3874 6356
238 372 364 425 2819

1694 408 1919 464 CAPUT
1955 410 2039 468 111.

3305 442 3440 497 2850
3464 444 3465 447 “

245 485 635 606 Ξῖάληθξίας
658 496 690 548 6
718 497 871 565 Θεὸς
891 504 1041 571 ὑμῶν
1081 507 1235 571 αὐτός
1261 511 1515 578 ἐστιϐεὸς
1540 516 1693 582 θεῶν,
1726 539 1783 575 κα

1916 525 2055 581 Deus
2093 538 2265 583 vester
2293 532 2405 600 ipse
2433 545 2514 589 est
2542 535 2681 592 Deus
2709 540 2929 595 deorum
2950 578 2966 605 ,
2995 553 3046 598 et
3081 545 3336 604 Dominus
3357 570 3432 606 re-

233 572 422 643 Κύριος
450 578 566 630 τῶν
610 582 929 657 βασιλέων,
960 596 1051 647 καὶ
1091 572 1508 655 ἀποκαλύπτων-
1528 572 1813 680 μυστηρια,

230 664 600 759 ὅτι·
630 674 1001 749 ἀποκαλύψαι
1034 685 1093 737 τὸ
1123 691 1413 759 μυστήριον
1433 664 1605 748 τοῦτο.

293 750 375 803 68.
399 754 915 852 Kalfpeydluvsv
935 773 963 823 6
984 750 1232 841 βασιλεὺς
1375 782 1587 852 Δανιὴλ,
1614 785 1706 838 καὶ
1730 786 1813 839 δό-

224 1121 321 1166 νος.
1689 1181 1692 1183 .

285 1197 367 1290 ιιι.
409 1200 526 1253 Καὶ
552 1204 777 1276 Δανιὴλ
813 1211 1054 1282 ᾐτήσατο
1082 1218 1230 1287 παρὰ
1273 1220 1363 1275 τοῦ
1401 1222 1676 1290 βασιλέως,
1712 1228 1806 1281 καὶ

223 1285 545 1379 κατέστησεν
581 1295 687 1346 ἐπὶ
748 1300 829 1351 τὰ
859 1301 996 1370 ἔργα
1031 1306 1128 1374 τῆς
1168 1285 1350 1379 χώρας
1383 1285 1689 1379 βαϐυλῶνος
1716 1318 1803 1370 τὸν

223 1373 708 1477 samariten,
784 1373 1130 1461 ’Δϐδεναγῶο
1162 1373 1267 1450 »ἐπί
1298 1402 1492 1471 Δανιὴλ
1534 1399 1602 1474 ἦν
1649 1373 1706 1459 ἐν
1733 1410 1799 1477 τῇ

221 1462 341 1531 αὐλῇ
368 1465 465 1517 τοῦ
495 1466 815 1536 βασιλέως.

830 1565 1081 1621 ΚΕΦΑΛ.
1124 1571 1163 1622 Γ
1163 1577 1197 1624 ’.

284 1643 329 1695 1.
360 1644 564 1710 Ἐτους
585 1648 1086 1711 ὀκτωκαιδεκάτου
1117 1661 1575 1738 Ναϐουχοδονόσορ
1594 1670 1621 1722 6
1648 1669 1798 1738 βασι·

218 1730 331 1794 λεϋς
366 1734 636 1807 ἐποίησεν
678 1742 888 1796 εἰκόνα
945 1748 1147 1818 χρυσῆν
1172 1766 1184 1777 ⁸
1234 1730 1363 1819 ὕψος
1410 1730 1577 1824 αὐτῆς
1608 1730 1794 1827 πηχῶν

214 1820 486 1888 ἑξήκοντα,
513 1826 619 1878 καὶ
648 1823 834 1898 εὖρος
881 1833 1047 1903 αὐτῆς
1102 1839 1287 1907 πηχῶν
1317 1840 1408 1903 EE-
1460 1820 1549 1895 καί
1575 1820 1797 1916 ἔστησεν
1828 1826 1871 1882 Β

219 1905 375 1979 αὐτὴν
402 1911 461 1962 ὲν
489 1913 673 1981 πεδίῳ
706 1920 940 1987 Δεειρᾷ,
963 1922 1019 1971 ὲν
1052 1905 1209 1993 χώρα
1237 1925 1565 1992 Βαϐυλῶνος.

274 1997 326 2050 2.
356 2000 467 2051 Καὶ
495 2001 1008 2076 Ναϐουχοδονόσορ
1037 2010 1066 2060 6
1088 2010 1334 2077 βασιλεὺς
1359 2014 1638 2068 ἀπέστειλε
1670 2034 1796 2070 συνι-

215 2090 429 2154 αγαγεῖν
454 2090 679 2153 πάντας
708 2096 854 2157 τοὺς
885 2096 1142 2163 ὑπάτους,
1172 2102 1266 2154 καὶ
1292 2102 1416 2165 τοὺς
1444 2111 1793 2176 στρατηγοὺς,

213 2176 299 2228 καὶ
319 2179 446 2240 τοὺς
485 2182 826 2251 τοπάρχας,
857 2186 1209 2256 ἡγουμένους,
1245 2193 1337 2243 καὶ
1365 2193 1674 2261 τυράννους,
1703 2198 1797 2249 καὶ

212 2265 327 2328 τοὺς
374 2268 461 2317 ἐπ’
514 2269 832 2337 ἐξουσιῶν,
877 2273 972 2326 καὶ
1015 2275 1221 2339 πάντας
1248 2281 1369 2341 τοὺς
1403 2282 1662 2351 ἄρχοντας
1688 2285 1795 2337 τῶν

214 2355 416 2422 χωρῶν,
442 2356 631 2409 ἐλθεῖν
661 2360 753 2421 εἰς
789 2360 862 2412 τά
883 2361 1133 2428 ὲγκαίνια
1151 2366 1245 2435 τῆς
1268 2368 1488 2434 εἰκόνος,
1509 2366 1576 2441 ἧς
1603 2372 1794 2442 ἔστησε

214 2443 693 2517 Ναϐουχοδονόσορ
727 2448 759 2500 6
811 2448 1077 2517 βασιλεύς.
1648 2522 1649 2525 η

276 2533 327 2584 3.
356 2534 469 2587 Καὶ
501 2536 880 2606 συνήχθησαν
902 2540 951 2591 οἱ
983 2541 1272 2611 τοπάρχαι,
1310 2543 1520 2610 ὕπατοι,
1564 2565 1793 2620 στρατη-

212 2624 310 2689 γοὶ,
341 2626 670 2695 ἡγούμενοι,
705 2629 974 2698 τύραννοι
1019 2634 1263 2700 μεγάλοι,
1318 2638 1364 2688 οἱ
1404 2638 1488 2690 ἐπ’
1515 2639 1788 2705 ἐξουσιῶν,

209 2714 296 2764 καὶ
324 2714 527 2777 πάντες
581 2718 633 2768 οἱ
670 2716 947 2785 ἄρχοντες
997 2720 1102 2772 τῶν
1139 2724 1346 2791 χωρῶν,
1377 2725 1467 2777 τοῦ
1516 2726 1683 2780 ἐλθεῖν
1713 2731 1792 2790 είς

212 2802 293 2853 τὸν
318 2804 689 2869 ἔγκαινισμὸν
718 2806 829 2875 τῆς
877 2809 1099 2874 εἰκόνος,
1134 2805 1200 2879 ἦς
1236 2812 1424 2881 ἔστησε
1469 2815 1792 2885 Ναϐουχοδοι

209 2888 357 2958 νόσορ
377 2891 406 2942 6
440 2890 716 2959 βασιλεύς
736 2909 751 2923 ο
791 2894 885 2945 καὶ
917 2896 1256 2964 είστήκεισαν
1278 2900 1498 2953 ἐνώπιον
1527 2904 1624 2972 τῆς
1651 2907 1790 2958 εἰκό-

213 2995 312 3042 νος,
342 2975 410 3048 ἧς
439 2979 686 3046 ἔστησεν
716 2984 751 3034 6
790 2983 1272 3056 Ναϐουχοδονόσορ.

272 3069 324 3121 4.
356 3070 468 3122 Καὶ
490 3073 522 3123 6
547 3070 742 3141 κῆρυξ
779 3072 908 3125 ἐϐόα
934 3076 991 3128 ἐν
1016 3076 1185 3144 ἰσχύϊ·
1204 3078 1360 3146 Ὑμῖν
1385 3062 1783 3154 λέγεται,ἔθνη,
1812 3133 1855 3189 c

272 3158 315 3189 Ἀ
369 3160 537 3189 .....1..\
598 3161 661 3189 ..Ἴ
677 3161 859 3189 ,τι--.η

209 3154 339 3221 λαοὶ,
369 3160 565 3225 φυλαὶ,
598 3161 883 3225 γλῶσσαι.

266 3245 319 3300 5.
350 3241 430 3318 ᾟ
464 3248 535 3302 ἂν
580 3248 716 3321 ῶρᾳ
747 3250 1021 3321 άκούσητε
1060 3256 1240 3325 φωνῆς
1269 3259 1578 3327 σάλπιγγος,
1606 3264 1789 3334 σύριγ-

210 3332 297 3398 γός
329 3352 389 3387 τε
422 3338 525 3389 καὶ
572 3338 849 3409 κιθάρας,
899 3342 1202 3411 σαμϐύκης,
1242 3348 1335 3399 καὶ
1357 3332 1788 3419 ψαλτηρίου,ήκαὶ

208 3423 543 3489 συμφωνίας,
592 3425 700 3477 καὶ
730 3427 938 3489 παντὸς
964 3429 1155 3495 γένους
1187 3436 1476 3501 μουσικῶν,
1504 3438 1787 3504 πίπτοντες

206 3513 559 3577 προσκυνεῖτε
617 3516 693 3583 τῇ
736 3515 907 3567 εικόνι
931 3519 998 3588 τῇ
1026 3522 1221 3589 χρυσῇ,
1244 3522 1309 3591 ἣν
1334 3522 1554 3594 ἔστησεν
1578 3528 1786 3582 Ναϐου-

205 3597 479 3669 χοδονόσορ
508 3601 538 3651 6
563 3599 859 3669 βασιλεύς.

267 3681 319 3736 6.
364 3687 481 3738 Καὶ
527 3688 595 3751 ὃς
650 3690 759 3741 ἐὰν
802 3689 878 3760 μὴ
911 3691 1091 3745 πεσὼν
1144 3701 1512 3772 προσκυνήσῃ,
1546 3705 1680 3776 αὑτῇ
1715 3710 1779 3777 τῇ

204 3770 314 3843 ὥρᾳ
340 3773 696 3847 βληθήσεται
718 3780 804 3843 είς
828 3783 926 3852 τὴν
956 3783 1181 3852 κάμινον
1206 3788 1298 3840 τοῦ
1322 3770 1487 3862 πυρὸς
1514 3795 1610 3865 τὴν

208 3863 387 3933 μένην.

269 3952 317 4007 7.
352 3956 463 4011 Καὶ
501 3957 744 4024 ἐγένετο
774 3958 861 4012 ὅτε
885 3960 1079 4030 ἤκουον
1114 3965 1163 4016 οἱ
1200 3967 1318 4019 λαοὶ
1342 3968 1440 4036 τῆς
1474 3974 1651 4043 φωνῆς
1681 3978 1779 4048 τῆς

202 4039 524 4112 σάλπιγγος,
560 4046 841 4116 σύριγγός
865 4066 925 4101 τε
950 4052 1046 4104 καὶ
1089 4053 1338 4124 κιθάρας,
1363 4039 1664 4133 σαμϐύκης,
1683 4039 1776 4120 καί

200 4127 519 4202 ψαλτηρίου,
555 4136 663 4188 καὶ
695 4139 1037 4205 συμφωνίας,
1061 4142 1156 4194 καὶ
1190 4146 1386 4209 παντὸς
1430 4127 1616 4216 γένους
1646 4171 1775 4223 μου-

203 4220 379 4284 σικῶν,
403 4223 725 4287 πίπτοντες
745 4227 795 4277 οἱ
823 4227 963 4292 λαοὶ,
988 4230 1185 4296 φυλαὶ,
1218 4235 1471 4304 γλῶσσαι,
1514 4220 1775 4311 προσεκύ-

200 4321 314 4359 νουν
332 4310 398 4378 τῇ
428 4314 611 4365 εἰκόνι
646 4316 721 4382 τῇ
752 4318 948 4385 χρυσῇ,
978 4318 1043 4386 ἢν
1066 4320 1287 4390 ἔστησεν
1314 4327 1772 4407 Ναϐουχοδονόσορ

199 4395 224 4443 ὁ
252 4397 530 4467 βασιλεὺς,
560 4401 863 4456 κατέναντι
888 4407 1093 4460 τούτου.

261 4489 313 4539 8.
342 4489 482 4541 Τότε
514 4492 839 4560 προσῆλθον
877 4494 1067 4565 ἄνδρες
1088 4500 1367 4566 Χαλδαῖοι,
1410 4507 1506 4560 καὶ
1530 4508 1769 4568 διέϐαλον

202 4571 315 4633 τοὺς
351 4575 677 4641 Ἰουδαίους.

263 4657 314 4711 9.
348 4664 465 4716 Καὶ
503 4667 918 4735 ἀποκριθέντες
960 4669 1108 4726 εἶπον
1152 4677 1229 4747 τῷ
1263 4680 1470 4749 βασιλεῖ
1503 4686 1769 4760 Ναϐουχο-

203 4740 434 4818 δονόσορ*
482 4750 746 4818 Romam"),
787 4758 871 4818 είς
895 4758 1019 4819 τοὺς
1043 4740 1392 4835 αἰῶναςξῆθι.

267 4831 350 4884 10.
366 4836 461 4899 Σὺ,
480 4837 739 4905 βασιλεῦ,
771 4842 983 4908 ἔθηκας
1001 4844 1189 4915 δόγμα,
1213 4831 1385 4908 πάντα
1401 4858 1696 4929 ἄνθρωπον,
1710 4866 1768 4926 ὃς

207 4915 497 5016 ἆνὰκούσῃ
535 4926 646 4994 τῆς
689 4929 886 4995 φωνῆς
917 4931 1012 4998 τῆς
1062 4936 1370 5007 σάλπιγγος,
1405 4915 1765 5016 σύριιγγόςῖτε

209 5007 290 5056 καὶ
315 5010 571 5080 κιθάρας,
612 5016 921 5083 σαμϐύκης
947 5034 1004 5068 τε
1044 5025 1135 5075 καὶ
1166 5007 1483 5101 ψαλτηρίου,
1510 5007 1602 5089 καὶ
1632 5007 1765 5112 συμ-

1325 5093 1355 5101 μ
1465 5093 1474 5098 ,
1701 5093 1736 5112 ,η

208 5093 412 5157 φωνίας,
457 5100 557 5149 καὶ
584 5101 803 5160 παντὸς
838 5101 1030 5166 γένους
1057 5116 1343 5185 μουσικῶν,
1375 5125 1633 5189 πεσεῖται,
1674 5134 1763 5184 καὶ

213 5184 552 5250 προσκυνήσει
576 5188 642 5253 τῇ
678 5186 867 5237 είκόνι
899 5190 963 5256 τῇ
994 5200 1178 5262 χρυσῇ.

266 5266 341 5317 11.
369 5264 478 5323 xei
514 5273 576 5334 ὃς
611 5275 711 5325 ἐὰν
759 5273 848 5341 μὴ
880 5278 1056 5373 πεσὼν
1096 5296 1459 5367 προσκυνήσῃ.
1491 5299 1761 5376 ἐμϐληθή-

216 5363 339 5403 σεται
364 5359 440 5417 είς
462 5360 560 5427 τὴν
581 5361 834 5427 κάμινον
866 5363 961 5413 τοῦ
989 5370 1161 5440 πυρὸςρ
1174 5376 1271 5445 τὴν
1307 5359 1618 5455 καιομένην.

266 5438 320 5455 ,Δ
373 5444 426 5455 κ·
463 5446 475 5455 .
597 5445 623 5455 "
727 5447 753 5455 ⁸³
806 5446 833 5455 ⁸
968 5451 997 5455 Δγ

264 5438 335 5545 {2,
366 5444 514 5497 Εἰσὶν
561 5445 656 5499 οὖν
713 5438 1237 5545 ξνδρεςζιουδαῖοιί
1273 5465 1367 5529 οὓς
1428 5438 1758 5545 κατέστησας

215 5520 366 5634 filia
399 5530 525 5634 ἔργα
552 5531 898 5634 τῆςέιεὲρας
936 5520 1257 5634 βαϐυλῶνος,
1294 5520 1751 5634 Σέδράέξθιᾶίιξξᾶἶ

216 5606 508 5684 ’Δόδεναγώο
543 5622 591 5678 οἱ
651 5618 886 5685 ἄνδρες
934 5625 1120 5685 ἐκεῖνοι
1163 5606 1262 5708 οοέ

1910 630 2058 684 gum,
2092 627 2144 671 et
2176 624 2416 677 revelans
2444 630 2729 694 mysteria;
2761 632 3012 698 quoniam
3042 636 3259 701 potuisti
3290 654 3438 694 reve-

1909 701 2019 756 lare
2043 708 2355 773 mysterium
2388 710 2507 763 hoc.

1975 790 2063 844 48.
2105 792 2169 845 Ει
2202 797 2558 863 magnilicavit
2612 816 2704 855 rex
2758 802 3050 869 Danielem,
3102 815 3156 863 et
3210 825 3432 864 munera

1784 1080 1809 1090 -
1903 1069 2113 1122 parum,
2137 1067 2191 1112 et
2220 1075 2377 1127 super
2407 1077 2614 1118 omnem
2637 1069 2965 1135 provinciam
2992 1073 3294 1142 Babylonis.

1970 1229 2057 1285 49.
2095 1229 2158 1285 Et
2195 1232 2379 1288 Daniel
2408 1237 2693 1304 postulavit
2723 1256 2753 1293 a
2780 1256 2923 1311 rege,
2954 1254 3005 1298 et
3034 1247 3310 1301 constituit
3340 1242 3431 1301 su-

1901 1332 1995 1385 per
2044 1334 2205 1388 opera
2260 1324 2546 1391 provinciae
2603 1328 2886 1399 Babylonis
2923 1332 3178 1401 Sedracb,
3206 1335 3427 1399 Misach,

1899 1406 2187 1479 Abdenago
2212 1429 2225 1464 :
2256 1422 2309 1466 et
2331 1412 2514 1469 Daniel
2547 1429 2660 1472 erat
2687 1420 2739 1472 in
2767 1422 2886 1475 aula
2911 1423 3069 1490 regis.

2483 1596 2705 1654 CAPUT
2760 1602 2844 1655 IIl.

1966 1676 2015 1731 1.
2048 1679 2203 1732 Anno
2229 1680 2436 1738 decimo
2467 1696 2656 1741 octavo
2683 1687 3174 1745 Nabuchodonosor
3218 1705 3305 1743 rex
3349 1691 3425 1744 fe-

1899 1768 1971 1820 eit
2003 1768 2286 1837 imaginem
2336 1787 2594 1827 auream:
2640 1776 2866 1830 altitudo
2913 1777 3082 1844 ipsius
3122 1779 3423 1833 cubitorum

1898 1858 2192 1926 sexaginta,
2216 1868 2269 1912 et
2296 1861 2516 1915 latitudo
2540 1864 2658 1931 ejus
2682 1865 2983 1918 cubitorum
3006 1880 3135 1932 sex;
3159 1876 3213 1920 et
3241 1869 3427 1922 statuit

1893 1958 2010 1998 eam
2044 1947 2096 1998 in
2126 1961 2316 2015 campo
2345 1948 2499 2004 Deira
2527 1952 2577 2004 in
2602 1954 2874 2019 provincia
2908 1953 3215 2023 Babylonis.

1962 2033 2015 2087 2.
2060 2034 2121 2089 Ει
2147 2035 2639 2094 Nabuchodonosor
2681 2056 2772 2095 rex
2810 2042 2954 2096 misit
2979 2044 3045 2095 ad
3094 2058 3425 2114 congregan-

1892 2124 1990 2178 dos
2010 2126 2196 2181 omnes
2226 2130 2496 2194 consules,
2537 2139 2591 2184 et
2620 2131 2803 2196 duces,
2847 2139 2900 2184 et
2947 2133 3253 2199 toparchas,
3286 2152 3420 2203 piae-

1893 2211 2082 2279 fectos,
2112 2223 2165 2268 et
2187 2224 2463 2285 tyrannos,
2512 2227 2566 2272 et
2596 2233 2709 2283 eos,
2766 2219 2859 2288 qui
2897 2232 3048 2276 erant
3100 2225 3153 2277 in
3193 2234 3425 2292 potesta-

1891 2301 2037 2356 tibus
2064 2305 2358 2369 constituti,
2411 2315 2465 2359 et
2496 2322 2683 2362 omnes
2731 2311 2996 2377 principes
3038 2315 3334 2381 regionum,
3368 2325 3425 2369 ut

1892 2390 2135 2443 venirent
2168 2393 2232 2444 ad
2266 2394 2651 2450 dedicationem
2679 2397 2951 2466 imaginis,
2986 2414 3143 2466 quam
3167 2411 3425 2458 statuerat

1892 2475 2382 2535 Nabuchodonosor
2415 2497 2527 2538 rex.

1958 2566 2012 2620 3.
2043 2567 2107 2620 Ει
2139 2571 2442 2639 congregati
2472 2581 2597 2627 sunt
2642 2579 2931 2644 toparehte,
2950 2582 3217 2643 consules,
3236 2581 3419 2645 duces,

1891 2654 2145 2721 praefecti,
2178 2660 2386 2726 tyranni
2411 2662 2607 2729 magni,
2640 2667 2730 2733 qui
2759 2677 2913 2720 erant
2941 2669 2995 2721 in
3019 2680 3277 2738 potestate
3292 2686 3423 2725 con-

1891 2743 2084 2806 Stituti,
2111 2752 2164 2797 et
2186 2762 2370 2801 omnes
2395 2751 2660 2819 principes
2688 2756 2989 2823 regionum,
3026 2760 3418 2815 utvenireutad

1890 2832 2279 2888 dedicationem
2314 2836 2595 2905 imaginis,
2629 2857 2788 2909 quam
2834 2853 3093 2901 statuerat
3136 2848 3421 2904 Nabucho-

1888 2921 2122 2975 donosor
2155 2939 2243 2976 rex
2284 2941 2296 2976 :
2331 2935 2383 2979 et
2427 2936 2690 2983 steterunt
2732 2932 2784 2985 in
2824 2946 3110 3004 conspectu
3150 2938 3418 3011 imaginis,

1888 3023 2046 3077 quam
2076 3021 2333 3067 statuerat
2358 3015 2874 3075 Nabuchodonosor.

1954 3097 2006 3149 4.
2028 3097 2091 3150 Ει
2123 3114 2294 3166 praeco
2321 3103 2584 3158 clamabat
2613 3108 2820 3164 valide:
2858 3109 3021 3168 Vobis
3044 3113 3261 3181 dicitur,
3290 3133 3418 3186 gen-

1888 3195 1985 3249 tes,
2015 3189 2214 3254 pepuli,
2240 3191 2409 3245 tribus
2433 3200 2486 3246 et
2511 3194 2722 3264 linguae.

1952 3276 2004 3327 5:
2045 3274 2391 3346 Quacumque
2413 3281 2545 3335 hora
2602 3285 2882 3342 audieritis
2937 3305 3120 3346 vocem
3170 3294 3334 3361 tubae,
3367 3308 3421 3352 et

1884 3364 2074 3418 ﬁstula:
2101 3375 2152 3418 et
2183 3367 2422 3431 citharae,
2452 3372 2755 3437 sambucae,
2806 3385 2859 3430 et
2894 3380 3155 3446 psalterii,
3190 3392 3245 3436 et
3275 3399 3417 3453 sym-

1881 3454 2113 3522 phoniae,
2147 3467 2199 3509 et
2240 3459 2417 3513 omnis
2468 3464 2679 3529 generis
2736 3468 3063 3521 musicorum
3095 3508 3108 3532 ,
3161 3474 3413 3527 cadentes

1880 3543 2100 3596 adorate
2131 3546 2415 3614 imaginem
2448 3564 2666 3605 auream
2688 3568 2847 3621 quam
2888 3558 3075 3612 statuit
3130 3556 3413 3622 Nabucbo.

1879 3629 2115 3684 donosor
2140 3648 2255 3686 rex.

1945 3717 1998 3772 6.
2039 3702 2376 3790 Qdicumque
2400 3738 2577 3781 autem
2606 3746 2709 3783 non
2741 3733 2936 3788 cadens
2966 3737 3288 3807 adoraverit,
3316 3759 3410 3800 ea-

1876 3805 1994 3859 dem
2025 3808 2155 3863 bora
2190 3812 2427 3866 mittetur
2451 3816 2500 3868 in
2524 3816 2789 3874 fornacem
2819 3822 2953 3890 ignis
2975 3827 3271 3885 ardentem.

1950 3984 1999 4038 7.
2040 3984 2105 4040 Et
2134 3985 2331 4042 factum
2361 3997 2463 4055 est,
2496 3994 2707 4062 quando
2760 3996 3052 4055 audiebant
3106 4006 3285 4075 populi
3310 4022 3410 4072 qvo-

1874 4087 1988 4126 cem
2013 4075 2171 4137 tubae,
2199 4086 2251 4130 et
2280 4078 2489 4143 ﬁstulae,
2520 4093 2571 4137 et
2597 4085 2832 4151 citharae,
2865 4091 3154 4157 sambucae,
3182 4103 3235 4148 et
3263 4098 3408 4164 psal-

1874 4163 2012 4228 terii,
2049 4171 2103 4217 et
2131 4168 2484 4236 symphoniae,
2508 4182 2561 4225 et
2596 4174 2772 4229 omnis
2799 4180 3009 4245 generis
3054 4185 3404 4251 musicorum,

1871 4250 2117 4307 cadentes
2138 4257 2339 4322 populi,
2367 4259 2559 4323 tribus,
2585 4262 2777 4332 lingua:
2797 4267 3092 4324 adorabant
3122 4250 3405 4342 imaginem

1869 4353 2083 4395 auream
2116 4361 2333 4427 nquam
2386 4358 2646 4406 statuerat
2688 4353 3185 4417 Nabuchodonosor
3226 4380 3318 4419 rex
3354 4368 3405 4422 in

1799 4433 1844 4487 D
1871 4442 2153 4496 conspectu
2191 4434 2378 4503 ipsius.

1937 4517 1989 4569 8.
2032 4518 2183 4575 Tunc
2204 4537 2543 4581 accesserunt
2598 4530 2695 4582 viri
2734 4533 2988 4604 Chaldaei,
3044 4552 3095 4595 et
3124 4556 3406 4600 accusave-

1870 4615 1999 4659 runt
2024 4606 2256 4663 Iudaeos.

1937 4694 1991 4750 9.
2033 4695 2095 4749 Et
2124 4702 2505 4767 respondentes
2531 4706 2781 4764 dixerunt
2810 4714 2921 4782 regi
2974 4716 3402 4774 Nabuchodono~

1868 4784 2143 4849 sorzllex,
2181 4789 2231 4840 in
2266 4793 2445 4846 secula
2470 4795 2607 4850 vive.

1936 4872 2021 4925 10.
2045 4871 2147 4934 Τυ,
2179 4891 2294 4939 rex,
2328 4881 2553 4946 posuisti
2586 4883 2876 4949 decretum,
2918 4899 2977 4942 ut
3003 4891 3177 4943 omnis
3215 4892 3400 4952 homo.

1865 4964 2187 5032 quicumque
2211 4967 2437 5021 audierit
2468 4974 2820 5036 vocemtubze,
2841 4985 2895 5028 et
2920 4978 3127 5035 ﬁstulae,
3142 4986 3194 5029 et
3225 4980 3404 5035 citha-

1866 5064 1955 5110 rae,
1987 5060 2040 5102 et
2067 5053 2356 5113 sambucas,
2382 5063 2436 5108 et
2464 5058 2723 5121 psalterii,
2753 5068 2807 5111 et
2837 5065 3187 5131 symphonia,
3208 5074 3265 5118 et
3290 5082 3406 5121 om—

1866 5138 1949 5190 nis
1975 5140 2182 5207 generis
2205 5142 2556 5208 musicorum,
2584 5144 2761 5209 cadat,
2813 5157 2868 5200 et
2890 5152 3078 5204 adoret
3111 5150 3404 5220 imaginem

1864 5237 2105 5277 auream.
3058 5288 3069 5293 -

1934 5315 2018 5365 lt.
2061 5314 2127 5367 Et
2156 5316 2478 5386 quicumque
2512 5334 2617 5373 non
2644 5320 2839 5374 cadens
2865 5325 3191 5387 adoraverit,
3220 5331 3411 5384 mitte-

1862 5409 1949 5452 tur
1980 5402 2031 5453 iu
2056 5402 2322 5458 fornacem
2351 5406 2488 5473 ignis
2513 5409 2805 5461 ardentem.

1930 5491 2017 5542 12.
2061 5490 2197 5545 Sunt
2218 5494 2378 5561 igitur
2399 5495 2496 5547 viri
2528 5494 2716 5561 Judaei,
2761 5513 2896 5565 quos
2934 5504 3276 5558 constituisti
3321 5526 3415 5562 suo

1860 5592 1952 5643 per
1982 5593 2141 5645 opera
2190 5583 2422 5649 regionis
2479 5582 2781 5652 Babylonis,
2848 5589 3107 5655 Sedrach,
3170 5591 3413 5658 Misacli.

1323 5644 1634 5716 ὑπήκουσαν
1676 5656 1753 5722 τῷ

1905 5644 2175 5732 bdenago:
2213 5644 2310 5723 viri
2340 5669 2414 5725 illi
2444 5684 2548 5725 non
2575 5644 2887 5733 obedierunt
2914 5682 3132 5737 decreto
3160 5691 3258 5740 tuo
3286 5702 3405 5751 rex,
