3874 6342
791 420 926 475 esst
1835 389 2083 445 DANIEL
2118 385 2344 440 JUXTA
2370 362 2911 437 'rn'EonortONEM

790 534 995 588 etiicos
1019 538 1139 585 tuos
1162 540 1265 580 non
1286 521 1487 580 colunt,
1513 523 1567 569 et
1593 509 1875 580 imaginem
1902 512 2316 568 auream,quam

1934 512 2316 568 uream,quam
2343 500 2389 557 Δ
2413 493 2637 564 δόγματι
2664 509 2777 559 σου,
2809 487 3046 562 βασιλεῦ,
3077 483 3176 539 καὶ
3195 482 3331 541 τοῖς
3357 476 3459 529 ego

2595 583 2606 588 -
2690 585 2713 588 —
2779 582 2791 588 -
2846 581 2858 588 -
2988 579 3014 588 -
3204 573 3239 588 ο
3306 562 3340 588 τ
3381 567 3459 588 κ-

2422 562 2619 649 agitat
2653 585 2719 653 τῇ
2748 581 2912 634 είκόνι
2953 579 3021 647 τῇ
3055 573 3244 645 χρυσῇ
3299 562 3343 642 ᾖ
3379 567 3460 618 Ea"

2423 686 2513 724 νου
2520 688 2589 725 σι.

864 789 952 840 15.
1009 782 1161 837 Tunc
1221 771 1713 830 Nabuchodonosor
1774 764 1830 817 in
1877 763 2056 831 furore
2132 763 2185 809 et
2246 752 2328 806 ira

1935 773 2056 831 fore}
2132 763 2185 809 οι
2246 752 2328 806 ira
2493 759 2580 813 13.
2618 757 2748 810 Τότε
2778 749 3258 823 Ναϐουχοδονόσορ
3290 746 3360 797 ὲν
3394 743 3459 794 θι.

799 833 1042 937 dixii,ut
1064 833 1390 922 adducerent
1447 858 1712 919 Sedrach,
1748 850 1992 912 Misacb,
2047 854 2100 900 et
2152 842 2329 897 Abde-

1907 850 1952 903 ιιι
1976 887 1992 912 .
2047 854 2100 900 et
2152 842 2329 937 ADdC‘
2426 848 2649 914 ἀγαγεῖν
2671 845 2760 898 τὸν
2784 843 3013 913 Σεδράχ,
3041 837 3280 906 Μισὰχ,
3318 833 3437 886 καὶ

802 977 940 1031 uago
971 978 986 1013 :
1015 968 1067 1013 et
1095 957 1192 1010 viri
1221 954 1296 1008 illi
1329 949 1540 1005 adducti
1560 953 1692 1001 sunt
1716 944 1771 996 in
1792 947 2075 1006 conspectu
2106 932 2265 999 regis.

1929 932 2265 1031 ΡθθιιξβῚῗΒίες
2429 936 2611 1007 ἀνδρες
2640 936 2832 986 ἐκεῖνοι
2859 930 3107 1001 ἥχθησαν
3131 924 3395 979 ἐνώπιον
3431 937 3459 971 τ

1089 1008 1363 1112 respondit
1399 1033 1909 1091 Nabuchodonosor,
1957 1033 2010 1078 et
2049 1021 2182 1075 dixit
2217 1017 2295 1071 eis
2312 1030 2343 1071 ι,

1957 1033 2010 1078 et
2049 1021 2182 1075 dixit
2217 1017 2295 1071 eis
2312 1030 2343 1071 ἓν
2497 1021 2584 1074 14.
2615 1021 2722 1073 Καὶ
2743 1016 3013 1087 ἀπεκρίθη
3050 1008 3459 1078 Ναϐουχοδονέ

802 1097 898 1195 Δη-
917 1097 1328 1193 rerevSedirach,
1359 1126 1587 1189 Misach,
1625 1129 1678 1176 et
1702 1119 1990 1184 Abdenago
2026 1113 2156 1164 deos
2184 1120 2332 1162 meos

1900 1130 1990 1184 ago
2026 1113 2156 1164 deos
2184 1120 2334 1162 meos
2430 1110 2540 1172 τοῖς
2558 1124 2572 1139 ⁸
2598 1108 2662 1161 El
2683 1106 2895 1175 ἀληθῶς
2922 1102 3153 1172 Σεδράχ,
3182 1097 3430 1164 Μισὰχ,

804 1246 910 1283 non
934 1225 1117 1279 colitis
1137 1260 1152 1286 ,
1182 1229 1234 1275 et
1260 1217 1543 1286 imaginem
1565 1223 1802 1272 auream,
1828 1218 1988 1275 quam
2015 1199 2200 1263 statui,
2229 1209 2334 1249 non

1903 1218 1988 1258 am
2015 1199 2200 1263 statui,
2229 1209 2337 1249 non
2435 1200 2574 1260 θεοῖς
2610 1214 2710 1267 μου
2742 1197 2802 1248 οὐ
2837 1191 3153 1263 λατρεύετε,
3187 1188 3303 1241 acati.
3352 1189 3430 1256 τῇ

805 1311 1075 1368 adoratis?

2438 1286 2658 1354 ἔστησα,
2686 1285 2748 1337 οὐ
2782 1282 3141 1353 προσκυνεῖτε
3161 1296 3175 1343 ;

878 1401 963 1453 15.
1003 1397 1155 1450 Nunc
1180 1407 1306 1462 ergo
1335 1391 1382 1444 si
1408 1387 1537 1443 estis
1563 1383 1755 1454 parati,
1794 1387 1854 1434 ut
1895 1378 1951 1432 in
2001 1379 2341 1443 quocumque

1904 1378 1951 1432 in
2001 1379 2341 1462 quocumque
2506 1373 2595 1425 15.
2624 1371 2737 1445 Νῦν
2761 1367 2852 1424 οὖν
2879 1372 2928 1422 εί
2962 1369 3111 1438 ἔχετε
3146 1365 3434 1435 ἑτοίμως,

811 1500 1048 1555 tempore
1083 1480 1361 1537 audieritis
1384 1489 1569 1531 vocem
1604 1473 1766 1536 tubae,
1814 1477 1867 1523 et
1904 1464 2093 1520 fistulae
2116 1501 2132 1526 ,
2183 1468 2231 1513 et
2264 1457 2341 1510 ci-

1929 1464 2093 1555 istuiae
2116 1501 2152 1555 ,ι
2183 1468 2231 1513 el
2264 1457 2342 1510 Ci-
2438 1464 2537 1532 τῆς
2562 1461 2741 1530 φωνῆς
2761 1460 2859 1528 τῆς
2884 1458 3211 1524 σάλπιγγος,
3241 1453 3459 1522 σύριγγ

811 1543 1014 1637 tbarae,
1053 1571 1353 1629 sambucze,
1392 1572 1445 1619 et
1472 1560 1705 1637 psalterii
1731 1598 1746 1623 ,
1781 1564 1833 1618 et
1874 1548 2204 1623 symphonia:
2228 1584 2243 1609 ,
2290 1551 2341 1597 et

1928 1548 2243 1637 'mphoni&_.
2290 1551 2344 1597 θῐ
2441 1549 2733 1619 σαμϐύκης
2779 1564 2839 1599 τε
2866 1547 2964 1599 καὶ
2991 1543 3310 1613 ψαλτηρίου
3343 1581 3361 1607 ,
3424 1559 3458 1595 κ

812 1661 990 1717 omnis
1019 1656 1226 1727 generis
1261 1631 1611 1713 musicorum,
1644 1646 1894 1700 cadentes
1940 1634 2173 1692 adoretis
2203 1633 2341 1685 ima-

1940 1634 2173 1727 adoretis
2203 1633 2341 1685 ima'
2442 1638 2638 1700 παντὸς
2680 1637 2872 1704 γένους
2913 1634 3217 1704 μουσικῶν,
3276 1631 3459 1683 πεσόν

816 1751 1015 1819 ginem,
1038 1758 1197 1813 quam
1249 1740 1349 1794 feci
1393 1753 1408 1790 :
1445 1734 1587 1806 quod
1622 1733 1669 1787 si
1703 1745 1809 1784 non
1848 1719 2220 1781 adoraveritis,
2253 1731 2341 1769 ea-

1928 1719 2220 1819 Dt'avet‘ilis‘»
2253 1731 2341 1769 ea‘
2374 1787 2415 1819 ι)
2442 1728 2631 1790 είκόνι,
2718 1725 2977 1793 ἐποίησα·
3020 1724 3114 1775 ἐὰν
3150 1722 3214 1774 δὲ
3257 1721 3344 1791 μὴ
3376 1737 3458 1789 πρ

816 1787 1197 1819 δ...υ...,.,..,....
1250 1787 1349 1794 η--
1397 1787 1405 1790 .
1451 1787 1544 1806 γ,

816 1840 937 1894 dem
964 1838 1096 1890 hora
1120 1829 1402 1886 mittemini
1449 1830 1504 1880 in
1556 1824 1829 1878 fornacem
1863 1814 2001 1883 ignis
2029 1809 2341 1863 ardentem:

1929 1814 2001 1866 nis
2029 1809 2303 1863 ardenwm
2374 1787 2417 1843 Β
2442 1820 2509 1887 τῇ
2530 1787 2647 1886 ὥρα
2665 1787 3084 1885 ’ἐμϐληθήσεσθε
3112 1812 3195 1874 είς
3220 1787 3343 1880 τίῆν⁷
3361 1787 3459 1876 ua,

816 1937 870 1982 ct
905 1927 1029 1996 quis
1049 1931 1132 1978 est
1152 1921 1313 1983 Deus,
1351 1916 1442 1986 qui
1474 1912 1663 1981 eripiet
1682 1921 1777 1961 vos
1812 1905 1878 1959 de
1906 1899 2153 1955 manibus
2172 1891 2346 1948 meis?

1929 1899 2153 1954 nauibus
2172 1891 2347 1948 ωθίεῗ
2445 1904 2773 1973 καιομένην
2820 1903 2916 1955 καὶ
2937 1901 3023 1963 τίς
3049 1902 3166 1952 ἐστι
3215 1898 3387 1962 Θεὸς,
3434 1899 3459 1950 a

2445 1993 2552 2048 τῶν
2578 1992 2774 2062 χειρῶν
2804 2007 2904 2061 μου
2920 2006 2935 2053 ;

889 2099 975 2154 16.
1020 2097 1083 2150 Ει
1118 2090 1510 2162 responderunt
1542 2082 1800 2143 Sedrach,
1832 2075 2050 2137 Misach,
2078 2081 2141 2162 et
2171 2068 2348 2124 Abde-

1911 2075 2050 2137 ΒἎΟῘΙ,
2078 2081 2141 2162 fl
2171 2068 2348 2124 Abde‘
2518 2079 2604 2134 16.
2636 2080 2748 2133 Καὶ
2770 2079 3146 2151 ἀπεκρίθησαν
3188 2075 3441 2146 Σεδρὰχ,

824 2199 979 2252 nago,
1009 2189 1061 2235 et
1090 2158 1342 2233 dixerunt
1367 2169 1861 2247 Nabuchodonosor
1887 2163 1996 2231 regi
2034 2180 2046 2214 :
2077 2158 2193 2212 Non
2214 2169 2351 2225 opus

1929 2163 2046 2252 δϐίξ
2074 2158 2351 2252 δθιιθριιε
2448 2168 2616 2235 ναγὼ,
2666 2168 2763 2221 καὶ
2798 2163 2951 2219 εἶπον
2994 2166 3072 2235 τῷ
3134 2164 3365 2233 βασιλεῖ
3429 2164 3459 2215 1‘

825 2249 1080 2327 habemus
1108 2282 1207 2323 nos
1232 2265 1300 2319 de
1328 2263 1490 2317 verbo
1514 2260 1615 2313 hoc
1640 2253 1962 2324 respondere
1991 2249 2111 2303 tibi.

1933 2266 1962 2306 θ
1991 2249 2111 2303 tibi.
2450 2257 2636 2327 χρείαν
2676 2256 2871 2326 ἔχομεν
2911 2256 3069 2325 ἡμεῖς
3101 2255 3240 2325 περὶ
3268 2252 3374 2305 τοῦ
3405 2255 3459 2323 p1

2453 2343 2705 2415 κριθῆναι
2735 2360 2837 2397 σοι.

894 2450 981 2503 17.
1021 2446 1115 2501 Est
1139 2443 1281 2499 enim
1332 2439 1473 2494 Deus
1508 2444 1691 2492 noster
1744 2432 1801 2488 in
1848 2429 2014 2490 coelo,
2066 2438 2225 2494 quem
2256 2435 2357 2475 nos

1929 2429 2014 2490 :lo,
2066 2438 2225 2494 quem
2256 2435 2357 2475 1108
2524 2432 2613 2486 17.
2648 2432 2803 2483 Ἐστι
2830 2430 2940 2501 γὰρ
2979 2432 3008 2483 ὁ
3034 2430 3170 2492 Θεὸς
3225 2429 3401 2499 ήμῶν
3437 2428 3459 2479 ὲ

825 2540 1074 2599 colimus,
1118 2543 1315 2603 potens
1370 2528 1575 2596 eripere
1606 2539 1705 2578 nos
1750 2521 1817 2575 de
1851 2519 2069 2574 fornace
2100 2513 2237 2582 ignis
2268 2526 2355 2564 ar-

1929 2530 2069 2570 'Ilace
2100 2513 2237 2582 ignis
2268 2526 2357 2564 ω’-
2455 2519 2806 2590 λατρεύομεν,
2828 2518 3050 2580 δυνατὸς
3076 2517 3376 2581 ἐξελέσθαι
3403 2519 3459 2586 in

827 2632 1005 2687 dente.
1033 2634 1087 2679 et
1111 2625 1177 2677 de
1214 2620 1465 2675 manibus
1488 2616 1620 2680 tuis,
1652 2626 1685 2666 o
1709 2625 1825 2672 rex,
1854 2604 2103 2661 liberabit
2133 2616 2252 2656 nos.

1929 2604 2103 2660 erabit
2133 2616 2252 2656 nos.
2457 2608 2551 2661 τοῦ
2580 2608 2749 2678 πυρὸς
2781 2609 2879 2676 τῆς
2909 2606 3239 2675 καιομένης,
3290 2606 3396 2658 καὶ
3438 2607 3459 2655 ἑ

792 618 1049 683 statuisti,
1072 630 1177 669 non
1202 611 1443 664 adorant.

2462 2697 2679 2767 βασιλεῦ
2691 2740 2705 2762 ,
2741 2696 2961 2765 ῥύσεται
2998 2696 3031 2763 ἡ
3039 2697 3171 2764 μᾶς.

900 2798 987 2854 18.
1028 2797 1091 2851 Et
1117 2795 1165 2850 si
1191 2808 1319 2858 non,
1345 2799 1530 2845 notum
1568 2787 1637 2841 sit
1665 2785 1782 2846 tibi,
1814 2798 1846 2836 o
1888 2796 2014 2844 rex,
2062 2777 2187 2846 quia
2237 2777 2364 2830 deos

1929 2796 2014 2844 εχ,
2062 2777 2187 2846 quia
2237 2777 2364 2830 deos
2532 2785 2617 2840 18.
2662 2786 2772 2837 Kal
2800 2784 2893 2837 ὲάν
2920 2783 3018 2853 μὴ,
3044 2783 3301 2851 γνωστὸν
3352 2782 3459 2835 ἔστι

833 2900 957 2943 tuos
994 2902 1101 2940 non
1133 2882 1381 2943 colimus,
1412 2887 1466 2932 et
1502 2874 1787 2943 imaginem
1814 2883 2053 2931 auream,
2081 2880 2239 2935 quam
2259 2874 2363 2918 sta-

1929 2883 2053 2931 :am,
2081 2880 2239 2935 quam
2259 2874 2367 2918 Βιθ-
2462 2875 2574 2934 τοῖς
2601 2873 2740 2934 θεοῖς
2768 2888 2861 2925 σου
2890 2873 2951 2924 οὐ
2983 2871 3354 2942 λατρεύομεν,
3394 2890 3459 2925 κα

835 2977 1004 3039 tuisti,
1036 2988 1145 3028 non
1170 2972 1474 3025 adoramus.

2466 2961 2555 3027 σῇν
2590 2959 2654 3028 ἢν
2684 2958 2938 3028 ἔστήσας,
2970 2959 3029 3010 οὐ
3071 2958 3459 3027 προσκυνοῦμι

904 3070 991 3123 19.
1030 3066 1183 3119 Tunc
1210 3057 1694 3125 Nabuchodonosor
1724 3050 1957 3119 repletus
1988 3053 2068 3099 est
2096 3044 2291 3105 furore,
2312 3048 2365 3096 et
2391 3070 2434 3131 ο

1933 3063 1957 3101 s
1988 3053 2068 3099 est
2096 3044 2291 3105 furore.
2312 3048 2365 3096 et
2391 3070 2437 3131 ο
2537 3049 2621 3102 19.
2657 3047 2789 3100 Τότε
2833 3047 3316 3117 Ναϐουχοδονόσορ
3367 3047 3459 3100 ἐπ]

834 3166 1081 3226 aspectus
1105 3151 1258 3206 faciei
1288 3149 1431 3202 illius
1468 3146 1781 3199 immutatus
1813 3148 1894 3192 est
1922 3150 2082 3204 super
2108 3132 2361 3193 Sedrach,

1928 3150 2082 3204 super
2101 3132 2361 3226 ﬁedraclt.
2464 3137 2584 3205 ὄψις
2612 3135 2703 3188 τοῦ
2728 3134 3016 3205 προσώπου
3044 3136 3222 3188 αὑτοῦ
3252 3135 3458 3205 ἠλλοιώ

836 3219 1057 3310 Misacb,
1084 3242 1400 3306 Abdenago,
1424 3244 1478 3288 et
1508 3233 1644 3287 dixit
1683 3247 1698 3285 :
1733 3226 2048 3283 Succendite
2094 3222 2366 3276 fornacem

1929 3226 2048 3279 Idite
2094 3222 2366 3276 fornacem
2466 3223 2588 3292 σάχ,
2616 3222 2940 3291 Ἀὅδεναγὼ,
2968 3223 3065 3274 καὶ
3092 3219 3259 3275 εἶπεν
3278 3239 3294 3254 ο
3327 3224 3459 3276 Ἐκκ

838 3333 1161 3406 septuplum,
1193 3329 1363 3383 donec
1392 3327 1444 3379 in
1478 3326 1637 3377 tinem
1678 3319 1884 3372 ardeat.

1968 3402 1979 3406 ,
2142 3398 2176 3406 η
2465 3310 2867 3406 έπῖξιπλασιως,
2900 3312 3006 3373 ἕως
3027 3313 3112 3373 είς
3141 3312 3304 3374 τέλος
3331 3313 3459 3364 sm

904 3398 1012 3476 20.-
1036 3420 1101 3473 Et
1128 3418 1259 3471 viris
1287 3412 1524 3469 robustis
1547 3408 1855 3463 fortitudine
1875 3402 2030 3466 dixit,
2059 3407 2118 3454 ut
2142 3398 2367 3467 ligantes

1933 3402 2030 3466 xit,
2059 3407 2118 3454 ut
2142 3398 2367 3467 ligentes
2533 3400 2624 3454 20.
2660 3402 2770 3453 Καὶ
2799 3401 2997 3471 ἄνδρας
3021 3402 3291 3473 ἰσχυροὺς
3310 3406 3379 3473 τῇ
3413 3404 3459 3453 la

840 3510 1094 3574 Sedracb,
1125 3504 1347 3566 Misach,
1381 3511 1434 3556 et
1462 3499 1768 3565 Abdenago,
1811 3492 2083 3547 mitterent
2106 3490 2158 3544 in
2185 3488 2369 3546 forna-y

1929 3498 2083 3546 erent
2106 3490 2158 3544 in
2185 3488 2369 3546 fornae
2466 3505 2563 3550 τας
2594 3488 2684 3541 τὸν
2710 3488 2931 3558 Σεδρὰχ,
2959 3490 3178 3560 Μισάχ,
3209 3492 3311 3544 καὶ
3348 3491 3459 3543 Ἀὀέ

839 3617 953 3657 cem
983 3599 1121 3669 ignis
1158 3596 1456 3649 ardentem.

2066 3668 2071 3669 γ
2161 3666 2172 3669 Α
2302 3663 2313 3669 Α
2586 3575 2818 3669 νκάμινον
2846 3575 2939 3628 τοῦ
2973 3577 3157 3646 πυρὸς
3189 3578 3291 3647 τὴν
3324 3596 3459 3645 καιο,

907 3685 995 3737 21.
1036 3682 1188 3735 Tunc
1213 3679 1289 3733 illi
1314 3677 1416 3730 viri
1449 3676 1611 3730 vincti
1636 3681 1904 3729 suntcum
1936 3666 2206 3725 sarabaris
2235 3663 2367 3724 suis.

1936 3666 2206 3725 sarabaris
2235 3663 2367 3724 suis.
2536 3668 2624 3719 21.
2655 3667 2790 3719 Τότε
2829 3669 2878 3719 oi
2911 3667 3109 3737 ἀνδρες
3173 3672 3375 3723 ἐκεῖνοι
3428 3672 3452 3721 ὲ

839 3783 892 3828 ct
916 3773 1088 3836 tiaris,
1126 3778 1179 3824 et
1206 3767 1497 3831 tibialibus,
1527 3774 1581 3819 et
1603 3761 1933 3818 vestimentis
1959 3758 2110 3838 suis,
2141 3765 2193 3811 et
2219 3753 2369 3808 missi

1929 3792 1933 3811 ι
1959 3758 2110 3838 θυῖε,
2141 3765 2193 3811 et
2219 3753 2371 3808 missi
2472 3756 2795 3825 σαραόἀροις
2834 3755 3015 3808 αὐτῶν
3038 3795 3055 3820 ,
3124 3761 3225 3812 καὶ
3253 3760 3459 3830 τιάραις

840 3861 1032 3916 suntin
1056 3857 1288 3912 medium
1309 3855 1543 3909 fornacis
1571 3852 1708 3923 ignis
1737 3850 1991 3905 ardentis.

1928 3850 1991 3903 is.
2471 3844 2566 3895 καὶ
2593 3844 2703 3903 τοῖς
2723 3841 3012 3910 ὲνδύμασιν
3050 3846 3270 3911 αὐτῶν,
3299 3849 3399 3899 καὶ
3428 3850 3454 3898 ὲ

2469 3932 2570 4002 τῆς
2603 3932 2829 4000 καμίνου
2849 3932 2942 3984 τοῦ
2968 3934 3155 4004 πυρὸς
3182 3936 3284 4005 τῆς
3304 3953 3460 4005 καιομ

908 4047 999 4100 22.
1037 4043 1169 4096 Nam
1197 4038 1420 4093 verbum
1448 4034 1590 4103 regis
1635 4030 1857 4100 urgebat
1894 4044 1909 4082 :
1946 4036 1999 4083 et
2036 4026 2225 4082 fornax
2250 4039 2373 4080 suc-

1946 4036 1999 4083 et
2036 4026 2225 4082 fornax
2250 4039 2373 4080 suc—
2538 4019 2628 4073 22.
2677 4021 2830 4072 Ἐπεὶ
2857 4020 2919 4072 τὸ
2947 4025 3105 4091 ῥῆμα
3163 4025 3260 4079 τοῦ
3308 4025 3459 4095 βασιλ

844 4150 1004 4190 censa
1031 4140 1150 4187 erat
1181 4129 1360 4183 nimis.
1386 4123 1453 4178 Et
1481 4123 1624 4177 viros
1669 4121 1811 4180 illos,
1863 4116 1957 4186 qui
1990 4123 2374 4171 accusaverant

1929 4116 1957 4169 ιί
1990 4123 2375 4171 accusaverant
2470 4108 2504 4177 ἡ
2534 4108 2758 4179 κάμινος
2804 4108 3073 4180 ἐξεκαύθη
3137 4115 3204 4167 ὲκ
3238 4129 3459 4185 περισσι

846 4222 1102 4283 Sedrach,
1128 4216 1351 4278 Misach,
1372 4223 1426 4269 et
1444 4210 1752 4277 Abdenago,
1776 4205 2040 4261 interfecit
2055 4218 2144 4259 eos
2158 4203 2372 4256 ﬂamma

1929 4205 2040 4259 fecit
2055 4218 2144 4259 eos
2158 4203 2372 4256 ﬂamma
2472 4197 2704 4259 ἐκείνους
2750 4198 2874 4260 τοὺς
2923 4200 3387 4267 aerumnam;
3436 4221 3459 4255 τ

845 4311 983 4383 ignis
1006 4311 1060 4365 in
1091 4306 1337 4364 circuitu.

2401 4362 2445 4383 ﬁ
2471 4286 2893 4383 xa‘tht‘Goevaytb
2924 4289 3257 4348 ἀπέκτεινεν
3280 4294 3459 4354 αὐτοὺς

2401 4362 2447 4420 Ῑ)
2474 4374 2746 4431 κύκλοθεν.

912 4487 1000 4541 25.
1039 4484 1104 4539 Et
1130 4483 1231 4537 viri
1257 4481 1333 4536 illi
1372 4488 1482 4533 tres
1534 4473 1769 4531 Sedrach
1792 4514 1807 4538 ,
1842 4470 2066 4535 Misacb,
2100 4477 2153 4524 et
2197 4466 2370 4521 Abde-

1929 4470 2066 4535 sacb,
2100 4477 2153 4524 et
2197 4466 2370 4521 Abde-
2538 4465 2630 4520 23.
2665 4466 2775 4517 Kal.
2803 4466 2851 4517 οί
2884 4465 3081 4536 ἄνδρες
3104 4472 3305 4525 ἐκεῖνοι
3329 4472 3380 4524 οι
3412 4489 3459 4540 τι

848 4590 987 4644 uago
1037 4573 1345 4627 ceciderunt
1394 4569 1451 4623 in
1501 4565 1678 4621 medio
1718 4562 1929 4616 camino
1975 4558 2113 4630 ignis
2154 4556 2376 4611 ardente

1975 4558 2113 4630 ignis
2154 4556 2376 4611 ardente
2471 4557 2566 4609 καὶ
2618 4554 2918 4644 ’Δὸδεναγὼ
2968 4557 3171 4613 ἔπεσον
3209 4563 3292 4623 εἰς
3335 4562 3459 4631 μέσε

844 4643 1190 4732 compedibus
1215 4659 1400 4714 vincti.

2208 4731 2213 4732 γ
2474 4643 2643 4715 πυρὸς
2673 4643 2772 4712 τῆς
2804 4645 3106 4715 καιομένης
3128 4650 3459 4719 πεπεδημένε

913 4731 1003 4804 ibi.
1046 4751 1107 4804 Et
1137 4745 1478 4800 ambulabant
1510 4740 1563 4793 in
1593 4736 1769 4792 medio
1797 4735 2023 4789 ﬂammae
2045 4775 2062 4799 ,
2096 4731 2378 4786 laudantes

1928 4749 2023 4789 ma:
2045 4775 2062 4799 ,
2096 4731 2378 4786 laudantes
2542 4734 2632 4786 24.
2664 4734 2773 4785 Ka‘t
2793 4736 3165 4803 περιεπάτουν
3194 4742 3253 4792 ὲν
3277 4738 3429 4809 μέσῳ
3457 4762 3458 4765 η

850 4843 1038 4905 Deum,
1071 4847 1125 4893 et
1149 4835 1524 4892 benedicentes
1557 4828 1863 4883 Dominum.

2475 4840 2563 4887 τες
2590 4822 2680 4876 τὸν
2703 4822 2853 4887 Θεὸν,
2874 4824 2969 4876 καὶ
2996 4827 3357 4895 εὐλογοῦντες
3387 4828 3459 4879 τὸς

913 4932 1004 4985 25.
1045 4930 1205 4983 Stans
1234 4936 1413 4982 autem
1445 4937 1569 4979 cum
1620 4919 1725 4974 illis
1769 4916 2009 4978 Azarias,
2062 4911 2235 4967 oravit
2260 4910 2338 4967 sic
2360 4948 2373 4962 .

1929 4928 2009 4978 as,
2062 4911 2235 4967 oravit
2260 4910 2338 4967 sic
2360 4948 2373 4962 .
2544 4914 2633 4967 25.
2682 4914 2792 4966 Kal.
2824 4914 3023 4978 συστὰς
3071 4919 3257 4979 αὐτοῖς
3294 4916 3459 4984 Ἀζαρ

850 5029 903 5072 et
931 5019 1173 5086 aperiens
1196 5031 1258 5071 os
1281 5029 1442 5070 suum
1469 5013 1523 5067 in
1546 5009 1724 5065 medio
1756 5005 1914 5077 ignis,
1954 5002 2088 5059 dixit
2121 5020 2136 5057 :

1954 5002 2088 5059 dixit
2121 5020 2136 5057 :
2475 5016 2610 5064 τως·
2644 5002 2738 5054 καὶ
2779 5002 2989 5067 ἀνοίξας
3025 5005 3093 5058 τὸ
3141 5004 3318 5073 στόμα
3357 5002 3454 5054 αὐτ

2480 5090 2590 5160 ρὸς,
2622 5086 2773 5142 εἶπεν
2804 5107 2819 5142 :

920 5191 1009 5244 26.
1047 5192 1358 5248 Benedictus
1390 5207 1469 5256 es,
1502 5187 1724 5245 Domine
1753 5184 1893 5238 Deus
1921 5190 2131 5252 patrum
2165 5188 2381 5233 nostro-

1922 5190 2131 5252 patrum
2165 5188 2381 5233 nostro-
2547 5176 2637 5229 26.
2660 5171 3042 5245 Εὑλογητὸςέἷ,
3065 5178 3263 5248 Κύριε,
3278 5178 3306 5228 ὁ
3322 5174 3452 5235 Θεὸς

856 5294 995 5343 rum,
1054 5291 1105 5333 et
1136 5281 1416 5349 laudabile,
1447 5289 1501 5336 et
1555 5277 1845 5349 gloriosum
1891 5284 2083 5326 nomen
2128 5276 2278 5322 tuum
2323 5266 2377 5320 in

1923 5284 2083 5326 omen
2128 5276 2278 5322 tuum
2323 5266 2377 5320 in
2478 5264 2573 5315 καὶ
2600 5262 2823 5327 αίνετὸν,
2852 5265 2946 5316 καὶ
2973 5264 3360 5335 δεδοξασμένον
3395 5262 3453 5313 τὸ

862 5364 1075 5417 saecula.

2478 5352 2691 5415 αἰῶνας.

926 5447 1011 5499 27.
1052 5447 1186 5511 Quia
1210 5449 1385 5517 justus
1408 5468 1467 5509 es
1488 5456 1540 5509 in
1565 5453 1835 5517 omnibus,
1861 5463 1981 5522 quae
2002 5445 2175 5502 fecisti
2201 5444 2375 5508 nobis,

1914 5463 1981 5504 ue
2002 5445 2175 5502 fecisti
2201 5444 2375 5508 nobis,
2546 5443 2634 5496 27.
2669 5443 2788 5496 "Ott
2831 5443 3034 5508 δίκαιος
3081 5442 3135 5497 εἴ
3164 5445 3254 5496 ἐπὶ
3280 5442 3444 5493 πᾶσιν

860 5540 915 5583 et
944 5534 1183 5630 universa
1216 5552 1378 5630 opera
1411 5552 1499 5596 tua
1555 5559 1703 5611 vera,
1737 5552 1791 5600 et
1816 5549 1975 5598 recte
2025 5538 2123 5593 viae
2150 5542 2255 5590 tua:
2276 5571 2291 5599 ν
2326 5539 2381 5588 ει

1910 5549 1975 5595 ta:
2025 5538 2123 5593 viae
2150 5542 2255 5590 tua:
2276 5571 2291 5599 ,
2326 5539 2381 5588 et
2478 5531 2571 5581 καὶ
2596 5530 2771 5584 πάντα
2789 5531 2859 5584 τὰ
2883 5530 3021 5602 ἔργα
3048 5547 3144 5583 σου
3167 5529 3398 5599 ἀληθινά
3421 5562 3435 5587 ,

862 5620 1043 5673 omnia
1072 5620 1265 5684 iudicia
1294 5637 1382 5683 tua
1409 5645 1554 5684 vera.

2481 5634 2594 5683 σου,
2612 5620 2705 5672 καὶ
2728 5621 2897 5673 πᾶσαι
2930 5623 2985 5674 at
3013 5621 3225 5691 κρίσεις
3262 5634 3355 5669 σου
3384 5614 3459 5666 ἀλτ
