3874 6334
313 326 457 381 3855
1769 350 1892 403 car

2033 351 2118 407 Ill.
3392 369 3529 423 2854

380 437 477 492 28.
514 434 633 488 Kal
664 434 932 541 κρίματα
974 443 1223 515 ἀληθείας
1255 447 1511 516 ἐποίησας
1544 453 1683 505 κατὰ
1708 467 1892 521 πάντα,

2072 460 2159 516 28.
2202 461 2268 517 Ει
2291 462 2493 533 judicia
2516 464 2758 520 veritatis
2778 463 2949 520 fecisti
2990 465 3143 535 juxta
3184 471 3384 534 omnia,
3416 488 3533 541 qua:

313 527 352 581 ἃ
379 525 679 595 ἐπήγαγες
709 524 872 595 ἡμῖν,
909 532 1012 583 καὶ
1033 533 1124 584 ἐπὶ
1148 532 1243 602 τὴν
1292 536 1444 588 πόλιν
1471 537 1566 607 τὴν
1611 541 1767 608 ἁγίαν
1809 543 1892 612 τὴν

2030 550 2256 605 ndnxisti
2282 524 2440 620 super
2460 568 2580 614 nos,
2614 563 2667 607 et
2698 568 2859 622 super
2884 524 3149 607 civitatem
3177 568 3416 610 sanctam
3430 524 3531 625 pa-

311 614 425 667 τῶν
465 614 735 683 πατέρων
766 615 932 684 ἡμῶν
991 618 1356 690 Ἰερουσαλήμ.
1399 623 1517 675 Ὀτι
1568 626 1625 677 ἐν
1682 628 1892 699 ἀληθείᾳ

2030 654 2140 692 rum
2171 648 2475 694 nostrorum
2526 638 2852 705 Jerusalem;
2898 643 3020 710 quia
3103 642 3159 696 in
3215 645 3434 700 veritate
3481 658 3534 700 et

311 704 410 756 καὶ
448 704 654 773 κρίσει
681 705 967 773 ἐπήγαγες
998 709 1169 761 πάντα
1192 710 1360 762 ταῦτα
1392 713 1475 781 ἐφ’
1509 714 1651 783 ἡμᾶς
1689 716 1776 769 διὰ
1808 724 1892 782 τὰς

2030 728 2201 781 udicio
2257 729 2514 785 induxisti
2571 731 2748 784 omnia
2803 731 2916 784 haec
2969 746 3132 800 super
3187 747 3286 787 nos
3315 744 3533 805 propter

305 793 623 884 ἁμαρτιας
663 792 843 862 ἡμῶν.

2030 825 2218 871 ’000313
2246 828 2448 872 nostra.

375 883 481 937 29.
519 884 659 936 Ὅτι
686 884 1035 954 ἡμάρτομεν,
1064 886 1155 939 καὶ
1182 888 1531 959 ήνομήσαμεν
1575 892 1892 959 ἀποστάντες

2072 903 2159 958 29.
2200 905 2546 961 Peccavimus
2571 906 2735 971 enim,
2761 916 2814 961 et
2836 906 3018 975 inique
3043 922 3250 980 egimus
3273 913 3529 968 receden-

304 973 420 1025 ἀπὸ
458 975 595 1038 σοὺ,
624 975 727 1026 καὶ
760 973 1141 1045 ὲξημάρτομεν
1164 976 1222 1028 ὲν
1251 979 1403 1032 πᾶσι.

2030 1006 2079 1047 es
2102 1007 2131 1044 a
2161 1001 2232 1056 te,
2265 1002 2318 1047 et
2343 995 2667 1064 deliquimus
2695 996 2747 1047 in
2778 995 3047 1049 omnibus.

375 1063 481 1117 50.
528 1064 652 1115 Καὶ
683 1062 796 1115 τῶν
845 1063 1075 1115 ἐντολῶν
1121 1080 1212 1116 σου
1260 1065 1359 1118 οὐκ
1388 1068 1734 1140 ρήκούσαμεν,
1783 1072 1892 1125 ούδέ

2066 1080 2154 1133 50.
2197 1079 2261 1134 Ει
2294 1062 2542 1136 mandata
2569 1092 2657 1136 tua
2680 1098 2784 1136 non
2813 1083 3135 1147 audivimus,
3166 1100 3335 1156 neque
3359 1099 3531 1143 custo-

306 1150 694 1219 ἑφυλὰξαμεν
734 1150 930 1215 αὐτὰς,
950 1151 1069 1203 οὐδὲ
1089 1153 1418 1225 ἐποιήσαμεν
1445 1156 1625 1220 καθὼς
1660 1159 1892 1213 ὲνετείλω

2037 1167 2230 1222 ivimus
2260 1185 2343 1233 ea,
2379 1186 2548 1239 neque
2587 1173 2836 1233 fecimus,
2864 1174 3003 1227 sicut
3051 1177 3396 1233 mandaveras
3433 1196 3530 1232 no-

305 1240 476 1308 ἡμῖν,
516 1240 614 1292 ἵνα
642 1235 705 1292 εὖ
736 1240 871 1307 ἡμῖν
891 1238 1135 1308 γένηται.

382 1329 484 1383 51.
518 1330 643 1381 Kal
665 1328 848 1381 πάντα
873 1329 973 1381 ὅσα
997 1329 1257 1399 ἐποίησας
1281 1333 1431 1403 ἡμῖν,
1450 1333 1509 1387 ὲν
1537 1334 1761 1407 ἀληθινῇ
1783 1338 1902 1407 κρί-

318 1433 403 1470 σει
434 1417 609 1485 ὲποίη
619 1433 743 1477 σας.

2030 1429 2191 1483 scisti.

385 1505 486 1559 3%.
532 1507 653 1557 Kal
683 1505 1011 1574 παρέδωκας
1041 1506 1185 1574 ἡμᾶς
1207 1509 1285 1570 είς
1328 1512 1514 1579 χεῖρας
1546 1511 1750 1581 ἐχθρῶν
1784 1513 1892 1566 ἀνό-

2063 1518 2149 1573 52.
2192 1519 2256 1572 Ει
2281 1520 2541 1574 tradidisti
2591 1536 2689 1576 nos
2716 1522 2767 1575 in
2799 1539 2989 1579 manus
3040 1525 3372 1580 inimicorum
3422 1530 3526 1582 ini-

325 1606 467 1659 μων,
504 1590 785 1658 ἐχθίστων
835 1592 1174 1655 ἀποστατῶν,
1211 1595 1303 1646 καὶ
1335 1596 1541 1661 βασιλεῖ
1570 1599 1759 1669 ἀδίκῳ,
1808 1602 1892 1654 καὶ

2035 1622 2243 1671 uorum,
2276 1609 2764 1665 inimicissimorum
2797 1622 3181 1680 apostatarum,
3216 1623 3268 1668 et
3306 1618 3414 1686 regi
3444 1617 3525 1669 in-

326 1680 698 1749 πονηροτάτῳ
732 1678 887 1749 παρά
918 1682 1095 1733 πᾶσαν
1122 1680 1220 1749 τὴν
1246 1683 1347 1752 γῆν
1373 1684 1683 1755 παρέδωκας
1728 1690 1889 1757 ἡμᾶς.

2030 1705 2157 1760 Jsto,
2185 1706 2236 1750 et
2261 1698 2494 1765 pessimo
2543 1714 2704 1769 super
2751 1715 2961 1755 omnem
3014 1711 3206 1757 terram
3262 1706 3523 1760 tradidisti

1994 1798 2112 1837 ηοε.

2060 1873 2147 1927 55.
2188 1871 2254 1927 Ει
2279 1889 2422 1927 nunc
2449 1890 2555 1927 non
2586 1884 2670 1930 est
2698 1878 2851 1935 nobis
2887 1880 3098 1948 aperire
3151 1896 3245 1936 os:
3277 1882 3522 1936 confusio

339 1945 564 2014 αἰσχύνη
624 1946 720 1996 καὶ
761 1943 963 2008 ὄνειδος
1008 1944 1221 2013 ἐγένετο
1255 1948 1363 2010 τοῖς
1389 1948 1608 2013 ,δούλοις
1644 1968 1758 2019 σου,
1802 1954 1892 2006 καὶ

339 2036 450 2084 τοῖς
479 2032 804 2084 σεδοιιένοις
827 2048 908 2084 σε.

2030 1967 2045 2014 ι
2080 1962 2421 2029 exprobratio
2461 1962 2599 2018 facta
2645 1975 2727 2020 est
2756 1943 2936 2023 servis.
2956 1969 3083 2036 tuis,
3131 1980 3184 2024 et
3225 1971 3522 2026 colentibus

337 2036 450 2096 τοῖς
479 2036 804 2101 σεδομένοις
827 2048 908 2087 σε.
1996 2057 2062 2107 ιε,

1997 1253 2099 1315 bis,
2124 1263 2180 1307 ut
2207 1255 2340 1309 bene
2367 1257 2519 1311 nobis
2547 1268 2706 1312 esset.

2068 1343 2155 1396 51.
2196 1346 2262 1398 Et
2300 1347 2501 1411 omnia,
2535 1362 2654 1415 quae
2677 1346 2850 1403 fecisti
2878 1351 3055 1415 nobis,
3086 1352 3139 1405 in
3171 1366 3298 1406 vero
3325 1352 3528 1421 judicio

399 1856 491 1911 55.
527 1856 646 1909 Kal
699 1853 798 1908 νῦν
828 1856 927 1908 οὐκ
978 1854 1124 1910 ἐστιν
1165 1858 1294 1927 ἡμῖν
1346 1859 1548 1926 ἀνοῖξαι
1592 1863 1652 1914 τὸ
1693 1865 1889 1934 στόμα⁹

409 2124 496 2177 54.
523 2122 616 2191 Μὴ
648 2122 707 2174 δὲ
745 2119 1005 2191 παραδῷς
1032 2121 1179 2191 ἡμᾶς
1219 2122 1297 2186 εἰς
1339 2123 1489 2188 τέλος
1518 2124 1604 2178 διὰ
1641 2124 1702 2180 τὸ
1729 2126 1895 2199 ὄνομα

338 2227 458 2270 σου,
484 2212 575 2263 καὶ⁷
610 2209 686 2280 μὴ
715 2209 1074 2280 διασκεδάσῃς
1102 2209 1197 2281 τὴν
1222 2211 1479 2282 διαθήκην
1508 2230 1617 2267 σου.

413 2301 499 2355 55.
525 2300 634 2351 Καὶ
674 2300 753 2367 μὴ
783 2299 1100 2368 ὰποστήσῃς
1134 2299 1195 2350 τὸ
1225 2299 1370 2361 ἔλεός
1395 2315 1484 2351 σου
1513 2300 1605 2367 ἀφ’
1636 2301 1791 2370 ήμῶν
1810 2302 1894 2354 διὰ

353 2387 601 2459 Ἀϐραὰμ
648 2388 741 2439 τὸν
792 2388 1147 2455 ἠγαπημένον
1198 2387 1298 2439 ὑπό
1331 2404 1441 2448 σου,
1472 2390 1564 2440 καὶ
1591 2388 1677 2440 διὰ
1716 2389 1894 2443 Ἰσαὰκ

334 2479 437 2529 τὸν
464 2478 644 2528 δοῦλόν
677 2493 797 2540 σου,
824 2476 921 2527 καὶ
965 2475 1176 2544 Ἰσραὴλ
1195 2475 1285 2526 τὸν
1316 2474 1465 2541 ἅγιόν
1491 2491 1601 2527 σου.

415 2565 498 2619 36.
526 2561 618 2626 Οἷς
638 2565 912 2632 έλάλησας
932 2563 1112 2624 αὐτοῖς
1142 2563 1310 2628 λέγων
1333 2577 1347 2591 '
1373 2563 1625 2631 Πληθυνῶ
1651 2563 1709 2615 τὸ
1736 2563 1897 2634 σπέρ-

340 2670 427 2722 μα
452 2654 621 2724 ὑμῶν,
679 2652 817 2704 ὡσεὶ
869 2649 937 2705 τὰ
966 2651 1140 2719 ἄστρα
1188 2650 1278 2701 τοῦ
1309 2650 1550 2719 ούρανοῦ,
1579 2651 1671 2703 καὶ
1698 2650 1771 2714 ὡς
1798 2651 1895 2723 τὴν

336 2748 525 2817 ἄμμον
546 2748 646 2815 τὴν
672 2744 828 2815 παρὰ
850 2744 913 2796 τὸ
938 2744 1109 2814 χεῖλος
1132 2743 1229 2811 τῆς
1262 2742 1549 2812 θαλάσσης.

415 2835 499 2888 5⁸1.
531 2835 673 2897 Ὅτι,
698 2833 965 2897 Δέσποτα,
996 2829 1429 2901 ὲσμικρύνθημεν
1456 2828 1600 2899 παρὰ
1630 2828 1801 2881 πάντα
1826 2828 1896 2880 τὰ

337 2921 491 2992 ἔθνη,
519 2923 611 2974 καὶ
638 2922 809 2991 ἐσμὲν
838 2920 1083 2972 ταπεινοὶ
1102 2919 1158 2971 ὲν
1191 2919 1335 2988 πάσῃ
1356 2919 1420 2987 τῇ
1454 2920 1522 2987 γῇ
1563 2918 1792 2985 σήμερον
1812 2915 1897 2967 διὰ

336 3008 442 3070 τὰς
464 3009 733 3079 ἁμαρτίας
758 3006 939 3077 ήμῶν.

420 3098 504 3151 58.
538 3097 772 3150 Καὶούκ
794 3095 941 3147 ἐστιν
970 3095 1028 3146 ὲν
1062 3092 1140 3162 τῷ
1170 3092 1341 3161 καιρῷ
1377 3089 1545 3161 τούτῳ
1579 3091 1775 3160 ἄρχων,
1803 3091 1896 3144 καὶ

348 3188 651 3255 προφήτης,
712 3185 813 3238 καὶ
858 3183 1176 3253 ἡγούμενος,
1223 3180 1340 3232 οὐδὲ
1377 3180 1750 3242 ὁλοκαύτωσις,
1780 3180 1897 3232 οὐδὲ

344 3273 523 3337 θυσία,
578 3272 701 3325 οὐδὲ
763 3270 1069 3341 προσφορὰ,
1127 3269 1243 3320 οὐδὲ
1301 3268 1560 3336 θυμίαμα,
1599 3268 1760 3332 τόπος
1806 3268 1896 3320 τοῦ

348 3362 634 3434 ωρπῶσαι
662 3360 908 3416 ἐναντίον
933 3376 1048 3424 σου,
1082 3358 1176 3412 καὶ
1222 3358 1399 3427 εὑρεῖν
1426 3355 1588 3410 ἔλεον.

417 3560 689 3616 ωνἋλλν
729 3558 791 3610 ὲν
834 3555 981 3626 ψυχῇ
1029 3552 1475 3625 συντετριμμένῃ,
1516 3552 1609 3604 καὶ
1632 3552 1896 3623 πνεύματι

347 3650 719 3713 ταπεινώσεως
748 3644 1227 3717 προσδεχθείημεν.

419 3742 503 3795 LO.
546 3742 631 3802 Ὠς
663 3741 721 3791 ὲν
750 3733 1110 3789 δλοκαυτώσει
1134 3732 1321 3802 κριῶν,
1348 3733 1439 3783 καὶ
1464 3731 1693 3802 ταύρων,
1714 3736 1805 3787 xal
1823 3733 1897 3797 ὡς

350 3830 412 3882 ὲν
438 3831 688 3899 μυριάσιν
729 3824 915 3896 ἀρνῶν
951 3824 1169 3885 πιόνων,
1218 3820 1358 3874 οὕτω
1397 3822 1630 3889 γενέσθω
1677 3826 1710 3893 ή
1743 3824 1898 3877 θυσία

352 3920 500 3988 ἡμῶν
527 3924 770 3989 σήμερον
809 3912 1039 3968 ἐνώπιόν
1070 3928 1183 3973 σου,
1206 3912 1299 3963 καὶ
1336 3910 1427 3962 τοῦ
1475 3912 1745 3965 ἐκτελέσαι
1781 3912 1899 3963 6m-

354 4005 472 4058 σθέν
497 4020 589 4056 σου
608 4019 623 4032 ’
656 4003 741 4056 ὅτι
768 4000 871 4053 οὐκ
900 3998 1046 4052 εστιν
1074 3997 1302 4066 αἰσχύνη
1341 3998 1450 4058 τοῖς
1482 3998 1787 4049 πεποιθόσιν
1808 3997 1898 4049 ἐπὶ

355 4096 447 4151 σοί.

415 4186 500 4239 41.
533 4184 646 4237 Kal
694 4178 794 4234 νῦν
843 4172 1299 4243 ὲξακολουθοῦμέν
1344 4190 1423 4225 σοι
1456 4174 1515 4226 ὲν
1558 4173 1650 4242 ὅλῃ
1685 4174 1895 4245 καρδίᾳ,

354 4276 440 4328 καὶ
463 4269 784 4342 φοϐούμεθα
823 4283 904 4331 σε,
937 4265 1037 4318 καὶ
1052 4263 1318 4335 ζητοῦμεν
1342 4262 1400 4313 τὸ
1431 4262 1713 4331 πρόσωπόν
1747 4279 1859 4314 σου.

2058 2140 2147 2195 54.
2190 2140 2292 2196 Sed
2329 2157 2397 2197 ne
2429 2143 2606 2199 tradas
2639 2160 2738 2199 nos
2776 2146 2830 2198 in
2883 2146 3040 2200 finem
3084 2157 3298 2216 propter
3326 2163 3519 2202 nomen

1992 2237 2162 2292 tuum,
2188 2238 2242 2282 et
2261 2244 2327 2283 ne
2351 2231 2576 2300 dissipes
2606 2242 2976 2287 testamentum
3000 2242 3173 2289 tuum.

2058 2316 2146 2369 55.
2188 2314 2253 2368 Ει
2277 2330 2341 2368 ne
2369 2326 2578 2371 avertas
2611 2320 3034 2374 misericordiam
3091 2331 3234 2374 tuam
3285 2337 3314 2374 a
3360 2323 3516 2376 nobis

1990 2414 2205 2473 propter
2240 2405 2508 2456 Abraham
2541 2406 2792 2460 dilectum
2834 2417 2980 2461 tuum
3003 2450 3020 2474 ,
3046 2420 3097 2463 et
3133 2419 3347 2479 propter
3371 2410 3518 2467 Isaac

1990 2505 2201 2545 servum
2237 2500 2408 2554 tuum,
2440 2499 2493 2543 et
2520 2492 2680 2547 Israel
2705 2504 2948 2548 sanctum
2980 2504 3146 2550 tuum.

2061 2575 2148 2627 56.
2190 2575 2394 2640 Quibus
2440 2578 2651 2634 loeutus
2687 2595 2745 2633 es
2775 2581 2851 2635 eis
2892 2582 3074 2637 dicens
3104 2601 3119 2638 :
3155 2582 3519 2653 Multiplicaho

1992 2679 2171 2719 semen
2200 2674 2431 2717 vestrum
2459 2667 2597 2720 sicut
2623 2668 2801 2724 stellas
2828 2670 2981 2736 caeli,
3018 2679 3073 2725 et
3115 2672 3254 2727 sicut
3280 2688 3517 2738 arenam,

1992 2769 2111 2824 qua:
2140 2764 2221 2809 est
2253 2756 2305 2808 in
2336 2756 2513 2810 littore
2536 2758 2719 2811 maris.

2062 2842 2151 2897 57.
2191 2842 2346 2911 Quia,
2383 2843 2629 2911 Domine,
2658 2847 2924 2903 imminuti
2948 2864 3135 2907 sumus
3173 2851 3313 2906 ultra
3336 2867 3537 2906 omnes.

1995 2943 2194 3002 gentes,
2223 2942 2277 2987 et
2298 2949 2485 2988 sumus
2516 2935 2745 2991 humiles
2791 2936 2847 2991 in
2888 2937 3136 2994 universa
3188 2949 3328 2994 terra
3364 2940 3523 2994 hodie

1920 3039 1961 3094 ρ
1993 3032 2206 3090 propter
2237 3033 2451 3091 peccata
2478 3034 2677 3078 nostra.

2061 3109 2149 3163 58.
2190 3109 2253 3163 Ει
2287 3125 2393 3163 non
2418 3119 2502 3165 est
2529 3111 2584 3163 in
2615 3120 2853 3180 tempore
2878 3113 2980 3167 hoc
3024 3114 3291 3185 princeps,
3323 3125 3375 3170 et
3400 3131 3525 3185 pro-

1994 3196 2172 3265 pheta,
2195 3207 2247 3251 et
2270 3198 2371 3251 dux
2398 3236 2414 3263 ,
2456 3213 2629 3266 neque
2676 3198 3071 3267 holocaustum,
3117 3219 3288 3273 neque
3316 3206 3524 3259 sacriﬁ—

1994 3286 2158 3349 cium,
2190 3302 2361 3356 neque
2381 3288 2601 3351 oblatio,
2624 3304 2797 3357 neque
2830 3292 3139 3361 thymiama,
3174 3310 3343 3364 neque
3371 3298 3523 3353 locus

1994 3375 2257 3445 primitias
2285 3374 2544 3429 afferendi
2583 3392 2762 3432 coram
2784 3388 2856 3445 te,
2886 3388 2939 3435 et
2974 3381 3275 3436 inveniendi
3308 3386 3522 3439 miseri-

1995 3462 2253 3516 cordiam.

2065 3551 2153 3607 59.
2195 3551 2300 3606 Sed
2340 3552 2394 3606 in
2419 3553 2599 3608 anima
2625 3553 2874 3620 contrita,
2906 3564 2959 3609 et
2990 3556 3181 3624 spiritu
3212 3559 3523 3615 humilitatis

1994 3638 2369 3707 suscipiamur.

2062 3727 2148 3781 40.
2190 3727 2341 3781 Sicut
2371 3727 2424 3780 in
2447 3726 2764 3783 holocausta
2794 3728 3042 3796 arietum,
3065 3740 3115 3784 et
3144 3739 3440 3799 taurorum,
3471 3746 3525 3790 et

1994 3816 2134 3870 sicut
2160 3817 2213 3871 in
2238 3818 2472 3871 millibus
2501 3833 2758 3887 agnorum
2797 3820 3100 3889 pinguium;
3141 3822 3220 3877 sic
3243 3822 3332 3877 fiat
3354 3826 3523 3878 sacri-

1995 3904 2173 3957 ficium
2199 3914 2437 3958 nostrum
2473 3905 2631 3960 hodie
2659 3906 2710 3959 in
2743 3917 3026 3976 conspectu
3051 3918 3142 3963 tuo
3165 3948 3181 3974 ,
3236 3921 3289 3964 et
3316 3921 3369 3965 ut
3400 3929 3523 3981 per-

1995 3992 2202 4046 ficiatur
2228 4001 2349 4061 post
2404 4004 2472 4057 te,
2526 3995 2779 4064 quoniam
2833 4014 2936 4049 non
2973 4008 3054 4051 est
3081 3999 3325 4055 confusio
3355 4004 3524 4057 confi-

1995 4083 2243 4147 dentibus
2274 4083 2327 4135 in
2356 4091 2424 4136 te.
2472 4078 2489 4093 ‘

2062 4172 2149 4225 41.
2190 4171 2255 4225 Ει
2280 4186 2422 4225 nunc
2452 4171 2725 4241 sequimur
2753 4183 2804 4227 te
2832 4175 2882 4227 in
2918 4185 3027 4229 toto
3074 4178 3262 4242 corde,
3297 4189 3348 4233 et
3373 4182 3527 4236 time-

1996 4275 2116 4314 mus
2140 4269 2210 4325 te,
2239 4269 2291 4313 et
2314 4261 2601 4328 quaerimus
2634 4260 2820 4315 faciem
2846 4274 3011 4318 tuam.

414 4365 499 4417 ιε.
538 4363 632 4431 Μὴ
690 4353 1058 4425 καταισχύνῃς
1105 4354 1250 4422 ἡμᾶς
1272 4389 1289 4415 ,
1328 4350 1459 4403 ἀλλὰ
1507 4352 1726 4420 ποίησον
1779 4351 1892 4419 μεθ’

2062 4349 2149 4403 42.
2183 4347 2261 4402 Ne
2293 4348 2589 4403 confundas
2632 4365 2748 4414 nos,
2778 4351 2870 4405 sed
2913 4352 2996 4406 fac
3047 4355 3319 4408 nobiscum
3371 4356 3543 4425 juxta

349 4454 495 4524 ἡμῶν
524 4448 673 4504 κατὰ
694 4446 795 4515 τὴν
826 4441 1125 4497 ἐπιείκειάν
1158 4456 1272 4504 σου,
1311 4440 1406 4493 καὶ
1438 4439 1574 4492 κατὰ
1610 4438 1668 4491 τὸ
1699 4438 1897 4508 πλῆθος

345 4541 430 4594 τοῦ
450 4539 635 4597 ἐλέους
667 4550 785 4587 σου.

400 4628 492 4682 45.
525 4623 643 4678 Καὶ
679 4614 866 4682 ἐξελοῦ
915 4614 1061 4683 ἡμᾶς
1093 4609 1232 4664 κατὰ
1263 4610 1331 4663 τὰ
1358 4607 1631 4679 θαυμάσιά
1663 4626 1774 4672 σου,
1805 4610 1897 4662 καὶ

324 4717 414 4780 δὸς
446 4711 615 4775 δόξαν
640 4709 720 4778 τῷ
746 4703 971 4774 ὀνόματί
1002 4718 1123 4765 σου,
1141 4698 1331 4770 Κύριε.

389 4804 489 4859 44.
545 4790 1111 4863 Καὶνὲντραπεέησαν
1153 4789 1349 4848 πάντες
1407 4787 1457 4839 οἱ
1510 4785 1897 4855 ἐνδεικνύμενοι

1992 4438 2453 4492 mansuetudinem
2489 4448 2667 4505 tuam,
2707 4450 2760 4493 et
2791 4444 3083 4497 secundum
3128 4447 3522 4501 multitudinem

1993 4525 2372 4579 misericordiae
2402 4534 2527 4580 tuae.

2059 4615 2148 4668 45.
2187 4613 2252 4667 Ει
2287 4628 2415 4669 erue
2445 4631 2543 4670 nos
2563 4616 2717 4685 juxta
2740 4618 3005 4674 mirabilia
3047 4630 3157 4686 tua,
3206 4632 3259 4677 et
3313 4624 3377 4675 da
3408 4624 3522 4689 gla-

1992 4704 2124 4759 riam
2157 4705 2360 4759 nomini
2388 4714 2498 4770 tuo,
2533 4706 2774 4762 Domine.

2060 4794 2149 4849 44.
2186 4794 2251 4849 Ει
2279 4794 2676 4850 confundantur
2712 4812 2921 4862 omnes,
2963 4800 3054 4867 qui
3086 4801 3373 4853 ostendunt
3403 4816 3529 4854 seru

1991 4881 2072 4936 vis
2101 4882 2207 4936 tuis
2234 4882 2394 4944 mala,
2425 4890 2477 4934 et
2504 4881 2896 4936 confundantur
2918 4884 2985 4936 ab
3010 4884 3158 4943 omni
3188 4885 3446 4951 potentia,
3469 4895 3525 4940 ct

1992 4972 2155 5025 robur
2179 4986 2362 5024 eorum
2396 4978 2727 5023 conteratur.

2058 5059 2146 5112 45.
2187 5059 2538 5126 Cognoseant,
2574 5057 2697 5123 quia
2723 5065 2774 5109 tu
2806 5072 2863 5111 es
2888 5056 3146 5112 Dominus
3190 5058 3328 5113 Deus
3352 5061 3521 5129 solus,

1991 5155 2042 5200 et
2066 5146 2328 5216 gloriosus
2355 5161 2514 5213 super
2548 5145 2855 5197 universum
2885 5148 3068 5199 orbem
3102 5155 3382 5201 terrarum.

2060 5235 2147 5288 46.
2187 5234 2251 5289 Ει
2280 5250 2382 5287 non
2415 5233 2714 5297 cessabant,
2745 5234 2835 5301 qui
2864 5234 3154 5301 injecerant
3178 5250 3269 5290 eos
3295 5239 3530 5293 ministri

313 4896 433 4953 τοῖς
466 4885 691 4944 δούλοις
725 4897 820 4932 σου
855 4875 1005 4930 κακὰ
1030 4913 1046 4939 ,
1096 4873 1190 4924 καὶ
1240 4870 1746 4939 καταισχυνθείησαν
1791 4870 1897 4922 ἀπὸ

308 4984 509 5049 πάσης
542 4968 889 5031 δυναστείας,
918 4964 1016 5016 καὶ
1041 4963 1076 5030 ἡ
1110 4960 1255 5049 ἰσχὺς
1280 4959 1455 5010 αὐτῶν
1502 4956 1825 5026 συντριϐείη.

379 5048 481 5127 45.
526 5063 855 5124 Γνὼτωσαν,
883 5057 972 5109 ὅτι
1007 5054 1074 5104 σὺ
1103 5048 1153 5103 εἷ
1175 5052 1372 5121 Κύριος
1399 5052 1426 5102 ὁ
1450 5049 1577 5113 Θεὸς
1601 5051 1776 5120 μόνος,
1805 5053 1897 5104 καὶ

298 5170 333 5223 ό
359 5155 596 5219 ἔνδοξος
618 5149 706 5216 ἐφ’
732 5148 861 5212 ὅλην
881 5142 986 5209 τὴν
1009 5137 1349 5223 οἰκουμένην,

373 5248 475 5301 46.
531 5237 649 5291 Καὶ
685 5234 746 5285 ού
795 5228 1047 5281 διέλιπον
1070 5222 1115 5272 al
1147 5222 1498 5289 ὲμῦἁλλοντες
1543 5221 1737 5283 αὐτοὺς
1791 5222 1893 5273 ὑπ-

296 5337 527 5413 ηρέται
546 5324 644 5378 τοῦ
686 5317 959 5390 βασιλέως
1006 5308 1249 5371 καίοντες
1278 5309 1370 5378 τὴν
1410 5311 1636 5378 κάμινον
1672 5311 1892 5377 νάφθαν,

298 5398 395 5484 arat
436 5416 702 5473 στίπυον,
734 5406 831 5459 καὶ
857 5401 1097 5484 πίσσαν,
1119 5398 1216 5484 καὶ
1241 5398 1564 5467 κληματίδα,

363 5511 467 5566 ﬂ.
502 5503 617 5556 Kal
648 5493 890 5562 διηχείτο
922 5487 957 5552 ἡ
1006 5481 1142 5549 φλὸξ
1180 5484 1360 5538 ἐπάνω
1385 5484 1485 5554 τῆς
1530 5485 1755 5557 καμίνου
1801 5488 1891 5540 ἐπὶ

300 5603 507 5673 πήχεις
529 5569 1137 5652 τεσσαρακονταεννέα.

1990 5326 2148 5390 regis,
2180 5324 2563 5378 succendentes
2594 5319 2864 5374 fornacem
2904 5325 3158 5390 naphlha,
3196 5334 3242 5378 et
3280 5335 3457 5393 stupa,
3484 5342 3530 5378 (ιι

1990 5412 2125 5480 pice,
2159 5419 2210 5464 et
2239 5412 2542 5465 sarmentis.

2058 5497 2145 5550 47.
2187 5497 2251 5549 Ει
2279 5495 2648 5550 effundebatur
2687 5493 2900 5550 ﬂamma
2950 5511 3110 5569 super
3150 5496 3426 5553 fornacem
3460 5500 3531 5553 ad

1990 5585 2197 5641 subitos
2232 5585 2582 5654 quadraginta
2607 5574 2837 5639 novem;
