3874 6360
190 381 296 435 9.857
1601 372 1754 430 CAP!

1896 373 1946 428 ζί.
3245 382 3384 437 2858

246 487 329 539 73.
351 482 593 553 Εὐλογεῖτε
614 455 951 554 ὰστξπσλν
986 473 1117 529 καὶ
1144 482 1375 551 νεφιλαι
1415 482 1508 536 τὸν
1543 484 1754 554 Κύριον,

1929 483 2018 536 75.
2060 482 2358 541 Benedicite
2386 484 2615 552 fulgura,
2660 492 2714 539 et
2744 483 2913 539 nubes
2968 483 3216 551 Domino,
3272 490 3385 544 lauo

205 575 410 639 ὑμνεῖτε,
442 574 529 624 χαλ.
551 542 905 641 ὑπερνιεξθυὶτεᾲ
930 556 1148 631 αὑτὸν
1178 571 1265 641 εἰς
1296 572 1421 634 τοὺς
1447 571 1666 633 αἰῶνας.

1897 579 2000 633 ate,
2034 580 2087 624 et
2110 573 2495 640 superexaltate
2529 586 2647 626 eum
2677 572 2731 624 in
2759 572 2972 625 saecula.

259 662 339 715 74.
359 628 619 730 Εὑλογήτω
636 628 750 722 ἰλιἹῆ
763 628 865 686 τδν
880 639 1002 730 ΑΚύ
1012 628 1181 721 ῥιον,
1215 628 1469 728 ὑμνείτιο,
1496 660 1587 712 καὶ
1603 628 1764 729 ὑπερ-

207 748 397 817 υψούτω
415 726 567 801 αὑτὸν
590 747 657 806 εἰς
685 730 799 790 τοὺς
838 726 1117 817 αἰῶνας.
1252 726 1265 728 v
1286 759 1291 765 '

263 837 345 890 75.
369 836 645 903 Εὑλογεῖτε
658 832 769 901 ὑρηο
790 816 889 870 καὶ
916 821 1143 890 βουνοὶ
1169 836 1264 890 τὸν
1288 837 1508 908 Κύριον,
1525 838 1759 908 ὑμνεῖτε,

207 925 291 977 ια).
314 923 650 992 ὑπερυψοῦτε
681 912 824 974 αὺτδν
856 911 944 976 εἷς
978 922 1135 985 τοὺς
1162 926 1387 990 αἰῶνας.

270 1013 361 1077 Ὶθ.
383 1011 676 1079 Εὑλογεῖτε
714 1006 880 1061 πάντα
937 1007 1021 1062 τὰ
1061 1013 1319 1084 φύομενα
1361 1019 1419 1069 ὲν
1466 1018 1532 1086 τῇ
1569 1017 1762 1087 mm

204 1100 418 1168 Κύριον,
469 1100 712 1170 ὑμνεῖτε,
761 1092 857 1150 καὶ
903 1093 1273 1171 ὑπερυψοῦτε
1317 1104 1478 1159 αὑτὸν
1523 1107 1601 1169 εἰς
1640 1107 1761 1169 τοὺς

200 1189 413 1251 αἰῶνας.
528 1196 567 1237 λ

260 1277 345 1329 7'1.
380 1277 684 1344 Εὑλογεῖτε
710 1275 766 1330 αἰ
791 1274 966 1343 πηγαϊ
993 1274 1093 1329 τὸν
1118 1278 1344 1349 Κύριον,
1373 1280 1620 1349 ὑμνεῖτε,
1666 1281 1781 1347 καὶ,
1848 1330 1853 1331 ,

200 1365 556 1435 ὑπερυψοῦτε
577 1365 738 1419 αὑτὸν
760 1366 836 1427 εἰς
862 1363 991 1426 τοὺς
1023 1367 1253 1428 αἰῶνας.

260 1457 345 1511 78.
376 1456 690 1524 Εὑλογεῖτε
722 1455 1005 1519 θάλασσαι,
1027 1456 1127 1508 καὶ
1163 1457 1394 1524 ποταμοὶ
1418 1456 1510 1509 τὸν
1536 1456 1755 1526 Κύριον,

194 1544 430 1612 ὑμνεῖτε,
459 1545 570 1597 καὶ
604 1542 943 1614 ὑπερυψοῦτε
976 1543 1140 1594 αὑτὸν
1176 1545 1255 1605 εἰς
1283 1544 1409 1605 τοὺς
1435 1544 1652 1607 αἰῶνας.

256 1634 341 1687 79.
376 1633 689 1699 Εὑλογεῖτε
740 1633 874 1701 κήτη
900 1668 916 1693 ,
966 1632 1062 1703 καί
1093 1632 1269 1685 πάντα
1293 1631 1360 1684 τὰ
1389 1633 1672 1701 κινούμενα
1700 1634 1757 1686 ὲν

191 1723 295 1783 τοῖς
328 1720 492 1773 ὕδασι
525 1719 623 1773 τὸν
658 1717 884 1793 Κύριον,
919 1718 1157 1788 ὑμνεῖτε,
1187 1721 1279 1772 καὶ
1309 1720 1640 1789 ὑπερυψοῦτε
1660 1722 1754 1773 αὑ·-

1896 1719 2009 1787 quis
2037 1720 2281 1786 Domino,
2303 1721 2533 1785 laudate,
2564 1729 2616 1773 et
2644 1720 3036 1787 superexaltate
3067 1734 3185 1773 eum
3213 1718 3266 1772 in
3287 1732 3385 1773 sae-

194 1812 276 1863 τὸν
298 1812 381 1871 εἰς
404 1811 545 1873 τοὺς
577 1788 827 1872 αἰῶνας.¹

1896 1809 1993 1861 ula.
2470 1798 2471 1801 “

254 1899 341 1953 80.
385 1898 689 1964 Εὑλογεῖτε
718 1899 895 1953 πάντα
936 1896 1005 1950 τὰ
1050 1895 1275 1948 πετεινὰ
1300 1896 1390 1948 τοῦ
1419 1896 1642 1966 ούρανοῦ
1667 1897 1754 1949 τὸν

1922 1898 2006 1951 80.
2051 1897 2350 1953 Bcnedicite
2403 1912 2590 1952 omnes
2648 1898 2893 1952 volucres
2957 1896 3080 1951 coeli
3138 1896 3381 1959 Domino,

199 1988 419 2057 Κύριον,
482 1986 714 2055 ὑμνεῖτε
739 2023 755 2050 ,
804 1988 900 2040 καὶ
932 1983 1283 2054 ὑπερυψοῦτες
1314 1983 1470 2061 αὐτὸν
1510 1985 1588 2047 εἰς
1634 1985 1754 2047 τοὺς

1896 1988 2086 2053 iudate,
2118 1996 2171 2041 et
2204 1988 2596 2055 superexaltate
2628 2002 2751 2041 eum
2783 1987 2838 2040 in
2870 1987 3090 2041 saecula.

192 2092 405 2137 αιωνας.

257 2166 343 2219 8i.
380 2165 681 2233 Εὑλογεῖτε
713 2164 895 2217 πάντα
933 2161 1003 2215 τὰ
1044 2161 1225 2231 θηρία,
1248 2162 1340 2214 καὶ
1370 2162 1449 2215 τὰτ
1467 2162 1630 2230 κτήνη
1667 2162 1755 2214 τὸν

195 2254 411 2324 Κύριον,
442 2255 697 2323 ὑμνεῖτε,
730 2254 826 2305 καὶ
848 2251 1185 2321 ὑπερυψοῦτε
1205 2251 1360 2303 αὑτὸν
1379 2252 1457 2313 εἰς
1482 2251 1607 2312 τοὺς
1629 2250 1757 2307 αἰῶ-

195 2360 303 2406 νας.
1336 2394 1339 2395 ,

258 2431 345 2484 8%.
377 2430 679 2497 Εὑλογεῖτε
728 2429 838 2481 υἰοί
890 2428 998 2479 τῶν
1046 2425 1341 2495 ἀνθρώπων
1390 2426 1481 2478 τὸν
1534 2426 1753 2497 Κύριον,

197 2519 427 2589 ὑμνεῖτε,
444 2521 545 2573 καὶ
577 2517 929 2589 ὑπερυψοῦτε
958 2517 1116 2570 αὑτὸν
1137 2518 1214 2577 εἰς
1238 2518 1362 2577 τοὺς
1397 2515 1615 2576 αἰῶνας.

260 2609 345 2661 85.
370 2608 669 2676 Εὑλογεῖτε
718 2608 829 2660 υἱοὶ
870 2605 1082 2675 Ἰσραὴλ
1114 2606 1203 2657 τὸν
1252 2604 1471 2675 Κύριον,
1520 2605 1752 2674 ὑμνεῖτε,

201 2699 285 2749 καὶ
315 2698 667 2767 ὑπερυψοῦτε
692 2697 856 2749 αὑτὸν
890 2697 968 2757 εἰς
987 2696 1114 2755 τοὺς
1140 2693 1355 2755 αἰῶνας.

261 2786 347 2839 84.
386 2784 688 2851 Εὑλογεῖτε
738 2784 908 2851 ἰερείς
959 2780 1049 2832 τὸν
1099 2779 1320 2848 Κύριον,
1377 2778 1613 2845 ὑμνεῖτε,
1662 2779 1755 2830 καὶ

202 2873 722 2943 ὑπερυψοῦτεαὺτὸν
753 2873 833 2932 εἰς
865 2869 991 2930 τοὺς
1019 2867 1239 2927 αἰῶνας.

264 2961 345 3015 85.
366 2962 661 3027 Εὑλογεῖτε
687 2958 864 3010 δοῦλοι
910 2956 1114 3025 Κυρίου
1147 2954 1235 3006 τὸν
1268 2953 1485 3023 Κύριον,
1517 2952 1752 3021 ὑμνεῖτε,

207 3049 289 3101 καὶ
309 3048 658 3120 ὑπερυψοῦτε
679 3045 967 3105 αὑτὸνείς,
986 3044 1110 3105 τοὺς
1134 3042 1351 3104 αἰῶνας.

268 3138 349 3192 86.
382 3139 677 3205 Εὑλογεῖτε
712 3134 1024 3207 πνεύματα,
1060 3132 1155 3184 καὶ
1205 3130 1374 3198 ψυχαὶ
1422 3130 1641 3183 δικαίων
1662 3130 1752 3183 τὸν

210 3230 414 3299 Κύριον,
445 3230 695 3299 ὑμνεῖτε,
718 3227 816 3281 καὶ
834 3220 1173 3294 ὑπερυψοῦτε
1196 3220 1355 3274 αὐτὸν
1377 3222 1455 3283 εἰς
1479 3223 1601 3285 τοὺς
1622 3222 1753 3275 αἰῶ-

213 3335 314 3382 νας.

272 3407 352 3460 87.
385 3406 679 3474 Εὑλογεῖτε
705 3404 867 3465 ὅσιοι,
915 3402 1009 3454 καὶ
1044 3400 1287 3452 ταπεινοὶ
1327 3401 1391 3467 τῇ
1433 3393 1625 3469 καρδίᾳ
1665 3401 1753 3452 τὸν

214 3496 413 3565 Κύριον,
443 3476 690 3565 ὑμνεῖτε,
717 3492 814 3544 καὶ
839 3486 1355 3559 ὑπερυψοῦτεαὺτὸν
1377 3488 1454 3547 εἰς
1478 3488 1599 3548 τοὺς
1626 3487 1755 3538 αἰῶ-

214 3601 315 3647 νας.

1931 659 2016 712 74.
2055 658 2339 727 Benedicat
2375 671 2517 714 terra
2572 660 2815 725 Domino,
2851 660 3048 727 laudet,
3089 670 3145 714 et
3200 650 3388 729 supcr-

1858 750 2054 803 exaltet
2086 765 2208 804 eum
2239 750 2293 802 in
2322 750 2540 804 saecula.

1929 838 2012 891 75.
2049 826 2349 894 Benedicite
2372 848 2607 903 montes,
2625 845 2676 891 et
2695 837 2855 891 colles
2879 837 3125 899 Domino,
3152 835 3381 901 laudate,

1857 934 1911 979 et
1935 928 2319 994 superexaltate
2355 942 2475 980 eum
2505 927 2556 978 in
2589 926 2799 980 saecula.

1928 1014 2012 1066 76.
2051 1014 2356 1075 Benedicite
2425 1014 2673 1067 universa
2726 1013 3079 1081 germinantia
3127 1013 3179 1065 in
3242 1020 3382 1066 terra

1858 1103 2105 1169 Domino,
2139 1104 2372 1169 laudate,
2397 1112 2451 1159 et
2477 1103 2864 1173 superexaltate
2883 1118 3003 1155 eum
3036 1103 3087 1155 in
3113 1103 3327 1157 sa3cula.

1929 1273 2013 1327 77.
2053 1274 2352 1330 Benedicite
2387 1274 2561 1329 fontes
2596 1274 2840 1340 Domino,
2870 1272 3101 1337 laudate,
3125 1282 3383 1342 etsuper-

1855 1363 2083 1416 exaltate
2113 1378 2234 1416 eum
2268 1364 2323 1416 in
2360 1365 2572 1417 saecula.
2742 1436 2745 1439 η

1926 1451 2010 1503 78.
2051 1451 2350 1506 Benedicite
2373 1453 2561 1516 maria,
2584 1461 2635 1506 et
2659 1452 2874 1506 ﬂumina
2888 1452 3131 1517 Domino,
3152 1452 3382 1515 laudate,

1853 1548 1906 1593 et
1935 1542 2322 1608 superexaltate
2350 1558 2471 1595 eum
2493 1542 2546 1594 in
2579 1542 2790 1596 saecula.

1926 1628 2010 1684 79.
2050 1629 2350 1685 Benedicite
2370 1638 2507 1693 cete,
2537 1640 2591 1685 et
2626 1632 2825 1696 omnia,
2854 1646 2972 1698 qua:
3021 1637 3299 1684 moventur
3329 1630 3382 1683 in

1920 2154 2007 2208 8'1.
2048 2153 2350 2209 Benedicite
2375 2169 2563 2209 omnes
2599 2154 2803 2218 bestiae,
2843 2162 2896 2207 et
2926 2151 3379 2220 pecoraDomino,

1854 2244 2082 2308 laudate,
2112 2252 2165 2297 et
2194 2244 2582 2311 superexaltate
2611 2258 2733 2296 eum
2757 2243 2809 2295 in
2841 2243 3052 2296 szecula.

1921 2437 2009 2491 82.
2047 2437 2347 2490 Benedicite
2373 2437 2464 2489 ﬁlii
2499 2436 2774 2491 hominum
2799 2436 3046 2497 Domino,
3080 2435 3385 2497 laudate,et

1853 2523 2244 2589 superexaltate
2269 2537 2387 2575 eum
2417 2522 2471 2573 in
2501 2522 2715 2576 sarcula.

1921 2612 2009 2664 85.
2049 2610 2352 2664 Benedicite
2402 2610 2494 2663 ﬁlii
2527 2610 2689 2664 Israel
2746 2609 2972 2663 Domino
3000 2647 3015 2673 ,
3057 2609 3288 2671 laudate,
3331 2618 3385 2662 et

1854 2700 2243 2768 superexaltate
2277 2714 2414 2753 eum
2436 2700 2487 2752 in
2519 2700 2732 2753 saacula.

1923 2790 2008 2842 8t.
2052 2789 2355 2843 Benedicite
2384 2789 2691 2843 sacerdotes
2746 2787 2974 2841 Domino
2999 2826 3013 2841 .
3062 2787 3298 2851 laudate,
3331 2798 3409 2842 et

1854 2876 2241 2942 superexaltate
2272 2890 2393 2928 eum
2424 2876 2477 2927 in
2512 2875 2726 2928 saecula.

1922 2964 2008 3017 85.
2050 2964 2350 3018 Benedicite
2387 2964 2525 3018 servi
2563 2964 2771 3017 Domini
2802 2963 3049 3029 Domino,
3086 2964 3313 3026 laudate,
3332 2976 3384 3017 et

1781 3069 1823 3125 α
1856 3054 2243 3121 superexaltate
2266 3068 2389 3107 eum
2424 3054 2477 3105 in
2506 3053 2720 3107 saecula.

1925 3142 2011 3197 86.
2051 3142 2352 3198 Benedicite
2378 3142 2617 3210 spiritus,
2659 3149 2711 3195 et
2748 3140 2940 3195 animae
2983 3140 3249 3208 justorum
3281 3141 3385 3197 Dur

1858 3229 2023 3294 mino,
2057 3228 2288 3293 laudate,
2315 3236 2367 3281 ct
2394 3227 2780 3295 superexaltate
2804 3242 2923 3281 eum
2954 3227 3008 3280 in
3033 3228 3245 3281 saecula.

1857 3479 2086 3542 laudate,
2118 3487 2170 3532 et
2198 3478 2587 3546 superexaltate
2615 3492 2737 3530 eum
2773 3478 2825 3529 in
2861 3480 3051 3531 saecula

1926 3396 2009 3449 87.
2050 3395 2349 3449 Benedicite
2386 3395 2579 3459 sancti,
2617 3402 2668 3447 et
2702 3396 2927 3449 humiles
2954 3397 3115 3450 corde
3134 3396 3385 3461 Domino,
3480 3451 3484 3456 ,

272 3674 351 3729 88.
386 3675 676 3743 Εὑλογεῖτε
716 3671 957 3732 Ἀνανία,
997 3667 1240 3738 ’Λζαρία,
1283 3665 1497 3735 Μισαὴλ
1531 3664 1620 3717 τὸν
1642 3664 1754 3717 Κύ-

217 3780 333 3832 ριον,
369 3766 591 3833 ὑμνεῖτε
614 3802 630 3827 ,
674 3760 773 3813 καὶ
813 3756 1151 3827 ὑπερυψοῦτε
1177 3756 1334 3808 αὑτὸν
1356 3756 1432 3816 εἰς
1459 3755 1582 3815 τοὺς
1619 3753 1753 3805 αἰῶ-

217 3870 316 3915 νας.
350 3854 470 3907 Ὀτι
492 3851 768 3923 ἐρρύσατο
794 3849 940 3918 ἡμᾶς
977 3846 1035 3909 ἐξ
1063 3846 1212 3915 ᾇδου,
1245 3845 1337 3897 καί¹
1363 3846 1425 3895 ὲκ
1453 3843 1628 3912 χειρὸς
1656 3841 1743 3895 θα-

216 3939 358 3993 νάτου
391 3940 594 3993 ἔσωσεν
622 3938 805 4008 ἡμᾶς’
855 3935 948 3986 καὶ
988 3933 1255 4004 ἐρρύσατο
1298 3933 1441 4000 ἡμᾶς
1494 3933 1559 3983 ὲκ
1591 3931 1751 3999 μέσου

217 4029 491 4098 καιομένης
530 4027 755 4096 φλογὸς,
808 4025 905 4078 καὶ
957 4025 1021 4078 ἐκ
1068 4023 1233 4093 μέσου
1276 4020 1441 4091 πυρὸς
1494 4021 1755 4093 ἐρρύσατο

278 4206 360 4261 89.
406 4202 851 4276 Ἐξομολογεῖσθε
905 4201 982 4271 τῷ
1010 4200 1198 4270 Κυρίῳ
1217 4240 1232 4269 ,
1276 4201 1355 4253 ὅτι
1382 4201 1642 4269 χρηστὸς,
1672 4201 1752 4255 ὅτι

219 4294 287 4355 εἰς
314 4297 401 4347 τὸν
431 4297 599 4348 αἰῶνα
628 4295 689 4346 τὸ
723 4293 870 4355 ἔλεος
898 4291 1081 4345 αὑτοῦ.

1926 3658 2013 3712 88.
2053 3658 2355 3712 Benedicite
2380 3658 2608 3723 Anania,
2636 3659 2844 3725 Azaria,
2899 3648 3080 3712 Μίεοεί
3138 3659 3381 3718 Domino.

1857 3747 2086 3811 laudate,
2115 3755 2168 3801 et
2193 3747 2578 3814 superexaltate
2604 3761 2725 3802 eum
2756 3750 2810 3800 in
2861 3749 3072 3801 saecula.
3093 3745 3226 3811 Quia
3246 3748 3385 3800 eruit

1859 3851 1954 3890 nos
1978 3840 2043 3890 de
2064 3835 2289 3900 inferno,
2321 3845 2373 3890 et
2395 3836 2464 3890 de
2490 3852 2663 3915 manu.
2684 3837 2872 3889 mortis
2901 3836 3074 3889 salvos
3116 3835 3239 3893 fecit
3266 3851 3382 3897 nos,

1856 3935 1909 3979 et
1940 3926 2185 3980 liberavit
2215 3940 2315 3979 nos
2346 3925 2412 3979 de
2434 3981 2440 3987 ,
2463 3926 2639 3980 medio
2678 3926 2910 3979 ardentis
2957 3927 3199 3992 ﬂammae,
3233 3935 3285 3980 et
3318 3927 3383 3980 de

1859 4016 2033 4071 medio
2059 4016 2198 4085 ignis
2225 4015 2364 4069 eruit
2394 4029 2513 4070 nos.

1924 4188 2010 4243 89.
2025 4182 2362 4242 Conﬁtemini
2395 4186 2638 4249 Domino,
2666 4186 2916 4254 quoniam
2936 4186 3381 4253 bonus,quoniam

1856 4282 1908 4334 in
1943 4290 2199 4334 aeternum
2238 4279 2608 4334 misericordia
2639 4278 2777 4345 ejus.

279 4378 361 4431 90.
389 4380 674 4449 Εὑλογεῖτε
709 4379 909 4441 πάντες
965 4378 1014 4430 οἰ
1070 4375 1344 4445 σεϐόμενοι
1389 4375 1478 4428 τὸν
1527 4376 1748 4445 Κύριον,

1926 4371 2013 4424 90.
2052 4368 2355 4424 Benedicite
2401 4384 2588 4423 omnes
2650 4366 2885 4420 colentes
2946 4364 3254 4431 Dominum,
3285 4364 3386 4421 Do-

220 4466 405 4537 Κύριον
426 4470 514 4523 τὸν
547 4469 683 4521 Θεὸν
702 4467 813 4520 τῶν
836 4466 993 4528 θεῶν,
1029 4466 1267 4533 ὑμνεῖτε,
1296 4465 1405 4520 καὶ,
1422 4463 1751 4532 ἐξομολογεῖ-

223 4556 324 4620 σθε,
348 4558 427 4611 ὅτι
455 4562 534 4621 εἰς
568 4559 778 4618 πάντας
802 4556 926 4616 τοὺς
951 4554 1151 4614 αἰῶνας
1174 4553 1233 4604 τὸ
1261 4552 1403 4612 ἔλεος
1436 4551 1615 4605 αὑτοῦ.

282 4647 364 4701 91.
406 4650 515 4702 Καὶ
541 4644 1009 4715 Ναϐουχοδονόσορ
1055 4628 1295 4711 ἤκουσεν
1332 4640 1633 4708 ὑμνούντων
1661 4641 1755 4691 αὑ-

222 4734 336 4800 τῶν,
370 4738 463 4792 καὶ
504 4735 807 4803 ἐθαύμασε,
861 4732 955 4784 καὶ
1011 4729 1266 4798 ἐξανέστη
1304 4726 1359 4777 ὲν
1389 4728 1621 4795 σπουδῇ,
1660 4728 1754 4779 καὶ

226 4818 332 4874 εἷπε
363 4829 470 4889 τοῖς
507 4823 829 4895 μεγιστᾶσιν
864 4817 1047 4875 αὑτοῦ⁸
1076 4817 1209 4885 Οὐχὶ
1233 4814 1426 4885 ἄνδρας
1446 4818 1591 4883 τρεῖς
1629 4815 1748 4868 ὲὸά-

226 4909 375 4979 λομεν
414 4916 490 4979 εἰς
526 4916 691 4983 μέσον
724 4912 817 4966 τοῦ
840 4908 1012 4982 πυρὸς
1045 4909 1475 4976 πεπεδημένους;
1511 4908 1605 4959 καὶ
1626 4908 1758 4959 ἀπο-

229 5002 487 5068 κριθέντες
505 5004 722 5071 λέγουσι
749 5000 827 5069 τῷ
851 4998 1058 5069 βασιλεῖ
1074 5012 1089 5027 ο
1134 4995 1388 5064 Ἀληθῶς,
1414 4993 1654 5063 βασιλεῦ.

294 5089 376 5144 92.
408 5094 515 5144 Kal.
559 5090 877 5160 ἀποκριθεὶς
920 5080 1072 5141 εἶπεν
1103 5085 1130 5134 ὁ
1177 5082 1420 5152 βασιλεύς
1442 5097 1457 5112 ο
1489 5076 1612 5135 Ὧδε
1650 5082 1757 5151 ἐγὼ

232 5178 328 5245 ὁρῶ
353 5181 544 5249 ἄνδρας
575 5181 847 5248 τέσσαρας
882 5172 1204 5242 λελυμένους
1249 5169 1672 5239 περιπατοῦντας
1700 5173 1756 5223 ὲν

236 5268 370 5335 μέσῳ
387 5269 477 5321 τοῦ
499 5270 687 5338 πυρὸς,
720 5258 1103 5329 καὶδιαιρθορὰ
1127 5259 1221 5309 οὐκ
1254 5256 1396 5310 ἔστιν
1434 5259 1632 5325 αὑτοῖς,
1662 5259 1756 5311 καὶ

233 5355 265 5421 ἡ
287 5356 459 5426 ὅρασις
478 5356 569 5410 τοῦ
590 5355 857 5423 τετάρτου
887 5348 1047 5416 ὁμοία
1077 5345 1173 5412 υἰῷ
1200 5343 1349 5397 Θεοῦ.

292 5445 376 5499 95.
396 5447 525 5500 Τότε
550 5440 823 5516 προσῆλθε
845 5432 1300 5501 Ναϐουχοδονόσορ
1322 5430 1461 5500 πρὸς
1476 5433 1573 5502 τὴν
1589 5433 1754 5503 θύραν

236 5528 318 5596 τῆς
340 5537 558 5603 καμίνου
601 5531 695 5587 τοῦ
746 5523 923 5593 πυρὸς
971 5519 1067 5586 τῆς
1111 5517 1414 5586 καιομένης,
1447 5522 1543 5572 καὶ
1571 5518 1750 5573 εἶπεν.

239 5616 432 5690 Σεδράχ,
459 5622 676 5690 Μισὰχ,
722 5609 1056 5673 Ἀὅδεναγῲ,
1096 5606 1141 5657 οἰ
1178 5604 1338 5657 δοῦλοι
1361 5606 1458 5661 τοῦ
1501 5608 1632 5662 Θεοῦ
1662 5609 1759 5664 τοῦ.

1854 4460 2000 4513 mino
2027 4458 2135 4512 Deo
2155 4460 2395 4517 deorum,
2425 4458 2653 4519 laudate,
2686 4466 2739 4509 et
2768 4456 3382 4523 conﬁtemini,qu0niam

1854 4550 1907 4603 in
1943 4550 2121 4602 omnia
2153 4548 2343 4601 εωοιιια
2376 4545 2741 4598 misericordia
2766 4545 2904 4611 ejus.

1921 4638 2009 4691 9|.
2048 4635 2112 4688 Et
2131 4635 2620 4688 Nabuchodonosor
2648 4634 2849 4686 audivit
2874 4632 3149 4688 laudantes
3176 4632 3387 4692 illos,et

1855 4724 2147 4793 obstupuit,
2176 4730 2227 4777 et
2256 4722 2491 4777 surrexit
2539 4734 2785 4790 propere,
2833 4727 2885 4774 et
2930 4708 3005 4773 ait
3038 4720 3384 4787 optimatibus

1856 4813 2211 4870 suis:Nonne
2251 4813 2535 4869 viros‘tres
2572 4811 2819 4867 misimus
2861 4810 2913 4863 in
2966 4812 3198 4863 medium
3246 4809 3385 4875 ignis

1855 4899 2225 4970 compeditos?
2256 4909 2309 4954 et
2363 4898 2745 4965 respondentes
2798 4896 2983 4949 dicunt
3037 4895 3146 4963 regi
3178 4912 3190 4945 :
3227 4895 3381 4957 Vere,

1855 5004 1946 5043 rex
1957 5027 1969 5040 .
2454 5042 2457 5047 _

1922 5077 2008 5131 9‘2.
2048 5075 2114 5130 Et
2144 5075 2473 5144 respondens
2507 5071 2642 5124 dixit
2669 5084 2798 5123 rex:
2860 5068 2955 5123 Hic
2992 5083 3091 5135 ego
3120 5069 3277 5121 video
3308 5070 3384 5121 vi-

1856 5180 1946 5220 ros
1980 5174 2208 5233 quatuor
2241 5165 2447 5218 solutos
2476 5159 2808 5211 ambulantes
2835 5157 2889 5208 in
2926 5158 3101 5210 medio
3139 5158 3298 5226 ignis,
3331 5169 3384 5213 et

1855 5254 2125 5321 corruptio
2152 5267 2258 5305 non
2284 5260 2364 5305 est
2411 5249 2463 5301 in
2491 5248 2591 5312 eis,
2642 5254 2694 5299 et
2735 5246 2938 5313 species
2984 5248 3162 5315 quarti
3193 5251 3383 5304 similis

1856 5342 1965 5394 ﬁlio
1997 5341 2112 5395 Dei.

1924 5432 2010 5485 95.
2052 5431 2202 5485 Tune
2245 5429 2474 5485 accessit
2528 5424 3021 5480 Nabuchodonosor
3066 5429 3131 5483 ad
3186 5430 3381 5483 ostium

1856 5520 2088 5574 fornacis
2118 5521 2252 5589 ignis
2276 5516 2531 5577 ardentis,
2553 5522 2604 5566 ct
2629 5513 2765 5565 dixit
2804 5530 2816 5564 :
2857 5515 3091 5569 Sedrach
3117 5557 3131 5581 ,
3162 5517 3382 5582 Misach,

1855 5611 2161 5679 Abdenago,
2188 5610 2325 5665 servi
2354 5605 2445 5659 Dei
2471 5603 2683 5670 excelsi,
2708 5603 3041 5671 egredimini,
3094 5616 3145 5662 et
3188 5610 3380 5685 venite.
