3874 6390
805 320 942 376 2359

1847 313 2095 367 DANIEL
2129 303 2348 364 JUXTA
2387 295 2922 356 THEODOTIONEM

806 433 869 485 Ιίὶι
895 448 1142 501 egressus
1171 442 1252 487 est
1281 430 1536 493 Sedrach,
1571 429 1792 493 Misach,
1820 426 2107 491 Abdenago
2135 423 2201 474 de
2230 436 2336 472 me-

1929 428 2107 491 lenago
2135 423 2201 474 de
2230 436 2338 472 me-
2367 433 2411 484 Α
2440 416 2678 483 ὑψίστου,
2715 410 2971 501 ἑξέλθετεᾌ,
2998 406 3101 460 καὶ
3158 404 3384 459 δεῦτε·
3426 419 3459 501 Ξ

806 524 894 576 dio
928 523 1083 591 ignis.

878 611 965 665 94.
1007 611 1069 662 Ει
1087 612 1472 676 congregantur
1501 615 1748 674 satrapae,
1783 615 1834 660 et
1851 605 2036 668 duces,
2069 609 2124 656 et
2159 613 2342 670 topar-

811 701 944 763 clue,
988 708 1040 751 et
1065 704 1304 764 potentes
1338 695 1497 763 regis,
1531 705 1585 749 et
1619 693 2118 761 contemplabantur
2174 690 2341 750 viros,

809 788 1063 855 quoniam
1092 784 1222 836 nihil
1253 785 1530 852 potestatis
1570 784 1847 837 habuisset
1878 781 2016 851 ignis
2040 781 2091 832 in
2123 791 2346 844 corpore

811 890 1018 935 eorum,
1048 881 1101 926 et
1135 873 1357 940 capillus
1388 873 1578 941 capitis
1601 887 1784 926 eorum
1813 886 1917 923 non
1934 877 2076 924 esset
2098 867 2343 929 adustus,

809 969 862 1012 et
893 959 1144 1013 sarabara
1175 973 1358 1011 eorum
1388 973 1493 1012 non
1525 959 1755 1014 fuissent
1785 957 2087 1019 immutata,
2123 964 2178 1008 et
2213 953 2348 1007 odor

813 1049 950 1114 ignis
974 1063 1078 1100 non
1101 1056 1243 1100 esset
1266 1048 1319 1100 in
1348 1047 1447 1102 eis.

879 1136 967 1189 95.
1008 1135 1073 1188 Et
1105 1135 1348 1188 adoravit
1373 1137 1426 1188 in
1462 1145 1747 1203 conspectu
1795 1150 1981 1188 eorum
2020 1149 2112 1186 rex
2162 1130 2345 1186 Domi-

812 1241 959 1289 num,
985 1235 1037 1278 et
1061 1225 1336 1293 respondit
1365 1225 1875 1289 Nabuchodonosor,
1893 1235 1946 1278 et
1973 1225 2109 1276 dixit
2141 1242 2153 1276 :
2182 1222 2347 1274 Dene-

811 1316 985 1368 dictus
1013 1314 1156 1368 Deus
1191 1315 1446 1376 Sedrach,
1481 1315 1704 1378 Misach,
1744 1315 2051 1381 Abdenago,
2084 1311 2175 1380 qui
2205 1309 2349 1363 misit

813 1404 1060 1470 angelum
1091 1418 1270 1466 suum,
1295 1413 1349 1456 et
1375 1404 1514 1458 eruit
1541 1418 1725 1458 servos
1760 1418 1906 1465 suos,
1936 1403 2060 1469 quia
2107 1400 2347 1454 credide-

814 1500 941 1542 runt
977 1493 1029 1544 in
1058 1507 1217 1556 eum;
1262 1500 1316 1546 et
1348 1492 1571 1546 verbum
1621 1492 1762 1560 regis
1824 1492 2260 1550 immutaverunt,
2296 1494 2350 1538 et

814 1577 1150 1631 tradiderunt
1173 1593 1394 1649 corpora
1425 1597 1521 1634 sua
1553 1581 1608 1633 in
1639 1582 1834 1648 ignem,
1863 1593 1931 1631 ne
1959 1577 2238 1638 servirent,
2257 1588 2348 1627 ne-

816 1681 920 1734 que
945 1667 1228 1720 adorarent
1250 1682 1465 1722 omnem
1493 1669 1674 1729 deum,
1709 1675 1898 1735 praeter
1924 1665 2093 1720 Deum
2130 1676 2310 1717 suum.

884 1842 972 1896 96.
1012 1841 1077 1895 Et
1106 1858 1203 1912 ego
1236 1859 1478 1913 propono
1507 1845 1778 1898 decretum
1804 1883 1818 1904 ,
1870 1853 1929 1895 ut
1988 1839 2164 1895 omnis
2188 1843 2368 1908 popu-‘

815 1931 919 1992 lus.
954 1933 1142 1992 tribus,
1165 1935 1364 2002 lingua.
1395 1948 1749 2001 quaecumque
1777 1933 1992 1999 loqunta
2025 1930 2182 1983 fuerit
2210 1929 2353 1981 blas-

815 2017 1080 2083 phemiam
1112 2031 1296 2072 contra
1327 2019 1490 2072 Deum
1518 2019 1771 2080 Sedrach,
1796 2017 2015 2077 Misach,
2043 2017 2351 2082 Ahdenags,

818 2104 869 2155 in
900 2106 1249 2171 perditionem
1293 2115 1468 2170 erunt,
1500 2116 1552 2160 et
1581 2109 1771 2160 domus
1808 2121 1990 2159 eorum
2018 2105 2070 2156 in
2109 2104 2355 2170 direptio-

819 2207 937 2244 nem
970 2207 1127 2247 erunt
1152 2211 1164 2246 :
1199 2204 1479 2264 prepterea
1506 2196 1648 2265 quod
1674 2211 1778 2250 non
1807 2206 1888 2249 est
1921 2194 2061 2248 Deus
2086 2193 2354 2262 alius,qui

817 2282 988 2348 possit
1010 2283 1218 2338 salvare
1240 2299 1333 2338 eos
1360 2286 1454 2338 ita.

888 2369 975 2423 97.
1017 2370 1168 2426 Tunc
1190 2387 1284 2427 rex
1323 2374 1587 2441 promovit
1619 2372 1873 2435 Sedrach,
1907 2372 2129 2434 Misach,
2179 2369 2356 2423 Abde-

819 2473 958 2528 nago
984 2459 1037 2511 in
1069 2462 1282 2529 regione
1314 2461 1622 2531 Babylonis.
1653 2472 1704 2514 et
1734 2461 1883 2514 auxit
1926 2475 2039 2520 eos,
2083 2469 2137 2512 et
2168 2459 2358 2526 dignos

822 2549 1012 2601 habuit
1044 2549 1213 2616 ipsos,
1259 2552 1350 2617 qui
1389 2563 1678 2619 praeessent
1710 2552 1963 2605 omnibus
2015 2549 2235 2613 Judmis,
2265 2550 2358 2618 qui

820 2644 973 2688 erant
999 2636 1051 2687 in
1082 2652 1246 2703 regno
1273 2653 1393 2691 suo.

892 2733 979 2785 98.
1023 2732 1516 2787 Nabuchodonosor
1540 2750 1633 2787 rex
1668 2735 1923 2787 omnibus
1973 2734 2205 2802 populis,
2261 2734 2359 2787 tri-

823 2821 1032 2882 bubus,
1081 2821 1301 2890 linguis,
1360 2822 1724 2877 habitantibus
1771 2824 1822 2875 in
1875 2824 2121 2876 universa
2183 2833 2358 2876 terra:

825 2925 924 2978 pax
951 2910 1103 2963 vobis
1132 2911 1532 2978 multiplicetur.

893 2999 980 3053 99.
1025 2998 1209 3069 Signa,
1246 3009 1300 3053 et
1353 3008 1582 3063 ostenta,
1640 3013 1758 3068 qua:
1807 2999 1930 3052 fecit
1988 3015 2194 3052 mecum
2223 2999 2363 3053 Deus

824 3091 1104 3154 excelsus,
1163 3090 1364 3158 placuit
1411 3091 1465 3143 in
1523 3098 1808 3156 conspectu
1859 3105 1978 3142 meo
2043 3090 2365 3142 annuntiare

826 3181 1000 3242 vobis,
1024 3197 1183 3250 quam
1215 3196 1426 3251 magna,
1458 3190 1510 3234 et
1542 3180 1719 3233 fortia.

896 3271 1018 3324 100.
1060 3270 1299 3340 Regnum
1332 3270 1450 3338 ejus
1477 3285 1697 3338 regnum
1730 3269 2132 3338 sempiternum,
2171 3278 2225 3322 et
2271 3283 2366 3337 po-

829 3368 996 3414 testas
1023 3361 1141 3429 ejus
1174 3361 1226 3413 in
1257 3359 1650 3429 generationem
1681 3367 1732 3411 et
1770 3358 2188 3425 generationem.

1415 3469 1638 3522 CAPUT
1691 3468 1779 3521 ιγ.
1879 3540 1884 3542 _

900 3561 951 3613 Ι.
991 3559 1100 3627 Ego
1122 3557 1620 3613 Nabuchodonosor
1652 3558 1930 3612 abundans
1956 3574 2101 3613 eram
2135 3559 2188 3611 in
2212 3558 2369 3612 domo

829 3666 967 3714 mea,
998 3659 1051 3704 et
1075 3650 1273 3704 ﬂorens
1307 3650 1359 3703 in
1395 3650 1590 3703 throno
1625 3664 1743 3703 meo
1773 3659 1825 3702 et
1854 3649 2064 3719 pinguis
2094 3649 2144 3702 in
2173 3650 2370 3718 populo

830 3756 970 3794 ﬂlCO.

898 3831 951 3882 2.
995 3829 1273 3882 Somnium
1304 3829 1431 3892 vidi,
1458 3838 1509 3881 et
1533 3829 1817 3895 perterruit
1857 3844 1963 3891 me,
2020 3838 2072 3882 et
2123 3829 2370 3883 turbatus

829 3934 947 3972 sum
971 3918 1022 3970 in
1051 3918 1211 3971 cubili
1235 3932 1375 3981 meo,
1403 3925 1456 3970 et
1493 3917 1728 3970 visiones
1775 3916 1964 3984 capitis
2002 3916 2106 3970 mei
2152 3926 2371 3970 contur-

833 4010 1094 4060 bavernnt
1116 4020 1220 4058 me.

902 4097 954 4148 5.
999 4093 1063 4146 Ει
1089 4108 1118 4146 a
1146 4107 1230 4146 me
1259 4093 1587 4160 prepositum
1624 4099 1705 4144 est
1739 4091 2031 4153 decretum.
2057 4103 2113 4146 ut
2139 4095 2374 4147 introdu-

834 4188 1082 4232 cerentur
1107 4179 1159 4231 in
1193 4188 1479 4246 conspectu
1520 4192 1637 4230 meo
1673 4193 1860 4232 omnes
1890 4183 2158 4248 sapientes
2200 4181 2372 4251 Baby-

834 4272 994 4333 lonis,
1023 4277 1081 4320 ut
1103 4268 1590 4336 interpretationem
1629 4269 1822 4321 somnii
1850 4269 2145 4324 indicarunt
2170 4273 2320 4325 mihi.

903 4358 956 4410 4.
1025 4357 1090 4409 Ει
1148 4356 1582 4425 ingrediebantur
1628 4355 1804 4420 arioli,
1863 4359 2024 4426 magi,
2093 4361 2359 4426 gazareni,

2438 504 2641 572 Μισὰχ,
2683 495 2981 565 Ἀϐδεναγὼ
3010 496 3080 548 ὲκ
3114 497 3312 566 μέσου
3344 490 3457 543 τοῦ

2505 590 2591 644 94.
2627 590 2736 644 Kal
2763 587 3103 652 ;cuv6yov1a.t
3154 583 3212 635 οί
3247 578 3457 648 σατρά

2438 681 2544 746 yol,
2574 681 2668 732 καὶ
2692 680 2740 731 οἱ
2770 677 3060 745 τοπάρχαι,
3090 673 3199 725 καὶ
3228 672 3292 724 οἱ
3332 670 3449 720 δυν

2440 769 2536 821 καὶ
2557 768 2822 837 ἐθεώρουν
2848 766 2973 826 τοὺς
2993 763 3230 832 ἄνδρας,
3269 759 3372 812 ὅτι
3411 775 3446 808 ο

2439 855 2532 907 τοῦ
2572 854 2818 923 σώματος
2857 850 3056 912 αὐτῶν,
3089 847 3195 900 καὶ
3225 848 3264 915 ή
3302 843 3452 913 θρὶξ

2439 945 2538 997 οὐκ
2567 943 2880 1011 ἑφλογίσθη,
2907 941 3003 992 καὶ
3021 938 3092 990 τὰ
3118 933 3451 1004 σαράσαρσ

2444 1033 2533 1101 θη,
2559 1033 2655 1086 καὶ
2680 1031 2824 1100 ὀσμὴ
2851 1029 3022 1098 πυρὸς
3051 1027 3156 1078 οὐκ
3187 1021 3267 1093 ἦν
3292 1025 3365 1076 ὲν
3398 1039 3453 1073 αι

2510 1123 2598 1176 95.
2640 1121 2749 1175 Kal
2772 1117 3182 1189 προσεκύνησεν
3217 1111 3453 1166 ὲνώπιε

2441 1211 2519 1280 τῷ
2576 1210 2803 1279 Κυρίῳ·
2865 1207 2963 1259 καὶ
3018 1201 3322 1272 ἀπεκρίθη
3388 1201 3447 1253 Ν

2443 1297 2613 1353 εἷπεν·
2645 1296 2948 1364 Εὐλογητὸς
2970 1297 2999 1347 6
3024 1293 3160 1357 Θεὸς
3190 1289 3302 1344 τοῦ
3345 1289 3456 1341 Σεέ

2445 1388 2612 1456 ναγὼ,
2639 1387 2699 1449 ὃς
2727 1385 3014 1439 ἀπέστειλε
3057 1382 3148 1435 τὸν
3175 1381 3455 1449 ἄγγελον

2445 1479 2570 1540 τοὺς
2605 1475 2795 1538 παῖδας
2819 1473 3005 1536 αὑτοῦ,
3045 1473 3129 1525 ὅτι
3171 1469 3457 1522 ἐπεποίθς

2444 1568 2504 1620 τὸ
2530 1568 2682 1637 ρἦα
2708 1566 2802 1618 τοῦ
2834 1563 3096 1634 βασιλέως
3118 1561 3456 1632 ἠλλοίωσαπ

2449 1656 2676 1726 σώματα
2699 1654 2877 1709 αὐτῶν
2904 1655 2983 1714 είς
3011 1652 3147 1720 πῦρ,
3193 1652 3373 1713 ὅπως
3416 1667 3458 1718 μ

2384 1751 2428 1807 Β
2454 1746 2868 1815 προσκυνήσωσι
2890 1743 3055 1794 παντὶ
3085 1740 3222 1810 θεῷ,
3266 1740 3410 1792 ἀλλ’
3448 1742 3458 1786 'J

2519 1834 2606 1891 96.
2637 1835 2748 1887 Kal
2779 1832 2889 1900 ἐγὼ
2920 1832 3212 1900 ὲκτίθεμαι
3274 1830 3457 1897 δόγμι

2449 1925 2606 1993 φυλὴ,
2631 1923 2870 1990 γλῶσσα,
2900 1921 2934 1991 ὴ
2956 1921 3052 1973 ἐὰν
3085 1919 3226 1991 εἴπῃ
3247 1918 3459 1988 βλασφ

2450 2011 2675 2079 Σεδρὰχ,
2711 2008 2915 2076 Μισὰχ,
2957 2005 3312 2073 Ἀϐδεναγὼ,
3373 2008 3459 2066 είς

2451 2099 2546 2151 καὶ
2579 2101 2627 2150 oi
2667 2094 2806 2150 οἶκοι
2842 2097 3020 2150 αὐτῶν
3072 2097 3153 2157 εἰς
3186 2096 3458 2164 διαρπαπ

2452 2188 2552 2240 οὐκ
2609 2187 2723 2238 ἐστι
2781 2187 2912 2248 Θεὸς
2959 2186 3168 2254 ἕτερος,
3220 2185 3400 2245 ὅστις

2453 2277 2647 2339 αὐτοὺς
2678 2275 2867 2337 οὕτως.

2524 2386 2611 2437 97.
2637 2385 2767 2436 Τότε
2794 2386 2821 2437 6
2851 2383 3103 2446 βασιλεὺς
3133 2383 3451 2436 κατεύθυν

2467 2471 2788 2538 Ἀϐδεναγὼ,
2826 2472 2884 2522 ὲν
2904 2473 2971 2539 τῇ
2997 2469 3152 2539 χώρᾳ
3185 2467 3459 2522 Βαϐυλῶ

2455 2561 2600 2622 τοὺς,
2623 2561 2716 2610 καὶ
2741 2557 2971 2627 ἠξίωσεν
3000 2557 3203 2618 αὐτοὺς
3246 2558 3460 2624 ἠγεῖσ(

2456 2649 2638 2710 δαίων,
2671 2647 2776 2699 τῶν
2806 2648 2974 2698 ὄντων
3008 2647 3066 2698 ἐν
3103 2649 3172 2715 τῇ
3204 2646 3456 2715 βασιλεί

2525 2737 2614 2789 98.
2644 2735 3114 2805 Ναὸουχοδονόσορ
3165 2737 3197 2786 6
3237 2733 3459 2803 βασιλε

2460 2828 2670 2894 φυλαῖς,
2703 2826 2995 2893 γλώσσαις,
3029 2828 3142 2889 τοῖς
3175 2825 3459 2878 οἰκοῦσιν

2462 2919 2595 2987 ρήνη
2627 2918 2752 2986 ὑμῖν
2774 2916 3128 2985 πληθυνθείη.

2533 3005 2619 3060 99.
2668 3006 2747 3058 Τὰ
2798 3007 3019 3074 σημεῖα,
3055 3005 3152 3058 xal
3191 3006 3270 3057 τὰ
3307 3008 3458 3074 τέρα

2467 3095 2598 3163 ἐμοῦ
2625 3096 2652 3146 6
2676 3094 2804 3156 Θεὸς
2833 3097 2862 3146 6
2906 3095 3128 3163 ὕψιστος
3149 3134 3163 3156 ,
3211 3095 3444 3164 ἦρεσεν

2465 3184 2638 3250 γεῖλαι
2673 3183 2820 3252 ύμῖν,
2853 3183 2929 3245 ὡς
2955 3183 3192 3254 μεγάλη,
3229 3186 3341 3236 καὶ
3381 3186 3455 3253 to;

2538 3269 2657 3323 100.
2697 3271 2763 3321 Ἥ
2791 3269 3034 3338 βασιλεία
3072 3271 3250 3324 αὑτοῦ
3289 3272 3455 3340 βασιί

2467 3359 2679 3422 ἐξουσία
2707 3359 2870 3413 αὐτοῦ
2895 3363 2972 3424 είς
3003 3363 3202 3427 γενεὰν
3239 3366 3348 3417 καὶ
3384 3382 3453 3432 γε

2992 3473 3428 3528 ΚΕΦΑΛΑΙΟΝ

2537 3559 2590 3613 l.
2623 3557 2765 3622 Ἐγὼ
2789 3558 3272 3629 Ναϐουχοδονόσορ
3304 3563 3449 3631 εὒθη

2472 3664 2596 3715 μου,
2627 3647 2720 3698 καὶ
2758 3646 2996 3699 εὐθαλῶν
3027 3648 3123 3700 ἐπὶ
3154 3649 3256 3701 τοῦ
3303 3650 3449 3722 θρόν

2469 3739 2536 3803 Χ
2569 3737 2626 3788 ὲν
2655 3735 2732 3804 τῷ
2755 3735 2868 3804 λαῷ
2899 3753 3021 3804 μου.

2536 3825 2591 3878 2.
2635 3824 2914 3877 Ἐνύπνιον
2947 3823 3108 3892 εἶδον,
3146 3829 3245 3882 καὶ
3279 3830 3446 3899 ὲφοᾶ

2469 3911 2601 3981 χθην
2627 3911 2720 3963 ἐπὶ
2752 3911 2849 3973 τῆς
2895 3911 3084 3982 κοίτης
3137 3930 3270 3983 μου,
3303 3919 3411 3970 καὶ

2469 4002 2565 4068 λῆς
2601 4017 2700 4069 μου
2731 4001 3100 4070 συνετάραξαν
3140 4019 3232 4072 με.

2540 4091 2593 4143 5.
2621 4091 2729 4143 Kal
2757 4091 2884 4161 παρ’
2911 4089 3046 4158 ἐμοῦ
3079 4092 3310 4165 ἐξετέθη
3342 4096 3439 4165 δόγ

2471 4180 2696 4235 ἐνώπιόν
2728 4198 2829 4250 μου
2871 4183 3083 4247 πάντας
3113 4187 3238 4249 τοὺς
3281 4191 3437 4256 σοφοὶ

2471 4272 2568 4342 τὴν
2594 4270 2878 4340 σύγκρισιν
2905 4271 3001 4324 τοῦ
3035 4274 3294 4328 ἐνυπνίου
3325 4293 3432 4344 γνιι

2536 4359 2589 4412 4.
2623 4359 2730 4410 Kal
2752 4359 3170 4427 εἰσεπορεύοντο
3205 4364 3253 4415 οἱ
3277 4366 3422 4417 ὲπαο

836 4447 1089 4510 Chaldaei,
1121 4457 1173 4500 et
1196 4446 1463 4499 somnium
1495 4444 1604 4498 dixi
1630 4460 1728 4514 ego
1759 4447 1810 4498 in
1851 4457 2136 4514 conspectu
2164 4464 2366 4510 eorum.

1896 4457 2136 4514 )nspectn
2164 4464 2369 4510 eorum,
2400 4428 2445 4485 ί)
2472 4449 2572 4509 vol,
2605 4446 2860 4501 Χαλδαῖοι
2883 4486 2899 4509 ,
2943 4450 3043 4502 καὶ
3075 4451 3138 4503 τὸ
3185 4451 3426 4508 ὲνύπνιοη

837 4545 891 4590 et
915 4535 1406 4602 interpretationem
1433 4533 1550 4603 ejus
1578 4547 1682 4586 non
1709 4533 2016 4587 indicarunt
2046 4535 2198 4590 mihi.

909 4624 963 4678 5.
1007 4624 1181 4677 Donec
1206 4623 1344 4678 alius
1375 4623 1653 4692 ingressus
1682 4631 1766 4677 est
1809 4623 1861 4676 in
1908 4635 2194 4690 conspectu
2233 4639 2372 4686 meo,

841 4713 1045 4777 Daniel,
1075 4713 1230 4780 cujus
1257 4727 1447 4766 nomen
1477 4712 1720 4764 Baltasar
1749 4712 2042 4766 secundum
2075 4727 2265 4766 nomen
2285 4712 2375 4765 Dei

839 4803 962 4866 mei,
994 4803 1085 4871 qui
1109 4802 1367 4870 Spiritum
1396 4798 1488 4854 Dei
1511 4808 1754 4854 sanctum
1790 4800 1948 4854 habet
1975 4801 2027 4853 in
2060 4801 2374 4869 semetipso;

837 4904 891 4947 et
914 4892 1178 4946 somnium
1205 4905 1386 4945 coram
1407 4904 1470 4942 eo
1491 4889 1621 4943 dixi.

907 4981 960 5036 6.
1001 4981 1246 5036 Baltasar
1314 4980 1564 5049 princeps
1626 4978 1962 5044 ariolorum,
2017 4993 2174 5047 quem
2229 4977 2375 5042 novi,

840 5073 984 5140 quod
1019 5073 1250 5141 Spiritus
1283 5071 1375 5125 Dei
1407 5081 1626 5126 sanctus
1655 5072 1724 5125 sit
1751 5071 1809 5124 in
1840 5080 1909 5134 te,
1945 5079 1998 5124 et
2029 5084 2184 5122 omne
2201 5084 2379 5123 sacra-

845 5170 1079 5213 mentum
1110 5177 1213 5214 non
1245 5172 1328 5216 est
1380 5160 1712 5230 impossibile
1739 5160 1832 5213 tibi
1869 5179 1884 5225 ;
1945 5159 2065 5220 audi
2117 5157 2378 5210 visionem

845 5248 1061 5311 somnii,
1109 5249 1250 5316 quod
1305 5251 1432 5316 vidi,
1486 5260 1542 5304 et
1604 5249 2096 5317 interpretationem
2138 5247 2254 5314 ejus
2293 5248 2379 5301 dic

848 5333 998 5387 mihi.

921 5423 970 5473 7.
1012 5421 1076 5475 Et
1103 5423 1335 5482 visiones
1367 5430 1557 5498 capitis
1584 5431 1688 5485 mei
1715 5430 1768 5485 in
1788 5428 1950 5486 cubili
1978 5442 2096 5481 meo
2115 5426 2378 5492 videbam,

853 5521 905 5563 et
926 5526 1047 5562 cere
1075 5515 1229 5568 arbor
1273 5533 1376 5572 una
1419 5521 1471 5573 in
1519 5523 1693 5577 medio
1729 5531 1903 5585 terrae,
1933 5529 1986 5576 et
2018 5516 2238 5573 altitudo
2262 5517 2380 5586 ejus

854 5599 1042 5653 multa.

2473 4535 2667 4601 αὐτῶν,
2696 4537 2790 4589 καὶ
2827 4537 2927 4605 τὴν
2961 4537 3257 4613 σύγκρισιν
3285 4545 3427 4599 αὐτοί

2542 4624 2592 4677 5.
2631 4620 2776 4684 Ἕως
2808 4615 2869 4673 οὗ
2889 4623 3081 4695 ἕτερος
3114 4630 3362 4700 εἰσῆλθεν
3393 4637 3427 4687 ὲ

2474 4705 2533 4766 οὗ
2554 4712 2614 4765 τὸ
2637 4711 2807 4781 ὄνομα
2831 4713 3130 4790 Βαλτάσαρ
3152 4723 3293 4778 κατὰ
3322 4724 3380 4778 τὸ
3403 4726 3425 4780 ὅ

2473 4804 2530 4865 ὃς
2553 4801 2771 4871 Πνεῦμα,
2801 4800 2936 4855 Θεοῦ
2965 4805 3133 4874 ἆγιον
3173 4813 3282 4886 ἔχει
3321 4819 3376 4873 ὲν
3426 4865 3427 4868 η

2475 4889 2698 4943 ἐνώπιον
2729 4889 2893 4942 αὐτοῦ
2918 4889 3106 4955 εἷπον.

2546 4979 2597 5034 6.
2630 4979 2918 5052 Βαλτάσαρ
2942 4986 2973 5037 6
3015 4990 3212 5066 ἄρχων
3241 5003 3345 5061 τῶν
3364 5007 3435 5064 ἐπ.

2478 5069 2883 5166 Ψεῡμακθεοῦ
2918 5075 3092 5146 am
3137 5091 3200 5146 εν
3233 5097 3331 5166 σοι,
3361 5105 3441 5160 καπ

2478 5159 2728 5211 ἀδυνατεῖ
2774 5177 2881 5228 σοι,⁹
2916 5167 3178 5238 ἄκουσον
3211 5159 3364 5266 τὴν.ὄ
3406 5159 3411 5160 ,

2480 5242 2615 5274 Λᾶ-..
2666 5249 2757 5274 ...Α
2790 5250 2894 5274 -1.--
2987 5261 3001 5274 .
3370 5218 3448 5274 ρα(

2479 5242 2636 5312 εἶδον,
2666 5249 2763 5301 καὶ
2789 5250 2896 5324 τὴν
2933 5261 3252 5344 σύγκρισιν

2521 5603 2544 5612 -
2903 5585 2916 5600 ι
2954 5585 2966 5587 -
2985 5585 3007 5590 -
3028 5585 3076 5612 ν,
3118 5585 3215 5610 σιυιι
3243 5585 3343 5623 ιΟΟυ

2482 5619 2602 5672 γης,
2631 5607 2728 5661 xal
2749 5610 2817 5666 τὸ
2841 5616 2995 5697 ’ύψος
3030 5641 3212 5708 αὐτοῦ
3237 5663 3358 5724 πολύ
