3874 6358
867 336 1005 392 23239

1911 334 2159 389 DANIEL
2193 327 2412 387 JUXTA
2452 322 2988 380 THEODOTIONEM

868 450 932 502 Ιιὶι
956 466 1205 519 egressus
1235 460 1315 505 est
1344 449 1600 513 Sedrach,
1635 449 1856 514 Misacb,
1883 449 2171 514 Abdenago
2199 446 2264 498 de
2293 460 2398 496 me-

1888 449 2171 514 Abdenago
2199 446 2264 498 de
2293 460 2401 496 me-
2429 457 2474 508 Α
2503 440 2742 508 ὑψίστου,
2779 437 3038 501 ceuceu,
3066 433 3164 487 xui.
3219 429 3418 484 δεῦτε·

867 541 956 593 dio
989 541 1145 609 ignis.

939 629 1026 682 94.
1069 629 1130 681 Ει
1149 631 1534 695 congregantur
1564 635 1811 695 satrapae,
1845 636 1897 681 et
1914 627 2098 690 duces,
2131 632 2186 679 et
2221 636 2404 693 topar-

872 717 1005 780 clue,
1049 726 1100 769 et
1127 723 1366 782 potentes
1399 714 1559 782 regis,
1593 724 1648 769 et
1681 715 2180 783 contemplabantur
2235 714 2402 774 viros,

870 806 1122 872 quoniam
1151 803 1283 855 nihil
1313 805 1592 870 potestatis
1632 804 1909 858 habuisset
1940 804 2078 873 ignis
2102 804 2152 855 in
2184 815 2406 868 corpore

871 907 1078 953 eorum,
1108 899 1160 943 et
1195 892 1417 959 capillus
1449 894 1639 961 capitis
1663 907 1845 946 eorum
1874 907 1979 945 non
1995 900 2136 946 esset
2159 891 2403 953 adustus,

869 985 922 1029 et
952 977 1204 1030 sarabara
1235 992 1418 1030 eorum
1448 993 1553 1032 non
1586 980 1815 1034 fuissent
1845 978 2148 1042 immutata,
2183 987 2238 1032 et
2273 977 2407 1031 odor

872 1065 1010 1131 ignis
1033 1080 1138 1118 non
1160 1075 1303 1119 esset
1325 1067 1379 1119 in
1408 1067 1507 1121 eis.

938 1153 1026 1207 95.
1067 1153 1131 1206 Et
1163 1154 1408 1208 adoravit
1433 1156 1486 1208 in
1522 1166 1808 1224 conspectu
1854 1172 2041 1210 eorum
2080 1171 2172 1209 rex
2222 1154 2404 1209 Domi-

871 1257 1018 1306 num,
1043 1252 1095 1296 et
1120 1245 1394 1311 respondit
1424 1244 1935 1310 Nabuchodonosor,
1953 1257 2006 1300 et
2033 1247 2168 1299 dixit
2200 1265 2212 1299 :
2241 1245 2406 1298 Bene-

869 1332 1043 1386 dictus
1071 1331 1214 1386 Deus
1249 1333 1505 1396 Sedrach,
1540 1335 1763 1399 Misach,
1804 1335 2110 1404 Abdenago,
2142 1335 2233 1402 qui
2263 1334 2408 1387 misit

871 1421 1118 1488 angelum
1149 1437 1328 1484 suum,
1352 1431 1407 1476 et
1433 1424 1572 1477 eruit
1599 1439 1784 1479 servos
1819 1440 1964 1487 suos,
1995 1425 2119 1492 quia
2165 1424 2405 1477 credide—

871 1517 998 1560 runt
1034 1510 1086 1561 in
1115 1524 1274 1574 eum;
1320 1519 1374 1565 et
1406 1512 1628 1565 verbum
1678 1513 1821 1582 regis
1882 1513 2317 1574 immutaverunt,
2354 1518 2407 1562 et

871 1595 1207 1650 tradiderunt
1229 1612 1452 1668 corpora
1483 1617 1579 1654 sua
1611 1601 1665 1654 in
1697 1603 1891 1670 ignem,
1921 1615 1989 1654 ne
2016 1600 2295 1661 servirent,
2314 1612 2405 1651 ne-

873 1698 977 1750 que
1001 1684 1286 1739 adorarent
1307 1701 1522 1741 omnem
1551 1689 1731 1751 deum,
1766 1697 1955 1756 praeter
1982 1687 2150 1742 Deum
2187 1700 2368 1740 suum.

940 1859 1027 1914 96.
1068 1858 1132 1913 Et
1161 1876 1258 1930 ego
1291 1879 1535 1932 propono
1563 1865 1835 1919 decretum
1860 1905 1874 1926 ,
1927 1874 1986 1918 ut
2045 1863 2221 1918 omnis
2245 1868 2425 1932 popu-’

871 1947 974 2010 lus,
1009 1949 1197 2010 tribus,
1221 1953 1419 2020 lingua.
1451 1969 1805 2022 quaecumque
1832 1955 2049 2020 loquuta
2081 1953 2238 2006 fuerit
2267 1953 2408 2005 blas-

871 2033 1135 2100 pbemiam
1168 2050 1351 2091 contra
1382 2039 1546 2092 Deum
1574 2039 1827 2103 Sedrach,
1852 2039 2070 2100 Misach,
2099 2040 2407 2106 Abdenags,

872 2121 924 2172 in
955 2123 1305 2188 perditionem
1348 2135 1523 2190 erunt,
1555 2137 1607 2180 et
1636 2130 1826 2181 domus
1863 2143 2046 2181 eorum
2073 2127 2125 2179 in
2164 2128 2410 2194 direptio-

873 2223 991 2261 nem
1024 2225 1181 2266 erunt
1206 2230 1218 2264 :
1253 2223 1534 2283 prOpterea
1560 2218 1702 2286 quod
1728 2233 1832 2271 non
1862 2228 1944 2271 cst
1977 2217 2116 2271 Deus
2141 2217 2409 2286 alius,qui

871 2299 1042 2364 possit
1064 2301 1272 2356 salvare
1295 2319 1387 2358 eos
1414 2306 1508 2358 ita.

942 2386 1029 2441 97.
1071 2388 1222 2445 Tunc
1243 2407 1338 2446 rex
1377 2395 1641 2460 promovit
1673 2393 1927 2457 Sedrach,
1961 2394 2182 2458 Misacb,
2233 2393 2410 2447 Abde-

873 2491 1011 2545 nago
1037 2477 1090 2530 in
1122 2481 1335 2548 regione
1367 2480 1676 2551 Babylonis.
1706 2493 1758 2535 et
1787 2483 1936 2536 auxit
1980 2498 2092 2543 eos.
2137 2491 2190 2536 et
2222 2483 2411 2550 dignos

875 2565 1064 2618 habuit
1097 2567 1266 2634 ipsos,
1312 2571 1402 2636 qui
1441 2583 1731 2638 praeessent
1764 2574 2017 2627 omnibus
2067 2572 2288 2638 Iudicis,
2319 2574 2410 2642 qui

873 2662 1026 2705 erant
1051 2654 1103 2705 in
1135 2670 1298 2722 regno
1325 2672 1445 2710 suo.

944 2751 1031 2802 98.
1074 2750 1568 2806 Nabuchodonosor
1592 2770 1686 2808 rex
1719 2757 1976 2810 omnibus
2026 2757 2257 2824 populis,
2313 2758 2411 2810 tri-

875 2838 1084 2901 bubus,
1133 2839 1352 2908 linguis,
1411 2842 1776 2898 habitantibus
1822 2845 1874 2896 in
1927 2846 2173 2899 universa
2235 2857 2410 2899 terra:

877 2942 976 2994 pax
1002 2928 1154 2981 vobis
1183 2929 1583 2998 multiplicetur.

945 3017 1032 3070 99.
1076 3016 1259 3087 Signa,
1296 3028 1351 3072 et
1404 3028 1633 3083 ostenta,
1691 3034 1810 3088 qua:
1859 3021 1982 3074 fecit
2040 3037 2244 3075 mecum
2274 3022 2414 3076 Deus

875 3108 1154 3172 excelsus,
1214 3109 1414 3176 placuit
1462 3110 1516 3163 in
1573 3119 1859 3177 conspectu
1911 3127 2030 3164 meo
2094 3113 2416 3166 annuntiare

876 3198 1050 3260 vobis,
1074 3215 1233 3268 quam
1265 3215 1476 3270 magna,
1507 3210 1560 3254 et
1591 3200 1769 3253 fortia.

945 3289 1067 3342 100.
1109 3288 1348 3358 Regnum
1381 3289 1499 3357 ejus
1525 3305 1746 3358 regnum
1780 3291 2182 3359 sempiternum,
2221 3301 2275 3345 et
2321 3306 2416 3360 po-

878 3385 1045 3432 testas
1072 3378 1189 3446 cjus
1222 3378 1274 3431 in
1306 3379 1699 3448 generationem
1731 3387 1782 3432 et
1820 3380 2238 3446 generationem.

1463 3488 1686 3543 CAPUT
1740 3489 1829 3542 1v.
1930 3561 1935 3564 ξ

948 3579 999 3630 ι.
1038 3577 1148 3644 Ego
1170 3576 1670 3634 Nabuchodonosor
1701 3579 1979 3634 abundans
2005 3596 2151 3635 eram
2185 3581 2237 3634 in
2261 3581 2418 3635 domo

877 3683 1015 3732 mea,
1046 3677 1099 3722 et
1123 3669 1321 3723 ﬂorens
1354 3669 1408 3722 in
1443 3669 1638 3724 throno
1673 3685 1792 3725 meo
1822 3681 1874 3724 ct
1903 3672 2113 3741 pinguis
2143 3672 2193 3725 in
2221 3672 2418 3740 populo

878 3773 1017 3811 ﬂlCO.

945 3848 998 3900 2.
1043 3846 1320 3901 Somnium
1351 3849 1479 3912 vidi,
1505 3858 1556 3901 et
1581 3851 1865 3916 perterruit
1905 3865 2011 3913 me,
2068 3860 2120 3904 et
2170 3851 2417 3904 turbatus

877 3951 994 3989 sum
1018 3935 1069 3987 in
1098 3936 1258 3988 cubili
1282 3951 1422 4001 meo,
1450 3945 1503 3989 et
1539 3937 1775 3990 visiones
1823 3938 2011 4005 capitis
2050 3938 2154 3992 mei
2199 3947 2418 3992 contur-

879 4026 1140 4076 baverant
1163 4039 1266 4076 me.

947 4112 1000 4164 5.
1045 4111 1108 4163 Et
1134 4126 1164 4165 a
1192 4126 1275 4165 me
1304 4112 1634 4180 propositum
1670 4120 1751 4165 est
1785 4112 2078 4174 decretum,
2103 4123 2160 4167 ut
2185 4115 2419 4167 introdu-

879 4205 1128 4249 cerentur
1151 4197 1204 4248 in
1238 4207 1525 4264 conspectu
1566 4213 1683 4251 meo
1719 4213 1906 4253 omnes
1936 4204 2204 4269 sapientes
2246 4202 2418 4272 Baby-

879 4288 1039 4350 lonis,
1068 4295 1125 4339 ut
1147 4287 1635 4355 interpretationem
1675 4289 1868 4342 somnii
1896 4289 2190 4344 indicarunt
2216 4293 2364 4346 mihi.

948 4375 1000 4427 4.
1068 4374 1134 4428 Et
1192 4375 1627 4444 ingrediebantur
1673 4376 1849 4441 arioli,
1908 4381 2070 4447 magi,
2139 4381 2404 4447 gazareni,

2501 529 2704 596 Μισὰχ,
2746 522 3047 592 ’Δϐδεναγὼ
3077 524 3145 576 ἐκ
3177 522 3357 591 μέσου
3386 536 3445 570 το

2567 615 2654 669 94.
2690 616 2798 669 Καὶ
2825 613 3165 679 λσυνάγονται
3214 609 3269 661 οι
3301 624 3445 676 σατρ

2500 706 2606 771 γοὶ,
2636 706 2730 757 xui.
2754 705 2802 757 oi
2832 703 3125 772 τοπάρχαι,
3153 699 3258 751 καὶ
3285 699 3341 751 οἱ
3377 698 3442 748 δυ

2501 794 2598 846 xui.
2619 793 2883 862 ἐθεώρουν
2910 793 3036 852 τοὺς
3057 789 3287 858 ἄνδρας,
3322 786 3412 840 ὅτι

2500 879 2594 932 τοῦ
2633 879 2878 948 σώματος
2917 876 3120 938 αὐτῶν,
3149 875 3254 926 xui.
3283 875 3320 942 ἡ
3353 873 3445 942 Opi

2499 970 2599 1022 οὒκ
2627 969 2939 1037 ἐφλογίσθη,
2967 964 3151 1018 καὶτὰ
3179 962 3445 1032 σαράϐαρ

2503 1058 2592 1126 θη,
2619 1059 2715 1112 xui.
2740 1057 2883 1126 ὀσμὴ
2910 1055 3082 1124 πυρὸς
3113 1053 3217 1106 οὐκ
3247 1048 3322 1121 ἦν
3345 1054 3407 1105 ἐν
3435 1069 3445 1103 ι

2570 1147 2658 1202 95.
2699 1146 2808 1200 Καὶ
2830 1144 3244 1215 προσεκύνησεν
3278 1141 3445 1195 ἐνώπ1

2499 1236 2578 1305 τῷ
2635 1235 2862 1304 κυρίην
2923 1233 3022 1285 xui.
3077 1230 3371 1300 ἀπεκρίθη
3427 1233 3445 1283 I

2501 1322 2672 1378 εἶπενο
2704 1322 3006 1391 Εὐλογητὸς
3028 1323 3057 1374 6
3083 1321 3224 1385 Θεὸς
3253 1319 3354 1374 τοῦ
3391 1322 3445 1372 Σε

2503 1413 2670 1482 ναγὼ,
2697 1412 2756 1475 ὃς
2785 1412 3072 1464 ἀπέστειλε
3115 1411 3212 1464 τὸν
3237 1411 3445 1478 ἄγγελε

2502 1503 2627 1565 τοὺς
2662 1501 2852 1563 παῖδας
2876 1500 3062 1563 αὑτοῦ,
3101 1500 3190 1552 ὅτι
3233 1499 3445 1551 ἐπεποίι

2501 1593 2562 1645 τὸ
2587 1593 2739 1662 ῥῆμα
2765 1592 2858 1643 τοῦ
2891 1591 3154 1660 βασιλέως
3177 1590 3445 1660 ὴλλοίωσο

2506 1681 2732 1751 σώματα
2755 1681 2934 1735 αὐτῶν
2961 1683 3040 1742 εἰς
3069 1680 3207 1748 πῦρ,
3251 1681 3408 1743 ὅπως
3443 1700 3445 1746 ;

2441 1776 2484 1832 Β
2510 1772 2924 1841 προσκυνήσωσι
2947 1770 3112 1822 παντὶ
3143 1769 3278 1839 θεῷ,
3316 1770 3436 1822 ἀλλ’

2575 1860 2661 1916 96.
2693 1861 2804 1913 Καὶ
2834 1858 2945 1927 ἐγὼ
2976 1859 3269 1928 ἐκτιθεμαι
3324 1860 3445 1926 δόγι

2505 1950 2662 2018 φυλὴ,
2686 1949 2925 2017 γλῶσσα,
2955 1948 2990 2018 ἢ
3011 1949 3108 2001 ἐὰν
3143 1948 3280 2020 εἴπῃ
3299 1947 3445 2017 ﬁlum

2505 2037 2729 2105 Σεδρὰχ,
2765 2035 2969 2103 Μισὰχ,
3013 2034 3355 2102 Ἀϐδεναγὼ,
3405 2037 3445 2086 εἰ

2506 2125 2600 2177 xui.
2633 2126 2681 2175 oi
2721 2120 2860 2176 οἴκοι
2895 2123 3075 2176 αὐτῶν
3129 2125 3213 2186 εἰς
3243 2125 3445 2192 διαρπα

2507 2213 2606 2265 οὐκ
2663 2213 2776 2264 ἔστι
2833 2212 2964 2275 Θεὸς
3012 2213 3228 2281 ἕτερος,
3274 2214 3424 2274 ὅστις

2507 2303 2700 2364 αὐτοὺς
2730 2301 2919 2364 οὕτως.

2577 2411 2664 2462 97.
2689 2410 2819 2462 Τότε
2845 2412 2873 2462 6
2903 2409 3161 2474 βασιλεὺς
3192 2412 3445 2465 κατεύθυε

2521 2496 2840 2564 Ἀὁδεναγὼ,
2878 2498 2935 2548 ἐν
2956 2499 3024 2567 τῇ
3053 2497 3211 2568 χώρᾳ
3241 2497 3445 2551 Βαϐυλὸ

2507 2586 2652 2647 τοὺς,
2676 2587 2768 2635 xui.
2793 2583 3025 2652 ἠξίωσεν
3056 2585 3258 2647 αὐτοὺς
3296 2587 3445 2653 ήγεῖσ

2508 2673 2690 2735 δαίων,
2722 2672 2828 2724 τῶν
2857 2674 3028 2725 ὄντων
3065 2675 3123 2725 ἐν
3162 2677 3229 2744 τῇ
3257 2674 3442 2742 βασιλε

2576 2761 2665 2813 98.
2695 2760 3172 2832 Ναϐουχοδονόσορ
3223 2765 3251 2814 6
3286 2762 3442 2831 βασιλ

2511 2851 2720 2917 φυλαῖς,
2753 2851 3052 2918 γλώσσαις,
3087 2857 3200 2917 τοῖς
3232 2853 3441 2905 οἰκοῦσι

2513 2943 2644 3011 ρήνη
2677 2942 2802 3010 ὑμῖν
2823 2943 3186 3013 πληθυνθείη.

2583 3028 2669 3083 99.
2718 3031 2796 3082 Τὰ
2848 3034 3077 3100 σημεῖα,
3113 3034 3209 3085 xui.
3245 3034 3313 3085 τὰ
3344 3035 3445 3101 τέρι

2517 3118 2647 3186 ἐμοῦ
2675 3120 2701 3170 6
2725 3118 2854 3181 Θεὸς
2883 3122 2912 3172 6
2956 3121 3186 3190 ὕψιστος
3206 3162 3220 3185 ,
3262 3123 3445 3191 ἦρεσιεκ⁴

2515 3207 2687 3273 γεῖλαι
2722 3207 2870 3276 ὑμῖν,
2903 3208 2979 3272 ὡς
3009 3212 3246 3281 μεγάλη,
3278 3213 3373 3262 xui.
3407 3212 3445 3261 lc

2587 3292 2706 3346 100.
2746 3295 2811 3345 Ἠ
2841 3295 3095 3362 βασιλεία.
3133 3299 3298 3351 αὑτοῦ
3331 3298 3445 3366 βασι

2516 3382 2728 3445 ἐξουσία
2755 3385 2919 3438 αὐτοῦ
2944 3389 3033 3452 εἰς
3063 3391 3257 3456 γενεὰν
3288 3392 3381 3443 xui.
3411 3407 3445 3456 γ

3051 3501 3445 3553 ΚΕΦΑΛΑΙΟΝ

2585 3582 2637 3636 1.
2671 3581 2812 3645 Ἐγὼ
2837 3584 3314 3656 Ναϐουχοδονόσορ
3341 3587 3445 3638 εύοτ

2519 3687 2643 3738 μου,
2674 3671 2768 3722 xui.
2806 3672 3052 3728 εύθαλῶν
3082 3676 3177 3727 ἐπὶ
3207 3675 3299 3727 τοῦ
3341 3675 3445 3746 θρόπ

2517 3762 2583 3826 χ
2616 3761 2672 3812 ἐν
2702 3759 2780 3829 τῷ
2802 3761 2917 3830 λαῷ
2950 3782 3076 3832 μου.

2583 3848 2638 3902 2.
2683 3849 2966 3904 Ἐνύπνιον
3002 3852 3162 3920 εἶδον,
3198 3854 3290 3908 xui.
3323 3852 3445 3922 ἐφοὸ

2515 3933 2647 4004 χθην
2674 3936 2766 3988 ἐπὶ
2799 3937 2896 3999 τῆς
2943 3940 3138 4010 κοίτης
3190 3955 3313 4009 μου,
3343 3939 3438 3990 xui.

2515 4024 2611 4090 λῆς
2647 4041 2746 4092 μου
2778 4029 3154 4099 συνετάραξάν
3191 4045 3279 4098 με.

2585 4112 2639 4165 5.
2667 4115 2774 4166 Καὶ
2803 4117 2931 4188 παρ’
2964 4117 3101 4187 ἐμοῦ
3133 4118 3353 4186 ἐξετέθη
3383 4115 3441 4168 δό

2516 4203 2741 4256 ἐνώπιόν
2773 4223 2876 4275 μου
2918 4212 3136 4274 πάντας
3165 4211 3286 4272 τοὺς
3327 4223 3445 4275 σοφε

2516 4293 2612 4364 τὴν
2639 4293 2924 4365 σύγκρισιν
2957 4299 3057 4352 τοῦ
3090 4299 3341 4353 ἐνυπνίου
3371 4313 3445 4362 γνι

2581 4381 2633 4434 4.
2667 4382 2776 4436 Kui.
2797 4385 3218 4456 εἰσεπορεύοντο
3253 4386 3300 4436 οἱ
3325 4387 3445 4434 ἐπα(

879 4464 1132 4528 Chaldmi,
1164 4475 1217 4518 et
1239 4465 1507 4518 somnium
1540 4464 1648 4517 dixi
1674 4480 1773 4534 ego
1804 4467 1856 4519 in
1895 4477 2180 4535 conspectu
2209 4484 2409 4530 eorumI

1914 4477 2180 4535 :onspectu
2209 4484 2413 4530 eorum,
2444 4448 2490 4506 Ῐ)
2515 4471 2616 4532 νοὶ,
2650 4471 2905 4527 Χαλδαῖοι
2931 4515 2949 4538 ,
2994 4477 3092 4529 xui.
3123 4475 3183 4527 τὸ
3229 4471 3444 4525 ἐνύπνιο

880 4561 935 4607 et
959 4553 1450 4620 interpretationem
1477 4553 1594 4622 ejus
1621 4567 1726 4606 non
1754 4553 2060 4608 indicarunt
2090 4556 2242 4610 mihi.

952 4642 1006 4695 5.
1050 4642 1224 4696 Donec
1249 4642 1387 4697 alius
1419 4643 1697 4712 ingressus
1726 4651 1810 4698 est
1853 4643 1905 4696 in
1952 4656 2238 4711 conspectu
2277 4660 2415 4707 meo,

883 4731 1088 4796 Daniel,
1118 4732 1273 4799 cujus
1300 4746 1490 4785 nomen
1520 4732 1764 4785 Baltasar
1792 4733 2085 4786 secundum
2118 4748 2308 4787 nomen
2328 4733 2418 4786 Dei

881 4821 1004 4885 mei,
1037 4822 1128 4889 qui
1152 4821 1410 4890 Spiritum
1439 4818 1531 4873 Dei
1554 4829 1798 4874 sanctum
1833 4821 1990 4875 habet
2018 4822 2069 4874 in
2103 4822 2417 4891 semetipso;

880 4921 934 4964 et
957 4911 1221 4965 somnium
1248 4924 1427 4964 coram
1449 4923 1513 4962 eo
1533 4909 1664 4964 dixi.

950 4999 1002 5053 6.
1043 4999 1288 5054 Baltasar
1356 5000 1606 5069 princeps
1668 4999 2004 5066 ariolorum,
2059 5015 2216 5069 quem
2272 4999 2416 5065 novi,

883 5091 1025 5154 quod
1061 5091 1292 5158 Spiritus
1325 5091 1416 5144 Dei
1448 5102 1668 5146 sanctus
1696 5093 1765 5146 sit
1793 5093 1851 5145 in
1882 5102 1950 5156 te,
1986 5100 2039 5147 ct
2071 5107 2226 5145 omne
2243 5107 2421 5145 sacra-

887 5186 1120 5229 mentum
1151 5195 1254 5232 non
1285 5190 1369 5235 est
1422 5180 1754 5250 impossibile
1780 5181 1874 5235 tibi
1909 5200 1924 5248 ;
1985 5182 2107 5242 audi
2159 5179 2419 5233 visionem

889 5263 1103 5326 somnii,
1151 5268 1291 5332 quod
1345 5270 1472 5336 vidi,
1527 5280 1582 5325 et
1645 5271 2137 5338 interpretationem
2179 5269 2295 5337 ejus
2333 5270 2420 5324 dic

891 5346 1040 5399 mihi.

964 5434 1013 5484 7.
1054 5435 1117 5488 Et
1145 5439 1376 5500 visiones
1407 5450 1597 5517 capitis
1623 5453 1728 5506 mei
1754 5451 1808 5507 in
1828 5451 1991 5508 cubili
2017 5465 2135 5505 meo
2155 5449 2418 5514 videbam,

897 5531 948 5571 et
970 5538 1089 5658 olere
1116 5529 1270 5582 arbor
1313 5549 1417 5589 una
1459 5539 1510 5592 in
1558 5545 1732 5599 medio
1768 5553 1942 5609 terrae,
1972 5553 2025 5600 et
2057 5539 2277 5597 altitudo
2302 5539 2419 5609 ejus

897 5622 990 5658 mu
1017 5619 1084 5658 ta.

897 5619 1084 5661 multa.

2517 4559 2711 4625 αὐτῶν,
2740 4564 2834 4614 xui.
2871 4565 2975 4634 τὴν
3010 4564 3298 4635 σύγκρισιν
3327 4561 3445 4612 αὖτε

2585 4646 2635 4700 5.
2675 4645 2821 4710 Ἕως
2852 4642 2915 4700 οὗ
2937 4651 3124 4721 ἕτερος
3154 4648 3402 4716 εἰσῆλθεν
3432 4647 3445 4695 ἐ

2517 4727 2575 4788 οὗ
2597 4735 2657 4788 τὸ
2680 4735 2850 4807 ὄνομα
2875 4739 3167 4809 Βαλτάσαρ
3188 4737 3330 4790 κατὰ
3361 4734 3419 4786 τὸ
3443 4759 3445 4776 ι

2515 4827 2573 4889 ὃς
2595 4827 2814 4896 Πνεῦμα
2844 4827 2980 4882 Θεοῦ
3008 4829 3165 4896 ἅγιον
3203 4827 3315 4896 ἔχει
3356 4826 3412 4876 ἐν

2517 4913 2741 4968 ἐνώπιον
2772 4916 2937 4969 αὑτοῦ
2960 4913 3135 4970 εἷπον.

2587 5003 2638 5057 6.
2671 5005 2958 5076 Βαλτάσαρ
2982 5009 3009 5058 6
3047 5008 3233 5076 ἄρχων
3262 5003 3370 5056 τῶν
3389 5002 3445 5051 ἐπ

2519 5093 2739 5163 Πνεῦμα
2787 5096 2922 5148 Θεοῦ
2955 5097 3113 5162 ἆγιον
3153 5097 3213 5146 ἐν
3247 5092 3348 5153 σοὶ,
3380 5106 3445 5140 κα

2519 5183 2769 5236 ἀδυνατεῖ
2814 5202 2916 5250 σοι,
2950 5185 3185 5237 ἄκουσον
3217 5183 3314 5250 τὴν
3347 5180 3445 5248 ὅρα

2519 5266 2675 5336 εἶδον,
2706 5273 2802 5326 καὶ
2827 5273 2927 5344 τὴν
2961 5271 3251 5340 σύγκρισιν
3279 5263 3442 5319 αὐτοῦ

2588 5446 2642 5499 7.
2684 5447 2795 5500 Καὶ
2819 5447 2918 5510 τὰς
2944 5444 3163 5516 ὁράσεις
3187 5439 3286 5508 τῆς
3311 5451 3445 5502 κεφα

2519 5551 2615 5602 της
2648 5552 2748 5604 μου
2781 5535 3067 5604 ἐθεώρουν,
3101 5530 3195 5582 xui.
3225 5525 3331 5578 ἰδοῦ
3357 5524 3445 5576 δὲνι

2521 5627 2640 5695 γῆς,
2668 5628 2760 5681 καὶ
2781 5627 2842 5681 τὸ
2863 5625 2995 5693 ῦψος
3023 5620 3187 5677 αὐτοῦ
3215 5615 3364 5671 πολύ.
