3874 6352
223 339 396 408 αιτιοι

1735 359 1961 417 CAPUT
2003 363 2089 419 ιν.

3361 377 3503 435 2862

313 460 400 512 s-
450 441 850 543 'E_eera§ﬁvon
887 457 960 511 τι»
1010 460 1239 533 δένδρον,
1289 464 1384 518 και
1439 464 1642 533 ισχυσι,
1675 467 1773 519 και
1820 466 1874 518 τι

2052 472 2105 526 8.
2145 474 2212 527 Et
2243 474 2578 543 magniﬁcam
2601 485 2682 531 est
2714 477 2895 540 arbor,
2929 485 2984 530 et
3012 477 3254 541 invaluit,
3303 493 3357 535 et
3382 486 3505 536 alli—

270 546 421 611 ’ὺψος
467 536 634 589 αὑτοῦ
669 538 928 608 ἔφθασεν
959 551 1068 614 ἓως
1092 552 1182 605 τοῦ
1213 553 1458 623 ούρανοῦ,
1505 556 1598 608 καὶ
1628 555 1690 607 τὸ
1720 553 1878 616 κῦτος

278 627 472 687 αὐτοῦ
503 627 582 689 εἰς
613 628 685 680 τὰ
717 631 946 701 πέρατα
975 641 1155 709 πάσης
1181 641 1279 709 τῆς
1305 641 1428 708 γῆς.

350 718 442 772 9.
473 714 555 769 Τὰ
582 716 762 784 φύλλα
811 722 989 776 αὐτοῦ
1015 727 1188 796 ὡραῖα
1210 767 1225 791 ,
1280 729 1373 780 καὶ
1405 728 1435 778 6
1463 727 1668 796 καρπὸς
1717 725 1876 780 αὐτοῦ

274 808 507 870 ττοῖὺς,
531 808 622 859 καὶ
641 808 820 879 τροφὴ
847 812 1072 866 πάντων
1099 817 1157 868 ἐν
1193 815 1357 884 αὐτῷ,
1393 817 1484 868 καὶ
1515 817 1763 869 ὑποκάτω
1785 816 1877 867 αὐ-

292 897 426 949 τοῖ’-ι
443 897 800 966 κατεσκήνουν
820 900 892 952 τὰ
918 901 1082 970 θηρία
1110 902 1176 954 τὰ
1199 904 1382 972 ἄγρια,
1417 904 1511 955 καὶ
1538 904 1595 954 ὲν
1621 905 1732 964 τοῖς
1751 902 1878 954 κλά-

304 984 447 1048 δοις
474 985 631 1038 αὑτοῦ
658 986 897 1056 κατῴκει
933 991 1004 1042 τὰ
1027 991 1185 1059 ὄρνεα
1216 992 1310 1044 τοῦ
1340 990 1590 1061 ούρανοῦ·
1627 992 1687 1055 ἐξ
1716 989 1876 1043 αὐτοῦ

297 1076 586 1146 ἐτρέφετο
611 1077 760 1129 πᾶσα
792 1077 955 1146 σάρξ.
1206 1112 1216 1118 -

397 1165 482 1217 10.
528 1164 831 1233 Ἐθεώρουν
887 1169 946 1217 ὲν
996 1166 1230 1235 ὁράματι
1286 1169 1383 1236 τῆς
1420 1168 1608 1230 νυκτὸς
1651 1169 1742 1220 ἐπὶ
1783 1170 1879 1235 τῆς

281 1253 510 1319 κοίτης
545 1269 673 1320 μου,
733 1254 829 1306 καὶ
885 1254 993 1306 ἰδοὺ
1024 1255 1124 1324 Εἲρ
1151 1293 1166 1320 ,
1195 1257 1289 1308 καὶ
1315 1255 1464 1323 ἆγιος
1512 1256 1618 1308 ἀπὸ
1653 1255 1876 1324 ούρανοῦ

281 1340 548 1410 κατέϐη.

395 1429 476 1482 11.
506 1431 620 1482 Καὶ
649 1429 929 1500 ἐφώνησεν
949 1432 1007 1482 ὲν
1044 1431 1309 1500 ίσχύῖ,καὶ
1339 1430 1505 1494 οὕτως
1531 1429 1710 1485 εἷπενο
1761 1432 1880 1484 Ἐκ-

279 1518 520 1587 κὰψατε
539 1520 603 1571 τὸ
632 1520 870 1589 δένδρον,
904 1521 997 1572 καὶ
1025 1521 1270 1573 ὲκτίλατε
1292 1522 1417 1580 τοὺς
1448 1521 1669 1584 κλάδους
1693 1522 1876 1586 αὑτοῦ,

277 1610 416 1661 καὶ
449 1609 770 1673 ἐκτινάξατε
796 1609 864 1662 τὰ
890 1609 1063 1676 φύλλα
1096 1609 1256 1662 αὐτοῦ
1278 1652 1292 1674 ,
1334 1612 1426 1662 καὶ
1471 1609 1878 1678 διασκορπίσατε

1979 561 2108 614 tudo
2133 562 2250 628 ejus
2274 565 2513 631 pervenit
2545 579 2714 633 usque
2749 566 2814 619 ad
2841 566 3059 630 caelum,
3085 576 3137 620 et
3161 569 3510 636 latitudoejus

1979 651 2044 705 ad
2082 652 2335 706 terminos
2363 653 2624 708 universa:
2644 663 2816 708 terrae.

2047 739 2098 792 9.
2138 739 2286 792 Folia
2312 741 2428 808 ejus
2459 741 2697 808 pulchra,
2719 750 2772 795 et
2795 742 3000 796 fructus
3051 743 3167 810 ejus
3202 744 3421 807 multus,
3454 755 3508 801 et

1976 843 2099 881 esca
2120 829 2489 884 universorum
2524 831 2577 884 in
2603 847 2697 895 ea;
2736 841 2789 885 et
2821 832 3004 885 subter
3051 848 3165 885 eam
3199 833 3508 888 habitabant

1977 909 2158 964 bestiae
2181 923 2431 980 agrestes,
2457 926 2508 967 et
2528 916 2581 968 in
2613 917 2776 970 ramis
2796 918 2913 984 ejus
2934 919 3242 973 habitabant
3264 921 3507 977 volucres

1975 1000 2097 1052 coeli
2121 1018 2137 1054 :
2166 1015 2228 1054 ex
2259 1017 2321 1056 ea
2349 1003 2685 1058 nutriebatur
2717 1007 2893 1060 omnis
2912 1021 3038 1061 caro

2049 1173 2134 1226 1ο.
2175 1173 2429 1229 Videbam
2457 1177 2509 1229 in
2534 1178 2739 1232 visione
2772 1180 2943 1236 noctis
2989 1181 3041 1234 in
3090 1183 3254 1237 cubili
3286 1198 3426 1250 meo,
3455 1189 3512 1240 et

1977 1278 2100 1318 ecce
2126 1264 2242 1331 Hir,
2269 1278 2322 1321 et
2349 1268 2577 1325 Sanctus
2606 1271 2671 1325 de
2692 1273 2826 1326 etelo
2863 1274 3159 1329 descendit.

2045 1440 2132 1492 11.
2170 1441 2537 1511 Clamavitque
2564 1444 2616 1498 in
2644 1443 3043 1510 iortitudine,et
3084 1448 3162 1501 sic
3204 1448 3282 1502 ait
3327 1467 3340 1502 :
3372 1449 3508 1503 Suc-

1977 1529 2136 1583 cidite
2165 1532 2433 1593 arborem,
2466 1543 2519 1587 et
2547 1535 2755 1589 evellite
2783 1551 2959 1591 ramos
3007 1538 3145 1602 ejus,
3176 1548 3230 1591 et
3277 1540 3510 1592 excutite

1976 1615 2102 1670 folia
2127 1618 2263 1685 ejus,
2298 1629 2352 1673 et
2383 1620 2673 1690 dispergite
2723 1622 2952 1676 fructum
3015 1624 3170 1690 ejus:
3226 1625 3512 1693 abigantur

279 1695 413 1748 τὸν
442 1697 661 1765 καρπὸν
689 1697 857 1749 αὐτοῦ
881 1714 895 1728 ο
924 1697 1233 1767 σαλευθήτω
1257 1700 1324 1750 τὰ
1345 1697 1504 1766 θηρία
1537 1697 1874 1751 ὑποκάτωθεν

1993 1708 2162 1761 Jestiae
2185 1710 2367 1764 subter
2393 1726 2534 1773 eam,
2569 1721 2621 1765 et
2656 1712 2899 1766 volucres
2921 1713 2988 1767 de
3019 1714 3180 1768 ramis
3200 1715 3336 1782 ejus.

283 1785 504 1848 αὐτοῦ,
537 1788 634 1838 καὶ
661 1787 735 1839 τὰ
771 1786 931 1856 ὄρνεα
951 1787 1057 1838 άπὸ
1080 1786 1183 1837 τῶν
1210 1787 1412 1839 κλάδων
1432 1786 1615 1838 αὑτοῦ.

392 1875 474 1927 12.
503 1874 654 1944 Πλὴν
682 1874 785 1944 τὴν
812 1876 952 1943 φυὴν
971 1875 1076 1926 τῶν
1101 1873 1264 1943 ῥιζῶν
1294 1874 1454 1927 αὑτοῦ
1489 1877 1545 1926 ὲν
1585 1878 1650 1944 τῇ
1679 1878 1748 1944 γῇ
1783 1876 1876 1929 ὲά-

288 1977 468 2027 σατε,
506 1965 604 2015 καὶ
649 1963 710 2014 ὲν
743 1961 930 2031 δεσμῷ
971 1961 1190 2029 σιδηρῷ,
1238 1964 1330 2012 καὶ
1362 1961 1561 2029 χαλκῷ,
1602 1963 1694 2014 καὶ
1713 1965 1770 2014 ὲν
1810 1966 1874 2032 τῇ

292 2051 454 2122 χλόῃ
483 2054 549 2119 τῇ
579 2051 710 2114 ἔξω,
741 2052 839 2102 καὶ
868 2051 925 2102 ὲν
954 2053 1020 2119 τῇ
1044 2049 1217 2118 δρόσῳ
1240 2049 1330 2101 τοῦ
1356 2050 1582 2118 ούρανοῦ
1627 2049 1878 2117 αύλισθή-

301 2155 470 2190 σεται
495 2179 508 2202 ,
545 2141 644 2191 καὶ
673 2139 814 2207 μετὰ
843 2138 952 2191 τῶν
995 2138 1193 2207 Θηρίων
1225 2140 1258 2207 ἡ
1307 2140 1458 2208 μερὶς
1503 2137 1666 2190 αἱ)τοῦ
1699 2139 1756 2189 ὲν
1801 2137 1876 2206 τῷ

299 2226 494 2295 χόρτῳ
525 2228 625 2295 τῆς
655 2226 781 2292 γῆς.

395 2317 479 2369 15.
518 2316 582 2368 Ἦ
615 2315 816 2384 καρδία
843 2313 1009 2368 αὐτοῦ
1044 2314 1150 2367 ἀπὸ
1183 2314 1291 2366 τῶν
1336 2314 1633 2383 ἀνθρώπων
1659 2314 1878 2367 ἀλλοιω-

309 2401 577 2473 Θήσεται,
625 2406 722 2456 καὶ
766 2403 965 2472 καρδία
1007 2403 1194 2472 θηρίου
1240 2402 1518 2472 δοθήσεται
1558 2403 1736 2472 αὐτῷ,
1784 2404 1877 2456 καὶ

310 2491 457 2544 ἑπτὰ
490 2496 673 2561 καιροὶ
708 2493 1103 2562 ἀλλαγήσονται
1137 2492 1224 2543 ἐπ’
1259 2492 1444 2560 αὐτήν.

396 2581 474 2634 14.
509 2583 607 2635 Διὰ
636 2583 1028 2650 συγκρίματοςι
1054 2580 1174 2649 Εἲρ,
1199 2582 1227 2632 6
1255 2579 1427 2646 λόγος,
1447 2581 1540 2632 καὶ⁹
1565 2579 1711 2649 ῥῆμα
1727 2580 1876 2646 ἅγιον

309 2666 384 2718 τὸ
411 2668 742 2737 ἐπερώτημα
766 2706 782 2729 ,
835 2667 924 2719 ἵνα
960 2665 1156 2734 γνῶσιν
1206 2668 1253 2717 oi
1299 2666 1514 2728 ζῶντες,
1571 2668 1650 2719 ὅτι
1681 2667 1878 2736 Κύριός

314 2754 464 2807 ἔστιν
489 2757 515 2807 ὁ
547 2756 815 2824 ⁸’Υψιστος
843 2755 942 2822 τῆς
976 2755 1246 2824 βασιλείας
1275 2754 1380 2806 τῶν
1421 2754 1734 2824 ἀνθρώπων,
1784 2757 1877 2808 καὶ

313 2834 368 2907 ᾧ
401 2843 461 2896 ἂν
479 2845 625 2914 δόξῃ,
662 2844 830 2897 δώσει
861 2844 1048 2914 αὐτὴν,
1085 2844 1178 2898 καὶ
1211 2844 1540 2913 ὲξουθένημα
1581 2845 1876 2915 ἀνθρώπων

317 2932 609 3003 ἀγαπήσει
651 2934 740 2986 ἐπ’
773 2934 965 3002 αὐτήν.

395 3023 475 3075 15.
507 3022 678 3075 Τοῦτο
707 3021 770 3073 τὸ
798 3022 1047 3074 ἐνύπνιον
1093 3015 1229 3073 εἶδον
1273 3019 1382 3086 ἐγὼ
1413 3022 1439 3072 ό
1481 3020 1728 3088 βασιλεὺς
1766 3023 1875 3074 Να-

319 3104 719 3175 ϐουχοδονόσορ,
758 3107 968 3170 καὶσὺ,
1009 3107 1310 3176 Βαλτάσαρ,
1340 3106 1398 3157 τὸ
1433 3105 1704 3175 σύγκριμα
1758 3109 1874 3162 είπὲ

320 3196 624 3260 κατέναντι,
657 3197 742 3248 ὅτι
775 3197 978 3257 πάντες
1004 3196 1052 3246 oi
1086 3196 1236 3262 σοφοὶ
1260 3196 1355 3264 τῆς
1381 3195 1653 3264 βασιλείας
1694 3213 1791 3264 μου
1813 3196 1873 3247 οὐ

315 3280 567 3337 δύνανται
586 3285 650 3337 τὸ
686 3286 969 3353 σύγκριμα
995 3282 1155 3336 αὑτοῦ
1186 3284 1420 3352 δηλῶσαί
1449 3301 1535 3352 μοι
1559 3298 1572 3310 ·
1616 3284 1678 3336 σὺ
1703 3284 1757 3335 δὲ
1789 3284 1876 3336 δύ-

317 3388 496 3437 νασαι,
525 3376 605 3427 ὅτι
640 3373 874 3442 Πνεῦμα
902 3372 1034 3424 Θεοῦ
1065 3373 1217 3438 ἅγιον
1246 3374 1303 3423 ὲν
1338 3372 1437 3423 σοί.

388 3465 467 3517 16.
507 3465 643 3515 Τότε
674 3461 898 3531 Δανιὴλ,
920 3455 978 3514 οὗ
998 3460 1057 3512 τὸ
1084 3460 1249 3528 ὄνομα
1266 3459 1566 3528 Βαλτάσαρ,
1589 3459 1874 3528 ἁπηνεώθη

313 3551 444 3604 ὡσεὶ
483 3552 634 3622 ὥραν
689 3553 823 3620 μίαν
842 3590 857 3615 ,
892 3550 986 3602 καὶ
1011 3551 1059 3602 οἱ
1087 3549 1418 3616 διαλογισμοὶ
1447 3548 1608 3600 αὑτοῦ
1654 3549 1872 3600 συνετά-

316 3655 510 3704 ρασσον
537 3643 709 3694 αὐτόν
730 3658 743 3670 ·
776 3639 1045 3709 ἀπεκρίθη
1072 3641 1100 3690 6
1132 3637 1398 3706 βασιλεὺς,
1423 3639 1511 3690 καὶ
1543 3634 1692 3689 εἶπεν
1712 3654 1723 3666 ·
1742 3636 1875 3688 Βαλ-

315 3730 511 3800 τάσαρ,
535 3732 598 3782 τὸ
631 3729 912 3790 ἐνύπνιον,
937 3729 1028 3780 καὶ
1068 3729 1102 3796 ὴ
1138 3726 1418 3796 σύγκρισις
1453 3727 1525 3797 μὴ
1567 3742 1875 3778 κατασπευ-

321 3820 463 3871 σάτω
493 3836 590 3871 σε·
647 3817 926 3887 ἀπεκρίθη
985 3815 1289 3884 Βαλτάσαρ,
1341 3815 1432 3867 καὶ
1481 3811 1658 3866 εἶπεν·
1701 3813 1870 3882 Κύριέ

321 3925 442 3977 μου.
478 3911 538 3962 τὸ
566 3909 825 3962 ἐνύπνιον
870 3910 982 3970 τοῖς
1013 3907 1226 3976 μισοῦσί
1254 3922 1336 3972 σε,
1370 3906 1462 3958 καὶ
1507 3906 1540 3975 ἡ
1588 3905 1871 3975 σύγκρισις

312 4000 478 4051 αὑτοῦ
507 4002 624 4060 τοῖς
659 3999 878 4067 ἐχθροῖς
901 4015 1016 4050 σου.

381 4090 465 4142 17.
505 4089 580 4140 Τὸ
601 4088 824 4156 δένδρον
851 4087 880 4138 δ
909 4083 1047 4148 εἶδες
1067 4086 1128 4139 τὸ
1150 4083 1494 4155 μεγαλυνθὲν,
1527 4082 1619 4136 καὶ
1645 4082 1706 4135 τὸ
1731 4083 1870 4151 ἰσχυ-

307 4177 422 4238 κὸς,
441 4172 502 4230 οὗ
529 4177 592 4229 τὸ
613 4175 750 4243 ὕψος
771 4175 1004 4243 ἔφθασεν
1034 4175 1111 4237 εἰς
1139 4175 1230 4228 τὸν
1252 4172 1495 4243 οὐρανὸν,
1516 4173 1607 4226 καὶ
1629 4171 1687 4224 τὸ
1712 4171 1870 4233 κῦτος

309 4266 474 4317 αὑτοῦ
511 4269 593 4327 εις
625 4267 812 4317 πᾶσαν
842 4263 942 4332 τὴν
978 4263 1102 4332 γῆν.

2047 1877 2131 1930 12.
2172 1877 2552 1932 Verumtamen
2585 1895 2800 1949 germen
2835 1881 3076 1961 radicum
3107 1882 3223 1948 ejus
3273 1881 3323 1933 in
3368 1891 3510 1935 terra

1975 1969 2154 2032 sinite,
2179 1978 2230 2022 et
2253 1971 2303 2022 in
2324 1971 2536 2023 vinculo
2560 1969 2752 2032 ferreo,
2770 1980 2823 2023 et
2846 1987 3002 2032 ζει-ρο,
3031 1981 3083 2023 et
3114 1972 3164 2023 in
3193 1973 3373 2034 herba,
3391 1986 3511 2039 qua!

1976 2057 2106 2112 foris
2138 2068 2238 2122 est,
2266 2070 2318 2112 et
2337 2060 2387 2112 in
2421 2075 2540 2113 rore
2562 2062 2681 2113 caeli
2712 2062 3149 2127 commorabitur,
3168 2070 3356 2114 etcum
3383 2059 3511 2114 feris

1975 2164 2099 2217 pars
2129 2150 2245 2217 ejus
2269 2151 2322 2203 in
2362 2151 2524 2203 herba
2559 2159 2732 2202 terrae.

2050 2319 2129 2372 15.
2169 2317 2272 2371 Cor
2295 2319 2410 2387 ejus
2441 2320 2508 2372 ab
2531 2319 2839 2372 hominibus
2878 2319 3315 2380 commutabitur,
3340 2328 3389 2372 et
3415 2333 3508 2372 cor

1975 2405 2101 2458 fera:
2141 2406 2358 2457 dabitur
2388 2406 2470 2470 ei;
2520 2414 2573 2458 et
2631 2415 2829 2472 septem
2874 2413 3113 2472 tempora
3160 2405 3509 2460 mutabuntur

1973 2509 2133 2562 super
2158 2510 2295 2548 eam.

2045 2584 2129 2636 M.
2171 2582 2271 2636 Per
2302 2584 2568 2638 decretum
2600 2583 2691 2637 Hir
2722 2599 2918 2645 sermo,
2948 2591 3003 2636 et
3026 2582 3244 2636 verbum
3265 2590 3509 2634 sanctutr.

1975 2674 2157 2741 petitio
2181 2713 2194 2735 ,
2241 2682 2296 2724 ut
2320 2683 2645 2738 cognoscant
2670 2663 2930 2734 viventes,
2961 2672 3102 2740 quod
3148 2670 3405 2722 Dominus
3428 2679 3512 2722 cst

1976 2761 2088 2828 ipse
2121 2761 2426 2814 Altissimus
2481 2761 2628 2830 regni
2667 2762 2964 2822 hominum,
2989 2771 3040 2812 et
3066 2759 3387 2826 quicumque
3418 2772 3510 2808 vo-

1973 2849 2151 2908 luerit,
2183 2850 2327 2901 dabit
2361 2849 2528 2911 illud,
2567 2859 2620 2903 et
2653 2849 2793 2916 quod
2833 2864 2926 2916 pro
2980 2847 3147 2900 nihilo
3192 2845 3416 2899 habetur
3443 2846 3510 2897 ab

1975 2937 2302 2999 hominibus,
2328 2938 2494 3003 eriget
2522 2952 2680 3005 super
2714 2937 2865 2990 illud.

2047 3025 2128 3077 15.
2170 3023 2281 3076 Hoc
2315 3025 2583 3078 somnium
2606 3025 2711 3078 vidi
2748 3041 2844 3094 ego
2875 3041 2962 3078 rex
2993 3023 3509 3085 Nabuchodonosor,

1975 3121 2027 3166 et
2056 3122 2134 3176 tu,
2160 3114 2419 3180 Baltasar,
2444 3117 2933 3184 interpretationem
2960 3116 3119 3168 dicito
3139 3129 3320 3168 coram
3348 3113 3511 3182 :quia

1974 3217 2161 3256 omnes
2188 3204 2453 3271 sapientes
2485 3205 2632 3272 regni
2656 3205 2757 3257 mei
2794 3219 2900 3256 non
2934 3214 3158 3273 possunt
3190 3204 3509 3271 interpreta-

1976 3293 2173 3344 tionem
2197 3294 2312 3358 ejns
2342 3294 2613 3346 declarare
2643 3294 2810 3356 mihi;
2861 3304 2914 3347 tu
2957 3302 3137 3346 autem
3180 3303 3350 3362 potes,
3382 3292 3511 3361 quia

1975 3379 2205 3448 Spiritus
2231 3381 2320 3433 Dei
2341 3393 2556 3435 sanctus
2580 3391 2663 3435 est
2695 3383 2748 3434 in
2779 3392 2848 3435 te.

2050 3469 2129 3520 l6.
2171 3467 2320 3522 Tunc
2351 3469 2553 3534 Daniel,
2590 3471 2746 3536 cujus
2797 3485 2990 3523 nomen
3026 3470 3287 3532 Baltasar,
3319 3470 3512 3521 obmu-

1975 3557 2076 3609 tuit
2099 3559 2253 3625 quasi
2287 3558 2418 3610 hora
2447 3573 2552 3610 una
2579 3597 2593 3621 ,
2647 3567 2700 3611 et
2733 3559 3083 3627 cegitationes
3135 3560 3251 3625 ejus
3289 3566 3511 3610 contur-

1973 3647 2169 3700 babant
2191 3663 2332 3700 eum.
2357 3647 2649 3714 Respondit
2671 3663 2782 3710 rex,
2807 3658 2858 3699 et
2879 3648 3050 3699 dixit:
3080 3647 3338 3709 Baltasar,
3366 3661 3511 3698 som-

1972 3736 2144 3798 nium,
2176 3747 2230 3788 et
2263 3737 2627 3804 interpretatio
2663 3751 2729 3789 ne
2757 3736 3042 3788 sollicitum
3077 3744 3127 3787 te
3151 3734 3374 3798 reddat;
3414 3748 3505 3786 re-

1973 3825 2186 3894 spondit
2213 3824 2474 3887 Baltasar,
2505 3833 2558 3878 et
2589 3825 2750 3877 dixit:
2789 3823 3007 3876 Domine
3029 3821 3120 3886 mi,
3149 3820 3416 3874 somnium
3440 3821 3511 3874 sit

1973 3913 2080 3976 his,
2111 3913 2204 3980 qui
2231 3920 2284 3966 te
2309 3913 2558 3976 oderunt,
2595 3920 2650 3966 et
2703 3909 3070 3978 interpretatio
3112 3909 3230 3978 ejus
3260 3908 3509 3963 hostibus

1971 4001 2097 4055 tuis.

2041 4093 2129 4145 17.
2168 4092 2344 4147 Arbor
2373 4107 2534 4161 quam
2563 4091 2742 4146 vidisti
2771 4090 3191 4159 magniﬁcatam,
3231 4096 3286 4141 et
3317 4100 3509 4141 corro-

1973 4179 2237 4248 boratam,
2268 4180 2424 4250 cujus
2453 4182 2681 4235 altitudo
2704 4181 2946 4250 pervenit
2974 4179 3040 4232 ad
3065 4174 3282 4240 etelum',
3316 4183 3370 4228 et
3388 4173 3509 4228 lati-

1973 4275 2102 4328 tudo
2131 4274 2247 4342 ejus
2279 4275 2334 4328 in
2364 4277 2664 4330 universam
2698 4283 2912 4327 terram.

377 4355 462 4405 18.
497 4354 608 4404 Καὶ
634 4352 706 4403 τὰ
733 4351 906 4416 φύλλα
931 4349 1095 4402 αὑτοῦ
1116 4349 1336 4418 εὐθαλῆ,
1355 4349 1447 4402 καὶ
1482 4351 1511 4403 6
1545 4351 1751 4419 καρπὸς
1777 4353 1872 4404 αὑ-

2047 4364 2130 4416 18.
2172 4364 2236 4416 Et
2263 4362 2388 4416 folia
2421 4365 2539 4431 ejus
2565 4362 2827 4427 ﬂorentia,
2858 4371 2911 4416 et
2955 4360 3163 4414 fructus
3203 4357 3320 4427 ejus
3363 4355 3507 4409 mul-

307 4442 400 4494 τοῦ
432 4443 626 4504 πολὺς,
665 4441 761 4492 καὶ
781 4440 954 4508 τροφὴ
986 4439 1152 4490 πᾶσιν
1183 4439 1238 4489 ὲν
1270 4438 1442 4507 αὐτῷ·
1474 4439 1726 4490 ὑποκάτω
1771 4440 1870 4492 αύ-

309 4533 400 4584 τοῦ
438 4533 685 4600 κατῴκει
713 4530 780 4581 τὰ
808 4529 975 4598 θηρία
996 4529 1065 4580 τὰ
1093 4529 1280 4596 ἄγρια,
1315 4530 1408 4581 καὶ
1440 4531 1496 4581 ὲν
1523 4531 1634 4590 τοῖς
1661 4529 1873 4593 κλάδοις

310 4621 471 4672 αὑτοῦ
495 4619 876 4685 κατεσκήνουν
898 4616 972 4667 τὰ
1009 4615 1174 4684 δρνεα
1201 4615 1295 4666 τοῦ
1332 4615 1577 4684 οὐρανοῦ.

379 4710 462 4763 19.
502 4711 575 4759 Σὺ
605 4703 675 4771 εἷ,
709 4705 955 4776 βασιλεῦ,
987 4705 1071 4755 ὅτι
1106 4703 1471 4774 ὲμεγαλύνθης
1499 4703 1593 4756 καὶ⁸
1629 4705 1870 4772 ἴσχυσας,

311 4799 399 4849 κα.)⁸
426 4800 457 4865 ἡ
484 4793 846 4864 μεγαλωσύνη
872 4809 970 4844 σου
1007 4790 1341 4860 ὲμεγαλύνθη
1367 4830 1382 4855 ,
1418 4793 1512 4845 καὶ
1549 4793 1874 4860 ἐφθασενέῑς

309 4885 393 4934 τὸν
417 4883 663 4952 οὐρανὸν,
691 4881 784 4952 καὶ
806 4882 838 4948 ἡ
871 4878 1075 4946 κυρεία
1099 4893 1188 4929 σου
1211 4879 1285 4938 είς
1313 4879 1381 4931 τὰ
1407 4881 1612 4948 πέρατα
1635 4881 1731 4949 τῆς
1749 4882 1870 4950 γῆς.

373 4972 460 5025 20.
483 4950 599 5023 Καὶ
627 4972 710 5023 ὅτι
729 4950 888 5020 εἶδεν
909 4968 941 5018 6
978 4966 1231 5032 βασιλεὺς
1260 4966 1379 5036 Εἲρ,
1406 4969 1498 5019 καὶ
1523 4970 1672 5034 ἅγιον
1706 4987 1872 5023 κατα.

307 5059 550 5113 ϐαίνοντα
578 5063 643 5111 ὲκ
673 5058 764 5110 τοῦ
796 5052 1067 5125 ούρανοῦ,
1090 5055 1179 5105 καὶ
1191 5049 1360 5116 εἶπεν,
1380 5057 1654 5109 Ἐκτίλατε
1677 5058 1736 5109 τὸ
1760 5059 1872 5110 δέν-

307 5147 438 5215 δρον,
471 5148 565 5199 καὶ⁵
584 5144 948 5211 διαφθείρατε
979 5139 1132 5200 αὐτὸ,
1164 5141 1248 5191 καὶ
1283 5141 1428 5210 πλὴν
1467 5151 1563 5213 τὴν
1601 5145 1738 5214 φυὴν
1766 5149 1872 5200 τῶν

307 5238 455 5303 ῥιζῶν
485 5235 650 5288 αὐτοῦ
683 5236 740 5285 ἐν
770 5233 838 5298 τῇ
871 5229 951 5294 γῇ
975 5228 1190 5289 ἐάσατε,
1226 5229 1318 5280 καὶ
1352 5232 1414 5282 ἐν
1439 5232 1618 5301 δεσμῷ
1648 5236 1869 5307 σιδηρῷ,

304 5326 382 5376 καὶ
407 5324 610 5394 χαλκῷ,
647 5321 739 5373 καὶ
761 5320 822 5368 ὲν
843 5318 917 5382 τῇ
955 5312 1092 5381 χλόῃ
1116 5318 1173 5382 τῇ
1207 5315 1330 5378 ἔξω,
1374 5319 1472 5368 καὶ
1511 5321 1567 5370 ἐν
1595 5323 1657 5390 τῇ
1699 5322 1872 5394 δρόσῳ

299 5414 372 5464 τοῦ
421 5408 651 5478 ούρανοῦ
689 5400 1133 5466 αύλισθήσεται,
1181 5402 1271 5454 καὶ
1323 5405 1477 5471 μετὰ
1514 5406 1615 5459 τῶν
1668 5408 1873 5479 Θηρίων

293 5501 478 5569 ἀγρίων
502 5501 533 5566 ή
563 5485 956 5564 μερὶςαύτοῦ.
990 5485 1095 5547 ἕως
1121 5485 1252 5542 ἑπτὰ
1285 5495 1486 5562 καιροὶ
1511 5494 1872 5555 ἁλλοιωθῶσιν

285 5592 354 5644 ἐπ’
378 5586 555 5641 αὐτόν.

1972 4459 2080 4514 tus,
2102 4461 2153 4505 et
2179 4467 2302 4505 esca
2330 4453 2588 4524 omnibus.
2635 4453 2688 4504 in
2738 4466 2798 4505 ea
2834 4469 2846 4503 :
2878 4449 3063 4503 subter
3121 4463 3237 4500 eam
3299 4446 3510 4498 habita-

1971 4541 2100 4593 bant
2127 4541 2308 4594 bestia:
2333 4541 2468 4609 agri,
2491 4548 2544 4594 et
2576 4541 2630 4594 in
2661 4540 2826 4593 ramis
2864 4538 2982 4606 ejus
3035 4536 3510 4590 commorabantur

1971 4642 2099 4681 aves
2125 4628 2268 4680 cmli.

2041 4717 2127 4772 19.
2168 4716 2247 4770 Tu
2275 4731 2354 4783 es,
2386 4730 2419 4770 o
2452 4731 2564 4779 rex,
2590 4715 2715 4784 quia
2770 4714 3140 4782 magnificatus
3159 4729 3240 4775 es,
3268 4722 3320 4767 et
3355 4712 3509 4764 inva-

1971 4807 2138 4871 luisti,
2179 4816 2232 4860 et
2258 4807 2566 4876 magnitudo
2599 4816 2687 4859 tua
2715 4805 3052 4872 magniﬁcata
3091 4812 3206 4866 est,
3230 4811 3283 4854 et
3319 4813 3509 4866 perve-

1971 4897 2051 4949 nit
2076 4896 2138 4950 ad
2169 4896 2385 4957 caelum,
2416 4904 2468 4948 et
2499 4895 2730 4962 potentia
2761 4900 2849 4944 tua
2880 4892 2945 4943 ad
2979 4891 3236 4943 terminos
3267 4898 3439 4939 terrae.

2040 4986 2126 5039 20,
2169 4985 2319 5049 Quod
2349 4994 2525 5038 autem
2555 4981 2689 5036 vidit
2743 4997 2837 5034 rex
2870 4979 2982 5045 Hir,
3029 4987 3080 5032 et
3135 4985 3382 5031 sanctum
3412 4975 3506 5027 de-

1972 5074 2313 5128 scendentem
2346 5073 2410 5126 de
2437 5071 2593 5133 cado,
2617 5078 2673 5123 et
2710 5069 2845 5122 dixit
2873 5086 2885 5122 :
2918 5067 3136 5121 Evellite
3167 5064 3507 5128 arborem,et

1970 5165 2231 5219 destruite
2254 5179 2394 5225 eam,
2443 5169 2679 5216 attamen
2735 5172 2950 5228 germen
3007 5157 3246 5210 radicum
3281 5154 3400 5222 ejus
3449 5153 3504 5207 in

1971 5262 2114 5308 terra
2141 5254 2409 5322 dimittite,
2435 5251 2560 5304 etin
2591 5249 2800 5301 vinculo
2844 5245 3019 5300 ferreo
3038 5284 3054 5311 ,
3083 5252 3137 5297 et
3187 5257 3346 5306 aereo,
3375 5251 3428 5296 et
3449 5243 3504 5296 in

1973 5342 2136 5396 herba
2174 5356 2292 5409 qum
2326 5339 2476 5398 foris,
2508 5344 2562 5388 et
2592 5334 2644 5387 in
2674 5347 2794 5387 rore
2823 5332 2944 5384 οωιί
2983 5328 3424 5392 commorabitur,
3453 5336 3508 5382 et

1974 5445 2095 5485 cum
2124 5429 2306 5483 bestiis
2339 5424 2638 5494 agrestibus
2688 5435 2810 5489 pars
2865 5420 3022 5490 ejus,
3073 5421 3243 5474 donec
3299 5424 3507 5486 septem

1971 5528 2216 5589 tempora
2247 5522 2516 5573 mutentur
2543 5525 2701 5580 super
2726 5523 2871 5566 eum.
