  <div class='ocr_page' id='page_1' title='image "/cluster/home/n/w/nwhite01/storage/ocr_20150623/16, pt. 3 (Origen, pt. 6)/nyp.33433081862322/249.png"; bbox 0 0 3874 6404; ppageno 0'>
   <div class='ocr_carea' id='block_1_1' title="bbox 678 311 897 374">
    <p class='ocr_par' dir='ltr' id='par_1_1' title="bbox 678 311 897 374">
     <span class='ocr_line' id='line_1_1' title="bbox 678 311 897 374; baseline 0.018 -10"><span class='ocrx_word' id='word_1_1' title='bbox 678 352 707 374; x_wconf 54' lang='grc' dir='ltr'><em>χ</em></span> <span class='ocrx_word' id='word_1_2' title='bbox 754 311 897 368; x_wconf 76' lang='lat'><strong>2883</strong></span> 
     </span>
    </p>
   </div>
   <div class='ocr_carea' id='block_1_2' title="bbox 1797 303 2858 361">
    <p class='ocr_par' dir='ltr' id='par_1_2' title="bbox 1797 303 2858 361">
     <span class='ocr_line' id='line_1_2' title="bbox 1797 303 2858 361; baseline 0.001 -2"><span class='ocrx_word' id='word_1_3' title='bbox 1797 304 2048 359; x_wconf 80' lang='lat' dir='ltr'><strong>DANIEL</strong></span> <span class='ocrx_word' id='word_1_4' title='bbox 2078 303 2298 358; x_wconf 77' lang='lat' dir='ltr'><strong>JUXTA</strong></span> <span class='ocrx_word' id='word_1_5' title='bbox 2331 303 2858 361; x_wconf 71' lang='lat' dir='ltr'><strong>THEODOTIONEM</strong></span> 
     </span>
    </p>
   </div>
   <div class='ocr_carea' id='block_1_3' title="bbox 824 416 2354 493">
    <p class='ocr_par' dir='ltr' id='par_1_3' title="bbox 824 416 2354 490">
     <span class='ocr_line' id='line_1_3' title="bbox 824 416 2354 490; baseline -0.005 -13"><span class='ocrx_word' id='word_1_6' title='bbox 824 427 912 478; x_wconf 67' lang='grc' dir='ltr'><strong>ει.</strong></span> <span class='ocrx_word' id='word_1_7' title='bbox 952 422 1074 477; x_wconf 62' lang='lat' dir='ltr'><strong>llaec</strong></span> <span class='ocrx_word' id='word_1_8' title='bbox 1108 419 1473 490; x_wconf 73' lang='lat' dir='ltr'><strong>interpretatio</strong></span> <span class='ocrx_word' id='word_1_9' title='bbox 1507 417 1645 486; x_wconf 86' lang='lat' dir='ltr'><strong>ejus,</strong></span> <span class='ocrx_word' id='word_1_10' title='bbox 1696 430 1849 471; x_wconf 88' lang='lat' dir='ltr'><strong>orex</strong></span> <span class='ocrx_word' id='word_1_11' title='bbox 1878 457 1893 481; x_wconf 91' lang='lat'><strong>,</strong></span> <span class='ocrx_word' id='word_1_12' title='bbox 1935 425 1989 470; x_wconf 88' lang='lat' dir='ltr'><strong>et</strong></span> <span class='ocrx_word' id='word_1_13' title='bbox 2039 416 2298 469; x_wconf 73' lang='lat' dir='ltr'><strong>sententia</strong></span> <span class='ocrx_word' id='word_1_14' title='bbox 2328 424 2354 477; x_wconf 70' lang='grc' dir='ltr'><em>Α</em></span> 
     </span>
    </p>
   </div>
   <div class='ocr_carea' id='block_1_4' title="bbox 1878 416 3408 493">
    <p class='ocr_par' dir='ltr' id='par_1_4' title="bbox 1878 416 3408 493">
     <span class='ocr_line' id='line_1_4' title="bbox 1878 416 3408 493; baseline 0.001 -23"><span class='ocrx_word' id='word_1_15' title='bbox 1878 457 1893 481; x_wconf 85' lang='grc'><strong>,</strong></span> <span class='ocrx_word' id='word_1_16' title='bbox 1935 425 1989 470; x_wconf 89' lang='lat' dir='ltr'><strong>et</strong></span> <span class='ocrx_word' id='word_1_17' title='bbox 2039 416 2298 469; x_wconf 78' lang='lat' dir='ltr'><strong>sententia</strong></span> <span class='ocrx_word' id='word_1_18' title='bbox 2328 424 2373 477; x_wconf 81' lang='grc' dir='ltr'><strong>Α</strong></span> <span class='ocrx_word' id='word_1_19' title='bbox 2434 448 2435 451; x_wconf 61' lang='grc' dir='ltr'><strong>η</strong></span> <span class='ocrx_word' id='word_1_20' title='bbox 2469 418 2555 471; x_wconf 63' lang='grc'>24.</span> <span class='ocrx_word' id='word_1_21' title='bbox 2585 419 2748 472; x_wconf 83' lang='grc' dir='ltr'>Τοῦτο</span> <span class='ocrx_word' id='word_1_22' title='bbox 2794 422 2827 490; x_wconf 87' lang='grc' dir='ltr'>ή</span> <span class='ocrx_word' id='word_1_23' title='bbox 2859 421 3146 493; x_wconf 77' lang='grc' dir='ltr'><strong>σύγκρισις</strong></span> <span class='ocrx_word' id='word_1_24' title='bbox 3198 419 3408 484; x_wconf 73' lang='grc' dir='ltr'>αὐτοῦ,</span> 
     </span>
    </p>
   </div>
   <div class='ocr_carea' id='block_1_5' title="bbox 757 507 2290 579">
    <p class='ocr_par' dir='ltr' id='par_1_5' title="bbox 757 507 2290 579">
     <span class='ocr_line' id='line_1_5' title="bbox 757 507 2290 579; baseline -0.005 -13"><span class='ocrx_word' id='word_1_25' title='bbox 757 513 1016 567; x_wconf 81' lang='lat' dir='ltr'><strong>Altissimi</strong></span> <span class='ocrx_word' id='word_1_26' title='bbox 1039 520 1141 575; x_wconf 90' lang='lat' dir='ltr'><strong>est,</strong></span> <span class='ocrx_word' id='word_1_27' title='bbox 1167 525 1285 579; x_wconf 66' lang='lat' dir='ltr'><strong>quae</strong></span> <span class='ocrx_word' id='word_1_28' title='bbox 1317 507 1557 577; x_wconf 85' lang='lat' dir='ltr'><strong>pervenit</strong></span> <span class='ocrx_word' id='word_1_29' title='bbox 1589 519 1747 574; x_wconf 84' lang='lat' dir='ltr'><strong>super</strong></span> <span class='ocrx_word' id='word_1_30' title='bbox 1797 507 2074 560; x_wconf 89' lang='lat' dir='ltr'><strong>dominum</strong></span> <span class='ocrx_word' id='word_1_31' title='bbox 2112 512 2290 559; x_wconf 86' lang='lat' dir='ltr'><strong>meum</strong></span> 
     </span>
    </p>
   </div>
   <div class='ocr_carea' id='block_1_6' title="bbox 758 595 2291 671">
    <p class='ocr_par' dir='ltr' id='par_1_6' title="bbox 758 595 2291 671">
     <span class='ocr_line' id='line_1_6' title="bbox 758 595 2291 671; baseline -0.003 -17"><span class='ocrx_word' id='word_1_32' title='bbox 758 617 958 671; x_wconf 88' lang='lat' dir='ltr'><strong>regem,</strong></span> <span class='ocrx_word' id='word_1_33' title='bbox 986 613 1037 654; x_wconf 91' lang='lat' dir='ltr'><strong>et</strong></span> <span class='ocrx_word' id='word_1_34' title='bbox 1069 610 1119 653; x_wconf 89' lang='lat' dir='ltr'><strong>te</strong></span> <span class='ocrx_word' id='word_1_35' title='bbox 1146 599 1356 666; x_wconf 90' lang='lat' dir='ltr'><strong>ejicient</strong></span> <span class='ocrx_word' id='word_1_36' title='bbox 1382 597 1448 649; x_wconf 90' lang='lat' dir='ltr'><strong>ah</strong></span> <span class='ocrx_word' id='word_1_37' title='bbox 1478 595 1806 661; x_wconf 90' lang='lat' dir='ltr'><strong>hominibus,</strong></span> <span class='ocrx_word' id='word_1_38' title='bbox 1851 606 1905 647; x_wconf 84' lang='lat' dir='ltr'><strong>et</strong></span> <span class='ocrx_word' id='word_1_39' title='bbox 1953 610 2072 648; x_wconf 91' lang='lat' dir='ltr'><strong>cum</strong></span> <span class='ocrx_word' id='word_1_40' title='bbox 2105 595 2291 649; x_wconf 84' lang='lat' dir='ltr'><strong>bestiis</strong></span> 
     </span>
    </p>
   </div>
   <div class='ocr_carea' id='block_1_7' title="bbox 758 686 1618 759">
    <p class='ocr_par' dir='ltr' id='par_1_7' title="bbox 758 686 1618 759">
     <span class='ocr_line' id='line_1_7' title="bbox 758 686 1618 759; baseline -0.007 -15"><span class='ocrx_word' id='word_1_41' title='bbox 758 690 1059 759; x_wconf 81' lang='lat' dir='ltr'><strong>agrestibus</strong></span> <span class='ocrx_word' id='word_1_42' title='bbox 1082 689 1183 740; x_wconf 90' lang='lat' dir='ltr'><strong>erit</strong></span> <span class='ocrx_word' id='word_1_43' title='bbox 1214 686 1472 739; x_wconf 85' lang='lat' dir='ltr'><strong>habitatio</strong></span> <span class='ocrx_word' id='word_1_44' title='bbox 1509 695 1618 739; x_wconf 90' lang='lat' dir='ltr'><strong>tua.</strong></span> 
     </span>
    </p>
   </div>
   <div class='ocr_carea' id='block_1_8' title="bbox 834 772 2292 841">
    <p class='ocr_par' dir='ltr' id='par_1_8' title="bbox 834 772 2292 841">
     <span class='ocr_line' id='line_1_8' title="bbox 834 772 2292 841; baseline -0.007 -10"><span class='ocrx_word' id='word_1_45' title='bbox 834 780 923 831; x_wconf 88' lang='lat'><strong>22.</strong></span> <span class='ocrx_word' id='word_1_46' title='bbox 968 778 1031 829; x_wconf 86' lang='lat' dir='ltr'><strong>Et</strong></span> <span class='ocrx_word' id='word_1_47' title='bbox 1056 776 1199 829; x_wconf 71' lang='lat' dir='ltr'><strong>foeno</strong></span> <span class='ocrx_word' id='word_1_48' title='bbox 1233 784 1291 826; x_wconf 92' lang='lat' dir='ltr'><strong>ut</strong></span> <span class='ocrx_word' id='word_1_49' title='bbox 1341 775 1527 827; x_wconf 88' lang='lat' dir='ltr'><strong>bovem</strong></span> <span class='ocrx_word' id='word_1_50' title='bbox 1585 781 1802 841; x_wconf 87' lang='lat' dir='ltr'><strong>paseent</strong></span> <span class='ocrx_word' id='word_1_51' title='bbox 1849 782 1916 837; x_wconf 89' lang='lat' dir='ltr'><strong>te,</strong></span> <span class='ocrx_word' id='word_1_52' title='bbox 1949 782 2001 825; x_wconf 91' lang='lat' dir='ltr'><strong>et</strong></span> <span class='ocrx_word' id='word_1_53' title='bbox 2050 772 2114 825; x_wconf 92' lang='lat' dir='ltr'><strong>de</strong></span> <span class='ocrx_word' id='word_1_54' title='bbox 2171 784 2292 823; x_wconf 89' lang='lat' dir='ltr'><strong>rore</strong></span> 
     </span>
    </p>
   </div>
   <div class='ocr_carea' id='block_1_9' title="bbox 759 868 2290 931">
    <p class='ocr_par' dir='ltr' id='par_1_9' title="bbox 759 868 2290 931">
     <span class='ocr_line' id='line_1_9' title="bbox 759 868 2290 931; baseline -0.006 -11"><span class='ocrx_word' id='word_1_55' title='bbox 759 868 881 920; x_wconf 59' lang='grc' dir='ltr'><strong>θατΙὶ</strong></span> <span class='ocrx_word' id='word_1_56' title='bbox 936 878 1133 931; x_wconf 88' lang='lat' dir='ltr'><strong>corpus</strong></span> <span class='ocrx_word' id='word_1_57' title='bbox 1167 872 1316 917; x_wconf 92' lang='lat' dir='ltr'><strong>tuum</strong></span> <span class='ocrx_word' id='word_1_58' title='bbox 1358 871 1687 930; x_wconf 86' lang='lat' dir='ltr'><strong>aspergetur,</strong></span> <span class='ocrx_word' id='word_1_59' title='bbox 1721 871 1774 914; x_wconf 85' lang='lat' dir='ltr'><strong>et</strong></span> <span class='ocrx_word' id='word_1_60' title='bbox 1802 871 1998 929; x_wconf 86' lang='lat' dir='ltr'><strong>septem</strong></span> <span class='ocrx_word' id='word_1_61' title='bbox 2054 868 2290 927; x_wconf 84' lang='lat' dir='ltr'><strong>tempora</strong></span> 
     </span>
    </p>
   </div>
   <div class='ocr_carea' id='block_1_10' title="bbox 760 950 2292 1018">
    <p class='ocr_par' dir='ltr' id='par_1_10' title="bbox 760 950 2292 1018">
     <span class='ocr_line' id='line_1_10' title="bbox 760 950 2292 1018; baseline -0.007 -11"><span class='ocrx_word' id='word_1_62' title='bbox 760 954 1113 1007; x_wconf 89' lang='lat' dir='ltr'><strong>mutabuntur</strong></span> <span class='ocrx_word' id='word_1_63' title='bbox 1146 964 1308 1017; x_wconf 85' lang='lat' dir='ltr'><strong>super</strong></span> <span class='ocrx_word' id='word_1_64' title='bbox 1334 959 1403 1013; x_wconf 92' lang='lat' dir='ltr'><strong>te,</strong></span> <span class='ocrx_word' id='word_1_65' title='bbox 1440 950 1608 1003; x_wconf 90' lang='lat' dir='ltr'><strong>donec</strong></span> <span class='ocrx_word' id='word_1_66' title='bbox 1630 951 1789 1013; x_wconf 82' lang='lat' dir='ltr'><strong>scias,</strong></span> <span class='ocrx_word' id='word_1_67' title='bbox 1811 952 1952 1018; x_wconf 85' lang='lat' dir='ltr'><strong>quod</strong></span> <span class='ocrx_word' id='word_1_68' title='bbox 1987 950 2292 1001; x_wconf 78' lang='lat' dir='ltr'><strong>dominatur</strong></span> 
     </span>
    </p>
   </div>
   <div class='ocr_carea' id='block_1_11' title="bbox 758 1036 2292 1104">
    <p class='ocr_par' dir='ltr' id='par_1_11' title="bbox 758 1036 2292 1104">
     <span class='ocr_line' id='line_1_11' title="bbox 758 1036 2292 1104; baseline -0.005 -10"><span class='ocrx_word' id='word_1_69' title='bbox 758 1040 1011 1094; x_wconf 81' lang='lat' dir='ltr'><strong>Excelsus</strong></span> <span class='ocrx_word' id='word_1_70' title='bbox 1041 1052 1201 1104; x_wconf 88' lang='lat' dir='ltr'><strong>super</strong></span> <span class='ocrx_word' id='word_1_71' title='bbox 1253 1051 1470 1104; x_wconf 78' lang='lat' dir='ltr'><strong>regnum</strong></span> <span class='ocrx_word' id='word_1_72' title='bbox 1523 1037 1821 1101; x_wconf 88' lang='lat' dir='ltr'><strong>hominum,</strong></span> <span class='ocrx_word' id='word_1_73' title='bbox 1861 1046 1914 1091; x_wconf 88' lang='lat' dir='ltr'><strong>et</strong></span> <span class='ocrx_word' id='word_1_74' title='bbox 1971 1036 2292 1102; x_wconf 82' lang='lat' dir='ltr'><strong>cuicumque</strong></span> 
     </span>
    </p>
   </div>
   <div class='ocr_carea' id='block_1_12' title="bbox 757 1127 1359 1189">
    <p class='ocr_par' dir='ltr' id='par_1_12' title="bbox 757 1127 1359 1189">
     <span class='ocr_line' id='line_1_12' title="bbox 757 1127 1359 1189; baseline -0.003 -8"><span class='ocrx_word' id='word_1_75' title='bbox 757 1128 1003 1189; x_wconf 88' lang='lat' dir='ltr'><strong>voluerit,</strong></span> <span class='ocrx_word' id='word_1_76' title='bbox 1034 1127 1180 1181; x_wconf 87' lang='lat' dir='ltr'><strong>dabit</strong></span> <span class='ocrx_word' id='word_1_77' title='bbox 1207 1127 1359 1180; x_wconf 83' lang='lat' dir='ltr'><strong>illud.</strong></span> 
     </span>
    </p>
   </div>
   <div class='ocr_carea' id='block_1_13' title="bbox 824 1210 2290 1282">
    <p class='ocr_par' dir='ltr' id='par_1_13' title="bbox 824 1210 2290 1282">
     <span class='ocr_line' id='line_1_13' title="bbox 824 1210 2290 1282; baseline -0.006 -9"><span class='ocrx_word' id='word_1_78' title='bbox 824 1221 912 1273; x_wconf 76' lang='lat'><strong>23.</strong></span> <span class='ocrx_word' id='word_1_79' title='bbox 938 1218 1091 1282; x_wconf 90' lang='lat' dir='ltr'><strong>Quod</strong></span> <span class='ocrx_word' id='word_1_80' title='bbox 1114 1224 1293 1270; x_wconf 90' lang='lat' dir='ltr'><strong>autem</strong></span> <span class='ocrx_word' id='word_1_81' title='bbox 1325 1215 1492 1268; x_wconf 89' lang='lat' dir='ltr'><strong>dixit:</strong></span> <span class='ocrx_word' id='word_1_82' title='bbox 1524 1213 1782 1265; x_wconf 81' lang='lat' dir='ltr'><strong>Dimittite</strong></span> <span class='ocrx_word' id='word_1_83' title='bbox 1808 1226 2023 1279; x_wconf 82' lang='lat' dir='ltr'><strong>germen</strong></span> <span class='ocrx_word' id='word_1_84' title='bbox 2047 1210 2290 1264; x_wconf 82' lang='lat' dir='ltr'><strong>radicum</strong></span> 
     </span>
    </p>
   </div>
   <div class='ocr_carea' id='block_1_14' title="bbox 759 1305 2293 1375">
    <p class='ocr_par' dir='ltr' id='par_1_14' title="bbox 759 1305 2293 1375">
     <span class='ocr_line' id='line_1_14' title="bbox 759 1305 2293 1375; baseline -0.005 -14"><span class='ocrx_word' id='word_1_85' title='bbox 759 1309 1001 1362; x_wconf 88' lang='lat' dir='ltr'><strong>arboris:</strong></span> <span class='ocrx_word' id='word_1_86' title='bbox 1028 1322 1248 1375; x_wconf 77' lang='lat' dir='ltr'><strong>regnum</strong></span> <span class='ocrx_word' id='word_1_87' title='bbox 1280 1316 1427 1358; x_wconf 90' lang='lat' dir='ltr'><strong>tuttm</strong></span> <span class='ocrx_word' id='word_1_88' title='bbox 1452 1305 1547 1356; x_wconf 85' lang='lat' dir='ltr'><strong>tibi</strong></span> <span class='ocrx_word' id='word_1_89' title='bbox 1577 1305 1849 1368; x_wconf 89' lang='lat' dir='ltr'><strong>manebit,</strong></span> <span class='ocrx_word' id='word_1_90' title='bbox 1890 1311 2171 1371; x_wconf 82' lang='lat' dir='ltr'><strong>postquam</strong></span> <span class='ocrx_word' id='word_1_91' title='bbox 2201 1316 2293 1354; x_wconf 88' lang='lat' dir='ltr'><strong>co-</strong></span> 
     </span>
    </p>
   </div>
   <div class='ocr_carea' id='block_1_15' title="bbox 760 1393 1675 1464">
    <p class='ocr_par' dir='ltr' id='par_1_15' title="bbox 760 1393 1675 1464">
     <span class='ocr_line' id='line_1_15' title="bbox 760 1393 1675 1464; baseline -0.004 -17"><span class='ocrx_word' id='word_1_92' title='bbox 760 1396 1006 1464; x_wconf 87' lang='lat' dir='ltr'><strong>gnoveris</strong></span> <span class='ocrx_word' id='word_1_93' title='bbox 1038 1403 1351 1464; x_wconf 84' lang='lat' dir='ltr'><strong>potestatem</strong></span> <span class='ocrx_word' id='word_1_94' title='bbox 1383 1393 1675 1446; x_wconf 64' lang='lat' dir='ltr'><strong>caelestem.</strong></span> 
     </span>
    </p>
   </div>
   <div class='ocr_carea' id='block_1_16' title="bbox 826 1481 2292 1549">
    <p class='ocr_par' dir='ltr' id='par_1_16' title="bbox 826 1481 2292 1549">
     <span class='ocr_line' id='line_1_16' title="bbox 826 1481 2292 1549; baseline -0.001 -12"><span class='ocrx_word' id='word_1_95' title='bbox 826 1486 914 1537; x_wconf 68' lang='lat'><strong>24.</strong></span> <span class='ocrx_word' id='word_1_96' title='bbox 955 1485 1333 1549; x_wconf 82' lang='lat' dir='ltr'><strong>Quamobrem,</strong></span> <span class='ocrx_word' id='word_1_97' title='bbox 1375 1499 1490 1547; x_wconf 82' lang='lat' dir='ltr'><strong>rex,</strong></span> <span class='ocrx_word' id='word_1_98' title='bbox 1522 1482 1807 1537; x_wconf 80' lang='lat' dir='ltr'><strong>consilium</strong></span> <span class='ocrx_word' id='word_1_99' title='bbox 1861 1496 2036 1534; x_wconf 89' lang='lat' dir='ltr'><strong>meum</strong></span> <span class='ocrx_word' id='word_1_100' title='bbox 2088 1481 2292 1549; x_wconf 79' lang='lat' dir='ltr'><strong>placeat</strong></span> 
     </span>
    </p>
   </div>
   <div class='ocr_carea' id='block_1_17' title="bbox 759 1572 2292 1641">
    <p class='ocr_par' dir='ltr' id='par_1_17' title="bbox 759 1572 2292 1641">
     <span class='ocr_line' id='line_1_17' title="bbox 759 1572 2292 1641; baseline -0.003 -12"><span class='ocrx_word' id='word_1_101' title='bbox 759 1575 876 1638; x_wconf 83' lang='lat' dir='ltr'><strong>tibi,</strong></span> <span class='ocrx_word' id='word_1_102' title='bbox 902 1584 952 1627; x_wconf 89' lang='lat' dir='ltr'><strong>et</strong></span> <span class='ocrx_word' id='word_1_103' title='bbox 983 1582 1198 1641; x_wconf 82' lang='lat' dir='ltr'><strong>peccata</strong></span> <span class='ocrx_word' id='word_1_104' title='bbox 1230 1582 1317 1624; x_wconf 89' lang='lat' dir='ltr'><strong>tua</strong></span> <span class='ocrx_word' id='word_1_105' title='bbox 1340 1573 1393 1624; x_wconf 91' lang='lat' dir='ltr'><strong>in</strong></span> <span class='ocrx_word' id='word_1_106' title='bbox 1420 1572 1774 1640; x_wconf 86' lang='lat' dir='ltr'><strong>eleemosynis</strong></span> <span class='ocrx_word' id='word_1_107' title='bbox 1798 1572 1999 1624; x_wconf 89' lang='lat' dir='ltr'><strong>redime</strong></span> <span class='ocrx_word' id='word_1_108' title='bbox 2019 1611 2033 1634; x_wconf 93' lang='lat'><strong>,</strong></span> <span class='ocrx_word' id='word_1_109' title='bbox 2068 1581 2122 1624; x_wconf 89' lang='lat' dir='ltr'><strong>et</strong></span> <span class='ocrx_word' id='word_1_110' title='bbox 2153 1572 2292 1639; x_wconf 84' lang='lat' dir='ltr'><strong>inju-</strong></span> 
     </span>
    </p>
   </div>
   <div class='ocr_carea' id='block_1_18' title="bbox 761 1660 2291 1727">
    <p class='ocr_par' dir='ltr' id='par_1_18' title="bbox 761 1660 2291 1727">
     <span class='ocr_line' id='line_1_18' title="bbox 761 1660 2291 1727; baseline -0.001 -11"><span class='ocrx_word' id='word_1_111' title='bbox 761 1664 934 1716; x_wconf 87' lang='lat' dir='ltr'><strong>stitias</strong></span> <span class='ocrx_word' id='word_1_112' title='bbox 962 1671 1081 1715; x_wconf 86' lang='lat' dir='ltr'><strong>tuas</strong></span> <span class='ocrx_word' id='word_1_113' title='bbox 1128 1662 1179 1713; x_wconf 91' lang='lat' dir='ltr'><strong>in</strong></span> <span class='ocrx_word' id='word_1_114' title='bbox 1224 1661 1657 1714; x_wconf 85' lang='lat' dir='ltr'><strong>miserationibus</strong></span> <span class='ocrx_word' id='word_1_115' title='bbox 1684 1674 1973 1727; x_wconf 82' lang='lat' dir='ltr'><strong>pauperum</strong></span> <span class='ocrx_word' id='word_1_116' title='bbox 2002 1679 2015 1713; x_wconf 94' lang='lat'><strong>:</strong></span> <span class='ocrx_word' id='word_1_117' title='bbox 2066 1660 2291 1714; x_wconf 80' lang='lat' dir='ltr'><strong>fortasse</strong></span> 
     </span>
    </p>
   </div>
   <div class='ocr_carea' id='block_1_19' title="bbox 760 1749 1779 1816">
    <p class='ocr_par' dir='ltr' id='par_1_19' title="bbox 760 1749 1779 1816">
     <span class='ocr_line' id='line_1_19' title="bbox 760 1749 1779 1816; baseline -0.003 -12"><span class='ocrx_word' id='word_1_118' title='bbox 760 1751 861 1804; x_wconf 87' lang='lat' dir='ltr'><strong>erit</strong></span> <span class='ocrx_word' id='word_1_119' title='bbox 887 1750 1262 1816; x_wconf 72' lang='lat' dir='ltr'><strong>longanimitas</strong></span> <span class='ocrx_word' id='word_1_120' title='bbox 1293 1763 1388 1816; x_wconf 90' lang='lat' dir='ltr'><strong>pro</strong></span> <span class='ocrx_word' id='word_1_121' title='bbox 1414 1749 1620 1801; x_wconf 87' lang='lat' dir='ltr'><strong>delictis</strong></span> <span class='ocrx_word' id='word_1_122' title='bbox 1654 1750 1779 1801; x_wconf 84' lang='lat' dir='ltr'><strong>tuis.</strong></span> 
     </span>
    </p>
   </div>
   <div class='ocr_carea' id='block_1_20' title="bbox 829 1835 2290 1904">
    <p class='ocr_par' dir='ltr' id='par_1_20' title="bbox 829 1835 2290 1904">
     <span class='ocr_line' id='line_1_20' title="bbox 829 1835 2290 1904; baseline -0.001 -15"><span class='ocrx_word' id='word_1_123' title='bbox 829 1839 918 1893; x_wconf 84' lang='lat'><strong>25.</strong></span> <span class='ocrx_word' id='word_1_124' title='bbox 959 1837 1080 1892; x_wconf 62' lang='lat' dir='ltr'><strong>Haec</strong></span> <span class='ocrx_word' id='word_1_125' title='bbox 1110 1840 1292 1891; x_wconf 89' lang='lat' dir='ltr'><strong>omnia</strong></span> <span class='ocrx_word' id='word_1_126' title='bbox 1344 1845 1604 1891; x_wconf 88' lang='lat' dir='ltr'><strong>venerunt</strong></span> <span class='ocrx_word' id='word_1_127' title='bbox 1651 1851 1812 1904; x_wconf 84' lang='lat' dir='ltr'><strong>super</strong></span> <span class='ocrx_word' id='word_1_128' title='bbox 1859 1845 1912 1890; x_wconf 88' lang='lat' dir='ltr'><strong>te</strong></span> <span class='ocrx_word' id='word_1_129' title='bbox 1936 1835 2290 1890; x_wconf 58' lang='lat' dir='ltr'><strong>Nabuchodoc</strong></span> 
     </span>
    </p>
   </div>
   <div class='ocr_carea' id='block_1_21' title="bbox 762 1941 1157 1996">
    <p class='ocr_par' dir='ltr' id='par_1_21' title="bbox 762 1941 1157 1996">
     <span class='ocr_line' id='line_1_21' title="bbox 762 1941 1157 1996; baseline 0.005 -18"><span class='ocrx_word' id='word_1_130' title='bbox 762 1941 925 1980; x_wconf 91' lang='lat' dir='ltr'><strong>nosor</strong></span> <span class='ocrx_word' id='word_1_131' title='bbox 954 1941 1157 1996; x_wconf 84' lang='lat' dir='ltr'><strong>regem.</strong></span> 
     </span>
    </p>
   </div>
   <div class='ocr_carea' id='block_1_22' title="bbox 830 2011 2291 2082">
    <p class='ocr_par' dir='ltr' id='par_1_22' title="bbox 830 2011 2291 2082">
     <span class='ocr_line' id='line_1_22' title="bbox 830 2011 2291 2082; baseline -0.003 -13"><span class='ocrx_word' id='word_1_132' title='bbox 830 2017 918 2069; x_wconf 86' lang='lat'><strong>26.</strong></span> <span class='ocrx_word' id='word_1_133' title='bbox 957 2015 1088 2071; x_wconf 81' lang='lat' dir='ltr'><strong>Post</strong></span> <span class='ocrx_word' id='word_1_134' title='bbox 1119 2030 1327 2070; x_wconf 83' lang='lat' dir='ltr'><strong>menses</strong></span> <span class='ocrx_word' id='word_1_135' title='bbox 1349 2014 1623 2070; x_wconf 83' lang='lat' dir='ltr'><strong>duodecim</strong></span> <span class='ocrx_word' id='word_1_136' title='bbox 1658 2014 1711 2067; x_wconf 86' lang='lat' dir='ltr'><strong>in</strong></span> <span class='ocrx_word' id='word_1_137' title='bbox 1761 2012 1955 2082; x_wconf 82' lang='lat' dir='ltr'><strong>templo</strong></span> <span class='ocrx_word' id='word_1_138' title='bbox 1999 2012 2149 2081; x_wconf 82' lang='lat' dir='ltr'><strong>regni</strong></span> <span class='ocrx_word' id='word_1_139' title='bbox 2206 2011 2291 2067; x_wconf 85' lang='lat' dir='ltr'><strong>sui</strong></span> 
     </span>
    </p>
   </div>
   <div class='ocr_carea' id='block_1_23' title="bbox 762 2100 1877 2175">
    <p class='ocr_par' dir='ltr' id='par_1_23' title="bbox 762 2100 1877 2175">
     <span class='ocr_line' id='line_1_23' title="bbox 762 2100 1877 2175; baseline 0.001 -16"><span class='ocrx_word' id='word_1_140' title='bbox 762 2106 1033 2175; x_wconf 86' lang='lat' dir='ltr'><strong>Babylone</strong></span> <span class='ocrx_word' id='word_1_141' title='bbox 1063 2106 1462 2160; x_wconf 87' lang='lat' dir='ltr'><strong>deambulabat.</strong></span> <span class='ocrx_word' id='word_1_142' title='bbox 1522 2127 1527 2132; x_wconf 68' lang='grc'><em>’</em></span> <span class='ocrx_word' id='word_1_143' title='bbox 1866 2100 1877 2109; x_wconf 42' lang='grc' dir='ltr'><strong>ί</strong></span> 
     </span>
    </p>
   </div>
   <div class='ocr_carea' id='block_1_24' title="bbox 827 2191 2291 2263">
    <p class='ocr_par' dir='ltr' id='par_1_24' title="bbox 827 2191 2291 2263">
     <span class='ocr_line' id='line_1_24' title="bbox 827 2191 2291 2263; baseline -0.004 -13"><span class='ocrx_word' id='word_1_144' title='bbox 827 2198 915 2251; x_wconf 85' lang='lat'><strong>27.</strong></span> <span class='ocrx_word' id='word_1_145' title='bbox 956 2195 1020 2249; x_wconf 87' lang='lat' dir='ltr'><strong>Et</strong></span> <span class='ocrx_word' id='word_1_146' title='bbox 1054 2196 1326 2263; x_wconf 87' lang='lat' dir='ltr'><strong>respondit</strong></span> <span class='ocrx_word' id='word_1_147' title='bbox 1355 2211 1469 2256; x_wconf 88' lang='lat' dir='ltr'><strong>rex,</strong></span> <span class='ocrx_word' id='word_1_148' title='bbox 1516 2202 1569 2248; x_wconf 92' lang='lat' dir='ltr'><strong>et</strong></span> <span class='ocrx_word' id='word_1_149' title='bbox 1614 2192 1787 2247; x_wconf 80' lang='lat' dir='ltr'><strong>dixit:</strong></span> <span class='ocrx_word' id='word_1_150' title='bbox 1821 2191 2010 2244; x_wconf 86' lang='lat' dir='ltr'><strong>Nonne</strong></span> <span class='ocrx_word' id='word_1_151' title='bbox 2042 2193 2150 2244; x_wconf 58' lang='lat' dir='ltr'><strong>hare</strong></span> <span class='ocrx_word' id='word_1_152' title='bbox 2209 2198 2291 2245; x_wconf 88' lang='lat' dir='ltr'><strong>est</strong></span> 
     </span>
    </p>
   </div>
   <div class='ocr_carea' id='block_1_25' title="bbox 761 2282 2292 2354">
    <p class='ocr_par' dir='ltr' id='par_1_25' title="bbox 761 2282 2292 2354">
     <span class='ocr_line' id='line_1_25' title="bbox 761 2282 2292 2354; baseline -0.001 -17"><span class='ocrx_word' id='word_1_153' title='bbox 761 2286 993 2354; x_wconf 83' lang='lat' dir='ltr'><strong>Babylon</strong></span> <span class='ocrx_word' id='word_1_154' title='bbox 1028 2299 1238 2353; x_wconf 90' lang='lat' dir='ltr'><strong>magna,</strong></span> <span class='ocrx_word' id='word_1_155' title='bbox 1271 2299 1431 2352; x_wconf 91' lang='lat' dir='ltr'><strong>quam</strong></span> <span class='ocrx_word' id='word_1_156' title='bbox 1456 2298 1553 2352; x_wconf 90' lang='lat' dir='ltr'><strong>ego</strong></span> <span class='ocrx_word' id='word_1_157' title='bbox 1581 2282 1835 2335; x_wconf 63' lang='lat' dir='ltr'><strong>mdilicavi</strong></span> <span class='ocrx_word' id='word_1_158' title='bbox 1870 2282 1922 2335; x_wconf 92' lang='lat' dir='ltr'><strong>in</strong></span> <span class='ocrx_word' id='word_1_159' title='bbox 1955 2282 2172 2335; x_wconf 85' lang='lat' dir='ltr'><strong>domum</strong></span> <span class='ocrx_word' id='word_1_160' title='bbox 2207 2298 2292 2336; x_wconf 87' lang='lat' dir='ltr'><strong>re—</strong></span> 
     </span>
    </p>
   </div>
   <div class='ocr_carea' id='block_1_26' title="bbox 760 2372 1725 2444">
    <p class='ocr_par' dir='ltr' id='par_1_26' title="bbox 760 2372 1725 2444">
     <span class='ocr_line' id='line_1_26' title="bbox 760 2372 1725 2444; baseline -0.003 -17"><span class='ocrx_word' id='word_1_161' title='bbox 760 2374 871 2444; x_wconf 88' lang='lat' dir='ltr'><strong>gni,</strong></span> <span class='ocrx_word' id='word_1_162' title='bbox 906 2376 958 2428; x_wconf 93' lang='lat' dir='ltr'><strong>in</strong></span> <span class='ocrx_word' id='word_1_163' title='bbox 988 2374 1177 2428; x_wconf 87' lang='lat' dir='ltr'><strong>robore</strong></span> <span class='ocrx_word' id='word_1_164' title='bbox 1197 2372 1524 2427; x_wconf 83' lang='lat' dir='ltr'><strong>fortitudinis</strong></span> <span class='ocrx_word' id='word_1_165' title='bbox 1556 2372 1725 2426; x_wconf 62' lang='lat' dir='ltr'><strong>meae?</strong></span> 
     </span>
    </p>
   </div>
   <div class='ocr_carea' id='block_1_27' title="bbox 830 2460 2292 2530">
    <p class='ocr_par' dir='ltr' id='par_1_27' title="bbox 830 2460 2292 2530">
     <span class='ocr_line' id='line_1_27' title="bbox 830 2460 2292 2530; baseline -0.002 -14"><span class='ocrx_word' id='word_1_166' title='bbox 830 2464 919 2517; x_wconf 87' lang='lat'><strong>28.</strong></span> <span class='ocrx_word' id='word_1_167' title='bbox 959 2463 1092 2516; x_wconf 89' lang='lat' dir='ltr'><strong>Cum</strong></span> <span class='ocrx_word' id='word_1_168' title='bbox 1114 2463 1290 2516; x_wconf 91' lang='lat' dir='ltr'><strong>adhuc</strong></span> <span class='ocrx_word' id='word_1_169' title='bbox 1316 2476 1495 2517; x_wconf 83' lang='lat' dir='ltr'><strong>sermo</strong></span> <span class='ocrx_word' id='word_1_170' title='bbox 1518 2468 1660 2516; x_wconf 87' lang='lat' dir='ltr'><strong>esset</strong></span> <span class='ocrx_word' id='word_1_171' title='bbox 1683 2460 1736 2513; x_wconf 92' lang='lat' dir='ltr'><strong>in</strong></span> <span class='ocrx_word' id='word_1_172' title='bbox 1770 2475 1864 2514; x_wconf 92' lang='lat' dir='ltr'><strong>ore</strong></span> <span class='ocrx_word' id='word_1_173' title='bbox 1889 2460 2057 2530; x_wconf 82' lang='lat' dir='ltr'><strong>regis,</strong></span> <span class='ocrx_word' id='word_1_174' title='bbox 2091 2475 2192 2512; x_wconf 78' lang='lat' dir='ltr'><strong>vox</strong></span> <span class='ocrx_word' id='word_1_175' title='bbox 2228 2460 2292 2514; x_wconf 91' lang='lat' dir='ltr'><strong>de</strong></span> 
     </span>
    </p>
   </div>
   <div class='ocr_carea' id='block_1_28' title="bbox 760 2551 2283 2616">
    <p class='ocr_par' dir='ltr' id='par_1_28' title="bbox 760 2551 2283 2616">
     <span class='ocr_line' id='line_1_28' title="bbox 760 2551 2283 2616; baseline -0.005 -9"><span class='ocrx_word' id='word_1_176' title='bbox 760 2553 897 2608; x_wconf 72' lang='lat' dir='ltr'><strong>cmlo</strong></span> <span class='ocrx_word' id='word_1_177' title='bbox 926 2552 1064 2606; x_wconf 81' lang='lat' dir='ltr'><strong>iacta</strong></span> <span class='ocrx_word' id='word_1_178' title='bbox 1093 2561 1209 2606; x_wconf 87' lang='lat' dir='ltr'><strong>est:</strong></span> <span class='ocrx_word' id='word_1_179' title='bbox 1233 2552 1353 2605; x_wconf 86' lang='lat' dir='ltr'><strong>Tibi</strong></span> <span class='ocrx_word' id='word_1_180' title='bbox 1390 2552 1604 2616; x_wconf 90' lang='lat' dir='ltr'><strong>dicitur,</strong></span> <span class='ocrx_word' id='word_1_181' title='bbox 1636 2551 2135 2605; x_wconf 84' lang='lat' dir='ltr'><strong>Nabuchodonosor</strong></span> <span class='ocrx_word' id='word_1_182' title='bbox 2158 2565 2283 2604; x_wconf 82' lang='lat' dir='ltr'><strong>rex:</strong></span> 
     </span>
    </p>
   </div>
   <div class='ocr_carea' id='block_1_29' title="bbox 761 2644 1553 2714">
    <p class='ocr_par' dir='ltr' id='par_1_29' title="bbox 761 2644 1553 2714">
     <span class='ocr_line' id='line_1_29' title="bbox 761 2644 1553 2714; baseline 0.003 -16"><span class='ocrx_word' id='word_1_183' title='bbox 761 2660 983 2714; x_wconf 87' lang='lat' dir='ltr'><strong>regnum</strong></span> <span class='ocrx_word' id='word_1_184' title='bbox 1016 2653 1163 2697; x_wconf 88' lang='lat' dir='ltr'><strong>tuum</strong></span> <span class='ocrx_word' id='word_1_185' title='bbox 1189 2644 1399 2699; x_wconf 90' lang='lat' dir='ltr'><strong>transiit</strong></span> <span class='ocrx_word' id='word_1_186' title='bbox 1427 2661 1456 2698; x_wconf 90' lang='lat' dir='ltr'><strong>a</strong></span> <span class='ocrx_word' id='word_1_187' title='bbox 1482 2654 1553 2701; x_wconf 88' lang='lat' dir='ltr'><strong>te.</strong></span> 
     </span>
    </p>
   </div>
   <div class='ocr_carea' id='block_1_30' title="bbox 830 2811 2292 2882">
    <p class='ocr_par' dir='ltr' id='par_1_30' title="bbox 830 2811 2292 2882">
     <span class='ocr_line' id='line_1_30' title="bbox 830 2811 2292 2882; baseline 0.006 -17"><span class='ocrx_word' id='word_1_188' title='bbox 830 2811 921 2866; x_wconf 84' lang='lat'><strong>29.</strong></span> <span class='ocrx_word' id='word_1_189' title='bbox 960 2812 1023 2865; x_wconf 83' lang='lat' dir='ltr'><strong>Et</strong></span> <span class='ocrx_word' id='word_1_190' title='bbox 1047 2813 1114 2866; x_wconf 85' lang='lat' dir='ltr'><strong>ab</strong></span> <span class='ocrx_word' id='word_1_191' title='bbox 1142 2812 1451 2869; x_wconf 89' lang='lat' dir='ltr'><strong>hominibus</strong></span> <span class='ocrx_word' id='word_1_192' title='bbox 1482 2822 1533 2868; x_wconf 91' lang='lat' dir='ltr'><strong>te</strong></span> <span class='ocrx_word' id='word_1_193' title='bbox 1576 2813 1808 2882; x_wconf 87' lang='lat' dir='ltr'><strong>ejicient,</strong></span> <span class='ocrx_word' id='word_1_194' title='bbox 1839 2825 1891 2869; x_wconf 90' lang='lat' dir='ltr'><strong>et</strong></span> <span class='ocrx_word' id='word_1_195' title='bbox 1950 2831 2070 2871; x_wconf 91' lang='lat' dir='ltr'><strong>cum</strong></span> <span class='ocrx_word' id='word_1_196' title='bbox 2106 2819 2292 2875; x_wconf 89' lang='lat' dir='ltr'><strong>bestiis</strong></span> 
     </span>
    </p>
   </div>
   <div class='ocr_carea' id='block_1_31' title="bbox 762 2901 2293 2969">
    <p class='ocr_par' dir='ltr' id='par_1_31' title="bbox 762 2901 2293 2969">
     <span class='ocr_line' id='line_1_31' title="bbox 762 2901 2293 2969; baseline 0.006 -15"><span class='ocrx_word' id='word_1_197' title='bbox 762 2901 1061 2969; x_wconf 72' lang='lat' dir='ltr'><strong>agrestibus</strong></span> <span class='ocrx_word' id='word_1_198' title='bbox 1088 2902 1342 2956; x_wconf 89' lang='lat' dir='ltr'><strong>habitatio</strong></span> <span class='ocrx_word' id='word_1_199' title='bbox 1386 2912 1498 2966; x_wconf 86' lang='lat' dir='ltr'><strong>tua,</strong></span> <span class='ocrx_word' id='word_1_200' title='bbox 1534 2911 1588 2958; x_wconf 90' lang='lat' dir='ltr'><strong>et</strong></span> <span class='ocrx_word' id='word_1_201' title='bbox 1625 2903 1771 2958; x_wconf 66' lang='lat' dir='ltr'><strong>freno</strong></span> <span class='ocrx_word' id='word_1_202' title='bbox 1826 2914 1885 2959; x_wconf 88' lang='lat' dir='ltr'><strong>ut</strong></span> <span class='ocrx_word' id='word_1_203' title='bbox 1925 2907 2110 2961; x_wconf 89' lang='lat' dir='ltr'><strong>bovem</strong></span> <span class='ocrx_word' id='word_1_204' title='bbox 2149 2910 2293 2963; x_wconf 84' lang='lat' dir='ltr'><strong>ciba-</strong></span> 
     </span>
    </p>
   </div>
   <div class='ocr_carea' id='block_1_32' title="bbox 764 2991 2292 3062">
    <p class='ocr_par' dir='ltr' id='par_1_32' title="bbox 764 2991 2292 3062">
     <span class='ocr_line' id='line_1_32' title="bbox 764 2991 2292 3062; baseline 0.006 -20"><span class='ocrx_word' id='word_1_205' title='bbox 764 2991 901 3043; x_wconf 78' lang='lat' dir='ltr'><strong>hunt</strong></span> <span class='ocrx_word' id='word_1_206' title='bbox 929 2999 998 3056; x_wconf 88' lang='lat' dir='ltr'><strong>te,</strong></span> <span class='ocrx_word' id='word_1_207' title='bbox 1033 3000 1087 3043; x_wconf 89' lang='lat' dir='ltr'><strong>et</strong></span> <span class='ocrx_word' id='word_1_208' title='bbox 1111 2998 1310 3058; x_wconf 85' lang='lat' dir='ltr'><strong>septem</strong></span> <span class='ocrx_word' id='word_1_209' title='bbox 1346 2999 1583 3058; x_wconf 89' lang='lat' dir='ltr'><strong>tempora</strong></span> <span class='ocrx_word' id='word_1_210' title='bbox 1607 2993 1957 3046; x_wconf 89' lang='lat' dir='ltr'><strong>mutabuntur</strong></span> <span class='ocrx_word' id='word_1_211' title='bbox 2033 3009 2191 3062; x_wconf 87' lang='lat' dir='ltr'><strong>super</strong></span> <span class='ocrx_word' id='word_1_212' title='bbox 2243 3006 2292 3051; x_wconf 91' lang='lat' dir='ltr'><strong>te</strong></span> 
     </span>
    </p>
   </div>
   <div class='ocr_carea' id='block_1_33' title="bbox 2398 508 3424 578">
    <p class='ocr_par' dir='ltr' id='par_1_33' title="bbox 2398 508 3424 578">
     <span class='ocr_line' id='line_1_33' title="bbox 2398 508 3424 578; baseline 0.007 -24"><span class='ocrx_word' id='word_1_213' title='bbox 2398 520 2566 574; x_wconf 73' lang='grc' dir='ltr'>κριμα</span> <span class='ocrx_word' id='word_1_214' title='bbox 2604 508 2854 576; x_wconf 74' lang='grc' dir='ltr'>Ὑψίστου</span> <span class='ocrx_word' id='word_1_215' title='bbox 2902 513 3070 573; x_wconf 77' lang='grc' dir='ltr'>ἐστὶν,</span> <span class='ocrx_word' id='word_1_216' title='bbox 3103 510 3135 561; x_wconf 85' lang='grc' dir='ltr'><strong>ὃ</strong></span> <span class='ocrx_word' id='word_1_217' title='bbox 3161 509 3424 578; x_wconf 78' lang='grc' dir='ltr'><strong>ἔφθασεν</strong></span> 
     </span>
    </p>
   </div>
   <div class='ocr_carea' id='block_1_34' title="bbox 2395 594 3430 664">
    <p class='ocr_par' dir='ltr' id='par_1_34' title="bbox 2395 594 3430 664">
     <span class='ocr_line' id='line_1_34' title="bbox 2395 594 3430 664; baseline 0.005 -20"><span class='ocrx_word' id='word_1_218' title='bbox 2395 594 2484 644; x_wconf 85' lang='grc' dir='ltr'>τὸν</span> <span class='ocrx_word' id='word_1_219' title='bbox 2527 595 2764 662; x_wconf 84' lang='grc' dir='ltr'><strong>βασιλέα,</strong></span> <span class='ocrx_word' id='word_1_220' title='bbox 2792 600 2882 649; x_wconf 79' lang='grc' dir='ltr'><strong>καὶ</strong></span> <span class='ocrx_word' id='word_1_221' title='bbox 2904 601 2962 651; x_wconf 85' lang='grc' dir='ltr'><strong>σέ</strong></span> <span class='ocrx_word' id='word_1_222' title='bbox 2985 595 3369 664; x_wconf 39' lang='grc' dir='ltr'>ἐκδιώξουσινγ</span> <span class='ocrx_word' id='word_1_223' title='bbox 3390 599 3430 649; x_wconf 82' lang='grc' dir='ltr'>ἁ</span> 
     </span>
    </p>
   </div>
   <div class='ocr_carea' id='block_1_35' title="bbox 2394 682 3434 755">
    <p class='ocr_par' dir='ltr' id='par_1_35' title="bbox 2394 682 3434 755">
     <span class='ocr_line' id='line_1_35' title="bbox 2394 682 3434 755; baseline 0.003 -23"><span class='ocrx_word' id='word_1_224' title='bbox 2394 682 2487 732; x_wconf 70' lang='grc' dir='ltr'><strong>καὶ</strong></span> <span class='ocrx_word' id='word_1_225' title='bbox 2521 684 2655 749; x_wconf 86' lang='grc' dir='ltr'><strong>μετά</strong></span> <span class='ocrx_word' id='word_1_226' title='bbox 2680 684 2880 753; x_wconf 79' lang='grc' dir='ltr'>θηρίων</span> <span class='ocrx_word' id='word_1_227' title='bbox 2906 688 3110 755; x_wconf 84' lang='grc' dir='ltr'>ἀγρίων</span> <span class='ocrx_word' id='word_1_228' title='bbox 3133 686 3299 737; x_wconf 73' lang='grc' dir='ltr'>ἔσται</span> <span class='ocrx_word' id='word_1_229' title='bbox 3335 688 3373 753; x_wconf 83' lang='grc' dir='ltr'><strong>ή</strong></span> <span class='ocrx_word' id='word_1_230' title='bbox 3420 702 3434 735; x_wconf 66' lang='grc' dir='ltr'><strong>ι</strong></span> 
     </span>
    </p>
   </div>
   <div class='ocr_carea' id='block_1_36' title="bbox 2460 771 3434 842">
    <p class='ocr_par' dir='ltr' id='par_1_36' title="bbox 2460 771 3434 842">
     <span class='ocr_line' id='line_1_36' title="bbox 2460 771 3434 842; baseline 0.001 -21"><span class='ocrx_word' id='word_1_231' title='bbox 2460 771 2549 821; x_wconf 77' lang='lat'><strong>22.</strong></span> <span class='ocrx_word' id='word_1_232' title='bbox 2588 772 2690 821; x_wconf 86' lang='lat' dir='ltr'><strong>Kal</strong></span> <span class='ocrx_word' id='word_1_233' title='bbox 2722 773 2910 840; x_wconf 85' lang='grc' dir='ltr'>χόρτον</span> <span class='ocrx_word' id='word_1_234' title='bbox 2956 775 3032 835; x_wconf 82' lang='grc' dir='ltr'>ὡς</span> <span class='ocrx_word' id='word_1_235' title='bbox 3071 774 3203 842; x_wconf 82' lang='grc' dir='ltr'><strong>βοῦν</strong></span> <span class='ocrx_word' id='word_1_236' title='bbox 3265 773 3434 841; x_wconf 75' lang='grc' dir='ltr'><strong>ψωμὲ</strong></span> 
     </span>
    </p>
   </div>
   <div class='ocr_carea' id='block_1_37' title="bbox 2394 863 3434 937">
    <p class='ocr_par' dir='ltr' id='par_1_37' title="bbox 2394 863 3434 937">
     <span class='ocr_line' id='line_1_37' title="bbox 2394 863 3434 937; baseline 0.002 -23"><span class='ocrx_word' id='word_1_237' title='bbox 2394 863 2491 931; x_wconf 81' lang='grc' dir='ltr'>τῆς</span> <span class='ocrx_word' id='word_1_238' title='bbox 2522 864 2708 933; x_wconf 81' lang='grc' dir='ltr'><strong>δρόσου</strong></span> <span class='ocrx_word' id='word_1_239' title='bbox 2734 867 2832 917; x_wconf 72' lang='grc' dir='ltr'>τοῦ</span> <span class='ocrx_word' id='word_1_240' title='bbox 2854 866 3080 937; x_wconf 64' lang='grc' dir='ltr'>οὐρανοῦ</span> <span class='ocrx_word' id='word_1_241' title='bbox 3102 868 3166 918; x_wconf 76' lang='grc' dir='ltr'><strong>ἰδ</strong></span> <span class='ocrx_word' id='word_1_242' title='bbox 3198 866 3382 933; x_wconf 84' lang='grc' dir='ltr'>σῶμά</span> <span class='ocrx_word' id='word_1_243' title='bbox 3406 882 3434 915; x_wconf 86' lang='grc' dir='ltr'><strong>σ</strong></span> 
     </span>
    </p>
   </div>
   <div class='ocr_carea' id='block_1_38' title="bbox 2398 953 3433 1023">
    <p class='ocr_par' dir='ltr' id='par_1_38' title="bbox 2398 953 3433 1023">
     <span class='ocr_line' id='line_1_38' title="bbox 2398 953 3433 1023; baseline 0.001 -21"><span class='ocrx_word' id='word_1_244' title='bbox 2398 953 2534 1004; x_wconf 73' lang='grc' dir='ltr'><strong>ἑπτὰ</strong></span> <span class='ocrx_word' id='word_1_245' title='bbox 2566 956 2744 1022; x_wconf 71' lang='grc' dir='ltr'>καιροὶ</span> <span class='ocrx_word' id='word_1_246' title='bbox 2772 955 3170 1023; x_wconf 81' lang='grc' dir='ltr'><strong>ἀλλαγήσονται</strong></span> <span class='ocrx_word' id='word_1_247' title='bbox 3202 955 3307 1006; x_wconf 76' lang='grc' dir='ltr'><strong>ἐπὶ</strong></span> <span class='ocrx_word' id='word_1_248' title='bbox 3354 954 3433 1004; x_wconf 75' lang='grc' dir='ltr'>σὲ.</span> 
     </span>
    </p>
   </div>
   <div class='ocr_carea' id='block_1_39' title="bbox 2394 1042 3434 1111">
    <p class='ocr_par' dir='ltr' id='par_1_39' title="bbox 2394 1042 3434 1111">
     <span class='ocr_line' id='line_1_39' title="bbox 2394 1042 3434 1111; baseline 0 -18"><span class='ocrx_word' id='word_1_249' title='bbox 2394 1042 2628 1110; x_wconf 72' lang='grc' dir='ltr'><strong>κυριεύει</strong></span> <span class='ocrx_word' id='word_1_250' title='bbox 2676 1044 2703 1093; x_wconf 88' lang='grc' dir='ltr'>ὁ</span> <span class='ocrx_word' id='word_1_251' title='bbox 2762 1043 3019 1110; x_wconf 72' lang='grc' dir='ltr'>’Υψιστος</span> <span class='ocrx_word' id='word_1_252' title='bbox 3046 1047 3144 1111; x_wconf 86' lang='grc' dir='ltr'>τῆς</span> <span class='ocrx_word' id='word_1_253' title='bbox 3168 1042 3434 1110; x_wconf 80' lang='grc' dir='ltr'>βασιλεία</span> 
     </span>
    </p>
   </div>
   <div class='ocr_carea' id='block_1_40' title="bbox 2395 1122 3247 1199">
    <p class='ocr_par' dir='ltr' id='par_1_40' title="bbox 2395 1122 3247 1199">
     <span class='ocr_line' id='line_1_40' title="bbox 2395 1122 3247 1199; baseline 0.005 -19"><span class='ocrx_word' id='word_1_254' title='bbox 2395 1130 2485 1180; x_wconf 75' lang='grc' dir='ltr'><strong>καὶ</strong></span> <span class='ocrx_word' id='word_1_255' title='bbox 2508 1122 2550 1194; x_wconf 81' lang='grc' dir='ltr'><strong>ᾧ</strong></span> <span class='ocrx_word' id='word_1_256' title='bbox 2579 1129 2645 1181; x_wconf 79' lang='grc' dir='ltr'>ἂν</span> <span class='ocrx_word' id='word_1_257' title='bbox 2669 1130 2813 1198; x_wconf 81' lang='grc' dir='ltr'>δόξῃ,</span> <span class='ocrx_word' id='word_1_258' title='bbox 2846 1129 3005 1181; x_wconf 84' lang='grc' dir='ltr'>δώσει</span> <span class='ocrx_word' id='word_1_259' title='bbox 3045 1132 3247 1199; x_wconf 81' lang='grc' dir='ltr'>αὐτήν.</span> 
     </span>
    </p>
   </div>
   <div class='ocr_carea' id='block_1_41' title="bbox 2459 1214 3434 1286">
    <p class='ocr_par' dir='ltr' id='par_1_41' title="bbox 2459 1214 3434 1286">
     <span class='ocr_line' id='line_1_41' title="bbox 2459 1214 3434 1286; baseline -0.001 -17"><span class='ocrx_word' id='word_1_260' title='bbox 2459 1217 2548 1271; x_wconf 74' lang='lat'><strong>23.</strong></span> <span class='ocrx_word' id='word_1_261' title='bbox 2578 1218 2687 1268; x_wconf 89' lang='lat' dir='ltr'><strong>Kal</strong></span> <span class='ocrx_word' id='word_1_262' title='bbox 2707 1219 2787 1268; x_wconf 82' lang='grc' dir='ltr'>ὃτι</span> <span class='ocrx_word' id='word_1_263' title='bbox 2816 1214 2986 1281; x_wconf 80' lang='grc' dir='ltr'>εἶπεν,</span> <span class='ocrx_word' id='word_1_264' title='bbox 3004 1217 3244 1270; x_wconf 84' lang='grc' dir='ltr'>Ἐάσατε</span> <span class='ocrx_word' id='word_1_265' title='bbox 3267 1218 3382 1286; x_wconf 79' lang='grc' dir='ltr'>τὴν</span> <span class='ocrx_word' id='word_1_266' title='bbox 3418 1235 3434 1268; x_wconf 81' lang='grc' dir='ltr'>ι</span> 
     </span>
    </p>
   </div>
   <div class='ocr_carea' id='block_1_42' title="bbox 2393 1305 3434 1375">
    <p class='ocr_par' dir='ltr' id='par_1_42' title="bbox 2393 1305 3434 1375">
     <span class='ocr_line' id='line_1_42' title="bbox 2393 1305 3434 1375; baseline 0 -18"><span class='ocrx_word' id='word_1_267' title='bbox 2393 1305 2603 1375; x_wconf 81' lang='grc' dir='ltr'><strong>δένδρου</strong></span> <span class='ocrx_word' id='word_1_268' title='bbox 2623 1320 2640 1337; x_wconf 75' lang='grc' dir='ltr'>σ</span> <span class='ocrx_word' id='word_1_269' title='bbox 2677 1306 2708 1373; x_wconf 82' lang='grc' dir='ltr'>ἡ</span> <span class='ocrx_word' id='word_1_270' title='bbox 2745 1305 2988 1372; x_wconf 82' lang='grc' dir='ltr'>βασιλεία</span> <span class='ocrx_word' id='word_1_271' title='bbox 3016 1322 3109 1357; x_wconf 89' lang='grc' dir='ltr'><strong>σου</strong></span> <span class='ocrx_word' id='word_1_272' title='bbox 3134 1307 3221 1359; x_wconf 73' lang='grc' dir='ltr'>σοὶ</span> <span class='ocrx_word' id='word_1_273' title='bbox 3258 1308 3434 1375; x_wconf 81' lang='grc' dir='ltr'>μενεῖ</span> 
     </span>
    </p>
   </div>
   <div class='ocr_carea' id='block_1_43' title="bbox 2394 1394 3164 1464">
    <p class='ocr_par' dir='ltr' id='par_1_43' title="bbox 2394 1394 3164 1464">
     <span class='ocr_line' id='line_1_43' title="bbox 2394 1394 3164 1464; baseline 0.004 -19"><span class='ocrx_word' id='word_1_274' title='bbox 2394 1394 2490 1463; x_wconf 81' lang='grc' dir='ltr'>τὴν</span> <span class='ocrx_word' id='word_1_275' title='bbox 2516 1394 2758 1456; x_wconf 80' lang='grc' dir='ltr'><strong>ἐξουσίαν</strong></span> <span class='ocrx_word' id='word_1_276' title='bbox 2776 1396 2872 1464; x_wconf 75' lang='grc' dir='ltr'>τὴν</span> <span class='ocrx_word' id='word_1_277' title='bbox 2892 1396 3164 1464; x_wconf 80' lang='grc' dir='ltr'>οὐράνιον.</span> 
     </span>
    </p>
   </div>
   <div class='ocr_carea' id='block_1_44' title="bbox 2389 1472 3434 1554">
    <p class='ocr_par' dir='ltr' id='par_1_44' title="bbox 2389 1472 3434 1554">
     <span class='ocr_line' id='line_1_44' title="bbox 2389 1472 3434 1554; baseline 0.002 -21"><span class='ocrx_word' id='word_1_278' title='bbox 2389 1510 2395 1515; x_wconf 84' lang='lat'><strong><em>~</em></strong></span> <span class='ocrx_word' id='word_1_279' title='bbox 2463 1472 2552 1534; x_wconf 67' lang='lat' dir='ltr'><strong>2i.</strong></span> <span class='ocrx_word' id='word_1_280' title='bbox 2584 1483 2679 1536; x_wconf 84' lang='grc' dir='ltr'><strong>Διὰ</strong></span> <span class='ocrx_word' id='word_1_281' title='bbox 2704 1483 2878 1546; x_wconf 84' lang='grc' dir='ltr'>τοῦτο,</span> <span class='ocrx_word' id='word_1_282' title='bbox 2906 1483 3148 1550; x_wconf 81' lang='grc' dir='ltr'>βασιλεῦ,</span> <span class='ocrx_word' id='word_1_283' title='bbox 3186 1486 3221 1554; x_wconf 77' lang='grc' dir='ltr'><strong>ἡ</strong></span> <span class='ocrx_word' id='word_1_284' title='bbox 3266 1484 3434 1553; x_wconf 64' lang='grc' dir='ltr'>βουλε]</span> 
     </span>
    </p>
   </div>
   <div class='ocr_carea' id='block_1_45' title="bbox 2396 1570 3431 1643">
    <p class='ocr_par' dir='ltr' id='par_1_45' title="bbox 2396 1570 3431 1643">
     <span class='ocr_line' id='line_1_45' title="bbox 2396 1570 3431 1643; baseline 0.004 -22"><span class='ocrx_word' id='word_1_285' title='bbox 2396 1570 2489 1622; x_wconf 78' lang='grc' dir='ltr'><strong>καὶ</strong></span> <span class='ocrx_word' id='word_1_286' title='bbox 2539 1572 2638 1633; x_wconf 85' lang='grc' dir='ltr'><strong>τὰς</strong></span> <span class='ocrx_word' id='word_1_287' title='bbox 2691 1572 2959 1641; x_wconf 80' lang='grc' dir='ltr'>ἁμαρτίας</span> <span class='ocrx_word' id='word_1_288' title='bbox 3007 1589 3100 1624; x_wconf 90' lang='grc' dir='ltr'><strong>σου</strong></span> <span class='ocrx_word' id='word_1_289' title='bbox 3139 1575 3198 1624; x_wconf 85' lang='grc' dir='ltr'><strong>ἐν</strong></span> <span class='ocrx_word' id='word_1_290' title='bbox 3235 1574 3431 1643; x_wconf 84' lang='grc' dir='ltr'>ἐλεημ</span> 
     </span>
    </p>
   </div>
   <div class='ocr_carea' id='block_1_46' title="bbox 2396 1659 3434 1731">
    <p class='ocr_par' dir='ltr' id='par_1_46' title="bbox 2396 1659 3434 1731">
     <span class='ocr_line' id='line_1_46' title="bbox 2396 1659 3434 1731; baseline 0.005 -22"><span class='ocrx_word' id='word_1_291' title='bbox 2396 1659 2489 1710; x_wconf 78' lang='grc' dir='ltr'><strong>καὶ</strong></span> <span class='ocrx_word' id='word_1_292' title='bbox 2518 1659 2615 1720; x_wconf 78' lang='grc' dir='ltr'>τὰς</span> <span class='ocrx_word' id='word_1_293' title='bbox 2656 1659 2866 1722; x_wconf 79' lang='grc' dir='ltr'>ἀδικίας</span> <span class='ocrx_word' id='word_1_294' title='bbox 2921 1677 3014 1711; x_wconf 93' lang='grc' dir='ltr'><strong>σου</strong></span> <span class='ocrx_word' id='word_1_295' title='bbox 3061 1664 3120 1713; x_wconf 90' lang='grc' dir='ltr'><strong>ἐν</strong></span> <span class='ocrx_word' id='word_1_296' title='bbox 3153 1664 3434 1731; x_wconf 78' lang='grc' dir='ltr'>οίκτιρμο</span> 
     </span>
    </p>
   </div>
   <div class='ocr_carea' id='block_1_47' title="bbox 2328 1745 3434 1819">
    <p class='ocr_par' dir='ltr' id='par_1_47' title="bbox 2328 1745 3434 1819">
     <span class='ocr_line' id='line_1_47' title="bbox 2328 1745 3434 1819; baseline 0 -18"><span class='ocrx_word' id='word_1_297' title='bbox 2328 1749 2367 1801; x_wconf 90' lang='lat' dir='ltr'>D</span> <span class='ocrx_word' id='word_1_298' title='bbox 2396 1745 2544 1797; x_wconf 75' lang='grc' dir='ltr'>ἔσται</span> <span class='ocrx_word' id='word_1_299' title='bbox 2571 1746 2918 1814; x_wconf 83' lang='grc' dir='ltr'>μακροθυμία</span> <span class='ocrx_word' id='word_1_300' title='bbox 2938 1750 3048 1810; x_wconf 85' lang='grc' dir='ltr'>τοῖς</span> <span class='ocrx_word' id='word_1_301' title='bbox 3078 1750 3434 1819; x_wconf 79' lang='grc' dir='ltr'>παραπτώμ‹</span> 
     </span>
    </p>
   </div>
   <div class='ocr_carea' id='block_1_48' title="bbox 2386 1833 3403 1906">
    <p class='ocr_par' dir='ltr' id='par_1_48' title="bbox 2386 1833 3403 1906">
     <span class='ocr_line' id='line_1_48' title="bbox 2386 1833 3403 1906; baseline 0.007 -22"><span class='ocrx_word' id='word_1_302' title='bbox 2386 1854 2391 1855; x_wconf 50' lang='grc' dir='ltr'><strong>ν</strong></span> <span class='ocrx_word' id='word_1_303' title='bbox 2462 1833 2554 1888; x_wconf 80' lang='lat'><strong>25.</strong></span> <span class='ocrx_word' id='word_1_304' title='bbox 2591 1835 2772 1887; x_wconf 82' lang='grc' dir='ltr'>Ταῦτα</span> <span class='ocrx_word' id='word_1_305' title='bbox 2802 1838 2977 1889; x_wconf 77' lang='grc' dir='ltr'>πάντα</span> <span class='ocrx_word' id='word_1_306' title='bbox 3005 1836 3248 1906; x_wconf 76' lang='grc' dir='ltr'>ἔφθασεν</span> <span class='ocrx_word' id='word_1_307' title='bbox 3284 1839 3403 1891; x_wconf 68' lang='grc' dir='ltr'><strong>ἐπὶ</strong></span> 
     </span>
    </p>
   </div>
   <div class='ocr_carea' id='block_1_49' title="bbox 2392 1921 2759 1989">
    <p class='ocr_par' dir='ltr' id='par_1_49' title="bbox 2392 1921 2759 1989">
     <span class='ocr_line' id='line_1_49' title="bbox 2392 1921 2759 1989; baseline 0.005 -16"><span class='ocrx_word' id='word_1_308' title='bbox 2392 1922 2482 1973; x_wconf 83' lang='grc' dir='ltr'>τὸν</span> <span class='ocrx_word' id='word_1_309' title='bbox 2513 1921 2759 1989; x_wconf 74' lang='grc' dir='ltr'>βασιλέα..</span> 
     </span>
    </p>
   </div>
   <div class='ocr_carea' id='block_1_50' title="bbox 2461 2010 3398 2084">
    <p class='ocr_par' dir='ltr' id='par_1_50' title="bbox 2461 2010 3398 2084">
     <span class='ocr_line' id='line_1_50' title="bbox 2461 2010 3398 2084; baseline 0.005 -22"><span class='ocrx_word' id='word_1_310' title='bbox 2461 2010 2547 2063; x_wconf 82' lang='lat'><strong>26.</strong></span> <span class='ocrx_word' id='word_1_311' title='bbox 2577 2010 2730 2063; x_wconf 82' lang='grc' dir='ltr'>Μετὰ</span> <span class='ocrx_word' id='word_1_312' title='bbox 2773 2011 3156 2081; x_wconf 78' lang='grc' dir='ltr'>δωδεκάμηνον</span> <span class='ocrx_word' id='word_1_313' title='bbox 3204 2013 3398 2084; x_wconf 78' lang='grc' dir='ltr'>ἐνιτῷ</span> 
     </span>
    </p>
   </div>
   <div class='ocr_carea' id='block_1_51' title="bbox 2394 2099 3427 2177">
    <p class='ocr_par' dir='ltr' id='par_1_51' title="bbox 2394 2099 3427 2177">
     <span class='ocr_line' id='line_1_51' title="bbox 2394 2099 3427 2177; baseline 0.007 -27"><span class='ocrx_word' id='word_1_314' title='bbox 2394 2099 2554 2152; x_wconf 81' lang='grc' dir='ltr'>αὐτοῦ</span> <span class='ocrx_word' id='word_1_315' title='bbox 2585 2101 2641 2151; x_wconf 84' lang='grc' dir='ltr'><strong>ἐν</strong></span> <span class='ocrx_word' id='word_1_316' title='bbox 2667 2101 2944 2153; x_wconf 78' lang='grc' dir='ltr'>Βαόυλῶνι</span> <span class='ocrx_word' id='word_1_317' title='bbox 2970 2102 3299 2171; x_wconf 81' lang='grc' dir='ltr'>περιπατῶν</span> <span class='ocrx_word' id='word_1_318' title='bbox 3324 2103 3427 2177; x_wconf 77' lang='grc' dir='ltr'>ἦν.</span> 
     </span>
    </p>
   </div>
   <div class='ocr_carea' id='block_1_52' title="bbox 2462 2188 3429 2259">
    <p class='ocr_par' dir='ltr' id='par_1_52' title="bbox 2462 2188 3429 2259">
     <span class='ocr_line' id='line_1_52' title="bbox 2462 2188 3429 2259; baseline 0.007 -20"><span class='ocrx_word' id='word_1_319' title='bbox 2462 2188 2551 2240; x_wconf 89' lang='grc'><strong>27.</strong></span> <span class='ocrx_word' id='word_1_320' title='bbox 2580 2188 2688 2241; x_wconf 84' lang='lat' dir='ltr'><strong>Kal</strong></span> <span class='ocrx_word' id='word_1_321' title='bbox 2720 2190 2987 2259; x_wconf 78' lang='grc' dir='ltr'><strong>ἀπεκρίθη</strong></span> <span class='ocrx_word' id='word_1_322' title='bbox 3019 2193 3046 2242; x_wconf 87' lang='grc' dir='ltr'>ὀ</span> <span class='ocrx_word' id='word_1_323' title='bbox 3069 2191 3359 2259; x_wconf 77' lang='grc' dir='ltr'>βασιλεὺς,</span> <span class='ocrx_word' id='word_1_324' title='bbox 3389 2213 3429 2245; x_wconf 79' lang='grc' dir='ltr'><strong><em>κ</em></strong></span> 
     </span>
    </p>
   </div>
   <div class='ocr_carea' id='block_1_53' title="bbox 2395 2277 3434 2352">
    <p class='ocr_par' dir='ltr' id='par_1_53' title="bbox 2395 2277 3434 2352">
     <span class='ocr_line' id='line_1_53' title="bbox 2395 2277 3434 2352; baseline 0.007 -25"><span class='ocrx_word' id='word_1_325' title='bbox 2395 2278 2508 2328; x_wconf 73' lang='grc' dir='ltr'>ἐστὶ</span> <span class='ocrx_word' id='word_1_326' title='bbox 2545 2277 2798 2329; x_wconf 77' lang='grc' dir='ltr'>Βαϐυλὼν</span> <span class='ocrx_word' id='word_1_327' title='bbox 2820 2281 2853 2347; x_wconf 81' lang='grc' dir='ltr'>ἡ</span> <span class='ocrx_word' id='word_1_328' title='bbox 2886 2280 3120 2350; x_wconf 84' lang='grc' dir='ltr'><strong>μεγάλη,</strong></span> <span class='ocrx_word' id='word_1_329' title='bbox 3139 2283 3208 2349; x_wconf 79' lang='grc' dir='ltr'>ἢν</span> <span class='ocrx_word' id='word_1_330' title='bbox 3234 2283 3358 2351; x_wconf 84' lang='grc' dir='ltr'>ἐγὼ</span> <span class='ocrx_word' id='word_1_331' title='bbox 3390 2285 3434 2352; x_wconf 69' lang='grc' dir='ltr'>ᾠ</span> 
     </span>
    </p>
   </div>
   <div class='ocr_carea' id='block_1_54' title="bbox 2376 2364 3429 2441">
    <p class='ocr_par' dir='ltr' id='par_1_54' title="bbox 2376 2364 3429 2441">
     <span class='ocr_line' id='line_1_54' title="bbox 2376 2364 3429 2441; baseline 0.009 -25"><span class='ocrx_word' id='word_1_332' title='bbox 2376 2364 2666 2433; x_wconf 72' lang='grc' dir='ltr'><strong>⁹βασιλείας</strong></span> <span class='ocrx_word' id='word_1_333' title='bbox 2692 2368 2749 2418; x_wconf 91' lang='grc' dir='ltr'><strong>ἐν</strong></span> <span class='ocrx_word' id='word_1_334' title='bbox 2773 2367 2850 2435; x_wconf 84' lang='grc' dir='ltr'>τῷ</span> <span class='ocrx_word' id='word_1_335' title='bbox 2880 2370 3081 2437; x_wconf 81' lang='grc' dir='ltr'>κράτει·</span> <span class='ocrx_word' id='word_1_336' title='bbox 3100 2370 3203 2440; x_wconf 82' lang='grc' dir='ltr'>τῆς</span> <span class='ocrx_word' id='word_1_337' title='bbox 3254 2373 3429 2441; x_wconf 78' lang='grc' dir='ltr'>ίσχύο</span> 
     </span>
    </p>
   </div>
   <div class='ocr_carea' id='block_1_55' title="bbox 2463 2455 3434 2533">
    <p class='ocr_par' dir='ltr' id='par_1_55' title="bbox 2463 2455 3434 2533">
     <span class='ocr_line' id='line_1_55' title="bbox 2463 2455 3434 2533; baseline 0.01 -27"><span class='ocrx_word' id='word_1_338' title='bbox 2463 2455 2552 2509; x_wconf 83' lang='grc'><strong>28.</strong></span> <span class='ocrx_word' id='word_1_339' title='bbox 2592 2457 2710 2508; x_wconf 84' lang='grc' dir='ltr'>Ἔτι</span> <span class='ocrx_word' id='word_1_340' title='bbox 2742 2457 2836 2509; x_wconf 79' lang='grc' dir='ltr'>τοῦ</span> <span class='ocrx_word' id='word_1_341' title='bbox 2884 2458 3043 2525; x_wconf 84' lang='grc' dir='ltr'>λόγου</span> <span class='ocrx_word' id='word_1_342' title='bbox 3096 2463 3154 2513; x_wconf 87' lang='grc' dir='ltr'><strong>ἐν</strong></span> <span class='ocrx_word' id='word_1_343' title='bbox 3181 2462 3265 2531; x_wconf 78' lang='grc' dir='ltr'>τῷ</span> <span class='ocrx_word' id='word_1_344' title='bbox 3302 2466 3434 2533; x_wconf 75' lang='grc' dir='ltr'>στόι.</span> 
     </span>
    </p>
   </div>
   <div class='ocr_carea' id='block_1_56' title="bbox 2395 2542 3434 2617">
    <p class='ocr_par' dir='ltr' id='par_1_56' title="bbox 2395 2542 3434 2617">
     <span class='ocr_line' id='line_1_56' title="bbox 2395 2542 3434 2617; baseline 0.012 -24"><span class='ocrx_word' id='word_1_345' title='bbox 2395 2542 2562 2605; x_wconf 74' lang='grc' dir='ltr'>ὄντος,</span> <span class='ocrx_word' id='word_1_346' title='bbox 2580 2545 2728 2614; x_wconf 81' lang='grc' dir='ltr'>φωνὴ</span> <span class='ocrx_word' id='word_1_347' title='bbox 2754 2546 2846 2597; x_wconf 85' lang='grc' dir='ltr'><strong>ἀπ’</strong></span> <span class='ocrx_word' id='word_1_348' title='bbox 2866 2549 2925 2598; x_wconf 78' lang='grc' dir='ltr'>οὐ</span> <span class='ocrx_word' id='word_1_349' title='bbox 2934 2544 3101 2616; x_wconf 80' lang='grc' dir='ltr'>ρανοῦ</span> <span class='ocrx_word' id='word_1_350' title='bbox 3123 2550 3381 2617; x_wconf 74' lang='grc' dir='ltr'>ἐγένετοο</span> <span class='ocrx_word' id='word_1_351' title='bbox 3398 2556 3434 2604; x_wconf 65' lang='grc' dir='ltr'><strong><em>Ἰ</em></strong></span> 
     </span>
    </p>
   </div>
   <div class='ocr_carea' id='block_1_57' title="bbox 2395 2632 3434 2709">
    <p class='ocr_par' dir='ltr' id='par_1_57' title="bbox 2395 2632 3434 2709">
     <span class='ocr_line' id='line_1_57' title="bbox 2395 2632 3434 2709; baseline 0.013 -27"><span class='ocrx_word' id='word_1_352' title='bbox 2395 2632 2673 2704; x_wconf 82' lang='grc' dir='ltr'>χοδονόσορ</span> <span class='ocrx_word' id='word_1_353' title='bbox 2725 2635 2966 2702; x_wconf 85' lang='grc' dir='ltr'>βασιλεῦ,</span> <span class='ocrx_word' id='word_1_354' title='bbox 3003 2640 3039 2709; x_wconf 80' lang='grc' dir='ltr'>ὴ</span> <span class='ocrx_word' id='word_1_355' title='bbox 3088 2640 3353 2708; x_wconf 82' lang='grc' dir='ltr'>βασιλεία</span> <span class='ocrx_word' id='word_1_356' title='bbox 3411 2660 3434 2695; x_wconf 80' lang='lat' dir='ltr'><strong>c</strong></span> 
     </span>
    </p>
   </div>
   <div class='ocr_carea' id='block_1_58' title="bbox 2398 2737 2509 2775">
    <p class='ocr_par' dir='ltr' id='par_1_58' title="bbox 2398 2737 2509 2775">
     <span class='ocr_line' id='line_1_58' title="bbox 2398 2737 2509 2775; baseline 0.036 -4"><span class='ocrx_word' id='word_1_357' title='bbox 2398 2737 2509 2775; x_wconf 87' lang='grc' dir='ltr'>σου.</span> 
     </span>
    </p>
   </div>
   <div class='ocr_carea' id='block_1_59' title="bbox 2463 2811 3380 2887">
    <p class='ocr_par' dir='ltr' id='par_1_59' title="bbox 2463 2811 3380 2887">
     <span class='ocr_line' id='line_1_59' title="bbox 2463 2811 3380 2887; baseline 0.008 -22"><span class='ocrx_word' id='word_1_358' title='bbox 2463 2812 2554 2866; x_wconf 84' lang='grc'><strong>29.</strong></span> <span class='ocrx_word' id='word_1_359' title='bbox 2583 2811 2691 2864; x_wconf 87' lang='lat' dir='ltr'><strong>Kal</strong></span> <span class='ocrx_word' id='word_1_360' title='bbox 2736 2813 2842 2864; x_wconf 84' lang='grc' dir='ltr'><strong>ἀπὸ</strong></span> <span class='ocrx_word' id='word_1_361' title='bbox 2892 2814 3002 2867; x_wconf 87' lang='grc' dir='ltr'><strong>τῶν</strong></span> <span class='ocrx_word' id='word_1_362' title='bbox 3053 2816 3380 2887; x_wconf 82' lang='grc' dir='ltr'><strong>ἀνθρώπων</strong></span> 
     </span>
    </p>
   </div>
   <div class='ocr_carea' id='block_1_60' title="bbox 2399 2899 3433 2973">
    <p class='ocr_par' dir='ltr' id='par_1_60' title="bbox 2399 2899 3433 2973">
     <span class='ocr_line' id='line_1_60' title="bbox 2399 2899 3433 2973; baseline 0.011 -24"><span class='ocrx_word' id='word_1_363' title='bbox 2399 2899 2534 2966; x_wconf 84' lang='grc' dir='ltr'>μετὰ</span> <span class='ocrx_word' id='word_1_364' title='bbox 2558 2899 2758 2969; x_wconf 79' lang='grc' dir='ltr'><strong>Θηρίων</strong></span> <span class='ocrx_word' id='word_1_365' title='bbox 2786 2901 2995 2970; x_wconf 82' lang='grc' dir='ltr'>ἀγρίων</span> <span class='ocrx_word' id='word_1_366' title='bbox 3026 2905 3060 2973; x_wconf 79' lang='grc' dir='ltr'><strong>ἠ</strong></span> <span class='ocrx_word' id='word_1_367' title='bbox 3089 2908 3361 2959; x_wconf 76' lang='grc' dir='ltr'><strong>κατοικία</strong></span> <span class='ocrx_word' id='word_1_368' title='bbox 3396 2926 3433 2960; x_wconf 92' lang='grc' dir='ltr'><strong>σ</strong></span> 
     </span>
    </p>
   </div>
   <div class='ocr_carea' id='block_1_61' title="bbox 2399 2986 3434 3057">
    <p class='ocr_par' dir='ltr' id='par_1_61' title="bbox 2399 2986 3434 3057">
     <span class='ocr_line' id='line_1_61' title="bbox 2399 2986 3434 3057; baseline 0.013 -19"><span class='ocrx_word' id='word_1_369' title='bbox 2399 2986 2522 3055; x_wconf 77' lang='grc' dir='ltr'>βοῦν</span> <span class='ocrx_word' id='word_1_370' title='bbox 2562 2987 2868 3057; x_wconf 78' lang='grc' dir='ltr'>ψωμίσουσί</span> <span class='ocrx_word' id='word_1_371' title='bbox 2902 3008 2986 3053; x_wconf 87' lang='grc' dir='ltr'><strong>σε,</strong></span> <span class='ocrx_word' id='word_1_372' title='bbox 3026 2994 3123 3046; x_wconf 71' lang='grc' dir='ltr'><strong>καὶ</strong></span> <span class='ocrx_word' id='word_1_373' title='bbox 3180 2996 3336 3049; x_wconf 79' lang='grc' dir='ltr'><strong>ἑπτὰ</strong></span> <span class='ocrx_word' id='word_1_374' title='bbox 3370 3016 3434 3051; x_wconf 74' lang='grc' dir='ltr'>κε</span> 
     </span>
    </p>
   </div>
   <div class='ocr_carea' id='block_1_62' title="bbox 760 3069 2290 3153">
    <p class='ocr_par' dir='ltr' id='par_1_62' title="bbox 760 3078 2290 3152">
     <span class='ocr_line' id='line_1_62' title="bbox 760 3078 2290 3152; baseline 0.005 -21"><span class='ocrx_word' id='word_1_375' title='bbox 760 3078 930 3132; x_wconf 89' lang='lat' dir='ltr'><strong>donec</strong></span> <span class='ocrx_word' id='word_1_376' title='bbox 985 3079 1145 3141; x_wconf 88' lang='lat' dir='ltr'><strong>scias,</strong></span> <span class='ocrx_word' id='word_1_377' title='bbox 1203 3078 1346 3147; x_wconf 88' lang='lat' dir='ltr'><strong>quod</strong></span> <span class='ocrx_word' id='word_1_378' title='bbox 1395 3078 1703 3134; x_wconf 88' lang='lat' dir='ltr'><strong>dominatur</strong></span> <span class='ocrx_word' id='word_1_379' title='bbox 1736 3080 1990 3138; x_wconf 88' lang='lat' dir='ltr'><strong>Excelsus</strong></span> <span class='ocrx_word' id='word_1_380' title='bbox 2013 3098 2173 3152; x_wconf 88' lang='lat' dir='ltr'><strong>super</strong></span> <span class='ocrx_word' id='word_1_381' title='bbox 2210 3101 2290 3139; x_wconf 87' lang='lat' dir='ltr'><strong>re-</strong></span> 
     </span>
    </p>
   </div>
   <div class='ocr_carea' id='block_1_63' title="bbox 1903 3069 3433 3153">
    <p class='ocr_par' dir='ltr' id='par_1_63' title="bbox 1903 3069 3433 3153">
     <span class='ocr_line' id='line_1_63' title="bbox 1903 3069 3433 3153; baseline 0.009 -28"><span class='ocrx_word' id='word_1_382' title='bbox 1903 3098 1990 3138; x_wconf 73' lang='lat' dir='ltr'><strong>sus</strong></span> <span class='ocrx_word' id='word_1_383' title='bbox 2013 3098 2173 3152; x_wconf 70' lang='lat' dir='ltr'><strong>super</strong></span> <span class='ocrx_word' id='word_1_384' title='bbox 2210 3101 2294 3139; x_wconf 68' lang='lat' dir='ltr'><strong>re.</strong></span> <span class='ocrx_word' id='word_1_385' title='bbox 2318 3069 2359 3123; x_wconf 89' lang='lat' dir='ltr'><strong><em>C</em></strong></span> <span class='ocrx_word' id='word_1_386' title='bbox 2391 3077 2483 3128; x_wconf 76' lang='grc' dir='ltr'><strong>ἐπὶ</strong></span> <span class='ocrx_word' id='word_1_387' title='bbox 2512 3078 2729 3139; x_wconf 76' lang='grc' dir='ltr'>σοὶ,ἐως</span> <span class='ocrx_word' id='word_1_388' title='bbox 2753 3074 2811 3131; x_wconf 77' lang='grc' dir='ltr'><strong>οὗ</strong></span> <span class='ocrx_word' id='word_1_389' title='bbox 2835 3080 2999 3149; x_wconf 81' lang='grc' dir='ltr'>γνῷς,</span> <span class='ocrx_word' id='word_1_390' title='bbox 3014 3084 3096 3134; x_wconf 83' lang='grc' dir='ltr'>ὅτι</span> <span class='ocrx_word' id='word_1_391' title='bbox 3122 3087 3388 3153; x_wconf 85' lang='grc' dir='ltr'><strong>κυριεύει</strong></span> <span class='ocrx_word' id='word_1_392' title='bbox 3420 3090 3433 3139; x_wconf 69' lang='grc' dir='ltr'>ἐ</span> 
     </span>
    </p>
   </div>
   <div class='ocr_carea' id='block_1_64' title="bbox 762 3168 2288 3242">
    <p class='ocr_par' dir='ltr' id='par_1_64' title="bbox 762 3168 2288 3242">
     <span class='ocr_line' id='line_1_64' title="bbox 762 3168 2288 3242; baseline 0.007 -24"><span class='ocrx_word' id='word_1_393' title='bbox 762 3182 923 3234; x_wconf 82' lang='lat' dir='ltr'><strong>gnum</strong></span> <span class='ocrx_word' id='word_1_394' title='bbox 953 3168 1188 3235; x_wconf 89' lang='lat' dir='ltr'><strong>ipsorum</strong></span> <span class='ocrx_word' id='word_1_395' title='bbox 1220 3168 1497 3222; x_wconf 91' lang='lat' dir='ltr'><strong>hominum</strong></span> <span class='ocrx_word' id='word_1_396' title='bbox 1518 3209 1533 3234; x_wconf 96' lang='lat'><strong>,</strong></span> <span class='ocrx_word' id='word_1_397' title='bbox 1586 3179 1641 3224; x_wconf 92' lang='lat' dir='ltr'><strong>et</strong></span> <span class='ocrx_word' id='word_1_398' title='bbox 1694 3172 2015 3242; x_wconf 88' lang='lat' dir='ltr'><strong>cuicumque</strong></span> <span class='ocrx_word' id='word_1_399' title='bbox 2038 3174 2288 3239; x_wconf 89' lang='lat' dir='ltr'><strong>voluerit,</strong></span> 
     </span>
    </p>
   </div>
   <div class='ocr_carea' id='block_1_65' title="bbox 761 3254 1085 3309">
    <p class='ocr_par' dir='ltr' id='par_1_65' title="bbox 761 3254 1085 3309">
     <span class='ocr_line' id='line_1_65' title="bbox 761 3254 1085 3309; baseline 0.003 -1"><span class='ocrx_word' id='word_1_400' title='bbox 761 3255 906 3308; x_wconf 86' lang='lat' dir='ltr'><strong>dabit</strong></span> <span class='ocrx_word' id='word_1_401' title='bbox 934 3254 1085 3309; x_wconf 87' lang='lat' dir='ltr'><strong>illud.</strong></span> 
     </span>
    </p>
   </div>
   <div class='ocr_carea' id='block_1_66' title="bbox 829 3341 2291 3417">
    <p class='ocr_par' dir='ltr' id='par_1_66' title="bbox 829 3341 2291 3417">
     <span class='ocr_line' id='line_1_66' title="bbox 829 3341 2291 3417; baseline 0.005 -21"><span class='ocrx_word' id='word_1_402' title='bbox 829 3343 915 3396; x_wconf 78' lang='grc'><strong>50.</strong></span> <span class='ocrx_word' id='word_1_403' title='bbox 960 3341 1152 3395; x_wconf 88' lang='lat' dir='ltr'><strong>Eadem</strong></span> <span class='ocrx_word' id='word_1_404' title='bbox 1182 3342 1311 3397; x_wconf 90' lang='lat' dir='ltr'><strong>hora</strong></span> <span class='ocrx_word' id='word_1_405' title='bbox 1344 3359 1519 3399; x_wconf 87' lang='lat' dir='ltr'><strong>sermo</strong></span> <span class='ocrx_word' id='word_1_406' title='bbox 1542 3347 1837 3415; x_wconf 81' lang='lat' dir='ltr'><strong>completus</strong></span> <span class='ocrx_word' id='word_1_407' title='bbox 1870 3357 1951 3402; x_wconf 91' lang='lat' dir='ltr'><strong>cst</strong></span> <span class='ocrx_word' id='word_1_408' title='bbox 2001 3362 2162 3417; x_wconf 89' lang='lat' dir='ltr'><strong>super</strong></span> <span class='ocrx_word' id='word_1_409' title='bbox 2186 3347 2291 3403; x_wconf 85' lang='lat' dir='ltr'><strong>Na-</strong></span> 
     </span>
    </p>
   </div>
   <div class='ocr_carea' id='block_1_67' title="bbox 760 3431 2292 3506">
    <p class='ocr_par' dir='ltr' id='par_1_67' title="bbox 760 3431 2292 3506">
     <span class='ocr_line' id='line_1_67' title="bbox 760 3431 2292 3506; baseline 0.005 -21"><span class='ocrx_word' id='word_1_410' title='bbox 760 3431 1215 3497; x_wconf 78' lang='lat' dir='ltr'><strong>buchodonosor,</strong></span> <span class='ocrx_word' id='word_1_411' title='bbox 1265 3442 1318 3487; x_wconf 91' lang='lat' dir='ltr'><strong>et</strong></span> <span class='ocrx_word' id='word_1_412' title='bbox 1377 3449 1439 3487; x_wconf 80' lang='lat' dir='ltr'><strong>ex</strong></span> <span class='ocrx_word' id='word_1_413' title='bbox 1499 3436 1801 3489; x_wconf 85' lang='lat' dir='ltr'><strong>hominibus</strong></span> <span class='ocrx_word' id='word_1_414' title='bbox 1860 3437 2063 3506; x_wconf 90' lang='lat' dir='ltr'><strong>ejectus</strong></span> <span class='ocrx_word' id='word_1_415' title='bbox 2092 3449 2207 3505; x_wconf 88' lang='lat' dir='ltr'><strong>est,</strong></span> <span class='ocrx_word' id='word_1_416' title='bbox 2239 3448 2292 3493; x_wconf 92' lang='lat' dir='ltr'><strong>et</strong></span> 
     </span>
    </p>
   </div>
   <div class='ocr_carea' id='block_1_68' title="bbox 761 3519 2289 3597">
    <p class='ocr_par' dir='ltr' id='par_1_68' title="bbox 761 3519 2289 3597">
     <span class='ocr_line' id='line_1_68' title="bbox 761 3519 2289 3597; baseline 0.007 -25"><span class='ocrx_word' id='word_1_417' title='bbox 761 3519 959 3573; x_wconf 70' lang='lat' dir='ltr'><strong>fmnum</strong></span> <span class='ocrx_word' id='word_1_418' title='bbox 992 3531 1050 3574; x_wconf 91' lang='lat' dir='ltr'><strong>ut</strong></span> <span class='ocrx_word' id='word_1_419' title='bbox 1077 3522 1174 3576; x_wconf 88' lang='lat' dir='ltr'><strong>bos</strong></span> <span class='ocrx_word' id='word_1_420' title='bbox 1199 3524 1448 3587; x_wconf 84' lang='lat' dir='ltr'><strong>comedit,</strong></span> <span class='ocrx_word' id='word_1_421' title='bbox 1472 3532 1525 3578; x_wconf 92' lang='lat' dir='ltr'><strong>et</strong></span> <span class='ocrx_word' id='word_1_422' title='bbox 1549 3525 1614 3579; x_wconf 91' lang='lat' dir='ltr'><strong>de</strong></span> <span class='ocrx_word' id='word_1_423' title='bbox 1638 3540 1761 3579; x_wconf 91' lang='lat' dir='ltr'><strong>rore</strong></span> <span class='ocrx_word' id='word_1_424' title='bbox 1794 3526 1914 3580; x_wconf 85' lang='lat' dir='ltr'><strong>coeli</strong></span> <span class='ocrx_word' id='word_1_425' title='bbox 1952 3542 2147 3597; x_wconf 90' lang='lat' dir='ltr'><strong>corpus</strong></span> <span class='ocrx_word' id='word_1_426' title='bbox 2172 3528 2289 3595; x_wconf 87' lang='lat' dir='ltr'><strong>ejus</strong></span> 
     </span>
    </p>
   </div>
   <div class='ocr_carea' id='block_1_69' title="bbox 759 3605 2292 3681">
    <p class='ocr_par' dir='ltr' id='par_1_69' title="bbox 759 3605 2292 3681">
     <span class='ocr_line' id='line_1_69' title="bbox 759 3605 2292 3681; baseline 0.007 -23"><span class='ocrx_word' id='word_1_427' title='bbox 759 3605 1011 3662; x_wconf 83' lang='lat' dir='ltr'><strong>infectum</strong></span> <span class='ocrx_word' id='word_1_428' title='bbox 1034 3617 1134 3672; x_wconf 86' lang='lat' dir='ltr'><strong>est,</strong></span> <span class='ocrx_word' id='word_1_429' title='bbox 1160 3609 1329 3663; x_wconf 90' lang='lat' dir='ltr'><strong>donec</strong></span> <span class='ocrx_word' id='word_1_430' title='bbox 1359 3611 1534 3679; x_wconf 87' lang='lat' dir='ltr'><strong>capilli</strong></span> <span class='ocrx_word' id='word_1_431' title='bbox 1584 3611 1701 3679; x_wconf 89' lang='lat' dir='ltr'><strong>ejus</strong></span> <span class='ocrx_word' id='word_1_432' title='bbox 1749 3613 1903 3681; x_wconf 90' lang='lat' dir='ltr'><strong>quasi</strong></span> <span class='ocrx_word' id='word_1_433' title='bbox 1929 3613 2141 3668; x_wconf 91' lang='lat' dir='ltr'><strong>leonum</strong></span> <span class='ocrx_word' id='word_1_434' title='bbox 2173 3630 2292 3669; x_wconf 87' lang='lat' dir='ltr'><strong>cre-</strong></span> 
     </span>
    </p>
   </div>
   <div class='ocr_carea' id='block_1_70' title="bbox 759 3698 1837 3767">
    <p class='ocr_par' dir='ltr' id='par_1_70' title="bbox 759 3698 1837 3767">
     <span class='ocr_line' id='line_1_70' title="bbox 759 3698 1837 3767; baseline 0.006 -20"><span class='ocrx_word' id='word_1_435' title='bbox 759 3703 971 3760; x_wconf 89' lang='lat' dir='ltr'><strong>verunt,</strong></span> <span class='ocrx_word' id='word_1_436' title='bbox 1001 3703 1053 3749; x_wconf 92' lang='lat' dir='ltr'><strong>et</strong></span> <span class='ocrx_word' id='word_1_437' title='bbox 1081 3711 1285 3766; x_wconf 88' lang='lat' dir='ltr'><strong>ungues</strong></span> <span class='ocrx_word' id='word_1_438' title='bbox 1314 3699 1429 3767; x_wconf 84' lang='lat' dir='ltr'><strong>ejus</strong></span> <span class='ocrx_word' id='word_1_439' title='bbox 1452 3698 1608 3767; x_wconf 83' lang='lat' dir='ltr'><strong>quasi</strong></span> <span class='ocrx_word' id='word_1_440' title='bbox 1633 3700 1837 3754; x_wconf 86' lang='lat' dir='ltr'><strong>avium.</strong></span> 
     </span>
    </p>
   </div>
   <div class='ocr_carea' id='block_1_71' title="bbox 821 3861 2369 3937">
    <p class='ocr_par' dir='ltr' id='par_1_71' title="bbox 821 3861 2369 3937">
     <span class='ocr_line' id='line_1_71' title="bbox 821 3861 2369 3937; baseline 0.007 -21"><span class='ocrx_word' id='word_1_441' title='bbox 821 3862 911 3917; x_wconf 72' lang='lat'><strong>31.</strong></span> <span class='ocrx_word' id='word_1_442' title='bbox 951 3861 1016 3917; x_wconf 84' lang='lat' dir='ltr'><strong>Et</strong></span> <span class='ocrx_word' id='word_1_443' title='bbox 1038 3872 1159 3932; x_wconf 91' lang='lat' dir='ltr'><strong>post</strong></span> <span class='ocrx_word' id='word_1_444' title='bbox 1182 3865 1342 3917; x_wconf 81' lang='lat' dir='ltr'><strong>linem</strong></span> <span class='ocrx_word' id='word_1_445' title='bbox 1391 3864 1599 3920; x_wconf 88' lang='lat' dir='ltr'><strong>dierum</strong></span> <span class='ocrx_word' id='word_1_446' title='bbox 1656 3883 1757 3937; x_wconf 87' lang='lat' dir='ltr'><strong>ego</strong></span> <span class='ocrx_word' id='word_1_447' title='bbox 1785 3867 2290 3937; x_wconf 71' lang='lat' dir='ltr'><strong>Nabuchodonosor</strong></span> <span class='ocrx_word' id='word_1_448' title='bbox 2366 3878 2369 3879; x_wconf 67' lang='grc'><strong><em>⁷</em></strong></span> 
     </span>
    </p>
   </div>
   <div class='ocr_carea' id='block_1_72' title="bbox 758 3951 2289 4020">
    <p class='ocr_par' dir='ltr' id='par_1_72' title="bbox 758 3951 2289 4020">
     <span class='ocr_line' id='line_1_72' title="bbox 758 3951 2289 4020; baseline 0.008 -17"><span class='ocrx_word' id='word_1_449' title='bbox 758 3951 944 4005; x_wconf 88' lang='lat' dir='ltr'><strong>oculos</strong></span> <span class='ocrx_word' id='word_1_450' title='bbox 972 3966 1121 4005; x_wconf 87' lang='lat' dir='ltr'><strong>meos</strong></span> <span class='ocrx_word' id='word_1_451' title='bbox 1149 3952 1215 4005; x_wconf 84' lang='lat' dir='ltr'><strong>ad</strong></span> <span class='ocrx_word' id='word_1_452' title='bbox 1244 3952 1437 4006; x_wconf 61' lang='lat' dir='ltr'><strong>caelum</strong></span> <span class='ocrx_word' id='word_1_453' title='bbox 1464 3954 1653 4020; x_wconf 88' lang='lat' dir='ltr'><strong>levavi,</strong></span> <span class='ocrx_word' id='word_1_454' title='bbox 1682 3964 1737 4009; x_wconf 89' lang='lat' dir='ltr'><strong>et</strong></span> <span class='ocrx_word' id='word_1_455' title='bbox 1762 3971 1952 4012; x_wconf 87' lang='lat' dir='ltr'><strong>sensus</strong></span> <span class='ocrx_word' id='word_1_456' title='bbox 1983 3959 2086 4014; x_wconf 89' lang='lat' dir='ltr'><strong>mei</strong></span> <span class='ocrx_word' id='word_1_457' title='bbox 2116 3959 2182 4014; x_wconf 90' lang='lat' dir='ltr'><strong>ad</strong></span> <span class='ocrx_word' id='word_1_458' title='bbox 2203 3974 2289 4015; x_wconf 86' lang='lat' dir='ltr'><strong>tne</strong></span> 
     </span>
    </p>
   </div>
   <div class='ocr_carea' id='block_1_73' title="bbox 756 4040 2285 4110">
    <p class='ocr_par' dir='ltr' id='par_1_73' title="bbox 756 4040 2285 4110">
     <span class='ocr_line' id='line_1_73' title="bbox 756 4040 2285 4110; baseline 0.007 -19"><span class='ocrx_word' id='word_1_459' title='bbox 756 4040 956 4092; x_wconf 84' lang='lat' dir='ltr'><strong>reversi</strong></span> <span class='ocrx_word' id='word_1_460' title='bbox 978 4047 1123 4101; x_wconf 84' lang='lat' dir='ltr'><strong>sunt,</strong></span> <span class='ocrx_word' id='word_1_461' title='bbox 1146 4048 1199 4093; x_wconf 90' lang='lat' dir='ltr'><strong>et</strong></span> <span class='ocrx_word' id='word_1_462' title='bbox 1224 4040 1496 4095; x_wconf 85' lang='lat' dir='ltr'><strong>Altissimo</strong></span> <span class='ocrx_word' id='word_1_463' title='bbox 1520 4042 1785 4110; x_wconf 79' lang='lat' dir='ltr'><strong>benedixi,</strong></span> <span class='ocrx_word' id='word_1_464' title='bbox 1832 4055 1887 4099; x_wconf 90' lang='lat' dir='ltr'><strong>et</strong></span> <span class='ocrx_word' id='word_1_465' title='bbox 1930 4046 2192 4101; x_wconf 81' lang='lat' dir='ltr'><strong>viventem</strong></span> <span class='ocrx_word' id='word_1_466' title='bbox 2233 4049 2285 4102; x_wconf 92' lang='lat' dir='ltr'><strong>in</strong></span> 
     </span>
    </p>
   </div>
   <div class='ocr_carea' id='block_1_74' title="bbox 757 4128 2286 4204">
    <p class='ocr_par' dir='ltr' id='par_1_74' title="bbox 757 4128 2286 4204">
     <span class='ocr_line' id='line_1_74' title="bbox 757 4128 2286 4204; baseline 0.009 -25"><span class='ocrx_word' id='word_1_467' title='bbox 757 4128 1140 4193; x_wconf 89' lang='lat' dir='ltr'><strong>sempiternum</strong></span> <span class='ocrx_word' id='word_1_468' title='bbox 1171 4128 1399 4194; x_wconf 88' lang='lat' dir='ltr'><strong>laudavi,</strong></span> <span class='ocrx_word' id='word_1_469' title='bbox 1426 4138 1478 4183; x_wconf 90' lang='lat' dir='ltr'><strong>et</strong></span> <span class='ocrx_word' id='word_1_470' title='bbox 1504 4132 1829 4199; x_wconf 78' lang='lat' dir='ltr'><strong>gloriﬁcavi,</strong></span> <span class='ocrx_word' id='word_1_471' title='bbox 1877 4135 2002 4203; x_wconf 89' lang='lat' dir='ltr'><strong>quia</strong></span> <span class='ocrx_word' id='word_1_472' title='bbox 2050 4146 2286 4204; x_wconf 89' lang='lat' dir='ltr'><strong>potestas</strong></span> 
     </span>
    </p>
   </div>
   <div class='ocr_carea' id='block_1_75' title="bbox 758 4212 2287 4294">
    <p class='ocr_par' dir='ltr' id='par_1_75' title="bbox 758 4212 2287 4294">
     <span class='ocr_line' id='line_1_75' title="bbox 758 4212 2287 4294; baseline 0.012 -31"><span class='ocrx_word' id='word_1_473' title='bbox 758 4212 877 4279; x_wconf 84' lang='lat' dir='ltr'><strong>ejus</strong></span> <span class='ocrx_word' id='word_1_474' title='bbox 906 4221 1139 4280; x_wconf 83' lang='lat' dir='ltr'><strong>potestas</strong></span> <span class='ocrx_word' id='word_1_475' title='bbox 1168 4216 1508 4283; x_wconf 84' lang='lat' dir='ltr'><strong>sempiterna,</strong></span> <span class='ocrx_word' id='word_1_476' title='bbox 1541 4226 1594 4272; x_wconf 88' lang='lat' dir='ltr'><strong>et</strong></span> <span class='ocrx_word' id='word_1_477' title='bbox 1619 4232 1843 4289; x_wconf 76' lang='lat' dir='ltr'><strong>regnum</strong></span> <span class='ocrx_word' id='word_1_478' title='bbox 1882 4223 1999 4291; x_wconf 87' lang='lat' dir='ltr'><strong>ejus</strong></span> <span class='ocrx_word' id='word_1_479' title='bbox 2041 4224 2095 4278; x_wconf 87' lang='lat' dir='ltr'><strong>itt</strong></span> <span class='ocrx_word' id='word_1_480' title='bbox 2127 4240 2287 4294; x_wconf 79' lang='lat' dir='ltr'><strong>gene-</strong></span> 
     </span>
    </p>
   </div>
   <div class='ocr_carea' id='block_1_76' title="bbox 758 4298 1544 4372">
    <p class='ocr_par' dir='ltr' id='par_1_76' title="bbox 758 4298 1544 4372">
     <span class='ocr_line' id='line_1_76' title="bbox 758 4298 1544 4372; baseline 0.006 -18"><span class='ocrx_word' id='word_1_481' title='bbox 758 4299 1019 4355; x_wconf 87' lang='lat' dir='ltr'><strong>rationem</strong></span> <span class='ocrx_word' id='word_1_482' title='bbox 1046 4310 1096 4356; x_wconf 90' lang='lat' dir='ltr'><strong>et</strong></span> <span class='ocrx_word' id='word_1_483' title='bbox 1125 4298 1544 4372; x_wconf 79' lang='lat' dir='ltr'><strong>generationem.</strong></span> 
     </span>
    </p>
   </div>
   <div class='ocr_carea' id='block_1_77' title="bbox 826 4474 2361 4551">
    <p class='ocr_par' dir='ltr' id='par_1_77' title="bbox 826 4474 2361 4551">
     <span class='ocr_line' id='line_1_77' title="bbox 826 4474 2361 4551; baseline 0.003 -21"><span class='ocrx_word' id='word_1_484' title='bbox 826 4475 913 4530; x_wconf 76' lang='lat'><strong>52.</strong></span> <span class='ocrx_word' id='word_1_485' title='bbox 955 4474 1018 4527; x_wconf 88' lang='lat' dir='ltr'><strong>Et</strong></span> <span class='ocrx_word' id='word_1_486' title='bbox 1054 4490 1242 4531; x_wconf 90' lang='lat' dir='ltr'><strong>omnes</strong></span> <span class='ocrx_word' id='word_1_487' title='bbox 1271 4477 1595 4534; x_wconf 88' lang='lat' dir='ltr'><strong>habitatores</strong></span> <span class='ocrx_word' id='word_1_488' title='bbox 1632 4487 1784 4534; x_wconf 63' lang='lat' dir='ltr'><strong>terra:</strong></span> <span class='ocrx_word' id='word_1_489' title='bbox 1804 4482 1958 4551; x_wconf 90' lang='lat' dir='ltr'><strong>quasi</strong></span> <span class='ocrx_word' id='word_1_490' title='bbox 1986 4483 2115 4537; x_wconf 87' lang='lat' dir='ltr'><strong>nihil</strong></span> <span class='ocrx_word' id='word_1_491' title='bbox 2141 4498 2289 4538; x_wconf 87' lang='lat' dir='ltr'><strong>com-</strong></span> <span class='ocrx_word' id='word_1_492' title='bbox 2360 4532 2361 4535; x_wconf 44' lang='grc' dir='ltr'><strong>η</strong></span> 
     </span>
    </p>
   </div>
   <div class='ocr_carea' id='block_1_78' title="bbox 759 4566 2287 4635">
    <p class='ocr_par' dir='ltr' id='par_1_78' title="bbox 759 4566 2287 4635">
     <span class='ocr_line' id='line_1_78' title="bbox 759 4566 2287 4635; baseline 0.007 -18"><span class='ocrx_word' id='word_1_493' title='bbox 759 4566 926 4635; x_wconf 88' lang='lat' dir='ltr'><strong>putati</strong></span> <span class='ocrx_word' id='word_1_494' title='bbox 958 4575 1101 4629; x_wconf 89' lang='lat' dir='ltr'><strong>sunt,</strong></span> <span class='ocrx_word' id='word_1_495' title='bbox 1132 4576 1185 4620; x_wconf 90' lang='lat' dir='ltr'><strong>et</strong></span> <span class='ocrx_word' id='word_1_496' title='bbox 1214 4567 1365 4635; x_wconf 88' lang='lat' dir='ltr'><strong>juxta</strong></span> <span class='ocrx_word' id='word_1_497' title='bbox 1404 4570 1728 4624; x_wconf 87' lang='lat' dir='ltr'><strong>voluntatem</strong></span> <span class='ocrx_word' id='word_1_498' title='bbox 1752 4586 1903 4625; x_wconf 91' lang='lat' dir='ltr'><strong>suam</strong></span> <span class='ocrx_word' id='word_1_499' title='bbox 1938 4573 2066 4627; x_wconf 81' lang='lat' dir='ltr'><strong>facit</strong></span> <span class='ocrx_word' id='word_1_500' title='bbox 2094 4576 2148 4628; x_wconf 89' lang='lat' dir='ltr'><strong>in</strong></span> <span class='ocrx_word' id='word_1_501' title='bbox 2172 4579 2287 4628; x_wconf 89' lang='lat' dir='ltr'><strong>vir-</strong></span> 
     </span>
    </p>
   </div>
   <div class='ocr_carea' id='block_1_79' title="bbox 757 4653 2285 4733">
    <p class='ocr_par' dir='ltr' id='par_1_79' title="bbox 757 4653 2285 4733">
     <span class='ocr_line' id='line_1_79' title="bbox 757 4653 2285 4733; baseline 0.009 -29"><span class='ocrx_word' id='word_1_502' title='bbox 757 4661 870 4705; x_wconf 92' lang='lat' dir='ltr'><strong>tute</strong></span> <span class='ocrx_word' id='word_1_503' title='bbox 883 4653 1032 4717; x_wconf 59' lang='lat' dir='ltr'><strong>coeli,</strong></span> <span class='ocrx_word' id='word_1_504' title='bbox 1062 4663 1115 4707; x_wconf 87' lang='lat' dir='ltr'><strong>et</strong></span> <span class='ocrx_word' id='word_1_505' title='bbox 1142 4655 1195 4707; x_wconf 92' lang='lat' dir='ltr'><strong>in</strong></span> <span class='ocrx_word' id='word_1_506' title='bbox 1230 4656 1553 4710; x_wconf 89' lang='lat' dir='ltr'><strong>habitatione</strong></span> <span class='ocrx_word' id='word_1_507' title='bbox 1578 4669 1747 4714; x_wconf 71' lang='lat' dir='ltr'><strong>terrae.</strong></span> <span class='ocrx_word' id='word_1_508' title='bbox 1780 4658 1844 4712; x_wconf 82' lang='lat' dir='ltr'><strong>Et</strong></span> <span class='ocrx_word' id='word_1_509' title='bbox 1893 4677 1998 4715; x_wconf 89' lang='lat' dir='ltr'><strong>non</strong></span> <span class='ocrx_word' id='word_1_510' title='bbox 2031 4673 2135 4729; x_wconf 90' lang='lat' dir='ltr'><strong>est,</strong></span> <span class='ocrx_word' id='word_1_511' title='bbox 2193 4664 2285 4733; x_wconf 89' lang='lat' dir='ltr'><strong>qui</strong></span> 
     </span>
    </p>
   </div>
   <div class='ocr_carea' id='block_1_80' title="bbox 711 4741 2080 4814">
    <p class='ocr_par' dir='ltr' id='par_1_80' title="bbox 711 4741 2080 4814">
     <span class='ocr_line' id='line_1_80' title="bbox 711 4741 2080 4814; baseline 0.006 -18"><span class='ocrx_word' id='word_1_512' title='bbox 711 4781 716 4784; x_wconf 91' lang='grc'><strong>-</strong></span> <span class='ocrx_word' id='word_1_513' title='bbox 760 4741 970 4797; x_wconf 87' lang='lat' dir='ltr'><strong>resistat</strong></span> <span class='ocrx_word' id='word_1_514' title='bbox 993 4746 1173 4799; x_wconf 90' lang='lat' dir='ltr'><strong>manui</strong></span> <span class='ocrx_word' id='word_1_515' title='bbox 1198 4746 1336 4814; x_wconf 89' lang='lat' dir='ltr'><strong>ejus,</strong></span> <span class='ocrx_word' id='word_1_516' title='bbox 1356 4755 1409 4800; x_wconf 92' lang='lat' dir='ltr'><strong>et</strong></span> <span class='ocrx_word' id='word_1_517' title='bbox 1432 4747 1578 4802; x_wconf 89' lang='lat' dir='ltr'><strong>dicat</strong></span> <span class='ocrx_word' id='word_1_518' title='bbox 1594 4748 1643 4803; x_wconf 87' lang='lat' dir='ltr'><strong>ci</strong></span> <span class='ocrx_word' id='word_1_519' title='bbox 1668 4767 1681 4802; x_wconf 90' lang='lat'><strong>:</strong></span> <span class='ocrx_word' id='word_1_520' title='bbox 1702 4748 1840 4813; x_wconf 88' lang='lat' dir='ltr'><strong>Quid</strong></span> <span class='ocrx_word' id='word_1_521' title='bbox 1868 4749 2080 4806; x_wconf 81' lang='lat' dir='ltr'><strong>fecisti?</strong></span> 
     </span>
    </p>
   </div>
   <div class='ocr_carea' id='block_1_81' title="bbox 716 4936 2357 5017">
    <p class='ocr_par' dir='ltr' id='par_1_81' title="bbox 716 4936 2357 5017">
     <span class='ocr_line' id='line_1_81' title="bbox 716 4936 2357 5017; baseline 0.01 -29"><span class='ocrx_word' id='word_1_522' title='bbox 716 4936 721 4941; x_wconf 84' lang='grc'><em>’</em></span> <span class='ocrx_word' id='word_1_523' title='bbox 825 4937 914 4991; x_wconf 79' lang='lat'><strong>35.</strong></span> <span class='ocrx_word' id='word_1_524' title='bbox 953 4936 1073 5007; x_wconf 90' lang='lat' dir='ltr'><strong>Ipso</strong></span> <span class='ocrx_word' id='word_1_525' title='bbox 1105 4950 1341 5011; x_wconf 79' lang='lat' dir='ltr'><strong>tempore</strong></span> <span class='ocrx_word' id='word_1_526' title='bbox 1366 4959 1558 5000; x_wconf 90' lang='lat' dir='ltr'><strong>sensus</strong></span> <span class='ocrx_word' id='word_1_527' title='bbox 1583 4946 1689 4999; x_wconf 88' lang='lat' dir='ltr'><strong>mei</strong></span> <span class='ocrx_word' id='word_1_528' title='bbox 1718 4947 1913 5001; x_wconf 89' lang='lat' dir='ltr'><strong>reversi</strong></span> <span class='ocrx_word' id='word_1_529' title='bbox 1942 4956 2069 5002; x_wconf 89' lang='lat' dir='ltr'><strong>sunt</strong></span> <span class='ocrx_word' id='word_1_530' title='bbox 2106 4949 2159 5003; x_wconf 90' lang='lat' dir='ltr'><strong>in</strong></span> <span class='ocrx_word' id='word_1_531' title='bbox 2181 4965 2283 5017; x_wconf 89' lang='lat' dir='ltr'><strong>me,</strong></span> <span class='ocrx_word' id='word_1_532' title='bbox 2353 4959 2357 4963; x_wconf 79' lang='lat'><strong>&#39;</strong></span> 
     </span>
    </p>
   </div>
   <div class='ocr_carea' id='block_1_82' title="bbox 760 5024 2286 5105">
    <p class='ocr_par' dir='ltr' id='par_1_82' title="bbox 760 5024 2286 5105">
     <span class='ocr_line' id='line_1_82' title="bbox 760 5024 2286 5105; baseline 0.012 -32"><span class='ocrx_word' id='word_1_533' title='bbox 760 5031 811 5074; x_wconf 90' lang='lat' dir='ltr'><strong>et</strong></span> <span class='ocrx_word' id='word_1_534' title='bbox 834 5024 899 5076; x_wconf 89' lang='lat' dir='ltr'><strong>ad</strong></span> <span class='ocrx_word' id='word_1_535' title='bbox 929 5025 1185 5084; x_wconf 89' lang='lat' dir='ltr'><strong>honorem</strong></span> <span class='ocrx_word' id='word_1_536' title='bbox 1236 5032 1383 5100; x_wconf 83' lang='lat' dir='ltr'><strong>regni</strong></span> <span class='ocrx_word' id='word_1_537' title='bbox 1429 5034 1533 5086; x_wconf 90' lang='lat' dir='ltr'><strong>mei</strong></span> <span class='ocrx_word' id='word_1_538' title='bbox 1589 5034 1731 5096; x_wconf 87' lang='lat' dir='ltr'><strong>veni,</strong></span> <span class='ocrx_word' id='word_1_539' title='bbox 1771 5044 1823 5088; x_wconf 93' lang='lat' dir='ltr'><strong>et</strong></span> <span class='ocrx_word' id='word_1_540' title='bbox 1854 5035 2019 5105; x_wconf 87' lang='lat' dir='ltr'><strong>ligura</strong></span> <span class='ocrx_word' id='word_1_541' title='bbox 2064 5052 2176 5090; x_wconf 90' lang='lat' dir='ltr'><strong>mea</strong></span> <span class='ocrx_word' id='word_1_542' title='bbox 2204 5052 2286 5090; x_wconf 87' lang='lat' dir='ltr'><strong>re-</strong></span> 
     </span>
    </p>
   </div>
   <div class='ocr_carea' id='block_1_83' title="bbox 761 5118 2286 5193">
    <p class='ocr_par' dir='ltr' id='par_1_83' title="bbox 761 5118 2286 5193">
     <span class='ocr_line' id='line_1_83' title="bbox 761 5118 2286 5193; baseline 0.011 -32"><span class='ocrx_word' id='word_1_543' title='bbox 761 5124 913 5163; x_wconf 84' lang='lat' dir='ltr'><strong>versa</strong></span> <span class='ocrx_word' id='word_1_544' title='bbox 939 5124 1019 5167; x_wconf 90' lang='lat' dir='ltr'><strong>est</strong></span> <span class='ocrx_word' id='word_1_545' title='bbox 1043 5118 1107 5171; x_wconf 90' lang='lat' dir='ltr'><strong>ad</strong></span> <span class='ocrx_word' id='word_1_546' title='bbox 1136 5134 1252 5173; x_wconf 89' lang='lat' dir='ltr'><strong>me:</strong></span> <span class='ocrx_word' id='word_1_547' title='bbox 1287 5129 1340 5174; x_wconf 91' lang='lat' dir='ltr'><strong>et</strong></span> <span class='ocrx_word' id='word_1_548' title='bbox 1378 5123 1608 5191; x_wconf 83' lang='lat' dir='ltr'><strong>tyranni,</strong></span> <span class='ocrx_word' id='word_1_549' title='bbox 1632 5131 1686 5176; x_wconf 87' lang='lat' dir='ltr'><strong>et</strong></span> <span class='ocrx_word' id='word_1_550' title='bbox 1714 5134 1987 5192; x_wconf 83' lang='lat' dir='ltr'><strong>ntagnales</strong></span> <span class='ocrx_word' id='word_1_551' title='bbox 2020 5126 2121 5178; x_wconf 89' lang='lat' dir='ltr'><strong>mei</strong></span> <span class='ocrx_word' id='word_1_552' title='bbox 2140 5141 2286 5193; x_wconf 68' lang='lat' dir='ltr'><strong>quae-</strong></span> 
     </span>
    </p>
   </div>
   <div class='ocr_carea' id='block_1_84' title="bbox 762 5195 2286 5276">
    <p class='ocr_par' dir='ltr' id='par_1_84' title="bbox 762 5195 2286 5276">
     <span class='ocr_line' id='line_1_84' title="bbox 762 5195 2286 5276; baseline 0.016 -33"><span class='ocrx_word' id='word_1_553' title='bbox 762 5195 951 5248; x_wconf 87' lang='lat' dir='ltr'><strong>rebant</strong></span> <span class='ocrx_word' id='word_1_554' title='bbox 981 5214 1084 5264; x_wconf 88' lang='lat' dir='ltr'><strong>me,</strong></span> <span class='ocrx_word' id='word_1_555' title='bbox 1116 5214 1171 5258; x_wconf 88' lang='lat' dir='ltr'><strong>et</strong></span> <span class='ocrx_word' id='word_1_556' title='bbox 1201 5206 1253 5259; x_wconf 92' lang='lat' dir='ltr'><strong>in</strong></span> <span class='ocrx_word' id='word_1_557' title='bbox 1319 5222 1484 5276; x_wconf 89' lang='lat' dir='ltr'><strong>regno</strong></span> <span class='ocrx_word' id='word_1_558' title='bbox 1513 5223 1630 5262; x_wconf 90' lang='lat' dir='ltr'><strong>meo</strong></span> <span class='ocrx_word' id='word_1_559' title='bbox 1678 5210 2008 5266; x_wconf 83' lang='lat' dir='ltr'><strong>confortatus</strong></span> <span class='ocrx_word' id='word_1_560' title='bbox 2058 5227 2175 5266; x_wconf 88' lang='lat' dir='ltr'><strong>sum</strong></span> <span class='ocrx_word' id='word_1_561' title='bbox 2201 5250 2214 5275; x_wconf 92' lang='lat'><strong>,</strong></span> <span class='ocrx_word' id='word_1_562' title='bbox 2233 5221 2286 5267; x_wconf 88' lang='lat' dir='ltr'><strong>et</strong></span> 
     </span>
    </p>
   </div>
   <div class='ocr_carea' id='block_1_85' title="bbox 763 5283 1893 5364">
    <p class='ocr_par' dir='ltr' id='par_1_85' title="bbox 763 5283 1893 5364">
     <span class='ocr_line' id='line_1_85' title="bbox 763 5283 1893 5364; baseline 0.018 -30"><span class='ocrx_word' id='word_1_563' title='bbox 763 5283 1151 5350; x_wconf 78' lang='lat' dir='ltr'><strong>magniﬁcentia</strong></span> <span class='ocrx_word' id='word_1_564' title='bbox 1183 5296 1409 5364; x_wconf 89' lang='lat' dir='ltr'><strong>amplior</strong></span> <span class='ocrx_word' id='word_1_565' title='bbox 1440 5297 1617 5352; x_wconf 89' lang='lat' dir='ltr'><strong>addita</strong></span> <span class='ocrx_word' id='word_1_566' title='bbox 1640 5309 1721 5353; x_wconf 91' lang='lat' dir='ltr'><strong>est</strong></span> <span class='ocrx_word' id='word_1_567' title='bbox 1744 5300 1893 5353; x_wconf 91' lang='lat' dir='ltr'><strong>mihi.</strong></span> 
     </span>
    </p>
   </div>
   <div class='ocr_carea' id='block_1_86' title="bbox 828 5454 2281 5541">
    <p class='ocr_par' dir='ltr' id='par_1_86' title="bbox 828 5454 2281 5541">
     <span class='ocr_line' id='line_1_86' title="bbox 828 5454 2281 5541; baseline 0.018 -37"><span class='ocrx_word' id='word_1_568' title='bbox 828 5454 915 5507; x_wconf 65' lang='grc' dir='ltr'><strong>δι.</strong></span> <span class='ocrx_word' id='word_1_569' title='bbox 956 5458 1020 5513; x_wconf 84' lang='grc' dir='ltr'>Ει</span> <span class='ocrx_word' id='word_1_570' title='bbox 1078 5481 1217 5541; x_wconf 84' lang='lat' dir='ltr'><strong>nunc</strong></span> <span class='ocrx_word' id='word_1_571' title='bbox 1277 5485 1376 5540; x_wconf 81' lang='lat' dir='ltr'><strong>ego</strong></span> <span class='ocrx_word' id='word_1_572' title='bbox 1431 5471 1923 5529; x_wconf 83' lang='lat' dir='ltr'><strong>Nabuchodonosor</strong></span> <span class='ocrx_word' id='word_1_573' title='bbox 1981 5475 2177 5541; x_wconf 87' lang='lat' dir='ltr'><strong>laudo,</strong></span> <span class='ocrx_word' id='word_1_574' title='bbox 2228 5486 2281 5530; x_wconf 88' lang='lat' dir='ltr'><strong>et</strong></span> 
     </span>
    </p>
   </div>
   <div class='ocr_carea' id='block_1_87' title="bbox 761 5540 2280 5635">
    <p class='ocr_par' dir='ltr' id='par_1_87' title="bbox 761 5540 2280 5635">
     <span class='ocr_line' id='line_1_87' title="bbox 761 5540 2280 5635; baseline 0.022 -44"><span class='ocrx_word' id='word_1_575' title='bbox 761 5544 953 5609; x_wconf 72' lang='lat' dir='ltr'><strong>exalto,</strong></span> <span class='ocrx_word' id='word_1_576' title='bbox 982 5560 1034 5603; x_wconf 88' lang='lat' dir='ltr'><strong>et</strong></span> <span class='ocrx_word' id='word_1_577' title='bbox 1061 5540 1295 5623; x_wconf 67' lang='lat' dir='ltr'><strong>glormco</strong></span> <span class='ocrx_word' id='word_1_578' title='bbox 1325 5575 1503 5629; x_wconf 74' lang='lat' dir='ltr'><strong>regem</strong></span> <span class='ocrx_word' id='word_1_579' title='bbox 1534 5563 1673 5629; x_wconf 72' lang='lat' dir='ltr'><strong>cmli,</strong></span> <span class='ocrx_word' id='word_1_580' title='bbox 1716 5565 1839 5635; x_wconf 91' lang='lat' dir='ltr'><strong>quia</strong></span> <span class='ocrx_word' id='word_1_581' title='bbox 1894 5567 2072 5622; x_wconf 90' lang='lat' dir='ltr'><strong>omnia</strong></span> <span class='ocrx_word' id='word_1_582' title='bbox 2122 5582 2280 5635; x_wconf 74' lang='lat' dir='ltr'><strong>opera</strong></span> 
     </span>
    </p>
   </div>
   <div class='ocr_carea' id='block_1_88' title="bbox 2393 3163 3434 3239">
    <p class='ocr_par' dir='ltr' id='par_1_88' title="bbox 2393 3163 3434 3239">
     <span class='ocr_line' id='line_1_88' title="bbox 2393 3163 3434 3239; baseline 0.013 -25"><span class='ocrx_word' id='word_1_583' title='bbox 2393 3163 2593 3225; x_wconf 88' lang='grc' dir='ltr'>σιλείας</span> <span class='ocrx_word' id='word_1_584' title='bbox 2619 3164 2795 3218; x_wconf 78' lang='grc' dir='ltr'>αὐτῶν</span> <span class='ocrx_word' id='word_1_585' title='bbox 2825 3167 2935 3221; x_wconf 83' lang='grc' dir='ltr'>τῶν</span> <span class='ocrx_word' id='word_1_586' title='bbox 2968 3169 3304 3239; x_wconf 83' lang='grc' dir='ltr'>ἀνθρώπων,</span> <span class='ocrx_word' id='word_1_587' title='bbox 3338 3179 3434 3227; x_wconf 59' lang='lat' dir='ltr'><strong>zeal</strong></span> 
     </span>
    </p>
   </div>
   <div class='ocr_carea' id='block_1_89' title="bbox 2368 3253 2574 3322">
    <p class='ocr_par' dir='ltr' id='par_1_89' title="bbox 2368 3253 2574 3322">
     <span class='ocr_line' id='line_1_89' title="bbox 2368 3253 2574 3322; baseline 0 -16"><span class='ocrx_word' id='word_1_588' title='bbox 2368 3266 2373 3267; x_wconf 64' lang='grc'><strong><em>⁷</em></strong></span> <span class='ocrx_word' id='word_1_589' title='bbox 2389 3253 2574 3322; x_wconf 81' lang='grc' dir='ltr'>αὐτήν.</span> 
     </span>
    </p>
   </div>
   <div class='ocr_carea' id='block_1_90' title="bbox 2458 3306 3434 3415">
    <p class='ocr_par' dir='ltr' id='par_1_90' title="bbox 2458 3306 3434 3415">
     <span class='ocr_line' id='line_1_90' title="bbox 2458 3306 3434 3415; baseline 0.011 -22"><span class='ocrx_word' id='word_1_590' title='bbox 2458 3306 2545 3394; x_wconf 65' lang='grc'>56.</span> <span class='ocrx_word' id='word_1_591' title='bbox 2585 3340 2731 3411; x_wconf 79' lang='grc' dir='ltr'><strong>Αὑτῇ</strong></span> <span class='ocrx_word' id='word_1_592' title='bbox 2760 3344 2824 3413; x_wconf 75' lang='grc' dir='ltr'>τῇ</span> <span class='ocrx_word' id='word_1_593' title='bbox 2853 3341 2974 3415; x_wconf 80' lang='grc' dir='ltr'>ὥρᾳ</span> <span class='ocrx_word' id='word_1_594' title='bbox 3055 3346 3217 3414; x_wconf 84' lang='grc' dir='ltr'>λόγος</span> <span class='ocrx_word' id='word_1_595' title='bbox 3251 3365 3434 3403; x_wconf 85' lang='grc' dir='ltr'>συνετ</span> 
     </span>
    </p>
   </div>
   <div class='ocr_carea' id='block_1_91' title="bbox 2388 3427 3434 3509">
    <p class='ocr_par' dir='ltr' id='par_1_91' title="bbox 2388 3427 3434 3509">
     <span class='ocr_line' id='line_1_91' title="bbox 2388 3427 3434 3509; baseline 0.014 -31"><span class='ocrx_word' id='word_1_596' title='bbox 2388 3427 2691 3498; x_wconf 86' lang='grc' dir='ltr'>χοδονόσορ,</span> <span class='ocrx_word' id='word_1_597' title='bbox 2749 3431 2842 3483; x_wconf 74' lang='grc' dir='ltr'><strong>καὶ</strong></span> <span class='ocrx_word' id='word_1_598' title='bbox 2877 3433 2987 3484; x_wconf 82' lang='grc' dir='ltr'><strong>ἀπὸ</strong></span> <span class='ocrx_word' id='word_1_599' title='bbox 3017 3434 3127 3487; x_wconf 81' lang='grc' dir='ltr'><strong>τῶν</strong></span> <span class='ocrx_word' id='word_1_600' title='bbox 3182 3437 3434 3509; x_wconf 83' lang='grc' dir='ltr'>ἀνθρὼπ</span> 
     </span>
    </p>
   </div>
   <div class='ocr_carea' id='block_1_92' title="bbox 2388 3515 3434 3599">
    <p class='ocr_par' dir='ltr' id='par_1_92' title="bbox 2388 3515 3434 3599">
     <span class='ocr_line' id='line_1_92' title="bbox 2388 3515 3434 3599; baseline 0.015 -33"><span class='ocrx_word' id='word_1_601' title='bbox 2388 3515 2577 3584; x_wconf 86' lang='grc' dir='ltr'>χόρτον</span> <span class='ocrx_word' id='word_1_602' title='bbox 2601 3517 2676 3579; x_wconf 82' lang='grc' dir='ltr'><strong>ὡς</strong></span> <span class='ocrx_word' id='word_1_603' title='bbox 2706 3516 2831 3586; x_wconf 77' lang='grc' dir='ltr'>βοῦς</span> <span class='ocrx_word' id='word_1_604' title='bbox 2857 3519 3034 3589; x_wconf 69' lang='grc' dir='ltr'>ἤσθιε,</span> <span class='ocrx_word' id='word_1_605' title='bbox 3070 3523 3170 3576; x_wconf 73' lang='grc' dir='ltr'>καὶ</span> <span class='ocrx_word' id='word_1_606' title='bbox 3199 3526 3322 3580; x_wconf 80' lang='grc' dir='ltr'><strong>ἀπὸ</strong></span> <span class='ocrx_word' id='word_1_607' title='bbox 3352 3529 3434 3599; x_wconf 79' lang='grc' dir='ltr'>τῆ</span> 
     </span>
    </p>
   </div>
   <div class='ocr_carea' id='block_1_93' title="bbox 2364 3603 3397 3685">
    <p class='ocr_par' dir='ltr' id='par_1_93' title="bbox 2364 3603 3397 3685">
     <span class='ocr_line' id='line_1_93' title="bbox 2364 3603 3397 3685; baseline 0.015 -29"><span class='ocrx_word' id='word_1_608' title='bbox 2364 3603 2479 3657; x_wconf 79' lang='grc' dir='ltr'>’νοῦ</span> <span class='ocrx_word' id='word_1_609' title='bbox 2530 3603 2592 3656; x_wconf 84' lang='grc' dir='ltr'>τὸ</span> <span class='ocrx_word' id='word_1_610' title='bbox 2626 3605 2782 3674; x_wconf 85' lang='grc' dir='ltr'>σῶμα</span> <span class='ocrx_word' id='word_1_611' title='bbox 2815 3610 2981 3662; x_wconf 82' lang='grc' dir='ltr'>αὑτοῦ</span> <span class='ocrx_word' id='word_1_612' title='bbox 3024 3612 3233 3685; x_wconf 68' lang='grc' dir='ltr'>ἐδάφη,</span> <span class='ocrx_word' id='word_1_613' title='bbox 3273 3617 3397 3681; x_wconf 73' lang='grc' dir='ltr'><strong>ἓως</strong></span> 
     </span>
    </p>
   </div>
   <div class='ocr_carea' id='block_1_94' title="bbox 2362 3694 3434 3771">
    <p class='ocr_par' dir='ltr' id='par_1_94' title="bbox 2362 3694 3434 3771">
     <span class='ocr_line' id='line_1_94' title="bbox 2362 3694 3434 3771; baseline 0.016 -27"><span class='ocrx_word' id='word_1_614' title='bbox 2362 3694 2462 3757; x_wconf 77' lang='grc' dir='ltr'><strong>’ὡς</strong></span> <span class='ocrx_word' id='word_1_615' title='bbox 2483 3694 2707 3747; x_wconf 76' lang='grc' dir='ltr'>λεόντων</span> <span class='ocrx_word' id='word_1_616' title='bbox 2732 3697 3210 3771; x_wconf 78' lang='grc' dir='ltr'>ἐμεγαλύνθησαν,</span> <span class='ocrx_word' id='word_1_617' title='bbox 3261 3708 3375 3759; x_wconf 58' lang='grc' dir='ltr'><strong>καλ⁵</strong></span> <span class='ocrx_word' id='word_1_618' title='bbox 3409 3726 3434 3761; x_wconf 83' lang='lat' dir='ltr'><strong>c</strong></span> 
     </span>
    </p>
   </div>
   <div class='ocr_carea' id='block_1_95' title="bbox 2385 3783 2604 3851">
    <p class='ocr_par' dir='ltr' id='par_1_95' title="bbox 2385 3783 2604 3851">
     <span class='ocr_line' id='line_1_95' title="bbox 2385 3783 2604 3851; baseline 0.023 -17"><span class='ocrx_word' id='word_1_619' title='bbox 2385 3783 2604 3851; x_wconf 78' lang='grc' dir='ltr'>ὀρνέων.</span> 
     </span>
    </p>
   </div>
   <div class='ocr_carea' id='block_1_96' title="bbox 2454 3875 3434 3956">
    <p class='ocr_par' dir='ltr' id='par_1_96' title="bbox 2454 3875 3434 3956">
     <span class='ocr_line' id='line_1_96' title="bbox 2454 3875 3434 3956; baseline 0.011 -27"><span class='ocrx_word' id='word_1_620' title='bbox 2454 3875 2541 3929; x_wconf 68' lang='grc'><strong>51.</strong></span> <span class='ocrx_word' id='word_1_621' title='bbox 2575 3875 2686 3927; x_wconf 89' lang='lat' dir='ltr'><strong>Kal</strong></span> <span class='ocrx_word' id='word_1_622' title='bbox 2716 3877 2855 3945; x_wconf 80' lang='grc' dir='ltr'>μετὰ</span> <span class='ocrx_word' id='word_1_623' title='bbox 2875 3878 2945 3932; x_wconf 61' lang='grc' dir='ltr'>τὸ</span> <span class='ocrx_word' id='word_1_624' title='bbox 2971 3880 3126 3944; x_wconf 78' lang='grc' dir='ltr'>τέλος</span> <span class='ocrx_word' id='word_1_625' title='bbox 3154 3883 3272 3937; x_wconf 74' lang='grc' dir='ltr'><strong>τῶν</strong></span> <span class='ocrx_word' id='word_1_626' title='bbox 3304 3886 3343 3956; x_wconf 84' lang='grc' dir='ltr'>ἠ</span> <span class='ocrx_word' id='word_1_627' title='bbox 3354 3904 3434 3955; x_wconf 89' lang='grc' dir='ltr'>με</span> 
     </span>
    </p>
   </div>
   <div class='ocr_carea' id='block_1_97' title="bbox 2384 3962 3434 4041">
    <p class='ocr_par' dir='ltr' id='par_1_97' title="bbox 2384 3962 3434 4041">
     <span class='ocr_line' id='line_1_97' title="bbox 2384 3962 3434 4041; baseline 0.014 -26"><span class='ocrx_word' id='word_1_628' title='bbox 2384 3962 2598 4032; x_wconf 89' lang='grc' dir='ltr'>δονόσορ</span> <span class='ocrx_word' id='word_1_629' title='bbox 2624 3966 2747 4029; x_wconf 84' lang='grc' dir='ltr'>τοὺς</span> <span class='ocrx_word' id='word_1_630' title='bbox 2769 3967 3079 4037; x_wconf 80' lang='grc' dir='ltr'>ὀφθαλμούς</span> <span class='ocrx_word' id='word_1_631' title='bbox 3114 3990 3221 4041; x_wconf 88' lang='grc' dir='ltr'>μου</span> <span class='ocrx_word' id='word_1_632' title='bbox 3272 3977 3368 4039; x_wconf 85' lang='grc' dir='ltr'><strong>είς</strong></span> <span class='ocrx_word' id='word_1_633' title='bbox 3399 3996 3434 4031; x_wconf 84' lang='grc' dir='ltr'><strong>τ</strong></span> 
     </span>
    </p>
   </div>
   <div class='ocr_carea' id='block_1_98' title="bbox 2366 4052 3434 4132">
    <p class='ocr_par' dir='ltr' id='par_1_98' title="bbox 2366 4052 3434 4132">
     <span class='ocr_line' id='line_1_98' title="bbox 2366 4052 3434 4132; baseline 0.016 -28"><span class='ocrx_word' id='word_1_634' title='bbox 2366 4054 2478 4105; x_wconf 75' lang='grc' dir='ltr'><strong>’καὶ</strong></span> <span class='ocrx_word' id='word_1_635' title='bbox 2510 4055 2566 4106; x_wconf 79' lang='grc' dir='ltr'>αἱ</span> <span class='ocrx_word' id='word_1_636' title='bbox 2604 4056 2797 4124; x_wconf 77' lang='grc' dir='ltr'>φρένες</span> <span class='ocrx_word' id='word_1_637' title='bbox 2829 4052 3050 4128; x_wconf 75' lang='grc' dir='ltr'>μουέπ⁹</span> <span class='ocrx_word' id='word_1_638' title='bbox 3103 4060 3206 4132; x_wconf 80' lang='grc' dir='ltr'><strong>ἐμὲ</strong></span> <span class='ocrx_word' id='word_1_639' title='bbox 3238 4067 3434 4122; x_wconf 77' lang='grc' dir='ltr'>ἐπεστ</span> 
     </span>
    </p>
   </div>
   <div class='ocr_carea' id='block_1_99' title="bbox 2387 4142 3434 4219">
    <p class='ocr_par' dir='ltr' id='par_1_99' title="bbox 2387 4142 3434 4219">
     <span class='ocr_line' id='line_1_99' title="bbox 2387 4142 3434 4219; baseline 0.018 -27"><span class='ocrx_word' id='word_1_640' title='bbox 2387 4142 2643 4210; x_wconf 81' lang='grc' dir='ltr'>Ὕψιστον</span> <span class='ocrx_word' id='word_1_641' title='bbox 2678 4145 2951 4217; x_wconf 84' lang='grc' dir='ltr'>εὐλόγησα</span> <span class='ocrx_word' id='word_1_642' title='bbox 2971 4188 2986 4212; x_wconf 92' lang='grc'><strong>,</strong></span> <span class='ocrx_word' id='word_1_643' title='bbox 3015 4152 3112 4203; x_wconf 75' lang='grc' dir='ltr'><strong>καὶ</strong></span> <span class='ocrx_word' id='word_1_644' title='bbox 3145 4154 3245 4206; x_wconf 74' lang='grc' dir='ltr'>τὸν</span> <span class='ocrx_word' id='word_1_645' title='bbox 3281 4155 3434 4219; x_wconf 58' lang='lat' dir='ltr'><strong>{Cava</strong></span> 
     </span>
    </p>
   </div>
   <div class='ocr_carea' id='block_1_100' title="bbox 2383 4227 3434 4309">
    <p class='ocr_par' dir='ltr' id='par_1_100' title="bbox 2383 4227 3434 4309">
     <span class='ocr_line' id='line_1_100' title="bbox 2383 4227 3434 4309; baseline 0.019 -32"><span class='ocrx_word' id='word_1_646' title='bbox 2383 4227 2582 4297; x_wconf 77' lang='grc' dir='ltr'>ᾔνεσα,</span> <span class='ocrx_word' id='word_1_647' title='bbox 2616 4230 2709 4282; x_wconf 74' lang='grc' dir='ltr'><strong>καὶ</strong></span> <span class='ocrx_word' id='word_1_648' title='bbox 2738 4232 2963 4297; x_wconf 76' lang='grc' dir='ltr'>ἐδόξασα</span> <span class='ocrx_word' id='word_1_649' title='bbox 2989 4274 3004 4299; x_wconf 89' lang='grc'><strong>,</strong></span> <span class='ocrx_word' id='word_1_650' title='bbox 3035 4237 3121 4289; x_wconf 83' lang='grc' dir='ltr'>ὅτι</span> <span class='ocrx_word' id='word_1_651' title='bbox 3167 4242 3204 4309; x_wconf 78' lang='grc' dir='ltr'>ἠ</span> <span class='ocrx_word' id='word_1_652' title='bbox 3262 4243 3434 4306; x_wconf 55' lang='grc' dir='ltr'>ἐξουξ</span> 
     </span>
    </p>
   </div>
   <div class='ocr_carea' id='block_1_101' title="bbox 2385 4315 3432 4392">
    <p class='ocr_par' dir='ltr' id='par_1_101' title="bbox 2385 4315 3432 4392">
     <span class='ocr_line' id='line_1_101' title="bbox 2385 4315 3432 4392; baseline 0.019 -25"><span class='ocrx_word' id='word_1_653' title='bbox 2385 4315 2626 4382; x_wconf 79' lang='grc' dir='ltr'>αἰώνιος,</span> <span class='ocrx_word' id='word_1_654' title='bbox 2670 4320 2834 4392; x_wconf 74' lang='grc' dir='ltr'><strong>καὶὴ</strong></span> <span class='ocrx_word' id='word_1_655' title='bbox 2880 4322 3129 4392; x_wconf 82' lang='grc' dir='ltr'>βασιλεία</span> <span class='ocrx_word' id='word_1_656' title='bbox 3158 4330 3344 4385; x_wconf 83' lang='grc' dir='ltr'>αὑτοῦ</span> <span class='ocrx_word' id='word_1_657' title='bbox 3400 4354 3432 4387; x_wconf 88' lang='grc' dir='ltr'><strong>ε</strong></span> 
     </span>
    </p>
   </div>
   <div class='ocr_carea' id='block_1_102' title="bbox 2385 4408 2526 4461">
    <p class='ocr_par' dir='ltr' id='par_1_102' title="bbox 2385 4408 2526 4461">
     <span class='ocr_line' id='line_1_102' title="bbox 2385 4408 2526 4461; baseline 0.014 -2"><span class='ocrx_word' id='word_1_658' title='bbox 2385 4408 2526 4461; x_wconf 88' lang='grc' dir='ltr'>νεάν.</span> 
     </span>
    </p>
   </div>
   <div class='ocr_carea' id='block_1_103' title="bbox 2452 4495 3433 4579">
    <p class='ocr_par' dir='ltr' id='par_1_103' title="bbox 2452 4495 3433 4579">
     <span class='ocr_line' id='line_1_103' title="bbox 2452 4495 3433 4579; baseline 0.021 -31"><span class='ocrx_word' id='word_1_659' title='bbox 2452 4495 2541 4552; x_wconf 76' lang='lat'><strong>32.</strong></span> <span class='ocrx_word' id='word_1_660' title='bbox 2580 4496 2688 4548; x_wconf 85' lang='lat' dir='ltr'><strong>Kal</strong></span> <span class='ocrx_word' id='word_1_661' title='bbox 2715 4499 2915 4565; x_wconf 84' lang='grc' dir='ltr'>πάντες</span> <span class='ocrx_word' id='word_1_662' title='bbox 2935 4504 2993 4556; x_wconf 77' lang='grc' dir='ltr'><strong>οίι</strong></span> <span class='ocrx_word' id='word_1_663' title='bbox 3016 4511 3433 4579; x_wconf 77' lang='grc' dir='ltr'>κατοικοῦντες</span> 
     </span>
    </p>
   </div>
   <div class='ocr_carea' id='block_1_104' title="bbox 2384 4582 3434 4673">
    <p class='ocr_par' dir='ltr' id='par_1_104' title="bbox 2384 4582 3434 4673">
     <span class='ocr_line' id='line_1_104' title="bbox 2384 4582 3434 4673; baseline 0.025 -40"><span class='ocrx_word' id='word_1_664' title='bbox 2384 4582 2734 4655; x_wconf 83' lang='grc' dir='ltr'>ἐλογίσθησαν</span> <span class='ocrx_word' id='word_1_665' title='bbox 2757 4605 2772 4620; x_wconf 88' lang='grc'>·</span> <span class='ocrx_word' id='word_1_666' title='bbox 2803 4593 2899 4645; x_wconf 73' lang='grc' dir='ltr'><strong>καὶ</strong></span> <span class='ocrx_word' id='word_1_667' title='bbox 2933 4596 3077 4651; x_wconf 76' lang='grc' dir='ltr'>κατὰ</span> <span class='ocrx_word' id='word_1_668' title='bbox 3103 4600 3165 4651; x_wconf 84' lang='grc' dir='ltr'>τὸ</span> <span class='ocrx_word' id='word_1_669' title='bbox 3201 4599 3434 4673; x_wconf 85' lang='grc' dir='ltr'><strong>Θέλημα</strong></span> 
     </span>
    </p>
   </div>
   <div class='ocr_carea' id='block_1_105' title="bbox 2382 4673 3400 4763">
    <p class='ocr_par' dir='ltr' id='par_1_105' title="bbox 2382 4673 3400 4763">
     <span class='ocr_line' id='line_1_105' title="bbox 2382 4673 3400 4763; baseline 0.021 -38"><span class='ocrx_word' id='word_1_670' title='bbox 2382 4673 2604 4742; x_wconf 82' lang='grc' dir='ltr'>δυνάμει</span> <span class='ocrx_word' id='word_1_671' title='bbox 2648 4677 2745 4728; x_wconf 83' lang='grc' dir='ltr'>τοῦ</span> <span class='ocrx_word' id='word_1_672' title='bbox 2774 4682 3031 4753; x_wconf 81' lang='grc' dir='ltr'>οὐρανοῦ,</span> <span class='ocrx_word' id='word_1_673' title='bbox 3067 4690 3165 4741; x_wconf 72' lang='grc' dir='ltr'><strong>καὶ</strong></span> <span class='ocrx_word' id='word_1_674' title='bbox 3210 4692 3273 4742; x_wconf 85' lang='grc' dir='ltr'><strong>ἐν</strong></span> <span class='ocrx_word' id='word_1_675' title='bbox 3325 4699 3400 4763; x_wconf 80' lang='grc' dir='ltr'>τῇ</span> 
     </span>
    </p>
   </div>
   <div class='ocr_carea' id='block_1_106' title="bbox 2384 4764 3433 4856">
    <p class='ocr_par' dir='ltr' id='par_1_106' title="bbox 2384 4764 3433 4856">
     <span class='ocr_line' id='line_1_106' title="bbox 2384 4764 3433 4856; baseline 0.025 -44"><span class='ocrx_word' id='word_1_676' title='bbox 2384 4764 2496 4856; x_wconf 69' lang='lat' dir='ltr'><strong>Kal</strong></span> <span class='ocrx_word' id='word_1_677' title='bbox 2516 4764 2611 4856; x_wconf 54' lang='lat' dir='ltr'><strong>obit</strong></span> <span class='ocrx_word' id='word_1_678' title='bbox 2640 4764 2793 4856; x_wconf 63' lang='grc' dir='ltr'>ἐστιν</span> <span class='ocrx_word' id='word_1_679' title='bbox 2822 4773 2883 4839; x_wconf 81' lang='grc' dir='ltr'>ὃς</span> <span class='ocrx_word' id='word_1_680' title='bbox 2914 4778 3303 4851; x_wconf 74' lang='grc' dir='ltr'>ἀντιστήσεται</span> <span class='ocrx_word' id='word_1_681' title='bbox 3354 4789 3433 4856; x_wconf 79' lang='grc' dir='ltr'><strong>τῇ</strong></span> 
     </span>
    </p>
   </div>
   <div class='ocr_carea' id='block_1_107' title="bbox 2383 4853 3122 4939">
    <p class='ocr_par' dir='ltr' id='par_1_107' title="bbox 2383 4853 3122 4939">
     <span class='ocr_line' id='line_1_107' title="bbox 2383 4853 3122 4939; baseline 0 -17"><span class='ocrx_word' id='word_1_682' title='bbox 2383 4853 2497 4922; x_wconf 55' lang='grc' dir='ltr'><strong>ἐρεῖ</strong></span> <span class='ocrx_word' id='word_1_683' title='bbox 2530 4853 2695 4924; x_wconf 64' lang='grc' dir='ltr'><strong>αὐτῷ’</strong></span> <span class='ocrx_word' id='word_1_684' title='bbox 2728 4859 2799 4914; x_wconf 78' lang='grc' dir='ltr'>Τί</span> <span class='ocrx_word' id='word_1_685' title='bbox 2825 4865 3122 4939; x_wconf 82' lang='grc' dir='ltr'>ὲποίησας;</span> 
     </span>
    </p>
   </div>
   <div class='ocr_carea' id='block_1_108' title="bbox 2435 4943 3434 5040">
    <p class='ocr_par' dir='ltr' id='par_1_108' title="bbox 2435 4943 3434 5040">
     <span class='ocr_line' id='line_1_108' title="bbox 2435 4943 3434 5040; baseline 0.031 -49"><span class='ocrx_word' id='word_1_686' title='bbox 2573 4945 2736 5040; x_wconf 31' lang='grc' dir='ltr'>αὐτῷ</span> <span class='ocrx_word' id='word_1_687' title='bbox 2763 4955 2847 5026; x_wconf 78' lang='grc' dir='ltr'>τῷ</span> <span class='ocrx_word' id='word_1_688' title='bbox 2880 4962 3057 5034; x_wconf 78' lang='grc' dir='ltr'>καιρῷ</span> <span class='ocrx_word' id='word_1_689' title='bbox 3084 4962 3139 5018; x_wconf 78' lang='grc' dir='ltr'>αἱ</span> <span class='ocrx_word' id='word_1_690' title='bbox 3168 4962 3366 5036; x_wconf 78' lang='grc' dir='ltr'>φρένες</span> <span class='ocrx_word' id='word_1_691' title='bbox 3424 4985 3434 5040; x_wconf 63' lang='grc' dir='ltr'><strong><em>ι</em></strong></span> 
     </span>
    </p>
   </div>
   <div class='ocr_carea' id='block_1_109' title="bbox 2382 5030 3432 5130">
    <p class='ocr_par' dir='ltr' id='par_1_109' title="bbox 2382 5030 3432 5130">
     <span class='ocr_line' id='line_1_109' title="bbox 2382 5030 3432 5130; baseline 0.048 -53"><span class='ocrx_word' id='word_1_692' title='bbox 2382 5030 2466 5130; x_wconf 62' lang='lat' dir='ltr'><strong>tu:</strong></span> <span class='ocrx_word' id='word_1_693' title='bbox 2497 5033 2637 5130; x_wconf 48' lang='grc' dir='ltr'>ἐμοὶ,</span> <span class='ocrx_word' id='word_1_694' title='bbox 2675 5042 2781 5095; x_wconf 75' lang='lat' dir='ltr'><strong>xal</strong></span> <span class='ocrx_word' id='word_1_695' title='bbox 2813 5051 2897 5115; x_wconf 87' lang='grc' dir='ltr'><strong>είς</strong></span> <span class='ocrx_word' id='word_1_696' title='bbox 2924 5030 3331 5130; x_wconf 24' lang='grc' dir='ltr'><strong>τῆνττιμὴνττῆς</strong></span> 
     </span>
    </p>
   </div>
   <div class='ocr_carea' id='block_1_110' title="bbox 2450 5476 2699 5543">
    <p class='ocr_par' dir='ltr' id='par_1_110' title="bbox 2450 5476 2699 5543">
     <span class='ocr_line' id='line_1_110' title="bbox 2450 5476 2699 5543; baseline 0.024 -6"><span class='ocrx_word' id='word_1_697' title='bbox 2450 5476 2538 5530; x_wconf 69' lang='grc'><strong>54·</strong></span> <span class='ocrx_word' id='word_1_698' title='bbox 2576 5483 2699 5543; x_wconf 65' lang='grc' dir='ltr'><strong>Καὶ</strong></span> 
     </span>
    </p>
   </div>
   <div class='ocr_carea' id='block_1_111' title="bbox 2385 5503 3434 5648">
    <p class='ocr_par' dir='ltr' id='par_1_111' title="bbox 2385 5503 3434 5648">
     <span class='ocr_line' id='line_1_111' title="bbox 2385 5503 3434 5648; baseline 0.03 -30"><span class='ocrx_word' id='word_1_699' title='bbox 2385 5503 3434 5648; x_wconf 44' lang='lat' dir='ltr'><strong>..‘{&quot;..22§.Ii‘;fi“iFiber???</strong></span> 
     </span>
    </p>
   </div>
   <div class='ocr_carea' id='block_1_112' title="bbox 2704 5603 3433 5701">
    <p class='ocr_par' dir='ltr' id='par_1_112' title="bbox 2704 5603 3433 5701">
     <span class='ocr_line' id='line_1_112' title="bbox 2704 5603 3433 5701; baseline 0.008 -28"><span class='ocrx_word' id='word_1_700' title='bbox 2704 5606 2760 5645; x_wconf 70' lang='grc' dir='ltr'>ω</span> <span class='ocrx_word' id='word_1_701' title='bbox 2793 5603 2900 5665; x_wconf 81' lang='grc' dir='ltr'><strong>τδν</strong></span> <span class='ocrx_word' id='word_1_702' title='bbox 2941 5617 3159 5687; x_wconf 72' lang='grc' dir='ltr'>βασιλέα</span> <span class='ocrx_word' id='word_1_703' title='bbox 3204 5627 3285 5683; x_wconf 80' lang='grc' dir='ltr'>τοῦ</span> <span class='ocrx_word' id='word_1_704' title='bbox 3309 5629 3433 5701; x_wconf 70' lang='grc' dir='ltr'>οὖροι</span> 
     </span>
    </p>
   </div>
  </div>
