3874 6336
210 343 377 410 2365

1668 356 1893 413 CAPUT
1940 361 1999 414 V.

3290 366 3428 421 2866

215 472 374 543 ερτα
395 454 546 511 αὐτοῦ
588 450 841 523 ἀληθινὰ,
869 453 969 546 καὶ
992 454 1047 510 αἰ
1064 456 1257 526 τρίϐοι
1286 465 1455 522 αὑτοῦ
1483 470 1680 540 κρίσις,
1712 474 1790 525 καλ

1908 475 2022 542 ejus
2050 489 2193 539 vera,
2220 484 2273 530 et
2297 477 2499 532 semita
2526 477 2646 546 ejus
2683 475 2965 546 judicium,
2994 484 3048 532 et
3084 492 3269 531 omnes
3304 494 3424 546 gra-

222 563 436 614 πάντας
476 548 595 608 τοὺς
640 543 1043 615 πορευομένους
1066 546 1125 599 ὲν
1158 549 1538 629 ὑπερηφανίᾳ,
1581 559 1798 613 δύναται

224 655 567 703 ταπεινωσαι.

736 721 1141 777 ΚΕΦΑΛΑΙΟΝ
1193 727 1278 782 E'.

322 820 370 872 l.
397 812 663 881 Βαλτάσαρ
691 813 722 863 6
754 811 1009 878 βασιλεὺς
1033 815 1259 885 ἐποίησε
1286 819 1496 872 δεῖπνον
1525 821 1661 890 μέγα
1685 824 1794 886 τοῖς

254 907 548 976 μεγιστᾶσιν
583 900 747 955 αὑτοῦ
771 902 967 971 χιλίοις
992 943 1009 969 ,
1045 904 1139 956 καὶ
1172 908 1460 962 κατέναντι
1485 909 1589 962 τῶν
1613 911 1792 978 χιλίων

251 1000 289 1050 ὁ
310 995 446 1058 οἶνος.

329 1088 378 1141 2.
399 1086 555 1138 Πίνων
594 1082 883 1151 Βαλτάσαρ
912 1083 942 1134 6
978 1082 1232 1151 βασιλεὺς
1254 1080 1406 1139 εἶπεν
1430 1089 1486 1139 ὲν
1515 1089 1579 1156 τῇ
1610 1086 1789 1152 γεύσει

255 1174 353 1228 τοῦ
378 1174 523 1237 οίνου,
549 1170 645 1223 τοῦ
683 1170 931 1237 ἐνεγκεῖν
964 1171 1033 1222 τὰ
1065 1172 1230 1240 σκεύη
1261 1172 1330 1224 τά
1358 1175 1552 1242 χρυσᾶ,
1608 1174 1696 1225 καί
1723 1175 1789 1231 τά

254 1263 477 1331 ἀργυρᾶ,
506 1260 540 1314 ἀ
568 1260 821 1329 ἐξήνεγκε
851 1258 1323 1330 Ναϐουχοδονόσορ
1350 1263 1377 1312 6
1420 1260 1595 1329 πατὴρ
1626 1260 1785 1312 αὑτοῦ

253 1353 328 1405 ὲκ
362 1351 447 1404 τοῦ
490 1348 611 1403 ναοῦ
645 1345 739 1400 τοῦ
767 1348 824 1401 ὲν
869 1347 1247 1417 Ἰερουσαλὴμ,
1285 1349 1377 1400 καὶ
1424 1347 1683 1400 πιέτωσαν
1730 1350 1785 1399 ὲν

255 1442 433 1499 αὐτοῖς
455 1438 481 1488 6
507 1436 769 1505 βασιλεὺς,
814 1434 909 1491 καὶ
956 1437 1003 1486 οἰ
1053 1438 1369 1503 μεγιστᾶνες
1398 1435 1580 1498 αὑτοῦ,
1611 1438 1704 1488 καῖ
1728 1437 1782 1488 αἰ

260 1525 560 1595 παράκοιτοι
586 1522 771 1584 αὑτοῦ,
802 1523 896 1573 καὶ
922 1523 981 1572 αί
1016 1520 1279 1574 παλλακαὶ
1304 1521 1486 1573 αὑτοῦ.

330 1615 379 1681 ὅ.
412 1612 510 1664 Καὶ
538 1609 733 1678 ὴνέχθη
762 1610 830 1661 τὰ
858 1609 1025 1678 σκεύη
1050 1609 1116 1660 τά
1140 1611 1367 1681 ἀργυρᾶ,
1392 1610 1482 1662 καὶ
1504 1607 1571 1660 τά
1589 1610 1779 1677 χρυσᾶ,

1902 562 2107 617 dientes
2135 565 2185 617 in
2212 566 2457 634 superbia
2480 576 2654 633 potest
2682 565 2979 618 bumiliare.

2504 752 2728 808 CAPUT
2768 753 2830 807 V.

1966 843 2015 895 l.
2061 840 2301 896 Baltasar
2326 858 2417 896 rex
2450 843 2573 897 fecit
2620 846 2816 911 grande
2863 843 3163 896 convivium
3195 844 3422 909 optima-

1896 930 2036 984 tibus
2052 932 2163 985 suis
2188 932 2351 995 mille,
2377 943 2427 985 et
2446 947 2475 985 e
2500 933 2713 1001 regione
2742 934 2977 1000 ipsorum
2996 933 3159 996 mille,
3180 932 3379 985 vinum.

1959 1105 2013 1158 2.
2052 1107 2248 1160 Bibens
2300 1108 2537 1162 Baltasar
2591 1125 2683 1163 rex
2744 1109 2877 1162 dixit
2922 1110 2972 1162 in
3022 1116 3173 1176 gustu
3204 1107 3331 1173 vini,
3359 1114 3418 1161 ut

1891 1193 2202 1246 aﬂ'errentur
2231 1211 2353 1249 vasa
2389 1212 2567 1259 aurea,
2598 1206 2650 1250 et
2680 1207 2928 1265 argentea
2954 1238 2968 1262 ,
3027 1212 3143 1265 quae
3182 1205 3419 1263 asporta-

1890 1289 2035 1331 verat
2063 1278 2555 1335 Nabuchodonosor
2582 1292 2731 1350 pater
2764 1285 2880 1351 ejus
2926 1284 2990 1338 de
3025 1284 3238 1352 templo,
3272 1284 3414 1351 quod

1888 1375 2001 1418 erat
2032 1367 2083 1418 in
2110 1366 2423 1431 Jerusalem,
2444 1381 2495 1423 et
2526 1371 2762 1424 biberent
2795 1373 2845 1424 in
2873 1374 2949 1426 eis
2976 1388 3087 1435 rex,
3115 1382 3167 1426 et
3186 1372 3414 1440 optima-

1888 1462 1965 1505 tes
1987 1454 2120 1522 ejus,
2144 1464 2195 1507 et
2223 1458 2529 1512 concubinae
2556 1459 2689 1527 ejus,
2714 1470 2766 1513 et
2793 1471 2967 1514 scorta
3003 1462 3138 1530 ejus.

1955 1629 2007 1681 5.
2049 1630 2114 1682 Et
2146 1630 2300 1681 allata
2332 1640 2455 1684 sunt
2489 1648 2612 1685 vasa
2643 1642 2913 1701 argentea,
2962 1643 3014 1687 et
3073 1647 3254 1697 aurea,
3295 1647 3414 1699 qua:

262 1703 303 1756 ἃ
325 1704 556 1772 ἐξήνεγκε
584 1698 1053 1768 Ναϐουχοδονόσορ
1076 1699 1140 1750 ἐκ
1165 1698 1258 1750 τοῦ
1280 1699 1403 1751 ναοῦ
1428 1698 1517 1750 τοῦ
1539 1698 1669 1750 Θεοῦ
1690 1698 1780 1750 τοῦ

1908 1727 2246 1783 Isportaverat
2273 1698 2767 1773 Nabuchodonosor
2798 1722 2861 1774 de
2884 1722 3079 1788 templo
3116 1722 3224 1785 Dei,
3269 1698 3412 1788 quod

250 1793 320 1844 ἐν
354 1790 709 1859 Ἰερουσαλὴμ,
744 1789 838 1840 καὶ
867 1788 1049 1841 ἔπινον
1069 1790 1125 1841 ὲν
1148 1789 1324 1849 αὐτοῖς
1355 1790 1383 1839 6
1410 1788 1671 1856 βασιλεὺς,
1695 1789 1786 1840 καὶ

1908 1806 2057 1858 uerat
2082 1807 2132 1857 in
2164 1806 2458 1859 Jerusalem
2488 1827 2500 1860 :
2529 1818 2579 1860 et
2608 1809 2854 1862 bibebant
2885 1810 2936 1861 in
2961 1784 3037 1862 eis
3067 1825 3176 1874 rex,
3198 1784 3249 1862 et
3277 1784 3414 1877 opti-

232 1881 305 1930 αί
331 1878 631 1946 μεγιστᾶνες
650 1874 815 1927 αὐτοῦ
835 1912 851 1940 ,
884 1875 980 1927 καί¹
1027 1876 1343 1946 παράκοιτοι
1365 1873 1523 1927 αὑτοῦ
1544 1915 1559 1939 ,
1609 1875 1702 1927 καὶ
1728 1876 1784 1925 αἰ

320 2055 374 2107 4.
398 2054 494 2105 Καὶ
529 2052 711 2105 ἔπινον
754 2048 919 2109 οἶνον,
950 2050 1045 2102 καὶ
1095 2048 1292 2119 ᾔνεσαν
1319 2050 1440 2110 τοὺς
1479 2048 1629 2109 θεοὺς
1662 2049 1785 2109 τοὺς

208 2138 487 2208 χρυσοῦς,
518 2140 608 2190 καὶ
640 2137 936 2208 ἀργυροῦς,
988 2137 1083 2189 καὶ
1113 2135 1361 2205 χαλκοῦς,
1393 2136 1484 2188 καὶ
1516 2134 1781 2203 σιδηροῦς,

206 2229 343 2279 διαὶ
366 2227 612 2291 ξυλίνους,
657 2226 755 2277 καὶ
784 2224 1020 2285 λιθίνους
1046 2240 1060 2254 ο
1100 2224 1193 2276 καὶ
1223 2224 1313 2275 τὸν
1338 2223 1467 2275 Θεὸν
1493 2222 1585 2275 τοῦ
1619 2225 1779 2291 οὐρα-

199 2316 339 2368 νοῦ
360 2317 448 2369 οὐκ
473 2316 792 2387 εὐλόγησαν,
820 2314 913 2365 τὸν
939 2314 1127 2382 ἔχοντα
1147 2312 1389 2377 ἐξουσίαν
1428 2312 1521 2364 τοῦ
1546 2311 1783 2382 πνεύμα-

194 2420 337 2467 ’τος
358 2405 543 2459 αὐτῶν.

316 2496 366 2548 5.
399 2495 481 2547 Ἐν
510 2494 644 2565 αὐτῇ
690 2496 760 2562 τῇ
810 2493 930 2561 ὥρᾳ
957 2490 1177 2558 ἐξῆλθον
1223 2490 1467 2543 δάκτυλοι
1492 2490 1669 2559 χειρὸς
1694 2492 1784 2543 ἀν-

230 2583 472 2651 θρώπου,
503 2584 597 2635 καὶ
629 2583 871 2652 ἔγραφον
896 2580 1179 2632 κατέναντι
1200 2580 1298 2647 τῆς
1320 2580 1593 2648 λαμπάδος
1617 2582 1706 2631 ἐπὶ
1726 2579 1785 2630 τὸ

244 2674 469 2740 κονίαμα
494 2672 587 2725 τοῦ
614 2672 797 2739 τοίχου
826 2670 919 2722 τοῦ
971 2670 1119 2722 οἴκου
1161 2670 1256 2720 τοῦ
1292 2668 1580 2736 βασιλέως·
1628 2671 1721 2722 καὶ
1757 2671 1784 2720 6

258 2760 483 2826 βασιλεὺς
516 2759 739 2829 ἐθεώρει
780 2760 906 2819 τοὺς
948 2757 1314 2824 ἀστραγάλους
1351 2756 1448 2825 τῆς
1486 2756 1662 2826 χειρὸς
1687 2762 1783 2828 τῆς

259 2847 568 2915 γραφούσης.
1362 2892 1363 2895 η

318 2935 367 2988 6.
394 2936 517 2988 Τότε
548 2935 639 2987 τοῦ
670 2933 937 3005 βασιλέως
981 2932 1013 3000 ἡ
1051 2930 1227 3001 μορφὴ
1272 2931 1556 3001 ἠλλοιώθη,
1606 2934 1700 2986 καὶ
1735 2935 1783 2986 οί

259 3024 569 3094 ζιαλογισμοὶ
593 3025 761 3078 αὐτοῦ
786 3024 1179 3092 συνετάρασσον
1200 3024 1355 3076 αὑτὸν
1375 3065 1388 3087 ,
1417 3025 1507 3076 καὶ
1534 3025 1584 3075 οἰ
1609 3025 1785 3076 σύνδε-

262 3130 370 3182 σμοι
396 3115 492 3183 τῆς
512 3115 712 3183 ὀσφύος
745 3114 909 3168 αὐτοῦ
939 3111 1224 3175 διελύοντο,
1248 3114 1342 3165 καὶ
1370 3112 1438 3164 τά
1473 3113 1669 3179 γόνατα
1692 3114 1787 3166 αὑ-

260 3202 340 3254 τοῦ
365 3207 425 3270 Χ
457 3204 611 3257 τοῦτο
640 3204 819 3271 τούτῳ
839 3202 895 3270 /.
929 3202 1296 3270 συνεκρούετο.

318 3294 365 3345 7.
400 3295 502 3345 Καὶ
535 3294 764 3361 ἐϐόησεν
786 3292 815 3343 6
842 3290 1091 3360 βασιλεὺς
1114 3292 1169 3342 ὲν
1202 3290 1342 3359 ἰσχύϊ
1364 3290 1456 3342 τοῦ
1484 3292 1789 3358 εἰσαγαγεῖν

263 3380 464 3445 μάγους,
498 3380 841 3441 Χαλδαίους,
882 3376 1249 3447 γαζαρηνούς·
1302 3377 1392 3428 καί
1442 3378 1709 3447 ἀπεκρίθη
1760 3378 1789 3429 6

263 3469 500 3534 βασιλεὺς,
533 3471 626 3523 καὶ
657 3464 814 3522 εἶπεν
846 3470 955 3529 τοῖς
982 3469 1162 3535 σοφοῖς
1203 3466 1531 3530 Βαϐυλῶνος,
1565 3468 1648 3519 ὅτι
1674 3470 1788 3530 Πᾶς

261 3558 563 3628 ἄνθρωπος,
590 3560 648 3621 ὃς
690 3558 787 3611 ἐάν
831 3556 1047 3625 ἀναγνῷ
1078 3557 1174 3624 τὴν
1202 3554 1413 3624 γραφὴν
1432 3555 1663 3623 ταύτην,
1693 3559 1788 3609 καὶ

263 3648 345 3715 τὴν
375 3649 648 3717 σύγκρισιν
670 3646 845 3715 αὐτῆς
871 3645 1107 3715 γνωρίσῃ
1134 3661 1243 3711 μοι,
1276 3643 1558 3714 πορφύραν
1581 3644 1790 3695 ἐνδύσε-

264 3739 461 3800 ται,καὶ
484 3740 512 3789 6
540 3738 811 3807 μανιάκης
848 3737 877 3788 6
897 3733 1127 3804 χρυσοῦς
1154 3732 1249 3805 ἐπὶ
1281 3732 1374 3784 τοῦ
1406 3732 1668 3802 τραχήλου
1697 3732 1791 3784 αύ-

265 3825 364 3891 τοῦ,
382 3828 468 3879 καὶ
489 3827 669 3898 τρίτος
696 3828 753 3879 ὲν
776 3827 843 3894 τῇ
876 3823 1120 3893 βασιλείᾳ
1142 3838 1245 3891 μου
1278 3821 1448 3889 ἄρξει.

325 3917 373 3967 8.
404 3917 509 3968 Καὶ
540 3913 950 3984 εἰσεπορεύοντο
998 3911 1189 3973 πάντες
1228 3910 1275 3962 οἱ
1321 3908 1473 3976 σοφοὶ
1511 3906 1601 3960 τοῦ
1644 3908 1776 3976 βασι·

270 4004 405 4066 tam,
430 4004 519 4056 καί
543 4005 645 4055 οὐκ
674 4003 935 4072 ἠδύναντο
967 4000 1064 4070 τὴν
1089 3998 1299 4068 γραφὴν
1327 3998 1646 4065 ἀναγνῶναι,
1675 3999 1792 4051 οὐδὲ

272 4093 351 4161 τὴν
374 4095 648 4163 σύγκρισιν
674 4092 939 4160 γνωρίσαι
977 4090 1049 4159 τῷ
1084 4089 1308 4158 βασιλεῖ.

330 4180 377 4233 9.
400 4182 561 4233 Kal6
587 4179 838 4250 βασιλεὺς
860 4177 1142 4246 Βαλτάσαρ
1166 4176 1456 4245 ἐταράχθη,
1483 4175 1575 4228 καὶ
1607 4176 1639 4241 ἡ
1664 4192 1792 4245 μορ-

278 4266 337 4335 φὴ
356 4268 505 4320 αὑτοῦ
524 4266 789 4337 ἠλλοιώθη
824 4265 909 4317 ἐπ’
939 4264 1105 4333 αὐτῷ,
1152 4264 1247 4316 καὶ
1286 4267 1332 4315 οἰ
1362 4258 1671 4333 μεγιστᾶνες
1693 4265 1792 4315 αὐ·-

279 4356 355 4410 τοῦ
382 4357 847 4426 συνεταράσσοντο.

339 4444 413 4496 10.
439 4446 545 4497 Καὶ
572 4447 603 4513 ἡ
637 4443 921 4513 βασίλισσα
955 4441 1237 4493 κατέναντι
1264 4440 1367 4491 τῶν
1393 4438 1563 4505 λόγων
1585 4438 1676 4489 τοῦ
1699 4438 1796 4507 βα-

288 4530 464 4594 σιλέως,
495 4533 583 4584 καὶ
608 4532 716 4583 τῶν
745 4529 1081 4599 μεγιστάνων
1104 4526 1266 4579 αὐτοῦ
1306 4528 1382 4589 εἰς
1418 4526 1513 4578 τὸν·
1534 4523 1675 4577 οἰκον
1701 4526 1793 4577 τοῦ

289 4619 421 4671 πότου
441 4621 699 4689 εἰσῆλθεν,
728 4621 824 4672 καὶ
839 4617 1109 4685 ἀπεκρίθη
1128 4619 1161 4686 ἡ
1189 4616 1485 4684 βασίλισσα,
1512 4616 1603 4666 καί
1626 4613 1794 4667 εἶπενο

288 4706 504 4770 Βασιλεῦ,
528 4709 605 4771 εἰς
634 4709 760 4768 τοὺς
788 4705 990 4766 αἰῶνας
1022 4703 1173 4772 ζῆθιη
1201 4704 1273 4772 μὴ
1299 4703 1705 4773 ταρασσέτωσάν
1740 4719 1797 4754 σε

282 4794 325 4849 ,οἰ
348 4796 667 4865 διαλογισμοί
692 4812 809 4858 σου,
833 4794 931 4845 καὶ
957 4794 991 4860 ἡ
1034 4791 1208 4861 μορφή
1238 4808 1326 4842 σου
1359 4792 1432 4858 μὴ
1456 4791 1794 4844 ἀλλοιούσθω.

339 4883 415 4938 Η.
448 4887 633 4937 Ἔστιν
661 4883 801 4952 ἀνὴρ
830 4882 893 4932 ὲν
920 4881 988 4947 τῇ
1031 4878 1267 4946 βασιλείᾳ
1296 4894 1408 4940 σου,
1438 4879 1493 4929 ὲν
1512 4872 1556 4943 ᾧ
1580 4879 1797 4946 Πνεῦμα

281 4973 387 5026 Θεοῦ
416 4976 559 5043 ἆγιον
584 4978 639 5027 ὲν
665 4972 835 5041 αὐτῷ,
865 4970 962 5021 καὶ
1000 4970 1059 5018 ὲν
1087 4969 1201 5028 ταῖς
1228 4968 1453 5037 ἡμέραις
1480 4967 1573 5018 τοῦ
1600 4969 1799 5038 πατρός

282 5077 354 5113 σου
380 5065 702 5134 γρηγόρησις
732 5062 830 5113 καὶ
879 5057 1094 5116 σύνεσις
1142 5054 1330 5123 εὑρέθη
1371 5056 1426 5105 ὲν
1453 5055 1619 5124 αὐτῷ,
1654 5057 1747 5108 καὶ
1773 5058 1800 5107 6

281 5148 499 5215 βασιλεὺς
524 5144 1003 5215 Ναϐουχοδονόσορ
1035 5142 1064 5190 ὁ
1118 5142 1293 5207 πατήρ
1326 5157 1416 5191 σου
1438 5140 1669 5211 ἄρχοντα
1706 5146 1800 5195 ὲπ-

276 5239 435 5291 αοιόὦν
456 5280 470 5304 ,
530 5238 740 5307 μάγων,
802 5227 1127 5292 Χαλδαίων,
1172 5228 1483 5298 γαζαρηνῶν
1544 5230 1800 5302 κατέστη-

277 5340 350 5377 σεν
380 5328 548 5379 αὐτόν.

333 5412 406 5464 i2.
434 5413 549 5464 Ὀτι
580 5407 807 5474 πνεῦμα
837 5400 1098 5467 περισσὸν
1118 5402 1174 5453 ὲν
1201 5403 1367 5471 αὐτῷ,
1400 5403 1492 5456 καὶ
1522 5406 1798 5476 φρόνησις,

273 5499 346 5549 καὶ
357 5500 575 5557 σύνεσις,
594 5489 917 5559 συγκρίνων
936 5484 1173 5551 ἐνύπνια,
1191 5490 1286 5540 καὶ
1303 5492 1645 5556 ἀναγγέλλων
1669 5512 1802 5563 κρα-

271 5587 471 5655 τούμενα
489 5602 503 5616 ο
536 5582 674 5637 καἰό
706 5571 975 5646 βασιλεὺς
1003 5573 1260 5643 ἐπέθηκεν
1286 5576 1427 5646 αύτῷ
1471 5578 1644 5649 ὄνομα
1669 5582 1801 5635 Βαλ-

1885 1903 2051 1947 mates
2082 1896 2218 1962 ejus,
2256 1904 2307 1947 et
2328 1897 2636 1950 concubime
2664 1900 2798 1965 ejus,
2826 1907 2877 1950 et
2899 1909 3075 1951 scorta
3104 1900 3241 1966 ejus.

1952 2070 2004 2123 4.
2047 2069 2107 2123 Et
2141 2070 2390 2123 bibebant
2422 2071 2621 2136 vinum,
2656 2080 2707 2125 et
2732 2072 3016 2124 laudabant
3046 2071 3172 2124 deos
3195 2086 3407 2138 aureos,

1882 2168 1932 2213 et
1956 2170 2251 2227 argenteos,
2279 2170 2330 2212 ct
2376 2176 2563 2225 aereos,
2615 2170 2667 2214 et
2718 2160 2918 2212 ferreos
2944 2200 2959 2223 ,
2993 2160 3323 2226 ligneosque,
3356 2167 3410 2212 et

1884 2231 2162 2315 lapideos:
2195 2256 2246 2301 et
2289 2248 2395 2300 Deo
2439 2248 2559 2300 (εωιί
2610 2262 2712 2300 non
2751 2247 3139 2301 benedixerunt
3193 2247 3408 2300 babenti

1882 2342 2195 2403 potestatem
2225 2335 2438 2403 spiritus
2481 2350 2687 2388 eorum.

1955 2509 2003 2560 5.
2032 2507 2087 2559 ln
2112 2507 2293 2561 eadem
2319 2508 2448 2562 liora
2477 2509 2676 2575 egressi
2706 2508 2991 2577 suntdigiti
3017 2521 3206 2562 manus
3228 2507 3406 2561 homi-

1884 2596 1986 2661 nis,
2013 2606 2064 2648 et
2088 2597 2389 2650 scribebant
2416 2613 2445 2651 e
2466 2598 2681 2666 regione
2709 2599 2966 2666 lampadis
2994 2598 3045 2650 in
3070 2598 3289 2651 tectorio
3316 2612 3409 2666 pa-

1884 2683 2029 2736 rietis
2056 2683 2246 2738 domus
2273 2686 2449 2753 regis;
2481 2693 2534 2739 et
2565 2701 2657 2739 rex
2684 2686 3137 2755 contemplabatur
3155 2686 3409 2740 articulos

1883 2786 2072 2825 manus
2099 2773 2398 2829 scribentis.

1952 2948 2003 3002 6.
2044 2947 2195 3004 Tunc
2227 2948 2366 3019 regis
2400 2948 2569 3003 ferma
2595 2950 2872 3003 immutata
2903 2957 3002 3013 est,
3033 2957 3087 3003 et
3130 2948 3412 3018 cogitatio-

1888 3053 1983 3093 nes
2032 3039 2147 3104 ejus
2192 3039 2583 3092 conturbabant
2618 3053 2763 3101 eum,
2812 3047 2866 3092 et
2915 3053 3194 3106 compages
3222 3052 3410 3091 renum

1885 3127 2002 3195 ejus
2026 3127 2473 3192 dissolvebantur,
2511 3135 2564 3181 et
2614 3140 2785 3195 genua
2832 3126 2951 3195 ejus
2999 3126 3224 3180 alterum
3256 3125 3411 3179 alteri

1885 3216 2290 3269 collidebantnr.

1953 3305 2005 3357 7.
2051 3305 2113 3356 Et
2143 3304 2389 3357 clamavit
2427 3319 2521 3358 rex
2554 3306 2606 3356 in
2638 3302 2967 3368 fortitudine,
3015 3311 3073 3356 ut
3111 3301 3413 3356 introduce-

1884 3397 1999 3441 rent
2021 3404 2219 3455 magns,
2243 3389 2537 3453 Chaldaeos,
2568 3404 2876 3455 gazarenos.
2912 3388 2977 3441 Et
3001 3389 3273 3456 respondit
3295 3403 3409 3452 rex,

1883 3484 1937 3529 et
1962 3476 2093 3528 dixit
2119 3477 2443 3543 sapientibus
2467 3475 2749 3545 Babylonis
2769 3517 2783 3540 ,
2839 3477 2979 3544 quod
3012 3474 3199 3529 Omnis
3250 3477 3414 3529 homo

1886 3564 2208 3631 quicumque
2234 3563 2419 3632 legerit
2442 3564 2756 3629 scripturam
2788 3565 2944 3627 hanc,
2968 3572 3021 3615 et
3051 3565 3413 3625 conjecturam

1886 3652 2003 3718 ejus
2032 3650 2368 3704 manifestam
2398 3651 2528 3703 mibi
2556 3650 2756 3714 fecerit,
2784 3664 3015 3717 purpura
3056 3650 3330 3712 vestietur,
3360 3658 3415 3703 et

1888 3748 2104 3807 torques
2132 3755 2291 3793 aurea
2323 3755 2482 3808 super
2500 3740 2695 3794 collum
2728 3740 2866 3807 ejus,
2891 3750 2944 3793 et
2963 3739 3150 3793 tertius
3173 3740 3224 3792 in
3248 3753 3414 3808 regno

1886 3843 2007 3882 meo
2035 3829 2279 3896 princeps
2307 3829 2426 3881 erit.

1956 3913 2009 3967 8.
2053 3913 2117 3966 Et
2148 3913 2577 3982 ingrediebantur
2631 3928 2818 3967 omnes
2865 3912 3126 3981 sapientes
3166 3912 3328 3980 regis,
3360 3920 3415 3966 et

1889 4016 1995 4055 non
2028 4011 2270 4068 pOterant
2297 4002 2613 4071 scripturam
2645 4003 2839 4072 legere,
2867 4015 3043 4070 neque
3069 4000 3414 4070 significatio-

1889 4105 2009 4144 nem
2038 4090 2271 4144 indicare
2287 4090 2418 4158 regi.
2824 4136 2825 4141 η

1959 4178 2010 4231 9.
2051 4178 2117 4231 Et
2169 4191 2257 4230 rex
2293 4177 2533 4231 Baltasar
2578 4179 2822 4233 turbatus
2868 4185 2972 4243 est,
3002 4184 3056 4230 et
3102 4173 3271 4230 forma
3300 4174 3418 4243 ejus

1893 4264 2169 4320 immutata
2199 4277 2280 4321 est
2308 4267 2359 4319 in
2388 4266 2500 4331 illo,
2537 4276 2592 4322 et
2635 4270 2918 4337 optimates
2966 4267 3081 4338 ejus
3131 4266 3416 4321 conturba-

1823 4358 1865 4412 D
1894 4360 2107 4412 bantur.

1964 4443 2050 4496 i0.
2092 4443 2156 4496 Et
2183 4443 2361 4511 regina
2386 4452 2600 4511 propter
2630 4447 2790 4498 verba
2820 4446 2980 4514 regis,
3024 4454 3078 4498 et
3104 4446 3418 4512 Optimatum

1896 4529 2013 4597 ejus
2041 4529 2095 4580 in
2127 4529 2344 4583 domum
2371 4529 2599 4583 convivii
2632 4531 2868 4598 ingressa
2913 4540 3033 4595 est,
3067 4540 3120 4584 et
3151 4531 3425 4599 respondit

1897 4618 2168 4686 regina,et
2191 4617 2325 4670 dixit
2359 4636 2371 4669 :
2412 4617 2544 4681 Rex,
2578 4617 2631 4669 in
2655 4626 2909 4671 mternum
2940 4619 3057 4672 vive
3098 4634 3111 4669 :
3149 4634 3253 4671 non
3294 4634 3425 4672 con-

1896 4705 2112 4758 turbent
2141 4712 2191 4758 te
2222 4704 2570 4775 cogitationes
2598 4712 2719 4769 tum,
2750 4714 2805 4759 et
2831 4703 3003 4758 forma
3055 4713 3145 4759 tua
3189 4720 3294 4758 non
3325 4704 3429 4756 im-

1897 4804 2146 4847 mutetur.

1974 4884 2061 4937 Η.
2104 4883 2196 4937 Est
2224 4885 2305 4936 vir
2334 4883 2388 4936 in
2413 4897 2578 4951 regno
2605 4890 2718 4944 tuo,
2747 4880 2801 4934 in
2833 4895 2940 4949 quo
2972 4888 3053 4934 est
3073 4877 3302 4945 Spiritus
3326 4875 3417 4929 Dei

1898 4982 2115 5027 sanctus
2150 4973 2203 5026 in
2241 4986 2325 5034 eo,
2354 4972 2478 5025 etin
2509 4972 2697 5024 diebus
2744 4971 2912 5038 patris
2944 4969 3021 5022 tui
3067 4966 3335 5034 vigilantia
3372 4974 3427 5019 et

1901 5062 2243 5130 intelligentia
2270 5062 2495 5115 inventa:
2516 5068 2641 5114 sunt
2664 5058 2718 5110 in
2747 5072 2847 5123 eo;
2872 5067 2923 5111 et
2952 5073 3042 5111 rex
3068 5055 3416 5109 Nabuchodo-

1901 5167 2065 5206 nosor
2099 5159 2247 5219 pater
2288 5158 2410 5204 tuus
2448 5149 2739 5218 principem
2789 5145 3202 5209 incautatorum,
3245 5160 3418 5215 mago-

1902 5255 2042 5303 rum,
2066 5236 2457 5299 Cbaldzeorum,
2486 5245 2870 5305 gazarenorum
2900 5231 3180 5285 constituit
3210 5246 3355 5284 eum.
3463 5260 3476 5299 ι

1976 5411 2061 5465 12.
2101 5410 2235 5475 Quia
2262 5409 2479 5478 spiritus
2499 5402 2722 5473 amplior
2746 5398 2800 5451 in
2836 5414 2920 5464 eo,
2948 5410 3002 5454 et
3043 5399 3344 5469 prudentia,
3376 5408 3426 5453 et

1902 5500 2199 5555 intellectus
2241 5497 2529 5565 conjiciens
2570 5488 2798 5549 somnia.
2826 5499 2885 5543 et
2923 5489 3166 5547 indicans
3187 5495 3432 5541 ostenta:

1901 5594 1953 5640 et
1985 5600 2074 5640 rex
2126 5582 2378 5653 imposuit
2400 5581 2446 5637 ei
2486 5592 2679 5634 nomen
2729 5573 2974 5630 Baltasar
3019 5593 3034 5631 :
3081 5587 3223 5629 nunc
3256 5573 3439 5643 itaque
