3874 6386
680 337 821 392 2867
1714 330 1959 384 DANIEL
1992 329 2213 385 JUXTA
2251 326 2787 381 TllEODOTIONEM

681 459 904 506 vocetur
932 449 1131 513 Daniel,
1159 456 1213 503 et
1232 444 1592 513 conjecturam
1626 440 1745 511 ejus
1783 440 2039 494 indicabit
2067 439 2185 493 tibi.

2067 439 2185 493 tibi.
2249 443 2294 499 Α
2319 436 2491 505 τάσαρ
2508 452 2521 467 υ
2546 435 2639 488 νῦν
2670 432 2759 488 οὖν
2779 434 3043 504 κληθήτων
3082 429 3292 499 Δανιὴλ,
3312 425 3392 480 καὶ
3416 420 3516 491 τὴν
3550 436 3585 471 σν

2323 524 2481 576 αὐτοῦ
2509 525 2791 590 ἀναγγελεῖ
2820 541 2921 574 σοι.

754 623 840 676 13.
879 620 1028 673 Tunc
1060 615 1237 668 Daniel
1287 611 1625 666 introductus
1657 621 1740 664 est
1781 616 1959 663 coram
1991 621 2130 676 rege,
2169 613 2222 659 et

2055 623 2130 676 ge,
2169 613 2222 659 et
2395 612 2478 664 13.
2518 613 2646 664 Τότε
2708 611 2903 676 Δανιὴλ
2937 606 3175 676 εἰσήχθη
3210 603 3406 657 ἐνώπιον
3442 595 3585 665 τοῦβ

685 712 819 765 dixit
845 725 936 762 rex
962 704 1193 758 Danieli:
1227 700 1306 754 Tu
1334 717 1393 755 es
1419 700 1620 763 Daniel,
1667 698 1758 766 qui
1807 698 1871 749 de
1902 697 2025 748 liliis
2054 695 2215 763 capti-

2054 695 2225 763 capli-
2325 700 2417 750 καὶ
2441 694 2590 750 εἶπεν
2611 702 2637 752 ὁ
2668 698 2915 767 βασιλεὺς
2946 696 3028 765 τῷ
3060 693 3267 762 Δανιήλ·
3285 692 3347 743 Σὺ
3377 684 3427 741 εἴ
3453 688 3584 738 Δανιπ

686 798 867 850 vitatis
896 794 1112 858 Judaeaz,
1163 806 1322 861 quam
1357 790 1578 843 adduxit
1605 804 1697 842 rex
1754 795 1904 855 pater
1954 800 2104 838 meus
2157 783 2216 836 de

2053 800 2104 837 us
2157 783 2224 836 de
2324 786 2431 838 τῶν
2458 788 2584 839 υἱῶν
2614 788 2713 855 τῆς
2733 784 3119 855 αἰχμαλωσίας
3151 783 3238 850 τῆς
3265 776 3526 838 Ἰουδαίας,
3550 768 3583 843 ἦ

686 880 902 936 Judaea?
2326 876 2355 927 δ
2377 876 2619 944 βασιλεὺς
2641 878 2669 928 ὁ
2699 876 2878 943 πατήρ
2920 889 3024 942 μου
3068 870 3177 924 ἀπὸ
3202 870 3284 937 τῆς
3325 864 3575 924 Ἰουδαίας

758 968 841 1021 14.
884 967 948 1021 Et
978 964 1153 1019 audivi
1187 966 1251 1018 de
1283 972 1354 1027 te,
1384 962 1509 1030 quia
1536 960 1773 1029 Spiritus
1802 956 1894 1010 Dei
1929 963 2145 1010 sanctus
2173 953 2225 1006 in

2053 963 2145 1007 τῑυε
2173 953 2225 1006 in
2398 962 2483 1015 14.
2515 963 2621 1014 Kal.
2649 963 2854 1030 ἥκουσα
2886 962 3018 1029 περὶ
3047 958 3164 1021 σοῦ,
3193 959 3265 1009 ὅτι
3287 953 3501 1021 Πνεῦμα
3527 950 3583 1002 Bt

687 1065 760 1117 te,
801 1064 854 1109 et
888 1056 1182 1124 vigilantia,
1223 1063 1275 1107 et
1303 1051 1667 1120 intelligentia,
1718 1057 1771 1103 et
1813 1046 2077 1117 sapientia
2109 1059 2217 1097 am-

2021 1046 2077 1097 lia
2109 1059 2228 1097 am-
2328 1052 2385 1104 ὲν
2414 1050 2518 1112 σοὶ,
2549 1051 2641 1102 καὶ
2673 1048 3034 1120 γρηγόρησις,
3071 1048 3166 1101 καὶ
3198 1046 3421 1107 σύνεσις,
3454 1041 3551 1094 καὶ

687 1145 824 1214 plior
849 1144 1073 1198 inventae
1104 1152 1227 1197 sunt
1254 1142 1306 1195 in
1337 1150 1409 1195 te.

2331 1140 2490 1211 ρισσὴ
2528 1139 2727 1209 εὑρέθη
2756 1140 2813 1191 ὲν
2835 1138 2940 1192 σοί.

762 1233 850 1286 15.
887 1232 953 1285 Et
979 1248 1119 1285 nunc
1146 1232 1369 1300 ingressi
1399 1239 1524 1284 sunt
1576 1228 1629 1283 in
1669 1235 1954 1296 conspectu
2002 1240 2120 1278 meo
2145 1239 2230 1278 sa-

2058 1240 2120 1278 co
2145 1239 2230 1278 sa-
2398 1227 2487 1280 15.
2520 1226 2629 1279 Kal.
2649 1226 2741 1278 νῦν
2761 1224 3016 1293 είσῆλθον
3036 1221 3258 1275 ἐνώπιόν
3289 1236 3385 1290 μου
3410 1218 3463 1270 οἱ
3489 1235 3585 1285 coep

690 1322 917 1392 pientes,
952 1321 1113 1390 magi,
1147 1320 1415 1390 gazareni,
1452 1328 1510 1372 ut
1554 1317 1872 1385 scripturam
1911 1316 2050 1368 banc
2088 1314 2220 1382 lege-

2088 1314 2228 1382 lege-
2331 1316 2646 1383 γαζαρηνοὶ,
2672 1314 2757 1365 ἵνα
2777 1313 2875 1382 τὴν
2899 1312 3124 1383 γραφὴν
3144 1311 3337 1379 ταύτην
3360 1307 3585 1374 ἀναγνῶ

692 1418 835 1475 rent,
863 1420 914 1463 et
934 1409 1302 1476 conjecturam
1329 1407 1445 1473 ejus
1497 1405 1797 1459 indicarent
1835 1402 1987 1465 mihi,
2022 1411 2077 1454 et
2122 1416 2222 1453 non

2057 1411 2077 1454 t
2122 1416 2227 1453 non
2333 1402 2612 1472 σύγκρισιν
2644 1404 2810 1471 αὐτῆς
2831 1400 3146 1470 γνωρίσωσί
3178 1416 3283 1469 μοι,
3307 1398 3402 1451 καλ⁸
3428 1398 3585 1465 ούκή

693 1508 983 1567 potuerunt
1029 1496 1518 1566 interpretationem
1572 1493 1834 1549 sermonis
1876 1491 2039 1559 hujus
2094 1491 2223 1545 indi-

2094 1491 2229 1545 indi-
2331 1491 2427 1561 τὴν
2448 1490 2730 1562 σύγκρισιν
2756 1489 2851 1543 τοῦ
2880 1490 3042 1558 λόγου
3082 1486 3267 1541 τούτου
3290 1484 3587 1552 ἀναγγεῖλσ

694 1604 820 1643 care
849 1588 1002 1643 mihi.
1070 1629 1074 1633 «

768 1676 851 1730 16.
894 1676 957 1729 Et
985 1690 1084 1745 ego
1107 1675 1282 1729 audivi
1304 1675 1369 1729 de
1396 1682 1469 1735 te,
1496 1673 1622 1741 quia
1675 1681 1826 1741 potes
1891 1669 2085 1738 judicia
2150 1669 2234 1721 in-

2061 1684 2085 1721 a
2150 1669 2234 1721 in‘
2403 1686 2491 1739 16.
2518 1685 2627 1739 Kal
2650 1683 2759 1753 ἐγὼ
2785 1686 2995 1756 ηκουσα
3020 1683 3151 1753 περὶ
3176 1680 3294 1746 σοῦ,
3329 1682 3418 1734 ὅτι
3434 1678 3591 1732 δύναε

695 1766 998 1834 terpretari,
1027 1773 1079 1817 et
1100 1765 1306 1818 solvere
1325 1762 1575 1832 perplexa
1618 1775 1633 1811 :
1668 1770 1720 1814 et
1768 1774 1912 1812 nunc
1963 1759 2006 1812 si
2042 1758 2225 1824 poteri:

2061 1758 2237 1810 ιοῑθτίδ
2264 1767 2308 1823 Β
2337 1791 2481 1842 ματα
2512 1773 2839 1843 συγκρίνειν,
2865 1772 2961 1825 καὶ
2991 1771 3141 1824 λύειν
3169 1771 3553 1839 συνδέσμους⁸
3582 1787 3591 1822 :

699 1853 871 1919 legere
927 1850 1268 1919 scripturam,
1329 1859 1383 1903 et
1435 1848 1799 1915 conjecturam
1854 1846 1972 1912 ejus
2004 1844 2229 1898 indicare

2060 1845 2237 1898 dieare
2333 1861 2562 1931 δυνηθῇς
2592 1860 2905 1928 ἀναγνῶναι
2948 1859 3051 1929 τὴν
3083 1859 3327 1928 γραφὴν,
3362 1860 3468 1911 καὶ
3518 1860 3590 1930 τὴ

698 1940 852 2003 mihi,
883 1954 1117 2007 purpura
1151 1936 1415 1999 vestieris,
1450 1944 1504 1989 et
1531 1944 1750 2002 torques
1783 1949 1978 1989 aureus
2008 1934 2109 1986 erit
2142 1949 2228 1986 su-

2061 1934 2109 1986 ’ίῑ
2142 1949 2235 1986 δυ’
2335 1949 2501 2017 αὐτῆς
2532 1950 2792 2017 γνωρίσαι
2828 1965 2940 2017 μοι,
2974 1947 3263 2017 πορφύραν
3284 1947 3531 2019 ἐνδύσῃ,
3564 1968 3591 2003 κ

701 2042 798 2096 per
823 2028 1019 2081 collum
1050 2037 1222 2092 tuum,
1249 2036 1303 2080 et
1332 2024 1520 2080 tertius
1558 2024 1613 2077 in
1645 2038 1811 2093 regno
1838 2038 1957 2078 meo
1990 2023 2231 2092 princeps

2061 2023 2238 2091 ἰηοθρε
2336 2052 2438 2105 κης
2463 2039 2490 2089 ὁ
2515 2037 2745 2106 χρυσοῦς
2774 2037 2927 2089 ἔσται
2953 2037 3047 2089 ἐπὶ
3080 2036 3173 2087 τὸν
3197 2036 3491 2106 τράχηλόν
3535 2056 3591 2092 σε

701 2115 832 2171 eris.
2335 2142 2425 2186 τος
2456 2128 2512 2178 ὲν
2545 2128 2610 2195 τῇ
2648 2126 2896 2195 βασιλείᾳ
2926 2143 3030 2195 μου
3059 2125 3271 2194 ἄρξεις.

671 2197 674 2202 λ
772 2201 857 2255 17.
896 2199 1049 2254 Tunc
1077 2200 1356 2269 respondit
1384 2200 1590 2263 Daniel,
1616 2210 1670 2255 et
1697 2201 1831 2255 dixit
1867 2215 2045 2253 coram
2078 2213 2199 2269 rege

2041 2221 2045 2252 I
2078 2213 2235 2269 “'38:
2407 2211 2493 2264 17.
2533 2212 2663 2263 Τότε
2692 2211 2966 2281 ἀπεκρίθη
2995 2213 3215 2281 Δανιὴλ,
3258 2213 3362 2266 καὶ
3404 2209 3571 2267 εἶπεν

700 2288 922 2343 Munera
947 2298 1039 2343 tua
1061 2290 1153 2343 tibi
1182 2299 1358 2353 erunt,
1376 2297 1427 2342 et
1450 2290 1646 2342 donum
1667 2290 1815 2359 regni
1844 2290 1916 2342 tui
1946 2291 2098 2343 alteri
2128 2290 2195 2343 da
2222 2304 2230 2341 :

2056 2291 2098 2342 ri
2128 2290 2195 2343 da
2222 2304 2236 2341 ε
2340 2298 2619 2368 βασιλέως·
2651 2301 2728 2353 Τὰ
2753 2299 2963 2369 δόματά
2995 2316 3092 2352 σου
3128 2302 3216 2353 σοὶ
3250 2300 3443 2364 ἔσται,
3480 2304 3585 2356 καὶ

701 2392 800 2446 ego
842 2387 1019 2431 autem
1057 2378 1373 2445 scripturam
1403 2377 1571 2447 legam
1602 2378 1746 2447 regi,
1790 2388 1844 2432 et
1879 2379 2231 2446 conjecturam

2050 2390 2240 2432 3lllmm
2337 2388 2437 2457 τῆς
2483 2388 2756 2457 βασιλείας
2814 2407 2908 2442 σου
2956 2391 3130 2461 ἑτέρῳ
3187 2391 3315 2453 δός·
3368 2391 3493 2460 ἐγὼ
3519 2394 3580 2446 δὲ

700 2468 818 2536 ejus
846 2464 1125 2521 ostendam
1154 2465 1273 2530 tibi,
1303 2478 1337 2519 o
1360 2479 1475 2521 rex.

2340 2478 2717 2549 ἀναγνώσομαι
2764 2479 2842 2550 τῷ
2881 2480 3119 2549 βασιλεῖ,
3152 2483 3247 2534 καὶ
3304 2482 3416 2553 τὴν
3457 2483 3580 2552 σύγλ

2339 2567 2588 2637 γνωρίσω
2614 2569 2716 2631 σοὶ,
2750 2567 2997 2636 βασιλεῦ.

774 2653 861 2706 18.
898 2654 1043 2708 Deus
1069 2652 1363 2708 altissimus
1390 2667 1619 2723 regnum
1642 2690 1658 2718 ,
1688 2659 1743 2705 et
1769 2650 2242 2717 magniﬁcentiam,

2044 2651 2242 2713 entiam,
2412 2659 2496 2711 18.
2542 2658 2601 2711 '0
2629 2657 2760 2720 Θεδς
2782 2660 2812 2709 ό
2844 2658 3071 2725 ὕψιστος
3096 2658 3199 2728 τὴν
3231 2658 3574 2729 βασιλείαν,

707 2748 762 2795 et
791 2741 1071 2804 honorem,
1109 2750 1163 2793 et
1191 2740 1415 2809 gloriam
1443 2741 1591 2796 dedit
1634 2739 2126 2794 Nabuchodonosor
2154 2756 2237 2808 pa-

2051 2755 2126 2794 sor
2154 2756 2248 2808 pa-
2322 2744 2679 2816 .γαλωσύνην,
2704 2746 2797 2797 καὶ
2826 2746 2929 2816 τὴν
2954 2745 3143 2815 τιμὴν,
3169 2747 3274 2800 καὶ
3295 2749 3413 2820 τὴν
3451 2749 3581 2815 δόξα

707 2830 775 2884 tri
803 2838 916 2883 tuo.

2344 2834 2720 2903 ὁουχοδονόσορ
2741 2834 2820 2903 τῷ
2846 2835 3014 2904 πατρί
3035 2850 3155 2888 σου.

778 2918 865 2973 19.
907 2917 1025 2972 Eta
1071 2920 1491 2989 magniﬁcentia,
1548 2935 1709 2990 quam
1742 2920 1887 2973 dedit
1937 2920 2008 2982 ei,
2061 2934 2246 2974 omnes

2061 2934 2246 2974 omnes
2414 2923 2499 2979 19.
2532 2924 2641 2976 Kal.
2671 2922 2779 2974 ἀπὸ
2806 2924 2905 2992 τῆς
2940 2923 3384 2993 μεγαλωσύνης,
3418 2921 3503 2998 ἧς
3563 2928 3583 2981 ἔ

709 3009 915 3077 populi,
951 3008 1145 3072 tribus,
1173 3008 1367 3077 lingua:
1386 3018 1540 3064 erant
1562 3017 1873 3071 trementes,
1906 3016 1958 3059 et
2007 3018 2239 3061 metuen-

2051 3018 2247 3061 ietuett-
2278 3072 2311 3083 Δ
2346 3012 2548 3072 πάντες
2579 3010 2629 3061 οί
2649 3010 2788 3075 λαοὶ,
2817 3010 3004 3077 φυλαὶ,
3028 3010 3291 3077 γλῶσσαι
3324 3009 3499 3083 ἦσαν
3550 3034 3581 3068 τ

822 3112 851 3147 a
883 3095 1017 3149 facie
1044 3095 1199 3163 ejus:
1237 3072 1375 3164 quos
1398 3096 1607 3150 volebat
1649 3097 1762 3164 ipse
1791 3095 2158 3157 interﬁciebat,
2194 3103 2240 3148 et

2030 3096 2158 3157 ibat,
2194 3103 2247 3148 et
2271 3072 2313 3129 ε
2346 3101 2662 3170 φοϐούμενοι
2694 3072 2802 3154 aus
2829 3072 3134 3171 *προσθέτω
3173 3072 3369 3156 αὑτοῦ
3390 3122 3411 3137 ο
3450 3108 3560 3173 οὒς

710 3198 847 3250 quos
874 3184 1083 3237 volebat
1134 3184 1250 3252 ipse
1273 3185 1538 3249 servabat,
1588 3193 1641 3239 et
1695 3200 1831 3253 quos
1892 3185 2105 3239 volebat
2137 3186 2240 3254 ipse

2052 3195 2105 3239 at
2137 3186 2250 3254 ipse
2344 3190 2432 3251 τὸς
2460 3188 2666 3258 ἀνῄρει,
2717 3191 2812 3242 καὶ
2840 3191 2934 3253 οὒς
2956 3191 3219 3245 ὲὸούλετο
3270 3195 3476 3260 αὐτὸς
3532 3200 3580 3251 ἐι

714 3272 1001 3337 exaltabat,
1023 3280 1078 3326 et
1097 3288 1235 3342 quos
1258 3273 1471 3327 volebat
1493 3274 1606 3342 ipse
1647 3272 1979 3327 humiliabat.

2346 3277 2591 3330 ὲδούλετο
2611 3278 2770 3340 αὐτὸς
2800 3279 2962 3349 ὖψου,
2993 3284 3094 3334 καὶ
3124 3281 3226 3347 οὒς
3262 3286 3582 3343 ἐϐούλετο

780 3444 871 3498 20.
910 3442 978 3498 Et
1008 3444 1223 3513 quando
1251 3445 1514 3501 elevatum
1541 3452 1625 3500 est
1653 3460 1747 3500 cor
1773 3444 1911 3512 ejus,
1937 3452 1994 3499 et
2024 3445 2245 3513 spiritus

2412 3384 2464 3419 υ.

2049 3445 2245 3534 piritus
2349 3383 2503 3510 νοῖο.
2530 3456 2639 3508 Kal.
2659 3456 2746 3508 ὅτε
2785 3456 2978 3527 ὑψώθη
3011 3459 3047 3528 ἡ
3078 3460 3300 3531 καρδία
3327 3464 3579 3534 αὑτοῦ,

712 3531 833 3600 ejus
860 3532 1173 3588 obﬁrmatus
1201 3542 1287 3588 est
1319 3534 1388 3589 ad
1416 3532 1855 3601 superbiendum,
1878 3532 2150 3602 depositus
2172 3542 2242 3589 est

2047 3533 2150 3588 itus
2172 3542 2256 3589 est
2350 3544 2510 3597 αὑτοῦ
2529 3544 2872 3615 ὲκραταιώθη
2899 3545 2997 3598 τοῦ
3029 3531 3577 3619 ὑπερηφανεύεσθ

713 3621 783 3677 de
807 3620 940 3676 solio
966 3621 1113 3692 regni
1149 3621 1257 3678 sui.

2349 3631 2571 3685 ἀπὸτοῦ
2601 3632 2787 3702 θρόνου
2829 3636 2929 3703 τῆς
2964 3635 3263 3705 βασιλείας
3307 3644 3564 3703 αὑτοῦ.

781 3739 872 3795 21.
912 3740 980 3794 Et
1001 3741 1175 3795 honor
1193 3740 1312 3810 ejus
1332 3739 1546 3796 ablatus
1573 3749 1658 3796 est
1685 3740 1754 3795 ab
1783 3755 1867 3805 eo,
1911 3749 1964 3796 et
1997 3756 2061 3796 ex
2081 3738 2256 3794 homi-

2031 3757 2061 3794 ι
2081 3738 2256 3794 homi—
2418 3745 2506 3798 21.
2536 3746 2645 3797 Kal.
2663 3747 2697 3816 ἡ
2724 3745 2860 3816 τιμὴ
2881 3748 3051 3801 αὐτοῦ
3085 3751 3387 3827 ἀφῃρέθη
3428 3761 3561 3813 ἀπ’

715 3827 875 3883 nibus
903 3828 1105 3894 ejectus
1129 3841 1230 3893 est,
1260 3837 1315 3883 et
1333 3844 1427 3885 cor
1449 3830 1566 3897 ejus
1593 3846 1717 3885 cum
1744 3830 1931 3885 bestiis
1950 3829 2131 3884 datum
2150 3837 2245 3895 est,

2056 3845 2131 3924 tm
2150 3837 2253 3895 est,
2351 3834 2457 3924 τῷν
2483 3834 2780 3924 ανθρώπων
2806 3837 3130 3910 ἔξεδιώχθη,
3173 3844 3288 3895 καὶ
3350 3848 3400 3916 ἡ
3452 3867 3586 3924 καί

715 3922 772 3967 et
797 3927 918 3967 cum
950 3914 1166 3982 onagris
1198 3915 1459 3969 habitatio
1486 3916 1604 3984 ejus
1633 3933 1648 3969 :
1691 3925 1744 3970 et
1796 3917 1939 3971 [ceno
1969 3925 2028 3971 ut
2065 3917 2245 3971 bovem

2065 3917 2255 4012 bow-3m
2352 3923 2457 3975 τῶν
2492 3922 2692 4012 θηρίων
2719 3925 2897 3994 ἐδόθη,
2932 3929 3033 3981 καὶ⁸
3063 3931 3216 3998 μετὰ
3237 3914 3422 3988 ὄνων
3461 3914 3587 4012 ἀγί

717 3999 1033 4053 cibaverunt
1061 4013 1209 4066 eum,
1242 4010 1297 4054 et
1320 4003 1386 4054 de
1412 4015 1536 4055 rore
1555 4002 1675 4055 coeli
1697 4018 1892 4071 corpus
1932 4004 2049 4072 ejus
2074 4004 2247 4058 made-

2036 4019 2049 4057 ;
2074 4004 2257 4094 made-
2353 4010 2538 4074 αὑτοῦ,
2572 4012 2669 4065 καὶ
2698 4013 2889 4083 χόρτον
2917 4016 2995 4079 ὡς
3025 4017 3157 4086 βοῦν
3180 3999 3566 4094 ὲψὼμιζσῦ

720 4086 916 4140 factum
945 4094 1047 4151 est,
1074 4086 1247 4141 donec
1289 4088 1558 4157 cognovit,
1608 4086 1761 4157 quia'
1783 4090 2088 4145 dominatur
2121 4090 2250 4145 Deus

2062 4107 2088 4143 r
2121 4090 2258 4145 Deus
2353 4101 2452 4168 τῆς
2474 4099 2663 4170 δρόσου
2691 4102 2786 4155 τοῦ
2814 4104 3047 4174 ούρανοῦ
3088 4109 3156 4161 τὸ
3196 4086 3412 4182 σιῖηλα
3444 4086 3589 4172 exin

721 4173 1016 4230 altissimus
1042 4191 1203 4244 super
1231 4191 1455 4245 regnum
1502 4177 1804 4243 hominum,
1841 4188 1893 4233 et
1940 4180 2251 4249 cuicumque

2062 4194 2259 4249 umque
2356 4183 2415 4241 οὗ
2439 4187 2598 4254 ἔγνω,
2632 4189 2712 4241 ὅτι
2742 4191 2989 4260 κυριεύει
3015 4196 3046 4247 ό
3076 4194 3227 4259 Θεὸς
3250 4173 3591 4270 domum

719 4262 968 4329 voluerit,
1000 4264 1146 4318 dabit
1168 4264 1318 4318 illud.

2356 4276 2465 4328 τῶν
2488 4274 2812 4345 ἀνθρώπων,
2841 4281 2936 4332 καὶ
2956 4274 3003 4348 ᾧ
3026 4282 3123 4335 ἐὰν
3152 4284 3315 4357 δόξῃ
3348 4262 3591 4348 Gaius-at

790 4370 880 4424 2‘2.
921 4370 986 4425 Et
1010 4380 1064 4425 tu
1092 4371 1231 4427 illius
1255 4373 1370 4441 ejus
1414 4371 1654 4428 Baltasar
1702 4389 1808 4427 non
1843 4375 2133 4431 liumiliasti
2164 4390 2257 4431 cor
2288 4369 2320 4424 1]

2066 4377 2133 4431 sti
2164 4390 2257 4431 cor
2288 4369 2330 4424 Ῐ)
2423 4385 2646 4478 22._Kal
2676 4388 2740 4441 σὺ
2765 4389 2795 4441 ὁ
2823 4390 2939 4454 υίὸς
2958 4393 3130 4447 αὐτοῦ
3162 4397 3591 4478 Βαλτάσαρ

722 4467 872 4514 tuum
905 4474 1086 4515 coram
1114 4459 1243 4526 Deo,
1268 4461 1420 4531 cujus
1451 4462 1631 4516 omnia
1658 4462 1769 4517 haec
1800 4479 1984 4518 noras.

2363 4489 2460 4535 σας
2485 4474 2583 4542 τὴν
2615 4475 2844 4545 καρδίαν
2883 4494 2977 4532 σου
3013 4482 3425 4541 κατενώπιον
3453 4459 3591 4547 τέῖ

2362 4562 2534 4617 ταῦτα
2557 4565 2749 4632 ἔγνως.

791 4665 878 4720 25.
918 4665 986 4719 Et
1020 4680 1183 4736 super
1210 4666 1495 4722 Dominum
1535 4667 1701 4722 Deum
1752 4669 1873 4723 caeli
1910 4668 2148 4724 elevatus
2179 4683 2253 4733 es,

2062 4676 2148 4723 tus
2179 4683 2253 4733 es,
2427 4674 2517 4728 23.
2546 4674 2658 4728 Kal.
2703 4677 2800 4730 ἐπὶ
2835 4677 2928 4732 τδν
2974 4678 3192 4752 Κύριον
3257 4684 3399 4741 τὸν
3488 4693 3591 4747 Θι

723 4764 777 4810 et
807 4770 931 4810 vasa
960 4755 1151 4810 domus
1177 4756 1295 4824 ejus
1326 4757 1621 4811 attulerunt
1665 4772 1843 4811 coram
1882 4766 1951 4819 te,
2002 4766 2056 4810 et
2097 4767 2176 4817 tu.
2207 4768 2253 4813 et

2097 4767 2176 4817 ιιι.
2207 4768 2261 4813 et
2364 4759 2602 4830 ύοινὼθης,
2630 4763 2728 4817 καὶ
2755 4766 2828 4820 τὰ
2856 4767 3023 4838 σκεύη
3047 4770 3145 4823 τοῦ
3176 4774 3391 4829 οἴκου
3440 4784 3591 4835 αὖε

726 4844 1014 4913 optimates
1042 4844 1144 4909 tui,
1176 4853 1230 4898 et
1253 4843 1568 4898 concubinae
1606 4851 1728 4906 tuae,
1783 4852 1838 4898 et
1862 4852 2037 4897 scorta
2064 4853 2151 4898 tua
2180 4844 2256 4897 hi-

2064 4853 2151 4898 tua
2180 4844 2260 4897 hi-
2363 4850 2485 4902 πιόν
2503 4865 2618 4915 σου,
2640 4852 2738 4905 καί¹
2770 4857 2836 4910 σὺ
2864 4857 2958 4911 καὶ
2988 4859 3039 4911 oi
3073 4867 3527 4934 μεγιπᾶνὲς
3582 4898 3591 4923 4

727 4930 932 4985 bebatis
965 4931 1145 4984 vinum
1175 4931 1228 4984 in
1257 4931 1356 4996 eis,
1382 4939 1435 4984 et
1455 4930 1588 4986 deos
1612 4945 1804 4985 aureos
1828 4971 1844 4994 ,
1878 4941 1932 4984 et
1957 4944 2256 5000 argenteos,

2042 4944 2256 4997 genteos,
2364 4938 2530 4992 κοιτοί
2559 4956 2678 5005 σου,
2705 4945 2805 4998 καὶ
2830 4948 2889 5000 αἱ
2923 4948 3215 5004 παλλακαί
3257 4970 3395 5007 σου
3434 4930 3572 5014 εἴη

727 5026 780 5070 et
810 5031 1007 5082 aneos,
1039 5027 1093 5072 et
1118 5017 1342 5084 ferreos,
1360 5027 1414 5073 et
1437 5017 1662 5089 ligneos,
1690 5027 1742 5073 et
1768 5019 2025 5087 lapideos,
2046 5020 2134 5086 qui
2152 5033 2257 5072 non

2053 5020 2257 5115 quinon
2362 5031 2492 5090 τοῖς,
2513 5028 2764 5097 καὶτοὺς
2794 5035 2953 5102 θεοὺς
2984 5039 3112 5104 τοὺς
3136 5045 3519 5115 χρυσοῦς,
3567 5072 3583 5105 τ

728 5103 926 5167 vident,
964 5114 1018 5159 et
1051 5120 1156 5160 non
1184 5106 1430 5171 audiunt,
1463 5115 1518 5162 et
1544 5122 1651 5161 non
1685 5108 1945 5171 sentiunt,
1991 5108 2257 5173 laudasti;

2047 5108 2218 5162 udasti
2242 5126 2257 5173 ;
2362 5115 2622 5185 χαλκοῦς,
2655 5124 2759 5177 καὶ
2787 5128 3061 5202 σιδηροῦς,
3233 5103 3575 5199 ξυλίνου

730 5195 784 5239 et
811 5189 994 5255 Deum,
1018 5193 1172 5261 cujus
1200 5194 1481 5263 respiratio
1511 5203 1602 5248 tua
1632 5194 1686 5247 in
1714 5210 1872 5248 manu
1897 5194 2032 5262 ejus,
2058 5202 2112 5247 et
2139 5208 2258 5246 mn-

881 5206 994 5288 um,
1018 5203 1172 5261 cujus
1200 5203 1481 5263 respiratio
1511 5203 1602 5248 tua
1632 5203 1686 5247 in
1714 5210 1872 5248 manu
1897 5203 2032 5262 ejus,
2058 5203 2112 5247 et
2139 5208 2258 5246 mn-
2364 5204 2424 5255 οὑ
2458 5203 2745 5277 βλέπουσι,
2772 5220 2874 5274 καὶ
2921 5222 2982 5277 οὐ
3030 5220 3559 5296 γινώσκουσιν,

732 5288 827 5329 nes
847 5282 945 5330 viae
973 5286 1096 5344 tute,
1130 5282 1304 5350 ipsum
1335 5297 1442 5338 non
1470 5282 1799 5352 gloriﬁcasti.

2363 5290 2497 5388 θεὸν
2523 5286 2586 5345 οὗ
2617 5299 2654 5368 ἠ
2681 5311 2829 5382 πνοή
2862 5329 2959 5366 σου
2993 5286 3057 5366 ἐν.
3079 5314 3150 5384 τῇ
3198 5315 3411 5388 χειρᾏ⁸
3451 5286 3570 5372 αὖ

2364 5381 2475 5433 ὁδοί
2497 5399 2621 5451 σου,
2642 5381 2825 5458 αὐτὸν
2849 5407 2954 5462 ούκ
2972 5381 3289 5473 ὲδόξαοαξξ·
3325 5381 3341 5455 ί

803 5480 891 5534 24.
932 5482 1133 5541 Idcirco
1155 5502 1183 5541 a
1219 5489 1353 5548 facie
1380 5495 1497 5565 ejus
1523 5495 1726 5551 missus
1751 5505 1834 5550 est
1870 5493 2127 5551 articulus
2151 5509 2261 5549 ma-

1071 5502 1133 5581 co
1155 5502 1183 5541 a
1219 5490 1353 5548 facie
1380 5495 1497 5565 ejus
1523 5495 1726 5551 missus
1751 5505 1834 5550 est
1870 5493 2127 5551 articulus
2151 5509 2261 5549 ma-
2431 5490 2526 5546 24.
2544 5499 2601 5550 At

2035 5494 2127 5549 llllS
2151 5509 2261 5549 ma-
2431 5490 2526 5593 τι.
2544 5498 2653 5554 Διὰ
2677 5511 2858 5573 τοῦτο
2885 5520 2952 5576 ὲκ
2973 5513 3315 5593 προσώπου
3347 5520 3565 5576 aiam?

739 5575 863 5628 nus,
894 5576 949 5620 et
981 5575 1296 5638 scripturam
1320 5578 1459 5637 hanc
1492 5583 1780 5645 ordinavit.

2366 5580 2531 5647 ταλος
2561 5597 2798 5674 Χειρδς,
2846 5614 2943 5671 καὶ
2972 5580 3069 5688 την
3090 5613 3385 5686 γραφὴν
3428 5614 3566 5670 ταί
