3874 6334
163 382 338 448 2869
1643 391 1693 444 C.

1870 396 1873 409 ‘
1906 390 1991 446 Vl.
3262 400 3400 454 9.870

251 495 354 555 95.
399 487 497 541 Kal
544 481 683 575 αὖτή
720 481 762 553 ή
812 482 1007 556 γραφὴ
1036 482 1075 555 ὴ
1104 486 1511 570 ὲντεταγμένη·
1534 500 1752 566 MANE,

1930 500 2021 558 25.
2063 501 2129 557 Et
2176 504 2291 559 haec
2350 503 2646 574 scriptura,
2676 518 2795 575 quae
2819 503 3058 558 ordinata
3091 514 3208 561 est:
3240 525 3377 563 IANE

175 587 330 645 ΘΒΚ
342 580 437 643 ΕΛ.
458 573 687 628 ΦᾹΡΕΣ·
1865 604 2090 652 τηεοει,
2116 607 2331 646 ιιωιεε.

276 674 369 729 26.
414 667 517 721 Kal.
566 662 724 717 τοῦτο
766 660 861 715 τδ’
907 661 1197 737 σύγκριμα
1248 672 1348 726 τοῦ
1398 675 1765 747 ἐρωτήματοβ

1934 679 2024 732 26.
2066 680 2132 733 Et
2189 682 2303 735 haec
2359 691 2443 737 est
2507 682 2881 751 interpretatio
2934 683 3396 753 interrogationis:

189 761 417 824 MANE,
462 754 758 827 ἐμέτρησεν
785 754 816 807 ὁ
847 753 986 818 Θεδς
1030 754 1131 826 τὴν
1163 758 1446 829 βασιλείαν
1492 781 1584 820 σου
1611 805 1629 831 ,
1670 784 1719 820 κε

199 856 507 922 ἐπλήρωσεν
534 847 722 917 αὐτήν.

1866 783 2022 831 ΙΑΝε,
2052 784 2266 825 mensus
2290 779 2374 825 est
2405 770 2545 825 Deus
2582 787 2800 839 regnum
2831 780 3002 837 tuum,
3035 781 3089 826 et
3118 774 3396 841 complevit

1866 856 2011 910 illud.

707 883 722 899 '
1861 876 2011 909 ιιιιιυ.

287 946 370 1000 27.
393 939 629 1004 ΘΕΚΕΛ,
660 935 868 1006 ἐστάθη
913 935 975 992 ἒν
1018 936 1171 1010 ζυγῷ
1195 980 1213 1007 ,
1258 943 1354 998 καὶ
1376 943 1570 1015 εὑρέθη
1609 945 1766 997 ὑστε-

1929 947 2017 999 27.
2055 946 2287 1010 Tuscan,
2314 963 2604 1016 appensum
2641 956 2722 1003 est
2765 948 2819 1001 in
2864 956 3083 1016 statera,
3120 957 3173 1003 et
3206 950 3392 1004 inven-

212 1033 398 1102 ροῦσα.

1860 1043 1973 1088 tum
2002 1046 2081 1090 est
2107 1037 2287 1091 minus
2310 1038 2530 1091 habens.

292 1123 376 1178 28.
395 1118 619 1181 ΦΑΡΕΣ,
650 1116 909 1188 διῄρηται
936 1116 974 1188 ή
1004 1115 1251 1188 βασιλεία
1297 1138 1391 1175 σου
1414 1163 1431 1188 ,
1459 1121 1557 1176 καὶ
1609 1120 1760 1195 ἐδόθη

1927 1126 2015 1179 28.
2055 1129 2285 1190 Panas,
2314 1129 2544 1182 divisum
2580 1138 2661 1184 est
2686 1145 2908 1200 regnum
2938 1141 3086 1185 tuum
3133 1137 3186 1184 et
3208 1128 3391 1182 datum

215 1211 436 1284 Μήδοις,
459 1210 549 1265 καὶ
572 1209 833 1280 Πέρσαις.

1858 1222 1941 1270 εει
1968 1216 2161 1278 Medis,
2197 1226 2251 1269 et
2286 1215 2479 1271 Persis.

294 1303 379 1357 29.
404 1302 507 1355 Kal.
527 1292 674 1354 εἶπεν
704 1297 1024 1369 Βαλτάσαρ,
1058 1315 1154 1352 και
1173 1298 1429 1353 ἐνέδυσαν
1459 1299 1548 1353 τὸν
1568 1300 1762 1370 Δανιὴλ

1925 1304 2013 1359 29.
2055 1304 2119 1359 Et
2168 1305 2303 1358 dixit
2360 1306 2624 1370 Baltasar,
2677 1315 2731 1361 et
2783 1307 3072 1361 induerunt
3121 1306 3389 1359 Danielem

220 1388 513 1459 πορφύραν,
542 1385 740 1440 καὶτὸν
772 1385 1050 1455 μανιάκην
1069 1386 1160 1440 τὸν
1178 1386 1411 1457 χρυσοῦν
1433 1403 1499 1440 πε
1506 1388 1750 1457 ριέθηκαι

1862 1407 2115 1462 purpura,
2148 1403 2205 1447 et
2230 1405 2475 1464 torquem
2504 1411 2718 1449 auream
2752 1396 3214 1450 circumdederunt
3256 1395 3392 1447 collo

221 1480 357 1549 περὶ
386 1480 468 1531 τδν
496 1476 756 1547 τράχηλον
783 1475 977 1542 αὑτοῦ,
1026 1475 1120 1528 καὶ
1157 1476 1385 1545 ἐκήρυξε
1414 1477 1539 1547 περὶ⁵
1573 1476 1751 1544 αὐτοῦ,

1859 1480 1995 1549 ejus,
2029 1492 2080 1535 ct
2126 1484 2431 1552 praedicavit
2481 1484 2546 1538 de
2572 1499 2657 1548 eo,
2708 1499 2828 1538 esse
2883 1485 3057 1553 ipsum
3098 1484 3389 1550 principem

224 1562 524 1619 :lvatat'rrbv
542 1567 774 1637 ἄρχοντα
800 1564 983 1635 τρίτον
1012 1565 1073 1617 ὲν
1108 1566 1174 1634 τῇ
1208 1564 1449 1635 βασιλείᾳ
1470 1565 1654 1621 αὐτοῦ.

968 1583 983 1617 ρ
1012 1565 1073 1617 ὲν
1108 1566 1174 1634 τῇ
1208 1564 1449 1635 βασιλείᾳ
1470 1565 1654 1621 αὐτοῦ.
1859 1576 2072 1629 tertium
2108 1577 2162 1630 in
2192 1592 2353 1645 regno
2379 1593 2498 1631 suo.

302 1656 383 1711 30.
414 1656 495 1709 'Ev
523 1655 694 1728 ταύτῃ
718 1657 786 1726 τῇ
813 1653 970 1709 νυκτὶ
993 1652 1233 1726 ἀνῃρέθη
1255 1652 1533 1724 Βαλτάσαρ
1556 1655 1585 1707 6
1613 1653 1763 1723 βασι-

1927 1663 2015 1716 50.
2056 1663 2114 1716 ιη
2143 1664 2326 1718 eadem
2359 1673 2514 1721 nocte
2561 1662 2874 1717 interiectus
2906 1670 2988 1717 est
3029 1660 3270 1714 Baltasar
3297 1674 3392 1713 rex

227 1744 353 1810 λιῦς
375 1749 400 1801 ὁ
422 1747 696 1809 Χαλδαῖος.

625 1763 696 1809 ος.
1857 1749 2155 1806 Chaldaeus.

298 1837 384 1890 3L
410 1836 513 1888 Kal
543 1836 770 1903 Δαρεῖος
818 1833 847 1886 6
889 1832 1074 1903 Μῆδος
1119 1829 1419 1903 παρέλαϐεν
1464 1829 1562 1904 τὴν
1612 1829 1760 1903 βασι-
1788 1812 1828 1869 Π

1930 1838 2017 1891 3i.
2062 1837 2126 1891 Et
2156 1838 2349 1893 Darius
2395 1838 2581 1893 Medus
2624 1840 2919 1909 assumpsit
2969 1853 3192 1909 regnum
3222 1850 3394 1891 annos

190 1922 388 1993 λείαν,
417 1924 488 1979 ὢν
523 1924 659 1978 ἑτῶν
689 1924 958 1992 ἑξήκοντα
992 1922 1104 1977 δύο.

992 1922 1104 1977 δύο.
1862 1935 2022 1982 natus
2042 1928 2319 1997 sexaginta
2347 1928 2502 1981 duos.

720 2010 1117 2064 KEMAMON
1156 2014 1245 2078 cr.

2446 2014 2672 2069 CAPUT
2722 2014 2807 2071 Vl.

300 2103 351 2160 I.
377 2103 475 2155 Kal
518 2102 719 2172 ἤρεσεν
767 2098 1000 2153 ἐνώπιον
1029 2099 1270 2167 Δαρείου,
1304 2096 1395 2151 καὶ
1429 2096 1759 2167 κατέστησεν

1932 2103 1984 2157 1.
2026 2102 2091 2157 Ει
2122 2104 2323 2173 placuit
2377 2102 2429 2156 in
2471 2113 2759 2171 conspectu
2819 2101 2982 2165 Darii,
3037 2107 3090 2154 et
3117 2099 3396 2154 constituit

176 2186 316 2241 hat
337 2189 428 2257 τῆς
450 2187 721 2257 βασιλείας
748 2184 1036 2253 σατράπας
1079 2185 1268 2238 ἑκατὸν
1309 2185 1401 2238 καὶ⁸
1440 2185 1631 2251 εἴκοσι,
1662 2201 1706 2238 τι

1865 2206 2024 2260 super
2060 2207 2279 2261 regnum
2292 2198 2535 2260 satrapas
2559 2202 2772 2245 centum
2832 2199 2887 2244 et
2916 2188 3122 2258 viginti,
3144 2198 3199 2241 ut
3216 2194 3395 2241 essent

172 2272 359 2330 εἶναι
376 2277 559 2339 αὐτοὺς
582 2278 640 2329 ὲν
669 2276 768 2345 ὅλῃ
791 2277 858 2345 τῇ
897 2273 1140 2343 βασιλείᾳ
1162 2271 1346 2326 αὐτοῦ.

897 2273 1140 2343 βασιλείᾳ
1162 2271 1346 2326 αὐτοῦ.
1863 2279 1917 2333 in
1958 2288 2068 2332 toto
2094 2293 2258 2347 regno
2290 2292 2410 2332 suo.

289 2365 345 2419 2.
374 2366 474 2418 Kal
498 2366 683 2419 ἐπάνω
708 2363 930 2416 πάντων
953 2360 1131 2413 αὐτῶν
1157 2360 1443 2423 τακτικοὺς
1471 2359 1616 2430 τρεῖς
1635 2377 1649 2391 ·
1668 2358 1761 2412 καὶ

1930 2370 1985 2421 2.
2028 2367 2091 2419 Et
2129 2380 2291 2434 super
2329 2378 2516 2418 omnes
2559 2379 2676 2426 eos,
2705 2363 2979 2431 praefectos
3006 2372 3116 2417 tres
3146 2375 3161 2411 :
3191 2370 3245 2413 et
3280 2367 3396 2413 erat

163 2444 291 2524 ἰν
317 2454 503 2520 Δανιὴλ
525 2450 605 2515 εἷς
644 2451 706 2516 ἐξ
737 2451 943 2514 αὐτῶν,
992 2449 1086 2502 τοῦ
1116 2450 1415 2503 ἀποδιδόναι
1439 2451 1617 2510 αὐτοῖς
1640 2466 1693 2501 το

1868 2456 2049 2510 Daniel
2079 2469 2219 2509 unus
2243 2468 2309 2507 ex
2339 2454 2417 2507 eis
2442 2470 2456 2506 :
2488 2461 2550 2506 ut
2576 2463 2739 2521 satra;
2759 2458 2811 2504 ἢ
2838 2452 2944 2505 illis
2990 2451 3271 2505 redderent
3300 2462 3390 2500 ra-

166 2545 491 2613 ca‘rpana;
510 2542 689 2610 λόγον,
721 2542 872 2602 ὅπως
890 2542 917 2592 6
945 2538 1192 2608 βασιλεὺς
1227 2538 1299 2607 μὴ
1329 2537 1622 2606 ἐνοχλῆται.

1534 2554 1622 2588 ται.
1868 2543 2084 2603 tinuem,
2126 2549 2184 2594 ut
2205 2556 2295 2593 rex
2327 2555 2432 2593 non
2455 2541 2742 2594 sustineret
2774 2539 3064 2593 molestias.

292 2610 342 2687 3.
363 2635 462 2685 Kal
480 2629 547 2702 ἦν
567 2631 769 2701 Δανιὴλ
797 2628 1103 2698 ὐπερνικῶν
1133 2628 1269 2696 ὑπὲρ
1309 2628 1431 2690 τοὺς
1480 2626 1764 2688 τακτικοὺς

1935 2629 1988 2682 5.
2028 2628 2093 2681 Et
2122 2637 2237 2682 erat
2266 2628 2447 2681 Daniel
2478 2628 2769 2696 praevalens
2818 2645 2979 2697 super
3024 2610 3300 2699 praefectos
3343 2636 3395 2684 et

163 2723 316 2774 τιιαὶ
340 2724 454 2784 τοὺς
474 2721 761 2792 σατράπας
796 2719 1102 2784 κατέναντι,
1143 2716 1223 2769 ὅτι
1260 2715 1470 2786 πνεῦμα
1508 2732 1693 2786 περισα

1867 2718 2110 2786 satrapas
2136 2730 2333 2779 coram,
2365 2717 2489 2786 quia
2517 2717 2733 2785 spiritus
2770 2719 2996 2787 amplior
3020 2731 3135 2775 erat
3159 2722 3212 2776 in
3242 2739 3326 2778 eo.

168 2806 293 2883 διν
318 2814 371 2865 ἐν
388 2811 551 2880 αὐτῷ.

296 2905 347 2959 ι.
370 2904 474 2956 Καὶ
495 2905 523 2956 6
553 2901 813 2973 βασιλεὺς
845 2897 1176 2964 κατέστησεν
1207 2895 1365 2950 αὑτὸν
1404 2896 1484 2963 ἐφ’
1507 2895 1632 2965 ὅλης
1665 2893 1767 2961 τῆς

1935 2892 1987 2945 4.
2033 2890 2099 2945 Et
2122 2905 2214 2945 rex
2261 2890 2541 2946 constituit
2590 2904 2712 2945 eum
2767 2905 2927 2958 super
2988 2906 3147 2947 omne
3175 2909 3396 2964 regnum

228 2989 492 3061 βασιλείας
519 2987 687 3043 αὐτοῦ
708 3003 725 3019 ⁸
760 2985 859 3039 καὶ
886 2984 935 3037 oi
960 2983 1209 3035 τακτικοὶ
1272 2982 1367 3034 καὶ⁵
1416 2982 1465 3034 οί
1497 2980 1758 3049 σατράπαι

1871 2996 2060 3033 suum:
2095 2989 2148 3034 et
2172 2979 2402 3048 praefecti
2456 2988 2508 3034 et
2545 2989 2776 3048 satrapa:
2806 2982 3116 3050 quaerebant
3164 2983 3400 3040 invenire

220 3080 440 3149 ἐζήτουν
480 3080 755 3150 πρόφασιν
801 3075 982 3145 εὑρεῖν
1011 3071 1150 3125 κατὰ
1182 3071 1375 3141 Δανιὴλ
1407 3071 1470 3123 ὲκ
1490 3070 1585 3135 τῆς
1617 3069 1750 3137 βασι-

1870 3070 2203 3122 occasionem
2237 3078 2423 3123 contra
2446 3068 2715 3123 Dauielem
2746 3070 2812 3124 de
2865 3084 3064 3139 regno:
3095 3080 3148 3124 et
3188 3087 3397 3126 omnem

216 3166 386 3232 Ἰξίας,
418 3170 509 3222 καὶ
528 3170 711 3220 πᾶσαν
735 3164 1010 3233 πρόφασιν
1064 3161 1157 3213 καὶ
1181 3160 1527 3230 παράπτωμα
1559 3159 1654 3227 οὐχ
1681 3152 1746 3209 εὖ

1870 3160 2204 3213 occasionem
2280 3167 2334 3213 et
2384 3160 2634 3213 delictum
2692 3174 2800 3214 non
2864 3160 3177 3216 invenerunt
3216 3170 3400 3216 contra

244 3274 321 3327 ρον
346 3260 457 3311 κατ’
488 3256 677 3320 αὑτοῦ,
708 3256 794 3308 δτι
826 3252 1016 3313 πιστὸς
1034 3247 1118 3321 ἦν.

1115 3291 1118 3302 .
1868 3265 2015 3311 ευιη,
2043 3265 2107 3302 eo
2140 3249 2282 3318 quod
2311 3250 2482 3303 fidelis
2509 3257 2645 3303 erat.

306 3348 352 3401 5.
378 3347 481 3400 Kal.
498 3342 653 3399 εἷπον
703 3344 756 3397 oi
784 3339 1035 3395 τακτικοὶ
1087 3339 1303 3401 ἐκεῖνοι,
1338 3335 1448 3403 οὐχ
1472 3334 1771 3403 εὑρήσομεν

1938 3339 1990 3391 5.
2033 3338 2095 3390 Ει
2142 3338 2391 3391 dixerunt
2443 3338 2678 3406 praefecti
2728 3338 2841 3392 illi:
2898 3338 3012 3393 Non
3074 3339 3403 3393 inveniemus

243 3436 365 3489 κατὰ
389 3435 578 3505 Δανιὴλ
598 3435 879 3506 πρόφασιν
901 3470 917 3495 ,
946 3431 994 3483 εί
1022 3428 1097 3500 μὴ
1130 3430 1189 3481 ὲν
1219 3425 1465 3495 νομίμοις
1511 3423 1643 3476 Θεοῦ
1673 3424 1772 3475 αὒ-

1872 3435 2055 3480 contra
2083 3425 2349 3479 Dauielem
2381 3425 2738 3488 occasionem,
2780 3427 2883 3481 nisi
2933 3427 2987 3479 in
3024 3426 3279 3495 legitimis
3310 3424 3402 3479 Dei

245 3523 341 3579 τοῦ.
1300 3514 1317 3531 ί
1870 3515 1973 3568 sui.

303 3614 349 3667 ϐ.
378 3612 506 3666 Τότε
526 3613 575 3665 οί
608 3607 864 3664 τακτικοὶ
908 3606 1003 3661 καὶ
1032 3607 1305 3676 σατράπαι
1340 3603 1678 3674 παρέστησαν
1696 3602 1772 3673 τῷ

1943 3603 1992 3655 6.
2035 3600 2185 3657 Tunc
2218 3603 2471 3672 praesides
2514 3610 2563 3654 et
2587 3609 2814 3668 satrapae
2845 3600 3130 3653 astiterunt
3170 3598 3311 3668 regi,
3348 3605 3406 3652 et

250 3701 449 3771 βασιλεῖ,
498 3700 593 3755 καὶ
652 3694 810 3752 εἷπον
857 3696 1024 3767 αὐτῷ’
1061 3697 1249 3765 Δαρεῖε
1273 3692 1511 3765 βασιλεῦ,
1541 3694 1620 3756 είς
1650 3692 1776 3755 τοὺς

1541 3694 1620 3756 είς
1650 3692 1776 3755 τοὺς
1872 3692 2121 3747 dixerunt
2147 3692 2195 3746 ei
2221 3709 2237 3746 :
2268 3690 2390 3744 Dari
2420 3705 2532 3755 rex,
2562 3690 2614 3742 in
2634 3698 2892 3743 :eteruum
2920 3688 3054 3740 vive.

250 3790 424 3853 αἰῶνας
452 3790 594 3853 ζῆθι.

307 3794 872 3933 ζῗῗυξὲἕάῦλεύσαντο
917 3872 1117 3935 πάντες
1151 3871 1203 3923 οί
1225 3870 1318 3923 ἐπὶ
1356 3868 1457 3939 τῆς
1506 3869 1778 3940 βασιλείας

1941 3866 1996 3923 7.
2034 3865 2328 3921 Consilium
2351 3865 2587 3920 inierunt
2611 3879 2819 3927 omnes,
2855 3862 2945 3933 qui
2979 3877 3139 3931 super
3180 3876 3400 3927 regnum

254 3983 332 4021 acu
360 3969 667 4041 στρατηγοὶ,
692 3967 790 4019 καὶ
819 3963 1112 4033 σατράπαι,
1144 3960 1357 4023 ὕπατοι,
1378 3961 1470 4013 καὶ
1490 3960 1775 4031 τοπάρχαι,

1876 3964 2025 4009 tuum
2052 3956 2214 4010 duces
2268 3964 2320 4009 et
2349 3964 2593 4023 satrapae,
2625 3953 2873 4008 consules
2901 3962 2954 4007 et
2987 3952 3272 4021 ιοροιοιιτυ,
3295 3959 3405 4001 sta-

255 4058 332 4111 τοῦ
356 4060 533 4128 στῆσαι
568 4058 762 4111 στάσιν
791 4050 1094 4124 βασιλικὴν,
1122 4051 1217 4103 καὶ
1237 4048 1508 4119 ἐνισχῦσαι
1533 4049 1773 4119 ὁρισμὸν,

1878 4054 2028 4099 tuere
2059 4046 2333 4100 decretum
2365 4045 2585 4115 regium,
2614 4052 2667 4098 et
2705 4043 3025 4097 conﬁrmare
3066 4040 3407 4096 constitutio-

258 4146 381 4210 ὅπως
409 4148 465 4209 δς
518 4147 613 4199 ἑὰν
653 4145 857 4214 αἰτήσῃ
910 4140 1118 4209 αἴτημα
1148 4137 1299 4207 παρὰ
1336 4138 1534 4200 παντὸς
1566 4137 1707 4202 θεοῦ,
1743 4137 1776 4207 ὴ

1879 4150 1997 4188 nem
2018 4173 2034 4196 ,
2069 4143 2128 4188 ut
2160 4134 2483 4203 quicumque
2517 4134 2730 4202 petierit
2761 4133 3065 4202 petitionem
3092 4146 3121 4184 a
3149 4146 3409 4198 quocum-

262 4233 544 4305 ἀνθρώπιον,
570 4236 677 4296 ἕως
693 4231 917 4301 ἡμερῶν
949 4228 1262 4299 τριάκοντα,
1292 4227 1454 4296 ἀλλ’ἢ
1483 4227 1629 4297 παρὰ
1661 4225 1775 4289 σοῦ,

1877 4238 1981 4291 que
2010 4222 2135 4283 deo.
2167 4231 2260 4276 aut
2289 4222 2358 4276 ab
2396 4223 2702 4276 hominibus
2729 4237 2898 4291 usque
2928 4221 2992 4274 ad
3035 4222 3247 4289 triginta
3270 4220 3405 4285 dies,

267 4318 473 4387 βασιλεῦ,
502 4310 905 4391 ἐμϐληθήσεται
930 4318 1010 4378 είς
1050 4315 1142 4367 τὸν
1174 4313 1373 4367 λάκκον
1398 4315 1506 4365 τῶν
1534 4312 1777 4366 λεόντων.

1567 4312 1777 4366 εόντων.
1879 4310 1981 4364 nisi
2015 4325 2044 4363 a
2080 4318 2151 4375 te,
2172 4312 2547 4375 rex,mittatur
2579 4314 2632 4366 in
2662 4313 2835 4366 lacum
2864 4313 3097 4364 leonum.

320 4408 368 4461 8.
390 4410 496 4462 Νῦν
511 4406 624 4472 οῦν,
648 4405 891 4478 βασιλεῦ.
915 4403 1113 4472 στῆσον
1129 4402 1219 4455 τὸν
1242 4402 1483 4473 ὁρισμὸν,
1511 4403 1603 4454 καὶ
1626 4400 1779 4463 ἔκθες
1808 4442 1850 4500 Β

1950 4399 2003 4453 8.
2043 4398 2197 4454 Nunc
2233 4400 2413 4469 igitur,
2468 4415 2586 4465 rex,
2635 4408 2810 4454 statue
2862 4396 3325 4457 constitutionem,
3357 4404 3408 4448 ct

270 4498 469 4567 γρασὴν,
505 4502 654 4561 ὅπως
696 4496 773 4566 μὴ
805 4493 1069 4562 ἀλλοιωθῇ
1104 4492 1167 4545 τὸ
1212 4492 1387 4561 δόγμα
1431 4491 1628 4560 Μήδων
1682 4491 1778 4543 καὶ⁸

1881 4501 2118 4555 prepone
2141 4488 2485 4555 scripturam,
2521 4498 2580 4543 ut
2627 4503 2731 4543 non
2782 4489 3090 4542 immutetur
3137 4487 3407 4539 decretum

274 4582 477 4653 Πιρσῶν,
501 4589 645 4649 ὅπως
677 4585 753 4655 μὴ
776 4582 1098 4653 παραλλαγῇ
1122 4580 1403 4633 κατέναντι
1430 4578 1640 4631 τούτου.
1706 4594 1711 4601 ·

1881 4574 2150 4629 Medorum
2181 4583 2234 4628 et
2254 4574 2559 4639 Persarum,
2588 4589 2757 4642 neque
2788 4575 3017 4627 violetur
3037 4588 3197 4641 super
3230 4572 3350 4625 hoc.

325 4675 370 4728 9.
395 4676 517 4729 Τότε
542 4677 572 4729 6
605 4675 859 4746 βασιλεὺς
881 4673 1105 4742 Δαρεῖος
1153 4670 1377 4737 ἐπέταξε
1418 4667 1691 4739 γραφῆναι
1722 4665 1783 4720 τὸ

1687 4704 1691 4719 μ
1722 4665 1783 4720 τὸ
1950 4663 2001 4718 9.
2034 4662 2186 4718 Tunc
2205 4680 2300 4718 rex
2328 4664 2519 4719 Darius
2539 4664 2702 4734 jussit
2728 4663 2887 4717 scribi
2921 4663 3217 4715 decretum.

274 4761 531 4909 “1:...Kal
544 4853 742 4925 Δανιὴλ
769 4849 934 4922 ἡνίκα
966 4848 1131 4915 ἔγνω,
1151 4847 1230 4900 δτι
1257 4845 1484 4913 ἐνετάγή
1503 4844 1566 4897 τδ
1590 4844 1784 4915 δόγμα,

1957 4838 2044 4894 10.
2086 4838 2152 4893 Ει
2178 4838 2364 4894 Daniel
2399 4838 2610 4909 quando
2637 4835 2886 4905 cognovit
2922 4834 3267 4889 constitutum
3293 4845 3411 4884 esse

272 4940 479 5011 είσῆλθεν
504 4945 582 5005 είς
613 4919 708 4995 τὸν
735 4919 886 4992 οἷκον
908 4934 1104 4995 αὑτοῦ,
1147 4933 1239 4985 και
1282 4931 1490 5001 θυρίδες
1512 4930 1789 4999 ἀνεῳγμέο

1885 4930 2180 4993 decretum,
2203 4928 2477 4997 ingressus
2500 4938 2582 4982 est
2603 4927 2657 4980 in
2680 4925 2897 4979 domum
2930 4938 3083 4977 suam
3116 4935 3130 4973 :
3167 4930 3220 4973 et
3266 4919 3412 4971 fene-

271 5008 491 5102 ναιαύτῷ
524 5034 582 5084 ἐν
604 5032 721 5092 τοῖς
754 5022 1035 5093 ὑπερῲοις
1080 5019 1239 5076 αὐτοῦ
1273 5020 1554 5073 κατέναντι
1591 5018 1789 5089 Ἰερου-

1886 5022 2016 5078 stris
2046 5019 2243 5089 apertis
2271 5018 2320 5073 ei
2351 5018 2405 5071 in
2430 5014 2722 5072 coenaeulis
2749 5014 2863 5067 suis
2890 5021 3072 5067 contra
3097 5008 3412 5070 Jerusalem,

270 5118 433 5189 σαλήμ,
466 5100 573 5175 καὶ
614 5116 848 5187 καιροὺς
884 5113 1041 5181 τρεῐς
1072 5110 1170 5178 τῆς
1202 5108 1410 5178 ἡμέρας
1433 5102 1499 5178 ἦν
1524 5108 1790 5176 κάμπτων

1888 5120 1942 5167 ει
1976 5112 2145 5166 tribus
2174 5106 2503 5177 temporibus
2524 5104 2629 5158 diei
2664 5109 2779 5155 erat
2803 5100 3017 5153 ﬂectens
3044 5113 3101 5153 se
3140 5110 3296 5164 super
3330 5112 3418 5161 gu—

270 5206 344 5259 tnl
364 5184 422 5262 τά
448 5210 645 5277 γόνατα
677 5184 873 5265 αυτοῦ,
897 5199 999 5252 καὶ
1019 5198 1463 5266 προσευχόμενος,
1492 5198 1586 5250 καὶ
1607 5199 1789 5267 ἐξομο-

1890 5216 1997 5256 nua
2022 5214 2140 5265 sua,
2196 5205 2251 5252 et
2304 5209 2483 5258 orans,
2515 5202 2568 5247 et
2618 5189 2878 5246 conﬁtens
2928 5201 3110 5242 coram
3157 5184 3265 5239 Deo
3296 5200 3415 5247 suo,

268 5292 547 5368 λσγούμενος
571 5292 821 5348 ἐναντίον
838 5286 940 5340 τοῦ
957 5284 1095 5337 Θεοῦ
1123 5284 1303 5350 αὐτοῦ,
1331 5283 1509 5347 καθὼς
1530 5281 1790 5354 ἦνμποιῶν

1255 5284 1303 5350 ὖ,
1331 5283 1509 5347 καθὼς
1530 5281 1790 5354 ﬁtth
1892 5291 2032 5347 sicut
2056 5296 2179 5345 ante
2206 5287 2384 5342 facere
2418 5283 2785 5340 consueverat.

268 5383 551 5439 ἔμπροσθεν.

568 5474 616 5525 οἱ
638 5469 841 5536 ἄνδρες
872 5462 1074 5514 ἐκείνοι
1101 5462 1562 5532 παρετηρήσαντο,
1586 5463 1682 5518 καὶ
1702 5457 1793 5518 εὖ·

1963 5457 2051 5512 Η.
2088 5458 2239 5513 Tunc
2261 5453 2363 5510 viri
2388 5451 2465 5508 illi
2497 5449 2867 5515 observarunt,
2900 5451 2957 5497 et
2987 5443 3304 5497 invenerunt
3326 5438 3428 5492 Da-

268 5575 337 5626 ρον
351 5562 431 5612 τὸν
449 5558 643 5628 Δανιὴλ
667 5529 958 5619 ἀξιοῦντα,
990 5547 1085 5601 καὶ
1102 5529 1351 5620 δεόμενον
1368 5529 1681 5623 ἔμπροσθεν
1700 5553 1795 5607 τοῦ

1897 5551 2090 5611 nielem
2117 5549 2483 5609 obsecrantem
2523 5550 2578 5599 et
2602 5541 2843 5596 orantem
2873 5546 3060 5589 coram
3107 5529 3215 5586 Deo
3240 5543 3360 5583 suo.

267 5644 368 5699 Θεοῦ
395 5645 571 5701 αὐτοῦ.
