3874 6348
698 334 830 392 2871

1729 321 1976 376 DANIEL
2015 320 2233 376 JUXTA
2274 320 2808 379 TIIEODOTIONEM

770 446 854 499 12.
896 444 958 499 Et
985 442 1292 498 accedentes
1325 438 1510 493 dicunt
1547 436 1691 507 regi:
1725 434 1859 498 Rex,
1890 449 2069 489 nonne
2098 448 2230 488 con-
2258 436 2300 492 Δ

1987 449 2069 488 me
2098 448 2230 488 con-
2258 436 2305 492 Δ
2400 434 2489 489 12.
2521 437 2630 490 Kal
2665 433 3055 506 προσελθόντες
3086 432 3258 500 λέγουσι
3278 437 3340 506 τῷ
3364 437 3517 506 βασιλεῖ

701 534 1028 588 stitutionem
1058 529 1278 599 posuisti
1314 564 1329 588 ,
1375 534 1434 579 ut
1478 526 1654 579 omnis
1709 525 1871 578 homo
1898 523 2227 591 quicumque

701 622 909 691 petierit
934 635 963 674 a
987 629 1321 686 quocumque
1348 614 1448 670 deo
1513 623 1566 669 et
1592 613 1898 667 hominibus
1919 613 2225 680 petitionem

702 720 870 775 usque
900 705 964 759 ad
998 703 1247 771 tringinta
1273 700 1408 768 dies,
1438 701 1541 755 nisi
1571 716 1602 755 a
1646 710 1717 767 te,
1741 716 1832 755 t'ex
1858 739 1874 765 ,
1904 701 2144 754 mittatur
2173 700 2229 752 in

704 799 875 850 lacum
900 791 1138 847 leonum?

770 884 853 936 15.
894 880 958 933 Et
985 881 1117 933 dixit
1144 896 1256 945 rex,
1284 879 1455 934 Verus
1500 886 1582 934 est
1608 894 1814 944 sermo,
1866 889 1919 934 et
1956 879 2228 934 decretum

700 972 968 1025 Medorum
992 978 1045 1022 et
1071 966 1352 1021 Persarum
1379 983 1483 1020 non
1517 976 1905 1021 contemnetur.

774 1060 856 1111 M.
897 1056 1047 1111 Tunc
1095 1056 1503 1123 re5ponderunt,
1535 1064 1587 1108 et
1637 1056 1820 1108 dicunt
1859 1070 2039 1109 coram
2068 1068 2224 1123 rege:

702 1144 905 1210 Daniel,
936 1144 1026 1212 qui
1053 1142 1120 1196 de
1149 1142 1271 1194 tiliis
1299 1142 1621 1209 captivitatis
1644 1141 1863 1205 Judaaae,
1908 1156 2012 1194 non
2042 1142 2227 1195 subdi-

700 1236 778 1287 dit
801 1248 858 1287 se
884 1213 1095 1285 decreto
1120 1240 1210 1284 tuo
1251 1230 1392 1285 circa
1448 1230 1636 1297 legem,
1692 1244 1854 1295 quam
1884 1228 2151 1281 statuisti:
2177 1238 2230 1280 et

702 1321 873 1374 tribus
903 1318 1231 1387 temporibus
1275 1317 1376 1370 diei
1416 1316 1549 1384 petit
1592 1330 1621 1367 a
1675 1313 1782 1368 Deo
1812 1329 1911 1368 suo
1950 1315 2229 1382 petitiones

700 1424 844 1463 snas.
885 1406 1037 1460 Tunc
1067 1422 1177 1469 rex,
1211 1414 1269 1457 ut
1298 1404 1503 1457 audivit
1534 1402 1757 1456 verbum
1781 1442 1797 1467 ,
1836 1401 1988 1455 valde
2032 1400 2231 1454 contri-

700 1507 871 1552 status
900 1506 979 1550 est
1010 1496 1061 1547 in
1091 1509 1153 1548 eo
1182 1513 1193 1547 :
1227 1505 1279 1546 et
1308 1506 1407 1560 pro
1440 1491 1655 1545 Daniele
1678 1490 1985 1545 decertabat
2015 1490 2079 1543 ad
2098 1490 2230 1543 libe-

702 1585 923 1640 randum
954 1597 1099 1643 eum,
1122 1591 1175 1635 et
1203 1596 1371 1650 nsque
1392 1580 1461 1634 ad
1498 1594 1748 1635 occasum
1773 1578 1903 1633 solis
1936 1577 2228 1643 laborabat,

701 1686 759 1728 ut
788 1681 995 1727 erueret
1021 1686 1163 1725 eum.

769 1864 855 1917 15.
896 1862 1047 1916 Tunc
1080 1861 1176 1914 viri
1212 1860 1284 1913 illi
1306 1859 1793 1914 animadverterunt
1820 1872 1980 1925 super
2028 1868 2228 1923 regem,

698 1959 753 2003 et
778 1950 961 2003 dicunt
989 1949 1128 2017 regi:
1167 1948 1331 2011 Scito,
1365 1962 1478 2010 rex,
1506 1946 1627 2014 quia
1653 1948 1924 1999 decretum
1953 1944 2117 1997 Medis
2182 1950 2235 1993 et

700 2038 879 2095 Persis
894 2048 996 2102 est,
1030 2046 1088 2091 ut
1114 2053 1324 2091 omnem
1350 2037 1515 2103 legem
1544 2044 1598 2089 et
1623 2043 1905 2099 statutum,
1938 2034 2234 2102 quodcum-

698 2140 805 2194 que
823 2140 911 2180 rex
941 2125 1209 2188 statuerit,
1240 2139 1347 2176 non
1391 2130 1634 2192 oporteat
1664 2122 1955 2174 immutari.

768 2299 854 2353 16.
895 2296 1048 2351 Tunc
1083 2312 1173 2350 rex
1204 2296 1377 2349 dixit:
1414 2303 1468 2348 et
1498 2295 1835 2349 adduxerunt
1864 2293 2152 2357 Danielem,
2178 2302 2231 2347 et

698 2386 960 2440 miserunt
978 2400 1099 2438 eum
1134 2384 1185 2437 in
1217 2383 1391 2449 lacum
1436 2382 1647 2435 leonum
1684 2420 1699 2445 ,
1743 2390 1797 2435 et
1832 2382 1968 2434 dixit
1991 2397 2082 2434 rex
2126 2382 2229 2435 Da-

699 2473 821 2527 nieli
848 2489 863 2527 :
896 2470 1057 2538 Deus,
1084 2487 1242 2540 quem
1273 2480 1328 2525 tu
1373 2470 1508 2525 colis
1553 2485 1801 2538 semper,
1846 2470 1957 2539 ipse
1989 2469 2232 2523 liberabit

699 2572 770 2617 te.

767 2649 854 2701 17.
892 2647 957 2701 Et
992 2648 1287 2701 attulerunt
1317 2647 1545 2715 lapidem
1567 2662 1752 2713 unum,
1783 2657 1835 2701 et
1863 2648 2233 2715 imposuerunt

700 2752 859 2805 super
884 2751 945 2791 os
976 2737 1076 2789 laci
1109 2754 1123 2790 :
1157 2745 1210 2789 et
1242 2737 1545 2804 obsignavit
1576 2752 1667 2790 rex
1702 2737 1753 2789 in
1793 2737 1987 2790 annulo
2030 2753 2147 2803 suo,
2178 2746 2232 2791 et

700 2822 898 2876 annulo
919 2823 1232 2890 optimatum
1257 2837 1505 2886 suorum,
1530 2838 1596 2879 ne
1624 2825 1751 2892 quid
1796 2839 1951 2879 secus
2001 2827 2149 2878 tlcrct
2174 2826 2229 2879 in

702 2911 991 2966 Danielem.

2330 521 2441 585 λεῦ,
2469 525 2563 592 οὐχ
2600 525 2819 593 ὁρισμὸν
2841 522 3057 587 ἔταξας,
3084 521 3201 584 ὅπως
3226 525 3309 586 πᾶς
3325 527 3516 593 ἄνθρωπο

2330 611 2529 682 αἰτήσῃ
2558 612 2707 681 παρὰ
2737 612 2935 673 παντὸς
2969 610 3086 663 θεοῦ
3123 612 3200 665 καὶ
3252 614 3484 683 ἀνθρώπων
3519 642 3525 663 ι

2331 700 2434 761 ἕως
2461 700 2678 769 ἡμερῶν
2723 701 3015 769 τριάκοντα
3038 739 3053 762 ,
3080 700 3223 770 ἀλλ’ἢ
3252 705 3372 772 παρὰ
3406 707 3521 777 σοῦ,ξ

2331 786 2719 857 ὲμόληθήσεται
2751 789 2831 849 εἰς
2858 787 2949 839 τὸν
2982 787 3163 839 λάκκον
3185 787 3271 840 τῶν
3286 789 3496 857 λεόντων;

2400 874 2485 927 15.
2515 874 2623 926 Καὶ
2660 871 2810 926 εἶπεν
2836 876 2864 925 6
2900 872 3161 941 βασιλεὺς,
3188 875 3407 945 Ἀληθινδς
3442 880 3529 934 όλί

2330 961 2391 1013 τὸ
2419 962 2591 1031 δόγμα
2630 962 2827 1029 Μήδων
2871 962 2964 1013 καὶ
2991 962 3201 1032 [[ερσῶν
3226 966 3276 1016 οὺ
3297 969 3533 1037 παρελεὺσε

2402 1052 2487 1104 14.
2524 1052 2655 1103 Τότε
2682 1050 3075 1119 ἀπεκρίθησαν,
3119 1053 3197 1104 καὶ
3232 1053 3436 1121 λέγουσιν
3456 1059 3528 1109 ἐνά

2338 1140 2593 1210 βασιλέως
2617 1155 2630 1169 °
2662 1140 2877 1208 Δανιὴλ,
2900 1143 2929 1193 6
2958 1142 3058 1194 ἀπὸ
3084 1143 3177 1193 τῶν
3200 1144 3311 1197 υἱῶν
3340 1146 3423 1213 τῆς
3442 1149 3527 1215 am

2334 1230 2431 1297 τῆς
2456 1228 2731 1291 Ἰουδαίας,
2757 1228 2855 1297 οὐχ
2894 1228 3124 1298 ὑπετάγη
3150 1230 3217 1298 τῷ
3237 1230 3429 1299 δόγματι
3454 1250 3525 1285 σου

2334 1314 2579 1387 ὁρισμοῦ,
2607 1310 2668 1368 οὗ
2695 1314 2975 1377 ὲνέταξας,
3002 1316 3085 1368 καὶ
3108 1318 3302 1386 καιροὺς
3324 1321 3450 1388 τρεῖς
3470 1321 3528 1390 τῆ

2334 1408 2561 1459 αἰτεῖται
2595 1403 2745 1473 παρὰ
2770 1404 2863 1456 τοῦ
2890 1404 3021 1456 Θεοῦ
3042 1405 3187 1458 αὐτοῦ
3214 1407 3452 1475 αἰτήματα
3471 1409 3525 1461 αὑ

2334 1495 2363 1546 6
2389 1494 2635 1562 βασιλεὺς
2682 1494 2757 1555 ὡς
2789 1493 2852 1545 τὸ
2897 1493 3045 1563 ῥῆμα
3074 1494 3270 1563 ἤκουσε,
3313 1496 3429 1548 πολῦ
3461 1497 3526 1549 th

2335 1577 2501 1646 αὐτῷ,
2528 1578 2621 1630 καὶ
2652 1578 2778 1643 περὶ
2802 1577 2897 1630 τοῦ
2927 1579 3114 1649 Δανιὴλ
3140 1581 3413 1647 ἠγωνίσατο
3439 1583 3517 1636 τοῦ

2335 1666 2515 1728 αὑτὸν,
2539 1665 2631 1717 καὶ
2659 1666 2762 1731 ἕως
2790 1665 2927 1736 πρὸς
2946 1666 3158 1735 δυσμαῖς
3179 1667 3315 1737 ἡλίου
3353 1665 3413 1739 ἦν
3443 1671 3526 1738 an:

2267 1752 2310 1806 Β
2338 1753 2608 1817 ἐξελέσθαι
2635 1754 2819 1808 αὐτόν.

2405 1843 2489 1895 15.
2518 1843 2647 1894 Τότε
2668 1846 2714 1895 oi
2739 1844 2929 1913 ἄνδρες
2964 1844 3147 1896 ἐκεῖνοι
3188 1847 3525 1915 παρετηρήσαι

2336 1930 2577 1999 βασιλέα,
2605 1933 2698 1985 καὶ
2725 1932 2942 1999 λέγουσι
2969 1933 3043 2002 τῷ
3069 1933 3263 2001 βασιλεῖ
3282 1935 3484 1998 ·Γνῶθι,
3508 1936 3533 2004 β

2333 2023 2392 2075 τὸ
2419 2024 2592 2092 δόγμα
2611 2025 2716 2085 τοῖς
2748 2024 2951 2093 Μήδοις
3006 2024 3095 2076 καὶ
3120 2024 3339 2094 Πέρσαις
3359 2064 3372 2087 ,
3412 2025 3496 2077 τοῦ
3523 2044 3530 2073 τ

2335 2113 2490 2182 σμὺν,
2524 2112 2616 2164 καὶ
2659 2112 2847 2165 στάσιν
2873 2151 2890 2177 ,
2922 2114 2988 2183 ἣν
3022 2112 3114 2166 ἐὰν
3140 2116 3168 2166 6
3198 2113 3431 2183 βασιλεὺς
3463 2118 3535 2168 στι

2335 2201 2693 2272 παραλλάξαι.
2778 2258 2781 2261 _

2404 2290 2492 2343 16.
2533 2290 2667 2341 Τότε
2702 2291 2729 2341 6
2761 2288 3011 2358 βασιλεὺς
3040 2284 3190 2344 εἶπεν
3216 2306 3228 2320 ·
3263 2291 3354 2345 καλ,
3397 2293 3537 2362 byw

2334 2376 2471 2447 νιὴλ,
2512 2376 2605 2427 καὶ
2636 2376 2887 2430 ἐνέϐαλον
2914 2378 3077 2441 αὑτὸν
3127 2380 3208 2439 είς
3234 2379 3324 2430 τὸν
3351 2379 3537 2431 λάκκον

2331 2482 2458 2531 των,
2491 2467 2583 2518 καὶ
2611 2461 2763 2518 εἶπεν
2805 2468 2834 2518 6
2865 2466 3122 2535 βασιλεὺς
3152 2467 3229 2535 τῷ
3267 2469 3474 2539 Δανιήλ-
3505 2467 3539 2519 ’1

2333 2552 2609 2623 λατρεύεις
2637 2554 2954 2623 ἐνδελεχῶς,
2981 2556 3144 2617 αὐτὸς
3173 2555 3430 2619 ὲξελεϊταί
3466 2572 3539 2610 σε.

2404 2643 2491 2695 17.
2522 2644 2631 2694 Kal
2658 2644 2893 2712 ἦνεγκαν
2934 2643 3083 2696 λίθον
3128 2644 3252 2708 ἕνα,
3289 2645 3386 2697 καὶ
3420 2643 3541 2696 ὲπέθ

2336 2731 2507 2799 στόμα
2535 2730 2627 2783 τοῦ
2680 2730 2905 2794 λάκκου,
2958 2733 3053 2785 καὶ
3100 2734 3472 2803 ἐσφραγίσατο
3503 2736 3529 2785 6

2332 2821 2410 2891 τῷ
2446 2822 2713 2891 δακτυλίῳ
2744 2822 2937 2887 αὑτοῦ,
2989 2823 3093 2877 xal
3120 2824 3177 2876 ὲν
3224 2822 3304 2893 τῷ
3331 2823 3543 2876 δακτυλὶ

2335 2913 2539 2964 στάνων
2561 2910 2745 2976 αὐτοῦ,
2775 2914 2930 2976 ὅπως
2967 2914 3046 2982 μὴ
3082 2913 3358 2983 ἀλλοιωθῇ
3382 2912 3442 2965 τὸ
3484 2930 3547 2981 πε

2333 3002 2547 3071 Δανιήλ.

770 3090 857 3145 18.
896 3091 959 3144 Et
990 3090 1121 3144 abiit
1145 3105 1235 3144 rex
1268 3091 1320 3144 in
1346 3091 1564 3146 domum
1588 3106 1763 3153 suam,
1792 3099 1845 3144 et
1877 3090 2126 3144 dormivit
2150 3090 2233 3143 in-
2259 3062 2300 3121 ο

2018 3091 2126 3144 ιινιι
2150 3090 2233 3143 in-
2259 3062 2300 3121 ο
2404 3062 2493 3145 ιεξ
2530 3092 2636 3145 Kal
2663 3091 2908 3159 ἀπῆλθεν
2934 3094 2965 3145 ό
2999 3092 3266 3162 βασιλεὺς
3294 3095 3378 3156 εἰς
3424 3093 3515 3147 τὸν

702 3179 964 3245 comatus,
1011 3189 1064 3233 et
1109 3180 1258 3234 cibos
1312 3196 1416 3233 non
1469 3180 1757 3233 attulerunt
1807 3181 1888 3244 ei,
1924 3189 1977 3233 et
2009 3195 2230 3234 somnus

702 3268 925 3323 recessit
956 3268 1023 3321 ab
1047 3284 1110 3322 eo
1137 3287 1149 3322 :
1175 3277 1228 3322 et
1255 3270 1515 3323 conclusit
1555 3269 1691 3323 Deus
1742 3285 1836 3323 ora
1894 3270 2128 3334 leonum,
2177 3278 2231 3322 et

703 3373 808 3412 non
836 3358 1125 3414 affecerunt
1155 3360 1395 3414 molestia
1421 3360 1713 3414 Danielem.

769 3531 855 3585 19.
891 3532 1041 3586 Tunc
1064 3547 1154 3587 rex
1187 3533 1417 3587 surrexit
1441 3547 1596 3587 mane
1622 3532 1881 3598 diluculo,
1912 3542 1964 3587 et
2004 3532 2056 3587 in
2081 3533 2230 3589 festi-

698 3620 915 3674 natione
938 3620 1080 3673 venit
1104 3621 1167 3673 ad
1198 3621 1371 3675 lacum
1399 3622 1638 3675 leonum.

764 3706 853 3761 20.
894 3705 957 3761 Ει
977 3722 1096 3761 cum
1126 3709 1573 3777 appropinquaret
1602 3712 1714 3777 ipse
1741 3709 1900 3774 Iacui,
1947 3709 2147 3765 Danieli
2176 3711 2228 3765 in

698 3811 829 3851 voce
858 3796 978 3851 forti
1002 3797 1266 3861 clamavit,
1299 3806 1353 3848 et
1411 3799 1688 3864 respondit
1732 3813 1844 3863 rex,
1880 3808 1931 3852 et
1953 3799 2087 3852 dixit
2118 3799 2224 3852 Da-

700 3886 821 3939 nieli
858 3904 871 3939 :
899 3884 1082 3938 Daniel
1112 3900 1262 3939 serve
1284 3885 1377 3939 Dei
1408 3885 1655 3948 viventis,
1691 3884 1830 3941 Dens
1864 3896 2007 3951 tuus,
2048 3890 2132 3943 cui
2170 3902 2226 3943 tu

700 3974 867 4028 servis
894 3989 1122 4043 semper,
1154 3988 1280 4030 num
1307 3974 1480 4043 potuit
1532 3974 1763 4029 liberare
1797 3984 1848 4029 te
1900 3977 1966 4031 de
2006 3992 2100 4032 ore
2125 3978 2228 4033 leo-

699 4063 862 4116 num?

764 4151 850 4205 21.
889 4151 956 4205 Et
984 4152 1236 4219 loquutus
1260 4160 1343 4207 est
1370 4151 1554 4205 Daniel
1584 4152 1711 4222 regi,
1744 4162 1797 4207 et
1844 4154 1918 4207 ait
1946 4170 1959 4205 :
1998 4155 2135 4223 Rex,
2171 4156 2226 4211 in

700 4240 891 4296 smcula
914 4240 1050 4295 vive.

763 4326 852 4380 22.
892 4327 1031 4381 Deus
1059 4342 1208 4380 meus
1240 4326 1385 4381 misit
1410 4327 1656 4397 angelum
1687 4342 1864 4403 suum,
1886 4340 1939 4384 et
1960 4332 2226 4387 obstruxit

697 4431 791 4469 ora
818 4416 1049 4480 leonum,
1070 4431 1121 4470 et
1148 4431 1251 4471 non
1278 4428 1573 4471 nocuerunt
1607 4419 1764 4483 mibi,
1797 4422 1920 4488 quia
1953 4439 2132 4477 coram
2157 4440 2220 4478 eo

698 4507 955 4559 rectitude
988 4508 1198 4560 inventa
1226 4518 1309 4562 est
1332 4509 1460 4562 mibi
1507 4525 1520 4560 :
1561 4510 1654 4564 sed
1699 4521 1752 4565 et
1782 4526 1961 4566 coram
1992 4522 2061 4579 te,
2095 4530 2208 4580 rex,

695 4592 946 4648 delictum
977 4609 1083 4648 non
1124 4595 1244 4650 feci.

761 4767 850 4820 23.
892 4764 1043 4819 Tunc
1072 4782 1163 4820 rex
1202 4767 1540 4821 vehementer
1583 4768 1799 4837 gavisus
1831 4780 1912 4823 est
1952 4787 2111 4839 super
2135 4788 2217 4838 eo,

694 4860 745 4905 et
772 4852 1036 4905 Danielem
1058 4854 1219 4921 jussit
1243 4855 1395 4907 educi
1418 4855 1483 4909 de
1507 4855 1656 4921 lacu;
1687 4865 1739 4909 et
1771 4858 1998 4912 eductus
2026 4870 2105 4913 est
2120 4858 2222 4913 Da-

698 4941 801 4992 niel
829 4947 894 4994 de
917 4941 1055 5005 lactt,
1088 4952 1141 4996 et
1167 4943 1307 4997 nulla
1352 4943 1497 4998 laesio
1542 4945 1751 4999 inventa
1802 4956 1883 5001 est
1909 4947 1961 5000 in
1990 4962 2071 5011 eo,
2096 4950 2218 5017 quia

698 5028 912 5081 credidit
948 5028 1055 5095 Deo
1078 5045 1196 5085 suo.

762 5114 850 5166 21.
892 5116 957 5170 Et
976 5120 1108 5172 dixit
1146 5137 1255 5183 rex,
1280 5122 1685 5176 etcadduxerunt
1726 5124 1906 5191 viros,
1933 5141 2023 5193 qnt
2059 5140 2219 5180 accu-

698 5213 944 5256 saverant
972 5205 1255 5275 Danielem,
1283 5219 1336 5265 et
1359 5212 1410 5265 in
1440 5213 1614 5266 lacum
1660 5214 1875 5267 leonum
1917 5216 2065 5268 missi
2091 5228 2217 5270 sunt

701 5289 819 5353 ipsi,
857 5301 911 5343 et
935 5291 1025 5344 lilii
1050 5309 1255 5362 eorum,
1285 5286 1558 5356 et‘uxores
1606 5317 1791 5356 eorum
1822 5321 1835 5355 :
1884 5312 1936 5356 et
1967 5320 2071 5356 non
2101 5320 2216 5373 pcr-

700 5385 955 5431 venerunt
985 5380 1050 5432 ad
1076 5386 1428 5447 pavimentum
1454 5391 1578 5455 laci,
1611 5391 1782 5447 donec
1799 5394 2057 5448 dominati
2090 5407 2219 5461 sunt

700 5477 885 5602 θοτιίηι
938 5469 1140 5538 ιεοηθε,
1195 5486 1248 5530 et
1278 5484 1454 5537 omnia
1503 5499 1627 5541 ossa
1681 5501 1868 5542 eorum
1895 5486 2217 5543 comminue-

700 5564 798 5602 run
825 5586 840 5602 .

700 5564 840 5603 runt.

2331 3182 2424 3233 καὶ
2447 3181 2711 3251 ἐκοιμήθη
2739 3182 3026 3246 ἄδειπνος,
3054 3184 3157 3236 καὶ
3180 3184 3466 3255 ἐδέσματα
3490 3186 3548 3235 οὺ

2330 3271 2495 3339 αὐτῷ,
2544 3271 2638 3323 καὶ
2661 3271 2689 3321 ό
2744 3270 2919 3333 ὕπνος
2947 3272 3177 3342 ἀπέστη
3208 3275 3307 3326 ἀπ’
3335 3274 3504 3327 αὑτοῦ
3526 3291 3539 3304 ·

2331 3377 2420 3412 σεν
2452 3361 2479 3411 6
2498 3360 2630 3423 Θεὸς
2656 3359 2725 3412 τὰ
2746 3360 3011 3429 στόματα
3035 3361 3152 3415 τῶν
3182 3362 3452 3430 λεόντων,
3502 3381 3554 3417 κι

2328 3448 2571 3517 ὡχλησαν
2605 3448 2682 3517 τῷ
2705 3450 2940 3520 Δανιήλ.

2398 3536 2484 3590 19.
2513 3537 2644 3589 Τότε
2666 3538 2694 3587 6
2720 3537 2998 3605 βασιλεὺς
3024 3541 3247 3614 ἀνέστη
3290 3544 3360 3597 τὸ
3404 3545 3558 3616 πρωῒ

2328 3626 2418 3678 καὶ
2444 3626 2501 3677 ὲν
2526 3626 2726 3695 σπουδῇ
2754 3620 2942 3695 ἦλθεν
2967 3630 3074 3683 ἐπὶ
3105 3632 3207 3685 τὸν
3236 3634 3459 3688 λάκκον
3486 3637 3567 3689 τῶ

2394 3714 2482 3767 9.0.
2506 3713 2614 3767 Kal
2649 3716 2708 3766 ὲν
2749 3714 2829 3783 τῷ
2879 3719 3152 3787 ἐγγίζειν
3191 3724 3373 3776 αὑτὸν
3407 3726 3495 3795 τῷ
3536 3727 3567 3778 λ

2326 3802 2443 3872 νιὴλ
2476 3804 2533 3854 ὲν
2570 3805 2718 3873 φωνῇ
2750 3804 2978 3879 ἰσχυρᾷ
3004 3810 3266 3881 ἐϐόησε,
3306 3816 3412 3868 καὶ
3447 3817 3575 3869 ἀπε

2326 3890 2467 3954 λεὺς,
2492 3890 2584 3941 καὶ
2608 3885 2760 3943 εἶπεν
2784 3893 2879 3962 τῷ
2903 3897 3164 3967 Δανιήλ·
3206 3902 3430 3973 Δανιὴλ
3459 3905 3491 3956 6
3517 3904 3568 3956 δι

2325 3979 2417 4034 τοῦ
2449 3978 2665 4043 ζῶντος,
2695 3982 2723 4032 6
2743 3981 2892 4047 Θεός
2936 4004 3046 4040 σου
3082 3982 3137 4055 ᾧ
3160 3993 3234 4045 σὺ
3262 3992 3575 4063 λατρεύεις

2325 4068 2548 4139 ἐδυνήθη
2584 4068 2877 4132 ἐξελέσθαι
2909 4092 2983 4127 σε
3013 4079 3144 4130 ἀπὸ
3179 4082 3489 4152 στόματος
3521 4102 3573 4136 τι

2392 4158 2480 4211 2|.
2529 4159 2639 4212 Kal
2684 4159 2943 4232 ὲλάλησε
2990 4170 3228 4240 Δανιὴλ
3287 4174 3379 4243 τῷ
3420 4176 3582 4245 patth

2325 4248 2568 4311 Βασιλεῶ
2605 4250 2685 4311 εἰς
2708 4253 2848 4316 τοὺς
2883 4256 3126 4323 αἰῶνας
3161 4261 3335 4333 ζῆθι.

2392 4337 2481 4391 29-
2520 4338 2579 4390 Ὀ
2611 4338 2743 4401 Θεός
2778 4359 2906 4421 μου
2942 4348 3292 4406 ἀπέστειλε
3326 4356 3435 4409 τὸν
3458 4356 3587 4425 ἄγγη

2326 4426 2613 4495 ἐνέφραξεν
2632 4427 2702 4480 τὰ
2727 4433 3025 4502 στόματα.
3069 4440 3205 4493 τῶν
3226 4443 3529 4509 λεόντων,
3569 4466 3585 4500 ι

2325 4513 2481 4567 ναντό
2508 4530 2596 4582 με,
2626 4514 2707 4566 ὅτι
2742 4520 3102 4578 κατέναντι
3154 4529 3361 4585 αὐτοῦ
3410 4535 3593 4588 εὺθὺτ

2326 4604 2416 4656 καὶ
2439 4602 2664 4656 ἐνώπιον
2689 4604 2747 4657 δὲ
2776 4608 2923 4678 σοῦ,
2964 4613 3269 4687 βασιλεῦ,
3323 4626 3589 4696 παράπτ

2324 4710 2451 4762 ησα.

2392 4782 2479 4873 25.
2511 4782 2643 4873 Τότε
2667 4782 3043 4873 ὀᾏβασιλεὺς
3072 4799 3244 4853 πολὺ
3283 4805 3593 4873 ὴγαθύνθλ

2323 4871 2411 4924 τὸν
2458 4872 2654 4941 Δανιὴλ
2682 4869 2865 4930 εἶπεν
2923 4869 3363 4957 ἀνενεγκεῖν*
3398 4900 3478 4952 ὲκ
3546 4920 3600 4953 τ(
