3874 6344
244 369 366 425 ιιπι

252 567 403 633 λαοῖς,
457 575 663 673 guinis.-
686 567 1171 673 γλξῦσσαιςντοῐς
1194 567 1439 646 οἰκοῦσιν⁷
1479 598 1536 651 ἐν
1565 600 1711 673 πάσῃ
1731 567 1797 673 τῇ

250 661 331 727 γῆν
361 660 556 733 Εἰρήνη
574 661 691 730 ὑμῖν
718 660 1112 745 πληθυνθείη.

315 748 402 850 iii.
436 752 537 850 :Ex
569 748 867 850 προσώπου
898 760 1063 836 ἐτέθη
1083 767 1255 838 δόγμα
1282 771 1341 823 ἐν
1372 775 1515 846 πάσῃ
1543 778 1678 849 ἀρχῇ
1700 781 1800 850 τῆς

254 835 519 933 βασιλείας
539 857 663 933 μου,
690 840 786 933 τος)
808 843 966 903 εἶναι
985 835 1283 922 τρέμοντας
1327 835 1801 933 καὶ

255 925 351 977 ἀπὸ
380 928 658 997 προσώπου
684 928 780 983 τοῦ
808 933 957 990 Θεοῦ
996 943 1212 1013 Δανιὴλ,
1243 948 1322 1000 ὅτι
1353 925 1512 1013 αὐτός
1540 925 1799 1019 ἐστιΘεὸς

250 1013 369 1077 ζῶν,
399 1019 688 1085 καὶπμένων
711 1021 793 1082 είς
820 1027 957 1089 τοὺς
994 1031 1213 1099 αἰῶνας,
1249 1038 1342 1089 καὶ
1377 1040 1408 1106 ὴ
1434 1032 1673 1107 βασιλεία
1703 1013 1799 1095 ait;

248 1103 334 1155 τοῦ
354 1106 416 1157 οὐ
437 1107 895 1180 διαφθαρήσεται,
945 1120 1041 1170 καὶ
1066 1124 1258 1190 κυρεία
1287 1103 1449 1179 αὐτοῖν
1471 1130 1573 1192 ἕως
1594 1132 1793 1193 τέλους.

307 1193 394 1247 27.
446 1197 954 1268 Ἀντιλαμὸάνεται,
1008 1209 1099 1260 καὶ
1128 1206 1364 1279 ῥύσεται,
1409 1216 1500 1268 καὶ
1529 1221 1670 1269 ποιεῖ
1701 1235 1796 1288 ση-

245 1283 363 1349 μεῖα
421 1286 520 1338 καὶ
551 1286 752 1356 τέρατα
772 1292 833 1344 ἐν
867 1293 1104 1365 οὐρανῷ,
1139 1300 1232 1352 καὶ
1258 1302 1349 1353 ἐπὶ
1379 1307 1477 1373 τῆς
1501 1307 1621 1374 γῆς,
1652 1283 1797 1372 ὅστις

240 1370 469 1435 ἐξείλετο
496 1374 592 1427 τὸν
628 1379 825 1449 Δανιὴλ
854 1383 920 1435 ἐκ
950 1386 1212 1454 στόματος
1242 1391 1349 1443 τῶν

300 1462 387 1515 28.
422 1464 539 1516 Καὶ
561 1467 762 1538 Δανιὴλ
806 1467 962 1535 οὗτος
1012 1479 1338 1533 κατευθυνεν
1374 1484 1430 1534 ἐν
1457 1487 1519 1553 τῇ
1554 1485 1795 1557 βασιλείᾳ

236 1550 475 1620 Δαρείου,
506 1555 606 1607 καὶ
637 1556 699 1608 ἐν
718 1561 786 1628 τῇ
816 1559 1060 1633 βασιλείᾳ
1092 1567 1273 1635 Κύρου
1306 1570 1397 1623 τοῦ
1427 1550 1653 1643 Πέρσου.

764 1692 1157 1752 ΚΕΦΑΛΑΙΟΝ
1200 1699 1274 1752 Z'.

696 441 712 455 ν
1668 398 1890 459 CAPUT
1922 404 2030 463 vn.

301 480 386 533 εδ.
421 483 547 537 Τότε
584 474 818 588 Δαρεῖος
886 487 925 539 ὁ
983 492 1230 561 βασιλεὺς
1277 498 1480 571 ἔγραψε
1526 508 1652 562 πᾶσι
1691 515 1783 575 τοῖς

1966 521 2055 576 25.
2091 522 2240 579 Tunc
2264 526 2457 586 Darius
2515 545 2608 588 rex

3287 431 3427 484 2876

2656 530 2871 602 scripsit
2914 536 3163 592 omnibus
3198 545 3428 608 populis,

1899 607 2165 675 tribubus,
2206 613 2421 682 linguis,
2472 618 2835 677 habitantibus
2877 622 2932 676 in
2974 625 3222 681 universa
3258 607 3428 683 terra:

1899 696 2005 749 Pax
2028 700 2177 753 vobis
2206 703 2603 770 multiplicetur.
2626 728 2629 731 π

1964 783 2052 838 26.
2092 785 2132 838 A
2162 786 2295 843 facie
2323 794 2553 859 positum
2577 784 2659 850 εει
2686 797 2956 852 decretum
3006 800 3060 855 in
3101 805 3245 857 omni
3284 806 3430 874 prin-

1898 872 2075 940 cipatu
2098 878 2243 944 regni
2273 881 2394 944 mei,
2427 892 2484 935 ut
2509 884 2615 938 sint
2648 894 2936 943 trementes
2998 899 3048 944 et
3079 902 3371 950 metuentes
3394 913 3426 952 ει

1896 955 2031 1011 facie
2058 959 2147 1014 Dei
2183 962 2430 1029 Danielis,
2464 970 2587 1036 quia
2616 972 2728 1040 ipse
2750 984 2830 1028 est
2857 976 2994 1030 Deus
3014 978 3216 1043 vivens,
3236 990 3289 1034 et
3310 998 3425 1037 ma-

1896 1062 2029 1101 nens
2059 1050 2111 1103 in
2137 1054 2328 1108 saecula
2365 1074 2379 1109 :
2408 1065 2461 1110 et
2499 1075 2717 1129 regnum
2744 1064 2861 1132 ejus
2892 1082 2995 1120 non
3029 1068 3351 1137 destruetur,
3375 1083 3426 1127 et

1895 1133 2189 1192 dominatio
2216 1142 2332 1208 ejus
2363 1159 2532 1212 usque
2562 1148 2614 1199 in
2643 1152 2819 1204 linem.

1963 1224 2050 1277 27.
2095 1224 2349 1297 Suscipit,
2374 1240 2429 1284 et
2465 1233 2672 1300 liberat,
2723 1248 2776 1294 et
2805 1240 2932 1295 facit
2973 1242 3123 1312 signa
3172 1254 3224 1297 et
3250 1246 3428 1313 prodi-

1895 1308 1978 1377 gia
2017 1310 2069 1362 in
2092 1314 2247 1377 caelo,
2277 1317 2407 1370 etin
2439 1327 2610 1373 terra:
2645 1325 2737 1392 qui
2779 1308 3045 1382 liberavit—
3065 1308 3332 1385 Daniclem
3359 1333 3427 1387 de

1894 1410 1988 1450 ore
2021 1400 2257 1457 leonum.
2332 1434 2339 1443 ο

1960 1483 2048 1537 ‘28.
2070 1486 2137 1539 Et
2167 1487 2347 1545 Daniel
2371 1491 2483 1561 ipse
2505 1511 2755 1566 prospere
2781 1501 2969 1570 agebat
2993 1501 3046 1555 in
3072 1518 3233 1573 regno
3256 1503 3423 1572 Darii,

1890 1578 1945 1626 et
1970 1573 2023 1626 in
2050 1590 2215 1644 regno
2247 1578 2371 1649 Cyri
2400 1581 2595 1638 Persae.

2452 1712 2677 1769 CAPUT
2726 1716 2837 1773 VII.

299 1832 348 1887 1.
398 1835 492 1888 Ἐν
516 1838 601 1908 τῷ
640 1839 846 1913 πρώτῳ
883 1844 992 1899 ἔτει
1022 1849 1302 1922 Βαλτάσαρ
1346 1853 1603 1923 βασιλέως
1644 1859 1783 1914 Χαλ-

1958 1835 2008 1889 l.
2044 1835 2100 1889 In
2120 1852 2262 1892 anno
2308 1840 2480 1907 primo
2552 1840 2794 1902 Baltasar
2841 1851 2983 1920 regis
3026 1852 3418 1918 Chaldzeorum,

230 1920 406 1989 δαίων,
440 1928 650 1998 Δανιὴλ
678 1931 929 1987 ἐνύπνιον
959 1931 1085 2003 εῖδε,
1120 1940 1212 1992 καὶ
1244 1920 1298 1993 αἱ
1332 1920 1545 2013 δράσεις
1569 1947 1668 2017 τῆς
1699 1966 1789 2001 κε-

232 2012 397 2082 φαλῆς
424 2016 599 2070 αὐτοῦ
634 2020 730 2072 ἐπὶ
758 2022 861 2091 τῆς
892 2026 1077 2095 κοίτης
1097 2028 1276 2094 αὑτοῦ,
1320 2012 1410 2085 καὶ
1446 2035 1507 2086 τὸ
1543 2012 1785 2109 ἐνόπνιον

231 2099 495 2169 ἔγραψενσ
529 2105 679 2177 ἀρχὴ
708 2107 884 2176 λόγων
914 2113 1097 2179 αὐτοῦ,
1150 2118 1241 2169 καὶ
1280 2102 1588 2189 ἀποκριθεὶς
1612 2119 1782 2178 εἶπεν.

291 2189 342 2241 2.
380 2192 525 2260 Ἐγὼ
562 2196 771 2265 Δανιὴλ
815 2197 1082 2269 ἐθεώρουν
1110 2205 1167 2255 ἐν
1216 2208 1280 2274 τῇ
1328 2208 1512 2277 ὁράσει
1546 2227 1645 2278 μου
1687 2212 1783 2280 τῆς

226 2279 440 2341 νυκτός·
501 2283 601 2336 καὶ
648 2284 759 2337 ἰδοὺ
808 2286 859 2338 οί
910 2288 1170 2359 τέσσαρες
1218 2294 1403 2364 ἄνεμοι
1430 2298 1520 2350 τοῦ
1556 2301 1782 2369 οὐρανοῦ

228 2368 595 2433 προσέϐαλλον
617 2373 703 2437 είς
734 2373 835 2444 τὴν
864 2375 1133 2432 Θάλασσαν
1154 2382 1251 2451 τὴν
1279 2386 1535 2456 μεγάλην.

289 2452 342 2506 5.
367 2456 479 2508 Καὶ
506 2458 757 2529 τέσσαρα
797 2462 958 2531 θηρία
1012 2469 1219 2534 μεγάλα
1260 2452 1535 2527 ἀνέϐαινον
1582 2477 1646 2528 ἐκ
1682 2477 1784 2547 τῆς

229 2540 496 2614 θαλάσσης
518 2545 853 2615 διαφέροντα
885 2550 1152 2621 ἀλλήλων.

287 2632 337 2684 4.
364 2634 436 2686 Τὸ
462 2636 689 2704 πρῶτον
725 2639 858 2691 ὡσεὶ
884 2640 1089 2707 λέαινα,
1126 2644 1218 2698 καὶ
1251 2647 1422 2716 πτερὰ
1463 2650 1627 2703 αὐτοῦ
1653 2653 1781 2705 ώσεὶ

229 2720 404 2773 ἀετοῦο
446 2724 725 2795 ἐθεώρουν
769 2728 874 2791 ἕως
925 2726 985 2784 οὗ
1022 2732 1228 2804 ἐξετίλη
1258 2735 1327 2787 τὰ
1364 2739 1537 2807 πτερὰ
1585 2741 1776 2795 αὐτοῦ’

228 2810 315 2862 καὶ
341 2812 545 2881 ἐξῄρθη
585 2814 697 2869 άπὸ
728 2816 830 2884 τῆς
862 2818 985 2886 γῆς,
1020 2821 1113 2872 καὶ
1155 2823 1247 2874 ἐπὶ
1291 2826 1464 2879 ποδῶν
1497 2828 1778 2899 ἀνθρώπου

232 2900 441 2972 ἐστάθη,
470 2904 570 2956 καὶ
599 2905 803 2972 καρδία
833 2908 1116 2979 ἀνθρώπου
1140 2912 1289 2983 ἐδόθη
1320 2916 1474 2986 αὐτῇ.

292 2986 343 3042 5.
372 2990 481 3041 Καὶ
514 2991 628 3043 ῑδοὺ
677 2991 867 3061 θηρίον
900 2995 1085 3065 ἕτερον
1123 2999 1304 3067 ὅμοιον
1346 2992 1542 3073 άρκῳ,
1566 3007 1658 3060 καὶ
1700 3010 1781 3072 είς

234 3075 385 3143 μέρος
403 3076 461 3129 ἐν
491 3080 724 3149 ἐστάθη,
757 3082 854 3134 καὶ
881 3084 1004 3152 τρία
1031 3086 1234 3156 πλεῦρα
1258 3093 1315 3143 ἐν
1334 3092 1410 3162 τῷ
1435 3094 1656 3163 στόματι
1681 3099 1778 3150 αὐ-

231 3163 337 3230 τῆς,
362 3166 641 3233 ἀνάμεσον
663 3168 775 3220 τῶν
810 3169 1035 3225 ὀδόντων
1061 3174 1234 3245 αὐτῆς
1251 3194 1265 3208 -
1296 3180 1386 3231 καὶ
1407 3180 1574 3245 οὕτως
1597 3184 1779 3253 ἔλεγον

234 3252 377 3322 αὐτῇ,
409 3254 729 3324 Ἀνάστηθι,
761 3258 901 3326 φάγε
932 3260 1139 3330 σάρκας
1167 3265 1384 3329 πολλάς.

295 3340 344 3393 ϐ.
386 3343 599 3396 Ὀπίσω
619 3345 814 3397 τούτου
837 3346 1102 3420 ἐθεώρουν
1126 3353 1185 3404 ἐν
1202 3354 1432 3423 ὁράματι
1453 3356 1547 3426 τῆς
1570 3360 1777 3421 νυκτός⁶

235 3429 318 3480 καὶ
367 3431 475 3483 ἰδοὺ
525 3432 722 3502 ἕτερον
773 3434 960 3505 θηρίον
1008 3439 1138 3492 ὡσεὶ
1176 3442 1464 3509 πάρδαλις·
1505 3446 1598 3498 καὶ
1642 3447 1777 3517 αὐτῇ

235 3520 394 3588 πτερὰ
422 3521 670 3592 τέσσαρα
692 3526 939 3578 πετεινοῦ
964 3528 1218 3599 ὑπεράνω
1257 3532 1442 3601 αὐτῆς,
1471 3534 1563 3586 καὶ
1589 3535 1781 3588 τέσσαο

238 3622 318 3673 ρες
348 3611 587 3676 κεφαλαὶ
611 3612 690 3681 τῷ
716 3612 911 3684 θηρίῳ,
936 3616 1030 3669 καὶ
1061 3617 1276 3681 ἐξουσία
1308 3620 1459 3690 ἐδόθη
1489 3623 1655 3692 αὐτῷ.

294 3697 345 3749 7.
396 3699 610 3752 Ὀπίσω
659 3701 855 3755 τούτου
886 3704 1154 3776 ἐθεώρουν
1183 3709 1241 3760 ἐν
1289 3710 1522 3779 ὁράματι
1566 3713 1665 3781 τῆς
1691 3730 1779 3765 νυ-

234 3785 375 3846 κτός·
412 3791 509 3839 καὶ
534 3788 644 3841 ἰδοὺ
679 3790 869 3861 θηρίον
898 3793 1160 3863 τέταρτον
1192 3798 1436 3867 φοϐερὸν,
1457 3800 1549 3852 καὶ
1576 3800 1778 3870 ἐκθαμ-

234 3869 333 3934 ϐον,
358 3874 453 3925 καὶ
484 3875 713 3944 ἰσχυρὸν
736 3879 1031 3946 περισσῶς,
1064 3883 1156 3933 καὶ
1194 3884 1243 3934 οί
1267 3884 1471 3947 ὀδόντες
1509 3885 1670 3939 αὐτοῦ
1702 3869 1776 3940 σι-

232 3956 393 4029 δηροί,
440 3964 538 4015 καὶ
590 3965 839 4032 μεγάλοι,
884 3968 1082 4033 ἐσθίον,
1136 3971 1230 4023 καὶ⁵
1267 3972 1541 4039 λεπτύνον,
1574 3975 1664 4027 καὶ
1709 3975 1779 4028 τά

233 4048 472 4102 ἐπίλοιπα
494 4054 612 4114 τοῖς
639 4054 800 4105 ποσὶν
833 4054 998 4108 αὐτοῦ
1034 4059 1318 4112 συνεπάτει
1339 4102 1353 4125 ,
1396 4063 1490 4116 καὶ
1529 4064 1655 4115 αὐτὸ
1707 4064 1779 4119 δι-

146 4200 149 4203 _
238 4134 386 4205 έφερε
415 4140 698 4209 περισσῶς
725 4145 873 4212 παρὰ
908 4144 1084 4198 πάντα
1120 4148 1186 4201 τά
1219 4150 1376 4221 θηρία
1391 4152 1458 4207 τὰ
1477 4152 1778 4225 ἔμπροσθεν

232 4223 402 4289 αὐτοῦ,
443 4229 538 4279 καὶ
566 4228 776 4298 κέρατα
805 4233 954 4301 αὐτῷ
982 4233 1133 4289 δέκα.

292 4312 340 4363 8.
370 4314 705 4381 Προσενόουν
735 4321 848 4381 τοῖς
870 4321 1099 4391 κέρασιν
1130 4325 1315 4392 αὐτοῦ,
1342 4329 1436 4383 καὶ
1478 4331 1582 4385 ἰδοὺ
1610 4330 1776 4404 κέρας

231 4398 399 4469 ἕτερον
435 4405 636 4474 μικρὸν
687 4407 974 4461 ἀνέϐαινεν
998 4414 1058 4463 ἐν
1098 4414 1247 4482 μέσῳ
1285 4418 1479 4483 αὐτῶν,
1517 4421 1608 4472 καὶ
1650 4398 1775 4490 τρία
1805 4458 1848 4512 D

229 4491 419 4557 κέρατα
458 4494 569 4547 τῶν
616 4494 929 4565 ἔμπροσθεν
956 4500 1122 4553 αὑτοῦ
1145 4502 1434 4575 ἐξεριζώθη
1460 4508 1569 4560 άπὸ
1605 4525 1775 4579 προσ-

229 4575 364 4630 timeo
390 4581 553 4635 αὑτοῦ
576 4598 592 4614 ·
625 4584 721 4635 και
750 4585 861 4638 tace.
905 4586 1195 4656 ὀφθαλμοὶ,
1237 4592 1365 4645 ὡσεὶ
1393 4575 1661 4666 ὀφθαλμοί
1686 4600 1776 4652 άν-

228 4663 429 4733 θρώπου
461 4672 517 4723 ἐν
537 4670 619 4741 τῷ
648 4671 845 4743 κέρατι
885 4675 1061 4746 τούτῳ
1080 4714 1096 4739 ,
1128 4680 1221 4732 καὶ
1263 4684 1432 4753 στόμα
1455 4663 1659 4743 λαλοῦν
1678 4707 1776 4760 με·

226 4754 370 4821 γάλα.

285 4846 332 4899 9.
360 4849 653 4922 Ἐθεώρουν
674 4852 783 4914 ἓως
809 4854 901 4904 ὅτε
927 4852 1107 4922 θρόνοι
1131 4857 1409 4928 ἐτέθησαν,
1430 4865 1521 4916 καὶ
1543 4868 1778 4934 Παλαιὸς

226 4932 426 5002 ἡμερῶν
469 4939 727 5006 ἐκάθητο,
792 4939 893 4990 καὶ¹
945 4940 1009 4991 τὺ
1038 4940 1229 5009 ἔνδυμα
1266 4944 1452 5011 αὑτοῦ,
1485 4949 1616 5003 ὡσεὶ
1648 4932 1777 5021 χιὼν

228 5018 409 5088 λευκὸν,
446 5028 534 5079 καὶ
565 5029 599 5094 ή
636 5026 765 5095 θρὶξ
811 5027 917 5094 τῆς
952 5029 1189 5097 κεφαλῆς
1218 5032 1405 5098 αὑτοῦ,
1454 5036 1587 5091 ώσεὶ
1635 5018 1787 5112 ἔριον

225 5107 456 5177 καθαρὸν,
483 5115 511 5165 6
544 5112 740 5183 θρόνος
769 5112 946 5164 αὐτοῦ
976 5114 1103 5180 φλὸξ
1122 5118 1304 5188 πυρὸς,
1336 5122 1390 5173 οί
1408 5127 1596 5194 τροχοὶ
1614 5107 1777 5182 αθτοῦ

230 5197 320 5266 πῦρ
340 5201 542 5269 φλέγον.

286 5286 356 5339 10.
388 5289 639 5359 Ποταμὸς
668 5282 1066 5377 πυρὸς-εἷλκεν
1104 5290 1538 5366 ἐκπορευόμενος
1574 5304 1780 5377 ἔμπρο-

231 5373 331 5426 σθεν
351 5377 530 5429 αὑτοῦ·
575 5376 758 5443 χίλιαι
801 5371 1043 5461 χιλιάδες
1076 5377 1440 5452 ἐλειτούργουν
1469 5371 1651 5461 αὐτῷ,
1686 5371 1779 5449 καὶ

226 5460 381 5527 μύριαι
410 5462 679 5532 μυριάδες
707 5460 1171 5525 παρειστήκεισαν
1205 5467 1527 5539 ἔμπροσθεν
1573 5460 1741 5535 αὑτοῦ
1761 5499 1776 5514 ο

231 5550 459 5615 κριτήριον
486 5544 749 5602 ἐκάθισε,
777 5540 896 5626 καί
912 5541 1079 5607 βίϐλοι
1098 5548 1543 5626 ἀνεγνώσθησαν.

273 5633 342 5685 ll.
384 5631 693 5698 Ἐθεώρουν
719 5625 848 5678 τότε
873 5625 984 5680 ἀπὸ
1007 5633 1176 5702 φωνῆς
1204 5638 1310 5696 τῶν
1352 5625 1581 5717 λόγων,
1611 5642 1691 5707 ὧν
1716 5654 1779 5709 τδ

1887 1922 2072 1978 Daniel
2111 1930 2379 1983 somnium
2425 1931 2581 1997 vidit,
2623 1947 2675 1988 et
2708 1938 2942 1994 visiones
2985 1944 3174 2010 capitis
3218 1944 3333 2012 ejus
3366 1947 3419 1998 in

1886 2016 2131 2070 cubiculo
2153 2019 2293 2086 ejus,
2339 2029 2395 2076 et
2438 2024 2707 2078 somnium
2769 2030 2984 2096 scripsit
3030 2048 3042 2083 :

1883 2116 2193 2159 sermonum
2217 2109 2353 2176 ejus,
2374 2119 2427 2163 et
2461 2115 2789 2180 respondens
2816 2116 2970 2171 dixit.

1951 2191 2003 2243 2.
2043 2190 2155 2260 Ego
2186 2195 2367 2249 Daniel
2395 2198 2634 2253 videbam
2680 2202 2733 2255 in
2758 2204 2963 2258 visione
2991 2220 3111 2260 mea
3137 2209 3330 2275 noctis,
3362 2218 3416 2263 et

1882 2292 2005 2333 ecce
2031 2290 2262 2348 quatuor
2306 2287 2448 2339 venti
2502 2289 2618 2342 caeli
2678 2289 2952 2346 irruebant
3009 2293 3063 2348 in
3120 2310 3263 2350 mare
3300 2313 3416 2352 ma-

1882 2384 2066 2436 gnum.

1950 2459 2001 2511 5.
2043 2459 2107 2512 Et
2167 2471 2396 2527 quatuor
2442 2464 2625 2520 bestiae
2681 2468 2907 2536 grandes
2959 2470 3315 2527 ascendebant
3347 2477 3414 2530 de

1882 2549 2017 2601 mari
2053 2550 2278 2604 diversae
2304 2552 2439 2607 inter
2466 2569 2545 2608 se.

1948 2638 2000 2689 4.
2041 2638 2215 2692 Prima
2246 2642 2402 2709 quasi
2434 2644 2618 2710 leaena,
2650 2653 2703 2700 et
2733 2649 2829 2703 alat
2851 2650 2966 2720 ejus
2999 2654 3139 2708 sicut
3181 2653 3407 2722 aquilae:

1880 2727 2221 2793 aspiciebam,
2244 2730 2416 2786 donec
2434 2735 2629 2788 evulsa:
2651 2747 2777 2791 sunt
2805 2741 2902 2793 alae
2923 2742 3059 2810 ejus,
3125 2752 3178 2797 et
3204 2744 3411 2798 sublata

1880 2826 1963 2869 est
1992 2818 2057 2871 de
2088 2829 2250 2882 terra,
2288 2831 2341 2875 et
2368 2836 2527 2891 super
2554 2826 2713 2893 pedes
2739 2828 2974 2885 hominis
3027 2831 3190 2896 stetit,
3228 2839 3283 2885 et
3318 2846 3414 2887 cor

1880 2906 2112 2975 hominis
2142 2910 2324 2963 datum
2351 2922 2431 2966 est
2462 2915 2533 2966 ei.

1948 2996 1999 3049 5.
2036 2998 2100 3050 Et
2128 3014 2252 3052 ecce
2304 3000 2476 3055 bestia
2530 3004 2633 3057 alia
2687 3006 2876 3062 similis
2920 3022 3068 3073 urso,
3103 3017 3156 3063 et
3184 3009 3236 3062 in
3260 3018 3411 3079 parte

1880 3102 1984 3140 una
2012 3089 2175 3154 stetit,
2207 3100 2260 3145 et
2313 3094 2412 3146 tria
2448 3093 2614 3148 latera
2662 3096 2714 3150 in
2747 3112 2841 3151 ore
2888 3098 3005 3167 ejus
3058 3099 3195 3153 inter
3221 3100 3411 3155 dentes

1877 3177 2014 3242 ejus,
2045 3189 2097 3232 et
2126 3180 2204 3234 sic
2224 3182 2469 3236 dicebant
2490 3184 2539 3238 ei
2562 3200 2575 3234 :
2603 3184 2794 3255 Surge,
2822 3190 3042 3242 comede
3062 3202 3251 3243 carnes
3271 3189 3411 3243 mul-

1877 3272 1979 3318 tas.

1944 3352 1995 3404 6.
2035 3352 2161 3408 Post
2186 3355 2323 3409 hanc
2347 3358 2666 3425 aspiciebam
2692 3361 2743 3415 in
2775 3363 2981 3419 visione
3010 3366 3203 3429 noctis,
3223 3373 3411 3420 etecce

1875 3440 1977 3493 alia
2009 3442 2174 3495 bestia
2208 3446 2360 3511 quasi
2393 3448 2612 3513 pardus,
2638 3458 2691 3501 et
2719 3451 2844 3505 huic
2872 3454 2969 3505 ala:
3005 3461 3235 3520 quatuor
3256 3455 3410 3507 volu-

1874 3528 1983 3581 eris
2016 3544 2176 3595 super
2207 3532 2397 3597 ipsam,
2425 3542 2479 3587 et
2513 3544 2745 3603 quatuor
2780 3540 2951 3607 capita
2981 3541 3183 3604 bestiae,
3222 3549 3276 3595 et
3311 3557 3410 3610 po-

1875 3622 2037 3669 testas
2062 3616 2186 3670 data
2219 3627 2298 3671 est
2318 3620 2386 3673 ei.
3084 3670 3087 3673 ρ

1941 3700 1993 3753 7.
2033 3700 2161 3756 Post
2201 3705 2337 3759 banc
2386 3708 2711 3775 aspiciebam
2761 3710 2814 3763 in
2870 3710 3075 3767 visione
3114 3716 3309 3779 noctis,
3356 3723 3411 3769 et

1874 3804 1997 3845 ecce
2016 3792 2182 3846 bestia
2213 3804 2397 3863 quarta
2425 3799 2696 3859 terribilis,
2734 3809 2894 3868 atque
2916 3802 3194 3866 mirabilis,
3216 3814 3268 3858 et
3298 3803 3409 3858 for-

1874 3879 1944 3932 tis
1976 3881 2155 3946 nimis,
2177 3892 2228 3936 et
2258 3885 2443 3940 dentes
2474 3886 2591 3955 ejus
2641 3886 2825 3953 ferrei,
2879 3898 2934 3943 et
2982 3892 3178 3959 magni,
3231 3907 3410 3947 come-

1873 3967 2028 4032 dens,
2057 3981 2217 4041 atque
2243 3976 2614 4030 comminuens
2637 4017 2652 4041 ,
2694 3986 2746 4031 et
2790 3979 2994 4048 reliqua
3044 3982 3265 4047 pedibus
3293 3985 3407 4037 suis

1874 4059 2258 4127 conculcabat;
2287 4072 2338 4116 et
2365 4063 2477 4132 ipsa
2509 4063 2790 4119 dili‘erebat
2823 4066 2981 4120 nimis
3020 4082 3128 4135 prae
3153 4068 3405 4122 omnibus

1874 4144 2082 4212 bestiis,
2113 4164 2232 4216 qua:
2261 4159 2385 4206 ante
2438 4167 2555 4206 eam
2588 4152 2865 4223 (fuerant),
2904 4163 2958 4209 et
2985 4169 3187 4211 cornua
3237 4157 3288 4214 ei
3312 4158 3407 4212 de-

1874 4247 1989 4287 cem
1998 4271 2012 4286 .

3099 2032 3419 2102 principium

1943 4321 1996 4376 8.
2030 4322 2442 4383 Considerabam
2492 4344 2690 4385 cornua
2732 4332 2849 4400 ejus
2878 4372 2894 4398 ,
2952 4341 3006 4386 et
3053 4349 3178 4389 ecce
3238 4350 3408 4389 cornu

1876 4406 2019 4463 aliud
2051 4425 2269 4477 parvum
2302 4416 2621 4470 ascendebat
2644 4420 2697 4470 in
2726 4418 2901 4473 medio
2920 4435 3105 4473 eorum
3158 4438 3172 4474 :
3222 4432 3274 4475 et
3309 4423 3408 4475 tria

1876 4511 2073 4552 cornua
2103 4515 2308 4567 eorum,
2338 4518 2457 4572 qua:
2493 4513 2644 4557 erant
2667 4516 2790 4559 ante
2828 4508 3000 4574 ipsum
3026 4546 3041 4571 ,
3076 4510 3257 4563 evulsa
3284 4518 3406 4562 sunt

1872 4600 1903 4637 a
1932 4585 2066 4640 facie
2095 4588 2211 4653 ejus
2239 4606 2253 4641 :
2285 4600 2337 4643 et
2367 4605 2491 4644 ecce
2516 4591 2655 4645 oculi
2700 4594 2855 4662 quasi
2899 4596 3039 4651 oculi
3086 4596 3319 4653 hominis
3355 4599 3406 4651 iu

1872 4687 2041 4729 cornu
2064 4676 2185 4741 isto,
2219 4685 2273 4731 et
2300 4692 2362 4733 os
2387 4679 2613 4748 loquens
2636 4695 2851 4752 magna.

1941 4849 1993 4903 9.
2032 4848 2388 4917 Aspiciebam,
2435 4851 2604 4908 donec
2636 4854 2813 4907 throni
2843 4855 3003 4922 positi
3040 4862 3185 4917 sunt,
3217 4864 3270 4909 et
3296 4857 3406 4909 An-

1872 4937 2054 5007 tiquus
2105 4939 2309 4992 dierum
2355 4941 2508 5005 sedit,
2558 4950 2613 4996 et
2655 4944 3031 4997 vestimentum
3081 4945 3199 5011 ejus
3251 4947 3403 5013 quasi

1872 5028 1964 5081 nix
1985 5027 2288 5092 candidum,
2328 5036 2382 5082 et
2403 5030 2629 5097 capillus
2683 5031 2875 5097 capitis
2932 5032 3050 5100 ejus
3092 5033 3244 5101 quasi
3282 5034 3406 5090 lana

1873 5114 2071 5168 munda
2097 5131 2110 5167 :
2138 5115 2360 5171 thronus
2391 5116 2510 5185 ejus
2537 5117 2747 5172 ﬂamma
2776 5117 2934 5186 ignis,
2958 5127 3090 5173 rotze
3126 5120 3244 5189 ejus
3268 5122 3407 5192 ignis

1873 5204 2125 5272 ﬂagrans.

1946 5294 2031 5347 l0.
2070 5292 2291 5350 Flumen
2312 5293 2450 5363 ignis
2481 5296 2723 5352 trahebat
2745 5297 3027 5364 egrediens
3042 5298 3095 5352 in
3118 5311 3405 5369 conspectu

1875 5386 1990 5456 ejus
2017 5403 2029 5438 :
2072 5388 2232 5441 millia
2264 5387 2488 5442 millium
2522 5386 2969 5444 deserviebantei
2996 5431 3011 5455 ,
3041 5399 3094 5447 et
3123 5392 3257 5447 dena
3285 5395 3409 5446 mil-

1875 5477 1944 5530 lia
1965 5476 2158 5531 denum
2191 5477 2409 5531 millium
2434 5477 2737 5545 adstabant.
2764 5484 2892 5532 ante
2945 5494 3065 5535 eum
3096 5498 3109 5534 :
3146 5480 3408 5549 judicium

1875 5566 2035 5632 sedit,
2059 5575 2113 5621 et
2133 5567 2252 5621 libri
2278 5565 2399 5620 lecti
2429 5576 2573 5622 sunt.

1945 5654 2031 5710 ll.
2070 5654 2404 5723 Aspiciebam
2448 5662 2577 5710 tunc
2608 5666 2641 5707 a
2691 5665 2826 5708 voce
2877 5669 3180 5711 sermonum
3213 5693 3229 5724 ,
3274 5671 3414 5723 quos
