3874 6344
206 310 322 364 2377
888 357 901 371 .
1308 312 1315 325 ¹
1536 344 1539 346 >
1564 315 1782 379 CAPUT
1826 319 1954 374 Vl".
3172 328 3305 382 2878

204 417 387 487 Αωσύνη
439 419 544 473 τῶν
597 421 881 491 βασιλέων,
916 428 1022 481 τῶν
1079 428 1329 484 ὑποκάτω
1358 432 1552 494 παντὸς
1607 433 1695 485 τοῦ

1816 455 1943 505 gum,
1966 440 2055 508 qui
2088 441 2186 494 sub
2215 442 2359 495 omni
2392 442 2527 497 caelo
2555 442 2721 511 (sunt)
2766 442 2885 497 data
2933 453 3059 496 sunt
3114 450 3312 500 sanctis

202 507 420 577 οὐρανοῦ,
466 508 618 578 ἐδόθη
674 512 854 579 ἁγίοις
929 516 1209 586 Ὑψίστου·
1269 518 1362 570 καὶ
1389 522 1421 587 ή
1460 519 1697 588 βασιλεία

1816 529 2055 581 λιιίεεὶιηὶ
2088 547 2100 581 ;
2134 538 2187 583 et
2216 546 2430 599 regnum
2456 532 2598 599 ejus,
2643 547 2859 599 regnum
2909 531 3309 598 sempiternum,

201 597 346 649 αὐτοῦ
372 596 609 665 βασιλεία
633 602 874 667 αἰώνιος,
910 607 1003 658 καὶ
1039 608 1204 659 πᾶσαι
1256 608 1312 659 al
1354 608 1515 678 ἀρχαὶ
1554 610 1700 679 αὐτῷ

200 681 527 749 δουλεύσουσι,
552 688 648 738 καὶ
674 688 1089 745 ὑπακούσονται.
1123 694 1263 756 Ἕως
1289 688 1387 747 ὦδε
1417 696 1587 765 πέρας
1608 698 1699 751 τοῦ

201 770 355 839 λόγου.

264 836 340 912 28.
382 858 517 924 Ἐγὼ
541 861 740 930 Δανιὴλ
766 865 815 916 οἱ
834 864 1163 934 διαλογισμοί
1187 885 1285 937 μου
1311 871 1401 921 ἐπὶ
1424 871 1552 924 πολὺ
1583 890 1703 925 συνο
1740 836 1743 837 ν

200 945 466 1014 ετάρασσόν
498 964 584 1016 με,
633 951 731 1001 καὶ
774 954 809 1020 ἡ
864 955 1040 1023 μορφή
1073 971 1172 1023 μου
1224 956 1503 1027 ἠλλοιώθη,
1531 942 1624 1012 καὶ
1644 961 1703 1012 τὸ

200 1036 330 1104 ῥῆμα
349 1037 402 1086 ὲν
430 1038 495 1105 τῇ
522 1037 721 1109 καρδίᾳ
749 1057 849 1108 μου
878 1044 1227 1114 συνετήρησα.

689 1173 1081 1250 seruator:
1122 1178 1201 1229 ιιι.

265 1302 309 1357 1.
344 1304 425 1355 Ἐν
456 1302 564 1355 ἔτει
597 1303 769 1374 τρίτῳ
791 1304 890 1373 τῆς
915 1304 1184 1373 βασιλείας
1196 1308 1493 1379 Βαλτάσαρ,
1523 1312 1704 1379 ὅρασις

196 1389 333 1461 ῶφθη
365 1390 495 1461 πρὸς
528 1391 597 1461 μέ
618 1408 633 1422 ο
679 1390 821 1459 Ἐγὼ
843 1393 1037 1462 Δανιὴλ
1062 1395 1194 1463 μετὰ
1219 1396 1316 1463 τὴν
1343 1396 1589 1464 ὁφθεῖσάν
1618 1415 1705 1467 μοι

199 1478 285 1545 τὴν
310 1480 488 1548 ἀρχήν.

260 1569 307 1620 2.
334 1569 435 1620 Kal
462 1564 597 1621 εἶδον
621 1569 680 1621 ἐν
714 1572 781 1639 τῇ
810 1571 1017 1639 ὁράσει,
1058 1572 1150 1625 zal
1182 1574 1389 1640 ἐγένετο
1415 1573 1559 1644 ἐντῷ
1582 1576 1705 1629 ἰδεῖν

199 1676 281 1727 με,
308 1660 393 1712 καὶ
427 1661 570 1728 ήμην
595 1661 652 1711 ὲν
673 1659 895 1723 Σούσοις
920 1665 985 1731 τῇ
1017 1662 1195 1731 βάρει,
1230 1664 1264 1733 ἡ
1295 1665 1436 1715 ὲστιν
1468 1667 1523 1717 ὲν
1557 1662 1706 1735 χώρᾳ

1800 624 1851 668 et
1864 630 2047 670 omnes
2072 618 2400 685 principatus
2422 619 2521 687 ipsi
2538 621 2790 685 servient,
2812 627 2865 674 et
2881 621 3145 674 obedient.
3174 619 3315 674 Huc-

1799 718 1966 772 usque
1996 704 2114 759 finis
2142 708 2420 761 sermonis.

1867 871 1953 925 28.
1996 871 2107 941 Ego
2133 872 2315 928 Daniel
2364 874 2709 943 cogitationes
2754 890 2885 929 meae
2929 876 3152 929 multum
3189 891 3319 931 con-

1803 960 2082 1017 turbabant
2107 977 2210 1026 me,
2242 971 2294 1016 et
2326 962 2494 1017 forma
2524 979 2639 1017 mea
2666 972 2865 1018 mutata
2890 977 2988 1028 est,
3015 974 3066 1019 et
3096 966 3315 1019 verbum

1802 1046 1854 1101 in
1879 1050 2039 1103 corde
2071 1065 2189 1103 meo
2216 1056 2542 1105 conservavi.

2357 1183 2577 1238 CAPUT
2616 1183 2750 1238 Vlll.

1870 1309 1919 1360 1.
1961 1309 2019 1361 In
2054 1324 2194 1362 anno
2216 1312 2373 1364 tertio
2402 1311 2549 1379 regni
2590 1310 2859 1376 Baltasar,
2899 1312 3034 1366 visio
3074 1314 3319 1382 apparuit

1802 1397 1931 1449 mihi
1972 1416 1985 1449 :
2018 1412 2117 1465 ego
2146 1397 2325 1454 Daniel
2360 1410 2477 1468 post
2495 1416 2633 1466 eam,
2664 1416 2782 1470 qua:
2824 1412 3139 1469 apparuerat
3185 1404 3315 1456 mihi

1803 1486 1855 1539 in
1891 1488 2168 1556 principio.

1868 1576 1922 1629 2.
1962 1577 2027 1629 Ει
2056 1579 2161 1630 vidi
2189 1578 2239 1630 in
2262 1579 2487 1643 visione,
2509 1589 2561 1633 et
2585 1579 2780 1633 factum
2813 1588 2895 1633 est
2919 1594 3041 1633 cum
3062 1578 3316 1645 viderem,

1802 1670 1855 1715 et
1882 1677 2026 1717 eram
2061 1665 2113 1717 in
2143 1664 2294 1720 Susis
2313 1676 2507 1731 castro,
2525 1667 2664 1735 quod
2691 1676 2773 1721 est
2797 1667 2850 1720 in
2872 1667 3087 1736 regione
3108 1668 3314 1721 AElarn:

199 1750 384 1818 Δίλάμ”
413 1751 504 1802 καὶ
535 1744 678 1802 εῐδον
708 1751 767 1801 ὲν
800 1750 1053 1821 ὁράματι,
1092 1753 1183 1804 καὶ
1211 1753 1353 1821 ήμην
1372 1754 1464 1804 ἐπὶ
1486 1752 1577 1804 τοῦ
1606 1754 1706 1806 Οὑ-

1816 1762 1854 1807 :t
1878 1754 1984 1809 vidi
2040 1755 2095 1809 in
2116 1757 2338 1821 visione,
2369 1767 2422 1812 et
2447 1772 2591 1812 eram
2626 1773 2785 1827 super
2809 1756 3053 1811 Ubalula.

197 1836 428 1891 δαλοῦλα.

256 1928 306 1980 5.
327 1928 426 1980 Kal
452 1921 559 1999 ᾔρα
604 1928 734 1989 τοὺς
804 1926 1110 1998 ὀφθαλμούς
1149 1946 1268 1998 μου,
1299 1930 1391 1983 καὶ
1430 1927 1589 1983 εἷδον’
1614 1931 1705 1984 xal

200 2016 298 2067 ἰδοὺ
355 2016 496 2085 κριὸς
549 2010 631 2078 εἷς
655 2015 904 2086 ἑστηκὼς
937 2017 1042 2086 πρὸ
1077 2017 1169 2069 τοῦ
1233 2018 1557 2083 υύϐαλοῦλα,
1612 2021 1706 2071 xal

199 2104 330 2174 αὐτῷ
351 2106 560 2175 κέρατα,
589 2108 686 2158 καὶ
713 2106 783 2158 τὰ
811 2106 1014 2175 κέρατα
1039 2105 1214 2177 ὑψηλά
1232 2125 1245 2137 ’
1270 2109 1363 2160 καὶ
1387 2109 1444 2159 τὸ
1480 2108 1536 2160 ἓν
1569 2109 1704 2178 ὑψη-

200 2193 388 2263 λότερον
435 2194 527 2247 τοῦ
584 2195 799 2264 ἐτέρου,
857 2196 951 2248 καὶ
1000 2195 1060 2248 τὸ
1090 2196 1287 2265 ὑψηλὸν
1314 2196 1587 2249 ἀνέϐαινεν
1618 2198 1702 2248 ἐπ’

199 2281 403 2349 ἐσχάτῳ.

258 2370 307 2423 4.
331 2370 429 2423 Kal
442 2365 576 2423 εἶδον
588 2369 679 2423 τὸν
693 2370 847 2441 κριὸν
870 2368 1220 2440 κερατίζοντα
1250 2371 1387 2423 κατὰ
1417 2370 1703 2435 θάλασσαν,

198 2460 280 2510 xal
308 2458 511 2530 βορρᾶν,
542 2462 638 2513 καὶ
663 2461 837 2525 νότον,
871 2461 964 2512 καὶ
992 2460 1165 2513 πάντα
1195 2460 1265 2512 τὰ
1287 2460 1445 2530 θηρία
1488 2462 1546 2513 οὐ
1580 2463 1707 2530 στή-

201 2565 361 2601 σονται
392 2550 609 2603 ἐνώπιον
639 2548 827 2613 αὑτοῦ,
858 2550 953 2602 καὶ
980 2549 1076 2601 οὐκ
1096 2546 1161 2619 ἦν
1194 2551 1222 2600 ὁ
1249 2549 1618 2618 ἐξαιρούμενος
1645 2552 1707 2602 ὲκ

198 2639 360 2706 χειρὸς
384 2638 540 2690 αὐτοῦ
598 2640 694 2690 καὶ
740 2637 960 2707 ἐποίησε
1016 2639 1154 2690 κατὰ
1199 2636 1259 2689 τὸ
1286 2636 1492 2707 θέλημα
1522 2636 1704 2701 αὐτοῦ,

201 2728 281 2778 καὶ
300 2727 643 2796 ἐμεγαλύνθη.

259 2816 309 2868 5.
338 2818 442 2869 Kal
497 2817 607 2885 ἐγὼ
637 2818 788 2887 ήμην
827 2816 1042 2879 συνιῶν,
1071 2817 1163 2867 καὶ
1194 2815 1297 2867 ἰδοὺ
1324 2815 1518 2885 τράγος
1542 2814 1707 2882 αίγῶν

200 2904 376 2973 ἤρχετο
405 2906 505 2959 ἀπὸ
536 2906 699 2969 mea);
720 2907 815 2958 ἐπὶ
834 2906 1120 2974 πρόσωπον
1145 2905 1239 2973 τῆς
1262 2905 1362 2973 γῆς
1383 2906 1558 2974 πάσης
1579 2920 1592 2933 ·
1614 2906 1709 2956 καὶ

205 2992 290 3042 οὐκ
308 2988 371 3062 ἦν
419 2994 718 3063 ἁπτόμενος
769 2996 869 3063 τῆς
906 2992 1028 3063 γῆς·
1072 2992 1257 3062 καὶτῷ
1301 2995 1484 3063 τράγῳ
1524 2995 1709 3064 ἐκείνῳ

205 3081 348 3118 νέηαι·
371 3083 631 3118 Hunnus-)1“
655 3085 927 3118 Ᾱουᾶηιικηυ
965 3082 1069 3118 φίλη
1114 3082 1271 3118 λιΑΑηἍ
1287 3083 1395 3118 rnan
1423 3083 1582 3118 ηὕρηκῗῖ

1816 3003 1988 3053 versae,
2020 2999 2073 3043 et
2095 2980 2201 3043 non
2231 3001 2348 3045 erat
2400 3004 2621 3061 tangens
2671 3002 2868 3048 terram
2906 3013 2919 3047 :

1816 3092 1969 3118 Pnrnll
1999 3080 2337 3118 onnnninnnm
2369 3082 2504 3118 ἰηίοιι
2532 3083 2715 3118 nonlnc
2745 3083 2858 3118 nine

1808 3092 1970 3130 cornu
1999 3080 2338 3147 conspicuum
2369 3082 2504 3136 inter
2532 3083 2718 3137 oculos
2745 3083 2861 3151 ejus

202 3081 348 3151 κέρας
371 3083 631 3153 θεωρητὸν
653 3085 927 3153 άνάμεσον
965 3082 1069 3136 τῶν
1114 3082 1395 3151 ὀφθαλμῶν
1422 3083 1603 3135 αὑτοῦ.

257 3174 305 3226 6.
336 3175 438 3225 Kal
460 3172 616 3245 ἦλθεν
651 3177 680 3225 ὁ
707 3175 906 3243 τράγος
938 3173 1041 3236 ἓως
1069 3170 1161 3224 τοῦ
1206 3171 1358 3241 κριοῦ
1382 3173 1473 3224 τοῦ
1523 3174 1591 3226 τὰ
1624 3174 1711 3226 κέ-

203 3278 321 3329 ρατα.
353 3265 573 3334 ἔχοντος,
629 3265 689 3318 ὃν
742 3261 879 3316 εἶδον
911 3262 1117 3315 ἑστῶτα
1164 3262 1387 3315 ἐνώπιον
1411 3261 1501 3313 τοῦ
1533 3263 1706 3316 0:36:1—

200 3351 366 3417 λοῦλα,
392 3357 480 3407 καὶ
505 3354 708 3425 ἔδραμε
734 3353 873 3422 πρὸς
898 3352 1077 3416 αὑτὸν,
1110 3352 1167 3403 ἐν
1205 3351 1346 3419 ὁρμῇ
1399 3350 1494 3418 τῆς
1536 3353 1710 3421 ἰσχύος

200 3454 342 3491 αυτου
350 3480 365 3492 .

262 3527 306 3580 7.
342 3528 445 3579 Kal
486 3524 621 3580 εἶδον
669 3526 830 3579 αὐτὸν
858 3525 1133 3595 φθάσαντα
1164 3527 1267 3589 ἓως
1297 3527 1387 3579 τοῦ
1418 3530 1589 3601 κριοῦ,
1622 3532 1711 3583 καὶ

199 3614 483 3685 ἐξηγριώθη
523 3617 658 3686 πρὸς
691 3615 873 3678 αὐτὸν,
913 3616 1007 3667 καὶ
1047 3614 1234 3666 ἔπαισε
1267 3615 1355 3667 τὸν
1401 3616 1565 3685 κριὸν,
1622 3618 1713 3670 καὶ

202 3707 489 3776 συνέτριψεν
525 3707 812 3777 ἀμφότερα
848 3706 917 3758 τά
980 3706 1184 3775 κέρατα
1234 3705 1415 3769 αὑτοῦ,
1478 3709 1569 3761 καὶ
1615 3708 1712 3759 οὐκ

198 3787 256 3862 ἦν
286 3798 427 3865 ἰσχὺς
452 3797 524 3867 τῷ
554 3797 696 3867 κριῷ
742 3795 836 3848 τοῦ
870 3795 1057 3864 στῆναι
1114 3794 1337 3848 ἐνώπιον
1383 3796 1541 3849 αὑτοῦ
1565 3814 1580 3827 ο
1620 3798 1712 3849 καὶ

200 3882 398 3953 ἔρριψεν
422 3886 576 3939 αὐτὸν
614 3889 708 3939 ἐπὶ
734 3886 831 3955 τὴν
869 3886 993 3954 γῆν,
1027 3886 1120 3938 κα).
1147 3886 1507 3955 συνεπάτησεν
1533 3886 1709 3951 αὐτὸν,

198 3973 281 4023 καὶ
303 3975 396 4025 οὐκ
410 3970 475 4045 ἦν
500 3978 529 4028 ὁ
577 3975 966 4045 ἐξαιρούμενος
1017 3975 1106 4027 τὸν
1136 3975 1284 4045 κριὸν
1324 3978 1387 4027 ἐκ
1412 3976 1509 4044 τῆς
1530 3966 1711 4047 ,χειρὸς

194 4060 365 4115 αὑτοῦ.

256 4150 305 4203 8.
336 4153 443 4206 Kal
466 4154 494 4206 ὁ
523 4156 724 4225 τράγος
756 4153 866 4205 τῶν
899 4152 1066 4221 αἰγῶν
1113 4153 1444 4225 ἐμεγαλύνθη
1472 4154 1670 4224 σφόδρα
1693 4174 1706 4187 ο

195 4240 276 4290 καὶ
312 4243 367 4293 ὲν
394 4243 469 4312 τῷ
492 4244 703 4312 ἰσχύσαι
726 4243 910 4305 αὑτὸν,
939 4243 1222 4312 συνετρίϐη
1262 4244 1321 4295 τὸ
1358 4245 1519 4315 κέρας
1550 4246 1710 4297 αὑτοῦ

194 4328 246 4376 τὸ
264 4330 419 4398 μέγα,
464 4335 554 4386 καὶ
584 4333 755 4403 ἀνέϐη
783 4333 1022 4401 τέσσαρα
1066 4334 1267 4400 κέρατα
1294 4334 1452 4403 ἔτερα
1480 4335 1710 4386 ὑποκάτ-
1740 4359 1781 4412 D

192 4416 319 4469 ωθεν
369 4422 527 4475 αὐτοῦ
581 4425 662 4485 εἰς
715 4423 840 4484 τοὺς
895 4421 1162 4491 τέσσαρας
1202 4422 1430 4491 ἀνέμους
1478 4423 1569 4474 τοῦ
1620 4424 1707 4474 οὺ-

195 4507 362 4569 ρανοῦ.

252 4601 301 4648 9.
330 4601 439 4652 Kal
462 4603 524 4655 ἐκ
550 4601 644 4654 τοῦ
684 4602 804 4663 ἑνὸς
846 4600 1023 4653 αὐτῶν
1055 4600 1237 4670 ἐξῆλθε
1276 4602 1440 4672 κέρας
1464 4602 1521 4653 ἓν
1569 4604 1712 4670 ἰσχυ-

192 4658 293 4747 ρὸν,
320 4690 413 4740 καὶ
437 4658 1232 4759 ἑμεγαλύνθη-περισσῶςπρὺς
1283 4658 1370 4742 τὸν
1414 4658 1578 4755 νότον,
1619 4658 1711 4742 καὶ

193 4773 314 4838 πρὸς
333 4777 605 4849 ἀνατολὴν,
642 4780 738 4831 καὶ
771 4778 907 4843 πρὸς
924 4777 1019 4845 τὴν
1053 4776 1293 4846 δύναμιν.

256 4863 339 4916 10.
375 4868 478 4920 Kal
505 4868 851 4938 ἐμεγαλύνθη
874 4866 979 4925 ἕως
1010 4866 1107 4932 τῆς
1132 4866 1404 4935 δυνάμεως
1434 4870 1524 4920 τοῦ
1558 4871 1709 4941 οὐραο

190 4950 299 5001 νοῦ’
325 4959 415 5009 καὶ
431 4959 622 5012 ἔπεσεν
655 4960 751 5010 ἐπὶ
781 4958 883 5025 τὴν
907 4957 1010 5025 γῆν
1037 4956 1140 5007 ἀπὸ
1165 4958 1258 5026 τῆς
1298 4960 1590 5028 δυνάμεως,
1621 4965 1712 5016 καὶ

193 5037 287 5090 ἀπὸ
304 5046 409 5098 τῶν
439 5048 701 5117 ἀστέρων,
734 5048 831 5098 καὶ
860 5045 1227 5112 συνεπάτησεν
1258 5049 1470 5111 αὐτούς.

256 5129 335 5184 11.
366 5136 469 5189 Kal
499 5138 605 5198 ἕως
635 5136 902 5204 ἄρχοντος
921 5131 1019 5198 τῆς
1040 5132 1312 5202 δυνάμεως
1339 5137 1590 5209 ἡδρύνθη,
1620 5141 1712 5192 καὶ

192 5214 283 5279 ἓως
305 5218 362 5275 οὗ
385 5228 409 5277 ὁ
436 5226 881 5295 ἀρχιστράτηγος
915 5220 1135 5287 ρύσηται
1186 5225 1285 5294 τὴν
1324 5228 1708 5295 αἰχμαλωσίαν,

189 5308 270 5359 καὶ
314 5310 379 5363 δι’
428 5315 590 5367 αὑτὸν
648 5310 812 5363 θυσία
845 5308 1110 5377 ἐταράχθη
1157 5314 1594 5382 παραπτώματι·
1622 5320 1714 5370 καὶ

193 5393 414 5470 ἔγενήθη,
449 5404 541 5456 καὶ
571 5394 944 5462 κατευωδώθη
983 5397 1153 5465 αὐτῷ·
1205 5405 1302 5454 καὶ
1321 5404 1379 5456 τὸ
1402 5405 1550 5471 ἅγιον
1588 5408 1714 5476 ἐρη-

196 5484 486 5555 μωθήσεται.
1410 5506 1415 5511 ‘

258 5574 330 5626 12.
357 5579 454 5631 Kal
480 5576 634 5641 ἐδόθη
665 5570 761 5622 ἐπὶ
794 5568 899 5633 τὴν
925 5566 1097 5624 θυσίαν
1133 5578 1405 5651 ἁμαρτία,
1438 5585 1527 5635 καὶ
1561 5587 1709 5654 ἐρρί-

430 5688 698 5749 Ρλῐιιοιι.
742 5675 867 5731 Gn.
910 5678 1058 5737 XVI.

1868 1926 1920 1978 ‘5.
1960 1924 2023 1979 Et
2052 1925 2218 1981 levavi
2245 1928 2431 1981 oculos
2458 1941 2626 1993 meos,
2661 1937 2714 1982 et
2739 1928 2843 1982 vidi
2871 1945 2884 1979 :
2929 1937 2980 1983 et
3026 1943 3152 1984 ecce
3182 1930 3321 1982 aries

1802 2026 1941 2067 unus
1971 2022 2120 2068 stans
2145 2023 2267 2069 ante
2300 2009 2544 2079 Ubalula',
2588 2025 2642 2069 et
2690 2016 2740 2069 ei
2777 2031 2999 2080 cornua,
3034 2023 3087 2069 et
3117 2030 3325 2069 cornua-

1802 2102 2043 2168 excelsa;
2099 2113 2153 2157 et
2208 2119 2372 2156 unum
2420 2105 2681 2159 excelsius
2720 2105 2907 2167 altero,
2943 2114 2997 2158 et
3053 2105 3320 2159 excelsum

1801 2192 2118 2246 ascendebat
2150 2193 2201 2245 in
2228 2193 2537 2248 novissimo.
2853 2192 2867 2203 ”

1870 2367 1922 2418 4.
1961 2364 2025 2417 Ει
2050 2364 2158 2417 vidi
2185 2365 2403 2418 arietem
2451 2365 2703 2417 cornibus
2752 2363 3095 2417 ventilantem
3137 2372 3321 2417 contra

1805 2470 1968 2517 mare,
2000 2466 2052 2510 et
2073 2456 2373 2524 aquilonem
2420 2468 2472 2508 et
2525 2465 2787 2519 austrum,
2832 2465 2885 2510 et
2917 2471 3104 2511 omnes
3139 2458 3322 2511 bestiae

1804 2559 1910 2598 non
1943 2545 2357 2599 stabantcorarn
2391 2560 2455 2598 eo
2481 2565 2492 2598 :
2522 2556 2574 2600 et
2602 2561 2706 2599 non
2736 2555 2852 2600 erat
2896 2548 2984 2616 qui
3020 2557 3232 2602 erueret
3257 2548 3321 2601 de

1802 2649 1964 2687 manu
1997 2634 2133 2702 ejus,
2166 2634 2393 2704 fecitque
2413 2637 2702 2690 secundum
2730 2637 3046 2691 voluntatem
3081 2646 3323 2703 suam,et

1804 2724 2171 2791 magnificatus
2198 2732 2301 2778 est.

1870 2810 1922 2861 5.
1964 2809 2028 2864 Et
2063 2826 2159 2880 ego
2194 2826 2339 2865 eram
2370 2812 2667 2882 intelligens
2698 2830 2722 2867 .:
2774 2823 2827 2868 et
2855 2806 2980 2869 ecce
3025 2816 3207 2871 hircus
3233 2831 3323 2870 ca-

1802 2914 2020 2968 prarum
2044 2902 2288 2956 veniebat
2318 2904 2387 2956 ab
2410 2903 2593 2958 Africo
2615 2920 2771 2973 super
2802 2905 2987 2959 faciem
3028 2917 3181 2961 terrae
3201 2909 3322 3009 uni:

2980 3004 3031 3048 et
3068 2996 3215 3049 hirco
3246 2996 3323 3049 illi

1874 3167 1925 3221 6.
1962 3168 2026 3222 Et
2056 3170 2197 3225 venit
2228 3173 2408 3226 hircus
2434 3189 2601 3242 usque
2626 3176 2687 3227 ad
2715 3176 2954 3239 arietem,
2981 3176 3072 3244 qui
3101 3175 3326 3230 habebat

1806 3271 2024 3323 cornua,
2058 3275 2215 3327 quem
2249 3262 2480 3316 videram
2536 3272 2763 3318 stantem
2818 3274 2938 3318 ante
2999 3264 3326 3329 Ubalula,et

1805 3348 2041 3400 cucurrit
2068 3350 2132 3402 ad
2157 3364 2277 3403 eum
2305 3352 2356 3403 lu
2383 3351 2580 3419 impetu
2613 3353 2937 3409 fortitudinis
2961 3370 3087 3410 suae.

1877 3521 1927 3573 7.
1967 3521 2032 3572 Et
2057 3522 2159 3575 vidi
2190 3536 2309 3576 enim
2342 3525 2637 3578 venientem
2689 3544 2856 3595 usque
2898 3531 2963 3582 ad
3006 3533 3243 3599 arietem,
3273 3545 3326 3589 et

1808 3610 2055 3665 eﬂ‘eratus
2084 3622 2165 3667 est
2227 3615 2279 3667 in
2313 3630 2454 3679 eum,
2478 3626 2529 3669 et
2555 3620 2814 3684 percussit
2842 3620 3079 3685 arietem,
3112 3633 3164 3676 et
3191 3638 3324 3677 con--

1810 3700 1952 3752 trivit
1983 3701 2088 3753 duo
2113 3716 2311 3755 cornua
2339 3704 2475 3772 ejus,
2503 3712 2554 3756 et
2592 3719 2696 3757 non
2730 3717 2845 3759 erat
2891 3707 3144 3763 fortitudo
3170 3712 3326 3765 arieti

1809 3789 1981 3841 standi
2038 3804 2217 3844 coram
2267 3807 2370 3847 eo:
2429 3803 2482 3848 et
2522 3797 2747 3865 projecit
2779 3813 2900 3851 eum
2931 3800 2984 3851 in
3036 3810 3327 3863 terram,et

1808 3880 2138 3935 conculcavit
2168 3896 2312 3948 eum,
2339 3893 2391 3938 et
2420 3902 2524 3940 non
2553 3897 2670 3942 erat
2709 3889 2800 3957 qui
2833 3889 3083 3945 liberaret
3106 3893 3326 3947 arietem

1807 3968 1872 4021 de
1901 3983 2059 4022 manu
2088 3971 2223 4039 ejus.

1876 4144 1926 4196 8.
1971 4144 2033 4197 Et
2062 4144 2245 4200 hircus
2273 4161 2552 4216 caprarum
2596 4138 2971 4220 magnificatus
3018 4164 3099 4209 est
3132 4156 3322 4211 valde;

1807 4243 1879 4293 et.
1915 4237 2040 4286 dum
2057 4234 2419 4300 invaleseeret,
2437 4240 2725 4293 contritum
2750 4249 2831 4296 est
2860 4257 3027 4296 cornu
3050 4244 3191 4299 illius
3216 4260 3329 4301 ma-

1810 4337 1990 4389 gnum,
2029 4333 2082 4377 et
2107 4326 2463 4381 ascenderunt
2501 4337 2729 4397 quatuor
2762 4346 2964 4387 cornua
3015 4335 3118 4388 alia
3148 4337 3331 4390 subter

1810 4413 1936 4465 illud
1967 4428 2062 4481 per
2092 4426 2324 4483 quatuor
2349 4428 2532 4473 ventos
2558 4422 2699 4475 creti.

1876 4580 1927 4631 9.
1964 4579 2031 4633 Et
2051 4583 2113 4635 de
2143 4598 2248 4636 uno
2292 4599 2359 4637 ex
2404 4587 2481 4640 eis
2523 4603 2794 4658 egressum
2850 4604 2931 4646 est
2971 4609 3136 4650 cornu
3164 4614 3327 4652 unum

1809 4665 1962 4730 forte,
1991 4678 2045 4722 et
2074 4672 2465 4739 magniﬁcatum
2500 4688 2582 4731 est
2609 4678 2767 4733 nimis
2805 4691 2992 4734 contra
3050 4693 3291 4737 austrum
3311 4725 3327 4747 .

1808 4768 1858 4812 et
1883 4768 2064 4813 contra
2094 4762 2348 4816 orientem
2374 4802 2389 4829 ,
2412 4773 2463 4818 et
2493 4776 2677 4821 contra
2703 4767 3088 4825 fortitudinem.

1880 4872 1964 4925 10.
2005 4872 2069 4925 Ει
2092 4876 2484 4943 magnificatum
2514 4888 2595 4932 est
2616 4894 2781 4947 usque
2811 4882 2876 4934 ad
2900 4881 3147 4934 virtutem
3166 4884 3284 4936 caeli
3310 4902 3324 4949 ;

1808 4969 1859 5012 et
1884 4961 2071 5030 dejecit
2098 4964 2151 5016 in
2187 4975 2379 5019 terram
2401 4969 2467 5024 de
2498 4968 2823 5036 fortitudine,
2850 4983 2903 5023 et
2938 4969 3007 5023 de
3052 4972 3242 5034 stellis,
3277 4985 3329 5027 et
3357 4986 3377 5015 ο

1810 5050 2140 5103 conculcavit
2166 5067 2276 5104 eas.

1880 5139 1964 5191 11.
2004 5138 2066 5193 Ει
2092 5157 2257 5210 usque
2285 5140 2350 5194 ad
2384 5144 2673 5214 principem
2689 5146 2901 5199 virtutis
2916 5145 3119 5212 grande
3143 5149 3335 5213 evasit,

1810 5237 1863 5282 et
1893 5233 2240 5300 quoadusque
2285 5233 2389 5286 dux
2444 5236 2648 5289 militiae
2688 5234 2997 5289 liberaverit
3057 5239 3339 5303 captivita-

1806 5328 1939 5384 tem,
1965 5329 2017 5373 et
2050 5333 2260 5391 propter
2307 5338 2426 5385 eum
2475 5325 2792 5378 sacriticium
2832 5325 3107 5377 turbatum
3145 5336 3225 5380 est
3256 5330 3344 5381 de—

1811 5406 1963 5460 licto:
1990 5418 2043 5462 et
2073 5410 2271 5463 factum
2309 5419 2410 5473 est,
2449 5421 2501 5465 et
2520 5426 2772 5480 prospere
2803 5414 2967 5467 cessit
3001 5414 3085 5475 ei;
3127 5424 3184 5466 et
3225 5429 3349 5469 san-

1813 5498 2071 5551 ctuarium
2101 5500 2427 5551 desolabitur

1884 5585 1967 5641 12.
2010 5585 2071 5639 Ει
2097 5588 2274 5641 datum
2304 5598 2385 5641 est
2417 5603 2577 5658 super
2617 5595 3270 5658 sacriﬁciumpet-catum,
3306 5602 3355 5645 ct

3000 5704 3074 5759 91
