3874 6402
721 330 858 384 ‘2879

1755 319 1996 373 DANIEL
2036 314 2259 371 JUXTA
2308 316 2832 373 THEODOTIONEM

724 443 958 511 projecla
987 454 1068 499 est
1122 443 1262 497 humi
1310 438 1536 509 justitia,
1594 444 1645 489 et
1703 433 1847 492 fecit,
1903 443 1956 485 et
1991 443 2245 500 prospere

1954 473 1956 480 ,
1991 443 2245 500 prospere
2275 438 2318 489 Α
2347 446 2417 499 φη
2449 433 2616 501 χαμαὶ
2645 434 2676 501 ἡ
2717 429 3042 499 δικαιοσύνη,
3067 432 3134 482 καὶ
3158 427 3412 500 inclusam
3429 431 3484 482 ιὺι

721 535 901 588 cessit.

790 624 873 676 l3.
916 622 978 674 Et
1006 618 1180 674 audivi
1208 633 1367 670 unum
1418 626 1660 670 sanctum
1686 617 2021 682 loquentem:
2047 612 2245 665 etdixit

721 725 856 763 unus
888 719 1102 762 sanctus
1133 707 1430 759 'Phelmuni
1464 705 1701 774 loquenti
1738 725 1748 758 :
1785 701 2072 770 Usquequo
2107 701 2243 753 visio

721 796 898 856 stabit,
931 805 982 846 et
1007 793 1326 848 sacrificium
1347 793 1602 858 ablatum,
1649 802 1703 847 et
1734 800 2005 860 peccatum
2037 790 2244 844 desola—

720 885 895 946 tionis,
935 884 1071 951 quod
1102 883 1286 936 datum
1339 893 1440 948 est,
1471 894 1521 938 et
1573 883 1958 944 sanctuarium,
1996 888 2048 933 et
2092 878 2242 933 forti-

718 975 840 1025 tudo
863 974 1298 1026 conculcabitur?

787 1062 870 1114 14.
913 1063 976 1116 Ει
1009 1063 1139 1116 dixit
1167 1063 1260 1116 eii
1304 1063 1485 1131 Usque
1525 1063 1590 1117 ad
1644 1077 1942 1133 vesperam,
1989 1069 2043 1114 et
2087 1073 2245 1114 mane

714 1154 824 1206 dies
849 1153 954 1205 duo
985 1154 1144 1217 mille,
1174 1161 1226 1205 et
1260 1155 1477 1208 trecenti
1501 1171 1514 1208 :
1542 1162 1595 1207 et
1620 1154 1962 1208 mundabitur
1987 1166 2240 1208 sanctua-

715 1243 874 1296 rium.

787 1331 864 1384 15.
908 1329 971 1384 Ει
999 1328 1194 1382 factum
1219 1339 1323 1396 est,
1349 1346 1471 1384 cum
1518 1331 1751 1385 viderem
1809 1347 1906 1401 ego
1949 1332 2134 1387 Daniel
2161 1333 2241 1386 vi-

714 1421 932 1483 sionem,
961 1420 1258 1488 quaarebam
1290 1420 1716 1489 intelligentiam:
1769 1431 1821 1475 et
1862 1436 1984 1477 ecce
2017 1423 2162 1478 stetit
2186 1423 2241 1476 in

714 1519 998 1578 conspectu
1035 1525 1153 1562 meo
1184 1510 1336 1578 quasi
1366 1512 1569 1578 species
1607 1513 1724 1564 viri.

784 1601 865 1654 16.
908 1600 971 1652 Ει
997 1600 1173 1653 audivi
1203 1615 1389 1653 vocem
1431 1601 1528 1652 viri
1561 1600 1698 1654 inter
1727 1599 1972 1666 Ubalula,
2003 1609 2056 1656 et
2082 1614 2240 1655 voca-

711 1692 804 1752 vit.
832 1699 883 1743 et
914 1689 1084 1743 dixit:
1118 1688 1352 1753 Gabriel,
1399 1688 1481 1743 fac
1510 1690 1671 1743 istum
1725 1691 2018 1761 intelligere
2075 1691 2237 1745 visio-

709 1796 852 1832 llelll.

777 1869 861 1920 17.
905 1867 967 1921 Et
987 1867 1152 1932 venit,
1187 1874 1238 1920 et
1263 1866 1407 1920 stetit
1435 1882 1599 1936 prope
1647 1870 1929 1922 stationem
1964 1877 2236 1922 meam:et

706 1974 824 2013 cum
880 1959 1109 2012 venisset
1161 1958 1273 2024 ipse
1322 1957 1540 2024 expavi,
1595 1968 1646 2011 et
1704 1973 1896 2012 corruo
1948 1958 2001 2010 in
2042 1957 2231 2011 faciem

707 2065 912 2102 meam:
937 2049 1136 2102 etdixit
1159 2050 1222 2100 ad
1242 2063 1324 2101 me
1357 2066 1369 2100 :
1402 2047 1657 2118 lntellige,
1685 2049 1758 2102 fili
1781 2049 2033 2115 hominis,
2062 2048 2235 2102 adhuc

705 2140 844 2189 enim
878 2138 930 2190 in
963 2139 1217 2204 temporis
1247 2138 1402 2190 finem
1428 2137 1586 2191 visio.

775 2228 859 2280 18,
902 2227 1138 2295 Cumque
1169 2227 1475 2295 loqueretur
1505 2227 1619 2295 ipse
1660 2241 1887 2292 mecum,
1918 2227 2050 2280 cado
2079 2226 2131 2278 in
2157 2224 2234 2278 fa-

703 2318 836 2371 ciem
863 2333 1033 2371 meam
1068 2332 1228 2385 super
1256 2328 1450 2372 terram
1484 2334 1497 2372 :
1535 2325 1587 2371 et
1633 2317 1802 2386 tetigit
1834 2333 1938 2381 me,
1969 2327 2021 2371 et
2049 2317 2235 2372 statuit

703 2425 785 2460 me
815 2424 975 2475 super
1012 2409 1171 2476 pedes
1208 2424 1375 2474 meos,
1413 2417 1465 2462 et
1495 2408 1628 2461 dixit
1656 2423 1669 2460 :

776 2498 856 2550 19.
898 2498 1035 2552 Ecce
1076 2513 1174 2567 ego
1221 2498 1446 2552 ostendo
1500 2499 1595 2552 tibi
1647 2513 1764 2566 quae
1812 2497 1991 2551 futura
2022 2505 2147 2551 sunt
2175 2496 2231 2549 in

703 2588 1011 2640 novissimis
1043 2588 1174 2641 irae:
1207 2588 1381 2640 adhuc
1411 2586 1554 2640 enim
1592 2588 1643 2639 in
1685 2588 1937 2654 temporis
1981 2588 2160 2639 finem.

772 2675 859 2726 ‘20.
882 2675 1052 2738 Aries,
1083 2690 1238 2740 quem
1265 2675 1464 2736 vidisti,
1492 2675 1584 2743 qui
1610 2675 1837 2728 habebat
1878 2688 2098 2738 cornua,
2140 2688 2232 2727 rex

704 2761 975 2815 Medorum
1014 2770 1114 2825 est,
1136 2771 1188 2814 et
1218 2749 1522 2815 Persarum.

770 2853 856 2904 2|.
898 2854 962 2905 Et
989 2852 1168 2905 hircus
1197 2867 1475 2921 caprarum
1504 2867 1595 2904 rex
1622 2852 1948 2918 Graecorum,
1975 2862 2026 2907 et
2063 2869 2230 2909 cornu

701 2940 922 3010 grande,
947 2941 1089 3009 quod
1118 2952 1233 2994 erat
1277 2941 1414 2994 inter
1446 2942 1631 2995 oculos
1670 2941 1808 3011 ejus,
1865 2942 1982 3011 ipse
2013 2955 2093 2998 est
2135 2961 2226 2999 rex

700 3032 923 3099 primus.

767 3122 853 3174 22.
895 3119 1046 3185 Quod
1087 3128 1261 3174 autem
1289 3120 1579 3174 contritum
1606 3130 1707 3186 est,
1747 3133 1799 3175 et
1828 3132 2227 3194 steteruntqua-

699 3220 820 3264 tuor
841 3225 1040 3265 cornua
1063 3213 1245 3264 subter
1268 3211 1415 3275 illud,
1465 3218 1695 3278 quatuor
1723 3229 1872 3283 reges
1907 3225 2226 3285 consurgent

697 3303 762 3355 de
790 3314 943 3370 gente
968 3300 1101 3366 ejus,
1133 3309 1183 3353 et
1209 3315 1311 3352 non
1343 3300 1394 3351 in
1425 3299 1735 3355 fortitudine
1764 3318 1881 3356 sua.

764 3390 852 3440 2'5.
891 3389 955 3440 Et
985 3389 1035 3440 in
1066 3388 1359 3441 novissimo
1392 3387 1534 3454 regni
1565 3403 1772 3453 eorum,
1801 3393 2077 3460 completis
2097 3409 2223 3462 pec-

694 3479 825 3533 catis
841 3493 1044 3541 eorum,
1081 3492 1203 3531 cum
1238 3477 1513 3544 obsignata
1549 3477 1747 3533 fuerint
1796 3481 1986 3536 delicta
2014 3499 2221 3550 eorum,

694 3578 979 3637 consurget
1008 3583 1099 3621 rex
1128 3569 1403 3636 impudens
1433 3568 1598 3633 facie,
1653 3579 1706 3624 et
1749 3571 2049 3642 intelligens
2099 3589 2224 3644 pro-

689 3659 1002 3727 positiones.

758 3753 846 3808 24.
887 3751 951 3805 Et
982 3752 1200 3806 robusta
1229 3751 1487 3806 fortitudo
1519 3755 1655 3822 ejus,
1683 3756 1774 3809 sed
1812 3772 1918 3811 non
1949 3758 2001 3812 iu
2032 3759 2223 3816 robore

691 3856 826 3895 suo:
878 3851 932 3894 et
981 3841 1298 3894 mirabiliter
1343 3843 1588 3906 vastabit,
1635 3856 1687 3898 et
1717 3849 2136 3915 prosperabitur,
2168 3861 2222 3904 et

689 3929 871 3992 faciet,
907 3938 961 3983 et
1006 3930 1382 3982 exterminabit
1446 3930 1631 3997 fortes,
1689 3944 1744 3988 et
1802 3938 2051 4006 populum
2090 3955 2220 3994 san-

689 4031 855 4073 ctum.

756 4105 844 4158 25.
887 4103 1161 4172 Etjugum
1193 4104 1388 4158 vinculi
1437 4106 1554 4166 eius
1598 4108 1856 4177 dirigetur
1907 4131 1921 4166 :
1980 4114 2136 4171 dolus
2165 4119 2220 4172 in

689 4207 851 4244 manu
881 4193 1027 4258 ejus,
1081 4201 1134 4245 et
1191 4194 1245 4245 in
1285 4193 1444 4246 corde
1503 4195 1617 4262 ejus
1667 4202 2133 4268 magnificabitur:
2166 4217 2219 4262 et

687 4282 812 4334 dolo
834 4289 1143 4348 corrumpet
1171 4281 1389 4345 multos,
1420 4291 1473 4335 et
1505 4282 1556 4336 in
1588 4286 1886 4352 perditione
1925 4294 2214 4352 multorum

2411 604 2495 656 15.
2529 604 2634 657 Kal
2666 606 2865 673 ἥκουσα
2890 602 3008 664 ἐνὸς
3040 600 3153 667 ἁγίου
3186 599 3412 661 λαλοῦντοςο
3434 617 3481 652 κα

2343 689 2420 755 εἷς
2450 694 2598 760 ἅγιος
2621 693 2697 762 τῷ
2719 693 2977 763 Φελμουνὶ
3020 690 3079 759 τῷ
3122 688 3329 741 λαλοῦντιο
3367 690 3468 752 Ἕως

2341 782 2522 850 ὅρασις
2570 782 2834 849 στήσεται,
2896 779 2989 832 καὶ
3039 780 3064 848 ἡ
3104 777 3223 829 θυσία
3263 778 3289 845 ἡ
3330 777 3479 846 ἀρθεῖσα

2340 870 2577 940 ἁμαρτία
2623 871 2719 938 τῆς
2775 868 3130 938 ἐρημώσεωςή
3170 867 3346 932 δοθεῖσα,
3368 869 3436 920 καὶ
3458 869 3485 920 τὲ

2340 957 2431 1008 καὶ
2467 960 2498 1026 ἡ
2532 958 2754 1026 δύναμις
2802 957 3242 1026 συμπατηθήσεται;

2410 1048 2493 1100 14.
2523 1049 2630 1099 Kal
2669 1044 2815 1100 εἶπεν
2866 1046 3032 1116 αὐτῷ’
3079 1047 3196 1108 Ἕως
3231 1045 3427 1115 ἑσπέρας,
3465 1064 3485 1098 κ

2341 1137 2535 1206 ἡμέραι
2564 1138 2829 1206 δισχίλιαι,
2867 1137 2960 1189 καὶ
2995 1136 3260 1206 τριακόσιαι,
3285 1136 3358 1187 καὶ
3382 1135 3480 1187 καθα

2337 1243 2425 1278 ται
2449 1226 2507 1277 τὸ
2532 1227 2700 1293 ἆγιον.

2410 1316 2494 1368 15.
2528 1318 2633 1367 Kal
2652 1317 2866 1383 ἐγένετο
2894 1317 2950 1369 ἐν
2969 1315 3032 1385 τῷ
3076 1316 3180 1368 [δεῖν
3208 1333 3278 1385 με,
3322 1316 3406 1385 ἐγὼ
3439 1320 3481 1368 Ac

2334 1408 2541 1473 ὅρασιν,
2570 1407 2792 1476 ἐζήτουν
2832 1406 3142 1473 σύνεσιν,καὶ
3167 1407 3258 1460 1δοὶ.»
3286 1408 3394 1477 ἔστη
3414 1409 3487 1460 lvd

2335 1497 2410 1560 ὡς
2436 1497 2621 1565 ὅρασις
2648 1496 2857 1566 ἀνδρός.

2407 1585 2493 1638 16.
2520 1587 2629 1638 Kal
2655 1586 2858 1653 ἥκουσα
2892 1586 3057 1655 φωνὴν
3079 1585 3239 1656 ἀνδρὸς
3259 1587 3474 1656 ἁνὰμεσον

2337 1672 2514 1736 λοῦλα,
2545 1675 2636 1725 καὶ
2696 1674 2940 1738 ἐκάλεσε,
2970 1677 3051 1727 καὶ
3088 1670 3191 1726 εἷπε
3213 1691 3224 1705 ·
3269 1676 3304 1727 Γ
3305 1676 3477 1745 α6ριὴλ,

2266 1748 2308 1803 Β
2337 1765 2538 1815 ἐκεῖνον
2572 1763 2669 1832 τὴν
2695 1765 2901 1833 ὅρασιν.

2403 1849 2487 1900 17.
2520 1851 2628 1902 Kal
2655 1846 2803 1919 ἦλθε,
2836 1851 2927 1902 xal
2948 1851 3064 1920 ἔστη
3088 1851 3293 1923 ἐχόμενα
3313 1856 3395 1924 τῆς
3419 1871 3481 1905 στι

2333 1937 2426 1989 καὶ
2458 1938 2515 1991 ὲν
2536 1937 2610 2007 τῷ
2642 1939 2813 1991 ἐλθεῖν
2843 1940 2996 1992 αὐτὸν
3043 1941 3344 2012 ἐῢαμῦἡθην,
3372 1944 3454 1994 καὶ

2332 2029 2616 2097 πρόσωπόν
2647 2047 2746 2099 μου
2767 2047 2780 2061 ·
2806 2032 2901 2083 καὶ
2929 2027 3067 2084 εἶπεν
3096 2035 3217 2104 πρὸς
3253 2035 3313 2104 μέ
3334 2050 3345 2064 ’
3390 2034 3481 2086 Σύνη

2333 2116 2570 2186 Θρὼπου,
2609 2118 2687 2170 ἔτι
2719 2119 2820 2192 γὰρ
2844 2121 2920 2182 εἰς
2948 2121 3127 2191 καιροῦ
3152 2123 3308 2193 πέρας
3324 2124 3359 2194 ἡ
3381 2125 3481 2194 δρας

2403 2210 2486 2263 18.
2519 2211 2626 2262 Kal
2651 2211 2707 2262 ἐν
2731 2211 2808 2280 τῷ
2839 2211 3012 2265 λαλεῖν
3039 2214 3189 2266 αὑτὸν
3221 2215 3327 2284 μετ’
3350 2216 3482 2283 ἐμοῦ,

2332 2300 2618 2369 πρόσωπόν
2643 2317 2744 2369 μου
2779 2303 2875 2354 ἐπὶ
2928 2302 3021 2373 τὴν
3078 2304 3200 2374 γῆν,
3231 2306 3321 2358 xal
3363 2306 3483 2376 ἥψω.

2331 2386 2521 2454 ἐστησέ
2550 2403 2616 2455 με
2637 2390 2728 2439 ἐπὶ
2751 2391 2879 2451 τοὺς
2902 2392 3061 2455 πόδας
3093 2410 3209 2462 μου,
3234 2396 3321 2448 καὶ
3344 2392 3485 2448 εἶπεν

2401 2475 2485 2529 19.
2531 2477 2657 2529 Ἰδοὺ
2686 2477 2795 2544 ἐγὼ
2819 2481 3066 2550 γνωρίζω
3090 2499 3170 2535 σοι
3217 2485 3282 2536 τὰ.
3318 2486 3483 2554 scopa

2331 2581 2435 2616 των
2463 2565 2560 2634 τῆς
2595 2567 2762 2637 ὀργῆς
2787 2586 2799 2598 ·
2827 2569 2910 2621 ἔτι
2935 2571 3042 2642 γὰρ
3063 2575 3140 2634 εἰς
3161 2574 3344 2644 καιροῦ
3382 2577 3487 2646 πέρι

2399 2653 2489 2707 20.
2516 2656 2572 2706 Ὀ
2604 2657 2752 2724 κριὸς
2777 2658 2834 2709 ὃν
2869 2655 3028 2725 εἶδες,
3060 2664 3087 2714 ὁ
3119 2662 3252 2732 ἔχων
3281 2665 3350 2718 τὰ
3365 2667 3485 2737 κέρα

2329 2743 2543 2811 Μήδων,
2570 2746 2663 2796 καὶ
2697 2747 2951 2814 Περσῶν.

2398 2832 2485 2885 2l.
2517 2835 2623 2886 Kal
2649 2835 2676 2885 ὁ
2702 2837 2908 2905 τράγος
2950 2840 3059 2892 τῶν
3092 2843 3283 2911 αἰγῶν,
3314 2844 3487 2915 βασιλε

2329 2921 2422 2972 καὶ
2444 2921 2502 2973 τὸ
2544 2923 2710 2992 κέρας
2734 2925 2795 2977 τὸ
2816 2928 2992 2996 μέγα,
3034 2932 3062 2982 ὃ
3091 2928 3162 3002 ἦν
3187 2935 3453 3005 ἀνάμεσον
3479 2955 3493 2986 1

2254 3051 2302 3112 C
2331 3009 2512 3076 αὑτοῦ,
2541 3013 2699 3076 αὑτός
2726 3016 2882 3070 ἐστιν
2917 3021 2946 3070 ὁ
2983 3019 3245 3088 βασιλεὺς
3267 3027 3295 3076 ὁ
3323 3026 3487 3095 πρῶτι

2398 3101 2485 3154 22.
2517 3104 2626 3154 Kal
2656 3107 2735 3157 ὃτι
2779 3112 3109 3183 συνετρίϐη,
3135 3117 3235 3167 καὶ
3284 3117 3412 3186 ἔστη
3445 3117 3495 3168 τὲ

2327 3191 2669 3246 ὑποκάτωθεν
2687 3196 2886 3263 αὑτοῦ,
2938 3203 3222 3275 τέσσαρες
3255 3205 3492 3277 βασιλεῖς

2323 3281 2428 3332 ἀπὸ
2457 3283 2546 3334 τοῦ
2577 3284 2761 3350 ἔθνους
2792 3292 2997 3358 αὑτοῦ,
3033 3299 3136 3350 καὶ
3166 3299 3272 3352 οὐκ
3299 3302 3360 3353 ἐν
3399 3304 3466 3370 τῇ

2391 3372 2478 3423 23.
2505 3373 2611 3425 Kal
2636 3377 2720 3427 ἐπ’
2755 3379 2991 3453 ἐσχάτῳ
3023 3387 3128 3456 τῆς
3158 3388 3449 3457 βασιλείας
3478 3408 3495 3442 ι

2327 3459 2499 3528 μένων
2527 3463 2974 3537 τῶν.ἁμαρτιῶν
3004 3477 3226 3542 αὐτῶν,
3258 3479 3339 3544 ὡς
3381 3482 3451 3534 ἂν
3471 3500 3500 3533 σ

2324 3826 2465 3896 ἰσχύϊ
2520 3828 2716 3880 αὑτοῦ·
2781 3837 2896 3888 καὶ
2979 3839 3319 3912 Θαυμαστὰ
3387 3848 3519 3917 διας

2319 3917 2577 4010 τευθυνεῖ,
2621 3920 2716 3974 καὶ
2747 3928 3045 3998 ποιήσει,
3080 3935 3192 3986 καὶ
3222 3935 3513 4010 διαφθερε

2318 4005 2443 4059 λαὸν
2475 4008 2646 4074 ἆγιον.

2388 4096 2608 4151 25.Kal
2643 4102 2671 4152 ὁ
2708 4100 2907 4175 ζυγὸς
2961 4113 3074 4165 τοῦ
3155 4117 3370 4172 κλοιοῦ
3424 4123 3519 4174 αὐτ

2316 4185 2539 4282 δόλος-ὲν
2573 4190 2638 4257 τῇ
2663 4196 2833 4263 χειρὶ
2878 4193 3114 4267 αὐτοῦ,
3163 4208 3280 4259 καὶ
3310 4211 3381 4261 ἐν
3409 4227 3529 4282 καρ

2317 4277 2658 4371 λυνθλήσεται,
2721 4287 2839 4338 καὶ
2905 4290 3080 4362 δόλῳ
3142 4296 3486 4371 διαφθερεῖ

687 4371 922 4436 stabit):
943 4378 995 4423 et
1016 4381 1197 4424 contra
1215 4372 1504 4440 principem
1522 4376 1586 4440 Β(
1599 4377 1894 4446 principum
1909 4397 2208 4456 consurget,

1982 4397 2208 4456 "surge"
2245 4360 2288 4413 D
2317 4367 2556 4459 ἀπωλείᾳ
2600 4371 2841 4429 πολλῶν
2903 4360 3230 4455 στήσεται
3388 4360 3512 4446 ,καὶ

684 4471 737 4514 et
764 4461 916 4531 quasi
943 4475 1041 4515 ova
1068 4463 1120 4514 in
1152 4477 1314 4516 mauu
1347 4471 1585 4519 conteret
1609 4479 1718 4521 eos.

748 4634 839 4688 26.
881 4634 944 4688 Et
967 4634 1102 4689 visio
1146 4650 1383 4705 vespere,
1446 4646 1499 4692 et
1546 4654 1725 4707 mane,
1777 4659 1894 4711 qurc
1942 4648 2081 4702 dicta
2109 4658 2210 4716 est,

682 4739 807 4779 vera
834 4734 916 4780 est
939 4743 952 4779 :
973 4731 1029 4779 et
1042 4735 1105 4778 tu
1127 4726 1278 4791 signa
1308 4727 1590 4793 visionem,
1617 4731 1741 4798 quia
1785 4733 1838 4786 in
1865 4735 1981 4788 dies
2020 4739 2212 4794 multos

681 4817 802 4870 erit.

719 4906 836 4959 27.
877 4904 942 4958 Et
962 4920 1059 4974 ego
1083 4903 1267 4960 Daniel
1326 4906 1578 4974 decubui,
1607 4919 1659 4964 et
1687 4912 1896 4984 elangui
1935 4931 2028 4984 per
2053 4918 2205 4973 dies:
2263 4957 2266 4961 ~

680 5005 732 5049 ct
757 4997 986 5060 surrexi,
1012 5004 1064 5050 et
1102 4995 1362 5052 faciebam
1418 5014 1577 5070 Opera
1618 5004 1778 5072 regis,
1828 5017 1882 5060 et
1905 5008 2211 5064 admirabar

684 5085 960 5150 visionem,
984 5095 1038 5141 et
1061 5101 1165 5141 non
1192 5097 1305 5142 erat
1331 5091 1422 5160 qui
1455 5091 1790 5162 intelligeret.

1260 5263 1487 5322 CAPUT
1534 5264 1624 5320 IX.

754 5340 805 5392 1.
842 5339 898 5392 1η
937 5344 1106 5408 primo
1147 5365 1285 5404 anno
1335 5354 1476 5410 Darii
1519 5353 1612 5408 ﬁlii
1645 5356 1863 5411 Assueri
1908 5357 1973 5410 de
2003 5360 2210 5414 semine

685 5426 976 5564 fledorum,
1000 5435 1090 5500 qui
1141 5446 1381 5507 regnavit
1427 5462 1590 5517 super
1651 5463 1870 5518 regnum
1926 5447 2206 5505 Chaldaeo-

706 5528 837 5564 'um:

706 5528 804 5564 'um
823 5529 837 5567 2

750 5598 802 5652 2.
841 5601 899 5654 In
928 5619 1063 5659 anno
1089 5624 1204 5698 uno.
1227 5625 1371 5685 regni
1403 5630 1540 5698 ejus.
1575 5642 1667 5698 ego
1723 5627 1905 5681 Daniel
1967 5628 2199 5684 intellexi

2310 4458 2583 4528 ἀρχόντων
2619 4464 2962 4538 στήσεται,
3006 4479 3130 4530 καί
3187 4482 3283 4545 ὡς
3339 4485 3444 4538 (ea.
3477 4487 3531 4538 ὲκ

2309 4552 2516 4612 αὐτοὺς.

2379 4639 2466 4737 26-,
2507 4640 2614 4737 Kal
2644 4643 2677 4711 ἡ
2721 4646 2973 4737 ᾅρασις
3040 4657 3173 4728 τῆς
3211 4663 3543 4737 ἑσπέρας,

2307 4729 2403 4796 τῆς
2433 4729 2690 4801 ῥηθείσης
2715 4735 2999 4812 ἀληθής
3070 4747 3231 4804 ἐστι
3257 4769 3275 4784 ⁸
3351 4729 3478 4811 κού.

2309 4818 2517 4890 ὅρασιν,
2547 4821 2628 4873 δτι
2656 4825 2758 4887 εἰς
2787 4830 3080 4904 ἡμέρας
3131 4844 3401 4908 πολλὰς
3443 4850 3551 4902 ἐστ

2377 4909 2467 5013 27.
2501 4912 2610 4963 Kal
2801 4924 3108 5013 ΔΔανιὴλ
3146 4935 3553 5013 ὲκοιμήῦην

2307 5000 2538 5069 ἡμέρας,
2559 5003 2655 5054 καὶ
2685 5000 3056 5084 ἀνέστην,
3091 5027 3222 5078 καὶ
3257 5000 3546 5086 ἐτέλουν

2307 5089 2458 5190 λέως,
2483 5092 2576 5143 xal
2604 5093 3023 5169 ἐθαύμαζον
3061 5115 3202 5184 τὴν
3236 5120 3526 5190 ὅρασιν,

2310 5197 2424 5232 ιων.

2627 5365 2658 5377 η
2894 5289 3489 5377 ίΚΕΦΑΑΑιυΝ
3523 5313 3583 5365 θ

2379 5361 2553 5470 1.”Ε“ν
2586 5365 2675 5466 τιξέ
2744 5376 3045 5470 πρῴτῳ
3083 5388 3243 5444 ἔτει
3279 5361 3577 5470 Δαρείᾶ.

2313 5469 2402 5561 ppu
2434 5455 2541 5561 ene.
2561 5455 2679 5561 ‘10.?)
2723 5466 3204 5561 στξξματος
3273 5455 3583 5561 Μήδων.

2309 5543 2402 5613 τὴν
2438 5543 2750 5612 βασιλείαν
2796 5543 3256 5625 Χαλδαίων.

2379 5633 2432 5689 2.
2482 5634 2567 5688 Ἐν
2599 5633 2760 5693 ἔτει
2811 5644 2936 5702 ἑνὶ
2983 5656 3137 5727 τῆς
3183 5663 3583 5742 βασιλείας
