3874 6342
190 304 307 359 238i

1575 314 1799 369 CAPUT
1836 315 1925 369 1X.

3204 316 3343 370 2882

189 414 383 481 συνῆκα
417 414 473 465 ἐν
500 415 619 475 ταῖς
658 412 873 482 βίὸλοις
923 420 1013 473 τὸν
1067 421 1291 491 ἀριθμὸν
1336 420 1442 473 τῶν
1477 422 1631 486 ἐτῶν,
1664 424 1722 485 ὃς

1842 442 1877 480 n
1910 424 2060 481 libris
2087 441 2366 480 numerum
2398 440 2681 485 annorum,
2722 424 2814 492 qui
2855 422 3025 477 factus
3054 433 3135 476 est
3168 440 3347 479 sermo

187 503 396 572 ἐγενήθη
430 502 583 569 λόγος
610 505 825 574 Κυρίου
855 511 988 577 πρὸς
1014 511 1273 580 Ἰερεμίαν
1300 511 1391 563 τὸν
1421 512 1722 582 προφήτην,

186 595 269 655 είς
302 593 704 665 ,συμπλήρωσιν
735 598 1067 668 ἐρημώσεως
1101 602 1448 671 Ἰερουσαλὴμ
1493 603 1721 672 ἐϐδομή-

183 700 338 735 κοντα
366 683 472 753 ἐτη.

249 774 307 827 5.
333 776 434 827 Καὶ
452 775 630 829 ἔδωκα
658 776 722 828 τὸ
746 777 1037 847 πρόσωπόν
1073 795 1173 848 μου
1224 780 1358 849 πρὸς
1400 780 1595 851 Κύριον
1632 781 1722 833 τὸν

178 861 332 923 Θεὸν,
376 862 463 914 τοῦ
520 863 856 932 ἐπιζητῆσαι
918 866 1241 936 προσευχὴν,
1303 868 1395 920 καὶ
1434 867 1635 935 δέησιν,
1662 870 1721 919 ἐν

174 951 459 1020 νηστείαις,
483 951 576 1002 καὶ
605 953 665 1004 ἐν
687 954 897 1024 σάκκῳ,
925 955 1019 1008 καὶ
1048 957 1241 1026 σποδῷ.

239 1042 301 1091 ι.
324 1040 424 1091 Καὶ
450 1040 851 1112 προσηυξάμην
876 1044 1010 1112 πρὸς
1043 1044 1242 1115 Κύριον
1302 1046 1390 1098 τὸν
1437 1045 1566 1098 Θεόν
1594 1062 1716 1114 μου,

175 1130 269 1181 καὶ
319 1130 849 1201 ἐξωμολογησάμην,
893 1134 984 1185 καὶ
1043 1130 1210 1187 εἶπον·
1244 1134 1410 1205 Κύριε
1456 1137 1484 1187 6
1513 1135 1642 1197 Θεὸς
1691 1136 1721 1187 6

180 1218 365 1287 μέγας,
411 1219 504 1270 καὶ
559 1218 891 1287 θαυμαστὸς,
932 1224 959 1273 ὁ
994 1223 1274 1289 φυλάσσων
1322 1225 1419 1294 τὴν
1463 1225 1719 1296 διαθήκην

176 1310 267 1360 καὶ
293 1309 379 1360 τὸν
404 1307 551 1360 ἔλεον
574 1311 691 1371 τοῖς
723 1310 975 1377 ἀγαπῶσί
1012 1329 1089 1375 σε,
1145 1314 1238 1365 καὶ
1266 1313 1599 1382 φυλάσσουσι
1623 1316 1719 1379 τὰς

177 1394 387 1457 ἐντολάς
415 1411 531 1448 σου.

242 1484 298 1537 5.
333 1484 701 1555 Ἦμάρτομεν,
752 1484 1127 1556 ἠδικήσαμεν,
1188 1488 1563 1560 ὴσεόήσαμεν,
1626 1493 1719 1544 καὶ
1760 1464 1763 1467 ἰ

176 1572 498 1641 ἀπέστημεν,
545 1574 645 1627 καὶ
699 1573 1049 1644 ἐξεκλίναμεν
1076 1576 1183 1628 ἀπὸ
1210 1576 1316 1629 τῶν
1338 1578 1565 1631 ἐντολῶν
1593 1595 1711 1644 σου,

178 1661 266 1712 καὶ
285 1661 387 1713 ἀπὸ
409 1661 515 1713 τῶν
545 1662 842 1732 κριμάτων
876 1662 1003 1718 σου.

1823 514 2029 567 Domini
2060 515 2122 567 ad
2156 513 2461 577 Jeremiam,
2502 517 2811 583 prophetam
2858 512 2910 565 in
2938 510 3343 579 completionem

1821 603 2164 657 desolationis
2199 602 2494 657 Jerusalem
2522 602 2855 672 septuaginta
2893 603 3069 655 annis.

1890 776 1942 829 5.
1984 774 2049 829 Ει
2078 776 2196 829 dedi
2227 775 2413 830 faciem
2439 792 2611 830 meam
2652 777 2714 828 ad
2750 775 3030 830 Dominum
3076 776 3260 841 Deum,
3291 784 3350 828 ut

1819 881 2109 934 qumrerem
2141 882 2343 934 preces,
2379 876 2433 921 et
2460 866 2888 921 obsecrationem
2921 868 2973 919 in
3021 866 3262 935 jejuniis,
3297 873 3349 918 et

1820 956 1883 1017 in
1905 971 2080 1020 sacco,
2114 965 2167 1010 et
2192 957 2390 1010 cinere.
3220 1000 3233 1009 .

1888 1042 1941 1095 4.
1983 1042 2048 1096 Ει
2075 1044 2221 1096 oravi
2254 1044 2319 1096 ad
2352 1043 2635 1097 Dominum
2689 1042 2854 1096 Deum
2903 1059 3102 1105 meum,
3133 1052 3186 1097 et
3216 1058 3347 1096 con-

1818 1129 1992 1184 fessus
2022 1146 2162 1194 sum,
2189 1140 2240 1184 et
2262 1132 2369 1185 dixi
2395 1148 2413 1185 :
2441 1130 2661 1186 Domine
2690 1132 2829 1187 Deus
2864 1147 3072 1200 magne,
3100 1141 3151 1186 et
3186 1134 3347 1185 mira-

1817 1220 1959 1285 bilis,
1991 1221 2297 1276 custodiens
2346 1230 2743 1284 testamentum,
2809 1230 2863 1275 et
2927 1222 3347 1276 misericordiam

1817 1309 2158 1379 diligentibus
2194 1319 2264 1374 te,
2299 1320 2352 1364 et
2384 1311 2806 1365 custodientibus
2838 1312 3088 1365 mandata
3115 1321 3225 1364 tua.
3258 1338 3262 1343 -

1886 1491 1940 1545 5.
1980 1489 2343 1552 Peccavimus,
2378 1486 2713 1555 iniquitatem
2747 1484 2992 1547 fecimus,
3042 1483 3201 1551 impie
3231 1484 3347 1551 egi-

1816 1596 1957 1641 mus,
2005 1590 2058 1634 et
2105 1579 2442 1640 recessimus,
2498 1585 2551 1629 et
2603 1574 3051 1627 declinavimusa
3079 1571 3347 1626 mandatis

1818 1668 1942 1733 tuis,
1971 1676 2024 1720 et
2048 1683 2077 1720 a
2099 1666 2315 1735 judiciis
2343 1664 2469 1718 tuis.

238 1748 289 1800 6.
318 1748 421 1799 Καὶ
445 1749 545 1800 οὐκ
573 1749 890 1819 ἠκούσαμεν
928 1752 1037 1804 τῶν
1089 1753 1285 1808 δούλων
1323 1772 1415 1809 σου
1445 1758 1552 1810 τῶν
1583 1776 1717 1828 προ-

1887 1756 1939 1809 6.
1975 1756 2037 1808 Ει
2062 1771 2165 1807 non
2198 1753 2499 1806 audivimus
2532 1767 2716 1806 servos
2743 1762 2863 1807 tuos
2890 1752 3179 1822 prophetas
3203 1789 3219 1813 ,
3253 1749 3347 1819 qui

176 1835 371 1902 φητῶν,
398 1838 445 1888 οἳ
466 1837 694 1891 ἐλάλουν
720 1840 779 1891 ἐν
802 1839 879 1909 τῷ
906 1841 1132 1911 ὀνόματί
1157 1860 1247 1896 σου
1276 1847 1408 1913 πρὸς
1431 1850 1552 1909 τοὺς
1571 1847 1718 1916 βασι-

172 1922 274 1985 λεῖς
293 1925 464 1994 ἡμῶν,
494 1927 590 1977 καὶ
613 1927 754 1995 πρὸς
785 1930 910 1991 τοὺς
936 1929 1196 1999 ἄρχοντας
1222 1932 1393 2002 ἡμῶν,
1438 1935 1529 1987 καὶ
1556 1936 1717 1988 πατέ-

173 2030 266 2081 ρας
293 2014 463 2084 ήμῶν,
504 2017 599 2067 καὶ
635 2017 772 2086 πρὸς
799 2019 975 2072 πάντα
1000 2020 1089 2072 τὸν
1114 2021 1236 2073 λαὸν
1274 2022 1373 2091 τῆς
1401 2025 1518 2092 γῆς.

238 2099 289 2152 7.
319 2102 421 2167 Σοὶ,
456 2104 656 2174 Κύριε,
701 2107 735 2173 ή
775 2106 1113 2176 δικαιοσύνη,
1139 2111 1230 2163 καὶ
1257 2112 1383 2180 ἡμῖν
1430 2114 1461 2181 ή
1495 2114 1717 2182 αἰσχύνη

172 2189 259 2242 τοῦ
296 2191 607 2261 προσώπου,
640 2193 719 2256 ὡς
754 2196 787 2264 ή
820 2196 1005 2266 ἡμέρα
1032 2197 1191 2267 αὕτη,
1222 2199 1372 2269 ἀνδρὶ
1408 2200 1592 2266 Ἰούδα,
1626 2204 1718 2254 καὶ

171 2279 278 2340 τοῖς
305 2280 649 2334 κατοικοῦσιν
672 2284 733 2334 ἐν
769 2283 1140 2355 Ἰερουσαλήμ,
1167 2288 1260 2339 καὶ
1286 2289 1445 2340 παντὶ
1486 2290 1716 2360 Ἰσραὴλ,

172 2367 276 2427 τοῖς
310 2368 501 2441 ἐγγὺς,
530 2369 761 2433 καὶτοῖς
794 2370 1009 2439 μακρὰν
1032 2375 1087 2425 ἐν
1137 2374 1285 2445 πάσῃ
1316 2378 1381 2444 τῇ
1409 2379 1499 2446 γῇ,
1528 2371 1586 2429 οὗ
1614 2378 1721 2430 διέ-

174 2468 390 2525 σπειρας
416 2457 617 2522 αὐτοὺς
650 2460 768 2511 ἐκεῖ
788 2461 845 2511 ὲν
877 2460 1065 2530 ἁθεσίᾳ
1094 2462 1267 2515 αὐτῶν
1354 2465 1619 2534 ἠθέτησαν
1660 2468 1719 2519 ἐν

175 2544 271 2595 σοί.

236 2634 288 2687 8.
314 2634 505 2705 Κύριε,
539 2637 676 2707 ήμϊν
728 2638 956 2709 αἰσχύνη
1001 2638 1094 2691 τοῦ
1151 2641 1457 2709 προσώπου,
1496 2642 1720 2705 καὶτοῖς

175 2717 473 2787 βασιλεῦσιν
499 2723 686 2793 ήμῶν,
716 2725 812 2776 καὶ
838 2727 951 2786 τοίς
1005 2724 1259 2794 ἄρχουσιν
1290 2734 1320 2796 ὴ
1331 2728 1463 2797 μῶν,
1492 2732 1585 2781 καὶ
1612 2733 1719 2791 τοῖς

174 2812 435 2879 πατράσιν
468 2814 652 2881 ήμῶν,
684 2815 900 2876 οἵτινες
927 2814 1245 2885 ἡμάρτομεν
1271 2819 1336 2883 ἐν.
1361 2819 1461 2870 σοί.

237 2900 289 2952 9.
322 2900 411 2951 Τῶ
442 2900 634 2970 Κυρίῳ
665 2900 963 2971 Θεῷήμῶν
988 2902 1037 2953 οἱ
1075 2904 1361 2973 οἰκτιρμοὶ,
1405 2904 1495 2956 καὶ
1523 2906 1571 2957 οἱ
1607 2905 1720 2957 ἱλα-

177 2989 314 3056 σμοὶ,
337 2990 417 3042 ὅτι
437 2991 778 3061 ἀπέστημεν.

241 3079 327 3131 10.
354 3079 456 3132 Kal
476 3081 578 3133 οὐκ
608 3081 1013 3151 εἰσηκούσαμεν
1062 3082 1160 3151 τῆς
1195 3084 1374 3153 φωνῆς
1404 3085 1603 3155 Κυρίου
1629 3085 1722 3138 τοῦ

176 3168 302 3221 Θεοῦ
329 3171 506 3240 ήμῶν,
540 3172 874 3242 πορεύεσθαι
922 3176 980 3226 ἐν
1030 3176 1140 3236 τοῖς
1193 3175 1375 3244 νόμοις
1427 3177 1610 3239 αὑτοῦ,
1644 3173 1725 3241 οἷς

178 3255 336 3310 ἔδωκε
382 3258 521 3311 κατὰ
574 3261 869 3330 πρόσωπον
914 3260 1071 3331 ήμῶν
1104 3264 1162 3313 ὲν
1194 3264 1336 3332 χειρὶ
1388 3264 1493 3317 τῶν
1526 3264 1724 3318 δούλων

179 3347 335 3399 αὑτοῦ
363 3348 472 3401 τῶν
501 3350 824 3420 προφητῶν.

246 3438 330 3490 11.
366 3440 477 3491 Καὶ
504 3444 611 3503 πᾶς
658 3441 881 3511 Ἰσραὴλ
904 3442 1219 3511 παρέϐησαν
1263 3443 1351 3494 τὸν
1410 3443 1569 3512 νόμον
1607 3462 1721 3510 σου,

178 3528 266 3579 καὶ
296 3528 577 3593 ἐξέκλιναν
605 3530 703 3583 τοῦ
756 3533 831 3601 μὴ
878 3529 1105 3585 ἀκούσαι
1164 3534 1262 3601 τῆς
1290 3532 1469 3602 φωνῆς
1492 3549 1603 3595 σου,
1634 3535 1726 3586 καὶ

180 3619 409 3689 ἐπῆλθεν
431 3623 514 3688 ἐφ’
547 3623 700 3691 ἡμᾶς
726 3623 759 3690 ή
783 3623 1015 3692 κατάρα,
1048 3622 1145 3674 καὶ
1191 3625 1218 3674 6
1244 3622 1399 3690 ὅρκος
1419 3624 1447 3674 ὁ
1481 3638 1726 3693 γεγραμ-

179 3710 333 3775 μένος
356 3712 415 3762 ἐν
440 3710 586 3780 νόμῳ
621 3711 794 3781 Μωσῆ
842 3710 1027 3763 δούλου
1060 3711 1152 3763 τοῦ
1179 3710 1331 3773 Θεοῦ,
1359 3713 1439 3764 ὅτι
1477 3713 1719 3782 ἡμάρτο-

176 3813 273 3864 μεν
295 3799 470 3869 αὐτῷ.

239 3887 327 3942 12.
358 3890 470 3941 Kal
486 3889 682 3960 ἔστησε
709 3889 835 3948 τοὺς
881 3888 1069 3955 λόγους
1123 3888 1306 3950 αὐτοῦ,
1332 3889 1421 3952 οὓς
1469 3890 1726 3960 ἐλάλησεν

176 3975 257 4041 ἐφ’
290 3980 461 4047 ἡμᾶς,
491 3980 585 4032 καὶ
641 3978 735 4031 ἐπὶ
802 3978 927 4040 τοὺς
979 3978 1169 4047 κριτὰς
1211 3977 1385 4047 ήμῶν,
1420 3978 1468 4030 οἳ
1520 3978 1727 4050 ἔκρινον

171 4066 312 4131 ἡμᾶς
324 4069 626 4135 ἐπαγαγεῖν
650 4070 734 4136 ἐφ’
751 4068 899 4137 ἡμᾶς
918 4067 1063 4120 κακὰ
1087 4067 1311 4135 μεγάλα.
1329 4063 1413 4119 οἷα
1428 4068 1486 4119 οὐ
1512 4069 1727 4137 γέγονεν

174 4152 430 4208 ὑποκάτω
455 4157 656 4219 παντὸς
693 4154 789 4207 τοῦ
818 4154 1067 4226 ούρανοῦ,
1099 4154 1238 4207 κατὰ
1261 4155 1328 4208 τὰ
1367 4155 1626 4224 γενόμενα
1670 4158 1726 4207 ἐν

182 4242 489 4316 Ἰερουσαλή
499 4265 557 4316 μ.

1818 1842 2169 1910 loquebantur
2196 1841 2409 1894 nomine
2461 1849 2553 1893 tuo
2587 1841 2651 1894 ad
2696 1857 2849 1909 reges
2897 1853 3150 1904 nostros,
3202 1849 3255 1894 et
3282 1839 3348 1893 ad

1815 1932 2083 2000 principes
2113 1940 2344 1991 nostros,
2372 1938 2426 1983 et
2456 1939 2632 1999 patres
2668 1942 2897 1995 nostros,
2941 1942 2994 1985 et
3041 1931 3106 1985 ad
3134 1945 3347 1984 onmem

1814 2020 2067 2087 populum
2103 2029 2275 2073 terrm.

1888 2110 1936 2161 7.
1979 2108 2118 2170 Tibi,
2149 2108 2389 2171 Donzine,
2424 2107 2648 2176 iustitia,
2684 2108 2839 2162 nobis
2866 2119 3042 2162 autem
3103 2107 3349 2160 cenfusio

1814 2196 1989 2259 faciei,
2018 2197 2155 2250 sicut
2174 2196 2286 2249 dies
2322 2196 2449 2258 haec,
2487 2195 2599 2246 viro
2626 2193 2781 2257 Juda,
2807 2204 2859 2248 et
2905 2196 3266 2249 habitantibus
3294 2194 3347 2247 in

1814 2286 2128 2349 Jerusalem,
2162 2294 2215 2337 et
2249 2284 2393 2337 omni
2436 2284 2621 2342 Israel.
2666 2284 2750 2336 his
2796 2285 2887 2351 qui
2928 2300 3089 2351 prope
3120 2293 3264 2346 sunt,
3295 2292 3350 2335 et

1816 2374 1900 2427 bis
1954 2373 2047 2441 qui
2077 2372 2260 2440 procul
2305 2371 2359 2423 in
2409 2372 2656 2424 universa
2695 2380 2855 2434 terra,
2904 2386 3012 2439 quo
3048 2372 3348 2438 dispersisti

1815 2476 1905 2515 eos
1935 2462 2081 2524 illuc,
2115 2461 2170 2514 in
2213 2461 2649 2529 praevaricatione
2697 2474 2903 2524 eorum,
2938 2476 3045 2528 qua
3098 2462 3349 2528 praevari-

1816 2550 1924 2605 cati
1963 2551 2163 2603 suntin
2195 2559 2266 2604 te.

1885 2640 1939 2693 8.
1979 2639 2225 2705 Domine,
2258 2639 2414 2693 nobis
2444 2638 2690 2693 confusio
2722 2639 2896 2701 faciei,
2932 2648 2985 2693 et
3015 2640 3227 2707 regibus
3254 2656 3351 2691 no-

1816 2729 1965 2793 stris,
2002 2717 2075 2782 'et
2130 2729 2461 2798 principibus
2493 2730 2711 2790 nostris,
2751 2738 2805 2782 et
2855 2728 3100 2797 patribus
3130 2730 3347 2791 nostris,

1818 2821 1910 2891 qui
1944 2821 2285 2891 peccavimus
2316 2820 2369 2872 in
2406 2828 2474 2873 te.

1889 2912 1943 2964 9.
1985 2909 2212 2962 Domino
2242 2907 2351 2961 Deo
2387 2919 2573 2962 nostro
2610 2907 3005 2971 miserationes,
3057 2916 3111 2960 et
3168 2910 3349 2975 propi-

1747 3039 1789 3097 α
1821 3000 2093 3063 tiationes,
2132 3000 2254 3066 quia
2284 3001 2626 3052 recessimus.

1892 3090 1976 3143 10.
2018 3090 2085 3141 Et
2107 3104 2211 3141 non
2244 3087 2611 3142 exaudivimus
2642 3100 2829 3140 vocem
2879 3085 3093 3141 Domini
3129 3084 3225 3140 Dei
3255 3102 3354 3140 no-

1822 3180 2017 3240 stri,ut
2044 3178 2442 3230 ambularemus
2494 3176 2551 3229 in
2609 3175 2816 3244 legibus
2872 3176 3011 3244 ejus,
3046 3191 3180 3245 quas
3208 3176 3356 3229 dedit

1819 3276 1945 3321 ante
1975 3266 2164 3320 faciem
2205 3274 2445 3319 nostram
2496 3264 2552 3317 in
2601 3279 2765 3318 manu
2826 3278 3102 3320 servorum
3133 3280 3354 3325 suorum

1822 3358 2220 3428 prophetarum.

1892 3447 1978 3498 11.
2018 3445 2084 3498 Et
2112 3444 2285 3497 omnis
2312 3443 2475 3497 Israel
2492 3443 2821 3511 praevaricati
2845 3454 2970 3498 sunt
2993 3445 3162 3513 legem
3186 3454 3353 3511 tuam,

1822 3544 1876 3587 et
1911 3534 2329 3594 declinaverunt,
2356 3546 2423 3584 ne
2454 3530 2700 3583 audirent
2741 3546 2926 3583 vocem
2965 3541 3131 3592 tuam,
3180 3540 3234 3583 et
3263 3548 3356 3586 su-

1822 3619 2065 3689 pervenit
2087 3634 2247 3688 super
2275 3632 2375 3672 nos
2396 3616 2724 3678 maledictio,
2750 3626 2805 3670 et
2826 3618 3187 3683 juramentum
3211 3619 3352 3685 quod

1821 3710 2087 3779 scriptum
2120 3716 2201 3763 est
2225 3707 2279 3761 in
2308 3707 2426 3776 lege
2453 3706 2583 3760 Mosi
2620 3705 2759 3759 servi
2780 3705 2892 3772 Dei,
2940 3707 3069 3775 quia
3109 3708 3356 3776 peccavi-

1824 3814 1943 3853 mus
1973 3799 2044 3852 ei.

1892 3888 1978 3941 12.
2020 3888 2085 3942 Et
2113 3887 2301 3941 statuit
2331 3901 2608 3942 sermones
2636 3902 2785 3950 suos,
2831 3900 2969 3955 quos
3013 3884 3223 3940 locutus
3275 3896 3356 3939 est

1823 3995 1984 4049 super
2018 3994 2140 4043 nos,
2172 3990 2226 4032 et
2254 3977 2640 4047 superjudices
2669 3986 2902 4041 nostros,
2935 3976 3027 4046 qui
3047 3975 3356 4045 iudicarunt

1824 4086 1939 4135 nos,
1974 4080 2033 4123 ut
2076 4070 2556 4139 superinducerent
2608 4085 2767 4138 super
2821 4081 2919 4121 nos
2972 4067 3112 4121 mala
3138 4082 3352 4136 magna,

1823 4162 2000 4230 qualia
2034 4177 2134 4214 non
2158 4160 2373 4215 fuerunt
2397 4160 2496 4215 sub
2543 4161 2686 4214 omni
2738 4158 2894 4221 cmlo,
2950 4164 3242 4214 secundum
3270 4174 3354 4225 ea,

1827 4263 1943 4317 quze
1970 4248 2107 4301 facta
2135 4258 2262 4302 sunt
2298 4249 2350 4302 in
2383 4247 2699 4303 Jerusalem.

240 4334 323 4386 l3.
354 4335 555 4396 Καθὼς
577 4334 890 4404 γέγραπται
907 4332 963 4384 ὲν
987 4332 1062 4400 τῷ
1080 4331 1224 4400 νόμῳ
1243 4330 1437 4398 Μωσῆ,
1463 4332 1636 4385 πάντα
1660 4332 1723 4384 τά

1895 4340 1983 4393 15.
2026 4337 2176 4393 Sicut
2199 4339 2454 4407 scriptum
2486 4349 2569 4393 est
2601 4340 2652 4391 in
2684 4340 2799 4407 lege
2829 4339 2985 4402 Mosi,
3018 4339 3197 4393 omnia
3217 4338 3355 4392 mala

174 4420 312 4472 κακά
338 4421 513 4474 ταῦτα
528 4419 697 4492 ἦλθεν
723 4420 809 4487 ἐφ’
846 4420 1019 4487 ἡμᾶς’
1055 4418 1148 4470 καὶ
1189 4420 1286 4470 οὐκ
1315 4418 1606 4488 ἐδεήθημεν
1634 4420 1725 4472 τοῦ

174 4509 462 4574 προσώπου
488 4511 697 4579 Κυρίου
726 4508 823 4561 τοῦ
858 4507 991 4560 Θεοῦ
1047 4507 1220 4576 ἡμῶν,
1248 4508 1576 4578 ἀποστρέψαι
1622 4509 1728 4560 ἀπὸ

174 4596 272 4649 τῶν
300 4599 526 4654 ἀδικιῶν
556 4598 736 4671 ήμῶν,
791 4596 884 4649 καὶ
913 4595 1005 4648 τοῦ
1059 4596 1287 4648 συνιέναι
1325 4598 1382 4649 ἐν
1420 4598 1566 4671 πάσῃ
1594 4598 1726 4668 άλη-

174 4683 301 4740 θεία.

236 4776 323 4829 Η.
348 4780 461 4831 Kal
496 4775 853 4848 ἐγρηγόρησε
883 4772 1085 4841 Κύριος
1113 4773 1142 4824 6
1167 4774 1292 4835 Θεὸς
1328 4775 1482 4845 ήμῶν
1509 4778 1601 4830 ἐπὶ
1631 4779 1729 4848 τὴν

172 4866 361 4917 κακίαν
388 4870 423 4935 ή
433 4868 566 4935 μῶν,
592 4865 690 4918 καὶ
717 4865 935 4931 ἤγαγεν
963 4860 1125 4930 αὐτὴν
1145 4862 1404 4932 ἐφ’ήμᾶς,
1423 4866 1502 4917 ὅτι
1528 4867 1728 4929 δίκαιος

171 4949 365 5020 Κύριος
389 4956 420 5006 6
441 4957 571 5018 Θεὸς
602 4952 771 5022 ήμῶν
813 4950 911 5001 ἐπὶ
943 4951 1114 5001 πᾶσαν
1151 4949 1245 5018 τὴν
1299 4947 1511 5023 ποίησιν
1544 4955 1727 5019 αὑτοῦ,

170 5038 231 5107 ήν
276 5044 516 5113 ἐποίησε,
583 5044 723 5096 διότι
774 5039 884 5091 οὐκ
940 5037 1327 5108 εἰσηκούσαμεν
1402 5043 1495 5112 τῆς
1550 5044 1729 5112 φωνῆς

168 5130 318 5181 αὑτοῦ
328 5169 339 5181 .

229 5239 309 5292 15.
341 5242 448 5295 Καὶ
471 5242 575 5295 νῦν
606 5234 845 5303 Κύριεό
877 5231 1004 5292 Θεδς
1030 5233 1188 5301 ἡμῶν,
1221 5236 1291 5299 ὃς
1347 5242 1611 5310 ἐξήγαγες
1639 5241 1729 5293 τὸν

163 5322 277 5379 λαόν
322 5345 414 5381 σου
454 5333 522 5382 ἐκ
587 5325 701 5392 γῆς
752 5318 1030 5384 Αἰγύπτου
1066 5320 1117 5369 ἐν
1149 5324 1307 5390 χειρὶ
1350 5332 1602 5398 κραταιᾷ.
1637 5330 1730 5381 καὶ

165 5413 398 5483 ἐποίησας
428 5411 657 5477 σεαυτῷ
687 5408 873 5466 ὄνομα
904 5404 977 5463 ὼς
1001 5405 1029 5469 ἦ
1069 5407 1246 5476 ἡμέρα
1296 5415 1468 5485 αὕτη,
1497 5416 1731 5486 ήμάρτο-

162 5516 264 5565 μιν,
277 5505 442 5575 ἠνομὴ
450 5505 682 5569 sapam?
1264 5536 1270 5541 .
1348 5542 1359 5563 δ
1382 5540 1385 5543 .
1574 5520 1577 5521 ν

220 5588 297 5641 16.
326 5592 516 5659 Κύριε,
535 5590 601 5638 ἐν
630 5581 789 5646 πάσῃ
817 5576 1125 5650 ιλεημοσύνῃ
1156 5589 1727 5663 σουγάσὼστραφήτω

1825 4428 1938 4482 haec
1972 4436 2233 4481 venerunt
2260 4442 2419 4495 super
2452 4442 2586 4482 nos:
2618 4435 2671 4480 et
2698 4443 2802 4479 non
2834 4427 3143 4495 rogavimus
3162 4426 3353 4481 faciem

1826 4517 2034 4570 Domini
2066 4515 2157 4568 Dei
2197 4516 2387 4577 nostri,
2421 4525 2480 4569 ut
2501 4527 2894 4571 reverteremur
2934 4516 3002 4568 ab
3055 4515 3356 4584 iniquitati-

1824 4607 1926 4661 bus
1951 4606 2172 4669 nostris,
2192 4614 2245 4659 et
2271 4613 2329 4658 ut
2351 4605 2767 4673 intelligeremus
2788 4605 2842 4658 in
2866 4604 3011 4659 omni
3041 4605 3281 4658 veritate.

1897 4773 1980 4827 M.
2024 4771 2089 4825 Et
2116 4772 2353 4841 vigilavit
2378 4770 2638 4827 Dominus
2664 4772 2802 4826 Deus
2831 4782 3011 4827 noster
3034 4790 3196 4842 super
3240 4791 3355 4829 ma-
3437 4800 3453 4815 -

1826 4860 1992 4915 litiam
2016 4869 2277 4923 nostram,
2309 4868 2363 4914 et
2424 4861 2645 4914 adduxit
2675 4876 2795 4915 eam
2851 4877 3010 4929 super
3032 4877 3131 4915 nos
3170 4882 3185 4917 :
3229 4868 3355 4933 quia

1823 4951 2001 5019 justus
2039 4949 2297 5004 Dominus
2346 4949 2487 5004 Deus
2532 4959 2714 5003 noster
2748 4949 2801 5001 in
2849 4949 2995 5002 omni
3036 4964 3198 5017 opere
3231 4967 3353 5017 suo,

1827 5040 1969 5107 quod
2000 5038 2124 5092 fecit
2156 5056 2168 5091 :
2199 5039 2325 5106 quia
2349 5054 2455 5092 non
2478 5037 2849 5092 exaudivimus
2873 5050 3055 5090 vocem
3085 5037 3228 5105 ejus.

1898 5236 1982 5290 15.
2025 5235 2089 5289 Et
2121 5249 2283 5297 nunc,
2312 5233 2537 5289 Domine
2564 5233 2702 5287 Deus
2752 5241 2951 5295 noster,
2981 5230 3072 5298 qui
3122 5233 3359 5291 eduxisti

1826 5327 2077 5394 populum
2105 5335 2255 5378 tuum
2285 5323 2350 5378 de
2372 5334 2510 5378 terra
2556 5319 2768 5389 A‘ngpli
2814 5321 2865 5372 in
2914 5334 3073 5372 manu
3106 5319 3259 5385 forti.
3311 5338 3366 5381 et

1828 5413 1997 5468 fecisti
2021 5414 2112 5466 tibi
2153 5426 2341 5466 nomen
2369 5414 2506 5466 sicut
2535 5411 2650 5463 dies
2679 5409 2791 5461 hare
2826 5424 2840 5457 :
2872 5410 3233 5476 peCcavimus,
3265 5412 3368 5468 im-

1829 5504 1912 5571 pie
1941 5504 2163 5571 egimus.

1901 5593 1984 5645 16.
2025 5591 2263 5654 Domine,
2293 5591 2345 5643 in
2396 5589 2543 5643 omni
2600 5586 2977 5641 misericordia
3010 5595 3119 5652 tua,
3146 5597 3376 5644 averta-
