3874 6344
209 308 331 363 2381

1601 326 1824 382 CAPUT
1863 328 1951 383 IX.

3230 338 3369 392 2882

207 418 409 485 συνῆκα
443 419 499 470 ὲν
526 420 646 481 ταῖς
684 419 899 488 βίϐλοις
949 427 1039 480 τὸν
1092 430 1317 500 ἀριθμὸν
1362 430 1468 483 τῶν
1502 434 1656 499 ἑτῶν,
1689 436 1730 497 ὃς

1850 440 1903 494 in
1936 439 2086 496 libris
2112 457 2391 496 numerum
2423 458 2707 503 annorum,
2747 444 2839 512 qui
2880 441 3049 497 factus
3078 454 3160 497 est
3193 462 3372 501 sermo

205 507 421 576 ἐγενήθη
455 508 609 574 λόγος
635 510 850 580 Κυρίου
880 518 1013 585 πρὸς
1039 519 1299 589 Ἰερεμίαν
1325 521 1416 573 τὸν
1446 524 1746 594 προφήτην,

203 599 291 659 εις
324 598 729 669 συμπλήρωσιν
759 604 1091 674 ἐρημώσεως
1127 610 1472 682 Ἰερουσαλὴμ
1518 614 1746 683 ἑϐδομή-

199 703 361 739 κοντα
388 688 496 757 ἐτη.

270 777 329 830 ὅ.
356 780 457 831 Kal
475 779 653 834 ἔδωκα
682 781 745 834 τὸ
770 785 1059 853 πρόσωπόν
1095 804 1196 856 μου
1248 789 1380 858 πρὸς
1423 791 1618 861 Κύριον
1654 793 1745 845 τὸν

193 864 353 926 Θεὸν,
398 866 486 917 τοῦ
543 868 879 937 ἐπιζητῆσαι
941 874 1264 944 προσευχὴν,
1326 878 1417 930 καὶ
1456 877 1657 946 δέησιν,
1685 882 1743 931 ἐν

188 955 481 1023 νηστείαις,
505 956 598 1007 καὶ
627 958 688 1009 ὲν
709 959 919 1030 σάκκῳ,
947 962 1041 1014 καὶ
1070 965 1263 1035 σποδῷ.

259 1045 321 1095 4.
344 1044 445 1095 Kal
472 1046 873 1118 προσηυξάμην
898 1051 1031 1119 πρὸς
1065 1052 1264 1123 Κύριον
1322 1056 1411 1108 τὸν
1458 1056 1587 1109 Θεόν
1614 1074 1737 1125 μου,

189 1133 288 1185 καὶ
338 1133 859 1206 ὲξωμολογησάμην,
914 1141 1005 1192 καὶ
1063 1138 1231 1196 εἷπον·
1264 1143 1431 1215 Κύριε
1477 1147 1505 1197 ὁ
1533 1146 1663 1208 Θεὸς
1712 1148 1741 1199 6

194 1221 384 1289 μέγας,
432 1223 524 1274 καὶ
580 1222 911 1293 θαυμαστὸς,
952 1230 980 1280 6
1013 1231 1294 1298 φυλάσσων
1342 1235 1439 1303 τὴν
1483 1236 1739 1308 διαθήκην

188 1312 285 1364 καὶ
310 1312 398 1364 τὸν
422 1312 570 1365 ἔλεον
594 1316 711 1376 τοῖς
742 1316 995 1383 ἁταπῶσί
1031 1336 1109 1383 σε,
1164 1322 1257 1375 καὶ
1282 1323 1618 1391 ,φυλάσσουσι
1642 1328 1739 1390 τὰς

190 1398 407 1462 ἐντολάς
433 1416 551 1453 σου.

257 1488 315 1541 5.
352 1488 720 1560 Ἦμάρτομεν,
770 1491 1144 1563 ἠδικήσαμεν,
1206 1497 1581 1570 ἢσεὸήσαμεν,
1645 1505 1737 1556 καὶ

187 1574 516 1645 ἀπέστημεν,
563 1579 662 1631 καὶ
718 1579 1066 1651 ἐξεκλιναμεν
1093 1584 1200 1637 ἀπὸ
1227 1585 1333 1639 τῶν
1356 1589 1583 1643 ἐντολῶν
1611 1607 1729 1657 σου,

188 1664 281 1715 καὶ
302 1664 404 1716 ἀπὸ
426 1665 532 1717 τῶν
563 1668 859 1737 κριμάτων
893 1687 1013 1725 σου.

1847 528 2054 581 Domini
2084 530 2147 583 ad
2181 529 2485 593 Jeremiam,
2526 536 2835 601 prophetam
2882 531 2935 584 in
2963 532 3368 600 completionem

1845 616 2188 672 desolationis
2223 618 2517 674 Jerusalem
2546 621 2879 691 septuaginta
2917 624 3092 675 annis.

1913 790 1965 842 '5.
2008 788 2073 843 Et
2102 790 2219 844 dedi
2249 791 2436 845 faciem
2461 809 2632 847 meam
2674 796 2737 847 ad
2772 794 3053 850 Dominum
3099 797 3283 863 Deum,
3314 807 3373 851 ut

1842 895 2131 947 quzererem
2164 897 2365 949 preces,
2401 893 2455 938 et
2483 885 2910 940 obsecrationem
2944 887 2994 939 in
3043 887 3284 956 jejuniis,
3319 896 3371 941 et

1841 969 1903 1029 in
1927 985 2101 1035 sacco,
2136 979 2189 1025 et
2214 972 2411 1027 cinere.
3242 1022 3254 1031 .

1910 1056 1962 1108 4.
2004 1057 2068 1110 Ει
2096 1059 2242 1111 oravi
2275 1060 2339 1112 ad
2372 1059 2656 1114 Dominum
2709 1060 2875 1115 Deum
2923 1079 3123 1127 meum,
3155 1074 3207 1118 et
3238 1081 3368 1118 con-

1839 1142 2013 1198 fessus
2042 1160 2182 1209 sum,
2209 1156 2261 1199 et
2282 1148 2389 1201 dixi
2415 1165 2433 1201 :
2462 1147 2681 1203 Domine
2709 1151 2850 1206 Deus
2885 1168 3093 1221 magne,
3120 1163 3171 1207 et
3206 1156 3367 1207 mira-

1836 1233 1979 1298 bilis,
2011 1236 2317 1292 custodiens
2365 1247 2762 1303 testamentum,
2828 1250 2882 1294 et
2947 1242 3367 1298 misericordiam

1836 1322 2177 1393 diligentibus
2214 1335 2283 1391 te,
2318 1336 2371 1380 et
2404 1329 2825 1385 custodientibus
2857 1333 3107 1386 mandata
3134 1342 3244 1386 tua.
3278 1361 3281 1367 ι

1904 1504 1958 1558 5.
1998 1503 2361 1569 Peccavimus,
2396 1504 2731 1572 iniquitatem
2766 1503 3010 1567 fecimus,
3060 1505 3219 1572 impie
3249 1506 3365 1574 egi-

1833 1608 1974 1656 mus,
2023 1603 2075 1648 et
2122 1595 2460 1657 recessimus,
2515 1603 2568 1647 et
2620 1593 3365 1649 decliuavimusamandatis

1835 1682 1959 1747 tuis,
1988 1690 2041 1734 et
2065 1698 2094 1734 a
2116 1681 2332 1750 judiciis
2361 1680 2486 1735 tuis.

252 1751 305 1803 6.
334 1752 438 1803 Kal
462 1753 562 1805 ούκ
590 1755 906 1825 ἠκούσαμεν
945 1759 1053 1811 τῶν
1105 1761 1301 1817 δούλων
1339 1782 1431 1819 σου
1461 1768 1568 1821 τῶν
1600 1787 1730 1840 προν-

1903 1740 1955 1823 6.
1991 1770 2053 1823 Et
2078 1740 2181 1822 non
2214 1769 2515 1823 audivimus
2549 1785 2732 1825 servos
2760 1781 2879 1826 tuos
2906 1773 3195 1841 prophetas
3219 1812 3235 1837 ,
3270 1773 3363 1842 qui

185 1838 387 1928 ιρητῶν,
414 1842 461 1892 οἶ
483 1841 710 1896 ἐλάλουν
737 1846 794 1896 ὲν
819 1846 895 1915 τῷ
922 1848 1147 1919 ὀνόματί
1172 1869 1262 1904 σου
1292 1857 1424 1923 πρὸς
1447 1861 1569 1920 τοὺς
1586 1838 1734 1928 βασι-

180 1925 288 1988 lsi;
308 1928 479 1997 ήμῶν,
509 1932 605 1983 καὶ
629 1933 770 2000 πρὸς
800 1936 925 1998 τοὺς
952 1936 1211 2007 ἄρχοντας
1238 1942 1408 2011 ἡμῶν,
1454 1947 1544 1998 καὶ
1571 1925 1732 2000 πατέ-

182 2033 280 2103 ρας
308 2017 478 2086 ήμῶν,
520 2022 614 2072 καὶ
650 2023 787 2092 πρὸς
814 2026 989 2079 πάντα
1014 2027 1104 2080 τὸν
1129 2029 1251 2082 λαὸν
1289 2032 1387 2101 τῆς
1416 2036 1533 2103 γῆς.

250 2102 303 2194 :1.
332 2106 436 2170 Σοὶ,
470 2108 670 2179 Κύριε,
715 2113 749 2179 ἡ
789 2111 1126 2184 δικαιοσύνη,
1153 2120 1244 2171 καὶ
1270 2122 1397 2190 ἡμῖν
1444 2125 1475 2192 ή
1510 2126 1732 2194 αἰσχύνη

181 2192 270 2244 τοῦ
309 2195 621 2264 προσώπου,
655 2199 733 2261 ώς
768 2202 801 2270 ἡ
834 2203 1018 2273 ἡμέρα
1046 2205 1204 2276 αὕτη,
1235 2209 1386 2278 ἀνδρὶ
1422 2192 1731 2277 Ἰούδαξκαι

179 2282 289 2342 τοῖς
317 2284 663 2339 κατοικοῦσιν
685 2289 746 2340 ὲν
782 2289 1153 2364 Ἰερουσαλὴμ.
1180 2298 1273 2349 καὶ
1299 2300 1457 2351 παντὶ
1499 2302 1728 2371 Ἰσραὴλ,

180 2370 287 2430 τοῖς
322 2371 513 2445 ἐγγὺς,
542 2374 774 2438 καὶτοῖς
806 2378 1021 2445 μακρὰν
1044 2383 1099 2433 ὲν
1150 2382 1297 2455 πάσῃ
1328 2388 1393 2455 τῇ
1421 2390 1512 2457 γῇ,
1540 2383 1598 2440 οὗ
1627 2370 1733 2442 διέ-

182 2471 402 2528 σπειρας
428 2462 629 2527 αὐτοὺς
662 2465 780 2517 ἐκεῖ
800 2467 857 2517 ἐν
889 2467 1077 2538 ἀθεσίᾳ
1106 2471 1279 2524 αὐτῶν
1365 2476 1631 2545 ἠθέτησαν
1672 2480 1731 2531 ὲν

183 2547 281 2598 eoi.

244 2637 299 2690 8.
325 2638 516 2708 Κύριε,
550 2642 687 2711 ἡμῖν
739 2644 967 2716 αἰσχύνη
1012 2647 1105 2699 τοῦ
1162 2650 1467 2717 προσώπου,
1507 2654 1730 2717 καὶτοῖς

182 2720 484 2788 βασιλεῦσιν
510 2727 697 2796 ἡμῶν,
727 2731 821 2782 καὶ
848 2734 962 2793 τοῖς
1015 2732 1269 2802 ἄρχουσιν
1300 2738 1473 2807 ἡμῶν,
1502 2743 1594 2792 καὶ
1622 2745 1729 2803 τοῖς

181 2814 445 2882 πατράσιν
478 2818 661 2886 ἡμῶν,
694 2820 909 2882 οἵτινες
936 2823 1255 2893 ἡμάρτομεν
1281 2828 1345 2892 ὲν.
1371 2829 1470 2880 σοί.

245 2902 297 2954 9.
332 2903 421 2954 Τῶ
452 2905 643 2975 Κυρίῳ
675 2906 796 2976 Θεῴ
815 2906 972 2977 ἡμῶν
998 2910 1046 2961 οἱ
1084 2912 1370 2982 οἱκτιρμοὶ,
1415 2915 1504 2967 καὶ
1532 2916 1580 2967 οἱ
1616 2916 1728 2969 ἱλα-

184 2992 323 3059 σμοὶ,
344 2994 425 3045 ὅτι
446 2995 786 3066 ἀπέστημεν.

247 3082 335 3135 10.
362 3082 464 3136 Kal
484 3086 586 3137 οὐκ
616 3087 1021 3158 εἰσηκούσαμεν
1069 3089 1167 3159 τῆς
1203 3093 1382 3163 φωνῆς
1412 3096 1611 3166 Κυρίου
1637 3097 1729 3150 τοῦ

183 3170 309 3224 Θεοῦ
337 3175 513 3243 ἡμῶν,
548 3177 881 3247 πορεύεσθαι
930 3182 988 3233 ὲν
1038 3185 1147 3245 τοῖς
1200 3184 1382 3253 νόμοις
1434 3188 1617 3251 αὑτοῦ,
1651 3184 1731 3253 οἷς

184 3258 343 3313 ἔδωκε
388 3263 528 3316 κατὰ
581 3266 877 3336 πρόσωπον
921 3268 1078 3338 ἡμῶν
1111 3272 1168 3322 ὲν
1201 3274 1343 3341 χειρὶ
1395 3274 1500 3328 τῶν
1532 3275 1730 3329 δούλων

185 3350 341 3403 αὑτοῦ
369 3352 479 3405 τῶν
508 3356 830 3424 προφητῶν.

251 3441 335 3493 11.
372 3444 483 3495 Kal
509 3448 617 3508 πᾶς
664 3446 886 3518 Ἰσραὴλ
910 3450 1224 3519 παρέόησαν
1268 3452 1356 3504 τὸν
1416 3453 1574 3522 νόμον
1612 3473 1727 3522 σου,

184 3530 271 3582 καὶ
301 3532 582 3596 ἐξέκλιναν
610 3535 708 3588 τοῦ
761 3539 836 3607 μὴ
882 3536 1110 3591 ἀκοῦσαι
1168 3543 1267 3610 τῆς
1295 3543 1473 3612 φωνῆς
1496 3560 1608 3606 σου,
1638 3547 1731 3598 καὶ

185 3622 413 3692 ἐπῆλθεν
436 3627 519 3693 ἐφ’
551 3628 584 3696 ἡ
594 3628 704 3696 μᾶς
730 3628 763 3696 ἡ
787 3630 1020 3699 κατάρα,
1052 3630 1149 3683 καὶ
1195 3634 1222 3683 6
1248 3632 1403 3700 ὅρκος
1424 3635 1452 3684 6
1486 3650 1730 3704 γεγραμ-

185 3713 337 3778 μένος
360 3716 420 3766 ὲν
444 3715 589 3785 νόμῳ
625 3717 798 3787 Μωσῆ
846 3717 1031 3771 δούλου
1064 3720 1156 3772 τοῦ
1182 3719 1335 3782 Θεοῦ,
1363 3723 1443 3774 ὃτι
1480 3725 1722 3794 ἡμάρτο-

182 3816 277 3867 μεν
300 3804 473 3873 αύτῷ.

243 3891 331 3946 12.
361 3894 473 3945 Καὶ
489 3894 684 3965 ἔστησε
711 3896 837 3955 τοὺς
884 3895 1072 3963 λόγους
1126 3898 1308 3960 αὐτοῦ,
1334 3898 1423 3962 οὓς
1471 3901 1729 3972 ἐλάλησεν

180 3978 261 4044 ἐφ’
293 3983 463 4051 ἡμᾶς,
494 3985 587 4037 καὶ
643 3984 737 4036 ἐπὶ
804 3985 929 4047 τοὺς
981 3987 1171 4055 κριτὰς
1213 3987 1387 4056 ἡμῶν,
1422 3989 1471 4041 οἳ
1522 3990 1729 4061 ἔκρινον

177 4069 316 4134 ἡμᾶς
327 4073 628 4140 ἐπαγαγεῖν
651 4076 735 4142 ἐφ’
753 4075 901 4143 ἡμᾶς
919 4074 1064 4127 κακὰ
1088 4076 1312 4144 μεγάλα.
1330 4073 1414 4129 οἷα
1429 4079 1487 4130 οὐ
1513 4081 1728 4149 γέγονεν

180 4155 431 4211 ὑποκάτω
456 4162 656 4224 παντὸς
693 4160 790 4213 τοῦ
819 4161 1068 4233 ούρανοῦ,
1100 4163 1239 4216 κατὰ
1261 4164 1328 4217 τὰ
1368 4166 1627 4235 γενόμενα
1671 4171 1727 4220 ἐν

188 4244 489 4320 Ἵερουσαλή
499 4269 557 4320 μ.

1833 1856 2184 1924 loquebantur
2213 1858 2425 1911 nomine
2477 1866 2569 1911 tuo
2603 1860 2667 1912 ad
2712 1876 2864 1928 reges
2913 1874 3166 1925 nostros,
3218 1872 3270 1917 et
3297 1863 3363 1916 ad

1831 1945 2098 2013 principes
2128 1955 2359 2007 nostros,
2387 1955 2441 2000 et
2472 1957 2647 2016 patres
2683 1961 2912 2015 nostros,
2957 1963 3009 2005 et
3056 1953 3121 2006 ad
3150 1968 3362 2006 onmem

1830 2033 2082 2101 populum
2118 2044 2289 2087 terra}.

1902 2123 1950 2174 7.
1993 2122 2132 2185 Tibi,
2164 2123 2403 2188 Domine,
2438 2125 2662 2194 iustitia,
2697 2127 2854 2181 nobis
2880 2139 3056 2182 autem
3117 2129 3362 2183 ccufusio

1828 2209 2003 2274 faciei,
2032 2212 2169 2265 sicut
2188 2211 2299 2265 dies
2335 2212 2464 2274 haec,
2500 2213 2613 2265 viro
2640 2212 2794 2277 Juda,
2820 2225 2873 2268 et
2919 2217 3279 2271 habitantibus
3306 2217 3360 2270 in

1827 2299 2141 2364 Jerusalem,
2175 2309 2228 2353 et
2262 2301 2405 2352 omni
2449 2302 2633 2361 Israel.
2680 2303 2762 2356 his
2810 2305 2901 2371 qui
2941 2320 3102 2372 prope
3133 2316 3277 2369 sunt,
3308 2316 3363 2358 et

1828 2387 1913 2441 his
1967 2387 2059 2455 qui
2089 2388 2272 2455 procul
2317 2388 2372 2440 in
2422 2389 2668 2442 universa
2707 2400 2867 2455 terra,
2916 2407 3024 2460 quo
3060 2394 3359 2461 dispersisti

1827 2489 1917 2528 eos
1947 2475 2092 2539 illuc,
2126 2476 2181 2530 in
2224 2478 2661 2544 prmvaricatioue
2709 2493 2915 2543 eorum,
2950 2497 3055 2549 qua
3110 2485 3361 2550 praevari-

1828 2564 1935 2618 cati
1975 2574 2102 2618 sunt
2123 2567 2174 2618 in
2206 2575 2277 2620 te.

1896 2653 1950 2706 8.
1990 2653 2236 2720 Domine,
2268 2656 2425 2710 nobis
2454 2656 2701 2711 confusio
2733 2658 2907 2721 faciei,
2943 2670 2995 2713 et
3025 2662 3237 2728 regibus
3264 2679 3361 2714 no-

1826 2742 1975 2807 stris,
2013 2732 2085 2796 'et
2140 2745 2471 2812 principibus
2502 2747 2721 2809 nostris,
2762 2757 2815 2801 et
2865 2749 3109 2817 patribus
3140 2752 3357 2815 nostris,

1827 2834 1919 2903 qui
1953 2836 2294 2904 peccavimus
2325 2837 2378 2889 in
2415 2845 2484 2890 te.

1898 2925 1951 2977 9.
1994 2924 2221 2978 Domino
2251 2923 2360 2978 Deo
2395 2936 2581 2979 nostro
2619 2925 3014 2993 miserationes,
3066 2938 3119 2981 et
3176 2932 3358 2997 propi-

1830 3013 2101 3078 tiationes,
2140 3015 2262 3081 quia
2293 3018 2633 3069 recessimus.
3133 3029 3141 3038 '

1900 3103 1984 3157 10.
2026 3104 2093 3156 Ει
2116 3119 2219 3156 non
2252 3104 2619 3159 exaudivimus
2650 3119 2837 3160 vocem
2887 3105 3102 3161 Domini
3138 3106 3232 3162 Dei
3264 3124 3362 3162 no-

1829 3193 2449 3253 stri,utambularernus
2501 3194 2558 3247 in
2615 3193 2824 3263 legibus
2879 3196 3018 3264 ejus,
3053 3212 3187 3266 quas
3216 3198 3364 3252 dedit

1826 3289 1952 3335 ante
1982 3279 2171 3334 faciem
2212 3291 2451 3335 nostram
2502 3283 2558 3335 in
2608 3298 2771 3337 manu
2833 3298 3109 3341 servorum
3140 3302 3360 3343 suorum

1829 3372 2226 3441 prophetarum.

1898 3460 1984 3513 11.
2024 3459 2089 3513 Et
2118 3460 2290 3514 omnis
2317 3460 2480 3514 Israel
2498 3462 2826 3529 praevaricati
2851 3474 2976 3519 sunt
2999 3466 3168 3534 legem
3192 3476 3358 3534 tuam,

1827 3557 1881 3600 et
1916 3548 2334 3611 declinaverunt,
2361 3563 2427 3601 ne
2459 3548 2704 3601 audirent
2746 3565 2931 3603 vocem
2970 3562 3136 3614 tuam,
3186 3563 3239 3606 et
3268 3572 3361 3609 su-

1826 3634 2069 3702 pervenit
2091 3649 2252 3703 super
2279 3649 2379 3689 nos
2400 3634 2728 3697 maledictio,
2755 3646 2809 3689 et
2830 3637 3192 3703 juramentum
3216 3642 3357 3707 quod

1824 3724 2091 3793 scriptum
2124 3733 2205 3778 est
2228 3723 2282 3777 in
2312 3724 2430 3793 lege
2456 3723 2586 3778 Mosi
2624 3725 2762 3777 servi
2784 3725 2895 3792 Dei,
2943 3728 3073 3796 quia
3113 3732 3360 3797 peccavi-

1828 3828 1946 3867 mus
1976 3814 2047 3867 ei.

1895 3902 1980 3956 12.
2021 3903 2088 3957 Et
2116 3903 2303 3957 statuit
2333 3918 2610 3959 sermones
2638 3920 2788 3970 suos,
2834 3920 2971 3975 quos
3016 3905 3226 3962 locutus
3278 3920 3359 3963 est

1825 4009 1986 4063 super
2020 4009 2142 4060 nos,
2174 4006 2227 4048 et
2256 3994 2641 4064 superjudices
2671 4006 2904 4062 nostros,
2937 3997 3029 4066 qui
3049 3997 3358 4066 judicarunt

1826 4100 1940 4149 nos,
1976 4094 2035 4138 ut
2077 4086 2557 4154 superinducerent
2609 4103 2768 4157 super
2822 4102 2920 4143 nos
2973 4089 3112 4143 mala
3140 4105 3354 4159 magna,

1824 4176 2001 4243 qualia
2035 4192 2135 4229 non
2160 4176 2373 4231 fuerunt
2397 4178 2497 4232 sub
2543 4180 2687 4233 omni
2739 4178 2894 4241 cmlo,
2951 4186 3243 4235 secundum
3271 4197 3354 4249 ea,

1827 4277 1943 4330 quae
1970 4262 2107 4316 facta
2136 4273 2262 4317 sunt
2299 4266 2350 4319 in
2382 4264 2699 4321 Jerusalem.

244 4336 325 4389 l3.
355 4339 555 4399 Καθὼς
577 4338 890 4409 γέγραπται
907 4339 963 4390 ἐν
986 4339 1061 4408 τῷ
1079 4339 1223 4409 νόμῳ
1244 4341 1436 4408 Μωσῆ,
1463 4343 1636 4397 πάντα
1660 4345 1727 4396 τὰ

1895 4354 1983 4407 15.
2026 4352 2176 4408 Sicut
2198 4356 2453 4423 scriptum
2486 4368 2569 4411 est
2599 4358 2652 4410 in
2682 4359 2798 4427 lege
2828 4360 2984 4423 Mosi,
3018 4361 3196 4414 omnia
3216 4362 3355 4415 mala

180 4422 314 4474 κακὰ
339 4424 513 4477 ταῦτα
528 4422 696 4497 ἦλθεν
722 4426 808 4492 ἐφ’
844 4427 1018 4493 ἡμᾶς’
1054 4427 1147 4478 καὶ
1188 4429 1285 4480 οὐκ
1314 4428 1605 4499 ἐδεήθημεν
1633 4432 1724 4484 toﬁ

180 4512 461 4577 προσώπου
486 4516 696 4583 Κυρίου
724 4514 821 4567 toﬁ
856 4514 989 4567 Θεοῦ
1045 4516 1218 4584 ἡμῶν,
1247 4518 1575 4588 ἀποστρέψαι
1620 4522 1727 4573 ἀπὸ

180 4599 275 4652 τῶν
302 4603 525 4658 ἀδικιῶν
554 4604 735 4675 ἡμῶν,
789 4602 883 4655 καὶ
911 4603 1003 4656 τοῦ
1057 4605 1285 4658 συνιέναι
1323 4608 1381 4659 ὲν
1418 4608 1564 4681 πάσῃ
1593 4610 1724 4680 ἀλη-

179 4686 301 4759 θεία.

240 4780 323 4833 11.
348 4784 458 4835 Kal
493 4782 849 4853 ὲγρηγόρησε
880 4779 1081 4849 Κύριος
1110 4782 1139 4833 6
1163 4783 1289 4845 Θεὸς
1325 4786 1479 4855 ἡμῶν
1506 4789 1597 4841 ἐπὶ
1628 4791 1726 4861 τὴν

178 4870 360 4921 κακίαν
385 4874 419 4940 ἡ
428 4873 562 4940 μῶν,
590 4872 687 4923 καὶ
713 4872 931 4938 ἤγαγεν
960 4869 1121 4938 αὐτὴν
1142 4872 1401 4942 ἐφ’ὴμᾶς,
1418 4877 1499 4928 ὅτι
1524 4879 1725 4941 δίκαιος

176 4953 363 5023 Κύριος
386 4961 415 5011 ὁ
437 4961 567 5023 Θεὸς
598 4959 767 5029 ἡμῶν
809 4958 907 5008 ἐπὶ
939 4959 1110 5009 πᾶσαν
1147 4959 1241 5028 τὴν
1295 4957 1507 5034 ποίησιν
1540 4968 1722 5031 αὐτοῦ,

176 5042 234 5110 ην
277 5048 511 5118 ἐποίησε,
577 5050 719 5102 διότι
769 5046 879 5097 οὐκ
935 5046 1322 5117 εἰσηκούσαμεν
1396 5054 1491 5123 τῆς
1545 5056 1725 5124 φωνῆς

174 5147 317 5185 αυτου
327 5174 337 5185 .

232 5243 307 5296 15.
338 5247 443 5299 Καὶ
465 5247 568 5300 νῦν
600 5242 840 5310 Κύριεό
870 5239 998 5301 Θεὸς
1024 5241 1182 5309 ἡμῶν,
1214 5246 1284 5308 ὃς
1340 5252 1604 5321 ἐξήγαγες
1632 5253 1722 5305 τὸν

168 5326 277 5382 λαόν
320 5349 408 5385 σου
448 5338 515 5387 ὲκ
580 5331 695 5397 γῆς
745 5325 1023 5391 Αἰγύπτου
1059 5329 1110 5377 έν
1142 5334 1300 5400 χειρὶ
1343 5343 1595 5410 κραταιᾷ.
1630 5342 1723 5393 καὶ

169 5416 392 5487 ιποίησας
421 5417 649 5483 σεαυτῷ
680 5414 865 5473 ὄνομα
896 5411 969 5471 ὡς
994 5414 1022 5478 ἡ
1062 5416 1237 5485 ἡμέραν
1288 5425 1460 5496 αὕτη,
1489 5428 1723 5499 ἡμάρτο-

166 5509 674 5579 μν,ἡνομήσαμεν.τ
1256 5546 1261 5551 .
1285 5544 1305 5555 ,ς
1340 5554 1350 5573 δ
1374 5552 1395 5555 ,.

222 5592 293 5645 16.
320 5596 506 5664 Κύριε,
526 5595 592 5644 ἐν
620 5586 780 5653 πάσῃ
808 5584 1117 5658 ἐλεημοσύνη
1147 5609 1277 5661 σου,
1296 5600 1718 5674 κάποστραφήτω

1824 4442 1937 4495 haec
1972 4452 2232 4496 venerunt
2258 4458 2418 4511 super
2450 4460 2585 4499 nos:
2617 4454 2669 4498 et
2696 4462 2800 4498 non
2833 4448 3141 4516 rogavimus
3161 4449 3351 4503 faciem

1825 4531 2032 4583 Domini
2064 4530 2155 4584 Dei
2196 4532 2385 4595 nostri,
2419 4542 2479 4586 ut
2498 4544 2893 4589 reverteremur
2932 4536 3000 4590 ab
3052 4536 3354 4606 iniquitati-

1822 4621 1923 4675 bus
1949 4621 2170 4684 nostris,
2189 4629 2242 4674 et
2269 4629 2326 4674 ut
2348 4622 2765 4691 iutelligeremus
2786 4624 2840 4676 in
2864 4625 3008 4679 omni
3038 4626 3279 4681 veritate.

1894 4787 1978 4841 14.
2020 4786 2085 4840 Ει
2113 4787 2349 4856 vigilavit
2374 4787 2633 4845 Dominus
2660 4791 2798 4845 Deus
2828 4802 3007 4847 uoster
3031 4810 3193 4863 super
3236 4814 3351 4851 ma-
3433 4822 3450 4839 ι

1822 4874 1988 4928 litiam
2013 4884 2272 4939 nostram,
2305 4885 2358 4930 et
2419 4878 2640 4932 adduxit
2671 4896 2791 4933 eam
2847 4897 3007 4949 super
3028 4898 3127 4937 nos
3166 4904 3181 4938 :
3225 4890 3350 4955 quia

1819 4964 1997 5032 justus
2034 4963 2292 5020 Dominus
2341 4965 2482 5021 Deus
2528 4978 2709 5022 noster
2743 4968 2795 5020 in
2845 4969 2991 5022 omni
3031 4985 3193 5038 opere
3226 4989 3347 5040 suo,

1822 5054 1964 5121 quod
1995 5052 2119 5106 fecit
2151 5071 2163 5105 :
2194 5054 2319 5121 quia
2344 5070 2449 5108 non
2473 5056 2843 5109 exaudivimus
2868 5071 3049 5110 vocem
3079 5058 3222 5126 ejus.

1892 5250 1977 5303 15.
2018 5250 2083 5303 Et
2115 5264 2276 5312 nunc,
2306 5249 2530 5305 Domine
2556 5250 2696 5304 Deus
2745 5260 2944 5315 noster,
2974 5250 3064 5318 qui
3115 5254 3352 5313 eduxisti

1820 5341 2070 5408 populum
2098 5349 2248 5393 tuum
2278 5338 2343 5394 de
2365 5350 2503 5395 terra
2548 5338 2761 5407 Aﬂgypti
2806 5340 2858 5391 in
2906 5354 3065 5392 manu
3098 5340 3251 5407 forti,
3303 5359 3357 5402 et

1821 5427 1990 5481 fecisti
2013 5428 2104 5480 tibi
2146 5442 2333 5481 nomen
2361 5430 2499 5483 sicut
2528 5429 2643 5481 dies
2671 5427 2783 5479 ba‘c
2818 5442 2832 5476 :
2864 5430 3225 5495 pe¢cavimus,
3257 5434 3360 5489 im-

1821 5518 1904 5584 pie
1933 5518 2155 5585 egimus.

1892 5606 1975 5659 16.
2016 5605 2255 5669 Domine,
2285 5606 2337 5661 in
2387 5606 2534 5659 omni
2592 5604 2969 5659 misericordia
3001 5615 3110 5672 tua,
3136 5618 3366 5665 averta-
