1937 3169
396 184 468 213 ⁸2883

914 175 1034 206 DANIEL
1060 177 1169 205 JUXTA
1188 175 1446 204 THEODOTIONEH

396 247 453 273 tur,
466 242 588 272 obsecro,
604 240 676 266 furor
693 243 763 269 tuus,
784 240 810 264 et
825 237 864 263 ira
889 241 933 263 tua
960 245 973 262 a
991 236 1098 262 civitate
1112 239 1156 260 tua

1001 236 1098 262 :ivitate
1112 239 1156 260 tua
1174 237 1197 264 Α
1209 233 1241 268 δὴ
1252 235 1266 260 ό
1279 234 1363 268 θυμός
1378 241 1431 263 σου,
1442 231 1474 258 καὶ
1484 230 1495 264 ἡ
1507 227 1553 262 ὀργή
1562 234 1601 273 σου*
1610 223 1651 273 ait?)
1661 222 1704 273 τῆί
1710 220 1766 273 ’πῆλε

397 286 556 317 Jerusalem,
583 289 671 311 monte
690 283 781 309 san'eto
809 287 864 308 tuo.
882 281 949 313 Quia
977 284 1085 314 propter
1098 286 1158 313 pec-

399 338 460 359 cata
475 336 573 363 nostra,
587 334 613 357 et
627 332 731 363 propter
747 328 899 362 iniquitates
924 330 1030 352 nostras
1040 345 1047 357 ,
1070 329 1096 351 et
1112 331 1159 358 pa-

362 377 368 384 '
400 381 469 403 trum
482 381 653 405 nostrorum,
680 372 839 402 Jerusalem.
866 375 893 398 et
918 371 1030 405 populus
1058 374 1118 396 tuus
1132 369 1159 394 in

399 421 570 455 opprobrium
597 418 683 445 factus
709 422 749 445 est
772 417 906 447 omnibus,
938 416 983 450 qui
1000 416 1026 442 in
1046 414 1160 441 circuitu

400 469 491 491 ιιοςιτο
502 468 574 490 sunt.

433 509 475 535 t7.
498 508 530 534 Et
545 514 615 534 nunc
630 506 736 537 exaudi,
753 505 862 532 Domine
871 505 939 532 Deus
948 509 1048 536 noster,
1062 503 1162 530 oratio-

398 561 457 579 nem
470 552 539 579 servi
554 556 603 584 tot,
622 556 648 578 et
670 558 761 585 preces
785 550 860 584 ejus,
889 554 916 576 et
938 548 1049 576 ostende
1065 547 1159 574 faciem

398 603 470 624 tuam
486 604 567 631 super
578 597 759 623 sancto-arium
774 598 862 627 tuum,
876 595 947 629 quod
961 594 1095 620 desertum
1109 596 1160 625 est,

398 646 506 677 propter
521 647 556 673 te,
571 641 691 667 Domine.

434 687 475 713 18.
496 686 606 718 lnclina,
624 685 692 711 Deus
708 691 792 715 meus,
815 690 907 709 aurem
932 686 1014 711 tuam.
1037 684 1063 708 et
1079 680 1158 708 audi:

399 731 472 765 aperi
486 731 578 757 oculos
590 734 661 761 tuos,
675 733 700 755 et
713 728 773 754 vide
793 727 984 754 desolationem
1000 729 1127 758 nostram.
1138 728 1164 750 et

400 775 514 803 civitatis
526 780 585 805 tuae,
602 775 627 800 in
643 781 695 808 qua
713 774 864 799 invocatum
881 775 922 798 est
939 777 1034 796 nomen
1047 774 1121 796 tuum
1136 769 1162 795 in

400 829 430 847 ea
445 830 451 847 ε
469 821 531 854 quia
547 827 598 846 non
622 819 648 845 in
662 817 902 852 justiﬁeatiouibus
918 815 1017 842 nostris
1036 821 1085 841 nos
1100 820 1164 848 pro-

401 865 545 891 sternimus
559 863 755 890 miserationem
770 868 860 888 coram
872 865 908 891 te,
927 860 973 887 sed
994 865 1072 893 super
1085 858 1164 885 mise-

362 918 364 921 '
401 911 520 936 rationes
535 914 596 935 tuas
607 907 714 938 multas,
730 905 851 931 Domine.
1015 933 1018 936 .

435 954 477 981 i9.
488 953 599 988 Exaudi,
614 951 734 978 Domine.
744 949 901 984 propitiare,
911 947 1033 978 Domine,
1051 945 1165 976 attende,

400 998 521 1029 Domine,
537 996 589 1029 fac,
606 995 716 1021 Domine
740 1002 747 1021 :
766 999 793 1020 et
822 1001 855 1020 ne
883 992 995 1019 moreris
1008 997 1114 1026 propter
1142 995 1167 1017 te

400 1043 498 1077 ipsum,
518 1041 586 1068 Deus
598 1047 672 1067 meus
688 1047 694 1065 :
711 1038 836 1073 quoniam
855 1044 953 1064 nomen
967 1041 1041 1063 tuum
1055 1036 1163 1062 invoca-

399 1090 454 1111 tum
461 1089 501 1112 est
512 1092 591 1119 super
600 1084 732 1110 civitatem
742 1085 854 1113 tuam,et
861 1088 940 1115 super
948 1080 1072 1115 populum
1082 1084 1165 1106 tuum.

433 1131 478 1157 20.
500 1130 531 1157 Et
544 1130 632 1156 adhuc
648 1136 690 1155 me
703 1128 845 1162 loquente,
874 1130 900 1153 et
927 1131 1030 1155 orante,
1046 1128 1073 1151 et
1087 1124 1169 1151 conti-

402 1178 471 1200 teute
486 1176 593 1208 peccata
606 1179 663 1198 mea
676 1191 683 1203 ,
699 1175 725 1197 et
739 1174 845 1205 peccata
860 1168 951 1203 populi
965 1169 1014 1194 mei
1036 1167 1125 1199 lsrael,
1141 1171 1168 1193 et

400 1220 587 1251 prosterneute
609 1214 809 1241 miserationem
835 1220 922 1239 meam
947 1218 1036 1239 coram
1055 1210 1168 1237 Domino

401 1263 454 1290 Deo
468 1269 538 1293 meo,
553 1268 601 1295 pro
612 1263 702 1287 monte
716 1262 809 1286 sancto
823 1257 909 1285 sancti
933 1256 979 1284 Dei
993 1256 1055 1282 mei.

435 1347 478 1373 21.
499 1347 531 1373 Et
544 1346 630 1372 adhuc
643 1351 685 1371 me
702 1345 829 1379 loquente
856 1344 883 1370 in
909 1343 1041 1375 oratione,
1055 1347 1081 1370 et
1106 1349 1169 1370 ecce

401 1392 443 1418 vir
456 1391 576 1422 Gabriel,
589 1397 669 1424 quem
685 1389 802 1416 videram
816 1389 843 1415 in
856 1388 958 1415 visione
973 1395 1029 1414 mea
1052 1388 1077 1414 in
1093 1388 1168 1421 priu-

402 1437 483 1471 cipio,
500 1436 603 1468 volans,
616 1438 642 1462 et
658 1434 744 1468 tetigit
759 1441 801 1460 me
811 1432 889 1467 quasi
902 1432 967 1459 hora
984 1432 1108 1459 sacriﬁcii
1122 1440 1169 1459 ve-

402 1480 525 1515 spertlni.

436 1525 480 1552 22.
500 1525 532 1552 Et
547 1523 694 1557 intelligere
711 1522 774 1550 fecit
795 1529 838 1549 me
855 1541 863 1555 ,
879 1526 906 1548 et
926 1521 1032 1548 loeutus
1048 1525 1088 1547 est
1111 1527 1168 1547 me-

402 1577 474 1602 cum,
490 1574 515 1596 et
526 1568 612 1595 dixit:
628 1567 731 1599 Daniel,
747 1573 819 1594 nunc
833 1566 902 1593 exivi
912 1565 1033 1592 imbuere
1046 1570 1072 1591 te
1088 1565 1166 1591 intel-

403 1614 521 1649 ligentia.

436 1658 479 1684 25.
501 1658 528 1684 ln
545 1656 675 1692 principio
689 1654 885 1683 obsecrationis
898 1659 949 1681 ture
961 1654 1043 1681 exivlt
1057 1661 1163 1681 sermo:

403 1708 428 1729 et
447 1709 496 1736 ego
511 1701 579 1733 veni,
598 1707 628 1728 ut
642 1701 798 1727 annuntiem
811 1699 870 1731 tibi,
883 1699 947 1733 quia
959 1698 1001 1725 vir
1019 1698 1166 1725 desiderio-

402 1753 461 1772 rum
473 1752 503 1772 es
516 1749 560 1777 tu;
575 1748 602 1771 et
615 1744 731 1778 recogita
748 1744 776 1769 in
785 1742 876 1769 verbo.

435 1790 479 1816 24.
517 1783 690 1823 Septuaginta
717 1787 895 1814 hebdomade:
921 1785 1081 1813 abbreviatae
1103 1789 1166 1812 sunt

402 1844 483 1871 super
494 1837 621 1871 populum
636 1840 719 1868 tuum,
735 1839 761 1862 et
775 1842 856 1869 super
880 1834 1011 1862 civitatem
1033 1838 1164 1866 sanetam,

402 1881 576 1915 quoadusque
591 1880 744 1914 antiquetur
759 1879 897 1911 delictum,
917 1883 944 1906 et
965 1882 1165 1906 consummetur

402 1931 550 1960 peccatum,
566 1930 593 1952 et
604 1926 777 1959 obsignentur
790 1928 908 1958 peccata,
924 1928 951 1951 et
967 1924 1104 1951 deleantur
1114 1923 1165 1950 im—

402 1969 523 2003 pietates,
548 1972 574 1995 et
598 1968 774 2002 propitientur
791 1966 955 2000 iniquitates,
970 1970 996 1993 et
1019 1965 1164 1991 adducatur

400 2014 503 2048 iustitia
517 2013 687 2046 sempiterna,
714 2015 740 2037 et
763 2010 880 2044 signetur
892 2011 970 2042 visio,
985 2014 1011 2037 et
1024 2008 1163 2044 propheta,

400 2061 430 2084 et
446 2060 561 2090 nugatur
574 2055 687 2082 Sanctus
700 2058 863 2082 sanctorum.

436 2146 482 2175 ‘25.
500 2145 533 2172 Et
547 2135 627 2175 scies,
642 2148 668 2170 et
681 2143 795 2176 itelliges
809 2161 817 2174 ,
831 2142 864 2168 ab
877 2142 951 2169 exitu
965 2149 1118 2169 sermonum
1129 2142 1163 2169 ad

1214 266 1387 313 Ἰερουσαλὴμ
1397 277 1463 311 ὅρους
1471 273 1524 308 ἁγίου
1535 269 1654 298 oon-61th
1668 267 1724 313 ταῖὶ
1729 266 1767 300 ἅμ(

1208 311 1294 358 ἡμῶν,
1308 311 1393 348 καὶνὲν
1410 322 1459 350 ταῖς
1469 318 1550 348 ἀδικίαις
1561 315 1618 351 ἡμῶν
1642 312 1680 340 καὶ
1753 319 1767 336 τι

1208 356 1295 402 ἡμῶν,
1309 366 1473 401 Ἰερουσαλὴμ,
1485 364 1518 390 καὶ
1529 364 1539 389 ὁ
1551 361 1599 391 λαός
1622 367 1659 384 σου
1680 357 1715 388 εις
1734 356 1767 382 ὀνε

1210 412 1314 446 ἐγένετο
1328 412 1356 438 ὲν
1366 412 1430 437 πᾶσι
1443 411 1483 440 τοῖς
1492 405 1607 442 περικύκλῳ
1617 402 1691 438 ἡμῶν.
1766 405 1767 410 ‘

1244 498 1287 524 l7.
1304 498 1357 524 Kal
1372 497 1418 524 νῦν
1429 495 1554 526 εἰσάκουσον,
1567 492 1636 528 Κύριε
1645 491 1658 516 ὸ
1669 488 1728 521 Θεδς
1740 486 1767 524 ml

1211 542 1362 577 προσευχῆς
1377 540 1422 567 τοῦ
1444 539 1511 566 δούλου
1521 546 1564 570 σου,
1574 537 1611 563 καὶ
1629 534 1675 561 τῶν
1689 534 1767 573 δεήσει

1210 586 1256 613 καὶ
1265 585 1396 620 ἐπιφανον
1410 587 1437 611 τὺ
1448 582 1556 619 πρόσωπόν
1567 590 1604 607 σου
1611 580 1650 606 ἐπὶ
1665 580 1693 606 τὺ
1717 578 1767 613 hic

1211 631 1258 666 ἐρη
1262 640 1320 666 μον,
1335 630 1425 656 ἕνεκέν
1439 638 1482 661 σου,
1492 628 1564 663 Κύριε.

1247 665 1292 702 η.
1306 674 1411 706 κλῖνον,
1429 674 1442 699 ό
1452 673 1500 705 Θεός
1512 681 1561 708 μου,
1576 671 1601 697 τὸ
1610 667 1650 702 οὖς
1666 678 1722 702 σου,
1731 665 1767 701 mi

1211 718 1312 750 ἄνοιξον
1322 718 1386 749 τοὺς
1398 715 1524 751 ὀφθαλμούς
1536 723 1581 747 σου,
1591 715 1631 740 καὶ
1648 712 1685 740 ῐδε
1707 713 1752 739 τὸν

1212 762 1298 797 ἡμῶν,
1325 761 1372 788 καὶ
1394 761 1440 796 τῆς
1457 759 1537 790 πόλεώς
1548 766 1595 790 σου,
1608 756 1645 791 ἐφ’
1662 754 1694 792 ἧς
1710 757 1767 783 ἔπιδε

1212 806 1296 841 ὄνομά
1310 815 1356 832 σου
1371 804 1415 832 ἐπ’
1428 805 1497 839 αὐτῇ·
1510 804 1543 830 ὃτι
1565 803 1607 829 οὐκ
1626 802 1670 828 ἐπὶ
1680 802 1740 832 ταῖς
1755 801 1767 827 δ

1213 852 1289 886 ἡμῶν
1302 852 1381 886 ἡμεῖς
1394 851 1505 886 ρίπτομεν
1528 848 1565 875 τὸν
1588 847 1720 883 οἱκτιρμδν
1747 847 1767 889 ιιι

1179 895 1200 922 Β
1213 896 1269 923 ἀλλ’
1283 897 1328 922 ἐπὶ
1337 896 1399 927 τοὺς
1406 894 1538 930 οίκτιρμούς
1547 902 1586 920 σου
1600 894 1656 924 τοὺς
1668 891 1766 919 πολλοῦ

1251 940 1292 967 i9.
1309 940 1466 967 Εισάκουσον
1478 938 1558 974 Κύριε,
1583 936 1699 972 ίλάσθητι
1719 936 1767 965 Κύξ

1215 984 1309 1019 Κύριε,
1324 984 1433 1019 ποίησον
1448 983 1575 1018 Κύριε,καί.
1589 982 1623 1017 μὴ
1635 978 1767 1017 χρονίσῃξ

1215 1028 1280 1059 Θεός
1297 1036 1357 1063 μου,
1372 1029 1413 1054 ὅτι
1430 1028 1457 1054 τὸ
1477 1027 1550 1063 δνομά
1566 1035 1608 1053 σου
1633 1020 1767 1061 ἐπικέκλή

1216 1073 1291 1099 πόλιν
1306 1080 1364 1105 σου,
1377 1073 1424 1098 καὶ
1434 1072 1474 1098 ἐπὶ
1485 1072 1523 1098 τὸν
1537 1072 1593 1098 λαόν
1610 1079 1656 1098 σου
1766 1072 1767 1077 ‘

1250 1117 1294 1144 20.
1305 1117 1360 1143 Kal
1370 1116 1409 1143 ἔτι
1424 1116 1484 1151 ἐμοῦ
1502 1116 1642 1149 λαλοῦντος,
1667 1116 1721 1143 καὶ
1741 1118 1767 1143 πὶ

1216 1163 1263 1190 καὶ
1272 1162 1471 1198 ὲξαγορεύοντος
1482 1162 1525 1194 τὰς
1542 1163 1672 1198 ἁμαρτίας
1689 1165 1767 1199 μου,³

1216 1208 1275 1239 τίας
1288 1208 1335 1234 τοῦ
1347 1207 1412 1235 λαοῦ
1431 1216 1477 1243 μου
1494 1208 1602 1243 Ἰσραὴλ,
1615 1209 1663 1235 καὶ
1676 1209 1767 1244 pias-toi

1218 1260 1267 1286 μου
1279 1252 1396 1279 ἑναντίον
1407 1252 1503 1287 Κυρίου
1525 1252 1569 1279 τοῦ
1592 1252 1660 1279 Θεοῦ
1675 1261 1731 1288 μου
1751 1262 1767 1280 τι

1216 1296 1262 1323 τοῦ
1276 1297 1352 1331 ἁγίου
1366 1297 1413 1323 τοῦ
1429 1296 1500 1331 ἁγίου
1510 1297 1554 1324 τοῦ
1567 1298 1634 1324 Θεοῦ
1647 1307 1714 1333 μου.

1249 1342 1293 1369 21.
1310 1342 1364 1376 καὶ
1379 1342 1418 1368 ἔτι
1437 1342 1499 1378 ἐμοῦ
1519 1342 1663 1376 λαλοῦντος
1677 1345 1709 1371 ὲν
1732 1347 1767 1381 τῇ

1218 1384 1271 1410 ἰδοὺ
1287 1385 1300 1410 ὁ
1311 1384 1379 1419 ἀνὴρ
1395 1384 1520 1420 Γαϐριὴλ,
1538 1385 1567 1413 ὃν
1578 1385 1648 1413 εἶδον
1661 1388 1692 1414 ὲν
1704 1390 1745 1424 τῇ
1754 1390 1767 1416 ὁ

1216 1430 1285 1464 ἀρχῇ
1297 1449 1304 1461 ,
1318 1429 1463 1464 πετόμενος
1473 1450 1480 1458 .
1492 1431 1540 1457 καὶ
1548 1431 1638 1467 ἣψατό
1652 1441 1721 1468 μου,
1731 1434 1767 1460 ὡς

1217 1474 1368 1509 ἑσπερινῆς.

1249 1518 1294 1545 2‘2.
1310 1519 1364 1544 Kal
1377 1519 1516 1546 ὲσυνέτισέ
1528 1528 1573 1555 με,
1585 1521 1637 1547 καὶ
1647 1521 1766 1558 suam

1216 1562 1308 1590 εἶπεν·
1333 1563 1445 1599 Δανιὴλ,
1477 1564 1525 1591 νῦν
1550 1565 1670 1601 ἐξῆλθον
1697 1575 1765 1604 cup.

1214 1616 1280 1633 εσιν.

1247 1652 1291 1679 25.
1310 1652 1354 1678 Ἐν
1366 1652 1436 1688 ἀρχῇ
1448 1652 1501 1687 τῆς
1516 1653 1646 1689 δεήσεὼς
1658 1664 1714 1683 σου
1727 1658 1764 1691 ἐξ

1213 1696 1267 1731 ἐγὼ
1290 1694 1371 1731 ἦλθον
1387 1698 1433 1724 τοῦ
1456 1699 1632 1733 ἀναγγεῖλαί
1651 1710 1712 1736 σοι,
1733 1704 1764 1730 61

1213 1739 1239 1767 εῐ
1251 1742 1292 1773 σὺ,
1309 1742 1355 1767 καὶ
1366 1742 1509 1777 ἐννοήθητι
1523 1745 1555 1771 ὲν
1569 1743 1614 1780 τῷ
1638 1747 1764 1782 ῥήματι

1247 1786 1291 1813 24.
1307 1786 1511 1822 Ἐϐδομήκοντα
1521 1789 1692 1825 ὲὸδομάδες
1707 1802 1765 1822 συν.

1213 1832 1275 1858 λαόν
1289 1840 1347 1864 σου,
1362 1833 1409 1859 καὶ
1419 1833 1468 1859 ἐπὶ
1484 1834 1540 1869 τὴν
1557 1835 1648 1863 πόλιν
1676 1838 1741 1874 τὴν
1760 1851 1765 1865 ‹

1213 1875 1358 1911 λαιωθῆναι
1380 1876 1412 1903 τὸ
1439 1878 1660 1915 παράπτωμα,
1689 1883 1754 1910 καὶ

1213 1920 1356 1955 ἁμαρτίαν,
1379 1922 1428 1947 καὶ
1457 1922 1512 1948 τοῦ
1541 1926 1731 1959 σφραγίσιι

1213 1964 1358 1999 ἀπαλεῖψαι
1369 1965 1503 2001 ἀνομίας,
1521 1969 1580 1995 καὶ
1593 1970 1654 1997 τοῦ
1668 1971 1765 2004 ἐξιλά

1212 2008 1258 2034 τοῦ
1272 2008 1384 2042 ἀγαγεῖν
1400 2009 1604 2048 δικαιοσύνην
1620 2015 1765 2043 αἰώνιον

1212 2054 1314 2124 ignium,
1347 2055 1394 2081 καὶ
1427 2058 1627 2094 προφήτην,
1666 2061 1735 2088 καὶ

1231 2106 1247 2124 γ
1260 2106 1307 2124 ων.

1231 2106 1307 2131 γιων.

1245 2142 1290 2169 25.
1302 2143 1357 2169 Καὶ
1371 2143 1483 2180 γνώσῃ,
1504 2148 1566 2173 καὶ
1586 2149 1761 2184 συνήσεις

403 2189 628 2224 respondendum,
644 2192 671 2215 et
688 2192 718 2215 ut
740 2187 885 2214 aediﬁcetur
906 2186 1054 2213 Jerusalem
1077 2192 1162 2220 usque

1000 2187 1054 2212 lem
1077 2192 1162 2220 usque
1176 2190 1198 2217 D
1211 2187 1257 2213 τοῦ
1267 2187 1462 2223 ἀποκριθῆναι,
1475 2191 1537 2217 καὶ
1547 2193 1611 2219 τοῦ
1625 2193 1765 2230 οἰκοδοι

397 2235 434 2261 .ad
451 2234 587 2261 Christum
599 2234 701 2264 ducem,
710 2232 887 2259 bebdomades
901 2235 1011 2266 septem,
1024 2235 1050 2257 et
1063 2230 1163 2258 hebdo-

403 2280 494 2308 mades
503 2280 638 2314 sexaginta
653 2279 727 2306 duae:
740 2282 767 2304 et
780 2282 938 2308 revertetur,
954 2279 980 2303 et
990 2275 1164 2303 aediﬁcabitur

402 2326 488 2360 platea
499 2346 508 2358 ,
520 2329 546 2352 et
563 2324 775 2356 circummurale,
786 2327 813 2351 et
822 2323 1021 2350 evacuabuutur
1034 2327 1162 2356 tempora.

434 2412 479 2440 26.
501 2411 534 2439 Et
547 2415 607 2447 post
619 2410 799 2439 hebdomadas
817 2410 954 2445 sexaginta
980 2409 1047 2436 duas
1072 2414 1162 2437 exter—

401 2457 547 2484 minabitur
569 2457 676 2482 unctio:
703 2460 729 2482 et
751 2455 881 2490 judicium
910 2462 961 2481 non
977 2458 1017 2481 est
1034 2455 1113 2482 ineo.
1130 2454 1162 2480 Et

403 2501 545 2532 civitatem,
561 2505 587 2527 et
599 2500 779 2527 sanctuarium
792 2499 931 2533 dissipabit
946 2506 1006 2525 cum
1022 2499 1089 2526 duce
1114 2498 1161 2525 ad-

403 2545 532 2578 veniente,
548 2551 574 2572 et
586 2545 759 2572 excindentur
774 2545 849 2579 quasi
862 2544 887 2570 in
907 2543 1016 2575 diluvio,
1032 2549 1058 2570 et
1079 2550 1162 2576 usque

403 2587 437 2613 ad
450 2589 527 2616 ﬁnem
540 2589 601 2616 belli
616 2589 717 2616 concisi
743 2588 963 2616 desolationibus.
989 2587 1162 2614 Conlirmabit

402 2636 491 2660 autem
521 2632 827 2663 testantem-multis
848 2631 1013 2660 hebdomada
1045 2637 1097 2657 ιιηι
1115 2634 1162 2657 :ct

423 2675 498 2697 ““'
556 2706 572 2717 ξ,
622 2706 624 2708 .
671 2680 691 2710 ν
720 2680 769 2719 περ
789 2691 801 2714 _
838 2675 1151 2721 πῌθιώδῖωὴπηεθ

169 2748 188 2770 ’
252 2674 1095 2821 mm
1115 2726 1151 2746 Μ

242 2811 247 2821 ,
868 2792 877 2796 ι·
1134 2771 1151 2792 ⁸

1212 2230 1263 2262 ἕως
1276 2231 1392 2266 Χριστοῦ
1407 2234 1486 2269 ήτου
1492 2235 1616 2270 μένου,
1636 2238 1766 2275 ὲῦδομι

1213 2275 1294 2310 μάδες
1303 2275 1435 2311 ἐξήκοντα
1446 2279 1509 2305 δύο
1520 2287 1531 2294 ⁶
1559 2282 1627 2308 καὶ
1654 2283 1766 2311 tnta-1

1212 2321 1321 2356 θήσεται
1337 2321 1468 2356 πλατεῖα,
1487 2325 1556 2351 καὶ
1582 2327 1766 2365 crept-cet}

1210 2374 1254 2392 ται
1265 2366 1290 2391 οἱ
1300 2367 1399 2403 καιροί.

1245 2410 1290 2438 26.
1306 2412 1360 2438 Καὶ
1385 2413 1463 2447 μετὰ
1492 2414 1567 2446 τὰς
1593 2415 1767 2452 ὲόδομὰι

1211 2454 1481 2491 ἐξολοθρευῡήσεται
1505 2459 1680 2494 χρίσμα,
1712 2471 1766 2490 κα

1211 2500 1283 2534 αὺτῷ
1292 2508 1298 2514 ·
1314 2501 1360 2526 καὶ
1372 2501 1422 2535 τὴν
1440 2502 1568 2535 πόλιν,
1593 2506 1668 2532 καὶ
1680 2507 1758 2534 τὸν

1211 2543 1350 2578 ἡγουμένῳ
1376 2544 1416 2579 τῷ
1441 2546 1668 2583 ἐρχομένῳ,
1718 2560 1753 2578 κ,

1211 2587 1402 2621 κατακλυσμῷ,
1413 2589 1471 2614 καὶ
1491 2589 1568 2621 ἕως
1583 2591 1732 2625 τέλους

1209 2631 1378 2666 ἀφανισμοῖς.
1405 2632 1473 2659 Καὶ
1507 2634 1737 2670 δυναμὼσει

1211 2674 1264 2708 μὰς
1291 2675 1356 2710 μία·
1385 2676 1436 2702 καὶ
1464 2677 1593 2712 ἥμισυ
1638 2682 1719 2716 τῆς

1148 2733 1159 2740 ο
1210 2719 1344 2755 θυμίαμα,
1358 2721 1405 2747 καὶ
1424 2721 1574 2756 θυσίαν,
1601 2726 1675 2752 καὶ
1698 2735 1723 2753 cs

1210 2771 1267 2797 γιον
1279 2763 1353 2796 τάξει
1364 2765 1576 2802 ἀφανισμοῦ,
1600 2772 1673 2798 καὶ
1693 2773 1713 2798 ἒ

1210 2807 1256 2843 δῆς
1270 2807 1344 2841 τάξει
1358 2810 1554 2847 ἀφανισμῷ,
