3874 6346
234 350 364 406 2885

1642 370 1868 427 CAPUT
1908 376 1972 429 Χ.

3255 391 3391 444 2885

300 469 381 522 27.
403 467 509 519 Καὶ
530 468 849 539 δυναμὼσει
874 473 1135 546 διαθήκην
1164 479 1372 543 πολλοῖς
1390 481 1617 552 ἑϐδομὰς
1645 485 1749 552 μία

1932 487 2019 541 27.
2064 488 2124 540 Et
2157 491 2493 544 confirmabit
2553 500 2923 545 testamentum
2981 494 3160 547 multis
3194 496 3398 550 hebdo-

230 559 325 611 xal
344 559 397 609 ἐν
444 556 515 625 τῷ
559 558 757 628 ἡμίσει
801 561 905 632 τῆς
952 564 1233 635 ἑϐδομάδος
1268 568 1557 640 ἀρθήσεται
1592 571 1770 631 θυσία,

1872 580 2027 631 mada
2059 595 2181 642 una,
2236 589 2289 633 et
2341 581 2391 632 in
2453 581 2673 636 dimidio
2729 582 3069 638 hebdomadis
3128 585 3399 641 auferetur

230 648 329 701 καὶ
373 646 582 716 σπονδὴ,
632 648 729 701 καὶ
758 651 853 703 ἐπὶ
879 653 1106 717 τούτοις,
1130 656 1220 707 ἐπὶ
1244 658 1304 710 τὸ
1330 658 1469 729 ἱερὸν
1503 660 1749 729 βδέλυγμι

1872 664 2210 733 sacrificium,
2241 680 2291 722 et
2320 671 2574 735 libamen,
2604 684 2657 726 et
2683 682 2801 741 post
2840 678 2949 727 haec
2974 675 3025 727 in
3060 681 3251 744 templo
3268 677 3395 731 alio-

227 736 336 804 τῆς
359 734 703 805 ἐρημώσεως,
732 740 831 791 καὶ
876 739 983 803 ἕως
1018 745 1321 808 συντελείας
1352 748 1542 819 καιροῦ
1590 750 1771 801 συντέ-

225 822 349 878 λεια
377 823 652 896 δοθήσεται
681 826 778 880 ἐπὶ
808 828 906 899 τὴν
928 831 1221 901 ἐρήμωσιν.

780 1029 1171 1087 ΚΕΦΔΛΑΙΟΝ
1190 1036 1246 1089 I'.

296 1159 351 1214 1.
384 1160 470 1213 Ἑν
496 1159 608 1213 ετει
666 1162 842 1231 τρίτῳ
868 1163 1053 1234 Κύρου
1100 1167 1194 1218 τοῦ
1240 1168 1503 1236 βασιλέως
1546 1171 1769 1240 Περσῶν

1872 755 2093 808 minutio
2121 758 2464 812 desolatiouis
2488 776 2501 813 :
2525 770 2576 814 et
2606 777 2772 829 usque
2793 762 2856 815 ad
2885 764 3393 817 consummationem

1870 846 2125 912 temporis
2180 849 2573 935 consummatio
2619 850 2831 904 dabitur
2884 866 3042 919 super
3115 852 3394 905 desolatic—

1870 946 2015 987 nem.

2447 1046 2668 1103 CAPUT
2741 1048 2807 1103 Χ.

1938 1179 1990 1230 1.
2024 1177 2079 1232 ln
2104 1195 2245 1234 anno
2272 1182 2426 1235 tertio
2448 1202 2463 1215 -
2482 1181 2605 1251 Cyri
2648 1183 2788 1251 regis
2841 1182 3147 1249 Persarum,
3173 1184 3392 1240 verbum

224 1248 381 1315 λόγος
406 1248 765 1317 ἀπεκαλύφθη
788 1252 867 1320 τῷ
896 1253 1093 1321 Δανιὴλ
1122 1247 1182 1306 οὗ
1213 1255 1271 1306 τὸ
1302 1256 1469 1324 ὄνομα
1498 1257 1749 1325 ὲπεκλήθτ

1871 1267 2159 1321 revelatum
2207 1279 2288 1324 est
2338 1270 2574 1332 Danieli,
2622 1272 2775 1339 cujus
2818 1286 3008 1325 nomen
3035 1282 3282 1327 vocatum
3312 1285 3394 1330 est

222 1337 505 1406 Βαλτάσαρ
526 1353 541 1367 ⁸
557 1338 655 1390 καὶ
676 1338 928 1407 ἀληθινὸς
951 1342 978 1393 ὀ
994 1341 1168 1409 λόγος,
1193 1345 1517 1415 καὶδύναμις
1535 1347 1764 1417 μεγάλη,

222 1426 321 1477 καὶ
345 1424 553 1487 σύνεσις
593 1425 752 1497 ἐδόθη
778 1428 927 1497 αὐτῷ
952 1431 1011 1481 ὲν
1048 1434 1114 1500 τῇ
1140 1432 1388 1502 ὀπτασίᾳ.

288 1511 345 1565 2.
384 1512 468 1565 Ἐν
507 1515 634 1574 ταῖς
682 1515 920 1584 ἡμέραις
962 1518 1195 1581 ἐκείναις
1238 1518 1348 1587 ἐγὼ
1394 1520 1588 1591 Δανιὴλ
1615 1523 1764 1592 ήμην

218 1597 428 1650 πενθῶν
451 1602 601 1668 τρεῖς
639 1600 941 1670 ἐὸδομάδας
968 1605 1206 1674 ἡμερῶν.

286 1689 343 1742 3.
389 1690 585 1758 ⁸’Δριιτον
614 1691 842 1760 ἡμερῶν
876 1694 977 1749 οὐκ
1026 1694 1247 1763 ἔφαγον,
1307 1701 1399 1752 καὶ
1440 1701 1624 1771 κρέας,
1670 1701 1763 1754 καὶ

1865 1354 2127 1422 Baltasar,
2175 1367 2227 1412 et
2261 1374 2444 1413 verum
2473 1361 2710 1426 verbum,
2736 1370 2788 1414 et
2817 1361 3070 1417 fortitudo
3097 1379 3307 1433 magna,
3341 1374 3393 1419 et

1865 1442 2207 1511 intelligentia
2238 1445 2359 1498 data
2398 1457 2480 1500 est
2512 1451 2559 1501 ei
2594 1449 2645 1500 in
2676 1451 2903 1502 visione.

1930 1531 1982 1583 2.
2025 1530 2079 1583 In
2114 1532 2301 1586 diebus
2346 1534 2451 1588 illis
2511 1551 2609 1605 ego
2640 1536 2824 1591 Daniel
2874 1553 3019 1591 eram
3070 1539 3253 1608 lugens
3282 1549 3390 1593 tres

1862 1619 2217 1677 hebdomadas
2253 1624 2473 1680 dierum.

1932 1709 1984 1762 5.
2023 1709 2218 1765 Panem
2239 1713 2443 1767 dierum
2474 1731 2580 1768 non
2609 1716 2838 1782 comedi,
2873 1727 2927 1772 et
2953 1732 3100 1783 caro,
3130 1728 3183 1773 et
3206 1718 3387 1773 vinum

215 1772 355 1841 οἶνος
374 1779 471 1831 οὐκ
501 1780 755 1848 εἰσῆλθεν
770 1783 849 1845 είς
864 1783 925 1835 τὸ
950 1785 1123 1852 στόμα
1146 1804 1268 1855 μου,
1289 1791 1379 1841 καὶ
1403 1790 1638 1859 ἄλειμμα
1662 1792 1749 1843 οὐκ

1871 1814 1967 1852 non
2001 1801 2322 1855 introierunt
2348 1805 2398 1857 in
2433 1820 2493 1859 os
2518 1821 2718 1870 meum,
2762 1817 2813 1860 et
2838 1816 3107 1876 unguento
3137 1806 3240 1863 non
3268 1825 3389 1863 sum
3421 1834 3436 1856 ο

211 1867 644 1937 ἠλειψάμηνέως
655 1870 987 1939 πληρώσεως
995 1875 1162 1945 τριῶν
1182 1877 1487 1947 ἑϐδομάδων
1511 1884 1543 1949 ὴ
1554 1898 1618 1949 με
1625 1882 1749 1949 ρῶν.

282 2043 334 2097 4.
360 2046 465 2097 Kal
492 2047 553 2097 ἐν
589 2047 775 2118 ἡμέρᾳ
811 2050 1028 2120 εἰκοστῇ
1064 2052 1157 2105 καὶ
1206 2055 1438 2127 τετάρτῃ
1473 2057 1566 2109 τοῦ
1594 2059 1755 2127 μηνὸς
1804 2093 1815 2105 .

210 2130 306 2185 τοῦ
338 2133 547 2203 πρώτου
560 2137 624 2186 ὲν
658 2136 737 2205 τῷ
764 2137 932 2207 τρίτῳ
957 2139 1087 2205 ἔτει,
1118 2141 1225 2210 ἐγὼ
1250 2144 1393 2213 ἥμην
1416 2146 1642 2215 ἐχόμενα
1663 2148 1754 2201 τοῦ

210 2224 451 2291 ποταμοῦ
468 2225 565 2277 τοῦ
598 2227 865 2295 μεγάλου,
902 2230 1061 2292 αὑτός
1086 2232 1203 2284 ἐστι
1228 2233 1435 2303 Τίγρις.

276 2310 333 2365 5.
365 2314 471 2365 Kal
530 2313 646 2390 ᾖρα
683 2317 809 2379 τοὺς
860 2316 1168 2389 ὀφθαλμούς
1200 2340 1321 2391 μου.
1354 2326 1446 2377 καὶ
1476 2322 1632 2390 εἶδον,
1660 2328 1755 2381 καὶ

208 2397 319 2453 ἰδοὺ
353 2402 490 2471 ἀνὴρ
514 2398 598 2467 εἷς
621 2405 967 2476 ἐνδεδυμένος
999 2409 1194 2478 passu,
1213 2414 1303 2465 καὶ
1329 2416 1360 2482 ἡ
1394 2416 1561 2482 ὀσφὺς
1595 2418 1756 2470 αὑτοῦ

210 2495 618 2565 περιεζωσμένη
659 2497 872 2568 χρυσίῳ
936 2500 1132 2567 Ὠφὰζ,
1189 2503 1280 2554 καὶ
1324 2505 1388 2556 τὸ
1416 2504 1573 2574 σῶμα
1594 2506 1756 2559 αὑτοῦ

207 2580 338 2634 ὡσεὶ
354 2584 603 2653 Θαρσεῖς.

272 2671 328 2726 6.
355 2675 460 2727 Kal
488 2676 550 2727 τὸ
583 2677 875 2745 πρόσωπον
898 2679 1060 2732 αὐτοῦ
1086 2680 1216 2733 ὡσεὶ
1236 2682 1422 2752 ὅρασις
1440 2686 1745 2756 ἀστραπῆς,

205 2762 297 2814 καὶ
328 2764 377 2815 οί
410 2765 683 2835 ὀφθαλμοὶ
720 2768 884 2821 αὐτοῦ
910 2769 1041 2822 ὡσεὶ
1082 2771 1353 2842 λαμπάδες
1385 2777 1569 2845 πυρὸς,
1599 2780 1755 2836 καὶοί

208 2849 483 2919 βραχίονες
510 2856 704 2918 αὐτοῦ,
738 2858 833 2910 καὶ
872 2859 941 2913 τὰ
993 2860 1156 2930 σκέλη
1192 2862 1266 2925 ὡς
1316 2865 1504 2931 ὅρασις
1551 2868 1752 2936 χαλκοῦ

205 2938 529 3075 ἔτίὶβοντος,
556 2944 655 2995 καὶ
687 2946 721 3014 ή
776 2946 929 3017 φωνὴ
972 2947 1081 3002 τῶν
1108 2949 1280 3018 λόγων
1309 2953 1473 3005 αὑτοῦ
1503 2955 1577 3018 ὡς
1604 2960 1753 3029 φωνὴ

235 3026 385 3075 νλου-

235 3026 385 3093 χλου.

1856 1900 2048 1943 unctus
2080 1909 2095 1943 :
2119 1906 2290 1958 usque
2317 1893 2380 1946 ad
2409 1895 2811 1963 completionem
2836 1898 2999 1950 trium
3029 1896 3388 1953 hebdomada—
3446 1950 3451 1959 ,

1856 1994 1975 2033 rum
1998 1981 2219 2035 dierum.

1926 2069 1979 2123 4.
2020 2070 2084 2123 Et
2109 2070 2163 2124 in
2196 2073 2282 2127 die
2318 2073 2595 2142 vigesima,
2629 2083 2683 2129 et
2726 2084 2915 2144 quarta
2979 2076 3182 2131 mensis
3225 2078 3389 2146 primi

1858 2157 1911 2211 in
1935 2172 2075 2212 anno
2099 2162 2274 2225 tertio,
2307 2178 2405 2232 ego
2450 2179 2596 2217 eram
2645 2165 2795 2233 juxta
2848 2163 3066 2217 ﬂuvium
3109 2179 3384 2233 magnum,

1859 2246 1973 2317 ipse
1998 2260 2080 2303 est
2101 2238 2295 2317 Tigris.

1926 2338 1979 2390 5.
2020 2338 2085 2391 Et
2115 2340 2312 2393 elevavi
2368 2343 2551 2396 oculos
2583 2357 2747 2407 meos,
2797 2353 2849 2397 et
2889 2345 3016 2408 vidi,
3048 2354 3101 2398 et
3132 2359 3257 2398 ecce
3292 2345 3378 2396 vir

1859 2438 2001 2477 unus
2040 2427 2261 2481 vestitus
2290 2429 2504 2493 baddin,
2554 2438 2606 2483 et
2631 2445 2788 2485 renes
2839 2433 2955 2500 ejus
3002 2434 3226 2487 accincti
3250 2449 3379 2487 auro

1860 2513 2059 2582 Ophaz,
2090 2522 2143 2568 et
2174 2531 2369 2585 corpus
2397 2520 2514 2586 ejus
2538 2521 2692 2588 quasi
2723 2521 2962 2577 Tharsis.

1926 2693 1977 2744 6.
2014 2692 2081 2747 Et
2104 2692 2269 2750 facies
2300 2696 2417 2764 ejus
2454 2697 2612 2751 veluti
2653 2700 2858 2767 species
2882 2698 3126 2769 fulguris,
3167 2710 3219 2774 et
3238 2702 3385 2755 oculi

1859 2781 1976 2849 ejus
2010 2793 2068 2835 ut
2097 2785 2367 2852 lampades
2399 2788 2557 2851 ignis,
2594 2796 2647 2841 et
2668 2788 2884 2841 brachia
2937 2789 3076 2858 ejus,
3135 2800 3188 2845 et
3222 2807 3378 2845 crura

1857 2872 2011 2940 quasi
2062 2874 2266 2941 species
2293 2877 2415 2930 :eris
2469 2877 2741 2931 candentis
2796 2888 2891 2932 :et
2931 2894 3034 2933 vox
3073 2895 3377 2935 sermonum

1857 2958 1972 3027 ejus
2000 2971 2055 3015 ut
2086 2977 2187 3016 vox
2210 2964 2584 3020 multitudinis.

273 3115 323 3168 7.
357 3116 466 3170 Kal
504 3113 649 3172 εῖδον
680 3119 791 3187 ἐγὼ
821 3123 1017 3194 Δανιὴλ
1044 3125 1204 3194 μόνος
1230 3128 1328 3198 τὴν
1351 3131 1630 3200 ὀπτασίαν,
1656 3136 1748 3189 καὶ

1917 3140 1972 3193 7.
2014 3139 2077 3194 Et
2106 3142 2215 3196 vidi
2247 3156 2346 3211 ego
2371 3142 2554 3219 Daniel
2614 3146 2761 3200 solus
2819 3147 3117 3203 visionem:
3167 3159 3222 3203 et
3250 3152 3370 3212 viri,

205 3204 249 3255 οί
278 3205 468 3275 ἄνδρες
488 3209 535 3260 oi
576 3211 697 3278 μετ’
730 3211 864 3280 ἐμοῦ
886 3214 985 3266 οὐκ
1017 3211 1156 3269 εἶδον
1190 3218 1286 3289 τὴν
1318 3222 1595 3290 ὀπτασίαν,
1628 3226 1746 3281 ἀλλ’

205 3293 238 3361 ἠ
272 3293 528 3357 ἔκστασις
558 3299 777 3373 μεγάλη
822 3302 1086 3358 ἐπέπεσεν
1129 3307 1217 3360 ἐπ’
1250 3308 1463 3376 αὐτοὺς,
1494 3314 1588 3365 καὶ
1620 3314 1747 3382 ἐφυ-

204 3396 298 3449 γον
326 3385 385 3436 ὲν
410 3385 580 3455 φόϐῳ.

268 3472 320 3527 8.
346 3476 459 3530 Kal
479 3478 588 3545 ἐγὼ
614 3479 946 3552 ὑπελείφθην
975 3484 1151 3551 μόνος,
1185 3487 1277 3538 καὶ
1321 3490 1419 3543 οὐκ
1450 3490 1746 3564 ὑπελείφθη

200 3560 259 3649 ὲν
280 3564 403 3631 ἐμοὶ
435 3567 604 3635 ἰσχὺς,
634 3569 731 3621 καὶ
761 3570 793 3639 ἡ
822 3570 947 3634 δόξα
978 3588 1080 3642 μου
1113 3578 1452 3649 μετεστράφη
1494 3582 1575 3644 είς
1626 3560 1739 3636 διαέ

204 3648 427 3721 φθορὰν,
449 3656 541 3708 καὶ
580 3659 681 3709 οὐκ
711 3660 986 3731 ἐκράτησα
1031 3664 1231 3731 ἰσχύος.

266 3740 319 3792 9.
342 3743 466 3823 ,Καὶ
488 3746 701 3814 ηκουσα
728 3749 827 3818 τὴν
853 3751 1032 3821 φωνὴν
1057 3753 1164 3806 τῶν
1214 3755 1384 3823 λόγων
1419 3759 1579 3814 αὐτοῦ
1603 3778 1615 3792 ·
1652 3766 1745 3817 καὶ¹

202 3819 257 3873 ἓν
283 3822 362 3891 τῷ
415 3825 647 3881 ἀκοῦσαί
689 3847 757 3898 με
804 3832 904 3900 τὴν
1142 3836 1248 3889 τῶν
1279 3819 1532 3909 ῥημάτων
1557 3844 1740 3909 αὐτοῦ,

200 3910 343 3981 ἥμην
395 3920 863 3987 κατανενυγμένος
900 3923 992 3976 ἐπὶ
1045 3926 1328 3994 πρόσωπόν
1386 3947 1508 3998 μου,
1566 3934 1659 3985 καὶ
1683 3935 1742 3987 τὸ

200 4000 489 4068 πρόσωπόν
508 4024 613 4075 μου
634 4009 729 4061 ἐπὶ
750 4010 848 4080 τὴν
878 4011 1004 4081 γῆν.

267 4089 355 4143 10.
388 4094 502 4146 Καὶ
540 4096 652 4148 ίδοὺ
683 4097 807 4167 χεὶρ
836 4100 1110 4172 ἁπτομένη
1148 4121 1269 4173 μου,
1312 4108 1405 4160 καὶ
1461 4110 1643 4181 ἡγειρέ
1673 4129 1742 4180 με

198 4175 288 4231 ἐπὶ
314 4182 386 4231 τὰ
440 4184 643 4231 γόνατὰ
696 4203 817 4231 μου-
870 4192 966 4231 καὶ
1014 4192 1103 4231 ἐπὶ
1154 4194 1220 4231 ml.
1255 4196 1370 4231 rm...
1419 4199 1526 4231 σε...
1568 4201 1741 4231 ηδε...

228 4182 288 4231 πὶ
314 4182 386 4235 τὰ

240 4282 326 4320 ου.

240 4282 326 4320 ου.
1134 4286 1135 4289 “

202 4281 351 4448 μ-Η.
378 4362 490 4417 Καὶ
522 4359 680 4417 εἶπεν
707 4368 845 4436 πρὸς
877 4368 944 4435 μέ
973 4386 988 4401 ·
1014 4373 1211 4443 Δανιὴλ
1240 4376 1379 4448 ἀνὴρ
1418 4377 1736 4448 ἐπιθυμιῶν,

440 4184 643 4249 γόνατά
691 4203 821 4255 μου,
870 4192 967 4243 καὶ
1013 4192 1105 4245 ἐπὶ
1154 4194 1222 4247 τά
1255 4196 1373 4266 ἴχνη
1419 4199 1526 4252 τῶν
1568 4201 1741 4255 ποδῶν

1848 3230 1941 3300 qui
1965 3238 2116 3284 erant
2142 3246 2371 3296 mecum,
2393 3247 2499 3286 non
2521 3234 2767 3290 viderunt
2784 3235 3061 3303 visionem,
3082 3238 3177 3294 sed
3202 3247 3373 3294 terror

1849 3333 2069 3389 magnus
2099 3321 2254 3377 irruit
2280 3336 2441 3390 super
2463 3336 2578 3390 eos,
2610 3333 2664 3379 et
2695 3324 2948 3396 fugerunt
2977 3328 3033 3382 in
3064 3329 3275 3385 timore.

1916 3496 1968 3549 8.
2011 3496 2078 3549 Et
2106 3512 2205 3566 ego
2231 3498 2450 3555 relictus
2496 3515 2615 3555 sum
2641 3502 2787 3557 solus
2819 3522 2839 3556 ς
2895 3513 2948 3558 et
2975 3520 3081 3558 non
3116 3511 3373 3561 remansit

1847 3586 1902 3639 in
1930 3600 2016 3640 me
2039 3584 2316 3650 fortitudo,
2345 3597 2397 3642 et
2430 3588 2598 3657 gloria
2628 3606 2744 3644 mea
2775 3607 3031 3647 conversa
3064 3603 3146 3648 est
3193 3596 3246 3648 in
3291 3598 3369 3648 in-

1847 3675 2063 3729 teritum
2089 3695 2102 3730 :
2138 3685 2191 3730 et
2214 3691 2321 3730 non
2351 3680 2542 3732 retinui
2570 3678 2956 3737 fortitudinem.

1914 3765 1967 3819 9.
2004 3767 2068 3820 Et
2093 3768 2271 3822 audivi
2305 3784 2491 3823 vocem
2521 3785 2827 3825 sermonum
2847 3772 3003 3841 ejus:
3036 3782 3090 3828 et
3114 3788 3237 3829 cum
3269 3791 3367 3829 au-

1844 3854 2014 3908 direm
2045 3871 2229 3911 vocem
2262 3859 2549 3913 verborum
2605 3860 2722 3928 ejus
2746 3899 2764 3924 ,
2812 3876 2962 3915 eram
3014 3874 3369 3931 compunctus

1846 3959 2004 4012 super
2026 3944 2215 4001 faciem
2249 3963 2445 4013 meam,
2471 3962 2523 4003 et
2554 3948 2720 4004 facies
2750 3966 2867 4004 mea
2900 3966 3061 4020 super
3085 3961 3307 4012 terram.

1914 4124 2000 4179 10.
2042 4125 2109 4178 Ει
2131 4140 2256 4181 ecce
2292 4142 2484 4183 manus
2514 4139 2734 4198 tangens
2762 4144 2867 4194 me,
2897 4131 3068 4185 erexit
3104 4146 3365 4200 mesuper

1842 4230 2015 4284 genua
2037 4230 2174 4281 mea,
2208 4224 2262 4271 et
2288 4232 2449 4286 super
2471 4218 2680 4287 plantas
2702 4219 2893 4288 pedum
2915 4235 3181 4276 meorum.

1916 4374 1995 4427 ll.
2037 4373 2102 4427 Et
2124 4374 2256 4427 dixit
2283 4375 2345 4428 ad
2372 4390 2476 4429 me:
2508 4374 2693 4430 Daniel
2723 4376 2805 4430 vir
2841 4378 3250 4446 desideriorum,
3281 4381 3366 4433 ln-

201 4443 347 4538 σῦνες
372 4452 432 4503 ἐν
452 4456 566 4517 τοῖς
585 4454 772 4523 λόγοις
797 4455 878 4519 οἷς
910 4458 1019 4525 ἐγὼ
1047 4460 1192 4513 λαλῶ
1217 4443 1452 4533 πρὸς-σὲ,
1480 4469 1571 4520 καὶ
1583 4443 1740 4538 στῆθι

1871 4461 2018 4529 ellige
2038 4463 2093 4515 in
2121 4463 2319 4527 verbis,
2354 4478 2474 4531 quae
2502 4479 2601 4532 ego
2634 4466 2823 4533 loquor
2865 4468 2931 4520 ad
2971 4477 3065 4521 te:
3114 4479 3168 4524 et
3193 4443 3273 4524 sta
3310 4471 3364 4522 in

198 4535 279 4585 ἐπὶ
305 4541 370 4608 τῇ
414 4542 601 4596 στάσει
638 4561 757 4607 σου,
789 4546 873 4598 ὅτι
898 4546 991 4599 νῦν
1021 4549 1326 4622 ἀπεστάλην
1363 4554 1495 4622 πρὸς
1525 4556 1601 4609 σέ.
1634 4535 1743 4610 Kal

201 4622 253 4713 iv
269 4627 345 4713 τῷ
386 4629 616 4700 λαλῆσαι
681 4634 850 4687 αὐτὸν
899 4639 1035 4706 πρὸς
1094 4640 1163 4709 μέ
1211 4642 1303 4695 τὸν
1349 4644 1501 4713 λόγον
1533 4645 1737 4711 τοῦτον,

196 4710 418 4785 ἀνέστην
433 4719 713 4791 ἔντρομος.

260 4802 343 4857 12.
375 4808 483 4862 Kal
533 4807 693 4863 εἶπεν
730 4811 873 4879 πρὸς
897 4813 965 4881 μέ
994 4831 1008 4845 ·
1041 4814 1127 4884 Μὴ
1176 4818 1339 4883 φοϐοῦ
1382 4823 1593 4890 Δανιὴλ,
1657 4826 1740 4879 ὄτι

194 4888 293 4980 ἀπὸ
312 4895 414 4965 τῆς
442 4901 666 4970 πρώτης
690 4901 917 4970 ἡμέρας
939 4897 1005 4971 ἧς
1037 4902 1235 4968 ἔδωκας
1261 4908 1360 4977 τὴν
1407 4888 1627 4980 καρδίαν
1647 4931 1737 4967 σου

196 4978 277 5031 τοῦ
310 4986 567 5051 συνιέναι,
600 4989 704 5040 καὶ
766 4988 1081 5055 κακωθῆναι
1128 4993 1368 5049 ἐναντίον
1398 4978 1597 5069 Κυρίου
1646 5002 1736 5054 τοῦ

194 5064 311 5159 θεοῦ
340 5088 448 5139 σου,
482 5074 854 5144 ὴκούσθησαν
883 5076 933 5126 οι
967 5075 1103 5142 λόγοι
1143 5096 1258 5146 σου,
1292 5088 1387 5139 καὶ
1436 5064 1544 5155 eis,
1579 5085 1738 5159 ἦλθον

190 5151 245 5207 ὶν
263 5161 364 5221 τοῖς
380 5161 554 5231 λόγοις
582 5180 704 5215 σου.

248 5244 327 5299 15.
358 5250 506 5305 Καὶό
537 5253 738 5318 ἄρχων
787 5248 1056 5315 βασιλείας
1096 5256 1325 5325 Περσῶν
1377 5266 1612 5334 εἱστήκει
1651 5268 1738 5332 ἑξ-

190 5334 416 5396 εναντίας
440 5354 555 5405 μου
597 5334 790 5387 εἴκοσι
826 5335 923 5385 καὶ
951 5337 1066 5402 μίαν
1088 5341 1310 5411 ἡμέραν
1329 5363 1343 5377 ·
1377 5352 1471 5403 xal
1493 5353 1597 5404 ίδοὺ
1629 5357 1735 5407 Μι-

184 5414 299 5483 χαὴλ
325 5415 399 5482 εἷς
418 5424 532 5491 τὼγ
567 5418 871 5509 ᾁρχόντιον
899 5420 1000 5471 τῶν
1037 5426 1261 5489 πρώτων
1296 5431 1436 5504 ἦλθε
1484 5439 1735 5509 βοηθῆσαί

183 5516 282 5597 μοι,
309 5509 394 5559 καὶ
449 5507 640 5563 αὐτὸν
695 5504 987 5558 κατέλιπον
1034 5512 1134 5564 ἐκεῖ
1156 5522 1325 5585 μετά
1360 5528 1455 5579 τοῦ
1483 5504 1734 5597 add?“

187 5587 406 5657 βασιλέως
420 5592 689 5661 Περσῶν.

1840 4550 2008 4615 gradu
2037 4556 2164 4601 tuo:
2194 4550 2317 4617 quia
2365 4565 2508 4604 nunc
2537 4551 2736 4604 missus
2764 4568 2883 4605 sum
2927 4553 2993 4606 ad
3021 4563 3101 4606 te:
3134 4571 3365 4623 cumque

1840 4638 2061 4691 dixisset
2083 4638 2197 4706 ipse
2227 4639 2295 4693 ad
2324 4654 2411 4693 me
2446 4654 2745 4694 sermonem
2776 4640 2937 4695 istum
2961 4682 2977 4706 ,
3020 4645 3231 4698 surrexi
3254 4653 3361 4698 tre-

1840 4742 2010 4782 mens.

1908 4817 1994 4871 l2.
2034 4816 2099 4870 Et
2126 4817 2260 4873 dixit
2285 4819 2350 4873 ad
2380 4835 2501 4874 me:
2535 4818 2654 4873 Noli
2701 4829 2957 4885 metuere,
3005 4819 3209 4886 Daniel,
3235 4822 3359 4887 quia

1837 4922 1903 4961 ex
1934 4908 2106 4976 primo
2130 4911 2235 4972 die,
2259 4925 2366 4979 quo
2393 4913 2615 4979 posuisti
2643 4928 2737 4966 cor
2773 4922 2920 4966 tuum
2964 4911 3033 4963 ad
3059 4912 3359 4981 intelligen-

1836 4981 1983 5059 dum,
2004 5007 2058 5052 et
2085 4999 2415 5067 aliiigendum
2449 5010 2497 5054 te
2524 5015 2701 5053 coram
2738 4998 2963 5053 Domino
2990 4998 3097 5051 Deo
3128 5009 3239 5063 tuo,
3262 5018 3359 5054 au-

1837 5086 1947 5141 dita
1980 5096 2103 5142 sunt
2130 5089 2290 5141 verba
2315 5097 2402 5141 tua
2432 5104 2446 5138 :
2476 5095 2529 5141 et
2555 5101 2654 5153 ego
2678 5086 2798 5139 veni
2827 5087 2879 5139 in
2908 5085 3086 5138 verbis
3129 5089 3255 5141 tuis.

1904 5268 1989 5320 15.
2008 5267 2073 5319 Et
2104 5268 2349 5336 princeps
2378 5268 2527 5337 regni
2566 5265 2845 5318 Persarum
2874 5264 3018 5317 stetit
3047 5279 3110 5317 ex
3133 5267 3363 5321 adverso

1834 5359 1966 5411 mihi
1990 5358 2183 5425 vigenti
2210 5367 2263 5411 et
2296 5374 2403 5411 uno
2428 5358 2644 5415 diebus;
2699 5362 2751 5405 et
2788 5368 2910 5406 ecce
2957 5352 3182 5408 Michael
3221 5372 3364 5411 unus

1834 5446 1901 5499 de
1926 5446 2255 5513 principibus
2285 5448 2470 5513 primis
2498 5445 2644 5496 venit
2692 5443 2759 5495 ad
2784 5442 3145 5495 auxiliandum
3203 5448 3365 5511 mihi,

1833 5543 1889 5588 et
1916 5535 2089 5601 ipsum
2146 5536 2333 5601 reliqui
2394 5536 2465 5587 ibi
2508 5548 2631 5586 cum
2692 5532 2927 5599 principe
2968 5534 3110 5599 regis
3162 5532 3370 5588 Persa-

1836 5639 1972 5676 rum.
