3874 6356
799 347 941 403 2883
1834 334 2073 395 DANIEL
2126 339 2329 395 JUXTA

1834 334 1912 395 DA
1924 343 2073 395 NIEL
2126 339 2342 395 JUXTA
2381 338 2875 395 THEUDOTIONEM

797 472 909 523 tur,
938 463 1179 523 obsecro,
1212 460 1357 512 furor
1390 467 1530 518 tuus,
1571 463 1623 508 et
1656 458 1733 508 ira
1783 465 1870 508 tua
1924 472 1951 507 a
1987 456 2200 507 civitate
2228 462 2316 505 tua

1987 456 2200 507 civitate
2228 462 2316 505 tua
2352 461 2397 514 Α
2422 452 2485 522 δὴ
2507 456 2536 506 6
2564 454 2729 523 θυμός
2761 471 2854 516 σου,
2871 451 2973 519 καὶὴ
2996 449 3089 516 ὀργὴ
3106 462 3172 497 σου
3202 444 3284 497 ἀπὸ
3303 441 3375 509 τῆς
3395 437 3513 491 πόλεί

799 551 1117 612 Jerusalem,
1171 558 1345 602 monte
1383 547 1566 599 sancto
1622 555 1731 597 tuo.
1770 544 1903 609 Quia
1959 552 2175 613 propter
2200 556 2319 609 pec-

1983 552 2175 611 iropter
2200 556 2319 609 pec-
2432 543 2776 611 Ἰερουσαλὴμ
2796 544 2911 610 ὅρους
2928 538 3031 605 ἁγίου
3053 553 3120 588 σου
3137 552 3147 564 ο
3166 534 3227 586 ὅτι
3247 533 3291 583 ὲν
3319 532 3409 592 ταῖς
3432 530 3513 598 ἁμα

802 654 922 697 cata
953 651 1148 706 nostra,
1177 648 1230 693 et
1257 646 1466 705 propter
1498 637 1801 704 iniquitates
1853 644 2064 687 nostras
2084 673 2097 697 ,
2143 643 2195 686 et
2228 648 2322 700 pa-

1985 650 2064 686 ras
2084 673 2097 697 ,
2143 643 2195 686 et
2228 648 2322 700 pa-
2421 633 2590 702 ἡμῶν,
2620 634 2710 684 καί.
2734 633 2788 684 ἐν
2823 634 2904 690 ταῖς
2925 628 3085 687 ἀδικίαις
3106 623 3220 693 ἡμῶν
3266 620 3342 674 xal
3369 618 3455 671 τῶν
3476 635 3515 669 πί

727 732 739 745 ’
804 741 941 785 trum
968 740 1309 790 nostrorum,
1364 725 1681 785 Jerusalem.
1735 733 1789 778 et
1840 726 2063 792 populus
2120 732 2239 775 tuus

1982 726 2063 777 lus
2120 732 2239 775 tuus
2270 722 2320 773 in
2420 720 2593 790 ἡμῶν,
2621 720 2934 789 Ἰερουσαλὴμ,
2957 714 3183 774 καὶὸλαός
3228 727 3301 762 σου
3344 710 3405 771 είς
3442 709 3510 760 ὸνε

801 820 1143 888 opprobrium
1198 816 1368 870 factus
1422 825 1501 869 est
1547 817 1815 877 omnibus,
1880 815 2056 882 quiin
2095 813 2323 866 circuitu

1880 815 1968 882 qui
2004 815 2056 867 in
2095 813 2323 866 circuitu
2422 810 2632 878 ἐγένετο
2658 812 2715 863 ὲν
2735 812 2854 862 πᾶσι
2875 811 2953 870 τοῖς
2972 802 3200 874 περικύκλῳ
3218 798 3362 869 ἡμῶν.

803 916 983 961 nostro
1007 916 1150 959 sunt.

868 996 951 1047 t7.
998 996 1061 1047 Et
1093 1009 1232 1047 nunc
1263 994 1473 1054 exaudi,
1508 993 1725 1045 Domine
1744 993 1880 1047 Deus
1898 1002 2098 1055 noster,
2126 991 2326 1044 oratio-

1987 1002 2098 1055 ;ter,
2126 991 2326 1044 oratio-
2491 983 2575 1035 17.
2610 982 2716 1035 Καὶ
2746 981 2835 1033 νῦν
2854 980 3097 1041 εἰσάκουσον,
3122 976 3256 1047 Κύριε
3275 975 3299 1026 6
3321 972 3431 1035 Θεὸς
3455 975 3517 1042 ἡμ

798 1100 915 1135 nem
942 1084 1080 1136 servi
1110 1092 1207 1147 tui,
1246 1092 1299 1135 et
1342 1097 1524 1149 preces
1573 1081 1722 1149 ejus,
1780 1090 1833 1135 et
1879 1080 2100 1134 ostende
2131 1078 2320 1133 faciem

1986 1080 2100 1134 :nde
2131 1078 2320 1133 faciem
2424 1071 2726 1140 προσευχῆς
2756 1067 2843 1121 τοῦ
2877 1068 3010 1121 δούλου
3030 1082 3117 1129 σου,
3137 1066 3209 1117 καὶ
3244 1062 3334 1115 τῶν
3361 1062 3516 1131 δεὴσεο

798 1185 941 1225 tuam
975 1188 1135 1240 super
1158 1174 1519 1226 sanctuarium
1551 1179 1726 1235 tuum,
1754 1172 1895 1240 quod
1924 1172 2191 1224 desertum
2220 1177 2320 1233 est,

1991 1181 2191 1224 sertum
2220 1177 2320 1233 est,
2422 1159 2513 1211 καὶ
2532 1158 2793 1226 ὲπίφανον
2822 1162 2867 1209 τὸ
2886 1155 3100 1226 πρόσωπόν
3124 1171 3196 1206 σου
3209 1152 3286 1205 ἐπὶ
3314 1152 3368 1204 τὸ
3411 1150 3517 1219 ἁγία

797 1272 1012 1332 propter
1043 1272 1112 1324 te,
1143 1262 1382 1314 Domine.

2424 1248 2516 1318 ερη
2526 1266 2640 1316 μον,
2673 1247 2848 1299 ἕνεκέν
2869 1264 2954 1309 σου,
2975 1245 3117 1315 Κύριε.

868 1352 950 1403 18.
994 1351 1213 1414 lnclina,
1249 1350 1383 1403 Deus
1417 1364 1585 1411 meus,
1632 1363 1813 1400 aurem
1864 1354 2030 1406 tuam,
2076 1353 2127 1399 et
2158 1345 2318 1400 audi:

1989 1361 2030 1406 ι,
2076 1353 2127 1399 et
2158 1345 2281 1400 audi
2304 1364 2318 1399 ;
2494 1338 2586 1389 18.
2613 1335 2823 1399 κλῖνον,
2853 1335 2991 1398 ὁΘεός
3014 1351 3111 1404 μου,
3141 1326 3285 1396 τὸοῦς
3317 1348 3421 1397 σου,
3440 1331 3519 1384 καὶ

799 1441 943 1507 aperi
973 1441 1157 1491 oculos
1180 1448 1322 1501 tuos,
1350 1447 1399 1491 et
1428 1438 1546 1489 vide
1587 1436 1968 1489 desolationem
2000 1444 2254 1499 nostram,
2276 1442 2329 1485 et

1950 1450 1968 1486 ι
2000 1444 2254 1499 nostram,
2276 1442 2329 1485 et
2423 1423 2624 1486 ἄνοιξον
2645 1424 2772 1484 τοὺς
2797 1420 3038 1490 ὀφθαλμούς
3061 1437 3152 1483 σου,
3171 1420 3249 1472 xal
3283 1416 3354 1471 ῐδε
3397 1420 3480 1471 τὸν

799 1530 1028 1583 civitatis
1052 1539 1169 1589 tuae,
1203 1529 1255 1580 in
1286 1543 1391 1596 qua
1427 1528 1728 1579 invocatum
1762 1534 1844 1578 est
1878 1538 2067 1576 nomen
2096 1532 2242 1576 tuum
2273 1522 2324 1574 in

1990 1539 2067 1576 ιεη
2096 1532 2242 1576 tuum
2273 1522 2324 1574 in
2423 1512 2596 1580 ἡμῶν,
2651 1510 2744 1562 καί¹
2789 1509 2871 1578 τῆς
2905 1507 3064 1569 πόλεώς
3087 1523 3180 1569 σου,
3205 1504 3276 1573 ἐφ’
3309 1501 3372 1575 ἧς
3404 1506 3520 1558 tm):

798 1636 859 1671 ea
889 1638 900 1672 :
938 1621 1061 1686 quia
1094 1634 1195 1671 non
1245 1618 1297 1669 in
1324 1616 1803 1684 justiﬁcationibus
1837 1614 2035 1666 nostris
2074 1627 2169 1665 nos
2201 1626 2327 1680 pro-

1991 1614 2035 1665 is
2074 1627 2169 1665 nos
2201 1626 2327 1680 ριιο-
2424 1600 2592 1668 ὄνομα
2620 1616 2712 1651 σου
2742 1594 2828 1652 ἐπ’
2851 1599 2984 1667 αὐτῇ*
3011 1598 3077 1649 ὅτι
3119 1597 3202 1649 οὐκ
3239 1596 3325 1647 ἐπὶ
3345 1596 3458 1657 ταῖς
3486 1595 3521 1647 δι

801 1710 1089 1761 sternimus
1116 1707 1509 1760 miserationem
1540 1719 1719 1757 coram
1744 1712 1815 1765 te,
1854 1703 1945 1756 sed
1987 1715 2143 1769 super
2170 1700 2328 1755 mise-

1991 1715 2143 1769 super
2170 1700 2328 1755 mise-
2425 1690 2578 1758 ἡμῶν
2603 1691 2762 1757 ἡμεῖς
2788 1689 3000 1759 ρίπτομεν
3046 1686 3121 1740 τὸν
3165 1685 3423 1757 οἱκτιρμδν
3472 1687 3521 1738 ὲν

800 1800 1038 1851 rationes
1070 1808 1189 1849 tuas
1212 1795 1427 1858 multas,
1460 1792 1702 1844 Domine.
2030 1850 2033 1855 ι

2030 1850 2033 1855 Ι
2358 1775 2399 1829 Β
2426 1778 2538 1832 ἁλλ’
2565 1780 2655 1830 ἐπὶ
2673 1780 2796 1840 τοὺς
2811 1777 3066 1848 οίκτιρμούς
3086 1794 3162 1829 σου
3190 1778 3299 1838 τοὺς
3322 1775 3523 1829 πολλοὺς

868 1888 952 1939 19.
974 1886 1195 1953 Exaudi,
1226 1884 1467 1937 Domine.
1486 1880 1801 1949 propitiare,
1822 1877 2063 1940 Domine,
2100 1875 2329 1937 attende,

1993 1891 2063 1940 ie,
2100 1875 2329 1937 attende,
2500 1868 2583 1920 l9.
2616 1867 2922 1921 Είσάκουσον
2947 1866 3106 1935 Κύριε,
3155 1864 3382 1935 omne
3422 1865 3523 1936 Κὺς

798 1976 1039 2037 Domine,
1072 1972 1175 2037 fac,
1210 1972 1430 2023 Domine
1479 1986 1492 2023 :
1531 1979 1583 2023 et
1643 1984 1708 2022 ne
1765 1969 1987 2020 moreris
2014 1977 2226 2035 propter
2280 1974 2328 2020 te

1976 1983 1987 2020 5
2014 1977 2226 2035 ριιοριθι-
2280 1974 2332 2020 ιε
2429 1954 2617 2024 Κύριε,
2646 1955 2859 2024 ποίησον
2886 1955 3141 2025 Κύριε,καὶ
3170 1955 3235 2025 μὴ
3259 1956 3506 2025 χρονίσῃς

799 2064 993 2132 ipsum,
1033 2062 1169 2115 Deus
1195 2076 1342 2113 meus
1374 2075 1386 2110 :
1420 2059 1670 2127 quoniam
1708 2072 1903 2110 nomen
1932 2066 2080 2109 tuum
2108 2057 2323 2108 invoca-

1994 2073 2080 2109 um
2108 2057 2323 2108 invoca-
2429 2043 2557 2105 Θεός
2593 2060 2712 2111 μου,
2742 2045 2823 2095 ὅτι
2854 2043 2905 2095 τὸ
2946 2043 3092 2114 δνομά
3123 2061 3205 2096 σου
3254 2044 3524 2115 ὲπικὲκλη

795 2159 905 2201 tum
920 2158 999 2203 est
1021 2164 1178 2216 super
1197 2149 1461 2201 civitatem
1480 2153 1705 2209 tuam,et
1720 2160 1879 2212 super
1892 2144 2141 2212 pepulum
2161 2152 2325 2196 tuum.

1768 2160 1879 2212 ιρειι
1892 2144 2141 2212 populum
2161 2152 2327 2196 ιυιιιη,
2430 2133 2579 2184 πόλιν
2610 2148 2724 2196 σου,
2750 2133 2842 2183 καὶ
2860 2133 2939 2185 ἐπὶ
2961 2132 3037 2185 τὸν
3066 2134 3177 2185 λαόν
3210 2148 3298 2187 σου

862 2241 953 2293 20.
998 2240 1058 2292 Et
1085 2241 1259 2291 adhuc
1293 2252 1377 2290 me
1403 2238 1687 2305 loquente,
1744 2244 1797 2289 et
1851 2246 2055 2293 orante.
2088 2242 2141 2286 et
2171 2234 2334 2286 conli-

1995 2246 2055 2293 ιε,
2088 2242 2141 2286 ει
2171 2234 2334 2286 conﬁ-
2497 2220 2584 2274 20.
2608 2221 2717 2273 Kal
2737 2221 2814 2272 ἔτι
2843 2221 2959 2290 ἐμοῦ
2997 2221 3273 2286 λαλοῦντος,
3323 2223 3425 2277 καὶ
3464 2243 3525 2296 πε

799 2336 938 2379 lente
969 2333 1182 2394 peccata
1207 2339 1321 2376 mea
1350 2364 1362 2387 ,
1395 2332 1446 2375 et
1475 2331 1686 2391 peccata
1716 2320 1897 2389 populi
1926 2321 2025 2372 mei
2068 2319 2247 2382 Israel,
2279 2328 2329 2371 et

1997 2321 2025 2372 τί
2068 2319 2247 2382 Israel,
2279 2328 2333 2371 et
2429 2314 2522 2365 καὶ
2540 2312 2933 2383 ὲξαγορεύοντος
2955 2314 3043 2377 τὰς
3075 2317 3330 2387 ἁμαρτίας
3364 2336 3527 2389 μου,ι

796 2421 1170 2482 prosternente
1214 2409 1613 2463 miserationem
1668 2423 1840 2461 meam
1889 2422 2067 2460 coram
2107 2406 2326 2459 Domino

1997 2423 2067 2458 nn
2107 2406 2331 2459 Domino
2429 2402 2546 2464 τίας
2573 2403 2665 2455 τοῦ
2691 2403 2820 2457 λαοῦ
2856 2422 2945 2473 μου
2980 2406 3194 2476 Ἰσραὴλ,
3221 2409 3313 2460 καὶ
3340 2410 3527 2478 pisum

797 2504 903 2558 Deo
932 2517 1071 2565 meo,
1101 2517 1197 2571 pro
1220 2508 1399 2554 monte
1426 2507 1613 2554 sancto
1643 2498 1813 2552 sancti
1861 2496 1953 2551 Dei
1982 2496 2103 2549 mei.

1996 2496 2103 2549 uel.
2432 2506 2528 2558 μου
2553 2491 2787 2544 ἐναντίον
2811 2492 2998 2563 Κυρίου
3041 2494 3128 2547 τοῦ
3175 2495 3308 2549 Θεοῦ
3338 2514 3445 2567 μου
3483 2517 3526 2553 π

2427 2580 2519 2633 τοῦ
2547 2581 2698 2649 ἁγίου
2727 2582 2821 2634 τοῦ
2852 2582 2992 2649 ἁγίου
3013 2584 3099 2636 τοῦ
3125 2585 3256 2638 Θεοῦ
3284 2605 3414 2657 μου.

863 2674 950 2725 2t.
993 2673 1057 2725 Et
1082 2673 1254 2725 adhuc
1281 2685 1365 2724 me
1400 2672 1652 2739 loquente
1709 2670 1760 2723 in
1813 2670 2076 2733 oratione,
2105 2678 2156 2724 ct
2208 2683 2332 2725 ecce

1998 2685 2076 2733 ne,
2105 2678 2156 2724 et
2208 2683 2332 2725 ecce
2493 2671 2580 2725 21.
2615 2672 2722 2738 Kal
2752 2672 2829 2723 ἐτι
2867 2673 2990 2743 ἐμοῦ
3030 2674 3313 2741 λαλοῦντος
3342 2680 3404 2732 ὲν
3449 2684 3528 2753 τῇ

796 2763 879 2815 vir
906 2762 1146 2824 Gabriel,
1172 2776 1331 2829 quem
1364 2761 1598 2813 videram
1626 2760 1680 2811 in
1706 2760 1910 2812 visione
1939 2775 2051 2812 mea
2098 2760 2148 2811 in
2182 2761 2326 2827 priu-

1992 2776 2051 2812 ea
2098 2760 2148 2811 in
2182 2761 2330 2827 prin-
2431 2754 2535 2806 ίδοὺ
2568 2758 2595 2807 6
2618 2756 2752 2825 ἀνὴρ
2784 2757 3033 2829 Γαῦριὴλ,
3068 2761 3126 2815 ὃν
3148 2759 3285 2815 εἶδον
3312 2766 3371 2817 ὲν
3395 2771 3522 2837 τῇὁ

797 2853 959 2920 cipio,
995 2852 1200 2916 volans,
1226 2857 1278 2904 et
1310 2849 1482 2917 tetigit
1511 2864 1596 2902 me
1617 2848 1773 2917 quasi
1798 2848 1929 2901 hora
1962 2849 2209 2903 sacriﬁcii
2238 2866 2327 2904 ve-

1999 2849 2209 2903 acriﬁcii
2238 2866 2331 2904 ve-
2427 2845 2564 2914 ἀρχῇ
2587 2884 2602 2908 ,
2629 2846 2918 2915 πετόμενος
2938 2889 2953 2905 .
2978 2851 3072 2903 καὶ
3089 2852 3266 2923 ἥψατό
3293 2872 3429 2925 μου,
3450 2859 3529 2912 ὼε

797 2940 1043 3009 spertini.

2427 2935 2729 3005 ὲσπερινῆς.

864 3030 953 3084 2‘2.
993 3031 1057 3083 Et
1088 3027 1381 3095 intelligere
1415 3026 1540 3081 fecit
1583 3040 1669 3081 me
1704 3066 1720 3091 ,
1752 3035 1804 3079 et
1846 3025 2057 3080 locutus
2088 3036 2169 3079 est
2215 3040 2328 3079 me-
2352 3068 2392 3105 η

2001 3042 2057 3079 us
2088 3036 2169 3079 est
2215 3040 2328 3079 me-
2352 3068 2392 3105 η
2492 3023 2580 3076 22.
2614 3025 2721 3076 Kal
2748 3027 3025 3081 ὲσυνέτισέ
3048 3045 3137 3099 με,
3162 3032 3265 3083 καὶ
3285 3032 3531 3105 ὲλὰλησι

867 3068 953 3084 ..-.
993 3068 1057 3083 μ.
1088 3068 1381 3095 .........,,ν.ν
1415 3068 1540 3081 ην..
1584 3068 1669 3081 ...ν
1704 3068 1720 3091 ,
1754 3068 1804 3079 ν.
1847 3068 2057 3080 ..,....-..-
2090 3068 2169 3079 υ...
2215 3068 2293 3079 ..η

797 3132 940 3183 cum,
971 3128 1024 3171 et
1045 3116 1215 3170 dixit:
1249 3115 1454 3180 Daniel,
1488 3130 1630 3170 nunc
1658 3115 1797 3169 exivi
1817 3114 2058 3167 imbuere
2086 3125 2136 3168 te
2168 3114 2325 3168 intel-

2002 3130 2058 3167 re
2086 3125 2136 3168 te
2168 3114 2325 3168 intel-
2352 3068 2393 3126 Ο
2425 3110 2608 3167 εἶπεν·
2659 3116 2883 3185 Δανιὴλ,
2948 3068 3329 3191 νῦνῗέἧλθον
3382 3068 3531 3198 συλμί

799 3208 1034 3262 licentia.

1022 3244 1034 3259 ,
2421 3217 2552 3253 εσιν.

839 3226 1034 3276 genua.

864 3296 950 3347 25.
994 3295 1048 3347 ln
1083 3294 1342 3363 principio
1371 3291 1761 3348 obsecrationis
1787 3301 1889 3346 tua:
1914 3293 2079 3347 exivlt
2107 3308 2318 3346 sermo:

2421 3226 2553 3253 εσιν.

2004 3295 2079 3345 vlt
2107 3308 2318 3346 sermo:
2487 3291 2574 3344 2'5.
2612 3292 2700 3343 Ἐν
2724 3293 2864 3364 ἀρχῇ
2888 3294 2995 3364 τῆς
3025 3296 3283 3367 δεήσεώς
3306 3319 3415 3357 σου
3442 3306 3533 3371 ὲ.ξὶ

796 3394 847 3436 et
884 3398 982 3451 ego
1014 3384 1150 3447 veni,
1188 3394 1247 3437 ut
1275 3384 1585 3436 annuntiem
1613 3381 1732 3445 tibi,
1758 3382 1884 3449 quia
1910 3381 1993 3434 vir
2029 3381 2324 3436 desiderio-

2029 3381 2324 3436 desiderio—
2418 3380 2526 3447 ἐγὼ
2573 3376 2733 3450 ἦλθον
2766 3384 2859 3436 τοῦ
2905 3387 3254 3454 ἀναγγεῖλαί
3292 3410 3412 3460 σοι,
3453 3397 3525 3450 ὅτ

796 3486 913 3522 rum
938 3484 996 3523 es
1023 3478 1111 3534 tu;
1141 3477 1194 3522 et
1222 3468 1452 3537 recogita
1488 3470 1542 3520 in
1562 3467 1743 3521 verbo.

2418 3464 2469 3520 εἴ
2492 3470 2575 3533 σὺ,
2608 3472 2700 3522 καὶ
2724 3472 3011 3544 ὲννοὴθητι
3038 3478 3101 3531 ὲν
3131 3477 3221 3549 τῷ
3268 3483 3531 3553 ῥήματι.

862 3558 949 3611 24.
1026 3557 1369 3627 Septuaginta
1424 3556 1781 3611 hebdomades
1832 3555 2151 3609 abhreviata:
2196 3564 2323 3609 sunt

2002 3556 2151 3609 viata:
2196 3564 2323 3609 sunt
2485 3560 2572 3613 24.
2605 3561 3015 3633 Ἐδδομὴκοντα
3033 3567 3371 3639 ὲϐδομάδες
3401 3593 3525 3632 συν

796 3667 956 3720 super
979 3654 1231 3720 populum
1263 3661 1429 3717 tuum,
1460 3659 1512 3705 et
1541 3666 1703 3720 super
1751 3652 2012 3707 civitatem
2057 3662 2317 3717 sanctam,

2003 3670 2012 3705 ι
2057 3662 2317 3717 sanctam,
2417 3651 2541 3703 λαόν
2570 3668 2683 3715 σου,
2715 3656 2808 3706 καὶ
2830 3655 2928 3707 ἐπὶ
2960 3657 3071 3728 τὴν
3106 3660 3288 3715 πόλιν
3342 3666 3469 3736 τὴν
3507 3672 3533 3723 6

793 3741 1142 3809 quoadusque
1173 3741 1478 3808 antiquetur
1508 3739 1784 3804 delictum,
1824 3750 1877 3795 et
1921 3750 2321 3795 consummetur

1962 3750 2321 3795 onsummetur
2416 3739 2705 3808 λαιωθῆναι
2751 3741 2813 3794 τὺ
2870 3746 3308 3819 παράπτωμα,
3367 3756 3492 3809 κού.

794 3841 1089 3898 peccatum,
1122 3840 1175 3883 et
1198 3831 1543 3899 obsignentur
1571 3840 1805 3898 peccata,
1837 3838 1890 3884 et
1923 3833 2196 3885 deleantur
2217 3831 2319 3885 im-

2003 3831 2319 3885 eanturim-
2417 3828 2702 3896 ἁμαρτίαν,
2748 3833 2846 3883 ml
2907 3834 3015 3886 τοῦ
3073 3841 3449 3908 σφραγῖσιν.
3524 3866 3533 3897 ι

794 3917 1035 3985 pietates,
1085 3925 1137 3969 et
1185 3916 1537 3983 propitientur
1572 3915 1899 3982 iniquitates,
1930 3924 1982 3970 et
2027 3915 2317 3967 adducatur

2027 3915 2317 3967 adducatur
2415 3917 2705 3985 ἀπαλεῖψαι
2728 3919 2997 3990 ἀνομίας,
3033 3928 3151 3978 καὶ
3179 3929 3297 3983 τοῦ
3325 3931 3525 3997 ὲξιλὰ

789 4006 995 4073 justitia
1022 4006 1363 4072 sempiterna,
1416 4012 1469 4056 et
1516 4002 1750 4069 signetur
1774 4005 1929 4067 visio,
1959 4013 2011 4058 et
2038 4002 2315 4072 propheta,

1992 4013 2011 4057 t
2038 4002 2315 4072 propheta,
2413 4003 2506 4056 τοῦ
2534 4004 2758 4073 ἀγαγεῖν
2788 4008 3200 4083 δικαιοσύνην
3233 4019 3522 4076 αἰώνιον

790 4101 847 4147 et
882 4100 1111 4160 ungatur
1136 4090 1362 4146 Sanctus
1388 4099 1715 4144 sanctorum.

2412 4095 2617 4164 ὅρασιν,
2684 4100 2777 4151 καὶ
2843 4105 3245 4176 προφήτην,
3322 4112 3455 4165 καὶ

1104 4250 1107 4253 λ
2415 4182 2602 4249 ἁγίων.

861 4273 950 4329 25,
989 4270 1054 4323 Ει
1082 4270 1241 4332 scies,
1272 4278 1323 4322 et
1350 4268 1578 4335 itelliges
1606 4305 1621 4330 ,
1651 4268 1715 4320 ab
1742 4268 1889 4321 exitu
1916 4283 2223 4323 sermonum
2246 4270 2313 4324 ad

2008 4283 2223 4323 menum
2246 4270 2313 4324 ad
2478 4271 2567 4325 25.
2592 4274 2701 4325 Kal
2729 4276 2957 4350 γνώσῃ,
2997 4284 3123 4334 καὶ
3164 4288 3533 4358 εεςυνήειεις.Ι

794 4359 1242 4427 respondendum,
1276 4366 1329 4411 et
1363 4366 1422 4411 ut
1467 4356 1756 4410 aediﬁcetur
1800 4355 2094 4409 Jerusalem
2143 4371 2311 4426 usque

2003 4359 2094 4409 lem
2114 4447 2121 4449 ξ
2143 4371 2311 4449 usque
2341 4366 2384 4421 ι)
2410 4360 2501 4449 τοῦ
2522 4361 2913 4435 ἀποκριθῆναι,
2939 4371 3063 4423 καὶ
3084 4375 3214 4426 τοῦ
3242 4355 3533 4449 οἰνωδομ

782 4449 855 4501 ad
889 4448 1160 4502 Christum
1184 4448 1388 4511 ducem,
1407 4445 1761 4500 hebdomades
1789 4455 2010 4515 septem,
2036 4455 2086 4499 et
2114 4446 2312 4500 hebdo-

2003 4488 2010 4510 ,
2036 4455 2086 4499 et
2114 4446 2313 4537 hebdo-
2410 4447 2513 4511 ἕως
2541 4450 2772 4519 Χριστοῦ
2801 4456 3222 4527 ἡγουμένου,
3263 4445 3533 4537 ἑϐδομξ

792 4540 973 4595 mades
992 4540 1263 4609 sexaginta
1292 4540 1441 4593 duae:
1467 4546 1520 4591 et
1547 4547 1862 4599 revertetur,
1894 4544 1947 4589 et
1966 4536 2315 4590 aediﬁcabitur

2002 4536 2315 4590 :dilicabitur
2413 4537 2574 4605 μάδες
2593 4538 2857 4608 ἑξήκοντα
2881 4545 3050 4599 δύο⁶
3107 4552 3243 4603 καὶ
3297 4536 3532 4609 haud":

790 4631 963 4698 platea
986 4671 1003 4695 ,
1025 4639 1079 4685 et
1111 4630 1535 4695 circummurale,
1559 4637 1612 4683 et
1629 4629 2028 4683 evacuahuutur
2054 4638 2309 4697 tempora.

2003 4643 2028 4681 r
2054 4638 2309 4697 tempora.
2410 4627 2629 4698 θήσεται
2662 4630 2925 4699 πλατεῖα,
2963 4639 3101 4691 καὶ
3154 4643 3532 4718 περιτειχ

2406 4734 2493 4769 ται
2516 4720 2565 4770 οἱ
2587 4722 2785 4775 καιροί.

854 4804 944 4860 26.
987 4803 1053 4858 Et
1079 4812 1199 4873 post
1223 4802 1583 4858 hebdomadas
1620 4804 1894 4872 sexaginta
1946 4804 2079 4857 duas
2130 4814 2308 4859 exter-

2406 4738 2493 4769 ται
2516 4738 2565 4770 οι
2587 4738 2785 4792 καιροί.

2003 4819 2079 4857 Ias
2130 4814 2308 4859 exter-
2475 4807 2565 4862 26.
2599 4811 2707 4864 Kal
2756 4814 2913 4883 μετὰ
2972 4818 3124 4880 τὰς
3178 4820 3533 4893 ὲὸδομὰδ

788 4893 1080 4947 minabitur
1122 4894 1337 4946 unctio:
1391 4901 1443 4945 et
1486 4891 1747 4961 judicium
1804 4907 1907 4945 non
1938 4901 2019 4946 est
2052 4893 2211 4949 ineo.
2243 4893 2310 4947 Et

2003 4901 2019 4945 ι
2052 4893 2106 4946 in
2128 4908 2211 4949 eo.
2243 4893 2310 4947 Et
2407 4894 2950 4971 ὲξολοθρευθὴσεται
2996 4907 3347 4978 χρίσμα,
3378 4891 3533 4968 -καέ

790 4981 1075 5044 civitatem,
1107 4990 1159 5034 et
1182 4981 1542 5035 sanctuarium
1568 4982 1846 5049 dissipabit
1874 4997 1995 5035 cum
2028 4983 2163 5036 duce
2211 4982 2308 5036 ad-

1967 4998 1995 5035 n
2028 4983 2163 5036 duce
2211 4982 2308 5036 ad-
2405 4986 2582 5055 αὐτῷ·
2614 4991 2706 5042 καὶ
2729 4991 2831 5059 τὴν
2867 4993 3127 5061 πόλιν,
3175 5002 3325 5054 καὶ
3350 5002 3497 5057 τὸν

790 5070 1049 5133 veniente,
1081 5082 1133 5123 et
1156 5070 1502 5124 excindentur
1532 5073 1681 5140 quasi
1708 5072 1758 5124 in
1797 5071 2016 5136 diluvio,
2048 5082 2100 5124 et
2142 5086 2309 5139 usque

1980 5087 2016 5136 ),
2048 5082 2100 5124 ct
2142 5086 2309 5139 usque
2406 5074 2687 5145 ἡγουμένῳ
2737 5077 2818 5147 τῷ
2868 5081 3326 5158 ἐρχομένῳ,
3422 5111 3510 5146 κε

790 5154 858 5205 ad
884 5158 1039 5209 linem
1064 5157 1186 5210 belli
1216 5160 1417 5213 concisi
1470 5158 1909 5213 desolationibus.
1961 5159 2309 5213 Conlirmahit

1967 5159 2309 5213 Conlirmahit
2405 5161 2789 5232 κατακλυσμῷ,
2810 5167 2930 5219 καὶ
2969 5168 3128 5234 ἕως
3158 5154 3451 5241 τέᾷους
3489 5200 3497 5211 .

790 5251 964 5296 autem
1027 5256 1402 5301 testamentum
1453 5248 1635 5301 multis
1680 5247 2009 5301 hehdomada
2073 5261 2177 5299 una
2215 5256 2308 5301 :et

1947 5247 2009 5299 da
2073 5261 2177 5299 una
2215 5256 2308 5301 :et
2403 5249 2743 5320 ἀφανισμοῖς.
2794 5256 2934 5309 Καὶ
3003 5260 3477 5333 δυναμώσει

790 5329 1069 5385 dimidium
1103 5334 1444 5391 hebdomadas
1478 5352 1687 5391 cessare
1722 5336 1883 5390 faciet
1911 5335 2223 5404 thymiama,
2252 5345 2306 5390 et

1911 5335 2306 5426 thymiama,et
2407 5336 2511 5426 μὰς
2566 5339 2696 5407 μία·
2756 5343 2860 5395 καὶ
2915 5346 3179 5415 ἥμισυ
3214 5329 3232 5333 ν
3270 5358 3424 5426 τῆς

791 5419 1135 5486 sacriﬁcium,
1161 5433 1213 5476 et
1248 5426 1497 5492 libamen,
1526 5435 1580 5481 et
1631 5441 1786 5495 super
1825 5425 2168 5494 pinnaculum
2214 5440 2301 5479 or-

1925 5425 2168 5478 naculum
2214 5440 2301 5479 or-
2404 5425 2671 5497 θυμίαμα,
2702 5432 2796 5485 καὶ
2835 5433 3141 5506 Θυσίαν,
3198 5419 3455 5501 καίει.

793 5505 912 5598 dine
948 5509 1306 5577 desolationis,
1333 5525 1385 5568 et
1412 5533 1579 5586 usque
1610 5518 1674 5571 ad
1697 5516 2226 5578 consummationem,
2253 5524 2305 5569 et

1910 5516 2226 5578 imationem,
2253 5524 2305 5569 et
2402 5532 2517 5580 γιον
2543 5516 2690 5580 τάξει
2712 5505 3148 5598 ἀφανισμοῦ,
3194 5541 3342 5592 καὶ
3382 5542 3440 5593 ἐς

782 5588 1180 5650 festinationem
1205 5600 1406 5663 ordine,
1430 5603 1803 5658 destructione.

1571 5606 1803 5658 actione.
2402 5604 2495 5671 δῆς
2523 5604 2671 5669 τάξει
2701 5588 3101 5691 ἀφανισμῷ.
