3874 6350
154 354 396 411 σεεῶ

164 380 253 434 Ξ
268 380 396 409 ³³⁸⁸
1758 380 1908 439 CAPI

2025 384 2089 436 Χ.

3372 385 3508 437 288ἱῖ

323 474 423 530 27.
444 472 567 526 Kal
591 477 953 552 δυναμὼσει
980 489 1253 563 διαθήκην
1282 493 1489 556 πολλοῖς
1507 492 1734 562 ἑϐδομὰς
1763 496 1878 563 μία,

2050 494 2137 547 27.
2182 494 2241 547 Et
2276 494 2613 548 conﬁrmabit
2672 498 3043 546 testamentum
3100 490 3280 543 multis
3313 490 3516 544 hebdo-

200 568 364 630 καὶ
386 567 447 618 ὲν
499 564 580 636 τῷ
630 570 850 642 ἡμίσει
900 578 1018 649 τῆς
1069 581 1351 653 ἑϐδομάδος
1386 582 1675 652 ἀρθήσεται
1710 582 1889 642 θυσία,

209 661 369 719 καὶ
424 658 663 730 σπονδὴ.
715 662 824 717 καὶ
856 668 962 721 ἐπὶ
990 671 1226 735 τούτοις,
1249 672 1339 723 ἐπὶ
1365 672 1424 725 τὸ
1449 671 1589 742 ἱερὸν
1622 671 1892 740 βδέλυγμα

209 752 377 821 τῆς
412 749 801 820 ἐρημώσεως,
831 758 941 809 καὶ
991 758 1103 822 ἕως
1139 761 1441 823 συντελείας
1474 760 1663 831 καιροῦ
1712 760 1893 813 συντέ-

206 841 265 897 Ia.
280 860 400 896 ςια
440 839 750 913 δοθήσεται
780 845 886 899 ἐπὶ
918 847 1025 918 τὴν
1049 850 1344 920 ἐρήμωσιν.

897 1050 1296 1107 ΚΕΦΔΛΔΙΟΝ
1316 1053 1371 1105 I'.

336 1184 424 1239 ‘1.
475 1184 583 1237 Ἐν
612 1183 726 1236 hct
782 1182 965 1253 τρίτῳ
993 1183 1179 1254 Κύρου
1226 1184 1319 1236 τοῦ
1366 1184 1629 1253 βασιλέως
1672 1182 1893 1252 Περσῶν

186 1274 471 1341 λόγος
508 1271 888 1339 ἀπεκαλύφθη
911 1273 993 1341 τῷ
1022 1271 1220 1340 Δανιὴλ
1249 1264 1309 1324 οὗ
1340 1271 1399 1322 τὸ
1430 1272 1596 1339 ὄνομα
1625 1268 1893 1338 ἐπεκλήθη

184 1363 630 1432 Βαλτάσαρ
652 1378 667 1391 ·
683 1362 781 1413 xal
802 1360 1056 1429 ἀληθινὸς
1079 1362 1107 1413 ὁ
1123 1361 1297 1428 λόγος,
1320 1360 1645 1429 καὶδύναμις
1664 1359 1892 1429 μεγάλη,

184 1454 378 1507 καὶ
418 1451 682 1511 σύνεσις
723 1448 880 1519 ἐδόθη
906 1448 1055 1518 αὑτῷ
1082 1451 1141 1502 ὲν
1177 1453 1244 1519 τῇ
1269 1450 1517 1518 ὀπτασίᾳ.

332 1538 419 1593 2.
481 1539 591 1591 Ἔν
636 1539 764 1598 ταῖς
812 1538 1049 1607 ἡμέραις
1092 1536 1325 1599 ἐκείναις
1369 1534 1479 1603 ἐγὼ
1524 1534 1718 1604 Δανιὴλ
1746 1534 1894 1603 ήμην

183 1625 541 1679 πενθῶν
571 1627 733 1694 τρεῖς
771 1624 1072 1692 ἑϐδομάδας
1099 1623 1337 1693 ήμερῶν.

338 1717 421 1771 3.
494 1716 720 1784 Ἄρτον
747 1714 974 1784 ἡμερῶν
1008 1715 1109 1769 οὑκ
1158 1714 1380 1781 ἔφαγον,
1440 1716 1532 1767 καὶ
1572 1714 1756 1784 κρέας,
1802 1712 1896 1765 καὶ

1992 587 2145 639 mada
2178 601 2301 647 una,
2356 593 2408 637 et
2460 584 2511 636 in
2573 583 2792 637 dimidio
2848 580 3191 634 hebdomadis
3249 580 3519 634 auferetur

1992 670 2331 739 sacrificium,
2362 684 2413 727 ct
2440 675 2695 736 libamen,
2725 684 2777 727 et
2805 680 2922 740 post
2960 675 3070 725 haec
3096 671 3146 723 in
3181 676 3373 739 templo
3389 670 3516 724 alio-

1992 763 2215 816 minutio
2243 762 2586 815 desolationis
2610 778 2623 815 :
2647 772 2698 815 et
2728 776 2894 829 usque
2915 760 2978 813 ad
3006 758 3513 812 consummationem

1992 852 2247 920 temporis
2303 851 2696 937 consummatio
2742 850 2954 904 dabitur
3006 863 3165 916 super
3238 846 3517 900 desolatic—

1993 955 2139 994 nem.

2571 1048 2793 1105 CAPUT
2866 1048 2933 1102 Χ.

2065 1188 2117 1238 1.
2150 1184 2207 1239 1η
2230 1201 2371 1240 anno
2399 1185 2553 1239 tertio
2574 1204 2589 1217 ·
2608 1184 2732 1253 Cyri
2774 1183 2914 1251 regis
2969 1180 3273 1243 Persarum,
3300 1178 3519 1233 verbum

1994 1275 2287 1328 revelatum
2334 1284 2416 1327 est
2467 1273 2701 1333 Danieli,
2750 1272 2903 1339 cujus
2945 1282 3136 1323 nomen
3162 1276 3410 1322 vocatum
3440 1276 3522 1321 est

1994 1363 2256 1427 Baltasar,
2304 1372 2356 1417 et
2390 1378 2572 1415 verum
2602 1362 2839 1424 verbum,
2864 1369 2916 1413 et
2946 1359 3198 1413 fortitudo
3226 1373 3437 1427 magna,
3470 1366 3521 1411 et

1994 1450 2337 1517 intelligentia
2367 1449 2488 1501 data
2528 1458 2609 1503 est
2642 1452 2689 1501 ei
2724 1450 2775 1500 in
2806 1449 3032 1499 visione.

2060 1540 2113 1591 2.
2156 1538 2209 1589 In
2245 1538 2431 1591 diebus
2476 1537 2582 1591 illis
2641 1552 2740 1606 ego
2772 1535 2955 1589 Daniel
3004 1549 3149 1589 eram
3200 1533 3383 1603 lugens
3413 1542 3521 1586 tres

1993 1628 2349 1683 hebdomadas
2384 1628 2605 1682 dierum.

2064 1717 2117 1770 ὅ.
2155 1716 2350 1770 Panem
2372 1718 2576 1770 dierum
2608 1732 2713 1770 non
2741 1714 2971 1780 comedi,
3006 1725 3059 1769 et
3085 1728 3233 1778 caro,
3263 1721 3316 1767 et
3338 1712 3520 1766 vinum

187 1802 446 1869 οἶνος
476 1806 602 1859 οὐκ
634 1803 889 1872 εἰσῆλθεν
904 1804 982 1867 είς
997 1804 1058 1856 τὸ
1084 1804 1256 1871 στόμα
1280 1821 1401 1872 μου,
1422 1806 1511 1856 καὶ
1536 1804 1771 1872 ἄλειμμα
1795 1804 1894 1855 οὐκ

2019 1823 2101 1861 non
2136 1808 2456 1860 introierunt
2482 1809 2532 1860 in
2566 1823 2627 1860 os
2652 1822 2852 1869 meum,
2896 1816 2947 1859 et
2972 1811 3241 1873 unguento
3270 1800 3374 1856 non
3402 1818 3523 1855 sum
3556 1826 3571 1847 ο

188 1894 779 1967 ἠλειψάμην,ἔως
789 1892 1296 1963 πληρώσεωςτριῶν
1317 1894 1621 1962 ἑϐδομάδων
1646 1897 1752 1963 ὴμε
1759 1894 1883 1961 ρῶν.

348 2074 423 2126 4.
462 2073 599 2125 Καὶ
630 2072 691 2122 ιν
728 2070 912 2140 ἡμέρᾳ
946 2071 1164 2139 είκοστῇ
1200 2070 1293 2123 καὶ
1343 2071 1575 2142 τετάρτῃ
1609 2070 1702 2123 τοῦ
1730 2070 1892 2139 μηνὸς
1941 2103 1951 2114 -

203 2160 385 2216 τοῦ
432 2160 687 2231 πρώτου
700 2162 763 2211 έν
797 2159 875 2228 τῷ
901 2158 1069 2228 τρίτῳ
1094 2159 1224 2223 έτει,
1255 2158 1362 2228 ἐγὼ
1387 2161 1531 2229 ήμην
1554 2160 1779 2229 ἐχόμενα
1800 2158 1892 2212 τοῦ

211 2250 585 2320 meper;
607 2250 707 2302 τοῦ
738 2250 1004 2319 μεγάλου,
1040 2250 1198 2311 αὐτός
1226 2250 1341 2301 ἐστι
1366 2250 1574 2319 Τίγρις.

352 2341 431 2396 5.
479 2340 611 2392 Kal.
672 2338 786 2414 ᾖρα
824 2339 948 2401 τοὺς
1000 2336 1307 2408 ὀφθαλμούς
1339 2357 1460 2408 μου.
1494 2341 1585 2392 καὶ
1616 2335 1771 2403 εἶδον,
1799 2340 1895 2391 καὶ

224 2430 416 2484 ἰδοὺ
466 2429 630 2497 ἀνὴρ
654 2423 740 2491 εἷς
763 2428 1108 2498 ἐνδεδυμένος
1140 2428 1335 2497 βαδδὶν,
1353 2430 1443 2481 καὶ
1469 2431 1500 2497 ή
1533 2431 1702 2497 ὀσφὺς
1736 2430 1896 2481 αὑτοῦ

230 2519 761 2591 ’ττεριεζωσμένη
801 2518 1013 2589 χρυσίῳ
1077 2519 1273 2587 Ὠφὰζ,
1330 2519 1421 2571 καὶ
1464 2520 1529 2571 τὺ
1557 2519 1714 2588 σῶμα
1736 2517 1897 2571 αὐτοῦ

235 2612 450 2666 ὡσεὶ
472 2612 747 2679 Θαρσεῖς.

364 2702 439 2757 6.
477 2701 602 2754 Kal
631 2701 694 2753 τὺ
728 2700 1018 2769 πρόσωπον
1041 2698 1203 2751 αὐτοῦ
1228 2697 1359 2751 ὡσεὶ
1379 2699 1565 2768 ὅρασις
1583 2698 1888 2768 ἀστραπῆς,

246 2793 400 2847 καὶ
441 2793 504 2844 οἱ
544 2790 828 2859 ὀφθαλμοὶ
866 2789 1029 2843 αὑτοῦ
1054 2789 1185 2842 ὡσεὶ
1226 2790 1498 2859 λαμπάδες
1529 2790 1714 2860 πυρὸς,
1744 2792 1835 2844 καὶ
1854 2796 1900 2847 οί

256 2881 627 2951 βραχίονες
654 2880 849 2941 αὐτοῦ,
884 2880 978 2932 καὶ
1017 2879 1085 2933 τὰ
1138 2879 1301 2948 σκέλη
1338 2878 1412 2941 ὡς
1461 2880 1649 2946 ὅρασις
1697 2880 1897 2950 χαλκοῦ

263 2967 675 3030 στίλϐοντος,
702 2968 802 3019 καὶ
834 2968 868 3036 ή
921 2967 1075 3037 φωνὴ
1118 2966 1227 3021 τῶν
1254 2967 1427 3035 λόγων
1456 2967 1619 3020 αὑτοῦ
1650 2968 1724 3031 ὡς
1750 2970 1900 3040 φωνὴ

256 3058 516 3127 δχλου.

1991 1908 2183 1951 unctus
2215 1911 2424 1964 :usque
2452 1897 2514 1950 ad
2544 1896 2946 1965 completionem
2971 1895 3133 1947 trium
3164 1892 3523 1946 hebdomada-

1992 2003 2111 2042 rum
2133 1989 2354 2041 dierum.

2062 2077 2115 2131 4.
2158 2077 2221 2130 Et
2245 2078 2299 2131 in
2333 2078 2419 2131 die
2456 2076 2732 2146 vigesima,
2767 2083 2821 2129 et
2863 2082 3052 2143 quarta
3116 2071 3319 2126 mensis
3361 2071 3527 2140 primi

1996 2166 2049 2220 in
2073 2180 2213 2219 anno
2236 2167 2411 2230 tertio,
2445 2182 2542 2235 ego
2588 2180 2735 2219 eram
2784 2165 2933 2233 juxta
2986 2161 3204 2213 fluvium
3247 2173 3521 2227 magnum,

1998 2255 2112 2326 ipse
2136 2267 2219 2309 est
2239 2245 2433 2323 Tigris.

2066 2346 2118 2399 5.
2160 2345 2224 2397 Et
2254 2344 2452 2397 elevavi
2508 2344 2691 2398 oculos
2724 2358 2888 2407 meos,
2936 2352 2989 2395 et
3029 2342 3156 2404 vidi,
3188 2349 3241 2394 et
3272 2353 3397 2392 ecce
3432 2338 3518 2388 vir

1999 2447 2140 2485 unus
2180 2432 2402 2485 vestitus
2430 2432 2646 2495 baddin,
2696 2440 2747 2485 et
2773 2446 2929 2484 renes
2979 2430 3095 2498 ejus
3142 2427 3366 2483 accincti
3391 2442 3520 2480 auro

2001 2521 2201 2591 Opliaz,
2232 2528 2285 2575 et
2315 2536 2511 2589 corpus
2539 2522 2656 2589 ejus
2680 2521 2834 2589 quasi
2865 2520 3104 2574 Tharsis.

2070 2701 2121 2752 6.
2159 2699 2224 2753 Et
2248 2698 2413 2755 facies
2444 2701 2562 2768 ejus
2598 2699 2757 2752 veluti
2797 2698 3002 2767 species
3026 2695 3270 2765 fulguris,
3310 2704 3363 2767 et
3381 2694 3529 2748 oculi

2004 2790 2120 2858 ejus
2155 2800 2213 2842 ut
2242 2790 2512 2857 lampades
2543 2790 2702 2855 ignis,
2739 2796 2793 2841 et
2813 2787 3029 2840 brachia
3082 2786 3221 2854 ejus,
3279 2794 3332 2839 et
3367 2799 3523 2839 crura

2003 2880 2157 2950 quasi
2207 2880 2411 2947 species
2439 2880 2561 2933 aeris
2615 2877 2887 2933 candentis
2942 2886 3037 2929 :et
3078 2890 3179 2929 vox
3219 2888 3523 2930 sermonum

2004 2968 2118 3036 ejus
2146 2978 2203 3023 ut
2232 2984 2333 3023 vox
2356 2968 2731 3022 multitudinis.

376 3146 443 3198 7.
485 3142 611 3197 Kal
650 3138 798 3196 εἶδον
828 3141 939 3210 ἐγὼ
969 3142 1165 3213 Δανιὴλ
1193 3144 1353 3213 μόνος
1378 3144 1476 3214 τὴν
1500 3146 1780 3212 ὀπτασίαν,
1804 3148 1897 3200 καὶ

2065 3149 2121 3202 7.
2161 3147 2225 3202 Et
2255 3148 2364 3202 vidi
2396 3162 2496 3216 ego
2522 3146 2703 3221 Daniel
2762 3146 2910 3202 solus
2968 3145 3267 3200 visionem:
3317 3152 3372 3198 et
3399 3145 3519 3203 viri,

260 3238 346 3289 οἱ
385 3234 613 3303 ἄνδρες
634 3234 683 3285 οί
726 3234 847 3302 μετ’
879 3234 1013 3302 ἐμοῦ
1035 3234 1135 3286 οὐκ
1167 3230 1305 3287 εἶδον
1339 3235 1435 3305 τήν
1467 3238 1745 3302 ὀπτασίαν,
1778 3238 1895 3292 ἀλλ’

262 3328 332 3396 ἡ
378 3325 676 3383 ἔκστασις
708 3321 926 3395 μεγάλη
972 3323 1237 3377 ἐπέπεσεν
1280 3325 1367 3377 ἐπ’
1402 3324 1613 3390 αὐτοὺς,
1644 3328 1739 3378 καὶ
1771 3326 1898 3394 ἐφυ-

260 3431 415 3485 Ὓον
452 3414 521 3465 ἑν
550 3410 731 3480 φόϐῳ.

377 3505 447 3559 8.
478 3504 605 3557 Καὶ
626 3502 740 3570 ἐγὼ
767 3500 1098 3572 ὑπελείφθην
1128 3502 1304 3571 μόνος,
1338 3504 1430 3555 καὶ
1473 3505 1572 3557 οὐκ
1603 3504 1899 3575 ὑπελείφθη

260 3596 366 3649 ἐν
392 3593 542 3663 ἐμοὶ
578 3593 757 3660 ίσχὺς,
788 3592 884 3644 καὶ
914 3592 946 3661 ή
975 3591 1101 3655 δόξα
1133 3607 1234 3661 μου
1267 3594 1606 3663 μετεστράφη
1648 3596 1729 3657 είς
1780 3594 1893 3647 δια-

278 3681 571 3753 φθορὰν,
597 3682 693 3733 καὶ
734 3682 835 3732 οὐκ
865 3682 1141 3751 ἐκράτησα
1187 3681 1386 3749 ἰσχύος.

377 3773 449 3826 9.
492 3771 615 3823 Kal
638 3771 856 3840 ήκουσα
883 3771 981 3840 τὴν
1007 3770 1187 3841 φωνήν
1212 3771 1320 3823 τῶν
1370 3772 1540 3839 λόγων
1575 3773 1735 3826 αὐτοῦ
1758 3790 1771 3804 ·
1808 3777 1901 3828 καὶ

284 3857 366 3908 ὲν
401 3852 501 3921 τῷ
558 3851 803 3905 ἀκοῦσαί
845 3869 913 3921 με
960 3854 1061 3921 τὴν
1093 3854 1272 3924 φωνὴν
1299 3853 1405 3906 τῶν
1436 3855 1689 3924 ῥημάτων
1714 3855 1897 3920 αὐτοῦ,

288 3947 332 4014 ἦ
343 3961 481 4015 μην
539 3943 1019 4011 κατανενυγμένος
1057 3944 1149 3995 ἐπὶ
1202 3944 1485 4012 πρόσωπόν
1526 3961 1666 4013 μου,
1723 3946 1817 3997 καὶ
1841 3946 1900 3998 τὸ

290 4030 643 4105 πρόσωπόν
664 4048 773 4099 μου
794 4032 887 4084 ἐπὶ
908 4032 1005 4102 τὴν
1036 4032 1163 4101 γῆν.

383 4121 496 4175 10.
534 4120 658 4173 Καὶ
699 4119 812 4173 ίδοὺ
842 4120 966 4189 χεὶρ
994 4122 1270 4191 ἁπτομένη
1308 4138 1429 4191 μου,
1472 4123 1564 4174 καὶ
1621 4122 1803 4193 ήγειρέ
1833 4140 1901 4192 με

290 4213 414 4265 ἐπὶ
449 4211 532 4264 τὰ
592 4209 804 4275 γόνατά
851 4226 980 4278 μου,
1029 4211 1127 4263 καὶ
1173 4211 1265 4263 ἐπὶ
1314 4212 1382 4264 τὰ
1415 4212 1534 4282 ίχνη
1580 4213 1687 4265 τῶν
1728 4213 1902 4266 ποδῶν

303 4314 463 4371 μου.

394 4389 493 4444 il.
524 4388 649 4482 Kal
678 4383 841 4482 εἶπεν
869 4389 1008 4482 πρὸς
1039 4388 1107 4455 μέ
1136 4406 1162 4482 Ἀ
1179 4391 1373 4461 Δανιὴλ
1404 4392 1541 4463 ἀνὴρ
1580 4391 1899 4461 ἐπιθυμιῶν,
1934 4427 1978 4482 D

330 4478 487 4541 σύνες
517 4480 587 4532 ἐν
608 4480 729 4539 τοῖς
749 4478 934 4545 λόγοις
959 4476 1039 4539 οίς
1073 4478 1184 4543 ἐγὼ
1212 4478 1355 4532 λαλῶ
1381 4482 1513 4551 πρὸς
1538 4481 1617 4539 σὲ,
1644 4482 1735 4533 καὶ
1754 4483 1905 4550 στῆθι

329 4570 413 4621 ἐπὶ
440 4571 516 4637 τῇ
567 4566 767 4619 στάσει
802 4582 919 4629 σου,
951 4567 1035 4619 ὃτι
1062 4566 1156 4619 νῦν
1186 4568 1491 4638 ἀπεστάλην
1528 4569 1661 4637 πρὸς
1690 4570 1767 4622 σέ.
1798 4571 1908 4622 Καὶ

328 4658 383 4709 ὲν
401 4658 486 4725 τῷ
534 4656 782 4723 λαλῆσαι
846 4655 1012 4708 αὐτὸν
1062 4658 1201 4725 πρὸς
1260 4658 1328 4727 μέ
1378 4660 1469 4711 τὸν
1515 4659 1667 4727 λόγον
1699 4658 1904 4723 τοῦτον,

324 4746 571 4814 ἀνέστην
586 4744 879 4813 ἔντρομος.

388 4837 483 4890 12.
521 4835 645 4887 Καὶ
698 4829 859 4885 εἶπεν
896 4832 1035 4899 πρὸς
1062 4832 1131 4899 μέ
1161 4849 1175 4863 ο
1207 4832 1294 4903 Μή
1343 4835 1507 4902 φοϐοῦ
1551 4837 1761 4903 Δανιὴλ,
1825 4839 1908 4891 ὅτι

316 4926 424 4979 ἀπὸ
448 4925 566 4994 τῆς
597 4924 833 4992 πρώτης
857 4921 1080 4991 ἡμέρας
1104 4916 1170 4989 ἧς
1203 4921 1406 4986 ἔδωκας
1431 4924 1530 4992 τὴν
1577 4926 1797 4993 καρδίαν
1816 4943 1906 4979 σου

313 5014 403 5066 τοῦ
442 5011 732 5073 συνιέναι,
766 5010 871 5061 καὶ
933 5007 1245 5073 κακωθῆναι
1296 5012 1538 5063 ἐναντίον
1568 5013 1769 5082 Κυρίου
1817 5014 1907 5066 τοῦ

311 5102 447 5154 Θεοῦ
480 5116 607 5163 σου,
646 5096 1016 5165 ήκούσθησαν
1044 5094 1095 5144 οὶ
1129 5094 1269 5162 λόγοι
1314 5115 1435 5163 σου,
1465 5101 1557 5153 καὶ
1607 5101 1716 5168 ἐγὼ
1751 5098 1909 5171 ἦλθον

304 5190 363 5245 έν
383 5193 508 5252 τοῖς
527 5189 719 5254 λόγοις
746 5200 871 5235 σου.

370 5281 463 5333 15.
501 5278 668 5329 Καὶό
699 5273 905 5339 ἄρχων
953 5267 1219 5334 βασιλείας
1265 5277 1495 5345 Περσῶν
1546 5278 1787 5347 εἱστήκει
1825 5280 1912 5344 ἐξ-

300 5364 565 5424 εναντίας
598 5376 717 5428 μου
761 5353 955 5407 εἴκοσι
990 5354 1082 5404 καὶ
1111 5357 1231 5421 μίαν
1258 5362 1511 5429 ἡμέραν
1545 5364 1643 5414 καὶ
1667 5366 1772 5417 ίδοὺ
1804 5370 1910 5420 Μι-

291 5452 423 5523 χαήλ
455 5446 543 5511 εἷς
567 5446 693 5512 τῶγ
729 5438 1033 5505 ἀρχόντων
1059 5440 1163 5491 τῶν
1203 5448 1445 5513 πρώτων
1472 5445 1608 5517 ἦλθε
1657 5451 1912 5522 βοηθῆσαί

288 5557 392 5607 μοι,
431 5538 536 5593 καὶ
605 5528 804 5585 αὐτὸν
860 5524 1152 5579 κατέλιπον
1204 5535 1331 5586 ἐκεῖ
1362 5536 1495 5605 μετὰ
1527 5538 1627 5590 τοῦ
1657 5541 1912 5609 ἄρχοντος

283 5629 552 5693 βασιλέως
569 5612 852 5682 Περσῶν·

1998 3239 2090 3310 (ιυί
2115 3246 2267 3292 erant
2292 3252 2521 3299 mecum,
2544 3250 2649 3289 non
2672 3235 2917 3291 viderunt
2933 3234 3213 3298 visionem,
3233 3232 3327 3289 sed
3353 3241 3523 3287 terror.

2000 3343 2220 3398 magnus
2250 3327 2406 3383 irruit
2431 3340 2591 3394 super
2614 3338 2729 3392 eos,
2761 3334 2816 3380 et
2846 3324 3099 3395 fugerunt
3128 3324 3184 3378 in
3216 3324 3427 3379 timore.

2068 3505 2121 3557 8.
2164 3503 2231 3555 Et
2259 3518 2358 3572 ego
2385 3503 2602 3557 relictus
2649 3518 2768 3557 sum
2794 3502 2940 3556 solus
2972 3520 2992 3554 ι
3048 3510 3101 3555 ει
3130 3516 3235 3554 ηοη
3270 3502 3527 3555 remansit

2001 3596 2056 3648 in
2084 3607 2170 3647 me
2193 3591 2471 3655 fortitudo,
2499 3600 2550 3646 et
2584 3591 2752 3660 gloria
2782 3606 2897 3644 mea
2928 3604 3186 3644 conversa
3219 3598 3301 3643 est
3348 3590 3401 3642 in
3446 3590 3524 3640 in—

2002 3683 2218 3738 teritum
2244 3702 2257 3736 :
2293 3691 2346 3735 et
2369 3696 2476 3734 non
2506 3682 2697 3735 retinui
2724 3680 3112 3734 fortitudinem.

2070 3773 2123 3827 9.
2160 3774 2225 3827 Et
2250 3773 2428 3827 audivi
2461 3787 2647 3827 vocem
2676 3784 2982 3827 sermonum
3003 3770 3160 3838 ejus:
3193 3778 3248 3823 et
3273 3783 3394 3823 cum
3426 3784 3524 3820 au-

2002 3863 2171 3917 direm
2203 3878 2388 3917 vocem
2418 3863 2707 3916 verborum
2762 3861 2880 3929 ejus
2904 3898 2920 3922 ,
2970 3874 3121 3913 eram
3173 3866 3527 3926 compunctus

2004 3967 2161 4021 super
2184 3952 2373 4007 faciem
2408 3967 2604 4016 meam,
2629 3964 2681 4006 et
2712 3949 2878 4005 facies
2908 3964 3026 4002 mea
3059 3962 3220 4017 super
3245 3957 3467 4004 terram.

2074 4133 2160 4188 i0.
2202 4131 2270 4185 Et
2292 4146 2417 4187 ecce
2453 4146 2645 4185 manus
2675 4141 2895 4199 tangens
2922 4142 3029 4192 me,
3058 4127 3229 4182 erexit
3266 4139 3526 4193 mesupcr

2003 4238 2177 4293 genua
2197 4237 2336 4287 mea,
2369 4229 2424 4277 et
2451 4234 2611 4289 super
2633 4220 2842 4289 plantas
2864 4218 3056 4288 pedum
3078 4232 3343 4271 meorum.

2079 4383 2158 4435 ll.
2200 4381 2265 4434 Et
2287 4380 2420 4433 dixit
2446 4379 2509 4432 ad
2536 4392 2640 4432 me:
2673 4376 2856 4431 Daniel
2886 4375 2968 4429 vir
3004 4374 3415 4439 desideriorum,
3446 4373 3530 4426 ln-

2006 4470 2182 4538 tellige
2203 4471 2257 4524 in
2285 4468 2483 4532 verbis.
2518 4481 2639 4535 quae
2668 4481 2766 4533 ego
2798 4467 2988 4533 loquor
3030 4465 3096 4518 ad
3136 4474 3231 4518 te:
3280 4474 3333 4519 et
3358 4476 3438 4517 sta
3476 4463 3528 4515 in

2004 4558 2173 4626 gradu
2202 4564 2329 4609 tuo:
2360 4555 2483 4623 quia
2531 4567 2674 4607 nunc
2703 4552 2902 4605 missus
2930 4565 3049 4605 sum
3093 4550 3159 4602 ad
3188 4559 3269 4603 te:
3301 4562 3531 4616 cumque

2006 4648 2227 4700 dixisset
2250 4646 2364 4714 ipse
2393 4643 2461 4698 ad
2491 4656 2578 4696 me
2613 4654 2912 4696 sermonem
2943 4639 3104 4693 istum
3128 4678 3144 4701 ,
3187 4638 3399 4693 surrexi
3422 4647 3528 4691 tre-

2006 4752 2178 4792 mens.

2076 4827 2162 4880 12.
2202 4824 2267 4878 Et
2294 4823 2428 4879 dixit
2453 4823 2518 4876 ad
2548 4838 2670 4876 me:
2704 4821 2823 4875 Noli
2870 4828 3125 4881 metuere,
3176 4816 3381 4880 Daniel,
3404 4814 3529 4881 quia

2007 4932 2073 4970 ex
2103 4917 2275 4985 primo
2300 4917 2405 4977 die,
2428 4930 2535 4983 quo
2562 4915 2785 4982 posuisti
2814 4928 2907 4968 cor
2943 4922 3091 4964 tuum
3136 4909 3206 4961 ad
3235 4910 3531 4975 intelligen-

2007 4992 2154 5067 dum,
2175 5016 2228 5059 et
2255 5006 2586 5073 aﬂligendum
2618 5012 2667 5057 te
2696 5017 2873 5056 coram
2911 4997 3136 5051 Domino
3164 4996 3273 5049 Deo
3305 5006 3414 5057 tuo,
3436 5010 3533 5047 au-

2009 5096 2119 5150 dita
2152 5103 2274 5151 sunt
2300 5094 2461 5147 verba
2487 5100 2573 5145 tua
2603 5107 2618 5141 :
2648 5099 2701 5144 et
2728 5104 2827 5157 ego
2850 5086 2972 5141 veni
3001 5085 3054 5136 in
3081 5083 3267 5135 verbis
3309 5083 3433 5136 tuis.

2077 5277 2162 5329 15.
2182 5275 2247 5327 Ει
2278 5275 2523 5343 princeps
2552 5272 2702 5341 regni
2741 5270 3025 5323 Persarum
3054 5260 3205 5313 stetit
3235 5277 3303 5314 ex
3324 5263 3544 5314 adverso

2008 5368 2140 5421 mihi
2165 5366 2358 5432 vigenti
2384 5374 2439 5418 et
2470 5379 2578 5417 uno
2604 5364 2820 5417 diebus:
2876 5363 2931 5406 ει
2969 5364 3094 5404 εεοϐ
3141 5348 3377 5403 Michael
3412 5366 3549 5402 unus

2010 5456 2077 5509 de
2102 5454 2432 5522 principibus
2461 5453 2647 5520 primis
2676 5450 2820 5502 venit
2871 5443 2942 5496 ad
2968 5438 3347 5492 auxiliandum
3400 5440 3555 5502 mihi,

2010 5553 2065 5597 et
2094 5544 2265 5610 ipsum
2324 5543 2511 5609 reliqui
2572 5541 2643 5593 ibi
2686 5554 2807 5593 cum
2871 5530 3121 5601 principe
3164 5529 3319 5593 regis
3366 5526 3560 5580 Persa-

2014 5648 2150 5686 I'Ulll.
