3874 6348
232 356 408 414 2889

1705 372 1930 434 CAPUT
1960 373 2050 430 XI.

3302 364 3442 418 εδειο

315 471 383 528 8-
428 469 530 527 Καί
557 484 618 538 τε
641 467 777 560 τοὺς
796 466 976 542 θεοὺς
1009 478 1186 535 αὐτῶν
1225 490 1374 556 μετὰ
1412 491 1520 544 τῶν
1540 488 1833 560 ’χωνευτῶν

1997 484 2050 538 8.
2089 481 2261 537 Etiam
2289 479 2419 535 deos
2441 492 2624 533 eorum
2647 490 2769 532 cum
2808 473 3053 557 fusilibus
3078 485 3260 527 eorum
3291 488 3449 527 omne

225 561 471 625 αὐτῶν,
503 560 606 613 πᾶν
651 558 847 623 σκεῦος
902 566 1247 640 ἐπιθυμητὸν
1297 579 1494 643 αὐτῶν,
1556 558 1831 647 άργυρίου,

221 652 346 705 καὶ
400 651 645 724 χρυσίου,
679 651 817 720 μετὰ
851 656 1245 728 αἰχμαλωσίας
1302 668 1518 719 εἰσοίσει
1552 668 1628 729 εἰς
1672 666 1834 733 Αἴγυ-

220 761 432 806 πτον,
464 745 557 797 xal
583 743 745 807 αὐτὸς
776 746 1050 816 στήσεται
1076 751 1216 823 ὑπὲρ
1248 755 1508 824 βασιλέως
1530 758 1621 810 τοῦ
1648 758 1835 827 βορῤἄ.

312 834 388 889 9.
428 834 542 887 Kal
575 833 950 891 εἰσελεύσεται
988 843 1067 903 εἰς
1099 840 1196 911 τὴν
1235 844 1504 913 βασιλείαν
1548 847 1639 899 τοῦ
1689 846 1837 915 βασι-

212 921 405 985 λέως
446 922 550 978 τοῦ
574 925 748 989 νότου,
773 926 871 979 xal
900 929 1234 1001 ἀναστρέψει
1258 936 1338 996 εἰς
1361 934 1454 1004 τήν
1485 935 1584 1004 γῆν
1618 935 1797 988 αὑτοῦ.

311 1015 431 1068 1ο.
466 1015 587 1070 Kal
612 1017 661 1069 οἰ
695 1017 802 1070 υἰοὶ
829 1018 1004 1073 αὐτοῦ
1034 1022 1345 1086 συνάξουσιν
1375 1023 1525 1093 ὄχλον
1561 1023 1836 1093 δυνάμεων

216 1104 519 1170 πολλῶν,
561 1107 653 1158 xal
690 1107 1007 1175 συνάξουσι,
1035 1112 1128 1163 καὶ
1148 1112 1506 1165 εἰσελεύσεται
1528 1113 1833 1183 ἐρχόμενος,

213 1194 337 1245 καὶ
374 1193 789 1259 κατακλύζων,
827 1197 924 1249 καὶ
957 1199 1366 1269 παρελεύσεται,
1406 1203 1497 1254 καὶ
1542 1202 1834 1265 καθιείται,

214 1282 338 1335 καὶ
368 1285 451 1336 οὐ
491 1285 838 1354 πλεκήσεται
868 1287 975 1350 ἕως
1001 1289 1100 1359 τῆς
1128 1288 1305 1358 ἰσχύος
1329 1290 1512 1343 αὐτοῦ.

304 1374 389 1427 11
405 1410 427 1427 .
463 1375 590 1427 Kal
611 1375 1011 1445 ἀγριωθήσεται
1033 1377 1280 1445 βασιλεὺς
1300 1379 1391 1432 τοῦ
1412 1380 1560 1432 νότου
1589 1417 1604 1440 ,
1629 1378 1719 1431 καί
1746 1377 1836 1442 ἐξ·

210 1462 375 1515 ελεύ
385 1480 593 1527 σεται,
626 1465 722 1516 καὶ
736 1464 1034 1535 πολεμήσει
1059 1464 1193 1535 μετὰ
1214 1466 1308 1519 τοῦ
1329 1467 1585 1536 βασιλέως
1596 1466 1686 1519 τοῦ
1704 1466 1836 1535 Βορ-

218 1554 341 1623 ρᾶ,
388 1554 502 1605 καὶ
541 1554 733 1623 στήσει
765 1553 921 1623 ὄχλον
959 1555 1158 1621 πολὺν,
1202 1556 1296 1610 καὶ
1347 1556 1768 1627 παραδοθήσεται
1808 1553 1837 1604 ό

215 1641 425 1713 Βχλος
447 1643 518 1695 ὲν
550 1644 698 1712 χειρὶ
736 1644 923 1697 αὐτοῦ.

306 1730 430 1783 12.
471 1730 597 1783 Kal
646 1729 877 1800 λήψεται
924 1730 1014 1784 τὸν
1062 1730 1219 1801 ὄχλον
1241 1770 1256 1796 ,
1316 1732 1409 1784 καὶ
1438 1731 1772 1799 ὑψωθήσεται
1800 1730 1832 1796 ή

1934 586 2027 626 vas
2049 569 2397 625 desiderabile
2417 582 2601 622 eorum
2630 554 2852 633 argenti,
2885 572 2940 617 et
2971 562 3089 616 auri
3119 576 3240 614 cum
3279 562 3451 628 capti-

1933 657 2095 710 vitate
2114 654 2405 724 asportabit
2428 653 2484 707 in
2507 650 2823 721 Egyptum:
2854 658 2908 704 et
2951 649 3063 717 ipse
3110 647 3268 703 stabit
3294 662 3452 714 super

1932 758 2107 812 regem
2135 743 2419 813 aquilonis.
2932 739 2935 745 ”

2003 831 2055 885 9.
2094 831 2160 884 Et
2186 830 2405 885 intrabit
2432 829 2484 883 in
2515 843 2735 898 regnum
2767 826 2914 897 regis.
2952 826 3142 891 austri,
3190 834 3242 878 et
3275 839 3452 877 rever-

1935 929 2078 975 tetur
2106 922 2161 975 in
2194 929 2389 975 terram
2419 935 2593 973 suam.

2006 1009 2091 1061 10.
2132 1006 2195 1060 Et
2244 1007 2337 1060 filii
2401 1007 2517 1073 ejus
2558 1004 2953 1074 congregabunt
3005 1002 3215 1057 turbam
3245 1001 3452 1055 exerci-

1934 1104 2085 1149 tuum
2118 1096 2429 1157 multorum,
2455 1104 2507 1149 et
2528 1096 2845 1164 conjungent
2938 1103 2989 1147 et
3017 1093 3338 1162 ingredietur
3364 1107 3456 1144 ve-

1934 1185 2107 1248 niens,
2134 1193 2188 1238 et
2209 1184 2496 1249 inundans,
2558 1193 2619 1239 et-
2662 1183 3023 1253 pertransibit,
3070 1192 3123 1236 et
3150 1174 3375 1243 sedebit,
3402 1189 3455 1233 et

1934 1288 2039 1327 non
2068 1275 2436 1343 congredietur
2467 1289 2637 1344 usque
2662 1274 2728 1327 ad
2756 1273 3115 1327 fortitudinem
3146 1273 3281 1340 ejus.

2004 1363 2088 1415 11.
2112 1362 2177 1415 Et
2197 1378 2290 1417 rex
2319 1365 2486 1417 austri
2520 1364 2838 1427 etferabitur,
2863 1370 2916 1416 et
2938 1360 3257 1431 egredietur,
3286 1367 3340 1412 et
3355 1371 3456 1426 pu-

1936 1450 2117 1518 gnabit
2141 1465 2263 1504 cum
2301 1450 2835 1518 regeaquilonis,et
2860 1448 3022 1502 faciet
3068 1457 3211 1501 stare
3244 1445 3458 1498 turbam

1936 1538 2173 1603 multam,
2211 1538 2525 1594 et‘tradetur
2554 1538 2707 1592 turba
2737 1538 2791 1591 in
2829 1552 2990 1590 manu
3008 1536 3145 1604 ejus.

2006 1710 2093 1765 l2.
2135 1710 2203 1765 Et
2228 1713 2413 1781 capiet.
2457 1710 2871 1775 multitudinem,
2925 1716 2996 1762 et-
3022 1706 3343 1763 exaltabitur-
3363 1719 3459 1759 cor

218 1819 475 1890 καρδία
499 1796 817 1886 αὐτοῖςααί
842 1796 1138 1873 καταδαλεί
1166 1819 1442 1890 μυριάδας,
1477 1796 1677 1872 έιαὶούκ
1711 1818 1837 1870 άντ-
1867 1818 1911 1875 Β
1937 1801 2076 1870 eius!
2109 1811 2162 1856 εί
2193 1802 2407 1872 delia“
2438 1801 2729 1872 ωννίαάεεο
2757 1809 2810 1854 εί
2830 1813 2935 1853 ηοη
2958 1796 3281 1867 Ρηενθιευίι·

221 1926 519 1980 ισχυσει.

315 1998 436 2053 15.
463 1999 584 2050 Kal
606 1994 927 2066 ἐπιστρέψει
960 1998 988 2049 ὁ
1009 1994 1256 2065 βασιλεὺς
1283 1996 1375 2052 τοῦ
1405 1998 1588 2068 βορρᾶ,
1609 1998 1700 2049 καὶ
1718 1996 1832 2059 ἄξει

222 2087 429 2159 ὕχλον
473 2087 654 2139 πολὺν
706 2086 848 2155 ὑπὲρ
895 2084 989 2137 τὸν
1045 2085 1333 2156 πρότερον⁸
1366 2086 1457 2138 καὶ
1496 2087 1573 2148 εἰς
1604 2085 1664 2137 τὸ
1689 2084 1836 2146 τέλος

222 2176 372 2231 τῶν
405 2174 651 2246 ἡμερῶν
680 2173 1030 2229 ἐπελεύσεται
1053 2173 1255 2228 εἰσόδια
1269 2175 1326 2229 ὲν
1359 2174 1577 2242 δυνάμει
1608 2173 1832 2243 μεγάλῃ,

224 2268 353 2321 καὶ
403 2268 469 2319 ὲν
504 2264 748 2333 ὑπάρξει
768 2263 962 2333 πολλῇ.

317 2359 433 2413 14.
472 2355 597 2409 Kal
616 2357 676 2408 ὲν
705 2356 824 2416 τοῖς
853 2354 1065 2423 καιροῖς
1082 2352 1303 2416 ἐκείνοις
1335 2353 1516 2405 πολλοί
1539 2350 1837 2420 ἐπαναστή-

227 2465 464 2503 σονται
494 2446 594 2499 ἐπὶ
625 2444 852 2515 βασιλέα
880 2443 976 2496 τοῦ
1002 2443 1174 2508 νότου,
1201 2443 1293 2495 καὶ
1310 2444 1357 2495 οἰ
1386 2444 1487 2494 υἱοὶ
1517 2442 1626 2494 τῶν.
1638 2441 1832 2510 λοιμῶν

223 2538 353 2592 τοῦ
395 2535 545 2589 λαοῦ
582 2551 679 2587 σου
705 2532 1130 2604 ὲπαρθήσονται,
1164 2531 1259 2584 τοῦ
1290 2532 1483 2601 στῆσαι
1502 2532 1707 2599 ὅρασιν,
1746 2530 1838 2581 καὶ

225 2624 679 2693 ἀσθενήσουσι.

325 2731 443 2785 15.
479 2731 600 2782 Kal
622 2727 987 2782 εἰσελεύσεται
1020 2726 1268 2797 βασιλεὺς
1294 2724 1388 2778 τοῦ
1417 2726 1604 2795 βορρᾶ,
1639 2727 1728 2778 καὶ
1746 2727 1837 2778 ὲκ-

226 2823 387 2893 xeat
413 2820 763 2890 πρόσχωμα,
797 2819 891 2871 καὶ
924 2816 1244 2885 συλλήψεται
1290 2815 1468 2877 πόλεις
1498 2815 1715 2884 ὀχυράς,
1747 2815 1838 2867 καὶ

229 2911 580 2982 βραχίονες
603 2907 870 2976 βασιλέως
885 2905 979 2958 τοῦ
1004 2906 1152 2958 νότου
1180 2905 1478 2974 στήσονται,
1503 2904 1594 2957 καὶ
1620 2905 1839 2973 ἀναστή-

232 3017 470 3055 σονται
504 2999 559 3051 οἰ
598 2996 851 3050 ἐκλεκτοὶ
897 2994 1082 3059 αὑτοῦ,
1131 2995 1224 3048 καὶ
1255 2994 1352 3047 οὐκ
1396 2993 1542 3046 ἔσται
1576 2993 1722 3060 ἰσχὺς
1746 2992 1839 3043 τοῦ

232 3104 509 3157 στηναι.

330 3197 444 3252 16.
484 3196 601 3248 Καὶ
631 3196 849 3264 ποιήσει
868 3194 897 3246 ὁ
912 3191 1350 3262 εἰσπορευόμενος
1371 3191 1501 3261 πρὸς
1531 3192 1684 3245 αὑτὸν
1706 3195 1843 3245 κατὰ

230 3286 317 3341 -εδ
355 3284 598 3353 Θέλημα
630 3282 825 3348 αὐτοῦ’,
868 3284 959 3335 καὶ
994 3282 1092 3333 οὐκ
1127 3282 1272 3333 ἔστιν
1302 3280 1482 3343 ἑστὼς
1515 3281 1652 3333 κατὰ
1682 3281 1845 3351 πρόσ-

236 3392 430 3431 ωπον
458 3374 637 3426 αὑτοῦ
659 3390 673 3401 ·
707 3374 803 3425 καὶ
824 3373 1078 3441 στήσεται
1110 3372 1166 3423 ὲν
1188 3373 1253 3440 τῇ
1292 3373 1361 3441 γῇ
1384 3371 1474 3424 τοῦ
1502 3371 1715 3442 Σασείρ,
1751 3371 1846 3424 καὶ

240 3462 789 3532 συντελεσθήσεται
815 3463 873 3513 ἓν
908 3464 974 3530 τῇ
1010 3459 1149 3531 χειρί
1186 3458 1369 3512 αὐτοῦ.

336 3578 446 3632 17.
484 3576 602 3627 Kal
644 3574 799 3639 τάξει
855 3574 916 3626 τὸ
941 3572 1226 3643 πρόσωπον
1270 3570 1453 3635 αὑτοῦ,
1505 3570 1756 3623 εἰσελθεῖν
1789 3571 1847 3623 ὲν

247 3666 432 3738 ἰσχύϊ
458 3665 651 3733 πάσης
685 3664 791 3732 τῆς
821 3661 1089 3732 βασιλείας
1116 3659 1301 3723 αὑτοῦ,
1335 3659 1427 3713 καὶ
1470 3658 1625 3710 εύθέα
1674 3658 1847 3711 πάντα

246 3758 402 3830 μετ’
428 3755 614 3809 αὑτοῦ
638 3756 889 3823 ποιήσει’
918 3754 1012 3806 καὶ
1039 3751 1310 3821 θυγατέρα
1330 3749 1437 3802 τῶν
1464 3748 1731 3816 γυναικῶν
1749 3748 1848 3801 δώ-

244 3867 354 3903 σει
381 3846 551 3915 αὐτῷ
576 3844 670 3899 τοῦ
693 3844 1002 3914 διαφθεῖραι
1034 3841 1221 3911 αὐτὴν,
1251 3840 1345 3893 καὶ
1372 3840 1431 3892 ού
1460 3839 1533 3910 μή
1575 3838 1845 3909 παραμεί-

240 3956 360 4013 vn,
397 3937 511 3991 καὶ
538 3935 643 3988 ούκ
670 3933 821 4002 αύτῷ
849 3932 1021 3985 ἔσται.

335 4049 443 4103 18.
475 4046 598 4099 Καὶ
644 4042 964 4113 ἐπιστρέψει
1008 4042 1068 4095 τὸ
1106 4040 1391 4112 πρόσωπον
1420 4037 1579 4091 αὑτοῦ
1625 4038 1704 4100 εἰς
1749 4035 1846 4097 τὰς

244 4143 516 4213 νήσους,
540 4136 639 4190 καὶ
676 4134 1004 4204 συλλήψεται
1028 4131 1244 4194 πολλὰς,
1273 4130 1365 4184 xal
1397 4130 1728 4183 κατακαύσει
1754 4127 1849 4196 ἄρ-

242 4246 490 4306 χαντας
527 4224 842 4294 όνειδισμοῢ
872 4222 1070 4286 αὐτῶν,
1119 4223 1255 4292 πλήν
1287 4224 1314 4275 ὁ
1363 4219 1658 4289 ὀνειδισμὸς
1688 4216 1848 4272 αὑτοῦ

243 4317 619 4389 ἐπιστρέψει
644 4314 813 4384 αὐτῷ.

337 4430 447 4486 19.
480 4426 602 4481 Kal
647 4422 968 4493 ἐπιστρέψει
998 4421 1060 4474 τὸ
1097 4421 1380 4501 πρόσωπον
1410 4422 1571 4475 αὐτοῦ
1628 4423 1706 4485 εἰς
1751 4422 1847 4490 τὴν
1878 4427 1923 4481 D

245 4520 444 4591 ἰσχὺν
478 4516 588 4584 τῆς
609 4514 714 4582 γῆς
741 4511 933 4576 αὐτοῦ,
976 4511 1070 4563 καὶ
1122 4511 1420 4582 ἀσθενήσει,
1453 4512 1546 4564 καὶ
1588 4513 1847 4574 πεσεῖται,

243 4610 365 4663 καὶ
385 4607 504 4673 οὐχ
525 4600 915 4672 εὕρεθήσεται.

329 4718 438 4771 20.
479 4712 601 4767 Kal
638 4710 1017 4778 ἀναστήσεται
1051 4708 1116 4760 ὲκ
1149 4709 1243 4778 τῆς
1288 4710 1439 4781 ῥίζης
1466 4709 1624 4761 αὑτοῦ
1661 4707 1853 4776 φύλλον

245 4802 577 4875 βασιλείας
616 4799 712 4851 ἐπὶ
763 4797 865 4866 τὴν
893 4796 1210 4863 ἑτοιμασίαν
1239 4801 1422 4863 αύτου,
1472 4797 1856 4867 παραϐιϐἀζον,

241 4894 361 4948 καὶ
392 4889 663 4960 πράσσον
687 4884 857 4949 δόξαν
887 4882 1181 4951 βασιλείας.

323 5002 432 5057 21.
466 4997 583 5052 Καὶ
604 4998 668 5049 ἐν
707 4993 840 5053 ταῖς
882 4991 1116 5059 ἡμέραις
1148 4994 1391 5057 ἐκείναις
1429 4992 1857 5061 συντριϐήσεται,

238 5092 352 5145 καὶ
383 5088 491 5141 οὐκ
518 5088 581 5138 ἐν
616 5078 978 5151 προσώποις,
998 5077 1109 5129 οὐδὲ
1133 5081 1193 5130 ὲν
1232 5083 1455 5151 πολέμῳ
1476 5121 1491 5145 ,
1538 5082 1629 5133 καὶ
1673 5081 1859 5146 στήσε-

234 5199 340 5235 ται
374 5178 475 5231 ἐπὶ
508 5176 619 5241 τήν
650 5164 996 5234 ὲτοιμασίαν
1021 5166 1171 5217 αὑτοῦ
1196 5184 1211 5197 ο
1261 5170 1605 5237 ὲξουδενώθη,
1641 5169 1731 5221 καὶ
1763 5170 1858 5221 οὐκ

233 5271 404 5338 ἐδόθη
444 5266 539 5318 ἐπ’
561 5258 744 5313 αὐτὸν
777 5252 920 5313 δόξα
941 5252 1204 5319 βασιλείας
1233 5295 1253 5320 ,
1288 5262 1381 5313 καὶ
1397 5258 1511 5328 ἥξει
1543 5259 1600 5310 ὲν
1620 5258 1857 5328 εύθηνίᾳ,

231 5361 331 5414 καί
360 5347 719 5418 κατισχύσει
755 5338 1037 5407 βασιλείας
1055 5343 1107 5393 ἐν
1135 5344 1514 5419 ὀλισθήμασι,

292 5467 389 5521 2i.
417 5459 540 5515 Καὶ
563 5446 889 5521 βραχίονες
915 5443 1004 5494 τοῦ
1023 5451 1478 5520 κατακλύζοντος
1502 5454 1863 5523 κατακλυσθῆ-

219 5570 414 5610 σονται
448 5543 574 5599 ἀπὸ
634 5528 955 5600 προσώπου
1003 5534 1155 5587 αὑτοῦ
1186 5578 1210 5603 ,
1269 5546 1370 5597 καὶ
1410 5543 1859 5613 συντριϐήσονται,

212 5645 303 5700 καί
333 5656 401 5709 γε
434 5626 779 5703 ἡγούμενος
807 5615 1073 5687 διαθήκης.

1864 3120 1915 3186 0

2007 1975 2107 2030 15..
2132 1977 2199 2030 Et
2219 1986 2556 2033 convertetur
2580 1992 2672 2031 rex
2698 1975 2983 2045 aquilonis,
3018 1981 3070 2029 et
3096 1971 3319 2025 adducet
3340 1978 3457 2023 tur-

1935 2066 2054 2119 bam
2104 2069 2321 2120 multam
2379 2082 2539 2136 super
2589 2067 2817 2135 priorem
2855 2073 2957 2119 :et
3004 2064 3060 2116 in
3120 2061 3225 2115 fine
3249 2060 3457 2113 dierum

1936 2156 2262 2224 ingredietur
2285 2161 2398 2212 vias
2427 2160 2479 2211 in
2509 2158 2705 2211 virtute
2743 2168 2932 2225 magna
2956 2192 2970 2217 ,
3004 2162 3058 2208 et
3098 2153 3152 2207 in
3201 2157 3451 2218 apparatu

1934 2246 2120 2298 multo.
2972 2274 2975 2277 η
3021 2255 3025 2264 ·

2004 2333 2090 2386 14.
2129 2334 2193 2386 Εἰ
2220 2335 2271 2386 in
2294 2334 2620 2402 temporibus
2651 2333 2756 2387 illis
2780 2332 2931 2385 multi
2961 2337 3459 2398 consurgentsuper

1940 2437 2113 2489 regem
2148 2423 2350 2477 austri:
2410 2432 2463 2476 et
2516 2423 2608 2475 filii
2636 2422 2993 2489 pestilentium
3040 2418 3216 2487 populi
3254 2418 3328 2469 tui
3362 2431 3455 2468 ex-

1936 2512 2208 2578 tollentur,
2236 2523 2294 2567 ut
2329 2520 2567 2568 statuant
2586 2514 2868 2577 visionem,
2900 2520 2953 2565 et
2985 2506 3417 2563 infirmabuntur.

2007 2702 2095 2757 15.
2135 2702 2201 2757 Εἰ
2245 2704 2570 2775 ingredietur
2625 2722 2715 2765 rex
2768 2707 3032 2776 aquilonis
3062 2747 3076 2771 ,
3133 2715 3187 2761 et
3230 2706 3460 2760 eﬂ'undet

1937 2804 2217 2859 aggerem,
2248 2801 2301 2846 et
2347 2794 2519 2862 capiet
2561 2794 2802 2849 civitates
2850 2796 3109 2854 munitas.
3148 2804 3199 2848 et
3240 2794 3467 2847 brachia

1938 2881 2077 2950 regis
2107 2883 2274 2935 austri
2298 2883 2533 2947 stabunt,
2559 2892 2612 2937 et
2661 2892 2989 2954 consurgent
3032 2884 3185 2938 electi
3221 2883 3357 2952 ejus,
3408 2891 3462 2937 et

1940 2985 2043 3025 non
2071 2972 2174 3026 erit
2201 2971 2465 3027 fortitudo
2484 2974 2551 3027 ad
2578 2975 2843 3027 standum.
3163 2980 3174 2991 '

2010 3167 2095 3221 16.
2135 3169 2199 3223 Ει
2226 3169 2382 3224 faciet
2404 3169 2706 3239 ingrediens
2731 3169 2984 3224 adversus
3012 3183 3133 3223 eum
3168 3170 3460 3223 secundum

1941 3259 2264 3313 voluntatem
2296 3276 2469 3326 suam,
2490 3270 2669 3316 etnon
2698 3271 2800 3325 est,
2833 3262 2922 3331 qui
2946 3269 3044 3315 stet
3067 3268 3247 3315 contra
3276 3260 3461 3314 faciem

1941 3348 2058 3416 ejus
2088 3367 2103 3402 :
2138 3358 2191 3403 et
2223 3351 2385 3405 stabit
2412 3350 2467 3404 in
2501 3360 2643 3405 terra
2697 3351 2850 3407 Sabir
2876 3392 2891 3417 ,
2933 3360 2987 3407 et
3041 3361 3384 3406 consumetur
3410 3352 3466 3405 in

1943 3452 2103 3491 manu
2142 3439 2279 3507 ejus.

2014 3545 2099 3598 17.
2141 3545 2384 3615 Etponet
2410 3547 2598 3602 faciem
2625 3562 2797 3611 suam,
2833 3557 2890 3601 ut
2915 3549 3243 3617 ingrediatur
3272 3550 3321 3601 in
3358 3547 3467 3600 for-

1946 3634 2170 3688 titudine
2199 3636 2359 3690 totius
2389 3636 2541 3704 regni
2569 3636 2705 3704 ejus,
2734 3646 2788 3690 et
2829 3644 2970 3690 recta
3023 3638 3201 3690 omnia
3247 3651 3366 3690 cum
3396 3649 3463 3687 eo

1946 3722 2103 3776 faciet
2129 3736 2220 3778 :cet
2253 3725 2417 3778 filiam
2478 3724 2799 3779 feminarum
2859 3726 3005 3779 dabit
3050 3725 3119 3789 ei,
3170 3736 3230 3779 ut
3281 3725 3467 3794 perdat

1945 3814 2089 3868 illam
2118 3831 2132 3868 :
2163 3822 2214 3869 et
2238 3830 2343 3870 non
2375 3816 2723 3885 permanebit,
2754 3824 2807 3870 et
2827 3830 2933 3869 non
2957 3815 3057 3869 erit
3086 3815 3152 3869 ei.

2017 4010 2103 4066 18.
2140 4011 2207 4066 Et
2234 4020 2507 4068 convertet
2541 4012 2731 4069 faciem
2762 4029 2916 4070 suam
2941 4012 3008 4068 ad
3044 4010 3267 4074 insulas,
3293 4019 3347 4065 et
3374 4024 3466 4064 ca-

1948 4104 2055 4172 piet
2079 4106 2271 4160 multas
2303 4124 2316 4159 :
2349 4114 2403 4159 et
2427 4115 2707 4161 consumet
2744 4106 3007 4175 principes
3062 4103 3329 4173 opprobrii
3364 4103 3467 4164 sui,

1947 4204 2312 4251 verumtamen
2336 4197 2675 4265 opprobrium
2704 4196 2822 4267 ejus
2859 4205 3198 4251 convertetur
3224 4194 3293 4249 ei.

2020 4392 2107 4445 19.
2148 4394 2215 4447 Et
2278 4405 2548 4450 convertet
2595 4396 2786 4450 faciem
2818 4410 2967 4449 suam
3009 4395 3076 4449 ad
3110 4393 3471 4448 fortitudinem

1953 4492 2108 4535 terrae
2134 4499 2265 4546 suae,
2293 4492 2347 4537 et
2369 4484 2742 4549 infirmabitur,
2799 4492 2853 4537 et
2881 4484 3053 4545 cadet,
3094 4491 3148 4537 et
3196 4497 3299 4536 non
3329 4484 3474 4536 inve-

1951 4572 2143 4623 nietur.
3224 4570 3225 4573 “

2018 4682 2104 4735 20.
2147 4680 2210 4734 Et
2239 4690 2418 4749 surget
2465 4680 2533 4734 de
2576 4678 2755 4734 radice
2811 4678 2929 4747 ejus
2963 4692 3176 4748 germen
3229 4677 3377 4742 regni
3408 4678 3473 4728 ad

1953 4772 2389 4839 praeparationem
2429 4769 2594 4839 ipsius
2623 4766 2949 4823 transferens
2976 4806 2992 4832 ,
3041 4774 3093 4821 et
3142 4764 3341 4818 faciens
3365 4764 3476 4833 glo~

1955 4873 2085 4912 riam
2115 4873 2280 4928 regni.

1909 4968 1913 4977 '
2020 4964 2111 5017 2|.
2148 4963 2213 5017 Et
2241 4964 2297 5017 in
2330 4963 2516 5017 diebus
2555 4962 2660 5016 illis
2685 4969 3022 5025 conteretur,
3056 4968 3109 5013 et
3146 4973 3252 5013 non
3281 4958 3333 5010 in
3357 4971 3477 5024 per-

1956 5052 2125 5115 sonis,
2152 5066 2323 5120 neque
2345 5052 2399 5104 in
2429 5050 2602 5104 bello:
2656 5058 2708 5102 et
2740 5049 2904 5103 stabit
2946 5064 3104 5117 super
3134 5048 3474 5115 praeparatio-

1958 5157 2078 5195 nem
2109 5142 2264 5211 ejus:
2293 5149 2627 5210 contemptus
2656 5138 2774 5202 fuit,
2814 5145 2866 5190 et
2896 5153 3002 5191 non
3054 5137 3175 5190 data
3210 5144 3291 5189 est
3319 5151 3476 5204 super

1958 5246 2079 5285 eum
2108 5231 2273 5300 gloria
2297 5230 2467 5300 regni,
2492 5238 2545 5284 et
2565 5226 2739 5282 veniet
2773 5225 2827 5277 in
2872 5225 3281 5294 tranquillitate,
3310 5232 3362 5278 et
3383 5224 3480 5275 ob-

1960 5319 2147 5373 tinebit
2168 5334 2386 5389 regnum
2421 5319 2473 5371 in
2500 5312 2912 5371 lubricitatibus.

2026 5432 2114 5483 22.
2156 5431 2219 5482 Et
2244 5429 2455 5483 brachia
2480 5424 2784 5480 inundantia
2837 5422 3239 5478 inundabuutur
3292 5437 3320 5474 a
3353 5421 3484 5475 facie

1962 5519 2095 5587 ejus,
2123 5528 2175 5572 et
2195 5524 2530 5572 conterentur
2572 5531 2584 5566 :
2614 5519 2669 5565 et
2698 5507 2805 5561 dux
2854 5508 3178 5564 testamenti.
