3874 6390
482 384 612 440 2991

1520 376 1760 430 DAMEL
1798 373 2019 427 JUXTA
2054 373 2597 431 THEODOTIONEM.

3534 366 3661 425 2892

555 490 643 544 25.
684 489 747 543 Et
771 505 833 543 ex
856 486 1319 544 commistionibus
1365 484 1622 540 adversus
1676 499 1797 538 eum
1854 483 2011 535 faciet

2175 483 2263 536 25.
2299 486 2406 537 Kal
2426 485 2529 537 ἀπὸ
2567 483 2669 535 τῶν
2697 481 3033 551 συμμίξεων
3085 479 3231 549 πρὸς
3268 480 3435 535 αὐτὸν
3466 485 3659 553 ποιήσει

485 577 683 642 dolum,
723 587 777 632 et
800 577 1064 638 ascendet,
1082 572 1149 627 'et
1180 575 1481 641 pmvalebit
1507 576 1690 628 incum
1719 574 1773 626 in
1798 572 2007 624 modica

489 676 663 734 gente.

554 757 644 813 24.
684 754 843 807 Et’in
893 752 1312 821 prosperitatem,
1348 762 1400 805 et
1429 752 1483 804 in
1525 752 1704 821 plures
1758 751 2009 819 regiones

488 845 661 898 veniet
686 860 700 897 :
726 850 779 895 et
804 842 959 896 faciet
985 856 1107 909 qua:
1161 855 1265 894 non
1301 840 1540 895 fecerunt
1580 851 1759 909 patres
1792 841 1929 908 ejus,
1959 848 2012 891 et

490 942 666 1000 patres
691 940 900 999 patrum
931 931 1080 998 ejus;
1107 931 1481 999 direptionem,
1510 940 1561 984 et
1592 930 1779 998 spolia,
1811 938 1865 983 et
1885 930 2013 982 sub-

489 1019 735 1072 stantiam
755 1018 833 1072 eis
851 1018 1148 1085 dissipabit,
1174 1028 1227 1072 et
1243 1034 1401 1087 super
1432 1018 1717 1087 [Egyptum
1760 1017 2012 1085 cogitabit

489 1108 835 1176 cogitationes
866 1122 1012 1172 suas,
1034 1117 1085 1160 et
1116 1123 1286 1176 usque
1315 1108 1383 1162 ad
1411 1117 1637 1177 tempus.

558 1198 646 1252 25.
689 1197 754 1250 Et
806 1198 1125 1252 excitabitur
1177 1198 1434 1252 fortitudo
1463 1199 1604 1267 ejus,
1637 1207 1691 1251 et
1748 1213 1840 1251 cor
1897 1196 2017 1264 ejus

492 1303 655 1357 super
681 1302 858 1356 regem
880 1288 1054 1341 austri
1085 1289 1137 1340 in
1167 1288 1361 1341 virtute
1389 1303 1578 1357 magna
1603 1304 1617 1341 :
1657 1296 1711 1340 et
1739 1301 1833 1340 rex
1849 1287 2016 1339 austri

493 1374 778 1443 conjunget
818 1374 1058 1443 praelium
1108 1389 1232 1428 cum
1286 1389 1351 1427 eo
1401 1374 1455 1427 in
1485 1374 1678 1427 virtute
1708 1388 1921 1441 magna,
1967 1380 2018 1425 et

495 1461 619 1516 forti
640 1462 822 1524 nimis,
852 1472 908 1516 et
952 1476 1061 1516 non
1109 1462 1289 1525 stabit,
1334 1462 1462 1531 quia
1507 1462 1821 1531 cogitabunt
1861 1474 2020 1529 super

495 1563 617 1602 eum
646 1548 1009 1612 cogitationes.

564 1634 653 1687 26.
692 1634 756 1687 Et
788 1634 1064 1688 comedent
1094 1634 1394 1688 necessaria
1423 1635 1538 1702 ejus
1556 1641 1859 1698 ,conterent
1877 1648 2018 1695 eum,

2111 574 2279 639 δόλον,
2326 579 2417 628 καὶ
2444 576 2787 645 ἀναϐήσεται,
2845 575 2947 627 καὶ
2996 572 3371 644 ὕπερισχύσει
3417 574 3575 630 αὑτοῦ
3611 578 3661 630 ἐν

2106 663 2265 733 όλίγῳ
2286 663 2447 718 ἔθνει.
3400 657 3460 677 ’““

2171 753 2258 807 24.
2291 755 2399 807 Kal
2429 757 2484 807 ὲν
2507 752 2747 824 εὐθηνίᾳ,
2772 755 2873 807 καὶ
2919 755 2988 807 ὲν
3016 751 3244 804 πλείοσι
3288 750 3492 821 χώραις
3534 753 3659 823 ἥξει,

2109 844 2200 895 καὶ
2219 845 2429 914 ποιήσει
2460 843 2495 897 ἃ
2519 846 2616 896 οὐκ
2640 842 2909 912 ἐποίησαν
2934 841 2987 893 οἱ
3018 840 3270 908 πατέρες
3303 840 3490 907 αὐτοῦ,
3512 843 3597 895 καὶ
3618 848 3660 897 οί

2111 931 2337 1002 πατέρες
2368 933 2475 985 τῶν
2521 931 2767 1000 πατέρων
2818 928 3001 982 αὑτοῦ
3022 942 3037 956 ⁸
3069 928 3360 997 προνομὴν
3392 931 3483 981 καὶ
3518 931 3663 984 σκῦλα

2110 1022 2204 1073 καὶ
2236 1020 2466 1091 ὓπαρξιν
2513 1021 2692 1083 αὐτοῖς
2732 1018 3120 1095 διασκορπιεῖ,
3154 1017 3254 1069 καὶ
3286 1017 3374 1070 ἐπ’
3418 1018 3662 1087 Δίγυπτον

2111 1111 2361 1179 λογιεῖται
2380 1110 2666 1180 λογισμοὺς
2695 1108 2886 1171 αὐτοῦ,
2926 1108 3031 1161 καὶ
3057 1107 3169 1169 ἓως
3200 1107 3422 1175 καιροῦ.

2178 1201 2266 1254 25.
2293 1201 2399 1253 Καὶ
2424 1199 2840 1269 ὲξεγερθήσεται
2863 1199 2900 1267 ἠ
2929 1196 3094 1265 ἰσχὺς
3123 1195 3293 1248 αὐτοῦ
3315 1234 3331 1258 ,
3364 1195 3457 1248 καὶ
3494 1195 3525 1265 ἠ
3551 1212 3662 1266 καρ-

2112 1290 2196 1341 δία
2221 1288 2380 1340 αὑτοῦ
2418 1289 2507 1340 ἐπὶ
2533 1287 2755 1357 βασιλέα
2773 1285 2873 1339 τοῦ
2901 1284 3064 1337 νότου
3099 1286 3161 1336 ὲν
3189 1285 3422 1353 δυνάμει
3455 1285 3661 1357 μεγάλη,

2115 1380 2207 1431 καὶ
2234 1379 2261 1429 ό
2285 1377 2525 1446 βασιλεὺς
2548 1377 2640 1431 τοῦ
2668 1377 2820 1429 νότου
2844 1374 3084 1442 συνάψει
3110 1374 3348 1443 πόλεμον
3375 1376 3505 1445 πρὸς
3529 1376 3663 1432 αὑτὸν

2116 1468 2172 1519 ὲν
2192 1468 2413 1535 δυνάμει
2442 1467 2669 1538 μεγάλῃ,
2700 1466 2792 1518 καὶ
2822 1466 3034 1535 ἰσχυρᾷ
3071 1465 3305 1534 σφόδρα,
3336 1465 3429 1517 καὶ
3474 1465 3531 1517 οὐ
3554 1468 3662 1535 στή-

2120 1574 2287 1621 σεται,
2312 1559 2392 1610 ὅτι
2421 1557 2722 1625 λογιοῦνται
2752 1557 2843 1607 ἐπ’
2870 1554 3043 1607 αὐτὸν
3073 1553 3393 1624 λογισμούς.

2188 1646 2275 1701 26.
2308 1648 2415 1698 Kal
2439 1647 2697 1714 φάγονται
2738 1645 2805 1698 τὰ
2860 1644 3063 1696 δέοντα
3091 1642 3284 1706 αὐτοῦ,
3321 1644 3661 1713 συντρίψουσιν

499 1730 551 1777 et
606 1723 831 1779 virtutes
884 1724 1005 1792 ejus
1072 1723 1382 1779 inundabit:
1418 1732 1473 1777 et
1510 1724 1701 1777 cadent
1754 1721 2021 1776 interfecti

2142 1735 2295 1799 ιύτὸν,
2330 1736 2419 1787 καὶ
2437 1736 2690 1803 δυνάμεις
2728 1730 2903 1786 αὑτοῦ
2942 1732 3307 1798 κατακλύσει,
3349 1733 3440 1786 καὶ
3464 1733 3657 1787 πεσοῦν-

505 1811 678 1864 multi.

569 1900 657 1952 27.
698 1899 763 1953 Ει
794 1899 1009 1968 utrique
1033 1915 1201 1969 reges,
1235 1900 1398 1952 corda
1425 1913 1607 1953 eorum
1640 1899 1703 1951 ad
1744 1898 2023 1961 malitiam,

502 1999 557 2044 et
576 1990 642 2042 ad
673 2003 912 2043 mensam
939 2004 1102 2043 unam
1150 1989 1427 2043 mendacia
1457 1989 1775 2057 loquentur,
1822 1997 1875 2040 et
1922 2002 2027 2039 non

505 2078 782 2148 proﬁcient
806 2095 821 2131 :
855 2078 981 2147 quia
1006 2079 1182 2133 adhuc
1202 2078 1323 2132 finis
1349 2080 1406 2131 in
1439 2086 1671 2145 tempus.

572 2170 662 2223 28.
703 2169 1084 2223 Etrevertetur
1108 2170 1163 2223 in
1206 2179 1405 2222 terram
1458 2178 1610 2221 suam
1636 2166 1691 2219 in
1734 2165 2029 2220 substantia

504 2261 670 2313 multa
711 2277 727 2315 :
764 2270 816 2314 et
847 2274 939 2314 cor
958 2260 1075 2328 ejus
1107 2274 1266 2327 super
1290 2266 1665 2312 testamentum
1693 2264 1955 2321 sanctum,
1979 2264 2031 2309 et

504 2348 681 2413 faciet,
708 2359 759 2403 et
779 2356 1073 2403 revertetur
1100 2349 1155 2400 in
1189 2352 1382 2401 terram
1414 2361 1584 2400 suam.

571 2440 659 2493 29.
700 2439 779 2493 Ad
796 2448 1007 2507 tempus
1034 2446 1351 2501 revertetur,
1383 2445 1438 2491 et
1457 2436 1637 2490 veniet
1663 2436 1730 2489 ad
1754 2424 2027 2489 austrum’:

502 2539 557 2584 et
584 2544 686 2583 non
706 2530 809 2584 erit
824 2529 962 2584 sicut
989 2528 1178 2597 prima.
1198 2536 1254 2581 et
1271 2527 1409 2581 sicut
1439 2526 1750 2581 novissima.

576 2619 664 2674 50.
706 2619 772 2672 Ει
798 2619 1159 2687 ingredientur
1191 2617 1257 2670 ad
1278 2617 1427 2669 illum
1452 2615 2034 2684 egredientes,etequi-

508 2721 670 2770 tatus.
699 2718 751 2763 et
787 2708 1173 2769 humiliabitur,
1198 2714 1253 2760 et
1305 2714 1620 2770 revertetur,
1699 2714 1753 2758 et
1793 2704 2035 2774 indigna—

508 2800 654 2852 bitur
680 2813 839 2866 super
868 2805 1246 2851 testamentum
1274 2802 1542 2856 sanctum,
1572 2802 1625 2846 et
1666 2792 1844 2854 faciet,
1875 2802 1929 2846 et
1954 2808 2036 2845 re-

511 2896 764 2951 vertetur,
801 2894 857 2939 et
906 2884 1163 2954 intelliget
1205 2896 1516 2951 supereos,
1564 2881 1655 2950 qui
1708 2881 2039 2949 reliquerunt

514 2983 888 3029 testamentum
922 2980 1189 3027 sanctum.

580 3062 668 3116 51.
707 3061 772 3114 Ει
794 3061 1011 3115 brachia
1042 3075 1104 3113 ex
1130 3058 1214 3112 his
1242 3058 1478 3120 stabunt,
1500 3064 1553 3109 et
1580 3055 1814 3124 polluent
1841 3054 2037 3107 sancti-

516 3151 814 3205 licationem
848 3149 1194 3211 fortitudinis,
1224 3156 1280 3201 et
1331 3144 1654 3200 transferent
1688 3144 1811 3213 iuge
1833 3144 2036 3198 sacriﬁ—

516 3243 682 3305 cium,
716 3248 769 3293 et
789 3239 992 3297 dabunt
1012 3239 1065 3291 in
1092 3237 1541 3293 abominationem
1567 3235 1881 3289 desolatam.

585 3416 674 3470 52.
714 3416 780 3469 Et
815 3429 929 3477 eos,
957 3413 1047 3482 qui
1078 3412 1239 3481 impie
1266 3419 1431 3480 agunt
1457 3409 1511 3462 in
1532 3415 1925 3469 testamentum,
1950 3406 2043 3459 ad-

518 3508 714 3560 ducent
739 3506 790 3557 in
824 3503 1174 3557 lubricitates:
1199 3511 1251 3555 et
1280 3500 1507 3570 populus
1534 3513 1860 3568 cegnoscens
1879 3498 2041 3551 Deum

518 3612 675 3651 suum
701 3593 979 3656 obtinebit,
1004 3600 1058 3645 et
1087 3591 1261 3645 faciet.

585 3685 673 3738 55.
715 3684 781 3737 Ει
852 3682 1206 3751 intelligentes
1270 3680 1335 3734 de
1403 3679 1598 3749 populo
1652 3678 1947 3747 intelligent
1989 3677 2043 3731 in

521 3774 686 3828 multa
718 3792 730 3826 :
760 3783 812 3827 et
836 3771 1252 3826 inﬁrmabuntur
1301 3771 1355 3823 in
1386 3770 1580 3840 gladio,
1620 3778 1673 3823 et
1723 3768 1776 3822 in
1810 3768 2043 3832 flamma,

522 3875 576 3918 et
604 3865 657 3917 in
684 3863 1006 3931 captivitate,
1028 3870 1079 3914 et
1101 3862 1154 3913 in
1184 3859 1370 3927 rapina
1409 3860 1639 3913 dierum.

594 3953 683 4006 54.
719 3920 962 4019 dumque
984 3920 1479 4003 inﬁrmati-fuerint
1521 3949 1619 4017 ipsi
1655 3920 2077 4016 adjuvabuntur.

526 4042 837 4109 adjumento
867 4040 1123 4108 parvulo:
1154 4048 1208 4093 et
1253 4036 1658 4107 applicabuntur
1699 4038 1776 4091 eis
1811 4035 1964 4089 multi
1995 4035 2047 4088 in

526 4128 937 4183 lubricitatibus.

596 4217 686 4271 55.
726 4216 790 4269 Et
816 4216 882 4269 de
933 4213 1346 4283 iutelligentibus
1388 4214 1798 4266 inﬁrmabuntur
1827 4215 1892 4267 ad
1921 4228 2050 4266 con-

527 4306 763 4359 ﬂandum
785 4304 838 4356 in
876 4302 974 4365 eis,
1001 4310 1053 4355 et
1084 4300 1434 4353 dealbandum
1485 4313 1656 4366 usque
1705 4300 1768 4351 ad
1799 4302 2050 4367 temporis

528 4393 833 4457 terminum,
852 4391 977 4461 quia
1001 4390 1174 4443 adhuc
1197 4388 1249 4441 in
1280 4396 1504 4456 tempus.

597 4481 685 4535 56.
726 4479 793 4533 Ει
825 4478 981 4532 faciet
1008 4477 1158 4545 juxta
1186 4475 1509 4528 voluntatem
1540 4490 1689 4528 suam
1715 4489 1828 4537 rex,
1869 4484 1922 4527 et
1947 4474 2051 4528 cle-

530 4571 761 4633 vabitur,
785 4577 839 4623 et
865 4565 1285 4635 magnifirabitur
1329 4565 1583 4618 adversus
1620 4579 1827 4617 omnem
1869 4565 2046 4629 deum,

530 4672 583 4715 ct
607 4661 861 4715 adversus
893 4658 1059 4712 Deum
1088 4657 1332 4720 deorum,
1364 4663 1417 4709 et
1455 4654 1702 4723 loquetur
1733 4655 1979 4722 superba,
1999 4662 2052 4706 et

529 4752 809 4819 dirigetur,
837 4749 1009 4803 donec
1039 4746 1366 4815 compleatur
1396 4744 1476 4797 ira
1511 4762 1525 4797 :
1550 4744 1601 4796 in
1634 4743 2050 4798 consummatio-

528 4856 648 4895 nem
672 4840 835 4903 enim,
857 4849 911 4893 et
941 4836 1335 4893 festinationem
1377 4833 1455 4887 ﬁt.

594 4931 681 4985 57.
724 4931 787 4983 Ει
815 4943 977 4997 super
1009 4939 1196 4982 omnes
1220 4924 1348 4979 deos
1369 4932 1581 4992 patrum
1612 4936 1829 4978 suorum
1853 4922 2049 4975 intelli-

528 5030 631 5086 get,
658 5028 712 5074 et
738 5016 1224 5087 concupiscentiam
1251 5014 1571 5068 feminarum
1600 5054 1615 5079 ,
1661 5022 1714 5067 et
1744 5028 1903 5081 super
1934 5028 2048 5065 oni-

530 5123 649 5160 Imm
676 5111 830 5163 deum
864 5123 972 5163 non
1020 5106 1276 5176 intelliget
1307 5124 1321 5159 :
1364 5107 1489 5175 quia
1521 5119 1680 5174 super
1728 5118 1915 5157 omnes
1938 5118 2050 5155 nia-

532 5196 879 5263 gnificabitur.

601 5287 688 5340 58.
726 5288 793 5339 Et
819 5289 973 5342 deum
1004 5287 1226 5342 Mazoim
1267 5287 1318 5340 in
1346 5287 1460 5339 loco
1495 5299 1594 5339 suo
1638 5282 1969 5350 gloriﬁcabit,
2001 5290 2053 5333 et

535 5379 715 5438 deum,
749 5390 908 5443 quem
954 5379 1329 5446 ignoraverunt
1356 5384 1535 5443 patres
1563 5373 1698 5440 ejus,
1742 5370 2052 5441 gloriﬁcabit

520 5456 591 5545 in
614 5471 852 5530 argento,
885 5474 939 5516 et
966 5478 1116 5529 auro,
1141 5474 1194 5518 et
1222 5464 1395 5533 lapide
1415 5462 1668 5531 pretioso,
1701 5472 1753 5513 et
1777 5461 1826 5511 in
1857 5472 2047 5511 concuo

540 5552 832 5620 piscentiis.

606 5639 691 5692 59.
728 5638 791 5691 Et
812 5638 967 5693 faciet
1008 5641 1060 5693 in
1101 5644 1480 5699 munitionibus
1532 5640 1898 5710 coniugiorum
1928 5653 2048 5694 cum

2052 1804 2094 1857 Β
2120 1841 2209 1877 ται
2229 1823 2555 1893 τραυματίαι
2594 1822 2800 1874 πολλοί.

2190 1912 2278 1965 27.
2308 1912 2414 1964 Kal
2436 1910 2727 1979 ἀμφότεροι
2756 1911 2808 1961 οἱ
2858 1908 3128 1979 βασιλεῖς,
3169 1910 3225 1962 al
3263 1907 3473 1977 καρδίαι
3508 1907 3656 1961 αὐτῶν

2124 2001 2215 2053 ἐπὶ
2244 2000 2521 2069 πονηρίαν,
2552 2001 2647 2052 καὶ
2680 1998 2775 2050 ἐπὶ
2796 1998 3062 2068 τραπέζῃ
3099 2000 3200 2068 μιᾷ
3228 1997 3393 2067 ψευδῆ
3430 1997 3652 2068 λαλήσου-

2126 2106 2198 2154 σι,
2234 2090 2327 2142 καὶ
2352 2090 2412 2140 οὐ
2436 2088 2774 2154 κατευθυνεῖ,
2804 2089 2893 2140 ὅτι
2918 2088 3005 2139 ἔτι
3032 2087 3208 2157 πέρας
3235 2090 3313 2149 είς
3346 2087 3536 2157 καιρόν.

2191 2179 2279 2232 28.
2314 2180 2426 2231 Kal
2446 2177 2760 2247 ἐπιστρέψει
2789 2179 2876 2239 είς
2911 2177 3013 2246 τὴν
3039 2177 3149 2245 γῆν
3182 2176 3343 2229 αὑτοῦ
3381 2180 3436 2229 έν
3462 2174 3652 2245 ὑπάρξει

2127 2268 2314 2337 πολλῇ,
2347 2268 2439 2320 καὶ
2462 2269 2495 2336 ἡ
2523 2268 2717 2337 καρδία
2741 2266 2914 2319 αὐτοῦ
2960 2267 3057 2318 ἐπὶ
3076 2266 3341 2336 διαθήκην
3373 2266 3537 2332 ἁγίαν,
3576 2263 3653 2315 καὶ

2128 2358 2355 2426 ποιήσει,
2387 2357 2480 2410 καὶ
2506 2357 2828 2427 ἐπιστρέψει
2848 2357 2936 2419 είς
2973 2357 3078 2425 τὴν
3104 2356 3212 2424 γῆν
3242 2353 3417 2407 αὑτοῦ.

2194 2443 2283 2497 29.
2313 2444 2406 2503 Εἰς
2432 2443 2519 2494 τὸν
2574 2444 2768 2513 καιρὸν
2820 2441 3173 2512 ἐπιστρέψει,
3225 2444 3317 2495 καὶ
3359 2439 3470 2510 ἥξει
3502 2440 3553 2491 ἐν
3590 2437 3653 2507 τῷ

2128 2534 2284 2602 νότῳ,
2312 2533 2405 2584 καὶ
2426 2534 2525 2583 οὒκ
2549 2531 2702 2584 ἔσται
2735 2533 2869 2602 ὼςὴ
2897 2530 3121 2603 πρώτη,
3154 2531 3247 2585 καὶ
3270 2532 3342 2591 ὡς
3371 2530 3405 2595 ή
3432 2526 3623 2594 ἐσχάτη.

2197 2622 2284 2675 50.
2314 2623 2420 2674 Kal
2447 2620 2852 2673 εἰσελεύσονται
2910 2622 2970 2672 εν
2999 2618 3151 2689 αὐτῷ
3176 2620 3227 2671 οἱ
3258 2614 3649 2686 ἐκπορευόμενοι,

2131 2712 2224 2764 καὶ
2252 2712 2425 2774 ἵπποι,
2450 2710 2543 2762 καὶ
2567 2709 3072 2779 ταπεινωθήσεται,
3106 2710 3202 2762 καὶ
3236 2704 3542 2774 ἐπιστρέψει,
3573 2700 3651 2754 καὶ

2130 2799 2507 2870 ὀργισθήσεται
2545 2797 2638 2850 ἐπὶ
2666 2797 2949 2869 διαθήκην
2977 2799 3161 2866 ἁγίαν,
3202 2798 3295 2851 καὶ
3333 2795 3549 2863 ποιήσει,
3573 2790 3650 2841 καὶ

2133 2887 2460 2959 ἐπιστρέψει,
2494 2886 2586 2939 καὶ
2613 2890 2848 2956 συνήσει
2874 2888 2973 2940 ἐπὶ
3000 2889 3129 2950 τοὺς
3164 2884 3530 2943 καταλιπόντας
3556 2879 3649 2931 δια-

2135 2978 2305 3047 θήκην
2338 2976 2515 3043 ἁγίαν.

2203 3065 2288 3118 51.
2315 3062 2414 3114 Kal
2446 3062 2738 3131 βραχίονες
2763 3064 2825 3128 ἐξ
2857 3064 3042 3118 αὐτῶν
3065 3066 3359 3136 στήσονται,
3390 3060 3473 3113 καὶ
3509 3056 3649 3126 βεὸη·

2135 3154 2361 3206 λώσουσι
2389 3154 2451 3206 τὸ
2478 3154 2736 3223 ἁγίασμα
2766 3156 2869 3226 τῆς
2897 3156 3216 3217 δυναστείας
3238 3192 3254 3219 ,
3304 3152 3385 3205 καὶ
3411 3146 3647 3218 μεταστή’

2138 3259 2287 3294 σουσι
2316 3241 2406 3294 τὸν
2444 3239 2828 3315 ἐνδελεχισμὸν
2846 3283 2862 3309 ,
2899 3245 2999 3297 καὶ
3027 3242 3281 3297 δώσουσιν
3301 3240 3371 3301 είς
3406 3236 3461 3288 τὸ
3482 3232 3644 3304 βδέλυ-

2139 3348 2256 3401 γμα
2274 3330 2660 3400 ἠφανισμένον.

2206 3419 2291 3471 52.
2324 3419 2430 3471 Kal
2453 3419 2576 3480 τοὺς
2605 3419 2956 3490 ἀνομοῦντας
3001 3419 3266 3489 διαθήκην
3299 3412 3559 3475 ἀπάξουσιν
3596 3407 3644 3457 ἐν

2139 3503 2457 3572 όλισθήμασι
2479 3521 2491 3533 ·
2523 3505 2615 3557 καὶ
2648 3506 2783 3571 λαὸς
2817 3507 3179 3575 γινώσκοντες
3213 3504 3336 3557 Θεὸν
3370 3495 3512 3553 αὐτοῦ
3535 3508 3643 3546 κατ-

2143 3593 2464 3663 ισχύσουσιν,
2488 3595 2583 3646 καὶ
2619 3598 2943 3668 ποιήσουσι.

2210 3682 2297 3735 55.
2321 3681 2430 3734 Kal
2456 3682 2505 3734 οί
2526 3664 2755 3736 συνετοὶ*
2773 3682 2870 3737 τοῦ
2911 3682 3039 3736 λαοῦ
3066 3681 3372 3751 συνήσουσιν
3397 3675 3467 3735 είς
3484 3664 3639 3725 πολλὰ,

2143 3772 2235 3824 καὶ
2264 3771 2642 3839 ἀσθενήσουσιν
2683 3774 2745 3825 ὲν
2780 3772 3047 3843 ῥομφαίᾳ,
3079 3771 3172 3822 καὶ
3215 3769 3270 3819 ὲν
3301 3763 3460 3833 φλογὶ,
3489 3757 3568 3810 καὶ
3595 3753 3642 3803 ἐν

2144 3859 2501 3929 αίχμαλωσίᾳ,
2523 3860 2617 3912 καὶ
2636 3863 2706 3915 ὲν
2740 3862 3022 3932 διαρπαγῇ
3048 3856 3287 3929 ἡμερῶν.

2214 3947 2301 3999 54.
2332 3947 2440 3998 Kal
2461 3948 2519 4000 ὲν
2549 3947 2627 4018 τῷ
2683 3951 2985 4021 ἀσθενῆσαι
3034 3948 3227 4007 αὐτοὺς
3280 3936 3643 4021 βοηθηθήσρντξιι

2147 4034 2391 4104 βοήθειαν
2421 4016 2644 4105 μικρὰν,
2694 4040 2793 4093 καὶ
2825 4016 3300 4108 προστεθήσονται.
3324 4026 3450 4095 πρὸς
3484 4016 3643 4072 αὐτοὺς

2146 4124 2325 4176 πολλοὶ
2346 4125 2403 4176 ὲν
2427 4124 2609 4196 όλισθή
2620 4144 2776 4196 μασι.

2214 4211 2302 4266 '55.
2325 4212 2433 4264 Kal
2457 4213 2567 4266 ἀπὸ
2594 4194 2709 4269 τῶν
2753 4215 3042 4269 συνιέντων
3066 4210 3426 4278 ἀσθενήσωσι,
3460 4194 3535 4249 τοῦ
3552 4208 3639 4242 πυτ

2150 4301 2318 4371 ρῶσαι
2342 4302 2398 4353 ὲν
2426 4302 2631 4369 αὐτοῖς,
2664 4308 2762 4359 καὶ
2781 4306 2875 4358 τοῦ
2903 4301 3223 4358 ὲκλευκάναι
3255 4297 3356 4357 ἕως
3382 4283 3546 4357 καιροῦ
3564 4278 3639 4333 πέι

2080 4420 2123 4476 D
2154 4408 2268 4463 ρας,
2301 4390 2431 4442 διότι
2458 4390 2540 4443 ἔτι
2564 4395 2647 4458 είς
2668 4395 2880 4465 καιρόν.

2218 4478 2303 4534 56.
2333 4480 2439 4532 Kal
2466 4482 2681 4551 ποιήσει
2707 4457 2851 4536 κοὶτά
2870 4482 2930 4533 τδ
2955 4480 3167 4547 θέλημα
3189 4469 3345 4529 αὐτοῦ
3362 4470 3387 4521 ι
3414 4457 3639 4551 βασιλεὺς.

2148 4571 2240 4622 καὶ
2291 4547 2665 4640 ὑψωθήσεται,
2710 4574 2805 4626 καὶ
2858 4568 3312 4640 μεγαλυνθήσεται
3365 4556 3447 4609 ἐπὶ
3497 4547 3641 4640 FW?“

2147 4660 2294 4723 Θεὸν,
2328 4632 2420 4712 καὶ
2449 4632 2537 4713 ἐπὶ
2564 4632 2662 4716 τὸνγ
2674 4663 2807 4715 Θεὸν
2984 4632 3261 4719 θεῶνξκαὶ
3289 4648 3486 4715 λαλήὕνεί
3507 4632 3638 4723 ὑπὲρ

2147 4720 2303 4817 ογκα,
2338 4750 2429 4801 καὶ
2465 4752 2783 4805 κατευθυνεῖ
2829 4750 2991 4819 μέχρι
3032 4744 3126 4797 τοῦ
3167 4731 3538 4797 συντελεσθῆναι
3559 4720 3637 4786 τὴν

2146 4839 2332 4909 ὀργὴν.
2358 4841 2434 4901 εἷς
2463 4840 2571 4911 γὰρ
2596 4840 2905 4896 συντέλειαν
2936 4836 3031 4888 καὶ
3061 4829 3287 4897 σπουδὴν
3325 4823 3521 4913 γίνεται.
3597 4896 3608 4913 ’

2216 4930 2303 4982 57.
2333 4931 2437 4981 Kal
2466 4910 2556 4983 ἐπί
2578 4932 2787 4993 πάντας
2826 4930 2952 4990 τοὺς
2987 4925 3143 4985 θεοὺς
3168 4918 3270 4972 τῶν
3307 4910 3634 4993 πατέρων,αῡ’

2148 5017 2238 5070 τοῦ
2266 5020 2498 5089 συνήσει,
2522 5022 2615 5073 καὶ
2633 5019 2930 5089 ἐπιθυμίαν
2960 5009 3248 5084 γυναικῶν,
3270 5003 3357 5057 καὶ
3381 4997 3463 5089 ἐπὶ
3492 4988 3632 5042 πάντα

2151 5109 2269 5161 θεὸν
2318 5087 2390 5161 οὐ-
2426 5113 2665 5179 συνήσει,
2695 5112 2778 5164 ὅτι
2804 5087 2906 5161 ὴὲπὶ
2939 5108 3144 5164 πάντας
3172 5087 3603 5169 μεγαλυνθήσεται’

2218 5283 2302 5336 ss.
2340 5285 2446 5336 Kal
2487 5283 2605 5337 θεὸν
2654 5282 2917 5350 Μεζωεὶμ
2941 5280 3033 5331 ἐπὶ
3050 5277 3209 5329 τόπου
3254 5258 3417 5355 nam?
3436 5248 3611 5355 δξέέξξξ

2148 5331 2636 5437 καὶἷεξᾷᾇῖδᾲὧκ
2657 5331 2977 5440 ἰξξῷςὲέιζοι
3014 5361 3241 5453 mea)“
3268 5331 3617 5453 αξθῖοῆἶῗεῗζξῖ

2149 5418 2503 5529 Salapia.
2534 5418 2636 5513 In}?
2652 5418 2879 5529 illa;
2894 5418 3009 5506 ⁷αὶιέιι
3034 5418 3165 5515 Itth
3210 5436 3381 5506 τιμίῳ,
3423 5423 3507 5478 καὶ
3528 5418 3620 5467 1““

2151 5548 2213 5599 θυ
2220 5549 2290 5616 μή
2299 5565 2481 5616 μασιν.
3099 5626 3109 5635 ,
3291 5610 3386 5635 ,κη
3416 5601 3612 5635 ..πταίου-

2146 5710 2157 5733 ⁸
2332 5640 2436 5692 Kal
2474 5640 2768 5711 ποιήσειέν
2797 5638 2907 5697 τοῖς
2946 5626 3249 5701 ὀχυρώμασι
3287 5610 3386 5665 τῶν
3416 5604 3615 5656 καταφυο.
3645 5670 3657 5679 .
