3874 6362
223 385 349 441 2893

1612 399 1838 471 CAPUT
1866 401 1979 459 xu.

3239 405 3375 462 2894

219 506 318 567 γῶν
346 498 479 569 μετὰ
500 499 629 554 θεοῦ
652 504 967 576 ἀλλοτρίου,
989 506 1047 561 ὃν
1071 507 1169 560 οὐκ
1189 508 1469 583 ἐγνώρισε,
1491 512 1583 564 καὶ
1611 513 1745 581 πλη·

1897 531 1946 573 ιο
1984 515 2178 580 alieno,
2227 527 2389 585 quem
2417 529 2524 570 non
2574 513 2857 585 cognovit,
2896 522 2950 569 et
3007 513 3380 583 multiplicabit

220 590 356 645 θυνεί
381 590 559 655 δόξαν,
587 593 689 645 καὶ
726 594 985 663 ὑποτάξει
1016 597 1196 661 αὐτοῖς
1237 599 1481 664 πολλοὺς,
1529 602 1623 654 καὶ
1656 604 1774 672 γῆν¹

218 681 366 735 διελεῖ
390 682 445 733 ἐν
473 680 697 751 δώροις.
809 702 815 710 ’

276 769 356 825 40.
387 768 495 822 Kal
524 772 587 823 ὲν
625 774 832 845 καιροῦ
856 775 1047 846 πέρατι
1076 776 1344 846 συνθήκας
1376 778 1597 849 θήσεται
1623 783 1761 855 μετὰ

218 859 297 911 τοῦ
325 859 584 926 βασιλέως
614 862 717 919 τοῦ
748 865 929 931 νότου,
966 865 1058 918 καὶ
1078 867 1459 936 συναχθήσεται
1485 869 1574 920 ἐπ’
1599 869 1759 923 αὐτὸν

220 946 448 1018 βασιλεὺς
473 948 570 1001 τοῦ
602 950 789 1022 βορρᾶ
827 956 885 1006 ὲν
916 954 1141 1024 ἅρμασι,
1173 956 1265 1008 καὶ
1295 958 1352 1009 ὲν
1376 957 1633 1035 ,ἰππεῦσιη
1666 959 1758 1010 καὶ

216 1038 267 1087 ἰν
292 1037 441 1088 ναυσὶ
485 1036 746 1103 πολλαῖς,
784 1040 881 1093 καὶ⁵
910 1040 1272 1095 εἰσελεύσεται
1317 1046 1393 1106 εἰς
1433 1045 1531 1113 τὴν
1574 1046 1677 1114 γῆν
1704 1048 1760 1097 ὲν

218 1127 320 1187 ταῖς
356 1126 756 1194 κατακλύσεσι,
790 1130 885 1182 καὶ
916 1131 1211 1202 συντρίψει,
1232 1132 1325 1186 καὶ
1348 1134 1757 1203 παρελεύσεται.

210 1236 218 1259 ο
276 1216 354 1267 41.
389 1218 499 1269 Kal
528 1218 910 1273 εἰσελεύσεται
944 1224 1024 1284 εἰς
1054 1223 1151 1293 τὴν
1175 1225 1275 1292 γῆν
1306 1222 1397 1276 τοῦ
1426 1225 1646 1295 Σαὸεἰμ,
1669 1228 1760 1277 καὶ

220 1305 381 1359 πολλοὶ
406 1307 611 1377 ἀσθενή
622 1326 807 1376 σουσι,
838 1313 931 1364 καὶ
956 1305 1098 1367 οὗτοι
1124 1314 1541 1385 διασωθήσονται
1571 1318 1633 1369 ἐκ
1654 1334 1763 1385 χει-

219 1397 297 1463 ρὸς
317 1396 497 1459 αὐτοῦ,
543 1397 757 1469 Ἐδὼμ,
796 1401 894 1453 καὶ
926 1401 1112 1468 Μωάὅ,
1156 1404 1249 1457 καὶ
1278 1405 1418 1475 ἀρχὴ
1447 1404 1575 1457 υἰῶν
1628 1404 1758 1473 Ἀμ-

221 1501 341 1555 μων.

276 1572 357 1626 42.
390 1574 502 1627 Kal
535 1575 761 1629 ἐκτενετ
788 1577 888 1647 τὴν
920 1581 1075 1648 χεῖρα
1095 1579 1257 1633 αὐτοῦ
1290 1582 1383 1634 ἐπὶ
1405 1581 1499 1652 τὴν
1526 1579 1761 1650 γῆν,καὶ

219 1658 333 1727 ήγῆ
359 1659 641 1727 Αἰγύπτου
670 1663 781 1717 οὐκ
813 1664 962 1717 ἔσται
995 1669 1074 1729 εἰς
1103 1668 1386 1738 σωτηρίαν.

278 1749 359 1803 43.
386 1750 495 1803 Kal
538 1751 838 1822 κυριεύσει
875 1754 935 1807 ὲν
960 1756 1072 1816 τοῖς
1121 1755 1453 1826 ἀπρκρύφοις
1502 1756 1593 1809 τοῦ
1631 1773 1759 1827 χρυ-

1854 604 2100 674 gloriam,
2128 612 2179 658 et
2203 604 2452 674 subjiciat
2474 604 2605 673 ipsis
2624 604 2844 667 multos,
2869 613 2925 659 et
2952 614 3147 657 terram
3183 604 3382 659 dividet

1854 693 1907 747 in
1935 693 2115 749 donis.

1921 781 2009 837 40.
2046 781 2110 836 Et
2139 782 2192 837 in
2218 783 2470 851 temporis
2517 782 2622 835 ﬁne
2664 782 2863 836 ﬁndere
2914 782 3074 836 faciet
3107 797 3227 836 cum
3262 796 3383 852 rege

1856 872 2046 936 austri,
2072 880 2128 925 et
2154 873 2563 941 congregabitur
2588 886 2749 940 super
2793 886 2915 928 eum
2973 887 3067 925 rex
3118 873 3383 940 aquilonis

1858 961 1909 1013 in
1945 961 2212 1026 curribus,
2238 972 2292 1015 et
2318 963 2370 1014 in
2396 961 2685 1029 equitibus,
2718 968 2771 1015 et
2818 962 2869 1014 in
2904 962 3127 1016 navibus
3174 962 3380 1025 multis,

1856 1058 1909 1107 et
1946 1040 2266 1119 ingredietur
2294 1052 2349 1104 in
2378 1059 2572 1105 terram
2600 1051 2655 1105 in
2684 1052 3138 1115 inundationibus,
3175 1063 3228 1106 et
3257 1066 3385 1106 con-

1858 1152 2005 1197 teret'
2019 1132 2087 1196 et'
2108 1142 2467 1210 pertransibit.

1925 1233 2012 1286 4i.
2056 1232 2119 1285 Et
2139 1233 2461 1301 ingredietur
2495 1233 2549 1286 in
2578 1242 2773 1286 terram
2805 1231 3009 1296 Sabim,
3040 1241 3094 1287 et
3126 1230 3275 1285 multi
3310 1230 3387 1283 in-

1857 1325 2231 1389 lirmabuntur,
2294 1333 2349 1379 et
2394 1325 2449 1377 lii
2503 1326 2850 1379 salvabuntur
2909 1324 2976 1378 de
3032 1338 3198 1376 manu
3243 1322 3382 1391 ejus,

1858 1412 2046 1475 Edom,
2075 1421 2129 1467 et
2150 1413 2325 1477 Moab,
2356 1423 2407 1467 et
2429 1414 2748 1484 principium
2772 1414 3001 1493 ﬁliorum
3030 1412 3280 1465 Ammon.

1923 1586 2011 1639 42.
2052 1585 2117 1640 Et
2139 1587 2388 1641 extendet
2434 1602 2652 1641 manum
2708 1602 2859 1639 suam
2892 1599 3050 1654 super
3090 1593 3309 1647 terram,
3331 1592 3388 1638 et

1858 1682 1999 1730 terra
2029 1674 2243 1746 Egypti
2271 1691 2379 1730 non
2406 1678 2507 1731 erit
2535 1676 2587 1730 in
2614 1679 2861 1730 salutem.

1924 1766 2014 1818 4‘5.
2054 1765 2119 1818 Et
2144 1766 2504 1820 dominabitur
2532 1767 2585 1819 in
2619 1765 2912 1819 reconditis
2940 1763 3078 1828 auri,
3110 1772 3165 1817 et
3195 1777 3387 1829 argen—

223 1838 339 1900 σίου,
373 1839 461 1890 καὶ
490 1837 589 1889 τοῦ
651 1840 950 1911 ἀργυρίου,
984 1843 1075 1895 καὶ
1110 1844 1167 1896 ὲν
1216 1845 1377 1897 πᾶσιν
1420 1845 1760 1915 ὲπιθυμητοῖς

1907 1890 1922 1914 ,
1948 1861 2004 1906 et
2031 1852 2081 1904 in
2097 1853 2345 1907 omnibus
2370 1852 2816 1906 desiderabilibus
2836 1849 3075 1920 Egypti,
3102 1858 3158 1904 et
3171 1848 3385 1915 Libum,

222 1926 494 1993 Αἰγύπτου,
552 1929 654 1982 καὶ
685 1930 933 1996 Λιϐύων,
992 1932 1087 1985 καὶ
1122 1933 1407 2000 Δίθίοπων,
1435 1935 1528 1987 καὶ
1562 1936 1620 1988 ὲν
1649 1937 1758 1999 τοῖς

223 2014 544 2084 ὀχυρώμασιν
573 2017 785 2071 αὐτῶν.

280 2106 359 2159 44.
389 2106 496 2159 Kal
537 2107 709 2160 ἀκοαὶ
736 2146 753 2171 ,
811 2106 908 2161 καὶ
934 2108 1157 2163 σπουδαὶ
1184 2109 1503 2180 ταράξουσιν
1520 2109 1677 2163 αὐτὸν
1702 2109 1759 2172 ἐξ

224 2196 467 2249 ἀνατολῶν
508 2198 603 2249 καὶ
635 2196 857 2268 βορῤᾶ’
906 2198 998 2251 καὶ
1029 2199 1145 2268 ἥξει
1180 2199 1238 2252 ὲν
1274 2199 1425 2270 θυμῷ
1457 2198 1631 2269 πολλῷ
1665 2199 1758 2252 τοῦ

224 2285 474 2353 ἀφανίσαι,
506 2286 736 2339 καὶτοῦ
778 2286 1174 2357 ἁναθεματίσαι
1202 2288 1445 2352 πολλούς.

278 2376 359 2430 45.
389 2376 496 2430 Kal
544 2377 716 2447 πήξει
762 2377 865 2449 τὴν
911 2379 1110 2449 σκηνὴν
1160 2378 1320 2431 αὐτοῦ
1369 2380 1425 2431 ὲν
1460 2378 1757 2447 ’Δπαδανῷ,

222 2466 466 2537 ἀνάμεσω
496 2467 608 2519 τῶν
639 2466 963 2530 θαλασσῶν,
1003 2467 1082 2529 εἰς
1102 2466 1225 2537 ὅρος
1260 2468 1445 2520 Σαὸεὶν
1471 2468 1642 2536 ἅγιον,
1671 2468 1762 2520 καὶ

223 2557 322 2624 ἡξει
346 2558 443 2621 ἕως
472 2558 675 2628 μέρους
700 2557 900 2623 αὑτοῦ,
932 2557 1026 2610 καὶ
1060 2557 1160 2609 οὐκ
1184 2556 1325 2610 ἐστιν
1341 2557 1368 2609 6
1391 2538 1644 2628 ῥυόμενος
1668 2559 1763 2610 αύ-

227 2645 319 2701 τόν.

737 2758 1129 2811 ΚΕΦΑΛΔῘΟΝ
1160 2758 1257 2812 IB’.

287 2850 334 2905 1.
362 2852 469 2906 Kal
490 2853 548 2905 ὲν
576 2851 659 2921 τῷ
680 2848 872 2919 καιρῷ
900 2848 1095 2912 ἐκείνῳ
1120 2847 1473 2917 ἀναστήσεται
1503 2847 1720 2917 Μιχαὴλ
1737 2849 1766 2900 6

228 2940 387 3011 ἄρχων
417 2944 444 2995 6
479 2943 685 3011 μέγας,
732 2940 764 2991 6
811 2934 1122 3007 ἐφεστηκὼς
1176 2936 1269 2988 ἐπὶ
1312 2936 1435 2997 τοὺς
1485 2937 1633 2998 υἰοὺς
1674 2935 1764 2989 τοῦ

229 3030 341 3086 λαοῦ
369 3048 460 3084 σου
481 3048 495 3061 ο
525 3033 622 3083 καὶ
656 3029 822 3081 ἔσται
865 3027 1054 3098 καιρὸς
1082 3024 1329 3094 θλίψεως,
1365 3024 1542 3093 θλίψις
1576 3025 1666 3077 οἵα
1703 3025 1762 3076 οὑ

230 3121 428 3187 γέγονεν
448 3121 540 3187 ἀφ’
573 3114 639 3173 οῦ
670 3119 973 3187 γεγένηται
1001 3116 1150 3178 ἔθνος
1178 3116 1266 3166 ἐπὶ
1288 3116 1383 3183 τῆς
1410 3115 1531 3181 γῆς,
1551 3116 1644 3167 καὶ
1664 3114 1767 3177 ἕως

230 3210 311 3262 τοῦ
339 3210 526 3283 καιροῦ
557 3210 804 3264 ἐκείνου.
837 3208 947 3260 Kal
975 3208 1033 3259 ὲν
1068 3205 1143 3275 τῷ
1174 3203 1345 3275 καιρῷ
1381 3204 1571 3273 ἐκείνῳ
1602 3204 1771 3273 σωθή-

231 3319 368 3356 σεται
392 3306 420 3356 ὁ
448 3305 579 3366 λαός
611 3302 715 3355 σου
742 3301 849 3362 πᾶς
877 3298 907 3349 6
940 3295 1182 3367 εὑρεθεὶς
1209 3294 1582 3365 γεγραμμένος
1622 3295 1683 3348 ἐν
1704 3296 1770 3364 τῇ

231 3389 407 3461 βίσλῳ.

292 3485 342 3535 ίὶ.
368 3483 477 3536 Kal
515 3479 715 3534 πολλοὶ
760 3476 868 3530 τῶν
915 3474 1277 3529 καθευδόντων
1313 3473 1370 3524 ὲν
1415 3472 1517 3540 γῆς
1564 3470 1775 3541 χώματι

233 3571 697 3642 ὲξεγερθήσονται,
740 3559 886 3618 οὗτοι
922 3565 1004 3626 εἰς
1034 3561 1176 3631 ζωὴν
1225 3559 1459 3625 αἰώνιον,
1512 3560 1604 3611 καὶ
1632 3552 1776 3612 οὗτοι

231 3664 301 3724 εἰς
320 3659 648 3728 ὀνειδισμὸν,
688 3656 788 3709 καὶ
810 3655 893 3717 εἰς
928 3651 1188 3722 αἰσχύνην
1206 3649 1439 3703 αἰώνιον.

296 3752 346 3803 5.
373 3751 482 3802 Kal
510 3751 560 3801 οἱ
586 3744 865 3805 συνιέντες
892 3740 1251 3810 ἐκλάμψουσιν
1285 3738 1360 3800 ὡς
1396 3739 1431 3807 ὴ
1468 3738 1779 3807 λαμπρότης

228 3842 314 3895 τοῦ
352 3837 766 3909 στερεώματος,
788 3833 887 3886 καὶ
922 3831 1029 3885 ἀπὸ
1070 3830 1176 3882 τῶν
1196 3828 1416 3882 δικαίων
1443 3826 1548 3880 τῶν
1574 3827 1779 3880 πολλῶν

231 3928 299 3991 ὡς
328 3929 375 3980 οἰ
411 3927 651 3997 ἀστέρες
690 3925 769 3985 εἰς
803 3922 926 3993 τοὺς
950 3919 1168 3980 αἰῶνας.

287 4016 337 4069 4.
358 4016 465 4069 Kal
483 4016 577 4077 ab,
602 4009 831 4079 Δανιὴλ,
848 4005 1119 4077 ἔμφραξον
1145 4007 1268 4068 τοὺς
1290 4003 1496 4073 λόγους,
1510 4002 1599 4056 καὶ
1618 4001 1783 4073 σφρά-

228 4123 369 4172 γισαι
402 4104 461 4155 τὸ
510 4098 880 4174 βιϐλίονοέως
908 4094 1095 4166 καιροῦ
1137 4093 1455 4159 συντελείας,
1501 4095 1593 4146 καὶ
1634 4092 1779 4146 διδα-

228 4198 386 4265 χθῶσι
421 4193 640 4257 πολλοὶ,
672 4190 766 4243 καὶ
798 4186 1072 4256 πληθυνθῇ
1105 4186 1137 4255 ἡ
1168 4184 1385 4253 γνῶσις.

291 4288 341 4340 5.
364 4288 475 4339 Kal
510 4281 661 4337 εἶδον
684 4282 794 4348 ἐγὼ
819 4277 1046 4349 Δανιὴλ,
1077 4275 1170 4329 καὶ
1214 4275 1321 4328 ἰδοὺ
1368 4273 1460 4327 δύο
1497 4271 1669 4341 ἕτεροι
1712 4271 1787 4323 εἰ·

1858 1952 1912 1997 et
1945 1941 2277 2011 Ethiopum,
2304 1943 2435 1999 etin
2456 1942 2848 1997 munitionibus
2867 1956 3077 1995 eorum.

1927 2118 2014 2172 44.
2055 2116 2121 2170 Et
2142 2131 2408 2181 rumores,
2437 2123 2492 2170 et
2526 2115 2895 2171 festinationes
2944 2113 3238 2168 turbabunt
3266 2124 3389 2166 eum

1860 2206 1928 2260 ab
1954 2208 2181 2269 oriente,
2212 2217 2264 2260 et
2290 2206 2556 2275 aquilone,
2592 2212 2646 2259 et
2692 2204 2869 2258 veniet
2892 2205 2945 2256 in
2996 2202 3183 2256 furore
3222 2202 3391 2255 multo

1859 2297 1928 2350 ad
1965 2296 2399 2363 disperdendum,
2437 2304 2490 2348 et
2520 2294 2950 2347 interﬁciendum
2978 2293 3194 2345 multos.

1930 2385 2017 2438 45.
2058 2384 2122 2437 Et
2144 2385 2265 2453 ﬁget
2285 2385 2682 2438 tabernaculum
2736 2398 2892 2437 suum
2942 2383 2995 2434 in
3050 2381 3304 2448 Apadano
3336 2377 3389 2429 in

1863 2475 2038 2529 medio
2069 2475 2296 2528 marium
2352 2474 2405 2526 in
2457 2481 2638 2527 monte
2683 2470 2844 2526 Sabin
2895 2479 3102 2533 sancto,
3140 2478 3192 2522 et
3218 2466 3394 2522 veniet

1864 2578 2033 2633 usque
2063 2563 2129 2616 ad
2157 2572 2357 2632 partem
2387 2560 2503 2629 ejus
2530 2576 2543 2610 :
2572 2568 2627 2615 et
2660 2575 2767 2614 non
2788 2566 2887 2625 est,
2916 2560 3007 2627 qui
3038 2566 3190 2612 eruat
3212 2570 3357 2611 eum.

2441 2758 2665 2814 CAPUT
2702 2759 2816 2814 XII.

1935 2853 1986 2907 1.
2026 2851 2093 2907 Ει
2111 2851 2168 2907 in
2189 2859 2428 2920 tempore
2454 2850 2548 2904 illo
2564 2858 2861 2920 consurget
2888 2848 3114 2903 lliclmel
3153 2846 3398 2916 princeps

1866 2958 2111 3013 magnus,
2135 2943 2227 3012 qui
2252 2950 2361 2996 stat
2390 2956 2486 3009 pro
2512 2941 2638 2996 tiliis
2672 2940 2848 3010 populi
2876 2940 2995 2993 sui:
3033 2948 3087 2991 et
3109 2939 3211 2991 erit
3260 2945 3398 2990 tem-

1867 3046 1967 3100 pus
2000 3031 2381 3095 tribulationis,
2408 3031 2680 3085 tribulatio
2699 3030 2875 3098 qualis
2898 3043 3005 3082 non
3036 3027 3157 3088 fuit,
3194 3040 3257 3081 ex
3290 3042 3398 3094 quo

1869 3118 2008 3173 facta
2033 3128 2114 3174 est
2142 3135 2271 3188 gens
2299 3120 2353 3173 in
2383 3131 2542 3185 terra,
2581 3128 2635 3173 et
2663 3133 2831 3187 usque
2889 3118 2956 3172 ad
2997 3126 3208 3185 tempus
3244 3116 3397 3168 illud.

1865 3207 1931 3261 Et
1957 3208 2013 3263 in
2040 3216 2278 3277 tempore
2316 3208 2406 3262 illo
2428 3208 2723 3264 salvaliitur
2769 3207 2997 3275 populus
3045 3217 3171 3260 tuus
3202 3204 3400 3273 omnis,

1867 3299 1959 3367 qui
1991 3299 2240 3355 inventus
2261 3297 2424 3353 fuerit
2445 3298 2679 3367 scriptus
2708 3298 2763 3352 in
2798 3297 2955 3351 libro.

1937 3471 1992 3522 2.
2032 3469 2098 3523 Et
2125 3469 2275 3523 multi
2307 3469 2372 3523 de
2400 3468 2505 3531 his,
2534 3468 2629 3536 qui
2672 3468 2947 3522 dormiunt
2993 3468 3045 3520 in
3086 3475 3240 3519 terra:
3283 3463 3405 3531 pul-

1870 3575 2014 3625 vere,
2046 3559 2411 3627 evigilabunt:
2442 3558 2531 3612 alii
2556 3557 2610 3611 in
2642 3557 2802 3611 vitam
2840 3566 3115 3616 aeternam,
3142 3563 3195 3609 et
3220 3554 3310 3607 alii
3346 3553 3403 3606 in

1874 3650 2239 3720 Opprobrium.
2269 3659 2322 3702 et
2353 3649 2402 3701 in
2422 3646 2795 3702 confusionem
2819 3654 3096 3697 πίει-ηοω.

1939 3741 1995 3793 3.
2035 3738 2101 3791 Et
2128 3738 2478 3806 intelligente:
2506 3734 2783 3805 fulgebunt
2837 3733 2980 3788 sicut
3030 3730 3283 3799 splendor
3308 3729 3405 3783 lir-

1875 3830 2151 3895 mamenti,
2177 3837 2231 3884 et
2258 3828 2323 3883 de
2343 3827 2505 3898 justis
2524 3826 2771 3897 plurimis
2812 3823 2966 3894 quasi
3020 3822 3185 3877 stellae
3207 3821 3262 3873 in
3306 3834 3408 3874 sae-

1878 3919 2016 3975 cuia.

1946 4010 2000 4064 4.
2039 4008 2118 4063 Tu
2146 4016 2348 4072 autem,
2378 4006 2584 4073 Daniel,
2631 4005 2818 4061 claude
2847 4018 3140 4067 sermones,
3174 4010 3227 4057 et
3255 3999 3404 4069 signa

1879 4100 2075 4154 librum
2100 4113 2272 4168 usque
2296 4098 2363 4154 ad
2402 4108 2613 4165 tempus
2662 4094 3163 4158 consummationis,
3208 4100 3262 4146 et
3308 4090 3407 4144 do-

1882 4201 2106 4246 ceantur
2132 4189 2305 4253 mulli,
2335 4195 2389 4242 et
2416 4186 2800 4256 multiplicetur
2820 4183 3068 4238 scientia.

1952 4280 2005 4333 5.
2044 4280 2110 4333 Et
2129 4278 2237 4333 vidi
2261 4293 2359 4348 ego
2398 4277 2605 4344 Daniel,
2633 4284 2687 4331 et
2736 4288 2861 4329 ecce
2904 4273 3014 4327 duo
3054 4272 3145 4327 alii
3200 4270 3413 4325 stabant

228 4378 541 4447 στήκεισαν,
577 4367 664 4436 εἷς
693 4368 937 4425 ἐντεῦθεν
964 4367 1056 4420 τοῦ
1084 4364 1287 4436 χείλους
1304 4363 1397 4419 τοῦ
1419 4360 1680 4431 ποταμοῦ,
1697 4361 1772 4414 κα¹

1897 4383 2025 4423 unus
2054 4368 2179 4421 hinc
2204 4380 2364 4435 super
2394 4365 2595 4418 labium
2625 4362 2885 4428 ﬂuminis,
2909 4367 2964 4415 et
2989 4361 3128 4416 alius
3162 4359 3306 4415 inde.

229 4459 303 4526 εἷς
326 4464 613 4517 ἐντεῦθεν.

292 4551 342 4605 6.
384 4553 502 4607 Kal
546 4546 706 4602 εἷπον
753 4547 833 4618 τῷ
859 4545 1008 4615 ἀνδρὶ
1026 4542 1102 4613 τῷ
1131 4541 1456 4611 ἐνδεδυμένῳ
1496 4539 1555 4592 τὸ
1586 4538 1782 4608 βαδδὶν,

1952 4542 2005 4596 6.
2037 4542 2100 4594 Et
2129 4538 2239 4593 dixi
2266 4537 2403 4600 viro,
2436 4534 2532 4603 qui
2553 4535 2769 4590 indutus
2799 4538 2914 4585 erat
2938 4530 3157 4595 baddin,
3187 4528 3281 4597 qui
3303 4536 3415 4581 sta-

1883 4632 1975 4687 bat
2004 4642 2162 4697 super
2190 4640 2381 4695 aquam
2410 4623 2646 4678 ﬂuminis
2678 4638 2691 4674 :
2728 4620 3017 4689 Usquequo
3049 4620 3170 4673 linis
3229 4630 3415 4670 eorum

1886 4736 2007 4793 qua:
2026 4717 2210 4775 dixisti
2232 4715 2577 4782 mirabilium,
2604 4723 2657 4769 et
2692 4711 2926 4782 expiatio
2955 4708 3226 4764 istorum?

228 4643 281 4705 ὃς
304 4641 371 4713 ἦν
419 4643 625 4696 ἐπάνω
659 4639 750 4693 τοῦ
781 4639 967 4700 ὓδατος
997 4635 1087 4690 τοῦ
1110 4634 1343 4703 ποταμοῦ
1363 4647 1377 4663 ’
1409 4633 1551 4694 Ἕως
1579 4631 1704 4683 πότε
1730 4631 1789 4682 τὸ

230 4732 401 4801 πέρας
421 4727 503 4787 ὧν
534 4731 770 4800 εἴρηκας
796 4728 905 4781 τῶν
937 4724 1262 4796 θαυμασίων,
1291 4723 1383 4776 καὶ
1406 4723 1437 4774 6
1461 4719 1790 4791 καθαρισμὸς

230 4822 431 4874 τούτων
450 4838 468 4886 ;

302 4909 354 4963 7.
388 4909 506 4963 Kal
565 4907 782 4975 ἥκουσα
830 4902 922 4957 τοῦ
964 4901 1154 4972 ἀνδρὸς
1204 4899 1297 4953 τοῦ
1345 4897 1685 4966 ἑνδεδυμένου
1730 4896 1791 4949 τὸ

238 4997 435 5063 βαδδὶν,
472 4995 535 5056 ὃς
564 4990 639 5062 ἦν
664 4992 849 5045 ἐπάνω
900 4989 993 5042 τοῦ
1025 4988 1210 5050 ὓδατος
1259 4985 1349 5039 τοῦ
1392 4983 1655 5052 ποταμοῦ,
1695 4983 1791 5037 καὶ

235 5080 414 5148 ὕψωσε
447 5081 556 5149 τὴν
609 5077 791 5143 δεξιὰν
838 5074 1021 5138 αὐτοῦ,
1053 5074 1147 5127 καὶ
1191 5073 1287 5143 τὴν
1322 5070 1606 5142 ἀριστερὰν
1629 5071 1789 5124 αὐτοῦ

239 5169 314 5231 εἰς
343 5170 436 5222 τὸν
460 5168 729 5236 οὐρανὸν,
764 5164 859 5216 καὶ
886 5163 1062 5232 ὤμοσε
1089 5161 1162 5230 τῷ
1192 5162 1347 5223 ζῶντι
1374 5162 1451 5223 εἰς
1479 5159 1569 5212 τὸν
1602 5158 1789 5221 αἰῶνα,

241 5258 319 5311 δτι
345 5260 425 5320 εἰς
458 5254 684 5326 καιρὸν,
708 5253 805 5305 καὶ
823 5250 1181 5320 καιροὺς,.καὶ
1220 5250 1387 5319 ἥμισυ
1419 5246 1603 5318 καιροῦ
1633 5249 1689 5300 ὲν
1716 5246 1793 5317 τῷ

1954 4893 2008 4947 7.
2047 4892 2113 4946 Et
2150 4888 2329 4944 audivi
2358 4887 2570 4952 virum,
2606 4885 2696 4955 qui
2751 4881 2972 4937 indutus
3028 4888 3145 4933 erat
3194 4875 3415 4938 baddin,

1886 4981 1977 5052 qui
2015 4978 2188 5034 stabat
2215 4991 2374 5045 super
2399 4988 2592 5043 aquam
2621 4971 2880 5031 ﬂuminis,
2909 4973 2965 5019 et
2994 4966 3218 5021 elevavit
3241 4964 3421 5017 dexte-

1889 5087 2022 5134 ram,
2047 5079 2100 5124 et
2124 5068 2396 5123 sinistram
2427 5080 2581 5120 suam
2616 5064 2673 5117 in
2702 5062 2922 5121 coelum,
2990 5068 3049 5111 et
3095 5056 3295 5126 iuravit
3336 5055 3422 5109 vi-

1888 5161 2029 5215 venti
2057 5159 2111 5213 in
2139 5167 2395 5211 aeternum
2414 5195 2428 5219 ,
2466 5154 2593 5223 quia
2623 5152 2678 5206 in
2712 5159 2943 5215 tempus,
2976 5153 3036 5198 et
3060 5154 3321 5213 tempora,
3371 5150 3426 5195 et

1889 5251 2169 5306 dimidium
2198 5245 2474 5316 temporis,
2504 5258 2627 5297 cum
2663 5243 3048 5295 consummata
3103 5232 3265 5289 fuerit
3312 5230 3424 5285 dis-

251 5345 674 5413 συντελεσθῆναι
708 5338 1129 5409 διασκορπισμδν
1165 5340 1340 5407 χειρὸς
1366 5335 1490 5389 λαοῦ
1532 5337 1794 5407 ἡγιασμέ-

250 5450 355 5498 νου,
382 5434 701 5501 γνώσονται
736 5428 910 5494 ἅγιον,
945 5426 1038 5480 καὶ
1065 5425 1550 5494 συντελεσθήσονται
1585 5425 1795 5480 ἅπαντα

265 5539 511 5662 ⁵αξῗῖἶαί.
543 5603 665 5671 ἐγὼ
692 5601 905 5669 ἥκουσα
928 5635 946 5660 .
975 5600 1062 5652 καὶ
1087 5602 1315 5671 συνῆκα,
1350 5601 1441 5653 καί
1474 5595 1646 5654 εἶπον·
1681 5602 1794 5655 Κύ-

266 5712 361 5764 ριε,
384 5696 435 5750 τὶ
459 5693 529 5749 τὰ
556 5692 779 5755 ἔσχατα
804 5685 1006 5738 τούτων
1027 5703 1041 5748 ς

1890 5342 2067 5411 persio
2103 5353 2293 5392 manus
2344 5333 2525 5405 populi
2564 5322 2907 5387 sanctiﬁcati,
2947 5332 3281 5393 cognoscent
3306 5335 3431 5375 san.

1893 5443 2060 5493 ctum,
2084 5439 2137 5483 et
2157 5424 2668 5483 consummabumur
2698 5413 2885 5472 omnia
2916 5411 3063 5469 hac.

1964 5603 2015 5655 8.
2056 5599 2122 5653 Et
2158 5615 2255 5669 ego
2280 5595 2488 5658 audivi,
2513 5602 2565 5647 et
2591 5586 2926 5655 intellexi,et
2961 5586 3081 5643 dixi
3126 5604 3142 5640 :
3201 5586 3443 5647 Domine,

1897 5690 2022 5761 quid
2058 5690 2343 5745 novissima
2376 5687 2607 5741 horum?
