3874 6342
236 399 374 455 2897

1710 432 1936 492 CAPUT
1971 436 2101 495 XIII.

3341 447 3479 502 2898

247 514 488 583 ‘mmv’
543 521 753 592 καθὼς
794 535 965 607 χθὲς,
1002 536 1100 595 καὶ
1135 541 1329 615 τρίτην
1374 546 1604 620 ἡμέραν,
1654 550 1851 620 εἰσῆλθε

254 622 381 660 ποτε
412 608 452 678 ἡ
498 609 810 674 Σουσάννα
875 631 1024 678 μετὰ
1070 628 1161 678 δύο
1222 633 1400 678 ιιόνων
1436 636 1698 678 manium
1769 640 1851 678 val

1974 569 2169 629 aptum,
2196 560 2336 615 sicut
2358 560 2492 626 beri,
2521 569 2574 615 et
2622 560 2818 616 nudius
2866 559 3073 626 tertius,
3127 559 3365 631 ingressa
3402 574 3485 617 est

1974 650 2256 678 ,Ιζηηηηιιη
2288 649 2530 678 cuna-nu.
2581 666 2698 678 ,ιη-η..
2729 650 2931 678 Anni“...
2987 649 3112 678 ..ηιιρ
3162 650 3346 678 nunllh.
3400 664 3465 678 -ηι

692 635 810 720 .wa
844 631 1024 720 Δμετὰ
1070 628 1161 720 δύο
1220 633 1400 701 μόνων
1436 636 1718 707 κορασίων,
1769 640 1851 692 καλ

1974 628 2256 720 aliquando
2288 649 2533 704 Susanna
2580 666 2700 705 cum
2727 650 2935 704 duabus
2987 649 3114 703 solis
3162 628 3370 718 puellis,
3400 664 3486 704 vo-

261 697 580 864 ἒπεθύμησε
608 705 946 770 λούσασθαι
987 722 1046 774 ὲν
1070 718 1146 790 τῷ
1190 697 1521 794 παραδείσῳ,
1559 726 1640 779 ὃτι
1678 697 1861 797 καῦμα

304 805 369 846 ν.’

304 805 369 846 ν.’

341 886 445 941 16.
464 885 582 941 Kal
602 889 713 945 οὐκ
740 887 818 964 ἦν
858 898 1042 963 οὐδεὶς
1063 901 1195 964 ἐκεῖ,
1225 897 1364 975 πλὴν
1386 904 1435 958 οἱ
1454 904 1545 958 δύο
1572 906 1862 975 πρεσϐύτε-

264 993 369 1043 ροι
406 979 819 1048 κεκρυμμένοι,
854 988 955 1038 καὶ
988 989 1425 1059 παρατηροῦντες
1451 991 1636 1061 αὐτήν.

347 1068 451 1121 I7.
486 1069 605 1121 Kal
650 1067 808 1125 εἶπεν
859 1079 979 1140 τοῖς
1014 1079 1308 1148 κορασίοις·
1341 1081 1623 1149 Ἐνέγκατε
1671 1081 1731 1153 δή
1774 1092 1862 1148 μοι

251 1155 504 1225 ἔλαιον,
538 1161 632 1215 καὶ
654 1163 916 1233 σμῆγμα,
955 1169 1047 1220 καὶ
1076 1168 1173 1231 τὰς
1206 1169 1373 1240 θύρας
1406 1170 1497 1224 τοῦ
1542 1170 1860 1242 παραδείσω

264 1248 582 1315 χλείσατε,
613 1252 764 1315 ὅπως
796 1254 1101 1326 λούσωμαι.

352 1339 451 1392 18.
494 1341 614 1393 Kal
643 1343 910 1414 ἐποίησαν
938 1347 1117 1410 καθὼς
1147 1350 1239 1402 καὶ
1265 1347 1431 1415 εἶπεν,
1479 1353 1570 1405 xal
1612 1354 1863 1408 ἀπέκλει-

275 1446 387 1483 σαν
416 1431 535 1494 τὰς
562 1432 733 1503 θύρας
758 1435 854 1487 τοῦ
876 1437 1219 1506 παραδείσου,
1253 1442 1345 1493 καὶ.
1364 1440 1577 1510 ἐξῆλθον
1600 1445 1737 1497 κατὰ
1765 1445 1862 1508 τὰς

274 1519 573 1587 πλαγίους
604 1521 799 1590 θύρας,
819 1522 1062 1591 ἐνεγκεῖν
1093 1524 1160 1577 τὰ
1182 1530 1619 1597 προστεταγμένα
1652 1532 1856 1594 αὐταῖς,

270 1609 377 1660 καὶ
432 1609 551 1662 οὐκ
598 1605 742 1662 εἶδον
784 1611 911 1673 τοὺς
944 1613 1360 1685 πρεσϐυτέρους,
1418 1617 1498 1669 ὅτι
1536 1613 1675 1687 ἦσαν
1705 1622 1860 1685 ὲγκε-

269 1698 635 1767 κρυμμένοι.

348 1786 451 1840 19.
492 1787 611 1840 Kal
644 1787 862 1855 ἐγένετο
913 1787 989 1851 ὡς
1044 1788 1266 1859 ἐξῆλθον
1291 1790 1357 1844 τὰ
1378 1792 1620 1858 κοράσια,
1653 1794 1744 1848 καὶ
1770 1796 1860 1848 ἁν-

1967 741 2172 810 luitque
2198 742 2360 795 lavari
2394 741 2447 794 in
2480 741 2716 810 pomario
2746 749 2941 794 :aestus
2963 740 3155 809 quippe
3178 747 3312 792 erat.

2038 911 2121 965 16.
2162 911 2224 964 Ει
2256 926 2360 964 non
2393 921 2507 965 erat
2536 910 2607 964 ibi
2636 911 2916 980 quisquam
2954 920 3143 980 prater
3168 910 3300 965 duos
3330 923 3485 964 senes

1964 1001 2326 1065 absconditos,
2353 1008 2405 1054 et
2429 1001 2844 1070 contemplantes
2867 1016 3005 1055 eam.

2035 1090 2119 1142 17.
2159 1092 2223 1142 Et
2254 1090 2385 1143 dixit
2413 1090 2600 1159 puellis
2627 1106 2640 1141 :
2673 1090 2867 1143 Aﬂ'erte
2894 1089 3006 1158 jam
3036 1088 3168 1143 mihi
3205 1087 3402 1152 oleum,
3427 1092 3482 1141 et

1968 1191 2226 1247 smegma,
2260 1187 2313 1232 et
2343 1178 2479 1233 ostia
2505 1179 2730 1248 pomarii
2752 1179 3011 1242 claudite,
3041 1187 3101 1233 ut
3136 1176 3303 1233 laver.

2031 1352 2116 1406 18.
2158 1352 2223 1405 Et
2254 1350 2494 1406 fecerunt
2515 1352 2670 1407 sicuti
2700 1353 2859 1406 etiam
2890 1352 3097 1407 dixerat
3126 1365 3141 1402 :
3174 1356 3227 1404 et
3273 1350 3480 1406 clause-

1958 1450 2086 1495 runt
2101 1442 2235 1495 ostia
2258 1442 2500 1509 pomarii,
2526 1450 2579 1497 et
2612 1457 2838 1510 egressae
2865 1451 2990 1497 sunt
3017 1457 3112 1510 per
3133 1440 3368 1509 posticas
3397 1441 3478 1494 fo-

1957 1548 2065 1596 res,
2092 1540 2151 1585 ut
2188 1531 2435 1585 aﬂerrent
2465 1546 2583 1600 qute
2610 1531 2857 1584 mandata
2886 1530 3096 1584 fuerant
3113 1528 3214 1584 sibi
3250 1545 3265 1580 :
3296 1538 3346 1583 et
3372 1543 3479 1585 non

1955 1620 2201 1675 viderunt
2227 1636 2402 1686 senes,
2433 1622 2559 1690 quia
2585 1629 2736 1675 erant
2753 1618 3069 1674 absconditi.

2029 1795 2112 1849 l9.
2149 1794 2216 1849 Et
2244 1795 2435 1849 factum
2459 1802 2561 1857 cst,
2584 1808 2839 1863 posquam
2863 1807 3089 1862 egressa:
3126 1799 3251 1847 sunt
3272 1790 3477 1859 puellae,

270 1876 544 1946 έστησαν
594 1878 645 1929 οί
676 1876 771 1929 δύο
808 1876 1185 1948 πρεσϐύτεροι,
1228 1880 1320 1933 καὶ
1358 1882 1655 1953 ἐπέδραμον
1701 1885 1851 1955 αὐτῇ,

1974 1888 2009 1935 δι
2039 1888 2389 1937 surrexerunt
2413 1880 2521 1934 duo
2546 1895 2723 1944 senes,
2744 1888 2797 1936 et
2819 1886 3165 1935 accurrerunt
3186 1878 3252 1932 ad
3274 1883 3480 1938 eam,et

269 1967 373 2018 καὶ
401 1963 601 2018 εἶπον·

345 2054 451 2109 20.
505 2055 645 2107 Ἰδοὺ
674 2055 733 2108 al
759 2054 920 2124 θύραι
951 2053 1046 2108 τοῦ
1072 2058 1391 2127 παραδείσου
1430 2060 1742 2128 κέκλεινται,
1766 2064 1858 2116 καὶ

269 2144 468 2206 οὐδεὶς
506 2144 712 2213 θεωρεῖ
738 2145 907 2213 ἡμᾶς,
936 2145 1029 2198 καὶ
1052 2146 1111 2198 ὲν
1142 2148 1398 2219 ἐπιθυμίᾳ
1428 2150 1518 2203 σού
1551 2154 1716 2220 ἐσμεν
1735 2167 1750 2183 ⁸
1777 2153 1857 2207 διὸ

272 2232 654 2299 συγκατάθου
694 2235 849 2301 ἡμῖν,
888 2233 984 2286 καὶ
1010 2234 1164 2301 γενοῦ
1194 2236 1310 2304 μεθ’
1340 2239 1371 2306 ή
1381 2237 1510 2306 μῶν.

344 2323 449 2376 21.
488 2323 557 2375 Et
586 2322 643 2375 δὲ
667 2322 765 2393 μὴ,
787 2327 1352 2395 καταμαρτυρήσομέν
1388 2345 1498 2392 σου,
1525 2329 1603 2382 ὅτι
1623 2325 1689 2400 ἦν
1722 2332 1856 2400 μετὰ

212 2478 213 2481 η
273 2410 374 2481 σοῦ
408 2409 738 2473 νεανίσκος,
769 2410 863 2464 καὶ
888 2410 976 2463 διὰ
1000 2411 1157 2463 τοῦτο
1201 2412 1574 2477 ἐξαπέστειλας
1600 2416 1666 2469 τὰ
1695 2418 1854 2486 κορά-

271 2513 370 2548 σια
411 2495 539 2547 ἀπὸ
573 2496 696 2549 σοῦ.

346 2584 449 2637 22.
493 2585 611 2636 Kal
637 2583 993 2647 ἀνεστέναξεν
1021 2584 1309 2647 Σουσάννα,
1352 2588 1443 2638 καὶ
1470 2583 1616 2641 εἶπεν
1636 2606 1650 2619 ·
1688 2591 1853 2644 Στενά

278 2693 374 2744 μοι
406 2674 723 2727 πάντοθεν’
758 2675 853 2727 ἐάν
885 2691 945 2726 τε
963 2675 1069 2745 γὰρ
1095 2674 1247 2727 τοῦτο
1280 2674 1484 2745 πράξω,
1513 2676 1736 2741 θάνατός
1764 2681 1852 2748 μοί

275 2768 438 2816 ἐστιν
460 2779 477 2792 ο
510 2764 612 2816 ἐάν
631 2778 692 2815 τε
729 2762 806 2833 μὴ
833 2763 1045 2832 πράξω,
1075 2763 1174 2814 οὐκ
1201 2762 1526 2830 ἐκφεύξομαι
1546 2764 1642 2827 τὰς
1670 2768 1853 2837 χεῖρας

275 2872 308 2905 υ
315 2871 469 2923 μων.

345 2943 448 2996 25.
491 2939 871 3013 Αίρετώτερόν
904 2940 995 3010 μοί
1031 2941 1145 2993 ἐστι
1188 2940 1260 3009 μὴ
1282 2940 1559 3008 πράξασαν
1599 2945 1851 3013 ἐμπεσεῖν

274 3034 357 3094 εἰς
389 3031 507 3093 τὰς
529 3032 726 3099 χεῖρας
753 3027 924 3097 ὑμῶν,
955 3028 987 3097 ἥ
1025 3028 1285 3096 ἁμαρτεῖν
1312 3029 1536 3081 ἐνώπιον
1570 3032 1792 3101 Κυρίου.

346 3122 448 3174 9μι.
494 3122 614 3173 Kal
640 3119 909 3188 ἀνεϐόησε
963 3118 1233 3171 Σουσάννα
1282 3122 1428 3189 φωνῇ
1475 3121 1718 3191 μεγάλῃ·
1761 3123 1852 3174 ἀν-
1877 3162 1919 3218 C

272 3215 531 3284 εϐὀησαν
561 3212 621 3265 δὲ
644 3212 743 3264 καὶ
770 3212 820 3263 οἱ
851 3209 943 3262 δύο
960 3209 1255 3279 πρεσϐύται
1292 3210 1571 3263 κατέναντι
1596 3212 1784 3281 αὐτῆς.

342 3304 447 3357 25.
488 3302 608 3355 Kal
627 3299 853 3371 δραμὼν
878 3299 906 3351 ὸ
926 3294 1027 3364 εἷς,
1054 3298 1231 3369 ἤνοιξε
1248 3299 1343 3362 τὰς
1376 3298 1541 3370 θύρας
1564 3300 1656 3353 τοῦ
1676 3318 1852 3372 παραι-

272 3394 493 3447 δείσου.

341 3481 445 3535 26.
503 3479 600 3540 Ὠς
628 3476 687 3529 δὲ
715 3476 956 3545 ἥκουσαν
980 3474 1079 3545 τὴν
1106 3476 1350 3544 κραυγὴν
1389 3475 1485 3543 τὴν
1508 3475 1564 3526 ὲν
1582 3475 1658 3545 τῷ
1679 3492 1853 3548 παρα-

270 3570 449 3637 δείσῳ
496 3567 551 3619 οἱ
594 3564 807 3617 οἰκέται
835 3562 934 3631 τῆς
977 3562 1188 3631 κυρίας,
1230 3562 1582 3632 εἰσεπήδησαν
1624 3563 1709 3616 διὰ
1758 3566 1852 3634 τῆς

273 3658 534 3725 πλαγίας
575 3654 753 3725 θύρας
783 3653 910 3706 ίδεῖν
946 3652 1007 3704 τὸ
1046 3650 1379 3721 συμϐεϐηκὸς
1402 3651 1559 3721 αὐτῇ.

339 3746 448 3798 27.
503 3742 713 3795 Ἦνίκα
762 3739 819 3791 δὲ
852 3735 1010 3791 εῐπαν
1039 3740 1087 3791 οἱ
1118 3737 1469 3808 πρεσϐύτεροι
1505 3740 1626 3801 τοὺς
1667 3739 1853 3807 λόγους

272 3835 494 3897 αὐτῶν,
544 3829 1005 3901 κατῃσχύνθησαν
1031 3830 1079 3881 οί
1125 3828 1295 3881 δοῦλοι
1353 3828 1572 3898 σφόδρα,
1610 3830 1690 3882 ὃτι
1735 3831 1851 3883 οὐδὲ

264 3931 517 3985 πώποτε
550 3925 760 3997 ἐρρέθη
788 3924 945 3992 λόγος
974 3923 1208 3986 τοιοῦτος
1240 3939 1305 3975 πε
1315 3922 1367 3992 pl
1394 3922 1713 3985 Σουσάννας.

338 4107 448 4161 28.
485 4102 611 4157 Kal
636 4099 855 4169 ἐγένετο
866 4101 934 4168 τῇ
966 4098 1221 4168 ἐπαύριον
1248 4094 1499 4166 συνῆλθον
1519 4094 1547 4146 ό
1575 4093 1699 4156 λαὸς
1718 4094 1851 4163 πρὸς

254 4200 362 4254 τὸν
398 4196 597 4264 ἄνδρα
620 4192 723 4261 τῆς
749 4189 1051 4250 Σουσάννας
1074 4189 1163 4241 τὸν
1203 4188 1470 4257 Ἰωακεὶμ,
1499 4186 1592 4238 καὶ
1616 4181 1777 4255 ἦλθον
1800 4187 1849 4238 oi

252 4289 361 4342 δύο
392 4280 784 4354 πρεσϐύτεροι
825 4277 1048 4346 πλήρεις
1092 4276 1191 4343 τῆς
1220 4266 1414 4344 ἀνόμου
1443 4274 1616 4327 αὐτῶν
1648 4273 1851 4337 ἑννοίας

254 4376 422 4431 κατὰ
467 4368 811 4433 Σουσάννας,
850 4365 944 4418 τοῦ
974 4363 1276 4417 θανατῶσαι
1307 4364 1490 4433 αὑτήν.

1956 1969 2238 2023 dixerunt:

2024 2056 2111 2109 20.
2150 2056 2282 2110 Ecce
2308 2055 2443 2109 ostia
2473 2056 2695 2124 pomarii
2718 2055 2902 2111 clausa
2953 2062 3099 2120 sunt,
3121 2062 3175 2108 et
3210 2066 3366 2107 nemo
3394 2051 3479 2105 vi-

1956 2144 2044 2199 det
2070 2160 2188 2208 nos,
2215 2154 2268 2199 et
2324 2145 2379 2198 in
2436 2146 2863 2213 concupiscentia
2905 2155 2996 2199 tua
3022 2158 3250 2199 sumus:
3290 2156 3480 2210 quam-

1906 2288 1909 2293 ,
1955 2234 2136 2287 obrem
2167 2234 2427 2287 assentire
2450 2234 2622 2299 nobis,
2651 2243 2704 2287 et
2730 2234 3075 2287 commiscere
3104 2231 3400 2284 nobiscum.

2021 2320 2109 2373 21.
2150 2319 2303 2387 Quod
2334 2319 2381 2372 si
2438 2320 2703 2385 nolueris,
2759 2319 2997 2373 dicemus
3037 2322 3219 2371 eontra
3252 2325 3302 2368 te
3330 2317 3477 2368 testi-

1953 2409 2212 2473 monium,
2242 2409 2383 2476 quod
2418 2408 2575 2461 fuerit
2620 2416 2793 2461 tecum
2838 2406 3073 2475 juv’enis,
3128 2413 3179 2459 et
3238 2405 3306 2458 ob
3337 2404 3476 2457 hanc

1953 2512 2166 2552 causam
2201 2498 2443 2551 emiseris
2474 2496 2675 2565 puellas
2696 2512 2725 2549 a
2756 2504 2824 2549 te.

2018 2587 2107 2641 22.
2150 2588 2216 2640 Et
2244 2588 2503 2657 ingemuit
2541 2586 2805 2650 Susanna,
2834 2593 2887 2639 et
2914 2586 2989 2639 ait
3018 2584 3319 2652 :Anguslia:
3347 2587 3475 2635 sunt

1950 2678 2081 2731 mihi
2109 2675 2445 2745 undique:si
2469 2675 2609 2729 enim
2631 2675 2733 2729 hoc
2764 2688 2942 2743 egero,
2991 2688 3138 2726 mors
3178 2671 3308 2725 mihi
3356 2677 3471 2736 est;

1950 2767 2054 2822 nisi
2086 2777 2261 2820 autem
2297 2781 2475 2833 egero,
2508 2781 2613 2819 non
2639 2764 2884 2833 effugiam
2905 2777 3094 2817 manus
3120 2770 3342 2815 vestras.

2015 2937 2104 2991 25.
2148 2937 2334 2992 Melius
2360 2944 2442 2991 est
2463 2936 2594 2989 mihi
2625 2935 2824 3002 absque
2847 2946 3006 3002 opere
3033 2929 3267 2983 incidere
3287 2927 3339 2980 in
3359 2940 3476 2979 ma-

1948 3041 2052 3080 nus
2084 3034 2309 3091 vestras,
2334 3041 2492 3094 quam
2524 3038 2745 3094 peccare
2780 3025 2833 3076 in
2861 3028 3144 3089 conspectu
3174 3016 3404 3071 Domini.

2015 3117 2104 3170 24.
2143 3116 2209 3169 Ει
2238 3116 2555 3169 exclamavit
2586 3113 2834 3167 Susanna
2859 3126 2988 3165 voce
3015 3123 3206 3178 magna
3238 3126 3253 3161 :
3297 3104 3475 3161 excla-

1950 3216 2230 3260 maverunt
2250 3214 2424 3260 autem
2447 3214 2500 3258 et
2525 3204 2631 3257 duo
2657 3216 2812 3257 senes
2845 3200 3099 3254 adversus
3127 3212 3268 3253 eam.

2016 3292 2106 3348 25.
2155 3291 2220 3346 Εῑ
2248 3306 2468 3347 currens
2498 3281 2636 3344 unus
2663 3288 2869 3359 aperuit
2886 3288 3022 3342 ostia
3062 3283 3309 3357 pomarii.

2015 3467 2102 3521 26.
2147 3466 2213 3520 Ut
2241 3475 2415 3519 autem
2470 3463 2753 3517 audierunt
2808 3462 3092 3517 clamorem
3123 3459 3177 3512 in
3228 3457 3472 3526 pomario

1950 3558 2131 3612 famuli
2162 3557 2410 3620 dominae,
2438 3556 2708 3608 irruerunt
2733 3568 2826 3620 per
2845 3552 3076 3620 posticas
3104 3549 3276 3612 fores,
3317 3554 3373 3601 ut
3396 3545 3473 3599 vi-

1947 3647 2397 3714 derentquidnam
2427 3643 2704 3699 accidisset
2733 3642 2801 3695 ei.

2012 3737 2101 3789 27.
2142 3735 2427 3802 Postquam
2476 3740 2650 3786 autem
2706 3744 2858 3784 senes
2900 3727 3148 3781 dixerunt
3198 3739 3470 3780 sermones

1947 3839 2097 3888 Suos,
2123 3824 2451 3877 erubuerunt
2481 3821 2619 3875 servi
2666 3819 3004 3873 vehementer
3036 3835 3050 3870 :
3084 3815 3211 3886 quia
3268 3830 3467 3883 nequa-

1947 3929 2104 3982 quam
2136 3928 2370 3982 unquam
2393 3913 2568 3967 dictus
2590 3910 2762 3964 fuerat
2791 3922 2967 3963 sermo
3003 3904 3371 3977 hujuscemodi
3398 3903 3468 3958 de

1946 3999 2212 4055 Susanna.

2013 4090 2102 4142 28.
2128 4090 2193 4143 Et
2220 4089 2417 4143 factum
2451 4097 2532 4143 est
2565 4087 2651 4141 die
2682 4085 2934 4150 crastina,
2988 4099 3108 4139 cum
3138 4083 3469 4138 convenisset

1946 4181 2173 4249 populus
2202 4180 2266 4233 ad
2292 4180 2465 4233 virum
2504 4179 2762 4233 Susanna:
2783 4176 3011 4237 Joakim,
3037 4176 3465 4230 veneruntetiam

1945 4270 2050 4323 duo
2074 4284 2226 4324 senes
2246 4269 2384 4338 pleni
2409 4270 2589 4338 iniqua
2622 4284 2716 4322 sua
2751 4267 3071 4337 cogitatione
3092 4267 3343 4321 adversus
3365 4263 3466 4318 Su-

1944 4373 2186 4420 sannam,
2218 4368 2276 4412 ut
2304 4370 2473 4412 morte
2504 4358 2771 4411 aflicerent
2793 4373 2933 4411 eam.

332 4464 439 4518 29.
469 4461 594 4513 Kal
623 4454 785 4510 εἶπαν
815 4452 1118 4524 ἔμπροσθεν
1162 4452 1253 4504 τοῦ
1305 4452 1430 4504 λαοῦ
1455 4489 1470 4515 ,
1501 4450 1848 4504 ἀποστείλατε

2016 4449 2106 4503 29.
2144 4447 2209 4501 Et
2236 4449 2483 4503 dixerunt
2542 4462 2723 4500 coram
2765 4447 2999 4516 populo:
3053 4444 3242 4499 Mittite
3270 4445 3335 4498 ad
3360 4441 3465 4497 Su-

250 4554 363 4607 ὲπὶ
394 4546 729 4604 Σουσάνναν
751 4544 849 4613 τὴν
876 4541 1149 4611 θυγατέρα
1170 4540 1414 4608 Χελκίου,
1440 4542 1559 4611 ἣτις
1579 4541 1693 4592 ἐστὶ
1715 4540 1848 4611 γυνὴ

264 4638 591 4707 Ἰωακείμ.
631 4636 694 4687 Οἱ
723 4634 779 4686 δὲ
808 4630 1156 4685 ἀπέστειλαν.

333 4733 442 4787 50.
480 4726 605 4780 Καὶ
628 4721 795 4794 ἦλθον
823 4720 986 4789 αὐτὴ,
1019 4718 1114 4772 καὶ
1149 4719 1196 4770 οἱ
1219 4720 1388 4785 γονεῖς
1417 4717 1605 4786 αὐτῆς,
1646 4717 1738 4771 καὶ
1780 4716 1849 4770 τὰ

252 4822 448 4874 τέκνα
472 4805 678 4881 αὐτῆς,
712 4808 1047 4885 καὶήπάντες
1073 4808 1120 4858 οί
1155 4810 1425 4874 συγγενεῖς
1458 4809 1638 4877 αὐτῆς.

331 4911 442 4966 31.
490 4907 564 4958 Ἦ
595 4904 653 4955 δὲ
682 4899 961 4952 Σουσάννα
992 4891 1060 4964 ἦν
1082 4896 1317 4965 τρυφερὰ
1346 4896 1563 4966 σφόδρα,
1596 4895 1689 4948 καὶ
1712 4893 1848 4964 καλὴ

263 4999 340 5069 τῷ
376 4994 502 5048 εἶδε
512 5008 553 5045 ι.

328 5086 438 5140 32.
470 5081 542 5134 Οί
572 5078 630 5130 δὲ
652 5074 975 5144 παράνομοι
1001 5068 1281 5121 ἐκέλευσαν
1296 5069 1629 5140 ἀποκαλύψαι
1657 5071 1843 5141 αὐτὴν,

260 5173 323 5248 ἦν
379 5172 507 5242 γὰρ
556 5156 1126 5226 κατακεκαλυμμένη,
1172 5158 1313 5219 ὅπως
1360 5159 1708 5230 ἐμπλησθῶσι
1752 5160 1845 5213 τοῦ

260 5265 511 5322 κάλλους
531 5255 727 5323 αὐτῆςο

277 5390 291 5404 .
325 5353 431 5408 55.
469 5346 732 5400 Ἐκλαιον
758 5336 819 5388 δὲ
851 5332 908 5384 οί
950 5332 1085 5398 παρ’
1113 5332 1292 5402 αὐτῆς,
1330 5336 1425 5390 καὶ
1474 5339 1669 5402 πάντες
1695 5341 1743 5393 οῖ
1769 5342 1845 5394 ει-

258 5444 415 5503 δότες
442 5436 636 5503 αὐτήν.
1303 5489 1312 5496 ,

266 5518 273 5524 ’
323 5533 419 5585 54.
445 5527 557 5581 Καὶ
586 5512 951 5575 ἀναστάντες
996 5506 1047 5557 οἶ
1094 5507 1181 5560 δύο
1207 5512 1562 5585 πρεσϐύτεροι
1609 5519 1666 5571 ὲν
1696 5520 1843 5591 μέσῳ

256 5622 346 5675 τοῦ
372 5615 524 5678 λαοῦ,
562 5610 781 5672 ἔθηκαν
811 5596 924 5656 τὰς
953 5595 1139 5663 χεῖρας
1158 5598 1324 5653 αὐτῶν
1354 5602 1451 5655 ἐπὶ
1487 5605 1587 5675 τὴν
1609 5609 1843 5680 κεφαλὴν

253 5711 435 5777 αὐτῆς.

1947 4552 2168 4593 sannam
2197 4538 2355 4590 filiam
2382 4536 2625 4601 Chelciae,
2660 4552 2778 4603 qua:
2819 4544 2900 4589 est
2938 4548 3075 4588 uxor
3123 4533 3349 4589 Joakim.
3385 4533 3464 4585 llli

1945 4642 2069 4681 vero
2096 4629 2371 4681 miserunt.

2012 4716 2098 4771 50.
2135 4715 2200 4770 Ει
2222 4724 2479 4770 venerunt
2524 4714 2659 4784 ipsa,
2713 4720 2767 4768 et
2817 4722 3062 4783 parentes
3108 4712 3264 4781 ejus,
3296 4720 3349 4765 et
3369 4708 3461 4763 filii

1944 4806 2080 4876 ejus.
2105 4814 2159 4860 et
2182 4820 2366 4860 omnes
2404 4787 2608 4874 cognati
2645 4804 2781 4872 ejus.

2013 4898 2100 4952 51.
2140 4897 2304 4951 Porro
2324 4896 2566 4950 Susanna
2583 4906 2696 4948 erat
2716 4892 2936 4947 delicata
2964 4890 3142 4952 nimis,
3168 4898 3220 4943 et
3239 4887 3458 4955 pulchra

1942 4988 2134 5057 specie.

2011 5077 2098 5133 52.
2138 5076 2205 5129 At
2253 5073 2421 5144 iniqui
2462 5072 2756 5141 jusserunt,
2792 5077 2851 5122 ut
2894 5065 3313 5135 discooperirent
3340 5079 3457 5118 eam

1942 5168 2079 5238 (erat
2110 5165 2250 5220 enim
2279 5163 2571 5233 cooperta),
2604 5170 2663 5215 ut
2681 5159 3003 5215 satiarentur
3033 5157 3223 5213 decore
3252 5154 3387 5224 ejus.

2006 5342 2096 5396 '55.
2134 5340 2355 5396 Flebant
2398 5338 2558 5409 igitur
2585 5337 2689 5402 sui,
2745 5344 2799 5390 et
2821 5348 3029 5401 omnes,
3080 5333 3168 5402 qui
3203 5340 3460 5386 noverant
3510 5318 3513 5323 Γ

1939 5445 2078 5485 eam.

2008 5524 2095 5576 54.
2134 5521 2517 5589 Cousurgentes
2541 5527 2714 5572 autem
2745 5516 2850 5568 duo
2891 5514 3183 5586 presbyteri
3203 5513 3254 5564 in
3282 5510 3459 5566 medio

1938 5611 2141 5683 populi,
2167 5618 2457 5680 posuerunt
2493 5622 2681 5663 manus
2704 5620 2827 5663 suas
2855 5620 3014 5674 super
3046 5611 3199 5674 caput
3220 5600 3356 5669 ejus.
