3874 6328
535 349 670 406 9.899

1533 343 1779 398 DANIEL
1810 341 2031 398 JUXTA
2069 341 2594 406 THEODOTIONEM

3499 348 3624 402 290"

585 454 671 507 55.
710 454 838 519 Quae
855 471 982 511 vero
1000 457 1129 511 ﬂens
1149 458 1385 526 suspexit
1413 458 1467 512 in
1496 460 1689 514 coelum
1722 474 1734 507 :
1767 456 2032 515 eratenim

2201 461 2288 515 55.
2331 463 2393 517 Ἦ
2421 465 2476 518 δὲ
2503 465 2754 520 κλαίουσα
2775 465 3071 531 ἀνέϐλεψεν
3092 467 3167 529 εἰς
3196 466 3283 519 τὸν
3311 464 3630 536 ούρανὸν,ὅτι

522 554 614 596 cor
638 542 754 611 ejus
791 546 1033 598 fiduciam
1072 546 1270 599 habens
1293 548 1345 599 in
1381 547 1624 602 Domino.

587 629 673 683 56.
716 631 778 684 Et
805 632 1049 684 dixerunt
1065 634 1384 703 presbyteri:
1407 634 2038 689 Deambulantibusnobis

526 719 574 770 in
600 720 831 785 pomario
858 720 1003 784 solis,
1027 722 1264 790 ingressa
1286 733 1365 777 est
1392 725 1492 779 ista
1519 741 1639 779 cum
1658 726 1864 779 duabus
1889 726 2037 793 puel-

527 809 606 870 lis,
630 820 681 862 et
705 810 891 863 clausit
927 811 1061 864 ostia
1090 813 1336 880 pomarii,
1366 823 1419 868 et
1459 815 1659 869 dimisit
1692 816 1915 885 puellas.

591 977 678 1030 57.
714 976 976 1047 Venitque
1006 980 1070 1032 ad
1116 995 1231 1033 eam
1287 982 1622 1048 adolescens,
1667 984 1758 1052 qui
1803 992 1918 1036 erat
1943 983 2039 1037 ab-

523 1068 817 1132 sconditus,
848 1077 903 1121 et
928 1070 1218 1123 concubuit
1251 1087 1374 1124 cum
1412 1087 1494 1126 ea.

589 1158 678 1210 58.
718 1155 884 1210 Porro
910 1172 1008 1211 nos
1036 1173 1156 1211 cum
1184 1174 1428 1214 essemus
1478 1161 1531 1213 in
1577 1160 1769 1229 angulo
1788 1158 2040 1229 pomarii,

525 1246 761 1300 videntes
810 1247 1163 1315 iniquitatem,
1204 1250 1540 1304 cucurrimus
1589 1249 1654 1302 ad
1702 1265 1814 1314 eos,
1866 1258 2042 1303 etno-

524 1344 731 1390 scentes
756 1350 851 1391 eos
888 1338 1219 1391 commisceri
1246 1357 1258 1391 :

595 1426 683 1478 ‘59.
714 1425 865 1479 Illum
918 1427 1129 1494 quidem
1186 1428 1524 1497 nequivimus
1574 1427 2040 1497 comprehendere,

525 1514 648 1584 quia
677 1515 867 1570 fortior
899 1518 1011 1585 ipse
1035 1517 1192 1572 nobis
1210 1528 1344 1585 erat,
1371 1529 1423 1573 et
1460 1520 1656 1588 apertis
1685 1519 1835 1574 ostiis
1862 1519 2043 1573 exsili-

528 1604 622 1658 vit.

592 1694 680 1748 40.
713 1693 860 1748 Hanc
882 1704 1054 1750 autem
1083 1712 1207 1751 cum
1238 1698 1791 1768 apprehendissemus,
1824 1700 2044 1753 interro-

527 1783 765 1854 gavimus
790 1785 1037 1853 quisnam
1067 1796 1209 1842 esset
1236 1790 1544 1845 adolescens
1564 1832 1579 1856 ,
1624 1799 1678 1847 et
1710 1789 1882 1845 noluit
1902 1790 2041 1844 indi-

528 1887 649 1927 care
678 1872 833 1926 nobis
861 1890 875 1924 :
908 1873 1031 1928 haec
1051 1882 1331 1930 testamur.

591 1959 680 2013 4i.
716 1958 780 2011 Et
802 1960 1025 2025 credidit
1051 1963 1129 2017 eis
1150 1965 1453 2029 multitudo,
1484 1974 1540 2020 ut
1593 1965 1919 2042 presbyteris
1948 1981 2043 2034 po-

529 2051 658 2118 puli,
691 2059 743 2104 et
762 2049 1054 2121 judiclbus,
1088 2061 1141 2106 et
1168 2054 1652 2109 condemnaverunt
1677 2070 1793 2109 eam
1822 2056 1886 2109 ad
1905 2069 2037 2108 mor-

528 2151 652 2196 tem.

594 2232 681 2285 42.
715 2232 1043 2287 Exclamavit
1070 2239 1247 2285 autem
1278 2247 1407 2286 voce
1458 2248 1649 2302 magna
1699 2230 1968 2294 Susanna.
1994 2240 2049 2286 et

528 2319 695 2372 dixit:
728 2318 868 2372 Deus
884 2327 1098 2384 aeterne,
1122 2319 1210 2388 qui
1240 2320 1673 2375 absconditorum
1701 2336 1756 2374 es
1785 2320 2047 2389 cognitor,

528 2407 619 2475 qui
649 2408 789 2462 nosti
816 2408 994 2461 omnia
1023 2418 1303 2476 antequam
1338 2408 1449 2477 ipsa
1481 2408 1682 2462 ﬁerent.

597 2496 683 2549 43.
725 2497 803 2550 Tu
833 2498 960 2563 scis,
986 2499 1236 2567 quoniam
1265 2497 1455 2551 falsum
1488 2506 1673 2552 contra
1703 2512 1789 2551 me
1818 2498 2051 2551 tulerunt

532 2586 927 2640 testimonium:
955 2595 1008 2641 et
1034 2603 1157 2642 ecce
1183 2588 1402 2651 morior,
1425 2603 1546 2641 cum
1585 2588 1718 2640 nihil
1760 2602 1944 2640 eorum
1973 2586 2050 2641 fe-

532 2672 716 2737 cerim,
756 2673 821 2727 de
847 2674 1043 2743 quibus
1070 2674 1156 2729 isti
1183 2674 1542 2729 testimonium
1579 2675 1827 2729 dixerunt
1867 2676 2053 2729 adver-

533 2775 626 2813 sus
658 2775 763 2814 me.

600 2849 688 2904 44.
716 2848 783 2903 Et
809 2850 1081 2906 exaudivit
1110 2850 1368 2907 Dominus
1393 2865 1574 2905 vocem
1605 2851 1723 2920 ejus

604 2937 694 2992 45.
731 2938 968 3007 Cumque
999 2940 1280 2996 duceretur
1305 2941 1439 3010 ipsa,
1476 2950 1534 2993 ut
1571 2941 1782 3007 periret,
1834 2940 2055 2994 suscita-

2132 543 2200 620 ἦν
2229 552 2261 620 ἡ
2290 555 2481 623 καρδία
2506 556 2675 623 αὐτῆς
2702 556 2995 609 πεποιθυῖα
3017 555 3108 606 ἐπὶ
3147 555 3234 606 τὸν
3268 554 3478 624 Κύριον.

2201 639 2285 694 56.
2317 640 2479 696 Εἶπον
2504 644 2558 697 δὲ
2579 647 2625 697 οί
2641 644 2993 714 πρεσϐύτεροι
3013 659 3026 675 ’
3056 644 3484 712 Περιπατούντων
3499 646 3634 712 ἡμῶν

2135 731 2192 783 ὲν
2240 730 2316 799 τῷ
2362 734 2659 803 παραδείσῳ
2710 735 2903 803 μόνων,
2937 733 3181 799 εἰσῆλθεν
3236 733 3367 802 αῦτη
3401 733 3525 802 μετά
3555 734 3634 786 δύο

2137 817 2440 885 παιδισκῶν,
2458 821 2549 874 καὶ
2569 821 2850 873 ἀπέκλεισε
2872 819 2969 881 τάς
3004 819 3173 889 θύρας
3196 819 3287 871 τοῦ
3319 820 3631 891 παραδείσου.

2136 906 2230 959 καὶ
2255 908 2485 965 ἀπέλυσε
2514 911 2610 973 τὰς
2640 911 2945 972 παιδίσκας.

2203 996 2290 1050 57.
2320 998 2428 1051 Καὶ
2454 994 2580 1068 ἦλθε
2628 999 2763 1068 πρὸς
2815 998 2985 1068 αὐτὴν
3029 999 3336 1061 νεανίσκος,
3372 998 3427 1061 ὃς
3459 995 3522 1070 ἦν
3562 1020 3639 1055 κε-

2139 1087 2461 1156 κρυμμένος,
2484 1088 2574 1140 καὶ
2600 1088 2833 1143 ἀνέπεσε
2860 1087 2977 1156 μετ’
3013 1087 3201 1155 αὐτῆς.

2207 1176 2294 1229 58.
2328 1176 2514 1245 Ἡμεῖς
2544 1176 2599 1227 δὲ
2641 1176 2790 1237 ὄντες
2830 1177 2885 1228 ὲν
2914 1179 2980 1246 τῇ
3008 1176 3179 1244 γωνίᾳ
3214 1176 3305 1229 τοῦ
3330 1179 3641 1247 παραδείσου,

2141 1261 2333 1325 ἰδόντες
2356 1264 2451 1332 τὴν
2471 1262 2715 1332 ἀνομίαν,
2740 1263 3047 1333 ὲδράμομεν
3079 1264 3165 1317 ἐπ’
3196 1266 3401 1328 αὐτοὺς,
3428 1269 3511 1319 καὶ
3531 1268 3644 1321 [56v-

2138 1369 2224 1413 τες
2247 1353 2655 1422 συγγινομένους
2685 1352 2900 1416 αὐτούς,

2208 1449 2296 1502 59.
2348 1449 2580 1502 Ἐκείνου
2609 1448 2710 1517 μὲν
2746 1449 2846 1501 οὐκ
2864 1447 3210 1517 ἠδυνήθημεν
3236 1450 3501 1517 ἐγκρατεῖς
3519 1450 3646 1515 γενέ-

2143 1536 2283 1599 σθαι,
2318 1536 2405 1589 διὰ
2426 1536 2486 1589 τὸ
2518 1537 2719 1606 ἰσχύειν
2742 1537 2903 1590 αὐτὸν
2934 1536 3073 1606 ὑπὲρ
3094 1536 3258 1607 ἡμᾶς,
3288 1537 3379 1589 καὶ
3402 1535 3646 1602 ἀνοίξαντα

2141 1622 2237 1685 τὰς
2268 1622 2432 1692 θύρας
2453 1622 2912 1691 ὲκπεπηδηκέναι.

2209 1713 2299 1767 40.
2326 1711 2537 1781 Ταύτης
2562 1712 2618 1764 δὲ
2647 1711 3051 1781 ἐπιλαϐόμενοι,
3088 1711 3471 1785 ἔπηρωτῶμεν,
3494 1711 3568 1777 τίς
3593 1708 3648 1782 ἦν

2144 1804 2172 1854 6
2211 1802 2504 1865 νεανίσκος,
2560 1800 2655 1859 καὶ
2707 1801 2808 1855 οὐκ
2860 1802 3127 1873 ἠθέλησεν
3156 1804 3466 1871 ἀπαγγεῖλαι
3512 1805 3645 1873 ἡμῖν’
3684 1789 3697 1800 ’

2144 1889 2310 1944 ταῦτα
2339 1889 2736 1959 μαρτυροῦμεν.

2213 1980 2301 2034 4i.
2338 1981 2443 2032 Καὶ
2472 1980 2789 2034 ἐπίστευσεν
2817 1979 3006 2044 αὐτοῖς
3031 1981 3066 2050 ἡ
3108 1981 3389 2051 συναγωγὴ
3415 1980 3482 2044 ὡς
3508 1997 3648 2051 πρισ-

2148 2068 2383 2138 ϐυτέροις
2402 2069 2493 2122 τοῦ
2516 2069 2665 2135 λαοῦ,
2694 2070 2789 2123 καὶ
2810 2071 3046 2141 κριταῖς,
3072 2071 3167 2123 καὶ
3192 2070 3491 2141 κατέκρινον
3510 2070 3648 2139 αὐτὴν
3742 2092 3751 2107 ο

2149 2157 2449 2214 ἀποθανεῖν.

2216 2245 2301 2298 42.
2346 2246 2627 2316 Ἀνεϐόησε
2653 2246 2711 2299 δὲ
2737 2249 2893 2319 φωνῇ
2934 2247 3145 2318 μεγάλῃ
3188 2248 3463 2311 Σουσάννα,
3487 2247 3568 2301 καὶ
3590 2243 3649 2299 εἷ-

2150 2350 2279 2386 πεν’
2306 2336 2334 2386 6
2360 2335 2489 2397 Θεὸς
2528 2338 2557 2388 6
2594 2334 2811 2399 αἰώνιος
2833 2378 2848 2402 ,
2879 2339 2908 2390 ὁ
2935 2339 3044 2393 τῶν
3073 2339 3324 2408 κρυπτῶν
3370 2338 3602 2409 γνώσεις,
3627 2340 3651 2388 ὁ

2151 2419 2300 2481 εἰδὼς
2329 2420 2391 2472 τὰ
2420 2421 2592 2473 πάντα
2623 2423 2751 2491 πρὶν
2780 2422 3049 2490 γενέσεως
3072 2424 3246 2477 αὐτῶν

2219 2507 2303 2559 45.
2336 2508 2406 2559 Σὺ
2434 2508 2755 2573 ἐπίστασαι,
2792 2512 2877 2564 ὅτι
2926 2511 3101 2581 ψευδῆ
3145 2530 3247 2583 μου
3283 2509 3647 2581 κατεμαρτύρη-

2155 2611 2271 2658 σαν,
2305 2594 2398 2647 καὶ
2451 2597 2556 2649 ἰδοὺ
2596 2597 2930 2668 ἀποθνήσκω
2975 2600 3052 2670 μὴ
3096 2601 3364 2673 ποιήσασα
3398 2599 3562 2671 μηδὲν,
3588 2591 3649 2650 ὧν

2153 2676 2296 2735 οὗτοι
2327 2686 2819 2758 κατεμαρτύρησαν
2850 2692 2974 2744 κατ’
3005 2690 3164 2761 ἐμοῦ.
3462 2679 3469 2687 ’
3566 2704 3569 2707 ’

2222 2857 2307 2911 44.
2332 2859 2439 2911 Καὶ
2461 2860 2742 2929 εἰσήκουσε
2784 2863 2992 2935 Κύριος
3036 2865 3135 2934 τῆς
3157 2863 3331 2933 φωνῆς
3356 2860 3525 2930 αὑτῆς-

2223 2947 2308 2999 45.
2334 2950 2440 3001 Καὶ
2468 2950 2826 3023 ἀπαγομένης
2846 2955 3017 3025 αὐτῆς
3042 2955 3350 3015 ἀπολέσθαι.
3376 2953 3614 3022 ἐξήγειρεν
3632 2950 3656 2999 ὁ

536 3028 610 3082 vit
647 3027 787 3083 Deus
817 3028 1071 3097 Spiritum
1100 3038 1341 3085 sanctum
1387 3030 1539 3100 pueri
1597 3028 1845 3099 junioris,
1899 3030 2052 3099 cujus

2155 3035 2283 3098 Θεὸς
2306 3036 2365 3088 τὸ
2393 3037 2611 3107 Πνεῦμα
2637 3039 2698 3092 τὸ
2717 3040 2884 3109 ἅγιον
2915 3045 3199 3117 παιδαρίου
3223 3043 3486 3114 νεωτέρου,
3509 3033 3655 3107 ᾧδνο-

539 3132 730 3171 nomen
762 3118 967 3173 Daniel.

607 3206 694 3260 46.
732 3207 796 3260 Et
822 3207 1135 3261 exclamavit
1161 3222 1293 3264 voce
1315 3223 1537 3278 magna:
1565 3211 1797 3266 Mundus
1821 3225 1919 3281 ego
1936 3227 2054 3267 sum

538 3310 570 3349 a
604 3296 864 3365 sanguine
892 3296 1072 3365 hujus.

606 3385 695 3439 ιτ.
723 3386 1022 3441 Conversus
1054 3396 1136 3442 est
1164 3396 1343 3442 autem
1368 3388 1596 3457 populus
1629 3389 1804 3442 omnis
1826 3389 1891 3441 ad
1907 3403 2053 3450 eum,

538 3483 594 3529 et
623 3475 870 3530 dixerunt
894 3493 912 3530 :
951 3474 1084 3542 Quis
1107 3484 1189 3532 est
1216 3491 1395 3533 sermo
1434 3477 1554 3542 iste,
1572 3490 1728 3545 quem
1753 3485 1809 3531 tu
1845 3475 2057 3532 locutus

539 3563 639 3618 es?
1894 3574 1897 3577 “

606 3653 692 3706 48.
730 3652 830 3719 Qui
881 3668 1008 3709 vero
1046 3669 1168 3710 cum
1214 3664 1380 3711 staret
1407 3656 1459 3710 in
1514 3656 1686 3710 medio
1726 3670 1909 3711 eorum
1941 3655 2054 3711 ait:

543 3740 632 3796 Sic
657 3742 788 3797 fatui
810 3743 904 3798 ﬁlii
943 3743 1126 3810 Israel,
1184 3761 1289 3799 non
1331 3746 1654 3813 judicantes,
1713 3761 1886 3815 neque
1913 3747 2060 3815 quod

541 3832 877 3886 manifestum
920 3840 1005 3886 est
1035 3842 1433 3902 cognoscentes,
1478 3834 1842 3889 condemnatis
1896 3834 2058 3888 tiliam

542 3917 702 3973 Israel
718 3920 742 3972 ?

609 4008 698 4063 49.
736 4009 1079 4065 Revertimini
1110 4010 1269 4081 igitur
1300 4012 1365 4065 ad
1391 4011 1683 4080 judicium;
1714 4014 1898 4069 falsum
1916 4017 2057 4072 enim

522 4098 907 4157 ,teatimonium
930 4098 1017 4152 isti
1047 4098 1208 4152 locuti
1233 4108 1355 4154 sunt
1386 4101 1636 4155 adversus
1660 4117 1799 4155 eam.

613 4183 700 4237 50.
741 4183 806 4236 Et
830 4200 1076 4249 reversus
1104 4196 1184 4241 est
1206 4189 1433 4255 populus
1460 4204 1581 4243 cum
1616 4188 1973 4256 festinatione,
2008 4202 2061 4247 et

543 4271 795 4326 dixerunt
818 4274 865 4327 ei
890 4276 1219 4346 presbyteri:
1253 4276 1406 4342 Veni,
1431 4288 1485 4334 et
1525 4280 1649 4333 sede
1691 4280 1742 4334 in
1772 4281 1942 4333 medio
1965 4297 2061 4335 no-

2156 3141 2231 3196 μα
2258 3126 2468 3196 Δανιήλ.

2219 3212 2308 3266 46.
2342 3214 2450 3267 Καὶ
2481 3214 2672 3285 ἐϐόησε
2710 3221 2867 3292 φωνῇ
2896 3221 3113 3295 μεγάλῃ
3136 3239 3151 3255 ο
3182 3223 3422 3295 καθαρὸς
3449 3219 3543 3290 ἐγὼ
3569 3217 3657 3273 ἀπὸ

2152 3303 2243 3356 τοῦ
2268 3304 2491 3374 αἵματος
2516 3306 2742 3378 ταύτης.

2221 3392 2309 3446 47.
2347 3394 2671 3465 Ἐπέστρεψε
2718 3398 2778 3452 δὲ
2824 3403 2936 3465 πᾶς
2970 3405 2999 3457 ὁ
3043 3404 3170 3469 λαὸς
3218 3406 3347 3478 πρὸς
3382 3404 3545 3467 αὑτὸν,
3585 3399 3659 3454 καὶ

2154 3474 2335 3535 εἷπονο
2368 3483 2461 3547 Τίς
2490 3486 2518 3536 6
2543 3485 2702 3554 λόγος
2731 3483 2911 3557 οὗτος,
2941 3491 3000 3545 ὃν
3025 3494 3088 3546 σὺ
3116 3474 3423 3567 λελάληκαςς

2222 3653 2310 3707 48.
2360 3655 2417 3707 Ὀ
2443 3656 2498 3709 δὲ
2520 3658 2738 3725 σταθεὶς
2790 3664 2850 3715 ὲν
2896 3666 3050 3737 μέσῳ
3101 3668 3295 3732 αὐτῶν,
3326 3665 3493 3722 εἶπεν·
3519 3666 3660 3727 Οὕτω,

2158 3743 2330 3813 μωροὶ
2361 3746 2463 3797 υἱοὶ
2507 3747 2729 3818 Ἰσραὴλ
2748 3790 2763 3816 ,
2786 3754 2887 3806 οὐκ
2933 3756 3340 3829 ἀνακρίναντες,
3370 3758 3477 3810 οὐδὲ
3503 3757 3553 3808 τὸ
3586 3771 3661 3807 σα·

2157 3834 2251 3903 φὲς
2277 3833 2581 3903 ἐπιγνόντες
2606 3843 2978 3913 κατεκρίνατε
3014 3846 3286 3919 θυγατέρα
3324 3846 3550 3918 Ἰσραήλῖ

2223 4005 2310 4059 49.
2364 4006 2761 4078 Ἀναστρέψατε
2790 4011 2886 4069 οῦν
2902 4018 2984 4079 εἰς
3008 4019 3067 4073 τὸ
3095 4022 3385 4093 κριτήριον,
3408 4017 3556 4089 ψευδῆ
3580 4015 3667 4083 γὰρ

2156 4087 2297 4147 οῦτοι
2320 4098 2816 4171 κατεμαρτύρησαν
2854 4108 3047 4180 αὐτῆς.

2227 4185 2312 4241 50.
2339 4186 2447 4240 Καὶ
2466 4188 2798 4263 ἀνέστρεψεν
2817 4199 2847 4250 6
2867 4198 2997 4263 λαὸς
3022 4202 3159 4272 μετά
3184 4203 3427 4273 σπουδῆς,
3444 4200 3524 4254 καὶ
3544 4191 3668 4249 εἷπον

2158 4272 2305 4349 αύτῷ
2328 4276 2376 4326 οἱ
2402 4277 2764 4352 πρεσϐύτεροι
2787 4300 2802 4315 ο
2837 4288 3035 4361 Δεῦρο,
3078 4292 3173 4345 καὶ
3218 4272 3427 4346 καθίσον
3472 4292 3521 4343 ἐν
3548 4286 3669 4354 μέσῳ

544 4366 739 4425 stru‘m,
771 4371 823 4416 et
851 4362 1026 4421 indica
1058 4366 1233 4431 nobis,
1261 4367 1387 4437 quia
1419 4368 1512 4424 tibi
1562 4368 1706 4424 dedit
1730 4368 1875 4424 Deus
1901 4370 2052 4446 bono

2157 4364 2334 4434 ἡμῶν,
2361 4366 2455 4419 καὶ
2490 4367 2828 4439 ἀπάγγειλον
2866 4379 3023 4449 ἡμῖν,
3062 4381 3144 4433 ὅτι
3180 4400 3261 4436 σοι
3301 4382 3481 4435 ἔδωκεν
3504 4380 3530 4432 ό
3564 4375 3670 4434 Θεὸς

544 4464 655 4504 rem
688 4452 994 4508 senectutis.

613 4538 700 4595 5t.
732 4539 795 4594 Et
818 4542 952 4595 dixit
975 4542 1042 4597 ad
1064 4558 1158 4600 eos
1202 4545 1384 4601 Daniel
1412 4564 1425 4600 :
1461 4548 1714 4617 Separate
1749 4565 1841 4605 eos
1878 4554 2061 4621 procul

543 4628 612 4682 ab
640 4629 885 4696 invicem,
907 4642 959 4687 et
985 4633 1289 4702 dijudicabo
1314 4652 1427 4694 eos.

612 4718 698 4771 52.
727 4718 856 4773 Cum
875 4737 1001 4791 ergo
1026 4722 1182 4778 divisi
1216 4736 1393 4781 essent
1423 4729 1554 4783 alter
1584 4730 1653 4784 ab
1678 4732 1869 4795 altero,
1904 4746 2062 4788 voca-

544 4807 623 4862 vit
652 4824 816 4863 unum
844 4811 910 4866 de
924 4812 1024 4878 eis,
1055 4823 1109 4867 et
1143 4813 1278 4869 dixit
1309 4816 1373 4870 ad
1424 4833 1544 4871 eum
1575 4835 1590 4870 :
1636 4819 1924 4876 lnveterate
1947 4823 2063 4877 die-

546 4911 662 4949 rum
712 4899 994 4964 malorum,
1041 4917 1183 4958 nunc
1205 4916 1461 4961 venerunt
1506 4920 1722 4978 peccata
1778 4919 1886 4977 tua,
1945 4928 2062 4982 qua:

547 4981 777 5039 faciebas
798 4988 968 5054 prius,
1962 4981 1967 4982 ί
2050 5060 2056 5065 η

620 5072 705 5125 55.
731 5073 989 5131 Judicans
1010 5078 1213 5148 judicia
1244 5082 1467 5152 injusta,
1507 5095 1560 5141 et
1613 5087 1919 5142 innocentes
1946 5088 2063 5157 qui-

551 5158 669 5211 dem
704 5165 1084 5232 condemnans,
1139 5171 1410 5227 dimittens
1462 5183 1637 5228 autem
1691 5191 1827 5236 reos,
1859 5177 2066 5231 dicente

554 5244 812 5302 Domino:
843 5251 1201 5325 innocentem,
1225 5270 1278 5317 et
1300 5262 1501 5331 justum
1528 5280 1635 5319 non
1659 5265 1961 5320 interlicies.

622 5335 709 5388 54.
740 5336 891 5394 Nunc
925 5358 1049 5414 ergo
1074 5350 1209 5406 hanc
1236 5354 1283 5409 si
1336 5355 1534 5419 vidisti,
1584 5356 1670 5409 dic
1712 5356 1811 5410 sub
1843 5371 1943 5424 qua
1975 5372 2064 5413 ar-

555 5420 683 5512 bore
711 5426 888 5483 vidisti
918 5446 1009 5488 eos
1057 5441 1417 5512 colloquentes
1462 5448 1707 5503 invicem.
1755 5420 1875 5511 Qui—
1900 5448 2064 5501 dixit:

559 5505 669 5560 Sub
689 5513 891 5567 schino.

633 5593 718 5649 55.
757 5598 897 5658 Dixit
949 5619 1121 5666 autem
1172 5615 1349 5675 Daniel
1385 5623 1582 5687 :Recte
1623 5626 1875 5681 mentitus
1920 5642 1977 5682 es
2012 5626 2062 5680 in

2155 4453 2216 4505 τὸ
2238 4453 2536 4523 πρεσϐεῖον.

2226 4543 2314 4597 51.
2335 4545 2442 4598 Καὶ
2469 4541 2617 4600 εἶπεν
2657 4550 2797 4621 πρὸς
2841 4553 3041 4621 αὐτοὺς
3088 4560 3285 4630 Δανιήλ
3305 4577 3319 4591 θ
3349 4557 3671 4627 Διαχωρίσατε

2157 4632 2350 4696 αὐτοὺς
2383 4634 2596 4705 μακρὰν
2623 4637 2722 4692 ἀπ’
2755 4640 3030 4714 ἀλλήλων,
3057 4648 3151 4702 καὶ
3180 4647 3441 4719 ἀνακρινῶ
3462 4643 3645 4704 αὐτούς.

2229 4722 2316 4775 52o
2352 4722 2439 4786 Ὠς
2471 4724 2525 4777 δὲ
2560 4726 3000 4804 διεχωρίσθησαν
3050 4733 3132 4801 εἷς
3181 4740 3285 4793 ἀπὸ
3305 4738 3391 4791 τοῦ
3416 4737 3538 4800 ἑνὸς,
3567 4733 3671 4787 ἑκά·

2158 4815 2278 4870 λεσε
2318 4815 2409 4870 τὸν
2438 4817 2533 4871 ἕνα
2567 4820 2780 4891 αὐτῶν,
2811 4827 2911 4881 καὶ
2958 4825 3112 4884 εἶπεν
3152 4832 3284 4904 πρὸς
3320 4831 3498 4886 αὐτόν·
3521 4829 3674 4881 nena—

2159 4904 2419 4974 λαιωμένε
2449 4908 2675 4977 ἡμερῶν
2727 4916 2943 4982 κακῶν,
2991 4919 3087 4973 νῦν
3117 4922 3312 4992 ἥκασιν
3351 4922 3405 4974 αἱ
3447 4915 3674 4988 ἁμαρτίαι

2160 5011 2276 5057 σου,
2299 4993 2365 5057 ἃς
2396 4996 2596 5060 ἐποίεις
2615 4999 2678 5051 τὸ
2712 5004 3009 5076 πρότερον,

2230 5086 2317 5139 55.
2345 5085 2557 5156 Κρίνων
2579 5090 2794 5158 κρίσεις
2823 5096 3072 5166 ἀδίκους,
3108 5100 3204 5154 καὶ
3241 5102 3360 5165 τοὺς
3383 5100 3473 5167 μὲν
3495 5096 3673 5155 ἁθὼονς

2160 5175 2514 5243 κατακρίνων,
2545 5176 2798 5234 ἀπολύων
2825 5185 2883 5237 δὲ
2915 5190 3044 5252 τοὺς
3080 5192 3297 5255 αἰτίους,
3332 5191 3556 5259 λέγοντος
3585 5182 3662 5237 τοῦ

2160 5263 2388 5333 Κυρίου⁹
2416 5265 2588 5320 ἀθῶον
2613 5271 2712 5323 καὶ
2742 5272 2955 5330 δίκαιον
2978 5281 3078 5333 οὐκ
3104 5283 3426 5344 ἀποκτενεῖς.
3522 5346 3527 5349 _

2232 5352 2316 5405 54.
2340 5353 2452 5408 Νῦν
2467 5350 2558 5408 οὖν
2586 5358 2795 5429 ταύτην
2826 5364 2987 5438 εἴπερ
3007 5362 3174 5433 οἶδας,
3204 5371 3339 5434 είπὲ,
3369 5369 3465 5421 ὑπὸ
3499 5365 3547 5418 τί
3576 5360 3672 5414 δένο

2162 5444 2282 5512 δρον
2303 5438 2438 5506 εἶδες
2463 5447 2655 5511 αὐτοὺς
2689 5450 3015 5521 ὁμιλοῦντας
3054 5458 3317 5531 ἀλλήλοις.
3360 5457 3414 5513 '0
3440 5456 3491 5511 δὲ
3515 5450 3669 5507 εἶπεν*

2174 5532 2306 5586 Ὑπὸ
2323 5536 2512 5603 σχῖνον.

2237 5625 2324 5679 55.
2349 5622 2478 5679 Εῒπε
2502 5627 2556 5681 δὲ
2587 5627 2816 5701 Δανιήλ·
2866 5628 3071 5706 Ὀρθῶς
3098 5637 3313 5707 ἐψευσαι
3332 5638 3406 5700 εξς
3432 5634 3518 5705 τὴν
3540 5647 3673 5683 σεαυ-
