3874 6362
290 319 372 375 29m
1663 342 1886 398 CAPUT
1931 345 2039 401 XIV
2343 410 2350 419 ,
2674 386 2677 391 ν
3289 372 3428 427 2902

292 428 353 531 toil
376 430 622 545 ἒεφσλήν
632 444 645 459 ⁸
671 432 782 505 ἢδη
804 437 928 511 γὰρ
960 444 1185 514 ἄγγελος
1205 450 1295 502 τοῦ
1322 450 1457 504 Θεοῦ
1476 451 1650 505 λαϐὼν
1671 471 1779 522 παρ

1914 470 2073 528 caput
2101 471 2246 519 tuum
2291 480 2305 517 :
2348 479 2470 520 ecce
2512 468 2654 522 enim
2694 469 2912 538 angelus
2955 470 3049 527 Dei
3102 475 3363 545 accipiens
3396 496 3429 536 ι

296 520 357 575 τοῦ
376 520 503 574 θεοῦ
536 521 719 605 σχίσει
759 541 828 579 σε
855 531 945 594 είς
978 535 1157 604 μέσον.
1750 520 1760 522 7

1917 520 2043 610 Deo.
2077 552 2283 607 scindet
2305 560 2355 607 te
2389 555 2640 609 medium.

345 610 415 664 56.
442 610 552 663 Καὶ
594 614 961 714 μεταστὴσας
1012 623 1175 676 αὐτὸν
1196 666 1211 689 ,
1245 625 1487 680 ἐκέλευσε
1529 630 1784 698 προσάγει

1980 638 2067 691 56.
2098 640 2165 694 Et
2200 651 2379 695 amoto
2404 658 2468 697 eo
2502 644 2658 713 jussit
2679 646 2865 701 adduci
2890 647 3076 714 alium,
3106 659 3159 705 et
3185 651 3320 707 dixit
3340 654 3426 708 ei:

299 700 360 751 τὸν
382 701 558 771 ἕτερον
583 742 600 767 ,
636 700 942 760 καὶοεῖπεν
980 712 1125 780 αὐτῷ
1144 729 1157 744 ·
1190 714 1409 783 Σπέρμα
1458 717 1692 780 Χαναὰν,
1723 735 1784 771 κα

1913 724 2104 781 Semen
2128 728 2401 796 Chanaan,
2430 741 2483 785 et
2502 700 2614 786 non
2650 733 2812 801 Juda,
2860 741 3065 805 species
3115 742 3328 797 seduxit
3353 752 3425 811 te,

300 790 388 858 οὐχὶ
413 788 577 841 ’ἰούδα
599 828 615 851 ,
646 789 713 841 τὸ
753 792 954 857 κάλλος
977 797 1218 867 ὴπάτησέ
1250 816 1335 865 σε,
1375 802 1467 853 καὶ
1492 805 1524 872 ἡ
1556 802 1784 874 ἐπιθυμία

1910 822 1964 868 et
1982 818 2408 885 concupiscentia
2440 820 2698 877 subvertit
2725 839 2818 879 cor
2845 834 3015 880 tuum.

301 875 539 947 διέστρεψε
573 876 677 948 τὴν
696 880 931 951 καρδίαν
954 900 1067 938 σου.

354 969 431 1021 57.
461 966 643 1031 Οὕτως
665 970 905 1024 ἐποιεῖτε
927 973 1255 1045 θυγατράσιν
1287 979 1516 1050 Ἰσραὴλ,
1543 984 1641 1033 καὶ
1666 983 1782 1035 ἐκεῖ

1973 982 2059 1035 57.
2088 983 2177 1038 Sic
2206 984 2479 1042 faciebatis
2510 990 2717 1047 ﬁliabus
2756 993 2935 1063 Israel,
2972 1009 3026 1052 et
3058 999 3161 1054 illa:
3180 1001 3425 1060 timentes

299 1072 370 1110 ναι
384 1058 704 1129 φοϐούμεναι
718 1061 964 1130 ὡμίλουν
989 1064 1115 1132 ὑμῖν
1131 1083 1145 1098 ο
1167 1068 1278 1121 ἀλλ’
1295 1069 1361 1120 οὐ
1381 1068 1623 1140 θυγάτηρ
1642 1070 1784 1125 Ἰούᾰ

1909 1068 2259 1138 loquebantur
2286 1077 2435 1130 vobis
2459 1093 2472 1129 :
2505 1080 2595 1133 sed
2624 1096 2728 1135 non
2758 1082 2865 1138 ﬁlia
2891 1083 3026 1140 Juda
3048 1089 3301 1144 sustinuit
3321 1092 3427 1146 ini-

293 1144 529 1213 ὑπέμεινε
559 1146 659 1218 τὴν
684 1150 921 1219 ἀνομίαν
951 1153 1122 1221 ὑμῶν.

1909 1159 2158 1227 quitatem
2189 1170 2443 1219 vestram.
2680 1166 2685 1169 ’

350 1239 430 1292 58.
462 1238 573 1290 Νῦν
604 1236 696 1291 οὖν
732 1240 859 1307 λέγε
896 1258 1019 1310 μοι,
1054 1243 1158 1297 ὑπὸ
1194 1245 1246 1297 τί
1277 1244 1490 1317 δένδρον
1518 1246 1784 1301 κατέλαϐε.

1972 1249 2060 1302 58.
2092 1248 2245 1306 Nunc
2266 1268 2393 1322 ergo
2418 1255 2505 1309 dic
2556 1258 2721 1325 mihi;
2751 1261 2850 1313 sub
2895 1277 2999 1331 qua
3045 1264 3237 1325 arbore
3273 1282 3427 1337 com:

288 1326 467 1387 αὐτοὺς
479 1326 797 1393 ὁμιλοῦντας
811 1328 1075 1396 summ;
1091 1330 1147 1383 '0
1165 1331 1221 1383 δὲ
1246 1329 1415 1384 εἶπενο
1444 1334 1577 1387 Ὑπὸ
1600 1338 1782 1405 πρῖνον

1909 1338 2225 1404 prehendisti
2254 1356 2347 1397 eos
2378 1343 2653 1412 loquentes
2707 1348 2972 1404 invicem?
3025 1352 3125 1418 Qui
3158 1371 3285 1410 vero
3313 1358 3420 1412 ait:
3495 1332 3511 1397 ‘-

348 1410 427 1465 59.
447 1407 607 1464 Εἶπεν
636 1412 696 1464 δὲ
728 1413 878 1482 αὐτῷ
908 1417 1100 1485 Δανιὴλ
1128 1432 1142 1448 ο
1175 1417 1372 1489 Ὀρθῶς
1393 1422 1601 1490 ἐψεύσω
1617 1426 1708 1476 καὶ
1738 1426 1784 1476 σί

1909 1424 2012 1480 Sub
2038 1429 2207 1495 prino.

287 1503 356 1561 εἰς
385 1500 480 1568 τὴν
519 1501 747 1554 σεαυτοῦ
802 1504 1041 1575 κεφαλήν
1066 1521 1081 1536 ·
1106 1507 1255 1575 μένει
1275 1510 1379 1580 γὰρ
1400 1513 1427 1563 ὁ
1457 1512 1684 1580 ἅγγελος
1708 1514 1784 1566 τοί

1966 1515 2051 1570 59.
2086 1516 2225 1572 Dixit
2247 1527 2421 1573 autem
2453 1519 2637 1576 Daniel
2666 1537 2680 1575 :
2718 1523 2881 1580 Recte
2924 1530 3177 1584 mentitus
3200 1546 3257 1584 es
3282 1543 3334 1585 et
3363 1541 3421 1586 tu

284 1587 408 1638 Θεοῦ
434 1626 449 1650 ,
473 1587 567 1657 τὴν
596 1590 869 1658 ῥομφαίαν
913 1591 1050 1661 ἔχων
1088 1599 1274 1664 πρίσαι
1321 1615 1378 1651 σε
1415 1600 1607 1669 μέσον,
1654 1603 1784 1667 ὅπως

1909 1604 1951 1656 in
1985 1615 2142 1673 caput
2176 1615 2327 1661 tuum
2360 1625 2374 1662 :
2402 1621 2582 1664 manet
2609 1613 2750 1666 enim
2790 1617 3009 1683 angelus
3053 1616 3145 1671 Dei
3184 1620 3418 1685 gladium

284 1676 618 1747 ἐξολοθρεύσῃ
647 1679 813 1747 ὑμᾶς.

1909 1693 2100 1749 habens
2148 1697 2216 1749 ad
2272 1700 2559 1753 secandum
2604 1709 2655 1755 te
2701 1676 2966 1770 medium,
3015 1714 3074 1759 ut
3104 1676 3420 1765 exterminet

1898 1796 2013 1837 VOS.

1968 1874 2055 1927 60.
2093 1873 2157 1927 Ει
2182 1876 2495 1932 exclamavit
2520 1892 2647 1933 voce
2678 1895 2867 1950 magna
2909 1884 3083 1939 omnis
3127 1900 3414 1957 synagoga,

279 1939 365 1988 καὶ
392 1937 679 2008 εὐλόγησαν
713 1941 798 2010 τῷ
826 1941 948 2011 Θιῷ
968 1943 1044 2012 τῷ
1074 1943 1293 2007 σώζοντι
1321 1948 1446 2009 τοὺς
1490 1948 1784 2014 ἐλπίζοντας

1909 1970 1949 2018 at
1973 1961 2355 2020 benedixerunt
2380 1966 2506 2033 Deo,
2538 1969 2629 2039 qui
2656 1971 2823 2025 salvat
2849 1982 3119 2041 sperantes
3146 1937 3199 2029 idn
3229 1937 3307 2033 se.

276 2027 359 2077 ἐπ’
375 2027 552 2081 αὐτόν.

336 2118 425 2171 61.
450 2120 557 2172 Καὶ
578 2118 882 2188 ἀνέστησαν
904 2120 998 2172 ἐπὶ
1015 2120 1141 2183 τοὺς
1163 2122 1256 2174 δύο
1281 2124 1695 2196 πρεσϐυτέρους,
1717 2128 1801 2182 ὅτι

271 2207 583 2277 συνέστησεν
613 2208 817 2270 αὐτοὺς
858 2209 1054 2276 Δανιὴλ
1095 2213 1158 2262 ὲκ
1187 2211 1281 2263 τοῦ
1318 2214 1580 2282 στόματος
1625 2217 1799 2269 αὐτῶν

264 2296 874 2367 ψευδομαρτυρήσαντας
897 2315 911 2328 ·
939 2299 1035 2352 καὶ
1056 2300 1308 2369 ἐποίησαν
1327 2302 1507 2365 αὐτοῖς
1527 2304 1587 2355 ὃν
1605 2305 1801 2374 τρόπον

269 2385 692 2454 ἑπονηρεύσαντο
712 2385 938 2455 ποιῆσαι
965 2385 1049 2455 τῷ
1070 2387 1310 2455 πλησίον,
1347 2388 1486 2441 κατὰ
1515 2389 1603 2442 τὸν
1638 2391 1801 2459 νόμον

272 2473 457 2527 Mani.

334 2492 367 2523 ευ
445 2514 457 2527 υ

334 2489 437 2618 6;)
447 2564 551 2618 Ral
584 2564 916 2619 ἀπέκτειναν
948 2565 1163 2631 αὐτοὺς,
1192 2564 1283 2620 καὶ
1303 2565 1477 2637 ἐσώθη
1496 2561 1629 2638 αἷμα
1648 2568 1797 2622 ἀναί-

270 2669 375 2703 τιον
404 2656 458 2706 ὲν
479 2657 545 2724 τῇ
571 2656 758 2725 ἡμέρᾳ
777 2656 983 2725 ἐκείνῃ.

336 2744 420 2797 63.
450 2745 685 2807 Χελκίας
722 2744 779 2798 δὲ
816 2748 911 2797 καὶ
933 2746 966 2814 ἡ
1000 2744 1137 2814 γυνὴ
1154 2744 1317 2801 αὑτοῦ
1339 2745 1532 2815 ⁴ρὶνιῑσαν
1557 2746 1679 2817 περὶ
1698 2747 1796 2817 τῆς

345 1848 428 1900 60.
452 1850 554 1901 Καὶ
570 1851 837 1921 ἀνεϐόησε
856 1857 1008 1924 φωνῇ
1037 1857 1241 1928 μεγάλῃ
1265 1861 1408 1912 πᾶσα
1434 1861 1466 1930 ὴ
1496 1863 1798 1935 συναγωγὴ,

1961 2132 2047 2186 61.
2077 2132 2140 2186 Et
2168 2148 2618 2194 consurrexerunt
2646 2142 2899 2198 adversus
2919 2144 3415 2220 duospresbyteros

1894 2223 2213 2290 (convicerat
2243 2227 2382 2278 enim
2415 2227 2593 2281 Daniel
2614 2244 2677 2282 ex
2704 2245 2793 2283 ore
2822 2232 3074 2299 ipsorum,
3117 2235 3306 2293 falsum
3334 2242 3414 2295 di-

1894 2312 2037 2366 xisse
2069 2314 2474 2384 testimonium),
2510 2327 2562 2370 et
2587 2316 2827 2373 fecerunt
2862 2323 2940 2376 eis
2969 2324 3105 2379 sicut
3151 2328 3413 2385 malitiose

1893 2410 2109 2469 egerant
2183 2403 2435 2458 adversus
2502 2407 2802 2473 proximum
2881 2413 3172 2468 Secundum
3241 2418 3410 2489 legem

1893 2487 2048 2542 Mosi.
2241 2489 2245 2492 ’

1962 2575 2047 2629 62.
2090 2576 2156 2631 Et
2181 2576 2564 2634 interfecerunt
2592 2594 2704 2647 eos,
2731 2592 2785 2638 et
2827 2584 3063 2641 salvatus
3086 2594 3168 2643 est
3192 2592 3410 2662 sanguis

1893 2666 2143 2722 innoxius
2171 2668 2224 2721 in
2251 2670 2339 2723 die
2364 2670 2472 2723 illa.

1958 2756 2043 2810 63.
2082 2756 2322 2813 Cbelcias
2346 2769 2543 2825 autem,
2571 2770 2624 2814 et
2649 2775 2784 2815 uxor
2804 2763 2919 2833 ejus
2944 2764 3293 2822 laudaverunt
3314 2786 3411 2840 pro

269 2832 521 2902 θυγατρὸς
548 2834 728 2886 αὐτῶν
760 2833 1065 2895 Σουσάννας
1103 2834 1237 2901 μετὰ
1290 2833 1542 2903 Ἰωακείμ
1582 2835 1673 2887 τοῦ
1702 2838 1784 2889 ἀν-

1909 2849 1999 2902 ilia
2022 2865 2119 2903 sua
2148 2850 2412 2911 Susanna.
2438 2867 2557 2906 cum
2585 2852 2791 2908 Joakim
2840 2858 3031 2912 marito
3063 2859 3199 2928 ejus,
3235 2871 3287 2916 et
3316 2877 3410 2917 co-

266 2923 383 2990 δρὸς
411 2924 595 2993 αὐτῆς,
617 2916 842 2976 καὶτῶν
875 2922 1151 2990 συγγενῶν
1179 2923 1390 2976 πάντων
1409 2962 1425 2989 ,
1467 2924 1546 2976 ὄτι
1581 2926 1678 2995 οὐχ
1702 2927 1784 2979 εύ-

1909 2941 2063 3007 gnatis
2086 2941 2352 3007 omnibus,
2395 2943 2523 3010 quia
2568 2956 2679 2997 non
2737 2956 2878 3001 esset
2908 2947 3121 3002 inventa
3146 2950 3200 3003 in
3229 2965 3293 3005 ea
3324 2968 3411 3009 res

265 3012 387 3081 ρέθη
416 3015 470 3065 ὲν
507 3014 641 3083 αὐτῇ
679 3014 927 3082 ἄσχημον
954 3015 1201 3083 πρᾶγμαν
1366 3101 1375 3104 _
1606 3102 1629 3104 __
1665 3103 1672 3104 κ
1768 3103 1773 3104 ,

1917 3029 2082 3097 urpis.

324 3100 411 3153 64.
445 3102 550 3153 Καὶ
591 3100 799 3169 Δανιὴλ
838 3101 1051 3167 ἐγένετο
1087 3102 1254 3168 μέγας
1286 3101 1509 3155 ἐνώπιον
1538 3102 1630 3155 τοῦ
1663 3103 1784 3158 λαοῦ

1955 3119 2044 3173 64.
2081 3118 2145 3174 Ει
2167 3118 2347 3174 Daniel
2401 3119 2585 3175 factus
2635 3130 2716 3176 cst
2763 3135 2988 3192 magnus
3012 3124 3065 3179 in
3121 3140 3407 3199 conspectu

250 3187 359 3240 ἀπὸ
380 3190 473 3259 τῆς
507 3191 725 3259 ἡμέρας
751 3190 985 3257 ἐκείνης,
1014 3192 1107 3243 καὶ
1128 3191 1409 3245 Ἐπέκεινα.

1909 3208 2065 3275 mpuli
2099 3224 2128 3262 a
2157 3209 2243 3263 die
2269 3211 2377 3271 illa,
2405 3222 2455 3264 et
2484 3212 2753 3281 deinceps.

314 3278 403 3331 65.
429 3280 536 3331 Kal.
553 3280 581 3331 ό
601 3277 853 3347 βασιλεὺς
888 3278 1184 3347 Ἀστυάγης
1204 3280 1492 3351 προσετέθη
1522 3284 1654 3354 πρὸς
1668 3284 1784 3347 τοὺς

1954 3297 2041 3351 65.
2081 3297 2143 3351 Et
2168 3312 2257 3352 rex
2283 3301 2534 3368 Astyages
2562 3277 2835 3371 appositus
2854 3313 2935 3359 est
2967 3304 3032 3359 ad
3065 3312 3238 3374 patres
3257 3321 3408 3373 suos,

234 3368 485 3437 πατέρας
508 3366 676 3419 αὐτοῦ
698 3383 712 3396 ⁸
747 3368 840 3418 καὶ
874 3367 1143 3437 παρέλαϐε
1171 3368 1348 3437 Κύρος
1385 3371 1414 3421 ό
1456 3371 1666 3443 Πέρσης
1693 3373 1784 3442 τὴν

1909 3391 1941 3435 :t
1966 3386 2200 3454 suscepit
2221 3366 2393 3455 Cyrus
2417 3366 2610 3442 Perses
2631 3366 2851 3459 regnum
2880 3394 3015 3462 ejus.

217 3454 521 3521 βασιλείαν
549 3456 740 3510 αὑτοῦ.

752 3586 1147 3640 ΚΕΦΛᾹΑΙΟΝ
1184 3586 1277 3639 ῙΔ’.

306 3680 332 3731 ι
347 3718 361 3732 .
393 3679 508 3732 Καὶ
524 3673 595 3748 ἦν
626 3676 826 3747 Δανιὴλ
853 3693 914 3727 συ
924 3674 1161 3745 μϐιωτὴς
1181 3673 1271 3726 τοῦ
1295 3672 1570 3743 βασιλέως,
1591 3676 1682 3727 καὶ
1705 3675 1788 3729 ἕνα

222 3765 385 3830 ἱοξος
417 3767 562 3837 ὑπὲρ
593 3766 802 3827 πάντας
831 3765 955 3826 τοὺς
979 3764 1164 3831 φίλους
1194 3764 1378 3816 αὑτοῦ.

2444 3578 2666 3636 CAPUT
2722 3583 2857 3638 XIV.

1953 3668 2005 3722 1.
2043 3669 2108 3723 Ει
2126 3679 2239 3724 erat
2266 3666 2447 3725 Daniel
2469 3673 2691 3728 conviva
2715 3675 2873 3744 regis,
2922 3688 2975 3730 et
3004 3679 3294 3732 honoratus
3315 3695 3408 3734 su-

1882 3770 1977 3826 per
2004 3772 2190 3812 omnes
2215 3758 2415 3814 amicos
2443 3761 2579 3829 ejus.

309 3855 357 3908 ἓ.
389 3857 502 3910 Καὶ
526 3851 595 3925 ἦν
621 3853 837 3906 εἴδωλον
865 3854 974 3916 τοῖς
1005 3853 1376 3919 Βαϐυλωνίοις,
1471 3853 1636 3924 ὄνομα
1656 3853 1782 3925 Βὴλ,

251 3945 329 3996 καὶ
354 3946 711 3998 ἐδαπανῶντο
747 3944 827 4005 είς
858 3942 1019 3994 αὑτὸν
1055 3942 1285 4011 ἑκάστης
1334 3942 1541 4012 ἡμέρας
1572 3942 1787 4013 σεμιδά-

248 4030 364 4096 λεως
392 4031 637 4103 ἀρτάϐαι
670 4030 900 4094 δώδεκα,
948 4030 1041 4082 καὶ
1079 4028 1321 4101 πρόϐατα
1362 4030 1779 4101 τεσσαράκοντα,

247 4119 327 4171 καὶ
343 4120 489 4173 οῐνου
528 4120 705 4188 μέτρα
729 4119 809 4182 ἐξ.

305 4208 353 4261 5.
390 4210 506 4261 Καὶ
544 4211 573 4259 ό
602 4206 858 4275 βασιλεὺς
892 4205 1106 4258 ἐσέϐετο
1131 4205 1289 4258 αὑτὸν
1314 4245 1328 4268 ,
1357 4206 1449 4259 καὶ
1497 4207 1780 4277 ἐπορεύετο

244 4291 270 4342 ὁ
293 4294 547 4362 βασιλεὺς
576 4294 699 4348 καθ’
737 4294 974 4363 ἑκάστην
1006 4293 1215 4362 ἡμέραν
1256 4296 1573 4363 προσκυνεῖν
1612 4296 1773 4364 αὐτῷ.

247 4386 437 4456 Δανιὴλ
465 4387 524 4439 δὲ
552 4384 875 4454 προσεκύνει
898 4383 974 4453 τῷ
995 4383 1110 4452 Θεῷ
1132 4384 1292 4436 αὑτοῦ
1312 4401 1326 4414 ·
1350 4385 1443 4436 καὶ
1463 4379 1610 4436 εἶπεν
1632 4386 1777 4457 αὑτῷ

238 4474 264 4523 ὁ
286 4473 559 4541 βασιλεὺς,
590 4472 733 4525 διατι
759 4473 819 4523 οὐ
850 4473 1168 4541 προσκυνεῖς
1187 4471 1263 4538 τῷ
1289 4471 1396 4539 Βὴλ
1419 4487 1433 4533 ;
1508 4474 1514 4481 ’

298 4561 347 4616 4.
398 4563 463 4614 ’0
490 4561 553 4612 δὲ
585 4560 739 4611 εἶπεν
776 4558 942 4627 αύτῷ,
965 4560 1044 4611 ὅτι
1069 4560 1129 4611 ού
1155 4558 1378 4627 σέϐομαι
1398 4558 1583 4611 είδωλα
1605 4576 1779 4629 χειρο-

237 4650 444 4719 ποίητα,
475 4647 623 4701 ἀλλὰ
667 4645 869 4716 μᾶλλον
897 4646 988 4698 τὸν
1027 4647 1159 4699 Θεὸν
1187 4646 1278 4698 τὸν
1306 4645 1500 4709 ζῶντα,
1545 4646 1633 4698 τὸν
1663 4648 1779 4698 κτί-

234 4751 391 4791 σαντα
436 4738 535 4790 τὸν
564 4733 799 4803 οὐρανὸν
838 4734 930 4786 καὶ
971 4733 1067 4803 τὴν
1104 4735 1225 4804 γῆν,
1262 4735 1350 4788 καὶ
1387 4734 1574 4802 ἔχοντα
1602 4735 1779 4805 πάσης

233 4829 423 4897 σαρκὸς
451 4823 711 4894 κυρείαν.

287 4919 337 4971 5.
373 4917 490 4968 Καὶ
522 4910 683 4965 εἶπεν
707 4908 908 4977 αὑτῷό
940 4908 1214 4978 βασιλεύςο
1247 4910 1318 4964 Οὐ
1355 4910 1501 4962 δοκεῖ
1520 4914 1646 4963 σοιό
1673 4912 1778 4981 Βὴλ

228 4998 354 5058 εἶναι
382 5005 513 5066 θεὸς
543 5001 702 5065 ζῶν;
754 4998 791 5065 ἢ
838 4998 935 5066 οὐχ
967 5000 1094 5067 ὁρᾷς
1129 5001 1226 5052 ὅσα
1271 4997 1463 5063 ἐσθίει,
1505 5001 1598 5053 καὶ
1636 5002 1777 5054 πίνει

227 5097 331 5148 καθ’
356 5096 610 5160 ἑκάστην
646 5087 902 5157 ἡμέρανς

283 5185 332 5239 δι
370 5184 486 5236 Καὶ
514 5176 644 5231 εἶπε
677 5173 885 5241 Δανιὴλ
912 5173 1166 5240 γελάσας·
1196 5177 1286 5246 Μὴ
1318 5175 1515 5240 πλανῶ,
1540 5177 1774 5245 βασιλεῦ.

224 5266 361 5333 οὗτος
382 5270 498 5337 γὰρ
520 5261 888 5318 ἔσωθένὲστι
922 5260 1104 5330 πηλὸς,
1132 5260 1322 5329 ἔξωθεν
1353 5262 1407 5315 δὲ
1443 5264 1652 5332 χαλκὸς,
1684 5269 1775 5320 καὶ

223 5360 273 5409 οὐ
290 5360 581 5429 βέϐρωκεν
618 5348 914 5402 οὐδέποτε.

274 5448 319 5501 7.
343 5448 458 5501 Καὶ
503 5435 808 5508 θυμωθεὶς
887 5432 1123 5500 βασιλεὺς
1149 5442 1175 5491 ό
1202 5439 1418 5493 ἐκάλεσε
1448 5440 1569 5503 τοὺς
1614 5444 1771 5512 ἱερεῖς

206 5532 376 5597 αὐτοῦ,
419 5532 524 5585 καὶ
555 5521 733 5577 εἶπεν
786 5519 998 5581 αὐτοῖς·
1041 5523 1158 5576 Ἐὰν
1195 5528 1265 5595 μὴ
1292 5526 1474 5595 εἴπητέ
1506 5542 1613 5593 μοι,
1642 5533 1722 5592 τίς
1746 5534 1773 5583 ὁ

202 5623 503 5680 κατεσθίων
535 5613 651 5681 τὴν
680 5607 936 5675 δαπάνην
963 5611 1172 5681 ταύτην,
1201 5614 1562 5669 ἀποθανεῖσθε.

1949 3846 2003 3899 2.
2042 3845 2107 3899 Ει
2137 3856 2250 3901 erat
2290 3848 2488 3902 idolum
2518 3848 2841 3920 Babyloniis,
2898 3851 2981 3907 cui
3031 3867 3222 3907 nomen
3269 3853 3403 3910 Bel:

1880 3943 1935 3990 et
1955 3928 2401 4005 impendebantur
2424 3932 2476 3992 iii
2498 3953 2562 3993 eo
2590 3954 2684 4008 per
2706 3940 2943 4010 singulos
2966 3942 3078 3997 dies
3107 3942 3294 3997 simila:
3317 3959 3405 3998 ar-
3484 3974 3487 3977 λ

1881 4022 2014 4076 tabae
2039 4023 2333 4090 duodecim,
2360 4032 2414 4079 et
2444 4039 2568 4080 oves
2594 4026 2943 4095 quadraginta
2962 4067 2977 4094 ,
3029 4037 3082 4083 et
3116 4029 3220 4082 vini
3248 4045 3404 4084 men-

1882 4126 1943 4167 ευ
1955 4129 2022 4166 ra:
2041 4128 2153 4167 εει.

1946 4199 1998 4253 5.
2038 4199 2102 4253 Ει
2127 4215 2218 4255 rex
2252 4200 2459 4256 colebat
2484 4215 2625 4267 eum,
2650 4210 2704 4256 et
2749 4202 2860 4257 ibat
2903 4219 2996 4258 rex
3039 4220 3133 4276 per
3166 4206 3402 4274 singulos

1877 4283 1991 4342 dies
2041 4289 2265 4345 adorare
2316 4306 2476 4345 eum:
2528 4306 2686 4361 porro
2707 4290 2893 4348 Daniel
2941 4295 3195 4349 adorabat
3234 4296 3399 4351 Deum

1878 4392 2054 4431 suum.
2089 4379 2337 4449 Dixitque
2367 4381 2417 4437 ei
2440 4392 2567 4437 rex:
2592 4382 2768 4448 Quare
2802 4398 2907 4439 non
2949 4386 3142 4440 adoras
3169 4385 3261 4441 Bel

1944 4546 1999 4599 4.
2037 4547 2105 4599 At
2131 4547 2217 4600 ille
2245 4547 2380 4601 dixit
2414 4548 2462 4602 ei
2495 4564 2511 4604 :
2541 4548 2677 4615 Quia
2704 4565 2809 4604 non
2856 4552 2977 4605 colo
3026 4552 3167 4606 idola
3207 4568 3400 4607 manu-

1876 4636 2036 4703 facta,
2064 4637 2155 4691 sed
2192 4639 2360 4706 magis
2407 4637 2574 4691 Deum
2609 4640 2889 4704 viventem,
2955 4642 3045 4709 qui
3072 4643 3270 4694 creavit
3291 4658 3399 4696 coe-

1878 4728 1985 4780 lum
2022 4765 2041 4792 ,
2063 4733 2354 4792 et.terram,
2377 4736 2430 4782 et
2458 4728 2617 4782 habet
2643 4738 2955 4797 potestatem
2991 4731 3165 4784 omnis
3193 4731 3389 4785 carnis.

1944 4920 1996 4973 5.
2035 4920 2100 4973 Ει
2127 4921 2199 4974 ait
2226 4936 2315 4974 rex
2345 4921 2410 4975 ad
2440 4935 2558 4974 eum
2591 4938 2605 4972 :
2631 4919 2748 4973 Non
2790 4920 2999 4974 videtur
3031 4921 3121 4974 tibi
3154 4920 3243 4974 Bel
3275 4937 3395 4979 esse

1874 5008 2014 5063 Deus
2062 5011 2283 5064 vivens?
2304 5010 2385 5063 An
2440 5023 2544 5063 non
2593 5009 2758 5073 vides,
2813 5020 3011 5077 quanta
3051 5010 3314 5077 comedat,
3343 5024 3395 5070 ct

1873 5099 2021 5153 bibat
2041 5097 2317 5167 quotidie?

1941 5188 1992 5244 6.
2033 5188 2097 5242 Et
2115 5190 2186 5242 ait
2212 5187 2394 5242 Daniel
2413 5187 2589 5243 ridens
2610 5203 2624 5240 :
2649 5184 2725 5240 Ne
2752 5199 2919 5250 erres,
2951 5202 3046 5242 rex
3080 5205 3093 5241 :
3122 5188 3221 5243 iste
3247 5190 3395 5245 enim

1872 5278 2195 5334 intrinsecus
2222 5287 2303 5333 est
2334 5278 2524 5341 luteus,
2553 5275 2848 5329 forinsecus
2876 5286 3055 5331 autem
3082 5291 3272 5342 aereus,
3295 5292 3396 5334 ne-

1871 5382 1975 5437 que
2006 5369 2232 5423 comedit
2254 5367 2556 5437 aliquando.

1939 5455 1991 5507 7.
2033 5454 2095 5508 Et
2122 5455 2288 5508 iratus
2329 5468 2418 5506 rex
2475 5448 2680 5503 vocavit
2707 5449 3017 5506 sacerdotes
3065 5453 3203 5521 ejus,
3232 5462 3289 5508 et
3323 5456 3439 5511 ait

1870 5543 1990 5597 eis:
2022 5541 2132 5596 Nisi
2163 5542 2405 5596 dixeritis
2434 5540 2562 5593 mihi
2622 5538 2742 5605 quis
2770 5547 2869 5605 est,
2913 5543 3007 5610 qui
3036 5542 3269 5600 comedit
3298 5542 3414 5598 im-
3449 5576 3454 5581 -

1872 5644 2066 5695 pensas
2104 5632 2216 5695 has,
2249 5629 2569 5686 moriemini.
