3874 6386
238 1366 241 1371 ,
304 1325 410 1365 ιυο.

291 319 426 372 2905
1313 292 1555 349 DANIEL
1578 287 1800 347 JUXTA
1839 286 1856 338 'l

1958 284 2364 343 :ooonomn
2916 334 2921 339 ,
3500 250 3703 306 990‘

362 427 414 477 8.
456 422 511 476 Si
568 430 744 475 autem
774 412 1108 473 ostenderitis
1156 410 1403 479 quoniam
1445 406 1533 459 Bel
1574 401 1856 459 comedat.

1984 399 2035 454 8.
2073 400 2193 453 Ἐὰν
2240 400 2296 453 δὲ
2321 396 2526 466 δείξητε
2556 433 2570 458 ,
2615 392 2703 444 ὅτι
2753 390 2786 441 6
2841 383 2964 479 Dig).
3015 361 3704 479 xacﬁcﬁifﬁ

362 451 414 477 οι
457 451 511 476 οι
568 451 744 475 autc":
774 451 1108 473 υδιυιιυυιι-ισ
1158 451 1403 479 tiu-vn"...-
1446 451 1533 459 ...η
1578 451 1790 458 --πη-ν
1844 451 1856 459 ,

296 496 427 575 haec,
484 510 738 563 morietur
772 503 968 562 Daniel.
999 502 1122 568 quia
1171 493 1551 564 blasphemavit
1596 492 1650 544 in
1698 488 1808 541 Bel.

1958 451 2261 575 eam;
2278 451 2489 575 Δανιίιίρ
2515 451 2597 575 te
2626 451 3456 575 ξδὶασέρήιὲηῖεν,ξεέξ,.τῗζ
3500 451 3703 575 ῗέὶῗέ

296 538 427 575 uate,
485 538 728 563 ιιιυιιειυι
773 538 968 562 uamu.
999 538 1122 568 qua.
1171 538 1551 564 u.....r..........--
1597 538 1650 544 ---
1698 538 1805 541 γε--

296 602 355 655 Et
395 600 530 654 dixit
564 596 743 650 Daniel
792 592 943 661 regi:
980 589 1096 642 Fiat
1129 588 1279 656 juxta
1334 584 1553 637 verbum
1598 589 1772 633 tuum.

2510 538 2756 641 βασιλεῖ·
2789 538 3070 616 felicia...
3097 548 3319 608 κατὰ
3359 542 3454 598 τὸ
3495 538 3713 613 ῥῆμά

366 769 418 824 9.
459 767 619 819 Erant
652 772 825 816 autem
852 758 1155 813 sacerdotes
1182 754 1272 808 Bel
1315 751 1666 821 septuaginta,
1719 762 1814 802 ex-

1958 683 2034 722 ου.

1987 756 2037 811 9.
2063 755 2170 808 Kal
2190 749 2325 823 ἦσαν
2348 753 2508 821 ἱερεῖς
2533 748 2628 801 τοῦ
2652 744 2770 813 Βὴλ
2810 720 3275 807 ἑϐδομήκοντα
3304 724 3555 824 ἐκτὸς⁸

301 860 459 926 ceptis
495 855 763 917 uxoribus,
796 860 848 905 et
875 850 1037 905 ﬁliis:
1066 857 1120 902 et
1167 845 1311 901 venit
1334 860 1426 898 rex
1447 858 1568 896 cum
1601 839 1818 893 Daniele

1958 844 2136 909 ιικῶν,
2170 812 2264 897 καὶ
2298 812 2528 893 τέκνων
2558 835 2656 890 καὶ
2688 812 2866 903 ἦλθεν
2888 831 2920 882 6
2941 823 3282 897 βασιλεὺς
3339 812 3715 888 μετὰ’Δα-

299 925 591 1003 ίιιίιιοιηιιιιι
621 943 782 998 Belis.

1958 934 2036 1005 ιὴλ
2062 935 2138 996 εἰς
2155 932 2243 984 τὸν
2278 926 2422 983 οἶκον
2450 927 2544 979 τοῦ
2572 925 2708 994 Βήλ.

369 1039 454 1090 10.
495 992 985 1089 Ειόὶχίι-εοοετίὶοε
1032 1027 1172 1081 Belis
1224 1045 1236 1079 :
1288 1023 1425 1078 Ecce
1467 1036 1566 1075 nos
1615 1018 1822 1088 egredi-

1989 992 2075 1077 10.
2105 992 2212 1075 Kal
2243 1016 2395 1073 εἶπεν
2419 1020 2446 1070 6
2482 992 2664 1086 ἱερεὺς
2693 1011 2812 1082 Βὴλ
2832 1026 2847 1040 °
2896 1007 3051 1062 Ἰδοὺ
3089 1002 3341 1090 ἡμεῖς
3383 992 3716 1090 ἀποτρέ-

303 1146 420 1184 mur
446 1127 627 1180 foras:
673 1133 727 1177 tu
753 1133 928 1176 autem
956 1135 1045 1172 rex
1078 1131 1285 1186 appone
1314 1130 1489 1178 escas,
1537 1122 1589 1166 et
1639 1111 1820 1163 vinum

1958 1130 2084 1185 ομεν
2127 1112 2265 1176 ἐξωθ
2310 1111 2372 1163 σὺ
2415 1108 2492 1174 δὲ,
2529 1103 2792 1174 βασιλεῦ,
2832 1097 3115 1169 παράθες
3156 1092 3266 1147 τὰ
3313 1086 3713 1186 βριξιιμαξα,

304 1220 534 1274 miscens
578 1229 734 1283 pone,
792 1220 845 1266 et
895 1211 1079 1265 claude
1122 1207 1340 1271 omium,
1366 1213 1420 1259 et
1450 1204 1599 1273 signa
1628 1198 1824 1253 annulo

1958 1172 2016 1257 al
2041 1203 2131 1256 τὸν
2165 1172 2302 1254 οἶνον
2329 1172 2569 1268 κεράσας
2598 1194 2711 1259 θὲς,
2744 1191 2847 1243 καὶ
2900 1184 3330 1241 ἀπόκλεισον
3378 1176 3519 1246 τὴν
3585 1172 3715 1226 θύ-

1930 1308 2045 1362 ραν,
2071 1289 2165 1343 xal
2190 1288 2485 1357 σφράγισον
2512 1282 2591 1353 τῷ
2614 1278 2904 1347 δακτυλίῳ
2930 1291 3069 1328 σου.

374 1400 458 1451 11.
498 1376 563 1449 Et
596 1394 815 1448 veniens
847 1405 1022 1452 mane,
1082 1388 1185 1441 nisi
1243 1383 1505 1438 inveneris
1539 1379 1715 1434 omnia
1736 1390 1829 1429 co-

1996 1354 2083 1435 11.
2114 1381 2221 1433 Kal
2238 1354 2413 1431 ’ἐλθὼν
2440 1373 2607 1445 πρωϊ,
2638 1372 2738 1425 ἐὰν
2770 1370 2851 1440 μὴ
2877 1366 3074 1437 εὕρῃς
3123 1361 3392 1416 πάντα
3429 1354 3719 1452 @5692-

305 1495 472 1539 mesta
511 1500 537 1534 a
568 1482 678 1544 Bel,
710 1480 1017 1541 moriemur,
1052 1475 1135 1529 vel
1182 1473 1387 1535 Daniel,
1431 1468 1523 1539 qui
1572 1465 1829 1521 mentitus

1958 1470 2066 1523 ιένα
2086 1467 2189 1520 ὑπὸ
2204 1466 2294 1519 τοῦ
2325 1465 2452 1535 Βὴλ,
2486 1440 2955 1529 αποθανούμεθα,
2978 1454 3021 1525 ἦ
3062 1448 3354 1518 Δανιὴλ
3390 1447 3432 1499 ὁ
3460 1440 3723 1513 ψευδό-

307 1583 388 1628 est
418 1571 672 1625 adversus
705 1582 826 1621 nos.

380 1657 465 1710 l2.
507 1655 610 1724 Ipsi
643 1660 818 1706 autem
846 1649 1270 1709 contemnebant,
1309 1646 1433 1713 quia
1476 1643 1709 1698 fecerant
1732 1638 1831 1694 s‘ub

1936 1576 2089 1631 μενος
2128 1556 2247 1610 καθ’
2273 1555 2447 1625 ἡμῶν.

2002 1649 2088 1702 12.
2122 1621 2383 1699 Aetoli-66
2412 1638 2808 1710 κατεφρόνουν,
2855 1636 2948 1688 ὃτι
2980 1628 3543 1698 πεποιήκεισαν
3587 1621 3723 1675 ὑπὸ

310 1759 492 1801 mensa
514 1742 876 1796 absconditum
910 1739 1207 1800 introitum,
1237 1745 1290 1788 et
1330 1749 1425 1802 per
1468 1732 1615 1786 illum
1656 1731 1834 1798 ingre-

1958 1737 2029 1807 ὴν
2064 1734 2336 1804 τράπεζαν
2381 1727 2780 1799 κεκρυμμένην
2821 1722 3085 1783 εἴσοδον,
3126 1718 3271 1772 καὶ
3333 1714 3432 1770 δι’
3496 1714 3721 1783 αὐτῆς

311 1838 595 1892 diebantur
627 1831 899 1892 continuo,
930 1838 983 1882 et
1014 1826 1324 1880 auferebam
1346 1837 1425 1875 ea.

383 1927 469 1979 13.
510 1924 571 1976 Ει
601 1921 801 1975 factum
835 1926 933 1981 est,
969 1925 1248 1985 postquam
1279 1912 1443 1965 exivit
1482 1910 1620 1974 inde,
1664 1917 1717 1961 et
1743 1921 1835 1960 rex

314 2017 561 2083 apposuit
602 2012 749 2064 cibos
798 2015 922 2060 ante
980 2006 1100 2057 Bel:
1133 2001 1379 2071 przecepit
1436 1997 1617 2051 Daniel
1656 1996 1838 2064 pueris

316 2106 446 2166 suis,
477 2113 528 2155 et
553 2101 841 2153 attulerunt
872 2097 1101 2149 cinerem
1128 2131 1145 2156 ,
1190 2102 1243 2146 et
1300 2097 1610 2159 sparserunt
1638 2102 1730 2154 per
1756 2094 1837 2138 to—

316 2205 430 2247 tum
486 2191 739 2257 templum
786 2202 967 2240 coram
1000 2198 1167 2253 rege:
1227 2191 1277 2236 et
1297 2179 1499 2249 egressi
1537 2178 1841 2232 clauserunt

316 2284 537 2342 Ostium,
564 2286 617 2331 et
647 2278 988 2345 signaverunt
1008 2271 1208 2326 annulo
1238 2271 1396 2338 regis,
1424 2277 1476 2322 et
1502 2267 1769 2320 abierunt.

391 2457 474 2509 14.
511 2453 828 2508 Sacerdotes
854 2459 1037 2503 autem
1086 2445 1311 2515 ingressi
1342 2452 1467 2499 sunt
1502 2450 1655 2497 nocte
1692 2440 1843 2510 juxta

319 2546 764 2604 consuetudinem
825 2556 977 2596 suam
1035 2538 1155 2607 ipsi,
1214 2543 1264 2589 et
1322 2548 1517 2587 uxores
1544 2542 1751 2593 eorum,
1792 2537 1845 2582 et

323 2639 415 2693 lilii
445 2650 627 2690 eorum
657 2672 672 2697 ,
703 2642 758 2686 et
793 2629 1139 2684 comederunt
1169 2624 1369 2689 omnia,
1395 2633 1448 2676 et
1477 2623 1742 2674 biberunt.

394 2726 478 2778 15.
518 2721 760 2776 Surrexit
781 2729 956 2773 autem
984 2733 1076 2770 rex
1101 2716 1271 2785 primo
1313 2712 1567 2777 diluculo,
1585 2720 1639 2765 et
1665 2709 1847 2763 Daniel

327 2834 447 2872 cum
475 2830 559 2868 eo.
854 2799 859 2805 ’

404 2904 488 2957 16.
530 2902 593 2958 Et
619 2901 692 2955 ait
715 2916 805 2953 rex
833 2916 846 2951 :
884 2898 1039 2952 Salva
1068 2904 1195 2951 sunt
1219 2894 1511 2964 signacula,
1543 2890 1723 2945 Daniel
1742 2889 1763 2943 ?
1782 2889 1850 2942 At

328 2997 415 3053 ille
448 2996 616 3050 dixit:
640 2993 815 3055 Salva,
848 3006 960 3044 rex.

402 3088 484 3138 17.
526 3084 589 3136 Ει
622 3083 819 3137 factum
846 3089 929 3134 est
964 3077 1123 3134 simul
1172 3091 1235 3130 ac
1270 3073 1480 3144 aperuit
1512 3071 1681 3136 ostia,
1718 3069 1853 3138 aspi-

329 3180 477 3229 ciens
497 3191 589 3227 rex
616 3188 774 3240 super
803 3184 1061 3237 mensam,
1094 3166 1412 3222 exclamavit
1457 3178 1589 3217 voce
1625 3175 1812 3230 magna
1837 3178 1849 3212 :

331 3264 552 3333 Magrms
582 3278 640 3316 es
667 3261 775 3325 Bel,
808 3268 860 3314 et
887 3274 993 3313 non
1026 3268 1105 3313 est
1135 3256 1277 3327 apud
1302 3264 1354 3309 te
1381 3254 1523 3308 ullus
1537 3251 1712 3306 dolus.

408 3430 488 3484 l8.
531 3429 594 3482 Et
620 3427 738 3483 risit
764 3427 967 3490 Daniel,
1000 3437 1052 3481 et
1086 3426 1255 3480 tenuit
1288 3439 1485 3494 regem,
1520 3439 1586 3477 ne
1612 3421 1857 3492 ingrede-

333 3531 479 3575 retur
503 3524 665 3578 intro,
714 3526 767 3571 et
814 3518 981 3571 dixit:
1012 3515 1145 3571 Vide
1202 3530 1341 3568 nunc
1389 3514 1769 3583 pavimentum,
1804 3523 1859 3566 et

334 3611 715 3670 animadverte,
740 3607 894 3676 cujus
930 3607 1152 3675 vestigia
1192 3612 1319 3659 sunt
1348 3604 1482 3658 haec.

405 3700 489 3753 19.
530 3698 594 3752 Et
621 3698 754 3751 dixit
782 3713 908 3751 rex:
940 3695 1105 3749 Video
1127 3694 1348 3762 vestigia
1379 3694 1613 3747 virorum
1633 3734 1647 3758 ,
1673 3700 1725 3746 et
1748 3706 1858 3745 mu-

336 3790 547 3853 lierum,
579 3797 631 3841 et
665 3787 1008 3857 parvulorum
1040 3800 1055 3837 :
1089 3794 1142 3837 et
1174 3784 1342 3837 iratus
1368 3798 1480 3836 rex.

404 3877 650 3931 9.0.Tunc
665 3875 1009 3944 apprehendit
1031 3873 1355 3935 sacerdotes,
1368 3880 1421 3925 et
1436 3886 1627 3925 uxores
1652 3885 1858 3933 eorum,

336 3980 392 4022 et
422 3968 555 4020 filios
592 3979 775 4019 eorum
796 3982 809 4017 :
832 3973 884 4017 et
911 3963 1260 4015 ostenderunt
1284 3962 1333 4014 ei
1366 3961 1679 4015 abscondita
1701 3961 1860 4022 ostia,

338 4071 434 4126 per
458 4070 575 4123 qua:
603 4053 1051 4121 ingrediebantur,
1084 4058 1138 4103 et
1165 4050 1547 4104 consumebant
1572 4064 1691 4119 qua:
1713 4057 1865 4105 erant

340 4160 397 4198 ιιι
431 4157 636 4197 mensa.

411 4231 500 4286 21.
540 4229 744 4283 Occidit
778 4242 904 4295 ergo
931 4226 1073 4290 illos,
1103 4234 1158 4278 et
1179 4226 1266 4279 Bel
1301 4226 1519 4279 tradidit
1550 4227 1604 4281 in
1631 4235 1866 4296 potesta-
1906 4262 1909 4265 η

343 4331 451 4375 tem
479 4320 729 4383 Danielis,
760 4319 853 4387 qui
877 4317 1141 4371 subvertit
1165 4332 1307 4384 eum,
1346 4327 1400 4374 et
1444 4319 1697 4387 templum
1726 4319 1856 4389 ejus.

1966 4322 2128 4417 team
2163 4320 2508 4417 .‘BQ~Athl)K,
2550 4326 2650 4380 καὶ
2681 4330 3089 4404 κατέστρεψεν
3150 4317 3421 4417 αὑτὸν,

410 4511 500 4565 2‘2.
536 4510 601 4565 Et
633 4519 748 4565 erat
779 4511 940 4567 draco
965 4525 1191 4582 magnus
1245 4510 1301 4565 in
1363 4511 1481 4568 loco
1525 4520 1581 4567 et
1622 4510 1868 4568 colebant

342 4617 465 4658 eum
489 4600 785 4670 Babylonii.

412 4692 501 4745 25.
540 4688 604 4743 Et
624 4690 758 4744 dixit
784 4705 878 4746 rex
913 4690 1116 4744 Danieli
1148 4709 1161 4744 :
1191 4689 1326 4746 Ecce
1362 4706 1505 4745 nunc
1557 4705 1662 4744 non
1715 4698 1869 4760 potes

345 4783 541 4842 dicere,
568 4779 693 4849 quia
718 4794 824 4833 non
870 4780 939 4834 sit
976 4780 1077 4835 iste
1130 4778 1269 4836 Deus
1294 4780 1509 4834 vivens:
1552 4781 1715 4833 adora
1741 4794 1870 4848 ergo

345 4886 490 4925 eum.

414 4981 504 5035 24.
541 4980 605 5034 Ει
634 4980 767 5034 dixit
790 4980 971 5034 Daniel
1002 4997 1017 5035 :
1044 4979 1325 5036 Dominum
1359 4980 1523 5036 Deum
1547 4995 1724 5035 meum
1742 4981 1871 5036 ado-

350 5073 514 5126 rabo:
538 5071 664 5139 quia
686 5073 797 5140 ipse
823 5081 905 5127 est
933 5072 1073 5128 Deus
1096 5074 1300 5127 vivens.

417 5181 507 5235 25.
543 5180 623 5234 Tu
644 5191 836 5248 autem,
864 5200 975 5249 rex,
1003 5184 1070 5238 da
1096 5185 1224 5238 mihi
1242 5192 1574 5253 potestatem,
1592 5192 1643 5236 et
1669 5182 1871 5235 interﬁ-

354 5265 491 5319 ciam
510 5266 821 5400 l)draclpnem
875 5271 1074 5340 absque
1115 5271 1322 5340 gladio,
1371 5277 1424 5321 et
1483 5270 1639 5322 fuste.
1693 5266 1757 5319 Et
1802 5268 1875 5321 ait

356 5366 474 5400 rex:
555 5366 586 5400 ο
613 5353 649 5400 ti
690 5354 727 5400 i-

356 5366 474 5404 rex:
510 5353 586 5401 Do
613 5353 727 5406 tibi.

425 5457 512 5511 9.6.
538 5458 684 5512 Tulit
709 5475 833 5532 ergo
867 5466 1047 5521 Daniel
1076 5470 1266 5538 picem,
1292 5481 1345 5523 et
1382 5469 1612 5539 adipem,
1637 5478 1688 5524 et
1718 5470 1871 5539 pilos,

358 5553 417 5600 et
452 5548 592 5601 coxit
643 5551 856 5618 pariter,
900 5554 1127 5625 fecitque
1173 5574 1395 5622 massas,
1441 5570 1493 5615 et
1552 5561 1695 5615 dedit
1738 5562 1791 5615 in
1818 5576 1877 5615 os

1935 1824 2336 1894 εἰσεπορεύοντο
2364 1821 2561 1885 διόλου,
2588 1817 2686 1871 καὶ
2706 1814 2958 1885 ἀνήλουν
2996 1810 3213 1865 αὑτά.

2006 1916 2092 1969 15.
2126 1914 2236 1966 Kal
2259 1912 2475 1980 ἐγένετο
2506 1909 2583 1971 ὡς
2613 1906 2846 1976 ἐξῆλθεν
2888 1903 3177 1964 ἐκεῖθεν,
3256 1898 3396 1953 καὶ
3440 1897 3482 1950 ὁ
3525 1896 3723 1967 βασι-

1937 2004 2058 2066 λεὺς
2104 2001 2377 2073 παρέθηκε
2430 1998 2503 2052 τὰ
2545 1997 2822 2069 βρώματα
2856 1992 2944 2064 τῷ
2975 1992 3157 2062 Βήλ·
3210 1991 3354 2045 καὶ
3422 1988 3724 2054 ἐπέταξε

1939 2092 2133 2160 Δανιὴλ
2166 2092 2278 2151 τοῖς
2321 2087 2629 2157 παιδαρίοις
2656 2083 2829 2138 αὐτοῦ
2852 2122 2869 2149 ,
2905 2083 3016 2136 καὶ
3048 2083 3386 2153 ἤνεγκαν
3424 2077 3721 2151 τέφραν,

1941 2183 2033 2234 καὶ
2064 2180 2381 2234 κατέσεισαν
2410 2179 2531 2231 ὅλον
2557 2177 2649 2230 τὸν
2676 2176 2810 2229 ναὸν
2838 2173 3111 2227 ἐνώπιον
3141 2172 3285 2226 τοῦ
3346 2170 3724 2242 βασιλέως·

1942 2272 2034 2324 καὶ
2054 2270 2356 2336 ἐξελθόντες
2378 2268 2628 2321 ἔκλεισαν
2654 2268 2759 2335 τὴν
2783 2265 2999 2335 θύραν,
3030 2262 3152 2316 καὶ
3184 2261 3731 2335 ὲσφραγίσαντο

1944 2364 2001 2415 ὲν
2027 2360 2102 2431 τῷ
2119 2360 2379 2429 δακτυλίῳ
2411 2357 2505 2411 τοῦ
2538 2357 2838 2427 βασιλέως,
2875 2356 2986 2409 καὶ
3034 2354 3406 2425 ἀπῆλθον.

2018 2452 2102 2508 14.
2132 2453 2193 2504 Ol
2221 2450 2276 2503 δὲ
2302 2450 2464 2521 ἱερεῖς
2506 2448 2764 2517 εἰσῆλθον
2791 2446 2903 2516 τὴν
2948 2445 3163 2500 νύκτα
3214 2444 3419 2499 κατὰ
3461 2444 3545 2498 τὸ
3580 2443 3729 2507 ἔθος

1947 2539 2120 2593 αὐτῶν
2146 2538 2316 2603 αὐτοὶ,
2347 2537 2441 2589 καὶ
2484 2536 2542 2588 al
2567 2537 2842 2603 γυναῖκες
2881 2534 3124 2599 αὐτῶν,
3173 2535 3316 2588 καὶ
3385 2533 3481 2587 τὰ
3521 2534 3729 2587 τέκνα

1947 2630 2137 2695 αὐτῶν,
2167 2631 2259 2681 καὶ
2289 2627 2599 2695 κατέφαγον
2639 2626 2852 2687 πάντα,
2880 2626 2994 2679 καὶ
3029 2625 3365 2690 ἐξέπιον.

2018 2721 2103 2774 15.
2126 2719 2233 2772 Kal
2259 2717 2523 2787 ὤρθρισεν
2554 2719 2585 2769 6
2611 2716 2886 2786 βασιλεὺς
2922 2717 2994 2770 τὸ
3033 2718 3266 2789 πρωῒ,
3303 2721 3441 2774 καὶ
3474 2718 3735 2791 Δανιὴλ

1953 2809 2066 2881 μετ’
2089 2807 2268 2862 αὑτοῦ.

2021 2900 2106 2955 16.
2136 2899 2244 2950 Kal
2269 2892 2419 2949 εἶπεν
2449 2896 2479 2948 6
2504 2894 2769 2965 βασιλεύς
2786 2910 2801 2924 ⁸
2847 2896 3004 2950 Σῶοι
3030 2899 3100 2951 αἱ
3126 2901 3575 2970 σφραγῖδες,
3606 2904 3736 2956 Λα-

1950 2988 2099 3059 νιήλ;
2141 2988 2198 3039 '0
2227 2986 2284 3039 δὲ
2304 2982 2455 3039 εἶπεν
2474 3002 2488 3016 ·
2514 2985 2677 3051 Σῶοι,
2724 2986 2994 3055 βασιλεῦ.

2016 3076 2108 3129 17.
2134 3074 2243 3127 Kal
2274 3074 2490 3141 ἐγένετο
2528 3073 2647 3143 ἅμα
2700 3073 2766 3126 τὸ
2807 3075 3045 3140 ἀνοῖξαι
3084 3077 3221 3142 τὰς
3276 3080 3539 3151 Θύρας,
3585 3084 3739 3139 ἐπι.

1952 3165 2148 3234 mea;
2176 3166 2207 3216 6
2234 3162 2499 3249 .BGGLKED;
2525 3163 2620 3216 ἐπὶ
2663 3163 2770 3234 τὴν
2812 3166 3173 3234 τράπεζαν,
3224 3171 3496 3242 ἐϐόησε
3546 3178 3733 3249 φωνῇ

1956 3255 2161 3395 μεὲωὲ
2180 3270 2193 3284 ·
2230 3252 2419 3319 Μέγας
2448 3248 2501 3305 εἴ
2531 3252 2664 3324 Βὴλ,
2694 3254 2797 3307 καὶ
2821 3256 2935 3309 οὐκ
2960 3257 3102 3310 ἐστι
3146 3263 3369 3330 παρὰ
3410 3266 3521 3319 σοὶ
3553 3248 3736 3332 δόλος

1956 3360 2012 3395 ου
2093 3358 2190 3395 ε.ς.

1953 3358 2071 3395 ουοε
2093 3358 2117 3393 ε
2126 3358 2190 3402 ις.

2025 3431 2109 3484 18.
2142 3429 2249 3482 Kal
2279 3427 2505 3496 ἐγέλασε
2537 3429 2740 3500 Δανιὴλ
2760 3468 2776 3494 ,
2809 3431 2916 3485 καὶ
2963 3433 3333 3507 ἐκράτησε
3368 3442 3493 3497 τὸν
3542 3448 3735 3514 βασι-

1954 3519 2069 3584 λέα,
2098 3516 2188 3571 τοῦ
2204 3518 2277 3589 μὴ
2305 3517 2563 3571 εἰσελθεῖν
2586 3517 2717 3581 ἔσω,
2754 3522 2858 3573 καὶ
2884 3517 3063 3576 εἴπεν
3092 3541 3111 3556 ο
3158 3528 3322 3583 Ἴδε
3364 3532 3455 3603 δὴ
3483 3534 3564 3586 τὸ
3593 3535 3739 3589 E6:-

1957 3627 2073 3679 φος,
2104 3609 2197 3662 xal
2226 3607 2410 3676 γνῶθι,
2440 3608 2583 3672 τίνος
2605 3609 2679 3661 τὰ
2716 3609 2845 3681 ἴχνη
2878 3612 3113 3671 ταῦτα.

2026 3696 2111 3752 19.
2137 3696 2244 3749 Kal
2259 3690 2411 3748 εἶπεν
2438 3697 2466 3748 6
2489 3695 2779 3765 βασι>.εύς’
2828 3700 2989 3770 Ὀρῶ
3026 3704 3188 3776 [χνη
3254 3710 3545 3786 ἀνδρῶν
3567 3755 3589 3781 ,
3625 3715 3741 3771 καὶ

1955 3786 2248 3855 γυναικῶν,
2281 3785 2377 3838 καὶ
2406 3786 2634 3838 παιδίων
2655 3802 2670 3817 ο
2705 3789 2806 3841 καὶ
2832 3791 3167 3860 ὀργισθεὶς
3220 3801 3266 3853 ὁ
3312 3785 3677 3873 βαίσιλεὺς,

2026 3873 2116 3927 20.
2148 3873 2280 3925 Τότε
2318 3873 2577 3963 συνέλαϐε
2610 3875 2741 3938 τοὺς
2787 3879 3009 3948 ἱερεῖς,
3052 3886 3177 3938 καὶ
3218 3892 3371 3957 τὰς
3405 3900 3741 3963 γυναῖκας

1960 3963 2155 4028 αὐτῶν,
2190 3962 2382 4016 καὶτὰ
2409 3963 2576 4017 τέκνα
2617 3966 2826 4031 αὐτῶν,
2884 3973 2993 4024 καὶ
3036 3974 3334 4044 ἔδειξαν
3396 3988 3593 4059 αὐτῷ
3623 3990 3745 4045 τὰ-

2148 4053 2158 4059 ,
2231 4052 2249 4059 Α
2275 4052 2286 4059 ,
2447 4054 2464 4059 _
2497 4054 2509 4059 _
2545 4048 2575 4059 α
2680 4058 2685 4059 γ
3714 4032 3741 4055 ἱ

1960 4053 2203 4123 κρυπτὰς
2226 4052 2416 4123 θύρας,
2442 4054 2510 4107 δι’
2538 4048 2615 4110 ὧν
2642 4058 3132 4133 εἰσεπορεύοντο,
3196 4032 3343 4130 ἐζαὶ
3382 4032 3745 4138 ὲδέτ-Ξξιζξ

1961 4144 2028 4197 τὰ
2060 4143 2151 4196 ἐπὶ
2176 4144 2242 4213 τῇ
2267 4144 2535 4219 τραπέζῃ.

2031 4235 2121 4288 21.
2148 4234 2256 4332 καὶ
2283 4234 2883 4332 απέκτεινενῂαὑτους,
2928 4248 3040 4301 καὶ
3086 4252 3219 4307 τὸν
3275 4260 3435 4332 Βὴλ
3478 4266 3746 4324 ἔκδοτον

1972 4360 2508 4459 ;:.?:;..a6:c:ﬁ:.uyujn,
2552 4360 2650 4380 own
2682 4360 2853 4384 ιιιιευ
2871 4360 3089 4404 θρεψεν
3150 4360 3421 4417 αυτὸν,
3470 4360 3593 4410 καὶ
3634 4360 3747 4413 τὸν

1972 4511 2803 4668 εοῗῗέοῖἒῗέῗζιδιξῗέεἱῖιῗῗᾷῗ’
2840 4529 2902 4580 ἐν
2960 4548 3054 4603 ’⁸⁸⁵³
3109 4542 3364 4619 τ⁶π⁶¹³’
3414 4555 3544 4609 καὶ
3602 4559 3751 4612 ἐπ’

2039 4693 2467 4813 ῗὶἔῗαὲξξῑῖέν
2496 4701 2833 4813 .⁶,βαείλῖδς
2863 4710 2948 4779 τῷ
2974 4716 3279 4790 eam»
3340 4731 3520 4791 ἰδοοδ
3569 4740 3652 4813 δὴ
3680 4742 3754 4798 σε»

1972 4786 2193 4893 δύνασαι
2245 4788 2441 4893 εἰπεῖν,
2488 4792 2578 4893 δτι
2605 4793 2710 4848 οὐκ
2742 4796 2899 4854 ἔστιν
2933 4804 3124 4871 αὐτὸς
3159 4786 3343 4885 θεὸς
3387 4786 3756 4893 (clivia;

1973 4878 2344 4949 προσκύνησον
2375 4880 2546 4950 αὐτῷ.
3104 4870 3111 4871 ί
3274 4870 3281 4871 ί
3311 4870 3339 4885 ’
3391 4870 3566 4895 ““”⁹

2041 4991 2130 5045 24.
2160 4993 2269 5047 Kal
2298 4991 2451 5084 εἶπεν
2476 4999 2684 5071 Δανιήλ
2705 5018 2720 5033 '
2764 5007 2969 5082 Κυρίῳ
2994 5013 3085 5084 τῷ
3124 5018 3224 5075 Θε

1976 5085 2210 5152 κυνήσω,
2235 5084 2316 5136 ὅτι
2341 5078 2496 5149 οὗτός
2523 5089 2680 5145 ἔστιν
2706 5096 2737 5149 6
2768 5078 2909 5166 Θεδς
3014 5078 3169 5170 ζιῦν.

2044 5190 2133 5245 25.
2171 5193 2241 5245 Σὺ
2278 5193 2355 5257 δὲ,
2398 5194 2654 5269 βασιλεῦ,
2704 5208 2801 5273 δός

1977 5278 2256 5333 ἀποκτενῶ
2282 5281 2375 5335 τὸν
2403 5283 2688 5354 δράκοντα
2718 5299 2855 5355 ἄνευ

1980 5368 2071 5420 καὶ
2094 5362 2244 5421 εἶπεν
2271 5371 2299 5421 6
2327 5369 2615 5441 βασιλεύς·
2657 5387 2874 5463 Δίδωμί

3228 5025 3299 5097 ᾧ
3342 5048 3493 5102 μου
3546 5057 3756 5112 προσ.

2860 5232 2957 5286 μοι
3004 5217 3117 5311 τὴν
3162 5225 3521 5297 ἐξουσίαν
3550 5286 3573 5311 ’
3637 5252 3755 5303 καὶ

2891 5309 3222 5381 μαχαίρας.
3268 5326 3404 5379 και
3464 5309 3753 5404 ῥάϐδου,

2910 5411 3017 5451 σοι.
