3874 6348
259 287 401 349 Ἠθδ
1447 310 1473 331 ⁸
1616 327 1918 387 DANIELIS
1948 333 2093 387 CAP.
2130 338 2165 388 l.
2218 318 2247 359 ἰ
3337 346 3471 401 2906

276 411 595 524 καὶθέξωκεν
617 415 705 481 εἰς
730 420 800 524 ’ξδ
833 428 1024 524 ῗτόμα
1052 435 1144 488 τοῦ
1173 438 1471 508 δράκοντος,
1492 443 1589 495 καὶ
1608 447 1806 515 διερράῖ

1963 454 2240 517 draconis,
2283 464 2336 510 et
2384 456 2654 524 disruptus
2680 464 2759 511 est
2785 456 2980 512 draco:
3015 467 3067 512 et
3102 460 3227 514 dixit
3251 461 3466 523 Daniel:

278 510 309 616 ό
358 506 616 613 δράκων,
661 510 767 564 καὶ
818 510 987 574 εἶπεν
1043 506 1265 596 Δανιηλο
1307 530 1411 582 Ἴδε
1448 531 1514 583 τὰ
1549 506 1808 604 deﬁat-tat

1060 506 1265 596 ὶανιηλο
1307 530 1411 582 Ἴδε
1448 531 1514 583 τὰ
1549 506 1863 604 σεϐάσματα
1892 506 1934 515 ﬂ
1961 506 2245 616 Eccevqua':
2274 506 2367 601 vos

288 600 469 671 ὑμῶν.

355 692 451 745 27.
484 691 862 790 καὶιέγένετο,
888 698 967 762 ὡς
987 701 1220 771 ἤκουσαν
1237 708 1284 759 οί
1304 708 1640 777 Βαϐυλώνιοι,
1666 715 1858 782 ηγανά-

2024 714 2112 768 27.
2146 718 2210 782 Et
2238 715 2431 771 factum
2449 726 2529 770 est
2555 725 2612 768 ut
2657 717 2939 771 audierunt
3002 718 3291 790 Babylonii,
3328 723 3469 777 indi-

280 798 511 884 ιπησαὶι
561 783 722 884 λίαν,
752 789 852 884 καὶ
887 796 1325 865 συνεστράφησαν
1360 799 1450 851 ἐπὶ
1489 802 1578 854 τὸν
1614 803 1810 872 βασιλέα

1957 804 2098 871 gnati
2127 812 2252 858 sunt
2281 805 2636 868 vehementer,
2672 814 2721 858 et
2754 808 2994 860 conversi
3021 809 3272 866 adversus
3292 828 3467 884 regem

281 866 396 922 καῖ
429 866 595 925 εἷπον
615 889 630 902 ·
686 874 941 939 Ἰουδαῖος
993 880 1208 947 γέγονεν
1256 887 1283 937 6
1313 886 1555 954 βασιλεὺς
1575 929 1591 954 ,
1614 866 1717 943 *τὸν
1747 893 1811 959 B’r

1955 866 2202 946 dixerunt
2233 909 2248 946 :
2280 891 2491 946 Judazus
2522 892 2692 947 factus
2715 904 2794 947 est
2816 912 2938 949 rex:
2977 897 3064 951 Bel
3101 866 3382 966 destruxit:
3418 912 3470 958 et

278 962 649 1028 κατέσπασε,
696 964 918 1020 καὶτὸν
962 969 1225 1040 δράκοντα
1269 976 1568 1042 ἀπέκτεινε,
1616 981 1706 1032 καὶ¹
1730 983 1808 1034 τοί

1664 981 1706 1032 ιὶ
1730 983 1854 1044 τοὺς
1953 977 2234 1032 draconem
2259 979 2553 1044 interfecit,
2579 991 2629 1035 et
2658 984 2958 1038 sacerdotes
2981 987 3194 1041 occidit.

278 1052 461 1123 ἱερεῖς
493 1053 866 1120 κατέσφαξεν.

348 1140 451 1194 28.
490 1142 613 1192 Καὶ
634 1137 787 1193 εἷπον
810 1142 947 1210 πρὸς
957 1144 1046 1196 τὸν
1059 1145 1276 1215 βασιλέα
1303 1167 1319 1182 ·
1352 1151 1590 1219 Παράδος
1615 1157 1743 1225 ἡμῖν
1762 1159 1851 1213 τὸν

2020 1148 2107 1204 28.
2147 1150 2211 1203 Et
2236 1150 2485 1206 dixerunt
2507 1153 2572 1206 ad
2611 1169 2787 1223 regem
2832 1174 2846 1208 :
2898 1154 3070 1212 Trade
3100 1161 3255 1215 nobis
3282 1161 3464 1217 Danie-

269 1230 523 1301 Δανιὴλ,
542 1234 593 1282 εί
615 1231 674 1283 δέ
699 1232 798 1301 μὴ,
822 1234 1224 1306 ἀποκτενοῦμεν
1252 1256 1331 1301 σε,
1357 1243 1448 1294 καὶ
1464 1243 1551 1295 τὸν
1565 1240 1708 1297 οἶκόν
1723 1251 1799 1299 co:

1808 1265 1846 1302 j,
1951 1237 2076 1299 lem,
2107 1239 2339 1307 alioquin
2364 1240 2742 1298 interficiemus
2774 1253 2843 1309 te,
2862 1254 2915 1298 et
2934 1246 3150 1301 domum
3175 1258 3338 1303 tuam.

342 1318 444 1374 29.
490 1320 612 1371 Kal
640 1316 783 1373 εἶδεν
816 1323 845 1375 6
874 1323 1121 1391 βασιλεὺς
1141 1367 1156 1392 ,
1200 1330 1280 1381 ὅτι
1323 1333 1725 1399 κατεπείγουσιν
1753 1338 1849 1389 αὑ·-

2018 1328 2103 1382 29.
2144 1327 2288 1383 Vidit
2315 1345 2441 1400 ergo
2466 1347 2555 1385 rex
2578 1370 2595 1396 ,
2647 1334 2788 1402 quod
2832 1335 3181 1390 incitarentur
3214 1341 3266 1392 in
3298 1354 3355 1393 se
3382 1355 3463 1392 ve-

263 1408 365 1461 τὸν
406 1409 660 1478 σφόδρα,
696 1412 794 1463 καὶ
820 1413 1179 1480 ἀναγκασθεὶς
1211 1420 1517 1489 παρέδωκεν
1554 1423 1732 1486 αὐτοῖς
1760 1442 1793 1477 τι

1950 1418 2259 1471 hementer:
2290 1428 2342 1472 et
2382 1422 2701 1476 necessitate
2758 1425 3069 1493 compulsus
3125 1428 3342 1481 tradidit
3388 1431 3464 1482 eis

264 1503 491 1572 Δανιήλ
501 1541 519 1556 .

1950 1504 2235 1559 Dauielcm.

337 1592 442 1646 50.
473 1594 545 1645 Oi
572 1592 634 1643 δὲ
679 1591 873 1647 ἔϐαλον
908 1595 1069 1649 αὑτὸν
1112 1599 1191 1661 είς
1216 1597 1305 1652 τδν
1336 1599 1534 1656 λάκκον
1564 1602 1670 1656 τῶν
1698 1602 1844 1659 λεόν-

2015 1595 2103 1650 50.
2142 1595 2218 1650 Illi
2247 1606 2420 1651 autem
2447 1599 2713 1663 miserunt
2731 1615 2852 1655 eum
2881 1602 2935 1656 in
2956 1602 3130 1658 lacum
3157 1603 3392 1672 leonum,
3414 1616 3466 1661 et

256 1697 406 1741 των,
444 1680 552 1732 καὶ
576 1677 648 1751 ἦν
684 1683 803 1733 ἐκεῖ
820 1682 1030 1751 ἡμέρας
1067 1683 1145 1748 ἒξ.

995 1701 1030 1747 κς
1067 1683 1145 1748 ἒξ.
1946 1690 2062 1735 erat
2105 1682 2177 1735 ibi
2208 1684 2395 1739 diebus
2414 1700 2525 1738 sex.

336 1767 442 1822 31.
475 1764 672 1821 Ἦσαν
692 1769 752 1821 δὲ
786 1771 845 1822 ἐν
876 1770 954 1841 τῷ
988 1772 1173 1843 λάκκῳ
1204 1774 1341 1829 ἐπτὰ
1365 1776 1591 1846 λέοντες,
1621 1784 1714 1836 καὶ
1744 1783 1848 1837 ἐδί-

2011 1769 2098 1823 51.
2139 1769 2305 1824 Porro
2327 1782 2477 1825 erant
2498 1774 2551 1825 in
2580 1772 2701 1826 lacu
2729 1785 2929 1841 septem
2952 1774 3152 1840 leones,
3176 1784 3227 1828 et
3262 1776 3463 1829 daban-

260 1858 434 1910 δοντα
462 1858 662 1920 αὐτοῖς
693 1859 798 1928 τῆς
834 1861 1049 1930 ἡμέρας
1078 1863 1170 1916 δύο
1212 1864 1450 1935 σώματα,
1478 1872 1569 1922 καὶ
1596 1871 1686 1925 δύο
1714 1891 1790 1943 πρ

1943 1868 2029 1912 tur
2050 1860 2129 1914 eis
2161 1861 2397 1928 quotidie
2426 1863 2531 1914 duo
2571 1876 2817 1932 corpora,
2848 1874 2901 1917 et
2948 1865 3066 1918 dua:
3106 1878 3231 1917 oves
3270 1883 3283 1918 :
3338 1875 3464 1919 tunc

260 1947 415 2000 ϐατα
434 1965 454 1979 ο
488 1948 694 2001 τότεδὲ
723 1949 826 2000 οὐκ
846 1949 1003 2020 ἐδόθη
1024 1952 1225 2021 αὐτοῖς,
1261 1955 1346 2009 ἵνα
1384 1959 1727 2027 καταφάγωσι
1756 1980 1790 2015 τι

1941 1960 2117 2004 autem
2150 1966 2255 2006 non
2288 1961 2413 2007 sunt
2437 1952 2556 2006 data
2586 1955 2683 2017 eis,
2725 1963 2783 2009 ut
2822 1954 3136 2009 devorarent
3172 1954 3457 2010 Dauielem.

259 2038 511 2107 Δανιὴλ.

334 2127 439 2181 3‘2.
476 2127 595 2181 Kal
621 2123 692 2197 ἦν
718 2128 1041 2200 ’Δμϐακοὺμ
1062 2131 1091 2183 6
1108 2133 1387 2203 προφήτης
1411 2135 1467 2187 ἐν
1493 2138 1555 2207 τῇ
1602 2136 1839 2211 Ἰουδαίᾳ,

2008 2144 2096 2198 52.
2137 2144 2262 2198 Erat
2292 2154 2466 2197 autem
2494 2145 2788 2199 Ambacum
2820 2147 3074 2215 propheta
3114 2148 3165 2201 in
3191 2145 3459 2214 Judtea,et

260 2217 363 2269 καὶ
393 2216 575 2279 αὐτὸς
621 2216 836 2287 ἥψησεν
879 2218 1086 2288 ἕψημα,
1130 2222 1221 2273 καὶ
1248 2222 1529 2293 ἐνέθρυψεν
1550 2224 1740 2295 ἄρτους
1764 2246 1789 2280 ε

1941 2234 2051 2305 ipse
2072 2243 2285 2289 coxerat
2305 2235 2654 2302 pulmentum,
2681 2245 2733 2289 et
2766 2237 3041 2289 intriverat
3091 2254 3254 2305 panes
3299 2240 3350 2291 in
3380 2240 3456 2292 al-

260 2307 528 2376 σκάφην,
565 2307 665 2358 καὶ
697 2307 993 2377 ἐπορεύετο
1015 2311 1094 2371 εἰς
1120 2309 1180 2363 τδ
1198 2311 1371 2365 πεδίον
1397 2315 1710 2383 ἀπενεγκεῖν
1734 2334 1788 2370 το

258 2395 589 2449 θερισταῖς.
1652 2418 1659 2425 ‘

1939 2326 2089 2380 veolo
2124 2342 2137 2377 :
2170 2334 2225 2380 et
2256 2326 2364 2379 ibat
2384 2326 2437 2378 in
2463 2340 2731 2394 campum,
2753 2334 2811 2378 ut
2834 2326 3043 2380 aﬂ’erret
3066 2329 3411 2383 messoribus.

293 2412 589 2450 εοισταις.
1652 2418 1659 2425 ’

369 2412 530 2448 ισται
572 2436 589 2450 .
1652 2418 1659 2425 ο

326 2412 437 2540 Ξῖ).
476 2413 597 2537 Κιξὶ
644 2483 802 2540 εἷπεν
844 2487 1076 2556 ἄγγελος
1122 2492 1321 2561 Κυρίου
1365 2493 1442 2564 τῷ
1500 2496 1837 2567 ’Δμϐακούμο

2005 2501 2090 2553 55.
2129 2497 2375 2565 Dixitque
2410 2496 2627 2567 angelus
2657 2495 2868 2551 Domini
2893 2496 2958 2551 ad
2992 2496 3283 2563 Ambacum
3318 2497 3455 2552 :Fer

271 2573 602 2639 ’Δπένεγκε
631 2574 696 2626 τὸ
722 2575 945 2645 ἄριστον
986 2578 1015 2630 ὃ
1041 2578 1182 2648 ἔχεις
1214 2582 1293 2643 είς
1323 2581 1608 2637 Βαϐυλῶνα
1634 2587 1709 2656 τῷ
1739 2590 1801 2641 Aa

1954 2587 2237 2650 trandium,
2282 2585 2426 2655 quod
2482 2584 2665 2651 babes,
2720 2586 2776 2640 in
2809 2586 3126 2656 Babylonem
3170 2585 3371 2641 Danieli
3398 2588 3484 2640 in.

256 2662 391 2731 νιὴλ
424 2664 516 2724 είς
540 2662 636 2714 τὸν
674 2662 880 2716 λάκκον
906 2666 1016 2719 τῶν
1035 2666 1283 2721 λεόντων.

841 2681 880 2716 ιν
906 2666 1016 2719 τῶν
1035 2666 1283 2721 λεόντων.
1936 2678 2106 2732 lacum
2140 2678 2371 2731 leonum.

331 2753 433 2806 54.
477 2752 598 2804 Καὶ
635 2747 794 2805 εἶπεν
843 2754 1180 2826 Ἀμϐακούμ.
1219 2757 1405 2829 Κύριε,
1420 2757 1709 2837 Βαϐυλῶνα
1744 2764 1839 2837 οὐχ

2004 2766 2090 2820 54.
2128 2764 2192 2819 Ει
2216 2764 2350 2819 dixit
2369 2764 2659 2819 Ambacum
2687 2781 2702 2819 :
2734 2764 2978 2832 Domine,
3005 2763 3324 2835 Babylonem
3347 2782 3452 2821 non

258 2841 530 2911 ἑώρακα,
561 2842 658 2893 καὶ
685 2842 778 2894 τὸν
814 2841 1015 2901 λάκκον
1044 2844 1105 2896 οὐ
1131 2845 1395 2913 γινώσκω.
1412 2836 1435 2857 θ

1044 2844 1105 2896 οὐ
1131 2845 1395 2913 γινώσκω.
1412 2836 1435 2857 ⁸
1828 2836 1835 2837 ί
1933 2855 2063 2921 vidi,
2091 2864 2145 2909 et
2172 2856 2343 2909 lacum
2368 2855 2569 2909 nescio.

331 2930 440 2986 35.
472 2927 593 2979 Kal
619 2928 919 2981 ἐπελάϐετο
942 2931 971 2981 6
997 2931 1221 2999 ἄγγελος
1248 2935 1448 3003 Κυρίου
1471 2938 1568 3008 τῆς
1595 2942 1836 3010 κορυφῆς

2000 2947 2089 3001 55.
2125 2946 2191 3000 Ει
2216 2945 2562 3014 apprehendit
2586 2943 2804 3015 angelus
2828 2943 3297 3001 Dominiverticem
3312 2946 3447 3014 ejus,

254 3017 469 3082 αὑτοῦ,
506 3018 609 3069 καὶ
635 3016 913 3086 βαστάσας
936 3024 1035 3089 τῆς
1055 3022 1228 3094 κόμης
1252 3026 1350 3095 τῆς
1388 3030 1621 3099 κεφαλῆς
1651 3032 1784 3084 αὐτο

1933 3045 1985 3089 ει
2005 3043 2219 3103 portans
2246 3048 2396 3088 coma
2420 3033 2610 3101 capitis
2633 3034 2770 3102 ejus,
2812 3035 2991 3101 posuit
3028 3049 3150 3089 eum
3204 3034 3257 3087 in
3286 3033 3452 3103 Baby-

255 3112 476 3181 lﬂ'qxev
507 3110 680 3163 αὑτὸν
711 3109 792 3169 είς
813 3111 1103 3166 Βαϐυλῶνα
1124 3115 1304 3168 ἐπάνω
1319 3114 1409 3168 τοῦ
1433 3117 1652 3184 λάκκου,
1682 3121 1738 3173 ὲν
1758 3137 1785 3173 τ

1579 3134 1652 3184 ⁵υο
1682 3121 1738 3173 ὲν
1758 3120 1834 3191 τῷ
1860 3109 1901 3125 “
1930 3127 2050 3181 lone
2074 3140 2231 3194 supra
2260 3124 2432 3179 lacum
2454 3126 2507 3179 in
2537 3125 2738 3192 impetu
2762 3125 2987 3193 spiritus
3007 3125 3109 3179 sui.

256 3198 445 3270 ῥοίζῳ
474 3199 580 3251 τοῦ
613 3199 925 3269 πνεύματος
948 3200 1134 3255 αὐτοῦ.

328 3294 431 3347 36.
463 3294 585 3344 Καὶ
616 3292 848 3362 ἐϐόησεν
901 3293 1217 3363 Ἀμϐακοὺμ
1241 3293 1407 3362 λέγων
1430 3313 1445 3327 ο
1474 3298 1687 3367 Δανιὴλ,
1705 3299 1834 3353 λάϐε

1992 3300 2080 3353 56.
2119 3297 2183 3351 Et
2201 3300 2450 3352 clamavit
2473 3297 2785 3363 Ambacum,
2813 3298 2995 3353 dicens
3034 3315 3048 3352 :
3092 3296 3298 3361 Daniel,
3324 3297 3445 3352 tolle

252 3383 321 3434 τὸ
347 3383 614 3452 ἄριστον,
656 3382 685 3433 ὃ
710 3382 996 3435 ἀπέστειλέ
1030 3399 1110 3434 σοι
1138 3385 1165 3434 ό
1185 3384 1332 3446 Θεός.

1331 3426 1332 3433 η
1925 3386 2224 3457 prandium,
2250 3388 2392 3455 quod
2413 3388 2555 3440 misit
2586 3386 2679 3438 tibi
2704 3386 2861 3441 Deus.

332 3472 431 3525 57.
468 3469 585 3522 Kal
617 3466 772 3522 εἶπεν
791 3471 1018 3539 Δανιήλ·
1056 3471 1356 3542 Ἐμνησθης
1380 3475 1484 3544 γάρ
1503 3493 1602 3544 μου
1630 3479 1659 3531 ό
1681 3478 1828 3546 Θεὸς,

1995 3475 2079 3527 57.
2118 3472 2182 3526 Ει
2222 3475 2296 3525 ait
2354 3473 2574 3526 Daniel:
2617 3472 2949 3526 Recordatus
3010 3488 3069 3527 es
3118 3471 3315 3541 quippe
3340 3475 3442 3526 mei

250 3562 355 3613 καὶ
390 3560 505 3611 οὐκ
533 3558 897 3626 ἐγκατέλιπες
926 3558 1051 3622 τοὺς
1077 3560 1398 3626 ἀγαπῶντάς
1444 3579 1521 3615 σε.

1507 3599 1521 3613 ο
1929 3564 2088 3627 Deus,
2113 3572 2165 3616 et
2191 3579 2297 3616 non
2316 3563 2643 3630 dereliquisti
2665 3563 2943 3629 diligentes
2964 3571 3032 3615 te.

324 3650 431 3704 38.
494 3648 614 3700 Kal
655 3648 894 3710 ἀναστάς
948 3649 1142 3715 Δανιὴλ
1182 3649 1415 3717 ἔφαγεν·
1439 3653 1468 3703 6
1510 3652 1565 3704 δὲ
1608 3653 1829 3724 ἄγγελος

1994 3653 2081 3707 58.
2123 3650 2461 3720 Surgensque
2490 3649 2670 3703 Daniel
2708 3649 2956 3703 comedit.
3014 3649 3181 3703 Porro
3223 3650 3443 3718 angelus

244 3741 350 3795 τοῦ
388 3736 545 3791 Θεοῦ
574 3736 985 3806 άπεκατέστησε
1024 3737 1115 3790 τὸν
1158 3738 1471 3809 Ἀμϐακοὺμ
1498 3744 1774 3815 παραχρῆρ

1806 3762 1829 3799 ι
1925 3740 2019 3796 Dei
2043 3739 2276 3796 restituit
2290 3739 2584 3794 Ambacum
2607 3735 2890 3792 confestim
2916 3737 2969 3790 in
3003 3737 3179 3792 locum
3198 3737 3336 3804 ejus.

245 3832 349 3883 ἐπὶ
383 3828 490 3882 τὸν
521 3826 696 3879 τόπον
716 3824 901 3879 αὐτοῦ.

313 3920 425 3974 59.
473 3916 539 3968 '0
572 3915 631 3967 δὲ
652 3914 905 3984 βασιλεὺς
923 3911 1053 3985 ἦλθε
1076 3918 1141 3987 τῇ
1174 3918 1354 3989 ἡμέρᾳ
1382 3922 1447 3990 τῇ
1472 3920 1665 3991 ἐϐδόμῃ
1697 3939 1822 3974 πεν-

1992 3934 2080 3987 59.
2098 3930 2208 3985 Rex
2224 3940 2399 3985 autem
2420 3932 2563 3986 venit
2584 3931 2668 3986 die
2694 3932 2938 4002 septimo,
2953 3932 3235 4003 ullugeret
3258 3932 3440 3988 Danie-

242 4009 432 4081 θῆσαι
482 4005 585 4059 τὸν
617 4005 837 4075 Δανιὴλ,
867 4006 960 4058 καὶ
994 4002 1154 4077 ἦλθεν
1185 4008 1278 4059 ἐπὶ
1316 4009 1405 4077 τὸν
1452 4009 1645 4063 λάκκον
1670 4051 1687 4077 ,
1728 4028 1772 4064 an

1921 4020 2044 4085 lem,
2075 4030 2126 4075 et
2155 4020 2299 4075 venit
2328 4022 2393 4075 ad
2418 4021 2613 4088 lacum,
2638 4030 2693 4076 et
2712 4022 2961 4091 respexit,
2995 4033 3049 4077 et
3089 4002 3215 4079 ecce
3260 4023 3439 4078 Daniel

237 4092 569 4161 ἀνέϐλεψε,
598 4093 693 4144 καὶ
731 4092 841 4145 ἰδοὺ
859 4093 1054 4163 Δανιὴλ
1078 4092 1389 4164 καθήμενος.
1682 4134 1683 4137 η
1852 4144 1897 4201 D
1920 4111 2126 4166 sedens.

294 4186 418 4243 40.
461 4183 586 4236 Kal
611 4181 908 4253 ἀνεϐόησεν
942 4186 971 4236 6
1012 4183 1263 4252 βασιλεὺς
1293 4188 1438 4256 φωνῇ
1477 4187 1699 4259 μεγάλῃ,
1731 4189 1823 4243 καὶ

1986 4200 2073 4254 40.
2112 4199 2176 4255 Ει
2200 4200 2514 4255 exclamavit
2541 4215 2632 4255 rex
2662 4215 2791 4255 voce
2841 4215 3050 4271 magna,
3100 4212 3153 4255 et
3180 4201 3288 4255 ait:
3329 4199 3436 4254 lla--

226 4276 413 4333 εἶπεν
443 4291 461 4306 ο
488 4272 691 4340 Μέγας
716 4269 789 4339 εῐ,
827 4274 997 4343 Κύριε
1018 4277 1046 4327 6
1070 4273 1196 4337 Θεὸς
1220 4274 1311 4328 τοῦ
1342 4277 1555 4347 Δανιήλ.

1342 4277 1555 4347 Δανιήλο
1919 4304 2057 4359 gnus
2082 4305 2160 4353 es,
2191 4289 2413 4346 Domine
2434 4290 2571 4345 Deus
2591 4291 2844 4345 Danielis.

288 4368 423 4424 41.
465 4362 589 4416 Kal
632 4362 938 4415 ἀνέσπασεν
981 4364 1160 4420 αὐτόν.
1208 4364 1345 4427 Τοὺς
1387 4364 1443 4417 δέ
1488 4366 1685 4430 αἰτίους
1728 4370 1818 4438 τῆς

1986 4380 2075 4432 Η.
2115 4381 2430 4434 Etextraxit
2454 4395 2595 4434 eum.
2625 4379 2792 4433 Porro
2824 4378 2966 4445 illos,
2998 4381 3089 4448 qui
3128 4379 3436 4449 perditionis

218 4453 552 4515 ἀωλείας
589 4450 760 4505 αὑτοῦ
797 4451 1038 4519 ἐνέϐαλε,
1071 4454 1164 4506 καὶ
1197 4452 1609 4525 κατεϐρώθησαν
1649 4474 1748 4527 παρ

1918 4463 2034 4530 ejus
2065 4478 2225 4518 causa
2253 4463 2482 4529 fuerant,
2511 4465 2712 4533 injecit,
2742 4474 2795 4519 et
2819 4465 3056 4521 devorati
3087 4474 3212 4522 sunt
3234 4468 3287 4519 in
3307 4480 3432 4519 mo-

214 4550 461 4625 χρῆμα
491 4541 734 4595 ἐνώπιον
765 4539 954 4594 αὐτοῦ.

1917 4559 2099 4604 mento
2122 4565 2299 4604 coram
2327 4566 2410 4605 eo.
2520 4554 2530 4567 ‘

1442 4749 1781 4795 HBXAPLORUI
1810 4755 1925 4805 QUAE
1958 4756 2274 4797 ευρεεευιιτ.

1343 4882 1706 4952 DANIELIS
1794 4893 2046 4955 CAPUT
2117 4896 2447 4957 PRIMUM.

204 5061 421 5120 -ιιςπ
454 5058 593 5135 γ-ικ
630 5048 667 5101 2
738 5046 802 5101 Θ.
836 5044 933 5107 Είς
948 5045 1049 5113 γῆν
1074 5048 1323 5119 Σενναάρ.
1350 5048 1587 5117 Ἄλλος,
1616 5054 1734 5118 είς-ι

1990 5055 2044 5109 Ξ.
2081 5055 2212 5110 Heb.
2245 5058 2297 5111 in
2326 5066 2518 5112 terram
2551 5057 2737 5113 Senar.
2778 5054 2879 5111 Th.
2917 5058 3076 5132 Vulg.
3142 5064 3198 5118 in
3251 5071 3443 5121 terram

223 5140 627 5198 Βαϐυλῶνος.Ξ
801 5204 814 5215 _

1921 5148 2175 5203 Sennaar.
2208 5149 2375 5214 Alius,
2408 5151 2461 5204 in
2490 5160 2683 5205 terram
2714 5147 3030 5215 Babylonis.

238 5239 450 5291 τος-πε
493 5239 575 5282 3-,
610 5204 839 5284 ταωκὸ
871 5220 906 5273 3
977 5218 1038 5275 Θ.
1089 5222 1167 5292 τῷ
1198 5223 1458 5292 ’Δσφανέζ
1487 5225 1564 5296 τῷ
1596 5230 1768 5299 άρχιει

1985 5241 2038 5293 5.
2078 5238 2207 5293 Heb.
2234 5204 2505 5308 Asphenez
2525 5241 2782 5307 magistro
2813 5204 3187 5297 cunuchorum
3207 5258 3445 5299 suorum.

238 5322 438 5389 νούχῳ
467 5314 669 5368 αὑτοῦ.
706 5312 938 5375 ’Δοιλος
1003 5310 1290 5381 ’Λϐδιεζδρὶ
1314 5312 1609 5388 διδασκάλῳ
1627 5319 1768 5374 εὐνοί

1917 5328 2016 5383 Th.
2033 5329 2308 5398 Asphanez
2326 5332 2602 5399 pmposito
2621 5323 3005 5382 cunuchorum
3025 5346 3263 5386 suorum.
3276 5332 3447 5398 Alius,

238 5429 362 5483 κων
381 5404 582 5462 αὑτοῦ.
1915 5416 2195 5470 Abdiezdri
2244 5418 2495 5485 magistro
2562 5410 2949 5469 cunuchorum
3015 5433 3259 5477 suorum.
3289 5418 3449 5489 Vulg.

1913 5505 2182 5573 Asphenez
2204 5507 2479 5573 praeposito
2510 5500 2910 5559 cunuchorum.
