3874 6350
254 288 397 349 m5
1454 314 1481 337 ⁵
1624 332 1784 388 DANI‘

1956 338 2100 393 CAP.
2138 343 2173 393 ι.
2226 324 2257 365 ἰ
3178 352 3181 353 ’
3345 352 3479 407 2906

272 414 597 530 καὶέῗωκεν
620 418 709 484 εἰς
734 424 806 530 "=6
838 432 1032 530 στόμα
1060 441 1152 493 τοῦ
1180 444 1479 513 δράκοντος,
1499 448 1597 500 καὶ
1616 452 1799 521 διερῤά

1972 459 2248 523 draconis,
2291 470 2343 516 et
2392 462 2663 530 disruptus
2688 470 2767 517 est
2793 462 2989 518 draco:
3024 473 3075 519 et
3111 467 3235 520 dixit
3260 467 3474 529 Daniel:

274 513 305 621 δ
356 509 620 616 δράκων,
666 513 772 568 καὶ
824 514 994 579 εἶπεν
1051 509 1272 601 Δανιήλο
1314 534 1419 587 Ἴδε
1456 537 1522 588 τὰ
1556 509 1804 609 σεϐἀσίια·

1068 509 1272 601 ὶανιήλο
1314 534 1419 587 Ἴδε
1456 537 1522 588 τὰ
1556 509 1870 609 σεϐάσματα
1900 509 1942 521 ﬂ
1969 509 2253 621 ἐρξξξξεὲ
2281 509 2374 607 vos

362 696 457 749 27.
488 694 869 796 καὶὶέγένετο,
896 702 974 766 ὡς
994 706 1227 775 ἤκουσαν
1245 714 1292 764 οἱ
1312 713 1648 783 Βαϐυλώνιοι,
1674 721 1866 787 ἠγανά-

2032 719 2120 773 27.
2154 724 2218 787 Et
2246 721 2438 776 factum
2457 731 2537 776 est
2562 731 2619 774 ut
2665 724 2946 776 audierunt
3009 723 3299 796 Babylonii,
3337 730 3477 783 indi-

290 803 518 890 trpaa'v
565 788 729 890 lia»:-
759 794 859 890 καὶ
895 801 1333 870 συνεστράφησαν
1369 804 1458 856 ἐπὶ
1497 807 1586 859 τὸν
1622 808 1820 878 βασιλέα

1964 810 2106 877 gnati
2134 817 2259 864 sunt
2288 810 2644 874 vehementer,
2679 820 2729 864 et
2762 814 3002 866 conversi
3028 815 3280 871 adversus
3301 834 3475 890 regem

290 871 405 927 καῖ
438 871 602 929 εἷπον
620 893 636 907 ·
692 879 949 944 Ἰουδαῖος
1001 885 1216 952 γέγονεν
1263 892 1291 942 6
1320 891 1563 959 βασιλεὺς
1583 935 1598 959 ,
1622 871 1725 948 ’τὸν
1755 898 1820 965 Bt

1962 871 2210 951 dixerunt
2241 915 2256 951 :
2288 897 2499 951 Judaeus
2529 898 2699 953 factus
2723 911 2802 954 est
2824 918 2945 955 rex:
2984 903 3072 957 Bel
3108 871 3390 971 destruxit:
3425 918 3477 964 et

287 967 655 1032 κατέσπασε,
703 970 926 1025 καὶτὸν
969 973 1233 1045 δράκοντα
1277 981 1576 1047 ἀπέκτεινε,
1624 987 1714 1037 καὶ
1738 988 1817 1039 τοί

1671 987 1714 1037 :1
1738 988 1862 1049 τοὺς
1961 983 2242 1038 draconem
2267 985 2560 1049 interfecit,
2587 997 2637 1041 et
2666 990 2966 1044 sacerdotes
2989 992 3201 1047 occidit.

287 1056 471 1127 ἱερεῖς
502 1058 873 1125 κατέσφαξεν.

356 1144 461 1199 28.
499 1147 621 1197 Καὶ
640 1142 795 1199 εἷπον
818 1148 1054 1216 πρὸςτδν
1067 1150 1284 1220 βασιλέα
1311 1172 1327 1188 ο
1359 1156 1598 1224 Παράδος
1623 1162 1751 1231 ἡμῖν
1770 1164 1859 1218 τὸν

2027 1154 2115 1209 28.
2155 1156 2219 1209 Et
2244 1156 2493 1212 dixerunt
2515 1159 2579 1212 ad
2618 1174 2794 1229 regem
2839 1180 2853 1214 :
2905 1160 3077 1218 Trade
3108 1166 3262 1221 nobis
3290 1167 3471 1223 Danie-

278 1235 532 1305 Δανιὴλ,
550 1239 601 1287 εί
622 1236 681 1288 δὲ
707 1238 805 1306 μὴ,
830 1240 1230 1312 ἀποκτενοῦμεν
1260 1262 1339 1307 σε,
1364 1248 1455 1300 καὶ
1472 1248 1559 1301 τὸν
1572 1247 1715 1304 οἶκόν
1731 1256 1808 1304 ’σοι

1816 1271 1854 1308 ,,
1959 1243 2083 1305 lem,
2114 1245 2346 1313 alioquin
2371 1246 2750 1304 interficiemus
2781 1258 2850 1315 te,
2870 1260 2922 1304 et
2941 1252 3157 1307 domum
3183 1264 3346 1309 tuam.

350 1323 454 1379 29.
499 1325 619 1377 Καὶ
648 1321 791 1378 εἶδεν
824 1329 853 1380 6
883 1329 1129 1397 βασιλεὺς
1148 1373 1165 1398 ,
1208 1335 1287 1387 ὅτι
1331 1339 1733 1405 κατεπείγουσιν
1761 1343 1857 1395 αὺ-

2025 1334 2111 1388 29.
2152 1332 2296 1389 Vidit
2323 1351 2449 1406 ergo
2473 1353 2563 1391 rex
2586 1375 2602 1401 ,
2654 1340 2795 1408 quod
2840 1341 3188 1397 incitarentur
3222 1347 3274 1398 in
3305 1360 3363 1399 se
3389 1360 3470 1398 ve-

271 1413 373 1466 τὺν
414 1414 669 1484 σφόδρα,
704 1417 802 1469 καὶ
828 1418 1186 1485 ἀναγκασθεὶς
1218 1425 1525 1494 παρέδωκεν
1561 1428 1740 1492 αὐτοῖς
1767 1448 1801 1483 τε

1958 1424 2266 1477 hementer:
2297 1434 2350 1478 et
2390 1428 2708 1482 necessitate
2765 1431 3076 1499 compulsus
3133 1434 3350 1487 tradidit
3395 1437 3471 1489 eis

361 1508 527 1564 νιήλ.

1957 1511 2243 1564 Danielem.

361 1510 527 1562 νι’λ.

271 1510 460 1651 ΔᾶτιοἾ
482 1599 553 1650 Οἱ
580 1598 643 1649 δὲ
688 1596 881 1652 ἔϐαλον
916 1600 1077 1654 αὐτὸν
1119 1604 1198 1666 είς
1223 1603 1313 1657 τδν
1344 1604 1541 1662 λάκκον
1572 1607 1677 1661 τῶν
1706 1608 1801 1662 λεό·

1957 1511 2244 1564 Danielem.

2023 1601 2110 1655 '50.
2149 1601 2225 1655 Illi
2255 1612 2427 1657 autem
2454 1605 2720 1669 miserunt
2738 1621 2859 1661 eum
2888 1608 2942 1662 in
2964 1608 3138 1664 lacum
3165 1610 3399 1679 leonum,
3422 1622 3474 1667 et

266 1702 415 1747 των,
453 1686 561 1737 καὶ
584 1682 656 1756 ἦν
692 1688 812 1738 ἐκεῖ
828 1687 1037 1757 ἡμέρας
1075 1688 1153 1753 ἓξ.

1002 1705 1037 1752 ις
1075 1688 1153 1753 ἓξ.
1954 1696 2069 1741 erat
2112 1689 2184 1741 ibi
2215 1689 2402 1744 diebus
2421 1705 2532 1743 sex.

344 1773 451 1827 31.
484 1769 681 1826 Ἦσαν
700 1774 760 1827 δὲ
795 1776 853 1827 ἐν
883 1776 962 1846 τῷ
995 1777 1180 1849 λάκκῳ
1212 1780 1349 1834 ἐπτά
1372 1781 1599 1851 λέοντες,
1629 1790 1722 1841 καὶ
1751 1789 1856 1843 ἐδί-

2018 1775 2106 1829 3i.
2146 1775 2313 1829 Porro
2334 1789 2485 1831 erant
2506 1780 2558 1831 in
2588 1778 2708 1831 lacu
2736 1791 2937 1847 septem
2959 1780 3159 1846 leones,
3183 1790 3235 1835 et
3269 1782 3471 1835 daban-

268 1863 443 1915 δοντο
472 1863 670 1925 αὐτοῖς
702 1864 806 1933 τῆς
841 1866 1056 1935 ἡμέρας
1086 1868 1177 1922 δύο
1220 1869 1457 1941 σώματα,
1485 1877 1576 1928 καὶ
1603 1876 1693 1930 δύο
1722 1896 1798 1949 πρ

1951 1873 2037 1917 tur
2058 1865 2137 1919 eis
2169 1866 2404 1933 quotidie
2433 1868 2538 1920 duo
2579 1882 2825 1937 corpora,
2856 1880 2908 1923 et
2955 1871 3074 1924 dua:
3114 1885 3238 1924 oves
3277 1890 3289 1924 :
3346 1881 3471 1925 tunc

268 1952 424 2005 ϐατα
444 1969 463 1983 ο
497 1953 702 2006 τότεδὲ
731 1954 834 2006 οὐκ
853 1955 1011 2026 ἐδόθη
1032 1958 1233 2026 αὐτοῖς,
1269 1960 1353 2014 ἵνα
1392 1965 1735 2033 καταφάγωσι
1764 1985 1798 2021 τε

1949 1966 2124 2010 autem
2158 1972 2263 2011 non
2296 1967 2421 2013 sunt
2444 1958 2564 2012 data
2594 1960 2690 2023 eis,
2732 1969 2791 2015 ut
2829 1959 3143 2015 devorarent
3179 1959 3465 2015 Danielem.

267 2043 518 2113 Δανιήλ.

344 2132 448 2186 32.
485 2133 603 2186 Καὶ
628 2128 699 2202 ἦν
726 2133 1048 2205 ’Δμϐακοὺμ
1070 2137 1099 2188 6
1116 2139 1394 2209 προφήτης
1418 2141 1475 2192 ἐν
1501 2144 1563 2212 τῇ
1610 2141 1846 2217 Ἰουδαίᾳ,

2016 2150 2103 2204 52.
2144 2150 2269 2203 Erat
2299 2160 2474 2203 autem
2502 2151 2795 2205 Ambacum
2828 2153 3081 2221 propheta
3121 2154 3173 2207 in
3199 2151 3467 2220 Judzea,et

268 2221 374 2274 καὶ
403 2221 583 2284 αὐτὸς
628 2222 843 2292 ηψησεν
886 2224 1093 2293 ἕψημα,
1138 2228 1229 2278 καὶ
1256 2227 1537 2298 ἐνέθρυψεν
1558 2230 1748 2301 ἄρτους
1771 2252 1797 2286 ε

1947 2240 2059 2311 ipse
2079 2249 2293 2295 coxerat
2313 2241 2662 2308 pulmentum,
2689 2250 2740 2294 et
2773 2243 3048 2295 intriverat
3098 2259 3261 2311 panes
3306 2246 3357 2297 in
3388 2246 3463 2299 al-

269 2311 537 2381 σκάφην,
573 2312 672 2363 καὶ
704 2312 1000 2383 ἐπορεύετο
1023 2316 1101 2377 εἰς
1127 2315 1187 2368 τὸ
1205 2316 1379 2370 πεδίον
1405 2321 1717 2389 ἀπενεγκεῖν
1742 2340 1798 2376 το

1946 2332 2096 2386 veolo
2131 2347 2144 2383 :
2177 2340 2231 2386 et
2263 2332 2372 2384 ibat
2392 2332 2445 2384 in
2470 2346 2738 2400 campum,
2761 2340 2818 2384 ut
2841 2332 3050 2386 afferret
3073 2334 3419 2389 messoribus.

266 2400 596 2455 θερισταῖς.
1660 2424 1665 2431 ·

379 2417 540 2453 ισται
579 2440 596 2455 .
1660 2424 1665 2431 -

336 2417 447 2545 g5.
485 2418 604 2542 K21
650 2488 810 2546 εἶπεν
852 2492 1083 2561 ἄγγελος
1129 2497 1329 2567 Κυρίου
1373 2499 1449 2570 τῷ
1508 2502 1844 2574 ’Δμϐακούμο

2012 2506 2097 2559 53.
2137 2503 2382 2571 Dixitque
2416 2502 2634 2573 angelus
2664 2501 2875 2557 Domini
2900 2502 2965 2556 ad
2999 2502 3290 2567 Ambacum
3325 2503 3462 2559 :Fer

280 2578 610 2644 ’Δπένεγκε
638 2580 703 2632 τὸ
730 2580 953 2650 ἄριστον
993 2582 1023 2635 ὃ
1048 2584 1189 2654 ἔχεις
1221 2588 1301 2649 είς
1330 2587 1615 2642 Βαϐυλῶνα
1641 2593 1716 2662 τῷ
1746 2596 1810 2647 Aa

1962 2592 2244 2656 irandium,
2289 2591 2433 2661 quod
2489 2591 2672 2657 habes,
2728 2592 2783 2646 in
2816 2592 3134 2662 Babylonem
3178 2591 3377 2646 Danieli
3405 2594 3492 2646 in.

264 2666 401 2735 νιὴλ
434 2669 524 2729 είς
547 2666 644 2719 τὸν
681 2667 888 2721 λάκκον
914 2671 1023 2724 τῶν
1042 2671 1291 2726 λεόντων.

848 2686 888 2721 ιν
914 2671 1023 2724 τῶν
1042 2671 1291 2726 λεόντων.
1943 2683 2113 2737 lacum
2148 2683 2378 2736 leonum.

341 2757 442 2810 34.
486 2757 605 2809 Καὶ
643 2752 801 2809 εἶπεν
850 2758 1187 2830 Ἀμϐακούμ.
1226 2762 1413 2835 Κύριε,
1428 2762 1717 2843 Βαϐυλῶνα
1751 2770 1847 2843 οὐχ

2011 2772 2097 2825 54.
2134 2770 2200 2824 Ει
2224 2771 2357 2825 dixit
2376 2770 2666 2825 Ambacum
2695 2786 2709 2825 :
2742 2770 2986 2837 Domine,
3012 2769 3331 2841 Babylonem
3354 2788 3460 2827 non

265 2845 538 2915 ἑώρακα,
569 2847 666 2897 καὶ
692 2846 786 2899 τὸν
822 2847 1022 2901 λάκκον
1051 2849 1112 2901 οὐ
1138 2850 1403 2918 γινώσκω.
1420 2842 1443 2861 ’

1051 2849 1112 2901 οὐ
1138 2850 1403 2918 γινώσκω.
1420 2842 1443 2861 ⁸
1836 2842 1841 2843 ⁷
1941 2861 2070 2927 vidi,
2098 2870 2153 2914 et
2178 2862 2350 2914 lacum
2375 2861 2576 2914 nescio.

342 2934 447 2990 35.
479 2932 600 2984 Καὶ
626 2933 927 2987 ἐπελάϐετο
949 2937 978 2987 6
1004 2936 1229 3004 ἄγγελος
1256 2940 1456 3008 Κυρίου
1478 2943 1576 3013 τῆς
1602 2946 1843 3016 κορυφῆς

2008 2952 2097 3007 55.
2133 2951 2198 3005 Et
2223 2951 2569 3020 apprehendit
2593 2949 2811 3021 angelus
2835 2949 3304 3007 Dominiverticem
3319 2952 3454 3020 ejus,

261 3022 476 3086 αὐτοῦ,
513 3023 616 3074 καὶ
643 3022 920 3090 βαστάσας
944 3029 1041 3095 τῆς
1062 3027 1235 3099 κόμης
1260 3031 1357 3099 τῆς
1396 3035 1628 3104 κεφαλῆς
1658 3038 1791 3090 αὐτο

1941 3050 1992 3094 et
2013 3050 2226 3109 portans
2253 3054 2403 3094 coma
2428 3038 2617 3107 capitis
2640 3039 2777 3108 ejus,
2818 3041 2998 3108 posuit
3036 3031 3158 3094 eum
3212 3039 3264 3093 in
3294 3039 3458 3109 Baby-

262 3116 483 3185 ιθηκεν
514 3115 687 3169 αὐτὸν
718 3114 799 3174 είς
820 3116 1111 3171 Βαϐυλῶνα
1132 3120 1311 3173 ἐπάνω
1326 3120 1417 3173 τοῦ
1440 3122 1659 3189 λάκκου,
1689 3127 1745 3178 ἐν
1765 3142 1792 3178 τ

1586 3140 1659 3189 ῦυν
1689 3127 1745 3178 ὲν
1765 3126 1842 3196 τῷ
1866 3114 1909 3130 ν
1937 3133 2057 3186 lone
2081 3146 2239 3199 supra
2267 3130 2439 3185 lacum
2460 3131 2514 3184 in
2544 3131 2745 3199 impetu
2769 3130 2994 3199 spiritus
3014 3131 3116 3185 sui.

264 3203 452 3274 ῥοίζῳ
480 3204 587 3256 τοῦ
621 3204 933 3274 πνεύματος
955 3206 1141 3259 αὑτοῦ.
2718 3258 2721 3261 λ

336 3298 438 3351 36.
470 3298 592 3349 Καὶ
622 3297 854 3367 ἐϐόησεν
908 3297 1223 3368 Ἀμϐακοὺμ
1248 3299 1414 3367 λέγων
1438 3318 1452 3333 ο
1480 3303 1694 3373 Δανιὴλ,
1712 3304 1841 3359 λάϐε

1999 3305 2087 3358 36.
2126 3303 2190 3356 Et
2208 3305 2457 3357 clamavit
2479 3303 2792 3369 Ambacum,
2819 3304 3002 3359 dicens
3041 3322 3055 3359 :
3099 3302 3305 3368 Daniel,
3331 3304 3452 3358 tolle

259 3388 328 3439 τὸ
353 3388 621 3457 ἄριστον,
662 3386 692 3437 δ
717 3387 1003 3440 ἀπέστειλέ
1036 3405 1116 3439 σοι
1144 3390 1172 3440 6
1191 3389 1340 3452 Θεός.

1338 3432 1340 3439 ν
1931 3392 2231 3462 prandium,
2257 3394 2399 3460 quod
2420 3394 2562 3445 misit
2593 3392 2685 3444 tibi
2712 3392 2868 3446 Deus.

336 3476 437 3530 57.
475 3473 592 3526 Καὶ
624 3471 779 3527 εἶπεν
798 3476 1025 3544 Δανιήλ⁶
1062 3477 1363 3548 Ἐμνήσθης
1386 3481 1492 3550 γάρ
1511 3498 1609 3550 μου
1637 3484 1667 3537 ὁ
1688 3483 1835 3552 θεὸς,

2002 3481 2087 3533 57.
2125 3478 2189 3532 Ει
2229 3480 2303 3531 ait
2360 3478 2581 3531 Daniel:
2624 3477 2957 3532 Recordatus
3017 3495 3076 3533 es
3125 3477 3321 3547 quippe
3346 3480 3448 3532 mei

258 3566 359 3617 καὶ
394 3564 511 3616 οὐκ
540 3563 904 3630 ἐγκατέλιπες
933 3563 1057 3627 τοὺς
1084 3566 1404 3632 ἀγαπῶντάς
1450 3585 1528 3621 σε.

1514 3604 1528 3619 .
1936 3569 2096 3632 Deus,
2120 3578 2172 3621 et
2198 3583 2304 3621 non
2323 3568 2649 3636 dereliquisti
2672 3568 2949 3635 diligentes
2970 3577 3039 3621 te.

327 3655 437 3708 '58.
499 3653 620 3705 Καὶ
662 3652 901 3715 ἀναστάς
955 3655 1149 3720 Δανιὴλ
1189 3654 1421 3724 ἔφαγενο
1446 3659 1474 3709 6
1517 3657 1572 3710 δέ
1615 3659 1836 3729 ἄγγελος

2001 3658 2088 3712 58.
2130 3655 2467 3725 Surgensque
2497 3654 2678 3709 Daniel
2715 3655 2963 3709 comedit.
3021 3655 3187 3709 Porro
3229 3656 3450 3724 angelus

249 3745 352 3799 τοῦ
390 3740 552 3796 Θεοῦ
581 3741 991 3811 ἀπεκατέστησε
1030 3742 1122 3795 τὸν
1164 3744 1477 3814 Ἀμϐακοὺμ
1505 3750 1779 3820 παραχρῖη.

1812 3768 1836 3804 ι
1932 3746 2026 3802 Dei
2050 3742 2282 3801 réstituit
2297 3745 2591 3800 Ambacum
2614 3741 2897 3798 confestim
2923 3743 2976 3796 in
3009 3743 3185 3797 locum
3205 3743 3342 3810 ejus.

249 3837 351 3888 ἐπὶ
386 3833 496 3886 τὸν
527 3831 702 3883 τόπον
723 3829 907 3884 αὐτοῦ.

312 3924 429 3979 59.
479 3920 546 3971 ὐ
578 3919 637 3972 δὲ
658 3919 911 3989 βασιλεὺς
930 3916 1059 3990 ἦλθε
1082 3924 1147 3993 τῇ
1180 3924 1360 3995 ἡμέρᾳ
1389 3928 1454 3996 τῇ
1479 3927 1671 3996 ἐϐδόμῃ
1704 3944 1829 3980 πεν-

1998 3939 2087 3993 39.
2106 3936 2215 3991 Rex
2231 3946 2405 3991 autem
2427 3937 2570 3992 venit
2591 3937 2675 3991 die
2701 3938 2945 4008 septimo,
2960 3938 3242 4009 ut'lugeret
3264 3938 3446 3995 Danie-

244 4012 437 4085 θῆσαι
489 4009 591 4063 τὸν
623 4010 843 4079 Δανιὴλ,
873 4011 967 4063 καὶ
1001 4008 1160 4082 ἦλθεν
1191 4014 1284 4065 ἐπὶ
1323 4015 1412 4081 τὸν
1458 4014 1651 4069 λάκκον
1677 4056 1693 4083 ,
1734 4034 1774 4070 κ

1928 4026 2051 4091 lem,
2082 4036 2133 4081 et
2162 4027 2306 4081 venit
2335 4027 2400 4081 ad
2424 4027 2620 4094 lacum,
2646 4036 2700 4082 et
2719 4028 2968 4097 respexit,
3002 4040 3055 4083 et
3096 4008 3221 4084 ecce
3267 4029 3446 4084 Daniel

237 4096 574 4165 ἀνέϐλεψε,
603 4097 698 4148 καὶ
736 4096 847 4149 ίδοὺ
865 4097 1061 4168 Δανιὴλ
1084 4098 1396 4169 καθήμενος.
1858 4151 1904 4206 D
1927 4117 2133 4172 sedens,

293 4189 423 4246 40.
467 4187 592 4239 Καὶ.
616 4185 915 4258 ἀνεϐόησεν
949 4190 977 4240 6
1018 4188 1269 4257 βασιλεὺς
1299 4194 1445 4262 φωνῇ
1484 4193 1706 4264 μεγάλῃ,
1738 4194 1823 4248 καὶ

1993 4206 2079 4259 40.
2118 4205 2521 4261 Etexclamavit
2548 4221 2639 4261 rex
2668 4220 2798 4261 voce
2848 4220 3057 4277 magna,
3107 4218 3160 4261 et
3186 4207 3296 4261 ait:
3337 4204 3443 4261 Man

226 4280 418 4337 εἶπεν
449 4294 466 4309 ο
494 4276 696 4343 Μέγας
721 4274 794 4343 εἳ,
832 4278 1004 4347 Κύριε
1024 4281 1053 4331 6
1076 4278 1202 4343 Θεὸς
1226 4280 1318 4333 τοῦ
1348 4282 1562 4352 Δανιήλ.

1348 4282 1562 4352 Δανιήλ.
1926 4310 2064 4365 gnus
2089 4311 2167 4359 es,
2196 4295 2419 4352 Domine
2441 4296 2578 4351 Deus
2598 4297 2850 4351 Danielis.

290 4372 428 4427 41.
470 4366 594 4420 Καὶ
636 4366 945 4419 ἀνέσπασεν
989 4368 1166 4425 αὐτόν.
1214 4370 1351 4433 Τοὺς
1394 4370 1449 4422 δὲ
1494 4371 1692 4436 αίτίους
1735 4376 1820 4443 τῆς

1993 4385 2082 4437 41.
2122 4387 2187 4438 Et
2206 4387 2436 4440 extraxit
2460 4401 2602 4440 eum.
2631 4385 2799 4439 Porro
2830 4384 2973 4451 illos,
3007 4387 3097 4455 qui
3136 4386 3443 4455 perditionis

218 4457 556 4518 ἀπωλείας
593 4454 764 4509 αὑτοῦ
802 4455 1044 4523 ἐνέϐαλε,
1077 4459 1170 4511 καὶ
1203 4457 1616 4531 κατεϐρώθησαν
1656 4480 1748 4533 παε

1924 4468 2041 4535 ejus
2072 4484 2232 4523 causa
2258 4469 2488 4534 fuerant,
2517 4471 2719 4539 injecit,
2748 4479 2801 4525 et
2826 4454 3063 4527 devorati
3095 4454 3295 4528 suntin
3314 4487 3440 4526 mo-

215 4553 467 4628 χρῆμα
496 4544 738 4599 ἐνώπιον
769 4544 961 4598 αὐτοῦ.

1924 4565 2106 4610 mento
2129 4571 2306 4610 coram
2334 4571 2417 4611 eo.
2526 4560 2538 4573 '

1448 4755 1788 4801 HEXAPLORUI
1817 4761 1931 4811 QUE
1965 4762 2280 4803 ευρειευιιτ.

1350 4887 1713 4958 DANIELIS
1801 4899 2053 4961 CAPUT
2124 4901 2453 4963 PRIMUM.

241 5064 426 5121 ππ
458 5061 595 5138 γ-ικ
632 5052 670 5105 2
740 5050 805 5106 Θ.
839 5049 938 5112 Είς
953 5050 1055 5117 γῆν
1081 5052 1329 5122 Σενναάρ.
1356 5054 1594 5123 Ἄλλος,
1623 5059 1698 5121 είς
1723 5057 1771 5123 γὶ

1996 5061 2050 5115 2.
2086 5060 2218 5116 Heb.
2250 5064 2304 5116 in
2333 5073 2524 5119 terram
2557 5063 2743 5119 Senar.
2784 5060 2884 5116 Th.
2923 5063 3083 5139 Vulg.
3149 5070 3205 5125 in
3259 5079 3451 5128 terram

243 5144 630 5202 nasuta.va
804 5208 817 5221 _

1927 5153 2181 5208 Sennaar.
2213 5155 2381 5220 Alius,
2415 5157 2467 5210 in
2497 5166 2690 5211 terram
2720 5153 3037 5221 Babylonis.

237 5243 452 5294 νοτ-,ο
495 5242 576 5287 επ
612 5208 840 5289 τιξπγκι)
874 5224 910 5278 3
982 5223 1045 5278 θ.
1097 5226 1173 5295 τῷ
1205 5228 1465 5295 mem;
1493 5231 1570 5301 τῷ
1602 5236 1767 5304 ἀρχιει

1991 5247 2044 5299 5.
2084 5244 2212 5299 Heb.
2240 5208 2788 5314 Asphenezuniagistro
2818 5208 3193 5304 cunuchorum
3214 5267 3452 5307 suorum.

239 5325 441 5392 νούχῳ
469 5318 671 5372 αὑτοῦ.
708 5317 942 5379 Ἄλλος
1009 5314 1296 5383 ’Δϐδιεζδρὶ
1319 5317 1615 5394 διδασκάλῳ
1634 5324 1769 5380 εὐνοι

1924 5335 2022 5389 Th.
2039 5335 2314 5404 Aspbanez
2332 5338 2609 5405 praeposito
2626 5329 3009 5389 cunuchorum
3030 5352 3270 5393 suorum.
3283 5340 3454 5405 Alius,

238 5433 363 5486 κων
383 5408 583 5466 αὐτοῦ.
1922 5422 2201 5476 Abdiezdri
2250 5424 2501 5492 magistro
2569 5416 2951 5475 cunuchorum
3020 5439 3265 5484 suorum.
3296 5426 3456 5497 Vulg.

1920 5511 2188 5579 Asphenez
2209 5514 2485 5580 praeposito
2516 5507 2912 5566 cunuchorum.
