3874 6342
247 357 361 411 2925

245 471 322 521 ἰπὶ
353 471 472 530 τοὺς
497 476 917 544 καταλιπόντας
940 483 1193 554 διαθήκην
1228 486 1400 551 ἁγίαν.

1525 379 1833 449 DANlELlS
1868 380 2090 437 CAPUT
2130 383 2212 437 x1.

3272 399 3410 455 Μ

1886 498 2187 551 sanctitatis
2234 498 2297 551 Α.
2354 510 2402 553 et
2452 501 2722 567 cogitauit,
2795 511 2851 553 ut
2890 505 3162 558 deseratur
3198 519 3409 574 pactum

186 588 195 595 υ
243 566 533 619 sanctuarii.
580 566 686 623 Th.
732 571 902 663 Vulg.
949 586 1002 630 et
1054 580 1307 646 cogitabit
1352 583 1630 636 adversum
1682 600 1777 638 eos
1816 590 1904 658 qui
1936 588 2336 657 dercliqueruot
2370 566 2739 644 testamentum
2769 596 3052 647 sanctuarii
3092 566 3215 663 (Th:
3250 608 3411 652 testa-

242 666 453 706 mentum
488 661 800 730 sanctum).

240 751 407 830 ’ἂψ-ιτ)
434 744 493 830 δξ
578 747 830 815 Ἄλλος,
858 755 951 806 καὶ
971 754 1264 823 βραχίονες.
1285 756 1344 809 Θ.
1368 760 1459 810 καὶ
1481 760 1781 830 σπέρματα.

239 810 356 927 {sths
388 816 455 927 5’s
479 815 572 927 iam
606 835 680 887 36
763 810 1043 910 adﬁxae,
1076 810 1173 896 ’λαὶ
1226 810 1323 897 επὶ
1371 846 1459 897 τὸν

240 918 375 970 Θεῶν.
404 920 463 971 Θ.
491 918 671 975 ἱαεαι.

238 1017 406 1068 WJ
436 1020 721 1070 nsum-’3
804 1017 1052 1081 Ἄλλος,
1085 1056 1100 1073 .
1144 1057 1156 1070 .
1202 1061 1215 1074 .
1259 1058 1274 1073 .
1316 1060 1331 1073 .
1373 1060 1387 1073 .
1432 1064 1446 1076 .
1486 1024 1547 1075 Θ.
1572 1025 1650 1088 εἰς
1677 1024 1783 1094 γὰρ

240 1096 521 1148 συντέλειαν
541 1100 782 1164 γίνεται.
813 1106 1057 1171 Ἀλλος,
1081 1108 1173 1159 καὶ
1201 1110 1449 1179 σπουδήν.

232 1360 403 1445 επηεῆ
857 1368 960 1445 rm
996 1346 1098 1421 δώ
1132 1372 1292 1423 om»:
1326 1348 1611 1429 ’θῆκέ-,νη
1645 1367 1711 1420 37

229 1451 318 1523 ἶνΞῖ
353 1430 424 1500 NL)
916 1452 997 1503 Ἀ.
1026 1454 1117 1503 καὶ
1136 1456 1226 1505 ὲπῖ⁸
1260 1454 1390 1505 Θεὸν
1416 1453 1659 1522 πατέρων
1681 1455 1779 1506 αὑ-

229 1531 309 1581 τοῦ
332 1533 387 1583 οὐ
416 1536 665 1603 συνήσει,
730 1541 835 1589 καὶ
888 1540 977 1590 ἐπὶ
1005 1540 1295 1609 ἐπιθυμίαν
1343 1542 1627 1608 γυναικῶν,
1684 1543 1779 1596 καὶ

231 1620 307 1669 ἐπὶ
332 1621 501 1671 πάντα
552 1622 677 1674 Θεὸν
723 1627 788 1676 οὐ
838 1628 1077 1696 συνήσει.
1118 1629 1192 1680 0'.
1233 1668 1246 1681 .
1292 1668 1306 1681 .
1349 1668 1363 1681 .
1407 1667 1421 1681 .
1461 1630 1521 1682 Θ.
1558 1629 1651 1680 καὶ
1687 1629 1779 1680 ἐπὶ

230 1708 415 1772 πάντας
444 1710 602 1772 θεοὺς
644 1712 761 1763 τῶν
795 1716 1050 1783 πατέρων
1093 1715 1253 1768 αὑτοῦ
1295 1716 1355 1767 οὐ
1406 1716 1656 1784 συνήσει,
1687 1718 1779 1771 καὶ

230 1797 471 1865 ἐπιθυμία
500 1801 815 1861 γυναικῶν,
838 1803 933 1854 καὶ
962 1804 1052 1855 ἐπὶ
1083 1806 1189 1856 πᾶν
1220 1804 1338 1856 Θεὸν
1366 1805 1425 1856 οὐ
1461 1806 1697 1873 συνήσει.

1957 762 2043 812 5!.
2083 760 2243 813 Hebr.
2266 760 2414 813 Alius
2444 800 2458 823 ,
2489 759 2608 812 Vol.
2639 769 2690 813 et
2712 761 2949 815 brachia.
2986 762 3149 819 Th.et
3186 773 3407 826 semina-

1956 850 2041 901 36.
2086 850 2219 903 Heb.
2278 851 2445 911 Alius,
2476 860 2528 902 et
2575 866 2734 915 super
2796 851 2963 903 Deum
3015 855 3255 909 deorum.
3308 860 3408 914 Th.

1886 946 2051 990 vacat.
2086 936 2239 1006 Vulg.
2262 949 2313 989 et
2342 939 2598 990 adversus
2624 937 2786 991 Deum
2826 940 3067 993 deorum.

1954 1023 2020 1078 Η.
2047 1026 2169 1093 quia
2198 1026 2373 1079 decisa
2407 1035 2506 1088 est,
2532 1026 2668 1079 facta
2688 1035 2787 1079 est.
2811 1027 2893 1079 Al.
2926 1028 2977 1079 in
3012 1028 3127 1096 ipso
3151 1031 3291 1084 enim
3313 1034 3416 1087 erit

1885 1114 2296 1168 consummatio.
2351 1115 2449 1167 Th.
2484 1115 2535 1165 in
2586 1115 3101 1168 consummationem
3150 1119 3290 1172 enim
3326 1121 3408 1174 l'it.

1884 1201 1968 1253 Al.
2000 1210 2051 1253 ct
2082 1200 2494 1255 festinationem.
2514 1199 2635 1253 Vul.
2668 1208 2967 1268 perpetrata
2998 1200 3190 1269 quippe
3204 1213 3285 1258 est
3318 1204 3413 1259 de-

1883 1288 2070 1341 ﬁnitio.

1955 1376 2040 1429 57.
2069 1375 2209 1429 H.et
2244 1373 2583 1442 superDeum
2640 1384 2849 1441 patrum
2907 1390 3124 1430 suorum
3172 1393 3277 1430 non
3330 1378 3415 1432 in-

1887 1466 2102 1533 telliget,
2127 1472 2179 1518 et
2215 1478 2376 1531 super
2415 1464 2741 1517 desiderium
2792 1466 3096 1528 mulierum,
3156 1475 3210 1517 et
3252 1481 3415 1533 super

1882 1566 2093 1606 omnem
2132 1551 2287 1605 deum
2317 1566 2422 1603 non
2453 1551 2726 1617 intelliget.
2768 1552 2828 1603 A.
2860 1561 2911 1604 et
2936 1567 3092 1619 super
3129 1550 3293 1604 Deum
3320 1567 3409 1620 pa-

1884 1648 2025 1693 trum
2049 1655 2270 1695 suorum
2320 1653 2426 1691 non
2452 1638 2731 1706 intelliget,
2752 1647 2804 1691 et
2844 1654 3003 1706 super
3033 1640 3414 1707 concupiscen-

1884 1732 2008 1785 tiam
2040 1731 2343 1791 mulierum,
2369 1736 2422 1782 et
2452 1742 2611 1795 super
2639 1741 2852 1781 omnem
2883 1729 3043 1780 deum
3069 1744 3171 1782 non
3216 1729 3414 1781 intelli—

1884 1828 1985 1888 get.
2012 1817 2171 1880 LXX,
2214 1825 2267 1870 ct
2293 1816 2738 1883 concupiscentiis
2782 1817 3062 1869 mulierum
3088 1831 3190 1869 non
3231 1817 3413 1885 suhja-

1884 1908 2042 1961 ccbit.
2070 1906 2172 1958 Th.
2203 1914 2254 1958 et
2286 1918 2445 1972 super
2464 1918 2649 1957 omnes
2676 1904 2806 1958 deos
2830 1914 3040 1971 patrum
3066 1921 3279 1959 suorum
3305 1922 3413 1959 non

230 1994 473 2063 intelliget
506 2005 601 2049 :et
652 1998 1112 2065 concupiscentia
1162 1998 1484 2062 mulierum,
1534 2008 1587 2053 et
1631 2013 1790 2066 super
1840 2012 1998 2051 omne
2045 1996 2203 2049 deum
2259 2010 2363 2047 non
2418 1994 2692 2063 intelliget.
2758 1993 2873 2047 Vol.
2912 2003 2965 2047 et
3014 1994 3177 2047 Deum
3206 2007 3415 2063 patrum

232 2100 575 2159 suorumnon
608 2088 935 2154 reputabit:
978 2097 1031 2142 et
1081 2089 1183 2143 erit
1228 2089 1282 2143 in
1334 2090 1785 2159 concupiscentiis
1819 2088 2180 2147 t‘mminarum,
2211 2100 2307 2139 nec
2327 2100 2646 2153 quemquam
2669 2086 2887 2138 deorum
2917 2084 3143 2139 curabit.

230 2153 684 2233 cvrmn‘kxbuzs

229 2258 283 2313 Θ.
316 2260 442 2315 Θεὸν
469 2258 775 2333 Μαωζείμ.

228 2436 346 2487 am
376 2442 507 2490 wn
541 2445 645 2491 1::
690 2418 968 2497 rubii-av
1000 2443 1179 2497 mm
1214 2420 1428 2493 unus
1462 2444 1607 2497 mam
1647 2436 1712 2490 59

228 2527 401 2577 amca
434 2507 569 2605 p‘w
609 2534 809 2581 nia-rm
848 2533 1030 2580 nia-1:1
1061 2508 1317 2581 obviam-r1
1345 2534 1468 2581 ππ)
1503 2532 1637 2579 nam
1715 2522 1777 2576 Θ.

230 2609 312 2659 καὶ
354 2612 568 2678 ποιήσει
615 2614 735 2674 τοῖς
776 2612 1098 2681 ὀχυρώμασι
1134 2612 1239 2664 τῶν
1285 2613 1603 2678 καταφυγιῖη
1646 2612 1779 2679 μετὰ

230 2696 337 2748 θεοῦ
371 2699 676 2768 ἀλλοτρίου,
712 2701 812 2751 καὶ
862 2700 1120 2767 πληθυνεῖ
1169 2700 1323 2763 δόξαν
1346 2740 1361 2763 ,
1408 2701 1499 2751 καὶ
1533 2700 1780 2764 ὑποτάξει

230 2784 395 2846 αὐτοῖς
429 2787 688 2851 πολλοὺς,
730 2789 830 2839 καὶ
858 2788 957 2856 γῆν
978 2787 1144 2839 διελεῖ
1167 2788 1221 2837 ὲν
1243 2784 1452 2853 δώροις.

1957 2177 2041 2229 '58.
2082 2177 2213 2228 lleh.
2244 2175 2343 2228 Th.
2384 2185 2435 2227 et
2461 2176 2618 2229 deum
2653 2174 2900 2227 Maozim.
2954 2175 3019 2226 A.
3069 2173 3174 2227 Deo
3206 2172 3415 2227 fortitu-

1885 2263 2091 2316 dinum.
2119 2260 2279 2327 LXX,
2309 2260 2475 2313 Deum
2498 2260 2873 2315 fortissimum.
2915 2259 3029 2312 Vul.
3051 2259 3215 2313 Deum
3238 2272 3413 2314 autem

1882 2349 2129 2402 Maozim.
2908 2410 2911 2413 _

1951 2438 2035 2488 59.
2074 2435 2139 2488 ll.
2166 2435 2229 2487 Et
2274 2435 2431 2488 faciet
2469 2434 2851 2487 monitionibus
2895 2433 3118 2488 Maozim
3153 2450 3275 2487 cum
3312 2434 3414 2487 dco

1878 2524 2069 2586 alieno,
2100 2539 2255 2590 quem
2294 2532 2546 2589 agnoscet
2588 2538 2601 2573 :
2654 2523 3024 2589 multiplicabit
3082 2522 3325 2591 gloriam,
3364 2530 3417 2573 et

1880 2612 2147 2664 doininari
2184 2611 2340 2664 faciet
2364 2626 2459 2665 eos
2486 2612 2539 2663 iu
2563 2612 2743 2664 multis
2775 2629 2788 2664 :
2828 2621 2881 2664 et
2912 2620 3110 2665 terram
3141 2612 3336 2664 dividet
3356 2610 3413 2663 iu

1885 2700 2080 2766 pretio.
2122 2700 2223 2752 Th.
2265 2698 2329 2752 Et
2361 2700 2520 2753 faciet
2542 2700 2595 2752 iu
2634 2700 3019 2752 munitionibus
3043 2698 3413 2767 coniugiorum

1885 2801 2005 2837 cum
2036 2787 2133 2838 deo
2166 2786 2340 2839 alieno
2366 2805 2379 2839 :
2419 2795 2471 2839 et
2513 2786 2883 2855 multiplicabit
2922 2788 3141 2856 gloriam
3170 2806 3184 2840 :
3216 2797 3267 2840 ct
3290 2788 3414 2841 sub-

227 2873 364 2938 jicict
392 2876 525 2944 ipsis
554 2876 809 2929 multos:
845 2884 896 2927 et
930 2883 1127 2929 terram
1150 2874 1349 2927 dividet
1393 2874 1443 2926 in
1473 2873 1646 2927 donis.
1666 2873 1787 2926 Vul.
1824 2872 1887 2925 Et
1937 2873 2097 2926 faciet
2147 2882 2205 2926 ut
2239 2874 2441 2927 muniat
2504 2873 2729 2928 Maozim
2763 2890 2886 2928 cum
2923 2876 3022 2929 deo
3046 2876 3417 2944 alieno,quem

231 2964 488 3030 cognovit,
514 2972 573 3016 et
611 2962 1004 3030 multiplicabit
1049 2961 1271 3031 gloriém
1296 3002 1311 3025 ,
1334 2971 1386 3014 et
1412 2961 1558 3013 dabit
1580 2963 1656 3014 eis
1682 2970 1990 3028 potestatem
2028 2964 2078 3013 in
2109 2964 2310 3023 multis,
2349 2971 2401 3015 et
2432 2972 2623 3015 terram
2659 2964 2859 3016 dividet
2890 2966 3146 3031 gratuito.

230 3062 381 3135 quam
408 3054 476 3105 40
548 3052 614 3106 Θ.
644 3054 745 3105 καὶ
786 3050 1085 3120 συντρίψει.
1118 3052 1355 3115 Ἀλλος,
1392 3053 1447 3103 ὲν
1479 3053 1595 3114 ταῖς
1626 3068 1788 3103 κατα-

233 3158 463 3193 κλυσεσι.

232 3237 355 3290 um
389 3239 554 3313 Vm:
581 3230 647 3283 41
731 3229 797 3281 Θ.
822 3230 901 3291 εἰς
923 3228 1020 3280 τὶεν
1048 3227 1150 3295 γῆν
1177 3226 1269 3279 τοῦ
1301 3226 1555 3294 meum.

231 3384 375 3457 ἦτον
410 3411 575 3458 ινα-ππ

234 3489 404 3539 πολλοί
429 3489 858 3557 ἀσθενήσουσιν.

233 3584 324 3632 im
356 3553 641 3659 τωρ-νιν
684 3561 802 3631 arb
838 3579 976 3629 cum
1011 3579 1095 3657 ra
1127 3579 1284 3659 mss
1315 3553 1448 3659 thro:
1470 3576 1612 3659 sum
1650 3569 1717 3659 εδ

232 3654 455 3742 πΡ-η(
512 3664 595 3716 Ἀ,
643 3702 657 3715 ,
706 3700 724 3715 .
771 3699 785 3715 .
830 3698 845 3712 .
890 3700 903 3713 .
947 3696 961 3711 .
1122 3697 1133 3710 .
1179 3696 1192 3710 .
1233 3657 1287 3707 Σ.
1334 3655 1425 3707 καὶ
1466 3654 1786 3717 ὲκτενεῖτὰς

236 3752 426 3819 σκηνὰς
456 3750 828 3803 ἱπποστασίου
854 3746 1012 3800 αὑτοῦ
1050 3746 1247 3817 μεταξὺ
1280 3744 1384 3797 τῶν
1412 3744 1685 3795 θαλασσῶν
1708 3746 1782 3808 εἰς

232 3840 288 3889 τὸ
309 3839 429 3908 ὅρος
452 3840 553 3908 τῆς
582 3839 875 3907 δυνάμεως
906 3837 964 3889 τὸ
989 3837 1157 3902 ἆγιον,
1195 3836 1285 3909 καὶ
1328 3836 1444 3903 ἥξει
1485 3836 1587 3895 ἕως
1618 3835 1783 3904 ἄκρου

235 3928 409 3981 αὑτοῦ.
441 3932 519 3983 0'.
566 3968 581 3981 .
628 3966 645 3981 .
690 3967 706 3981 .
751 3966 767 3979 .
810 3928 872 3979 Θ.
916 3928 1008 3978 καὶ
1040 3925 1195 3995 πήξει
1236 3924 1332 3993 τὴν
1379 3925 1578 3993 σκηνὴν
1622 3924 1782 3976 αὐτοῦ

236 4016 504 4084 ὲφαδανῷ,
564 4016 846 4084 ἁναμέσον
909 4014 1187 4065 θαλασσών
1228 4014 1306 4074 εἰς
1361 4012 1482 4081 ὅρος
1544 4011 1782 4080 Σαεαεὶμ

236 4104 380 4171 ἅγιον
402 4145 418 4170 ,
451 4107 573 4174 ἥξει
609 4105 722 4166 ἕως
748 4105 945 4172 μέρους
969 4102 1149 4155 αὑτοῦ.

664 3395 1786 3451 Ἀ.......Σ.......Θ.καὶ

1956 3049 2041 3100 40.
2072 3050 2203 3103 lleb.
2254 3060 2307 3104 et
2356 3052 2654 3105 iuundabit.
2708 3051 2807 3106 Th.
2866 3052 2988 3107 Vul.
3054 3062 3108 3107 et
3159 3064 3415 3120 conteret.

1888 3132 2056 3194 Alius,
2087 3134 2137 3185 in
2178 3136 2632 3191 inundationibus.

1955 3222 2041 3274 41.
2082 3224 2242 3277 uelli“.
2276 3226 2326 3277 in
2354 3234 2545 3278 terram
2579 3228 2808 3281 decoris.
2840 3228 2940 3281 Th.
2987 3229 3041 3282 in
3096 3238 3290 3284 terram
3321 3231 3420 3287 Sa-

1888 3308 2049 3360 baim.
2081 3311 2199 3363 V'ul.
2234 3314 2283 3364 iu
2323 3324 2514 3365 terram
2558 3314 2844 3381 gloriosam

1955 3396 2020 3449 ll.
2045 3398 2108 3451 A.
2144 3399 2266 3453 Vul.
2295 3410 2346 3454 et
2374 3403 2554 3455 multa:
2585 3415 2855 3456 corruerat.
2883 3403 2944 3457 S.
2984 3413 3036 3459 et
3064 3407 3229 3459 multa
3255 3407 3415 3463 millia

1883 3498 2151 3540 corruent.
2175 3488 2279 3541 Th.
2307 3498 2361 3541 et
2391 3490 2542 3541 multi
2570 3490 3003 3545 inﬁrmabuntur.

1955 3574 2041 3627 45.
2076 3574 2136 3628 ll.
2166 3574 2230 3627 Et
2259 3576 2519 3643 plantabit
2543 3578 2882 3631 tabernacula
2934 3580 3115 3647 palatii
3164 3580 3247 3633 sui
3282 3581 3419 3633 inter

1886 3663 2053 3715 maria
2083 3663 2134 3715 in
2177 3673 2352 3717 monte
2388 3665 2595 3718 decoris
2626 3666 2947 3729 sanctitatis,
2975 3676 3027 3721 et
3052 3670 3224 3721 veniet
3250 3683 3418 3735 usque

1879 3752 1943 3803 ad
1975 3752 2333 3805 summitatem
2370 3753 2505 3819 ejus.
2544 3753 2608 3805 A.
2645 3752 2709 3806 Et
2727 3754 2985 3822 plantabit
3011 3756 3412 3809 tabernaculum

1887 3841 2119 3909 praetorii
2145 3842 2227 3895 sui
2261 3842 2313 3894 in
2336 3843 2586 3912 ἀφαδανῷ
2616 3843 2753 3897 inter
2778 3844 2947 3897 maria
2979 3844 3032 3897 in
3060 3853 3237 3898 metite
3252 3843 3416 3897 Sabin

1879 3928 2112 3997 glorioso
2141 3939 2195 3982 et
2218 3940 2424 3993 sancto,
2448 3940 2502 3985 et
2543 3932 2721 3986 veniet
2777 3946 2945 4001 usque
2992 3934 3055 3985 ad
3090 3934 3249 3986 tinem
3278 3932 3415 3998 ejus.

1889 4016 2091 4085 Symm.
2132 4033 2195 4069 ea:
2215 4018 2547 4088 Hieronymo.
2582 4019 2649 4073 Et
2678 4020 2924 4075 extendet
2958 4020 3248 4088 papiliones
3266 4018 3419 4085 equi-

1886 4114 2030 4159 tatus
2070 4107 2154 4161 sui
2199 4107 2339 4162 inter
2376 4110 2545 4163 maria
2594 4125 2755 4178 super
2812 4121 3046 4164 montem
3094 4108 3421 4164 fortitudinis

240 4204 500 4259 sanctum,
531 4204 589 4248 et
614 4195 800 4248 veniet
824 4207 996 4260 usque
1018 4192 1083 4244 ad
1118 4191 1365 4245 verticem
1390 4190 1782 4257 montis.LXX,
1821 4192 1884 4247 Et
1910 4204 2108 4249 statuet
2161 4196 2565 4252 tabernaculum
2598 4215 2754 4255 suum
2792 4211 2917 4253 tunc
2954 4200 3091 4253 inter
3135 4197 3324 4261 maria,
3364 4207 3421 4249 et

240 4290 470 4336 montem
503 4283 810 4336 voluntatis
870 4288 1136 4343 sanctum,
1179 4288 1233 4332 et
1288 4279 1466 4331 veniet
1494 4280 1624 4331 hora
1668 4283 2146 4339 consummationis
2200 4283 2337 4351 ejus.
2401 4285 2501 4339 Th.
2548 4295 2601 4339 et
2651 4286 2773 4354 liget
2823 4286 3221 4340 tabernaculum
3263 4298 3421 4337 suum

241 4367 291 4420 in
321 4367 615 4436 pradano
648 4370 791 4421 inter
817 4367 985 4420 maria
1014 4368 1067 4420 in
1101 4377 1277 4421 monte
1303 4366 1515 4420 Sabaim
1568 4378 1776 4435 sancto,
1805 4382 1856 4423 et
1886 4370 2059 4425 veniet
2089 4386 2255 4440 usque
2282 4373 2347 4425 ad
2379 4382 2578 4440 partem
2601 4374 2737 4442 ejus.
2766 4372 2888 4427 Vul.
2950 4375 3019 4427 Et
3070 4375 3194 4441 ﬁget
3244 4372 3422 4425 taber-

243 4462 487 4514 naculum
511 4476 679 4515 suum
711 4460 934 4528 Apadno
961 4458 1094 4512 inter
1121 4460 1310 4523 maria,
1359 4474 1518 4527 super
1546 4471 1776 4513 montem
1810 4461 2065 4529 inclytum
2098 4472 2153 4515 et
2181 4474 2423 4517 sanctqu
2466 4483 2479 4518 :
2507 4474 2560 4517 et
2589 4465 2767 4518 veniet
2814 4478 2983 4532 usque
3024 4463 3090 4517 ad
3141 4461 3420 4515 summita-

247 4558 345 4603 tem
373 4552 512 4620 ejus.

1070 4641 1240 4698 Notm
1274 4648 1333 4698 et
1368 4637 1550 4698 variae
1580 4637 1880 4699 lectiones
1919 4638 1994 4698 ad
2027 4654 2158 4714 cap.
2192 4639 2277 4699 XI
2304 4638 2608 4698 Danielis.
3128 4706 3169 4723 η

316 4740 375 4796 ν.
407 4742 493 4796 10.
529 4745 771 4807 Ἄλλος,
798 4742 1076 4808 δυνάμεων
1099 4741 1319 4795 πολλῶν.
1354 4741 1598 4794 Drusius.

1965 4738 2026 4791 ν.
2058 4740 2144 4792 50.
2178 4739 2389 4794 Hieron.
2425 4757 2438 4791 :
2478 4757 2495 4789 ι
2526 4749 2574 4793 et
2622 4738 2967 4807 percutiatur;
3013 4737 3234 4808 _sive_ut
3272 4737 3420 4792 alius

316 4810 376 4890 γέ
533 4811 954 4890 Hieronymus:
999 4827 1017 4857 ι
1055 4808 1268 4890 Terram
1309 4810 1699 4890 inclytam‘sive
1736 4817 1794 4862 ut

250 4876 380 4929 LXX
415 4876 945 4945 interpretatirsu-nt,
985 4878 1301 4939 voluntatis,
1364 4878 1465 4928 hoc
1504 4886 1621 4937 est,
1674 4893 1793 4945 quae

254 4943 575 5011 complaceat
606 4946 735 5007 Deo,
760 4944 1003 5011 Judaeum
1038 4945 1327 5011 signiticat,
1362 4954 1412 4995 et
1458 4945 1669 5010 proprie
1704 4943 1791 4998 Je-

254 5010 548 5066 rusalem...
584 5028 684 5079 pro
711 5024 855 5065 terra
882 5010 1105 5079 inclyta,
1135 5013 1272 5078 quod
1311 5012 1686 5079 interpretatus
1709 5023 1790 5065 est

260 5080 352 5147 Μ.
382 5096 539 5147 quem
570 5077 671 5133 nos
692 5083 743 5132 in
770 5081 887 5147 hoc
917 5078 1034 5147 loco
1063 5077 1226 5130 secuti
1262 5094 1473 5147 smmis,
1496 5077 1788 5131 Thoodotio

262 5144 423 5209 ipsum
485 5149 706 5200 verbum
763 5144 1085 5212 ltebraicum
1142 5145 1319 5210 posuit
1353 5146 1527 5212 ca6iv,
1561 5161 1658 5212 pro
1686 5160 1792 5212 quo

260 5212 397 5279 εγω.
428 5215 607 5277 vertit,
651 5224 852 5266 terram
882 5210 1220 5277 fortitudinis.
1254 5230 1281 5279 ξ
1323 5211 1418 5264 Ms.
1454 5210 1795 5267 Corbeiensis

265 5278 412 5333 habet
438 5282 599 5333 subir.
632 5280 1193 5347 TheodoretAus‘item.
1223 5278 1378 5330 Ἐνια
1401 5281 1504 5347 τῶν
1534 5281 1792 5347 ἀντιγρά-

264 5361 365 5416 {in}:
393 5350 447 5398 ἐν
484 5352 547 5416 τῇ
582 5351 650 5415 γῇ
679 5345 797 5416 ,τοῦ
818 5411 829 5416 _
850 5342 1235 5416 Xaﬁasiﬁflet
1257 5360 1270 5375 ·
1306 5348 1445 5409 τινὲς
1468 5342 1794 5416 νδὲγτὴντών

272 5408 739 5483 Ἑϐραίῳν”φὶυνὴν
784 5411 881 5483 εἰς.
916 5408 1258 5483 τὴν-,Έλὶέᾶδα
1308 5408 1794 5483 μεταϐεϐληὶςότων,

387 5474 640 5550 Demeae);
671 5474 780 5550 τὴν
814 5474 920 5539 γῆν
941 5474 1247 5550 nomen?
1277 5474 1587 5550 κεκλήκασι,

330 5545 381 5598 ν.
408 5541 500 5609 29.¹
534 5549 594 5599 '0
622 5541 851 5610 Σύρος»
887 5541 978 5591 καὶ
1006 5543 1063 5593 οὗ
1095 5541 1301 5613 ποιήὶςει
1333 5541 1441 5603 εις.
1476 5548 1717 5602 Drusius.

1891 4808 2267 4874 interpretatus
2289 4818 2390 4867 est,
2411 4818 2459 4859 et
2489 4806 2935 4859 committebantur
2977 4806 3045 4857 ei.
3084 4822 3104 4855 ι
3131 4806 3257 4868 Quae
3294 4819 3415 4874 per:

1893 4871 2061 4927 tinent
2097 4876 2163 4927 ad
2204 4892 2387 4926 vocem
2442 4875 2748 4927 Ilebraieam
2789 4883 2962 4934 nam,
3010 4888 3114 4925 non
3143 4882 3318 4925 autem
3349 4871 3417 4925 ad

1889 4951 2038 5003 nan.
2070 4951 2128 4995 ut
2154 4943 2456 5008 suspicatus
2483 4951 2565 4994 est
2598 4942 2839 4993 Drusius.

1957 5011 2089 5061 Ibid.
2122 5011 2218 5076 Aq.
2250 5018 2302 5061 et
2329 5009 2574 5073 cogitabit
2605 5018 2708 5076 etc.
2735 5008 3104 5076 Hieronymus.

1968 5076 2025 5129 V.
2063 5077 2148 5128 5t.
2179 5070 2424 5143 Ἄλλος,
2485 5077 2575 5126 καὶ
2608 5075 2899 5143 βραχίονες.
2932 5070 3173 5143 Drusius.
3228 5070 3415 5124 Hiero-

1888 5158 2079 5210 nymus
2112 5158 2233 5195 vero
2263 5160 2276 5194 :
2308 5160 2325 5191 ι
2358 5142 2460 5194 Pro
2490 5140 2728 5200 brachiis,
2751 5142 2905 5210 alius
2935 5140 3309 5210 interpretatus
3337 5150 3420 5195 est

1888 5204 2108 5263 sémina.
2142 5228 2159 5254 ι
2193 5211 2366 5280 [Alius
2398 5210 2522 5277 legit
2548 5218 2713 5289 n7???
2747 5204 2966 5274 basem]

1959 5310 2019 5364 V.
2050 5314 2137 5366 '56.
2169 5314 2396 5374 Ἄλλος,
2430 5312 2522 5361 καὶ
2540 5311 2630 5361 ἐπὶ
2655 5310 2742 5361 τὸν
2770 5307 2899 5359 Θεόν
2926 5315 3030 5361 etc.
3064 5306 3310 5361 Drusms.

1956 5397 2088 5451 Ibid.
2130 5397 2385 5450 llieron.:
2433 5414 2451 5444 ι
2499 5404 2787 5461 perpetrata
2827 5394 3010 5461 quippe
3044 5394 3277 5460 deﬁnitio
3317 5405 3417 5447 ut,

1890 5465 2012 5517 Sive
2037 5480 2091 5519 ut
2117 5468 2269 5526 alios,
2298 5466 2351 5513 in
2382 5463 2491 5525 ipso
2521 5464 2655 5513 enim
2683 5463 2778 5513 erit
2812 5461 3209 5514 consummatio.
3249 5478 3267 5510 ι

1962 5547 2021 5601 V.
2053 5549 2139 5602 3'1.
2168 5547 2379 5599 llieion.
2421 5561 2433 5595 :
2471 5562 2489 5593 ε
2521 5544 2655 5607 Quia
2690 5559 2813 5599 vero
2839 5543 2888 5596 in
2940 5542 3200 5598 llebraico
3224 5555 3322 5609 pro
3366 5562 3428 5599 eo
