3818 6374
178 322 306 377 2957

1530 335 1700 391 OSEE
1725 335 1946 392 CAPUT
1973 336 2058 391 Vl.

3232 330 3370 387 2938

1443 445 1641 506 OSEE
1709 448 1959 507 CAPUT
2003 449 2108 506 VI.

178 599 299 675 φη
328 588 356 641 1
434 589 517 655 0’,
550 589 791 659 ἥρπακε.
831 591 1073 657 Ἄλλος,
1100 591 1355 645 πέπαικε.

179 765 391 816 πει-τη
470 760 543 810 Ol
564 760 805 824 πάντες,
842 762 933 813 καὶ
962 761 1188 831 μοτώσει
1216 765 1377 832 ἡμᾶς.
1400 763 1737 819 Barberinus.

180 847 397 983 ξάκαὶ
450 848 867 917 μαλαγματίσει
909 852 1073 919 ἡμᾶς.
1136 852 1196 905 Σ.
1235 852 1446 917 ἄλλως,
1504 854 1741 923 ὲπιδήσει

220 950 253 983 υ.
294 949 341 983 ς.

220 949 341 991 μας.

220 934 341 991 ωας.

179 934 326 1077 Etim
350 1018 387 1070 2
475 1019 565 1073 Ἀ.
611 1020 670 1072 Σ.
698 1019 1009 1084 ἀναζωώσει
1033 1024 1197 1092 ἡμᾶς.
1223 1024 1298 1088 0',
1341 1025 1550 1092 ὑγιάσει
1574 1026 1737 1095 ἡμᾶς.

182 1107 251 1167 E’,
281 1107 457 1171 ὑγιεῖς
492 1106 776 1170 ἀποδείξει
808 1110 974 1177 ἡμᾶς.

180 1279 345 1328 rem
387 1280 562 1333 mrm
620 1273 657 1324 5
729 1274 787 1326 Σ.
818 1272 1033 1342 γνῶμεν
1100 1270 1192 1328 οὖν
1239 1277 1485 1331 σπεῦσαι.
1526 1280 1600 1344 0',
1648 1280 1738 1333 καὶ

182 1360 522 1427 γνωσόμεθα.
555 1359 871 1428 Διώξωμεν.
932 1362 1010 1427 E',
1068 1363 1437 1434 παιδευθῶμεν
1480 1361 1591 1432 οὖν,
1649 1368 1741 1419 καὶ

182 1445 547 1515 ἑπειχθῶμεν.

180 1624 324 1673 WB
357 1624 464 1701 rDJ
521 1626 699 1676 W3
768 1617 827 1668 Σ.
862 1617 941 1668 ὅτι
977 1617 1052 1679 ὡς
1095 1618 1285 1689 ὄρθρος
1316 1618 1504 1688 βεϐαία
1559 1624 1591 1691 ἡ
1625 1624 1740 1676 ἐπι-

183 1705 369 1770 φάνεια
394 1702 593 1755 αὑτοῦ.
629 1707 709 1768 0',
746 1703 820 1765 ὡς
835 1704 1028 1774 ὄρθρον
1061 1706 1273 1775 ἕτοιμον
1325 1709 1621 1779 εὑρήσομεν
1645 1712 1739 1763 αὑ-

180 1794 283 1844 τόν.

181 1973 387 2026 annm
411 1966 448 2019 4
524 1967 610 2031 0',
645 1965 708 2017 τὸ
732 1965 790 2018 δὲ
806 1965 954 2028 ἔλεος
983 1966 1153 2036 ὑμῶν.
1176 1969 1251 2034 E',
1267 1970 1296 2021 ὁ
1318 1970 1423 2039 γὰρ
1453 1970 1579 2039 περὶ
1600 1969 1739 2039 ὑμᾶς

182 2057 481 2126 οἰκτιρμός.

184 2234 359 2289 mn
387 2228 423 2281 5
513 2228 602 2281 ’A.
626 2227 693 2280 Θ.
726 2226 1051 2297 ἔλατόμησα.
1084 2228 1141 2280 Σ.
1183 2229 1281 2281 οὐκ
1320 2232 1639 2303 ἐφεισάμην.
1662 2236 1738 2297 0',

185 2317 497 2387 ἀπεθέρισα.
522 2318 611 2380 Ε’,
644 2317 896 2386 ὲξέκοψα.

183 2415 451 2486 11mm
530 2406 616 2462 0'.
656 2407 828 2459 καὶτὸ
856 2407 1028 2477 κρίμα
1066 2425 1187 2478 μου.
1218 2410 1447 2473 Ἄλλος,
1486 2412 1519 2479 ἡ
1543 2410 1742 2463 δικαιο-

186 2511 388 2563 κρισια.
650 2554 653 2557 λ

186 2592 309 2639 Dm
333 2592 492 2662 mp3:
522 2581 558 2634 8
651 2580 731 2631 Ἀ.
760 2580 1108 2650 περικαμπὴς
1134 2579 1239 2632 ἀπὸ
1255 2581 1501 2649 αἵματος.
1528 2581 1585 2631 Σ.
1616 2579 1743 2631 διῶ-

191 2686 304 2722 χται
334 2671 443 2723 ἀπὸ
474 2670 737 2738 αἵματος.
770 2671 845 2734 0',
870 2672 1213 2739 ταράσσουσα
1236 2669 1396 2740 ὕδωρ.
1425 2671 1499 2735 E',
1517 2671 1746 2723 ὑποσκε-

191 2759 401 2822 λίζουσα
430 2762 530 2811 καὶ
558 2759 941 2827 δολοφονοῦσα.

188 2939 364 2991 D’Tﬂ:
388 2938 508 2989 W’N
536 2938 694 2990 ’Di'Di
721 2930 754 2984 9
825 2930 882 2981 Σ.
918 2967 931 2982 .
966 2968 982 2983 .
1012 2969 1027 2983 .
1052 2968 1068 2985 .
1102 2968 1115 2981 .
1145 2930 1452 2999 ὑποκριτοῦ.
1486 2931 1561 2984 ’A.
1583 2931 1747 2994 εὐζώ-

187 3036 306 3073 νων.
335 3021 399 3073 Θ.
430 3019 725 3089 πειρατοῦ.
758 3016 833 3080 0',
862 3018 956 3071 καὶ
978 3021 1012 3087 ἡ
1038 3017 1186 3088 ἰσχύς
1216 3035 1314 3070 σου
1342 3020 1530 3091 ἀνδρὸς
1558 3037 1743 3089 πειρα-

187 3108 296 3164 οεοῦ.
322 3110 401 3175 Ε’,
424 3111 503 3173 ὡς
523 3109 688 3179 λοχδς
708 3108 1047 3178 πολυχειρίας
1074 3108 1381 3179 λῃστρικῆς.

190 3416 697 3491 παντων-πε
753 3420 915 3469 tam:
956 3421 1074 3471 nan
1154 3411 1232 3463 Ἀ.
1445 3409 1737 3475 Σ....υ’,

193 3502 427 3572 ῑκρυψαν
455 3502 633 3571 ἱερεῖς
660 3499 796 3564 ὁδὸν,
828 3500 1124 3566 ἐφόνευσαν
1149 3501 1364 3567 Σίκιμα.
1394 3496 1454 3551 Θ.
1483 3535 1498 3549 .
1532 3536 1548 3563 ,
1584 3536 1601 3553 .

1911 593 1963 647 1.
1995 590 2157 645 Hebr.
2192 588 2353 655 LXX,
2404 590 2598 659 rapuit.
2663 589 2811 644 Alius
2843 626 2859 655 ,
2914 586 3202 659 percussit.
3243 586 3369 641 ναι.

1844 680 2008 747 cepit.

1911 767 2071 820 llebr.
2107 775 2159 820 et
2187 766 2420 835 alligabit
2456 765 2635 821 fasciis
2651 781 2771 820 nos.
2813 763 3169 835 OmnesJ’uI.
3202 771 3256 817 et
3276 778 3373 818 cu-

1837 854 1973 908 rabit
2003 869 2120 908 nos.
2148 854 2481 919 Barberinus,
2504 852 2561 908 S.
2594 854 2910 924 malagmata
2937 860 3164 921 apponet
3193 851 3368 905 nobis.

1840 944 1898 997 S.
1926 944 2097 1007 aliter,
2138 943 2374 1011 alligabit
2396 958 2513 997 nos.
3106 950 3115 955 ’

1906 1032 1959 1084 2.
1982 1031 2113 1085 Heb.
2146 1030 2268 1085 Val.
2292 1030 2583 1085 vivificaliit
2604 1044 2721 1083 nos.
2743 1030 2807 1081 Δ.
2845 1026 2903 1081 8.
2927 1026 3243 1081 reviviscere
3274 1025 3373 1080 fa-

1838 1120 1941 1173 ciet
1963 1134 2081 1173 nos.
2113 1118 2275 1187 LXX,
2309 1134 2468 1174 sanos
2499 1119 2658 1173 faciet
2694 1133 2809 1171 nos.
2839 1118 2901 1181 ν,
2957 1131 3117 1172 sanos
3140 1116 3374 1170 demon-

1839 1207 2030 1261 strabit
2060 1222 2179 1263 nos.

1906 1297 1958 1350 5.
1996 1295 2126 1349 Heb.
2157 1306 2210 1350 et
2240 1297 2491 1360 sciemus,
2523 1310 2826 1363 sequemur.
2860 1294 2981 1347 Vul.
3012 1293 3262 1358 sciemus,
3286 1306 3375 1347 sc-

1837 1400 2189 1453 quemurquc.
2252 1384 2309 1437 8.
2384 1386 2618 1439 sciamus
2654 1384 2817 1451 igitur
2870 1382 2935 1436 ad
2990 1382 3368 1436 festinandum.

1841 1472 1997 1536 LXX,
2066 1481 2117 1525 et
2180 1473 2428 1526 sciemus.
2482 1471 2891 1538 Persequamur.
2947 1468 3012 1533 ν,
3066 1468 3374 1523 erudiamur

1838 1575 1986 1629 ergo,
2012 1569 2063 1613 ct
2084 1560 2418 1614 inducamur.

1908 1647 2068 1701 Hebr.
2100 1657 2366 1715 tamquam
2395 1661 2588 1700 aurora
2614 1654 2946 1715 praeparatus
2970 1657 3216 1712 egressus
3234 1642 3370 1712 ejus.

1839 1735 1897 1791 S.
1927 1737 2051 1804 quia
2103 1735 2257 1804 quasi
2312 1735 2604 1789 diluculum
2648 1734 2864 1786 ﬁrmum
2924 1734 3180 1786 adventus
3234 1731 3371 1799 ejus.

1837 1824 1999 1886 LXX,
2023 1825 2173 1892 quasi
2203 1838 2358 1877 mane
2400 1833 2646 1891 paratum
2701 1824 3035 1875 inveniemus
3066 1835 3209 1874 eum.
3244 1818 3369 1874 Vul.

1836 1913 1988 1983 quasi
2022 1912 2313 1965 diluculum
2340 1920 2670 1979 praeparatus
2698 1920 2779 1964 est
2801 1924 3047 1979 egressus
3084 1908 3223 1975 ejus.

1905 2002 1958 2054 4.
2000 2000 2163 2053 llebr.
2194 2009 2245 2054 et
2288 2000 2653 2053 misericordia
2702 2009 2898 2053 vestra.
2960 1996 3121 2063 LXX,
3165 1996 3375 2051 miseri-

1838 2091 2015 2144 cordia
2050 2100 2225 2144 autem
2257 2097 2455 2191 vestra.
2520 2088 2581 2151 V,
2638 2103 2758 2141 nam
2786 2087 3058 2142 miseratio
3103 2101 3228 2156 erga
3257 2100 3372 2140 vos.

1841 2179 1962 2233 Vul.
1990 2179 2357 2232 misericordia
2390 2187 2589 2233 vestra.

1909 2269 1960 2320 5.
2000 2267 2159 2321 llehr.
2194 2267 2414 2320 succidi.
2446 2269 2510 2318 Α.
2536 2266 2637 2319 Th.
2672 2265 2871 2318 celavi.
2904 2264 2961 2317 8.
3003 2279 3109 2318 non
3134 2263 3374 2333 peperci.

1841 2356 2000 2417 LXX,
2043 2356 2331 2408 demessui.
2372 2354 2435 2415 V,
2467 2354 2660 2407 excidi.
2693 2353 2813 2406 Vul.
2844 2352 3039 2405 dolavi.

1910 2444 2070 2499 Hebr.
2098 2443 2220 2496 Vul.
2280 2454 2332 2497 et
2362 2441 2563 2507 judicia
2636 2451 2743 2494 tua.
2801 2439 2961 2504 LXX,
3022 2448 3075 2493 et
3111 2436 3374 2507 judicium

1842 2549 2041 2587 meum.
2070 2534 2243 2597 Alius,
2275 2532 2480 2599 justum
2514 2530 2796 2597 judicium.

1910 2620 1963 2674 8.
1994 2621 2122 2674 ﬂeh.
2153 2620 2346 2673 foedata
2382 2635 2409 2672 a
2445 2620 2725 2688 sanguine.
2784 2618 2848 2670 A.
2900 2616 3099 2671 deflexa
3166 2629 3197 2669 a
3252 2629 3379 2669 san-

1845 2710 2024 2778 guine.
2064 2707 2121 2762 S.
2157 2718 2525 2777 persecutores
2578 2723 2607 2759 a
2656 2707 2934 2775 sanguine.
2964 2704 3127 2768 LXX,
3162 2712 3381 2758 contur-
3437 2725 3490 2785 '-

1842 2799 1976 2853 bans
2007 2812 2218 2864 aquam.
2238 2797 2303 2863 ν,
2331 2798 2676 2866 supplantans
2714 2805 2767 2850 et
2797 2796 2918 2850 dolo
2960 2795 3231 2851 occidens.
3254 2793 3378 2847 Vul.

1852 2889 2192 2957 supplantata
2224 2888 2505 2956 sanguine.

1917 2975 1970 3029 9.
2002 2974 2163 3028 Hebr.
2186 2983 2241 3029 et
2263 2975 2413 3043 juxta
2443 2982 2752 3042 exspectare
2778 2974 2918 3026 viros
2954 2971 3211 3026 latrones.
3240 2970 3297 3024 S.
3330 2979 3384 3024 et

1853 3063 2034 3117 fauces
2066 3072 2168 3117 tuae
2206 3064 2359 3132 quasi
2389 3064 2488 3118 viri
2519 3063 2866 3119 insidiatoris.
2889 3063 2950 3117 Δ.
2990 3061 3380 3130 expeditorum.

1848 3153 1949 3206 Th.
1976 3152 2177 3220 piratae.
2220 3152 2381 3217 LXX,
2408 3161 2463 3207 et
2509 3151 2767 3207 fortitudo
2809 3160 2897 3205 tua
2933 3150 3033 3204 viri
3078 3150 3279 3218 piratas.
3312 3147 3376 3211 ν,

1846 3240 1998 3309 quasi
2047 3241 2239 3295 cohors
2294 3256 2499 3307 magnas
2528 3251 2753 3296 caterva:
2798 3239 3149 3311 praedatricis.
3176 3236 3299 3291 Vul.
3330 3245 3388 3291 ct

1845 3328 1999 3398 quasi
2028 3328 2209 3381 fauces
2243 3329 2482 3382 virorum
2512 3330 2804 3383 latronum.

1912 3416 2073 3471 Hebr.
2128 3417 2434 3471 societatem
2488 3418 2824 3471 sacerdotum
2884 3416 2969 3469 via
3003 3413 3392 3469 interﬁciebant

1844 3503 2149 3559 humerum.
2178 3503 2242 3556 Α.
2273 3504 2610 3571 participatio
2633 3504 2965 3558 sacerdotum
2997 3502 3051 3555 in
3075 3502 3158 3554 via
3185 3500 3393 3555 occide‘

193 3592 320 3648 haut
343 3592 640 3646 humeros.
673 3590 730 3644 S.
772 3591 1000 3644 societas
1020 3590 1353 3644 sacerdotum
1379 3589 1430 3641 in
1467 3589 1547 3641 via
1578 3588 1892 3646 occidebant
1908 3592 2139 3646 Sichem.
2172 3590 2334 3654 LXX,
2358 3593 2750 3647 absconderunt
2774 3591 3074 3645 sacerdotes
3100 3591 3258 3652 viam,
3299 3604 3393 3643 oc-

193 3683 440 3737 ciderunt
474 3682 709 3735 Sicima.
738 3678 840 3732 Th.
866 3678 1261 3732 absconderunt
1287 3678 1591 3732 sacerdotes
1615 3679 1775 3743 viam,
1799 3680 2183 3737 interficiebant
2215 3683 2269 3737 in
2288 3680 2609 3738 dorso.Vul.
2643 3680 2908 3750 particeps
2951 3678 3307 3743 sacerdotum,
3334 3678 3392 3731 in

195 3776 276 3828 via
298 3772 753 3827 interﬁcientium
777 3779 1056 3837 pergentes
1084 3768 1150 3822 de
1177 3766 1411 3824 Sichem.

192 3849 262 3943 15
288 3870 431 3945 ινα-Ρ
456 3871 557 3919 mp
582 3866 850 3945 πῃπῇ-ελ
876 3856 934 3945 11
1010 3856 1229 3945 Barber.
1254 3856 1348 3945 καὶ
1379 3857 1549 3945 γἸούδα
1573 3858 1749 3928 ἀφῆκε

197 3942 455 4018 Osppr
475 3944 673 3999 αὐτοῦ.
711 3946 771 3997 Σ.
812 3944 903 3995 καὶ
924 3945 1011 4003 σὺ,
1052 3942 1240 4006 Ἰούδα,
1286 3944 1563 3996 ἀπόκειται
1607 3946 1750 4016 θερι-

199 4038 349 4105 σμός.
403 4036 487 4098 0',
518 4034 621 4085 καὶ
676 4031 865 4084 Ἰούδα.
911 4032 1115 4099 Ἀρχου
1165 4032 1365 4099 τρυγᾷν
1417 4032 1640 4085 σεαυτῶ.
1670 4032 1746 4095 E',

196 4119 327 4172 ἀλλὰ
359 4119 461 4171 καὶ
511 4118 606 4179 σὺ,
647 4116 845 4181 Ἰούδα,
890 4112 1291 4185 παρεσκεύαζες
1341 4116 1497 4167 αὐτὸν
1545 4118 1623 4179 εις
1684 4119 1746 4169 τὸ

196 4210 614 4283 ὲκοερισθῆναι.

1918 3859 1984 3916 Η.
2011 3860 2167 3916 etiam
2189 3860 2325 3914 Juda
2355 3859 2528 3929 posuit
2562 3872 2787 3914 messem
2835 3857 2951 3912 tibi.
2988 3856 3150 3911 Barb.
3176 3865 3229 3911 ct
3251 3856 3390 3913 Iuda

1847 3950 2046 4004 dimisit
2076 3964 2299 4004 messem
2329 3964 2503 4003 suam.
2538 3948 2595 4001 S.
2628 3956 2682 4002 et
2734 3957 2811 4011 tu,
2849 3945 3007 4009 Juda,
3042 3946 3277 4015 deposita
3308 3955 3394 4000 est

1850 4041 2061 4094 messis.
2086 4038 2247 4103 LXX,
2277 4048 2329 4091 et
2370 4038 2527 4093 Juda.
2594 4038 2770 4105 incipe
2813 4036 3139 4091 vindemiare
3180 4036 3293 4090 tibi.
3323 4035 3390 4101 V,

1850 4130 2008 4182 etiam
2043 4136 2096 4180 tu
2123 4142 2356 4195 quoque,
2392 4126 2547 4188 Juda,
2576 4126 2913 4195 praeparabas
2941 4126 3114 4195 ipsum
3145 4133 3204 4181 ut
3226 4135 3395 4181 mete-

1854 4224 2017 4270 retur.
2059 4214 2185 4269 Vul.
2213 4215 2316 4270 Sed
2340 4215 2590 4280 et,Juda,
2617 4230 2757 4286 pone
2786 4231 3015 4271 messem
3048 4216 3162 4271 tibi.

1132 4330 1303 4389 Notas
1329 4334 1388 4389 et
1418 4327 1601 4389 varias
1628 4326 1928 4389 lectiones
1957 4327 2032 4387 ad
2072 4343 2204 4404 cap.
2241 4330 2325 4389 Vl
2354 4330 2539 4390 Osee.

266 4475 332 4533 ν.
358 4477 410 4531 1.
444 4476 672 4538 Ἄλλος
696 4513 709 4538 ,
738 4472 993 4525 πέπαικε.
1028 4468 1118 4523 Sic
1149 4469 1487 4523 Barberinus.

263 4546 402 4600 Ibid.
444 4535 667 4603 Omnes,
696 4535 972 4610 ”μοτώσει.
1024 4537 1378 4610 ilieronytnus
1420 4537 1518 4610 _qui
1560 4535 1749 4610 addit:

209 4630 228 4664 ι
258 4613 485 4680 Proprie
526 4604 873 4680 autem'jtora.
892 4604 1238 4680 appellantur
1255 4604 1467 4659 linteola
1485 4643 1500 4669 ,
1528 4617 1647 4680 qua;
1675 4604 1756 4680 in-

207 4672 449 4733 feruntur
475 4672 820 4739 vulneribus,
869 4672 1193 4740 ut‘putridas
1222 4688 1409 4726 carnes
1455 4673 1753 4740 comedam,

207 4748 495 4801 extrahant
548 4745 883 4813 purule_ntas.
921 4739 1039 4813 rht
1075 4739 1404 4813 Barberinus
1420 4740 1579 4795 codex
1605 4739 1756 4813 binas

206 4830 401 4883 easque
424 4805 676 4883 diversas
722 4808 1030 4883 Symmachi
1082 4806 1538 4883 interpretationes
1567 4805 1755 4866 adfert,

208 4884 288 4934 cui
314 4872 493 4953 inagis
519 4872 859 4953 credendum
889 4891 907 4953 _:
940 4889 1058 4927 nam
1082 4872 1435 4953 liiergnymus
1463 4873 1548 4926 hic
1571 4886 1757 4926 omnes

212 4965 305 5016 pro
335 4942 533 5016 majori
563 4955 715 5013 parte
747 4944 948 5011 posuit,
981 4950 1037 4993 ut
1062 4948 1116 4994 et
1153 4942 1300 4995 alibi.

245 5013 672 5085 ilhid._’A.,_2‘..,
703 5010 1014 5085 ᾁναζωρισει
1040 5016 1140 5085 etc.
1162 5008 1453 5085 _Ba_rberin.
1495 5005 1574 5085 [in
1603 5004 1757 5085 Poly-

245 5084 387 5135 lottis
424 5074 660 5134 Loniiin.
689 5079 771 5131 sic
797 5075 988 5141 legitur
1016 5092 1028 5126 :
1058 5075 1211 5127 Barh.
1241 5076 1293 5127 in
1327 5074 1606 5141 marg.’2.,
1627 5074 1760 5141 snt-

248 5098 387 5135 Iouts
425 5098 660 5134 Loncun.
689 5098 771 5131 su:
797 5098 844 5128 It:
884 5098 988 5126 Itur
1016 5098 1028 5126 :
1058 5098 1211 5127 nam.
1242 5098 1293 5127 Ill
1328 5098 1490 5141 tuarg.
1526 5098 1606 5134 ιι..
1645 5098 1760 5123 επι-

214 5098 555 5219 ἓήσω-ὑμᾷς.
596 5148 699 5219 ’ᾼ..
729 5145 803 5219 -Σ.
840 5098 1047 5219 (.Lamb.
1084 5141 1206 5219 Bos,
1260 5142 1493 5219 ’Δηρὼ
1517 5138 1760 5219 αναζωῲ-

220 5207 313 5267 σὲι.
346 5207 580 5269 ΕιόΙὶξλε
621 5207 886 5265 lectiones
933 5208 1125 5260 codicis
1170 5210 1224 5259 Β.
1280 5224 1309 5261 a
1368 5207 1758 5261 Montfauconio

218 5284 399 5335 allatas
426 5280 776 5336 correximus
805 5276 860 5327 iu
898 5282 1059 5343 textu.
1096 5273 1316 5343 θυαμ]

293 5351 346 5402 ν.
372 5353 423 5402 5.
452 5350 545 5401 liae
564 5357 759 5399 omnes
780 5340 1046 5393 versiones
1064 5355 1092 5392 a
1114 5344 1268 5394 tertio
1295 5340 1444 5393 versu
1467 5340 1532 5392 ad
1558 5354 1758 5392 nonum

218 5430 279 5469 ex
302 5416 597 5471 Barberino
623 5409 926 5480 prodeunt,
961 5406 1048 5473 qui
1088 5407 1141 5459 in
1178 5409 1363 5475 quinto
1399 5422 1552 5462 versu
1592 5407 1761 5459 ὲλιτό-

1862 4485 2005 4537 μηὲα
2030 4467 2206 4537 habet.
2235 4467 2327 4521 sed
2359 4483 2654 4537 perperam.

1934 4534 1991 4587 V.
2027 4536 2079 4588 8.
2118 4535 2264 4608 ῥάάρ
2282 4549 2345 4587 ex
2362 4534 2491 4588 cod.
2531 4537 2568 4588 Β
2608 4551 2624 4589 :
2657 4536 2741 4601 Θ.,
2783 4538 2819 4605 ἡ
2851 4538 3053 4607 πτέρνα
3095 4537 3260 4608 αὐτῆς
3299 4540 3393 4607 ἀφ’

1857 4602 2100 4671 αἵματος.
2132 4601 2337 4671 pusca.

1934 4669 1991 4724 V.
2034 4671 2084 4721 9.
2128 4667 2208 4728 S.,
2246 4678 2294 4720 et
2345 4669 2518 4736 fauces
2566 4680 2668 4722 tua:
2718 4678 2820 4724 etc.
2861 4669 3076 4724 Hieron.
3115 4670 3393 4726 Lectiones

1860 4737 2055 4791 Graecae
2074 4750 2135 4788 ex
2165 4736 2454 4790 Barbcrino
2484 4738 2761 4804 prodeunt.
2809 4736 2905 4791 Hic
2943 4739 3087 4792 vides
3133 4737 3396 4802 Hierony-

1862 4820 2005 4874 mum
2039 4818 2217 4874 vocem
2250 4804 2535 4874 ὑποκριτοῦ
2567 4805 2790 4874 vertisse
2811 4805 3155 4874 insidiatoris.
3185 4804 3270 4874 [L.
3290 4804 3394 4859 Bos

1860 4873 2074 4924 exhibet
2096 4872 2345 4925 lectiones
2363 4871 2574 4925 Graecas
2607 4873 2825 4925 alterius
2857 4873 3013 4926 stichi
3046 4871 3204 4939 hujus
3244 4888 3395 4926 com—

1861 4940 2037 5000 matis,
2065 4940 2354 4991 societatem
2380 4939 2705 4990 sacerdotum
2754 4950 2859 4993 etc.
2908 4940 3009 4991 hoc
3046 4940 3245 4993 modo:
3290 4939 3394 5004 ’A.,

1864 5006 2088 5074 μετοχὴν
2113 5004 2225 5074 τῶν
2249 5006 2433 5074 ἱερέων
2455 5007 2514 5074 εν
2532 5005 2643 5074 ὀδῷ
2658 5006 2905 5073 ἐφόνευον
2930 5004 3118 5073 ὤμοις.
3143 5008 3224 5068 Σ..
3256 5008 3397 5058 ἑται-

1864 5071 1956 5143 pta
1986 5071 2091 5143 τῷν
2122 5071 2309 5143 ἱερέων
2333 5075 2388 5143 ὲν
2423 5071 2525 5140 ὁδῷ
2545 5071 3021 5143 ᾉὲφόῌνεοον-Σικήμ.
3046 5074 3131 5139 Θ.,
3158 5074 3396 5143 ἔκρυψαν

1861 5138 1909 5192 δι
1944 5141 2102 5209 ἱερεῖς
2123 5138 2255 5201 ὁδὸν,
2275 5138 2517 5205 ἐφόνευον
2541 5138 2604 5191 ὲν
2629 5139 2778 5208 ὤμῳ.
2795 5138 3048 5261 Daacn.]s

1933 5206 1997 5261 ν.
2027 5207 2111 5259 11.
2137 5206 2373 5261 Barber..
2409 5206 2501 5257 καὶ
2545 5208 2711 5259 Ἰούδα
2763 5209 2959 5261 ἀφηκε.

1933 5206 2003 5261 νζ
2027 5207 2111 5259 11.
2137 5206 2379 5275 Barber.,
2409 5206 2501 5257 καὶ
2545 5206 2959 5275 Ἰούδαάφῆκε.
3006 5206 3098 5263 Sic
3127 5209 3181 5262 in
3226 5218 3395 5263 textu.

1862 5275 1940 5327 Ad
1967 5290 2133 5342 marg.
2182 5288 2309 5326 vero
2353 5273 2656 5342 Symmachi
2685 5281 2738 5326 et
2774 5273 2985 5338 Quinta:
3020 5276 3276 5331 lectiones
3302 5277 3400 5328 ad-

1864 5342 1985 5395 fert.
2006 5341 2699 5411 r[lu_Symmac_h’i__lectione,
2734 5355 2833 5411 pro
2871 5343 2956 5406 σύ,
2987 5346 3131 5411 quod
3156 5344 3310 5397 habet
3338 5342 3376 5393 Β

1865 5380 2044 5477 posuilt
2064 5380 2255 5462 Ῐιοῖιιῖ.
2286 5408 2383 5462 σοί.
2407 5406 2519 5463 Νοη
2559 5381 2715 5471 male,
