  <div class='ocr_page' id='page_1' title='image "/cluster/home/n/w/nwhite01/storage/ocr_20150623/16, pt. 3 (Origen, pt. 6)/nyp.33433081862322/306.png"; bbox 0 0 3818 6404; ppageno 0'>
   <div class='ocr_carea' id='block_1_1' title="bbox 144 315 268 371">
    <p class='ocr_par' dir='ltr' id='par_1_1' title="bbox 144 315 268 371">
     <span class='ocr_line' id='line_1_1' title="bbox 144 315 268 371; baseline -0.008 -1"><span class='ocrx_word' id='word_1_1' title='bbox 144 315 268 371; x_wconf 72' lang='grc'><strong>2965</strong></span> 
     </span>
    </p>
   </div>
   <div class='ocr_carea' id='block_1_2' title="bbox 146 431 1685 505">
    <p class='ocr_par' dir='ltr' id='par_1_2' title="bbox 146 431 1685 505">
     <span class='ocr_line' id='line_1_2' title="bbox 146 431 1685 505; baseline 0 -20"><span class='ocrx_word' id='word_1_2' title='bbox 146 433 193 485; x_wconf 85' lang='grc' dir='ltr'><strong>Σ.</strong></span> <span class='ocrx_word' id='word_1_3' title='bbox 220 468 232 482; x_wconf 94' lang='grc'><strong>.</strong></span> <span class='ocrx_word' id='word_1_4' title='bbox 255 467 266 480; x_wconf 93' lang='grc'><strong>.</strong></span> <span class='ocrx_word' id='word_1_5' title='bbox 306 468 319 481; x_wconf 94' lang='grc'>.</span> <span class='ocrx_word' id='word_1_6' title='bbox 356 468 369 481; x_wconf 91' lang='grc'>.</span> <span class='ocrx_word' id='word_1_7' title='bbox 407 470 419 483; x_wconf 95' lang='grc'><strong>.</strong></span> <span class='ocrx_word' id='word_1_8' title='bbox 448 431 632 501; x_wconf 80' lang='grc' dir='ltr'><strong>πέτρα</strong></span> <span class='ocrx_word' id='word_1_9' title='bbox 666 434 761 488; x_wconf 81' lang='grc' dir='ltr'><strong>διὰ</strong></span> <span class='ocrx_word' id='word_1_10' title='bbox 794 436 946 505; x_wconf 84' lang='grc' dir='ltr'>βοῶν.</span> <span class='ocrx_word' id='word_1_11' title='bbox 976 435 1053 497; x_wconf 86' lang='lat'><strong>0’,</strong></span> <span class='ocrx_word' id='word_1_12' title='bbox 1102 437 1148 486; x_wconf 78' lang='grc' dir='ltr'>εξ</span> <span class='ocrx_word' id='word_1_13' title='bbox 1179 434 1685 504; x_wconf 83' lang='grc' dir='ltr'><strong>παρασιωπήσοντσιι</strong></span> 
     </span>
    </p>
   </div>
   <div class='ocr_carea' id='block_1_3' title="bbox 85 519 463 589">
    <p class='ocr_par' dir='ltr' id='par_1_3' title="bbox 85 519 463 589">
     <span class='ocr_line' id='line_1_3' title="bbox 85 519 463 589; baseline -0.003 -18"><span class='ocrx_word' id='word_1_14' title='bbox 85 542 99 571; x_wconf 69' lang='grc' dir='ltr'><strong>ῖ</strong></span> <span class='ocrx_word' id='word_1_15' title='bbox 145 524 192 572; x_wconf 75' lang='grc' dir='ltr'>ὲν</span> <span class='ocrx_word' id='word_1_16' title='bbox 215 519 463 589; x_wconf 82' lang='grc' dir='ltr'><strong>θηλείαις.</strong></span> 
     </span>
    </p>
   </div>
   <div class='ocr_carea' id='block_1_4' title="bbox 143 596 1411 686">
    <p class='ocr_par' dir='ltr' id='par_1_4' title="bbox 143 596 1411 686">
     <span class='ocr_line' id='line_1_4' title="bbox 143 596 1411 686; baseline 0 -17"><span class='ocrx_word' id='word_1_17' title='bbox 143 623 237 671; x_wconf 75' lang='grc' dir='ltr'><strong>ἘΠ</strong></span> <span class='ocrx_word' id='word_1_18' title='bbox 264 596 366 670; x_wconf 57' lang='grc' dir='ltr'><strong>κθὸ</strong></span> <span class='ocrx_word' id='word_1_19' title='bbox 437 613 501 665; x_wconf 88' lang='grc' dir='ltr'><strong>Σ.</strong></span> <span class='ocrx_word' id='word_1_20' title='bbox 542 615 792 683; x_wconf 82' lang='grc' dir='ltr'><strong>ἀλόγως.</strong></span> <span class='ocrx_word' id='word_1_21' title='bbox 824 624 898 681; x_wconf 86' lang='lat'><strong>0’,</strong></span> <span class='ocrx_word' id='word_1_22' title='bbox 933 618 1020 671; x_wconf 77' lang='grc' dir='ltr'><strong>ἐπ’</strong></span> <span class='ocrx_word' id='word_1_23' title='bbox 1052 618 1225 670; x_wconf 73' lang='grc' dir='ltr'>οὐδενὶ</span> <span class='ocrx_word' id='word_1_24' title='bbox 1253 616 1411 686; x_wconf 84' lang='grc' dir='ltr'><strong>λόγῳ.</strong></span> 
     </span>
    </p>
   </div>
   <div class='ocr_carea' id='block_1_5' title="bbox 144 779 1683 858">
    <p class='ocr_par' dir='ltr' id='par_1_5' title="bbox 144 779 1683 858">
     <span class='ocr_line' id='line_1_5' title="bbox 144 779 1683 858; baseline 0 -19"><span class='ocrx_word' id='word_1_25' title='bbox 144 788 332 839; x_wconf 68' lang='lat' dir='ltr'><strong>nam</strong></span> <span class='ocrx_word' id='word_1_26' title='bbox 362 779 431 834; x_wconf 78' lang='grc'><strong>14</strong></span> <span class='ocrx_word' id='word_1_27' title='bbox 505 782 589 847; x_wconf 86' lang='lat'><strong>0&#39;,</strong></span> <span class='ocrx_word' id='word_1_28' title='bbox 625 785 745 839; x_wconf 84' lang='grc' dir='ltr'>τῶν</span> <span class='ocrx_word' id='word_1_29' title='bbox 776 786 1072 855; x_wconf 81' lang='grc' dir='ltr'><strong>δυνάμεων.</strong></span> <span class='ocrx_word' id='word_1_30' title='bbox 1114 789 1355 849; x_wconf 73' lang='grc' dir='ltr'><strong>Ἄλλος,</strong></span> <span class='ocrx_word' id='word_1_31' title='bbox 1401 785 1683 858; x_wconf 76' lang='grc' dir='ltr'><strong>στρατιῶν.</strong></span> 
     </span>
    </p>
   </div>
   <div class='ocr_carea' id='block_1_6' title="bbox 148 932 1476 1022">
    <p class='ocr_par' dir='ltr' id='par_1_6' title="bbox 148 932 1476 1022">
     <span class='ocr_line' id='line_1_6' title="bbox 148 932 1476 1022; baseline 0.001 -17"><span class='ocrx_word' id='word_1_32' title='bbox 148 932 303 1007; x_wconf 62' lang='grc' dir='ltr'><strong>κώο</strong></span> <span class='ocrx_word' id='word_1_33' title='bbox 370 949 428 1003; x_wconf 88' lang='grc' dir='ltr'><strong>Σ.</strong></span> <span class='ocrx_word' id='word_1_34' title='bbox 456 950 569 1003; x_wconf 73' lang='grc' dir='ltr'><strong>ἀπὸ</strong></span> <span class='ocrx_word' id='word_1_35' title='bbox 600 953 838 1005; x_wconf 78' lang='grc' dir='ltr'>εἰσόδου.</span> <span class='ocrx_word' id='word_1_36' title='bbox 873 954 948 1018; x_wconf 84' lang='lat'><strong>0&#39;,</strong></span> <span class='ocrx_word' id='word_1_37' title='bbox 977 952 1069 1004; x_wconf 78' lang='grc' dir='ltr'>τοῦ</span> <span class='ocrx_word' id='word_1_38' title='bbox 1100 953 1174 1022; x_wconf 82' lang='grc' dir='ltr'>μὴ</span> <span class='ocrx_word' id='word_1_39' title='bbox 1203 952 1476 1006; x_wconf 60' lang='grc' dir='ltr'><strong>εέσὰιθεῖν.</strong></span> 
     </span>
    </p>
   </div>
   <div class='ocr_carea' id='block_1_7' title="bbox 146 1116 1125 1189">
    <p class='ocr_par' dir='ltr' id='par_1_7' title="bbox 146 1116 1125 1189">
     <span class='ocr_line' id='line_1_7' title="bbox 146 1116 1125 1189; baseline -0.003 -14"><span class='ocrx_word' id='word_1_40' title='bbox 146 1124 255 1175; x_wconf 79' lang='lat' dir='ltr'><strong>nm</strong></span> <span class='ocrx_word' id='word_1_41' title='bbox 320 1116 397 1179; x_wconf 85' lang='lat'><strong>0&#39;,</strong></span> <span class='ocrx_word' id='word_1_42' title='bbox 425 1116 638 1185; x_wconf 76' lang='grc' dir='ltr'><strong>Δὶμάθ.</strong></span> <span class='ocrx_word' id='word_1_43' title='bbox 670 1120 932 1184; x_wconf 71' lang='grc' dir='ltr'><strong>Ἄλλος,</strong></span> <span class='ocrx_word' id='word_1_44' title='bbox 957 1120 1125 1189; x_wconf 85' lang='grc' dir='ltr'><strong>χόλον.</strong></span> 
     </span>
    </p>
   </div>
   <div class='ocr_carea' id='block_1_8' title="bbox 146 1289 1683 1380">
    <p class='ocr_par' dir='ltr' id='par_1_8' title="bbox 146 1289 1683 1380">
     <span class='ocr_line' id='line_1_8' title="bbox 146 1289 1683 1380; baseline 0.001 -16"><span class='ocrx_word' id='word_1_45' title='bbox 146 1289 554 1371; x_wconf 56' lang='grc' dir='ltr'><strong>ΓΕἿἸΠθΠΓἹἯ</strong></span> <span class='ocrx_word' id='word_1_46' title='bbox 644 1312 849 1365; x_wconf 84' lang='grc' dir='ltr'><strong>Ἀ...</strong></span> <span class='ocrx_word' id='word_1_47' title='bbox 898 1311 1683 1380; x_wconf 75' lang='grc' dir='ltr'><strong>..τῆςὸμαλῆς,Σ.....</strong></span> 
     </span>
    </p>
   </div>
   <div class='ocr_carea' id='block_1_9' title="bbox 147 1401 1683 1477">
    <p class='ocr_par' dir='ltr' id='par_1_9' title="bbox 147 1401 1683 1477">
     <span class='ocr_line' id='line_1_9' title="bbox 147 1401 1683 1477; baseline 0.003 -23"><span class='ocrx_word' id='word_1_48' title='bbox 147 1401 229 1467; x_wconf 79' lang='grc' dir='ltr'><strong>τῆς</strong></span> <span class='ocrx_word' id='word_1_49' title='bbox 263 1402 527 1465; x_wconf 84' lang='grc' dir='ltr'>πεδιάδος.</span> <span class='ocrx_word' id='word_1_50' title='bbox 566 1405 650 1467; x_wconf 89' lang='lat'><strong>0&#39;,</strong></span> <span class='ocrx_word' id='word_1_51' title='bbox 681 1405 791 1466; x_wconf 74' lang='grc' dir='ltr'><strong>ἓως</strong></span> <span class='ocrx_word' id='word_1_52' title='bbox 822 1404 916 1457; x_wconf 80' lang='grc' dir='ltr'>τοῦ</span> <span class='ocrx_word' id='word_1_53' title='bbox 967 1405 1261 1477; x_wconf 79' lang='grc' dir='ltr'>χειμάρρου</span> <span class='ocrx_word' id='word_1_54' title='bbox 1300 1405 1406 1457; x_wconf 83' lang='grc' dir='ltr'>τῶν</span> <span class='ocrx_word' id='word_1_55' title='bbox 1447 1403 1683 1473; x_wconf 84' lang='grc' dir='ltr'><strong>δυσμῶν.</strong></span> 
     </span>
    </p>
   </div>
   <div class='ocr_carea' id='block_1_10' title="bbox 147 1491 834 1565">
    <p class='ocr_par' dir='ltr' id='par_1_10' title="bbox 147 1491 834 1565">
     <span class='ocr_line' id='line_1_10' title="bbox 147 1491 834 1565; baseline 0.009 -22"><span class='ocrx_word' id='word_1_56' title='bbox 147 1491 196 1544; x_wconf 84' lang='grc' dir='ltr'><strong>Θ.</strong></span> <span class='ocrx_word' id='word_1_57' title='bbox 234 1531 246 1544; x_wconf 94' lang='grc'><strong>.</strong></span> <span class='ocrx_word' id='word_1_58' title='bbox 286 1531 299 1545; x_wconf 88' lang='grc'><strong>.</strong></span> <span class='ocrx_word' id='word_1_59' title='bbox 346 1530 358 1544; x_wconf 94' lang='grc'><strong>.</strong></span> <span class='ocrx_word' id='word_1_60' title='bbox 402 1531 416 1543; x_wconf 92' lang='grc'><strong>.</strong></span> <span class='ocrx_word' id='word_1_61' title='bbox 445 1495 549 1563; x_wconf 78' lang='grc' dir='ltr'><strong>τῆς</strong></span> <span class='ocrx_word' id='word_1_62' title='bbox 592 1496 834 1565; x_wconf 78' lang='grc' dir='ltr'><strong>Ἀραϐᾶ.</strong></span> 
     </span>
    </p>
   </div>
   <div class='ocr_carea' id='block_1_11' title="bbox 1436 312 2099 369">
    <p class='ocr_par' dir='ltr' id='par_1_11' title="bbox 1436 312 2099 369">
     <span class='ocr_line' id='line_1_11' title="bbox 1436 312 2099 369; baseline 0.003 -2"><span class='ocrx_word' id='word_1_63' title='bbox 1436 324 1439 329; x_wconf 82' lang='grc'><em>’</em></span> <span class='ocrx_word' id='word_1_64' title='bbox 1515 313 1697 369; x_wconf 80' lang='grc' dir='ltr'><strong>ΔΜο8</strong></span> <span class='ocrx_word' id='word_1_65' title='bbox 1724 312 1951 367; x_wconf 81' lang='lat' dir='ltr'><strong>CAPUT</strong></span> <span class='ocrx_word' id='word_1_66' title='bbox 1989 313 2099 369; x_wconf 80' lang='lat' dir='ltr'><strong>VII.</strong></span> 
     </span>
    </p>
   </div>
   <div class='ocr_carea' id='block_1_12' title="bbox 3168 312 3311 370">
    <p class='ocr_par' dir='ltr' id='par_1_12' title="bbox 3168 312 3311 370">
     <span class='ocr_line' id='line_1_12' title="bbox 3168 312 3311 370; baseline 0.007 -2"><span class='ocrx_word' id='word_1_67' title='bbox 3168 312 3311 370; x_wconf 72' lang='lat'><strong>2966</strong></span> 
     </span>
    </p>
   </div>
   <div class='ocr_carea' id='block_1_13' title="bbox 1788 420 3311 497">
    <p class='ocr_par' dir='ltr' id='par_1_13' title="bbox 1788 420 3311 497">
     <span class='ocr_line' id='line_1_13' title="bbox 1788 420 3311 497; baseline -0.001 -15"><span class='ocrx_word' id='word_1_68' title='bbox 1788 429 1889 483; x_wconf 88' lang='lat' dir='ltr'><strong>S...</strong></span> <span class='ocrx_word' id='word_1_69' title='bbox 1922 437 2068 497; x_wconf 92' lang='lat' dir='ltr'><strong>petra</strong></span> <span class='ocrx_word' id='word_1_70' title='bbox 2098 442 2193 497; x_wconf 89' lang='lat' dir='ltr'><strong>per</strong></span> <span class='ocrx_word' id='word_1_71' title='bbox 2213 428 2396 482; x_wconf 84' lang='lat' dir='ltr'><strong>boves.</strong></span> <span class='ocrx_word' id='word_1_72' title='bbox 2422 426 2580 492; x_wconf 90' lang='lat' dir='ltr'><strong>LXX,</strong></span> <span class='ocrx_word' id='word_1_73' title='bbox 2623 426 2669 480; x_wconf 90' lang='lat' dir='ltr'><strong>si</strong></span> <span class='ocrx_word' id='word_1_74' title='bbox 2707 425 3006 481; x_wconf 87' lang='lat' dir='ltr'><strong>reticebunt</strong></span> <span class='ocrx_word' id='word_1_75' title='bbox 3062 427 3129 480; x_wconf 78' lang='lat' dir='ltr'><strong>ad</strong></span> <span class='ocrx_word' id='word_1_76' title='bbox 3157 420 3311 481; x_wconf 69' lang='lat' dir='ltr'><strong>renti-</strong></span> 
     </span>
    </p>
   </div>
   <div class='ocr_carea' id='block_1_14' title="bbox 1788 514 2887 583">
    <p class='ocr_par' dir='ltr' id='par_1_14' title="bbox 1788 514 2887 583">
     <span class='ocr_line' id='line_1_14' title="bbox 1788 514 2887 583; baseline -0.002 -12"><span class='ocrx_word' id='word_1_77' title='bbox 1788 533 1903 571; x_wconf 86' lang='lat' dir='ltr'><strong>nas.</strong></span> <span class='ocrx_word' id='word_1_78' title='bbox 1933 516 2053 570; x_wconf 82' lang='lat' dir='ltr'><strong>Vul.</strong></span> <span class='ocrx_word' id='word_1_79' title='bbox 2088 525 2180 570; x_wconf 91' lang='lat' dir='ltr'><strong>aut</strong></span> <span class='ocrx_word' id='word_1_80' title='bbox 2206 517 2346 569; x_wconf 87' lang='lat' dir='ltr'><strong>arari</strong></span> <span class='ocrx_word' id='word_1_81' title='bbox 2378 524 2552 583; x_wconf 89' lang='lat' dir='ltr'><strong>potest</strong></span> <span class='ocrx_word' id='word_1_82' title='bbox 2578 515 2632 567; x_wconf 91' lang='lat' dir='ltr'><strong>in</strong></span> <span class='ocrx_word' id='word_1_83' title='bbox 2663 514 2887 569; x_wconf 86' lang='lat' dir='ltr'><strong>bubalis.</strong></span> 
     </span>
    </p>
   </div>
   <div class='ocr_carea' id='block_1_15' title="bbox 1855 599 3314 669">
    <p class='ocr_par' dir='ltr' id='par_1_15' title="bbox 1855 599 3314 669">
     <span class='ocr_line' id='line_1_15' title="bbox 1855 599 3314 669; baseline 0 -14"><span class='ocrx_word' id='word_1_84' title='bbox 1855 602 2016 656; x_wconf 85' lang='lat' dir='ltr'><strong>Hebr.</strong></span> <span class='ocrx_word' id='word_1_85' title='bbox 2073 603 2125 655; x_wconf 89' lang='lat' dir='ltr'><strong>in</strong></span> <span class='ocrx_word' id='word_1_86' title='bbox 2160 602 2307 654; x_wconf 89' lang='lat' dir='ltr'><strong>nullo</strong></span> <span class='ocrx_word' id='word_1_87' title='bbox 2340 602 2521 654; x_wconf 82' lang='lat' dir='ltr'><strong>verbo.</strong></span> <span class='ocrx_word' id='word_1_88' title='bbox 2584 599 2640 653; x_wconf 91' lang='lat' dir='ltr'><strong>S.</strong></span> <span class='ocrx_word' id='word_1_89' title='bbox 2674 610 2889 656; x_wconf 90' lang='lat' dir='ltr'><strong>temere.</strong></span> <span class='ocrx_word' id='word_1_90' title='bbox 2944 599 3103 665; x_wconf 87' lang='lat' dir='ltr'><strong>LXX,</strong></span> <span class='ocrx_word' id='word_1_91' title='bbox 3154 614 3314 669; x_wconf 82' lang='lat' dir='ltr'><strong>super</strong></span> 
     </span>
    </p>
   </div>
   <div class='ocr_carea' id='block_1_16' title="bbox 1787 687 2593 743">
    <p class='ocr_par' dir='ltr' id='par_1_16' title="bbox 1787 687 2593 743">
     <span class='ocr_line' id='line_1_16' title="bbox 1787 687 2593 743; baseline -0.002 -1"><span class='ocrx_word' id='word_1_92' title='bbox 1787 689 1934 743; x_wconf 89' lang='lat' dir='ltr'><strong>nullo</strong></span> <span class='ocrx_word' id='word_1_93' title='bbox 1963 690 2140 742; x_wconf 82' lang='lat' dir='ltr'><strong>verbo.</strong></span> <span class='ocrx_word' id='word_1_94' title='bbox 2168 687 2292 741; x_wconf 78' lang='lat' dir='ltr'><strong>Vul.</strong></span> <span class='ocrx_word' id='word_1_95' title='bbox 2323 688 2376 742; x_wconf 93' lang='lat' dir='ltr'><strong>in</strong></span> <span class='ocrx_word' id='word_1_96' title='bbox 2406 688 2593 741; x_wconf 82' lang='lat' dir='ltr'><strong>nihilo.</strong></span> 
     </span>
    </p>
   </div>
   <div class='ocr_carea' id='block_1_17' title="bbox 1856 775 3315 839">
    <p class='ocr_par' dir='ltr' id='par_1_17' title="bbox 1856 775 3315 839">
     <span class='ocr_line' id='line_1_17' title="bbox 1856 775 3315 839; baseline 0 -10"><span class='ocrx_word' id='word_1_97' title='bbox 1856 778 1941 830; x_wconf 76' lang='lat' dir='ltr'><strong>M.</strong></span> <span class='ocrx_word' id='word_1_98' title='bbox 1970 776 2101 830; x_wconf 88' lang='lat' dir='ltr'><strong>Heb.</strong></span> <span class='ocrx_word' id='word_1_99' title='bbox 2155 777 2324 839; x_wconf 75' lang='lat' dir='ltr'><strong>Alius,</strong></span> <span class='ocrx_word' id='word_1_100' title='bbox 2369 775 2485 829; x_wconf 89' lang='lat' dir='ltr'><strong>Vul.</strong></span> <span class='ocrx_word' id='word_1_101' title='bbox 2545 776 2891 830; x_wconf 80' lang='lat' dir='ltr'><strong>exercituum.</strong></span> <span class='ocrx_word' id='word_1_102' title='bbox 2940 775 3100 839; x_wconf 89' lang='lat' dir='ltr'><strong>LXX,</strong></span> <span class='ocrx_word' id='word_1_103' title='bbox 3150 776 3315 829; x_wconf 76' lang='lat' dir='ltr'><strong>virtu-</strong></span> 
     </span>
    </p>
   </div>
   <div class='ocr_carea' id='block_1_18' title="bbox 1789 873 1919 918">
    <p class='ocr_par' dir='ltr' id='par_1_18' title="bbox 1789 873 1919 918">
     <span class='ocr_line' id='line_1_18' title="bbox 1789 873 1919 918; baseline -0.008 0"><span class='ocrx_word' id='word_1_104' title='bbox 1789 873 1919 918; x_wconf 91' lang='lat' dir='ltr'><strong>tum.</strong></span> 
     </span>
    </p>
   </div>
   <div class='ocr_carea' id='block_1_19' title="bbox 1856 948 3311 1015">
    <p class='ocr_par' dir='ltr' id='par_1_19' title="bbox 1856 948 3311 1015">
     <span class='ocr_line' id='line_1_19' title="bbox 1856 948 3311 1015; baseline -0.001 -10"><span class='ocrx_word' id='word_1_105' title='bbox 1856 951 2016 1005; x_wconf 85' lang='lat' dir='ltr'><strong>Hebr.</strong></span> <span class='ocrx_word' id='word_1_106' title='bbox 2062 948 2119 1004; x_wconf 93' lang='lat' dir='ltr'><strong>S.</strong></span> <span class='ocrx_word' id='word_1_107' title='bbox 2152 948 2272 1003; x_wconf 74' lang='grc' dir='ltr'><strong>ναι.</strong></span> <span class='ocrx_word' id='word_1_108' title='bbox 2299 950 2366 1002; x_wconf 87' lang='lat' dir='ltr'><strong>ab</strong></span> <span class='ocrx_word' id='word_1_109' title='bbox 2391 949 2633 1002; x_wconf 80' lang='lat' dir='ltr'><strong>introitu.</strong></span> <span class='ocrx_word' id='word_1_110' title='bbox 2671 948 2830 1015; x_wconf 79' lang='lat' dir='ltr'><strong>LXX,</strong></span> <span class='ocrx_word' id='word_1_111' title='bbox 2856 958 2912 1002; x_wconf 93' lang='lat' dir='ltr'><strong>ut</strong></span> <span class='ocrx_word' id='word_1_112' title='bbox 2941 964 3047 1002; x_wconf 89' lang='lat' dir='ltr'><strong>non</strong></span> <span class='ocrx_word' id='word_1_113' title='bbox 3080 950 3311 1003; x_wconf 86' lang='lat' dir='ltr'><strong>introea-</strong></span> 
     </span>
    </p>
   </div>
   <div class='ocr_carea' id='block_1_20' title="bbox 1787 1044 1879 1097">
    <p class='ocr_par' dir='ltr' id='par_1_20' title="bbox 1787 1044 1879 1097">
     <span class='ocr_line' id='line_1_20' title="bbox 1787 1044 1879 1097; baseline -0.011 -1"><span class='ocrx_word' id='word_1_114' title='bbox 1787 1044 1879 1097; x_wconf 88' lang='lat' dir='ltr'><strong>tis.</strong></span> 
     </span>
    </p>
   </div>
   <div class='ocr_carea' id='block_1_21' title="bbox 1854 1125 3309 1193">
    <p class='ocr_par' dir='ltr' id='par_1_21' title="bbox 1854 1125 3309 1193">
     <span class='ocr_line' id='line_1_21' title="bbox 1854 1125 3309 1193; baseline -0.004 -10"><span class='ocrx_word' id='word_1_115' title='bbox 1854 1131 1920 1183; x_wconf 90' lang='lat' dir='ltr'><strong>H.</strong></span> <span class='ocrx_word' id='word_1_116' title='bbox 1955 1128 2197 1182; x_wconf 87' lang='lat' dir='ltr'><strong>llamath.</strong></span> <span class='ocrx_word' id='word_1_117' title='bbox 2236 1125 2651 1191; x_wconf 54' lang='lat' dir='ltr'><strong>LXXJEmath.</strong></span> <span class='ocrx_word' id='word_1_118' title='bbox 2684 1126 2851 1188; x_wconf 80' lang='lat' dir='ltr'><strong>Alius,</strong></span> <span class='ocrx_word' id='word_1_119' title='bbox 2876 1125 3309 1193; x_wconf 74' lang='lat' dir='ltr'><strong>indignationem.</strong></span> 
     </span>
    </p>
   </div>
   <div class='ocr_carea' id='block_1_22' title="bbox 1788 1217 2160 1273">
    <p class='ocr_par' dir='ltr' id='par_1_22' title="bbox 1788 1217 2160 1273">
     <span class='ocr_line' id='line_1_22' title="bbox 1788 1217 2160 1273; baseline -0.011 0"><span class='ocrx_word' id='word_1_120' title='bbox 1788 1218 1909 1273; x_wconf 82' lang='lat' dir='ltr'><strong>Vul.</strong></span> <span class='ocrx_word' id='word_1_121' title='bbox 1952 1217 2160 1271; x_wconf 85' lang='lat' dir='ltr'><strong>Emath.</strong></span> 
     </span>
    </p>
   </div>
   <div class='ocr_carea' id='block_1_23' title="bbox 1856 1306 3311 1378">
    <p class='ocr_par' dir='ltr' id='par_1_23' title="bbox 1856 1306 3311 1378">
     <span class='ocr_line' id='line_1_23' title="bbox 1856 1306 3311 1378; baseline -0.006 -14"><span class='ocrx_word' id='word_1_122' title='bbox 1856 1312 2017 1366; x_wconf 87' lang='lat' dir='ltr'><strong>Hebr.</strong></span> <span class='ocrx_word' id='word_1_123' title='bbox 2045 1310 2166 1364; x_wconf 74' lang='grc' dir='ltr'><strong>ναι.</strong></span> <span class='ocrx_word' id='word_1_124' title='bbox 2192 1324 2359 1378; x_wconf 91' lang='lat' dir='ltr'><strong>usque</strong></span> <span class='ocrx_word' id='word_1_125' title='bbox 2389 1309 2454 1362; x_wconf 88' lang='lat' dir='ltr'><strong>ad</strong></span> <span class='ocrx_word' id='word_1_126' title='bbox 2481 1316 2769 1361; x_wconf 86' lang='lat' dir='ltr'><strong>torrentem</strong></span> <span class='ocrx_word' id='word_1_127' title='bbox 2808 1306 3025 1360; x_wconf 82' lang='lat' dir='ltr'><strong>deserti.</strong></span> <span class='ocrx_word' id='word_1_128' title='bbox 3054 1306 3117 1357; x_wconf 89' lang='lat' dir='ltr'><strong>A.</strong></span> <span class='ocrx_word' id='word_1_129' title='bbox 3142 1318 3311 1370; x_wconf 87' lang='lat' dir='ltr'><strong>usque</strong></span> 
     </span>
    </p>
   </div>
   <div class='ocr_carea' id='block_1_24' title="bbox 1787 1392 3311 1464">
    <p class='ocr_par' dir='ltr' id='par_1_24' title="bbox 1787 1392 3311 1464">
     <span class='ocr_line' id='line_1_24' title="bbox 1787 1392 3311 1464; baseline -0.008 -12"><span class='ocrx_word' id='word_1_130' title='bbox 1787 1398 1851 1452; x_wconf 84' lang='lat' dir='ltr'><strong>ad</strong></span> <span class='ocrx_word' id='word_1_131' title='bbox 1885 1408 2170 1452; x_wconf 84' lang='lat' dir='ltr'><strong>torrentem</strong></span> <span class='ocrx_word' id='word_1_132' title='bbox 2206 1398 2295 1464; x_wconf 91' lang='lat' dir='ltr'><strong>qui</strong></span> <span class='ocrx_word' id='word_1_133' title='bbox 2322 1405 2403 1449; x_wconf 88' lang='lat' dir='ltr'><strong>est</strong></span> <span class='ocrx_word' id='word_1_134' title='bbox 2434 1397 2487 1448; x_wconf 92' lang='lat' dir='ltr'><strong>in</strong></span> <span class='ocrx_word' id='word_1_135' title='bbox 2508 1395 2745 1463; x_wconf 83' lang='lat' dir='ltr'><strong>planitie.</strong></span> <span class='ocrx_word' id='word_1_136' title='bbox 2778 1392 2833 1445; x_wconf 90' lang='lat' dir='ltr'><strong>S.</strong></span> <span class='ocrx_word' id='word_1_137' title='bbox 2857 1408 3024 1460; x_wconf 87' lang='lat' dir='ltr'><strong>usque</strong></span> <span class='ocrx_word' id='word_1_138' title='bbox 3045 1393 3109 1451; x_wconf 82' lang='lat' dir='ltr'><strong>ad</strong></span> <span class='ocrx_word' id='word_1_139' title='bbox 3125 1392 3311 1442; x_wconf 77' lang='lat' dir='ltr'><strong>vallem</strong></span> 
     </span>
    </p>
   </div>
   <div class='ocr_carea' id='block_1_25' title="bbox 1787 1478 3309 1555">
    <p class='ocr_par' dir='ltr' id='par_1_25' title="bbox 1787 1478 3309 1555">
     <span class='ocr_line' id='line_1_25' title="bbox 1787 1478 3309 1555; baseline -0.006 -15"><span class='ocrx_word' id='word_1_140' title='bbox 1787 1497 2157 1555; x_wconf 85' lang='lat' dir='ltr'><strong>campestrem.</strong></span> <span class='ocrx_word' id='word_1_141' title='bbox 2197 1483 2358 1548; x_wconf 88' lang='lat' dir='ltr'><strong>LXX,</strong></span> <span class='ocrx_word' id='word_1_142' title='bbox 2386 1498 2554 1551; x_wconf 85' lang='lat' dir='ltr'><strong>usque</strong></span> <span class='ocrx_word' id='word_1_143' title='bbox 2584 1482 2649 1535; x_wconf 85' lang='lat' dir='ltr'><strong>ad</strong></span> <span class='ocrx_word' id='word_1_144' title='bbox 2680 1490 2962 1535; x_wconf 87' lang='lat' dir='ltr'><strong>torrentem</strong></span> <span class='ocrx_word' id='word_1_145' title='bbox 2991 1478 3309 1533; x_wconf 87' lang='lat' dir='ltr'><strong>Occidentis.</strong></span> 
     </span>
    </p>
   </div>
   <div class='ocr_carea' id='block_1_26' title="bbox 1787 1568 3097 1643">
    <p class='ocr_par' dir='ltr' id='par_1_26' title="bbox 1787 1568 3097 1643">
     <span class='ocr_line' id='line_1_26' title="bbox 1787 1568 3097 1643; baseline -0.008 -14"><span class='ocrx_word' id='word_1_146' title='bbox 1787 1578 1889 1630; x_wconf 88' lang='lat' dir='ltr'><strong>Th.</strong></span> <span class='ocrx_word' id='word_1_147' title='bbox 1926 1590 2095 1643; x_wconf 88' lang='lat' dir='ltr'><strong>usque</strong></span> <span class='ocrx_word' id='word_1_148' title='bbox 2118 1574 2185 1627; x_wconf 88' lang='lat' dir='ltr'><strong>ad</strong></span> <span class='ocrx_word' id='word_1_149' title='bbox 2214 1582 2503 1627; x_wconf 86' lang='lat' dir='ltr'><strong>torrentem</strong></span> <span class='ocrx_word' id='word_1_150' title='bbox 2523 1571 2696 1625; x_wconf 82' lang='lat' dir='ltr'><strong>Araba</strong></span> <span class='ocrx_word' id='word_1_151' title='bbox 2732 1569 2825 1639; x_wconf 84' lang='lat' dir='ltr'><strong>(al.</strong></span> <span class='ocrx_word' id='word_1_152' title='bbox 2850 1568 3097 1636; x_wconf 59' lang='lat' dir='ltr'><strong>Arabia).</strong></span> 
     </span>
    </p>
   </div>
   <div class='ocr_carea' id='block_1_27' title="bbox 997 1685 2404 1762">
    <p class='ocr_par' dir='ltr' id='par_1_27' title="bbox 997 1685 2404 1762">
     <span class='ocr_line' id='line_1_27' title="bbox 997 1685 2404 1762; baseline -0.009 -8"><span class='ocrx_word' id='word_1_153' title='bbox 997 1697 1169 1754; x_wconf 74' lang='lat' dir='ltr'><strong>Nota)</strong></span> <span class='ocrx_word' id='word_1_154' title='bbox 1193 1700 1253 1754; x_wconf 89' lang='lat' dir='ltr'><strong>et</strong></span> <span class='ocrx_word' id='word_1_155' title='bbox 1285 1693 1469 1754; x_wconf 66' lang='lat' dir='ltr'><strong>varias</strong></span> <span class='ocrx_word' id='word_1_156' title='bbox 1507 1692 1807 1752; x_wconf 85' lang='lat' dir='ltr'><strong>lectiones</strong></span> <span class='ocrx_word' id='word_1_157' title='bbox 1825 1690 1901 1750; x_wconf 82' lang='lat' dir='ltr'><strong>ad</strong></span> <span class='ocrx_word' id='word_1_158' title='bbox 1922 1703 2053 1762; x_wconf 84' lang='lat' dir='ltr'><strong>cap.</strong></span> <span class='ocrx_word' id='word_1_159' title='bbox 2077 1686 2162 1745; x_wconf 80' lang='lat' dir='ltr'>VI</span> <span class='ocrx_word' id='word_1_160' title='bbox 2191 1685 2404 1743; x_wconf 87' lang='lat' dir='ltr'><strong>Amos.</strong></span> 
     </span>
    </p>
   </div>
   <div class='ocr_carea' id='block_1_28' title="bbox 287 1794 1537 1865">
    <p class='ocr_par' dir='ltr' id='par_1_28' title="bbox 287 1794 1537 1865">
     <span class='ocr_line' id='line_1_28' title="bbox 287 1794 1537 1865; baseline 0 -19"><span class='ocrx_word' id='word_1_161' title='bbox 287 1795 338 1865; x_wconf 57' lang='grc' dir='ltr'><strong>ἦ.</strong></span> <span class='ocrx_word' id='word_1_162' title='bbox 376 1796 481 1865; x_wconf 53' lang='grc' dir='ltr'><strong>ἶΔη</strong></span> <span class='ocrx_word' id='word_1_163' title='bbox 505 1796 559 1865; x_wconf 71' lang='grc' dir='ltr'>οξ</span> <span class='ocrx_word' id='word_1_164' title='bbox 588 1794 1107 1865; x_wconf 44' lang='grc' dir='ltr'>ἀποκεχωρ-ισμένοι</span> <span class='ocrx_word' id='word_1_165' title='bbox 1133 1804 1234 1850; x_wconf 86' lang='lat' dir='ltr'><strong>etc.</strong></span> <span class='ocrx_word' id='word_1_166' title='bbox 1264 1794 1537 1847; x_wconf 86' lang='lat' dir='ltr'><strong>Barberin.</strong></span> 
     </span>
    </p>
   </div>
   <div class='ocr_carea' id='block_1_29' title="bbox 249 1862 1053 1932">
    <p class='ocr_par' dir='ltr' id='par_1_29' title="bbox 249 1862 1053 1932">
     <span class='ocr_line' id='line_1_29' title="bbox 249 1862 1053 1932; baseline 0.001 -18"><span class='ocrx_word' id='word_1_167' title='bbox 249 1902 260 1914; x_wconf 95' lang='lat'><strong>.</strong></span> <span class='ocrx_word' id='word_1_168' title='bbox 379 1864 463 1923; x_wconf 88' lang='lat'><strong>2.,</strong></span> <span class='ocrx_word' id='word_1_169' title='bbox 488 1863 603 1914; x_wconf 81' lang='grc' dir='ltr'><strong>τῶν</strong></span> <span class='ocrx_word' id='word_1_170' title='bbox 635 1862 1053 1932; x_wconf 52' lang='lat' dir='ltr'><strong>papam&#39;tqem.</strong></span> 
     </span>
    </p>
   </div>
   <div class='ocr_carea' id='block_1_30' title="bbox 292 1929 1086 2001">
    <p class='ocr_par' dir='ltr' id='par_1_30' title="bbox 292 1929 1086 2001">
     <span class='ocr_line' id='line_1_30' title="bbox 292 1929 1086 2001; baseline 0.004 -21"><span class='ocrx_word' id='word_1_171' title='bbox 292 1930 340 2001; x_wconf 65' lang='grc'><strong>7.</strong></span> <span class='ocrx_word' id='word_1_172' title='bbox 376 1932 457 2001; x_wconf 81' lang='lat'><strong>2_.,</strong></span> <span class='ocrx_word' id='word_1_173' title='bbox 494 1931 596 1981; x_wconf 77' lang='grc' dir='ltr'><strong>καὶ</strong></span> <span class='ocrx_word' id='word_1_174' title='bbox 622 1929 894 2001; x_wconf 14' lang='grc' dir='ltr'><strong>ῥῑερᾼιαιρ-</strong></span> <span class='ocrx_word' id='word_1_175' title='bbox 923 1929 1086 2001; x_wconf 69' lang='lat' dir='ltr'><strong>Idem.</strong></span> 
     </span>
    </p>
   </div>
   <div class='ocr_carea' id='block_1_31' title="bbox 286 1996 1653 2054">
    <p class='ocr_par' dir='ltr' id='par_1_31' title="bbox 286 1996 1653 2054">
     <span class='ocr_line' id='line_1_31' title="bbox 286 1996 1653 2054; baseline -0.001 -5"><span class='ocrx_word' id='word_1_176' title='bbox 286 1999 371 2051; x_wconf 85' lang='grc'><strong>11.</strong></span> <span class='ocrx_word' id='word_1_177' title='bbox 396 1998 591 2051; x_wconf 85' lang='lat' dir='ltr'><strong>Trium</strong></span> <span class='ocrx_word' id='word_1_178' title='bbox 621 1996 894 2052; x_wconf 77' lang='lat' dir='ltr'><strong>lectiones</strong></span> <span class='ocrx_word' id='word_1_179' title='bbox 926 1998 1100 2052; x_wconf 77' lang='lat' dir='ltr'><strong>adfert</strong></span> <span class='ocrx_word' id='word_1_180' title='bbox 1125 1998 1262 2054; x_wconf 87' lang='lat' dir='ltr'><strong>idem</strong></span> <span class='ocrx_word' id='word_1_181' title='bbox 1310 1996 1653 2051; x_wconf 84' lang='lat' dir='ltr'><strong>Barberinus.</strong></span> 
     </span>
    </p>
   </div>
   <div class='ocr_carea' id='block_1_32' title="bbox 250 2065 1054 2135">
    <p class='ocr_par' dir='ltr' id='par_1_32' title="bbox 250 2065 1054 2135">
     <span class='ocr_line' id='line_1_32' title="bbox 250 2065 1054 2135; baseline -0.001 -14"><span class='ocrx_word' id='word_1_182' title='bbox 250 2065 374 2121; x_wconf 76' lang='grc'><strong>.15.</strong></span> <span class='ocrx_word' id='word_1_183' title='bbox 420 2066 527 2130; x_wconf 86' lang='grc' dir='ltr'><strong>Ἀ.,</strong></span> <span class='ocrx_word' id='word_1_184' title='bbox 557 2067 612 2117; x_wconf 78' lang='grc' dir='ltr'><strong>εἰ</strong></span> <span class='ocrx_word' id='word_1_185' title='bbox 643 2067 854 2135; x_wconf 79' lang='grc' dir='ltr'><strong>ἁροτρ-</strong></span> <span class='ocrx_word' id='word_1_186' title='bbox 889 2065 1054 2120; x_wconf 86' lang='lat' dir='ltr'><strong>Idem.</strong></span> 
     </span>
    </p>
   </div>
   <div class='ocr_carea' id='block_1_33' title="bbox 1858 1781 2757 1850">
    <p class='ocr_par' dir='ltr' id='par_1_33' title="bbox 1858 1781 2757 1850">
     <span class='ocr_line' id='line_1_33' title="bbox 1858 1781 2757 1850; baseline -0.009 -9"><span class='ocrx_word' id='word_1_187' title='bbox 1858 1789 1988 1841; x_wconf 87' lang='lat' dir='ltr'><strong>Ibid.</strong></span> <span class='ocrx_word' id='word_1_188' title='bbox 2030 1787 2112 1846; x_wconf 83' lang='grc' dir='ltr'><strong>Σ..</strong></span> <span class='ocrx_word' id='word_1_189' title='bbox 2146 1784 2371 1850; x_wconf 83' lang='grc' dir='ltr'><strong>ἀλόγως.</strong></span> <span class='ocrx_word' id='word_1_190' title='bbox 2403 1781 2757 1850; x_wconf 81' lang='lat' dir='ltr'><strong>Hieronymus</strong></span> 
     </span>
    </p>
   </div>
   <div class='ocr_carea' id='block_1_34' title="bbox 1859 1843 3313 1916">
    <p class='ocr_par' dir='ltr' id='par_1_34' title="bbox 1859 1843 3313 1916">
     <span class='ocr_line' id='line_1_34' title="bbox 1859 1843 3313 1916; baseline -0.009 -9"><span class='ocrx_word' id='word_1_191' title='bbox 1859 1856 1923 1907; x_wconf 85' lang='lat' dir='ltr'><strong>V.</strong></span> <span class='ocrx_word' id='word_1_192' title='bbox 1966 1854 2049 1906; x_wconf 73' lang='grc'><strong>14.</strong></span> <span class='ocrx_word' id='word_1_193' title='bbox 2075 1843 2266 1916; x_wconf 63' lang='grc' dir='ltr'><strong>’Ᾰλ.1.ξ</strong></span> <span class='ocrx_word' id='word_1_194' title='bbox 2302 1843 2561 1916; x_wconf 61' lang='grc' dir='ltr'><strong>σλτρατιῶν</strong></span> <span class='ocrx_word' id='word_1_195' title='bbox 2591 1843 2620 1900; x_wconf 67' lang='grc' dir='ltr'><em>ξ</em></span> <span class='ocrx_word' id='word_1_196' title='bbox 2646 1858 2697 1900; x_wconf 90' lang='lat' dir='ltr'><strong>et</strong></span> <span class='ocrx_word' id='word_1_197' title='bbox 2733 1855 2913 1913; x_wconf 83' lang='lat' dir='ltr'><strong>postea</strong></span> <span class='ocrx_word' id='word_1_198' title='bbox 2957 1848 3037 1903; x_wconf 87' lang='grc' dir='ltr'><strong>Σ..</strong></span> <span class='ocrx_word' id='word_1_199' title='bbox 3072 1843 3176 1896; x_wconf 81' lang='grc' dir='ltr'><strong>ἀπὸ</strong></span> <span class='ocrx_word' id='word_1_200' title='bbox 3201 1845 3313 1895; x_wconf 66' lang='grc' dir='ltr'>εἰσι</span> 
     </span>
    </p>
   </div>
   <div class='ocr_carea' id='block_1_35' title="bbox 1788 1916 3060 1986">
    <p class='ocr_par' dir='ltr' id='par_1_35' title="bbox 1788 1916 3060 1986">
     <span class='ocr_line' id='line_1_35' title="bbox 1788 1916 3060 1986; baseline -0.01 -10"><span class='ocrx_word' id='word_1_201' title='bbox 1788 1925 1929 1985; x_wconf 81' lang='grc' dir='ltr'>ὁδου,</span> <span class='ocrx_word' id='word_1_202' title='bbox 1959 1920 2271 1986; x_wconf 87' lang='lat' dir='ltr'><strong>deindeque,</strong></span> <span class='ocrx_word' id='word_1_203' title='bbox 2304 1919 2496 1986; x_wconf 63' lang='grc' dir='ltr'><strong>Ἄλλη</strong></span> <span class='ocrx_word' id='word_1_204' title='bbox 2520 1916 2688 1984; x_wconf 87' lang='grc' dir='ltr'>χόλον.</span> <span class='ocrx_word' id='word_1_205' title='bbox 2724 1916 3060 1986; x_wconf 70' lang='lat' dir='ltr'><strong>Harberinus.</strong></span> 
     </span>
    </p>
   </div>
   <div class='ocr_carea' id='block_1_36' title="bbox 1860 1978 3315 2053">
    <p class='ocr_par' dir='ltr' id='par_1_36' title="bbox 1860 1978 3315 2053">
     <span class='ocr_line' id='line_1_36' title="bbox 1860 1978 3315 2053; baseline -0.007 -10"><span class='ocrx_word' id='word_1_206' title='bbox 1860 1978 1989 2044; x_wconf 80' lang='lat' dir='ltr'><strong>Ibid.</strong></span> <span class='ocrx_word' id='word_1_207' title='bbox 2025 1987 2131 2039; x_wconf 88' lang='lat' dir='ltr'><strong>Has</strong></span> <span class='ocrx_word' id='word_1_208' title='bbox 2160 1978 2370 2053; x_wconf 81' lang='lat' dir='ltr'><strong>quoque</strong></span> <span class='ocrx_word' id='word_1_209' title='bbox 2417 1978 2880 2053; x_wconf 63' lang='lat' dir='ltr'><strong>interpretationes</strong></span> <span class='ocrx_word' id='word_1_210' title='bbox 2914 1982 3101 2053; x_wconf 83' lang='lat' dir='ltr'><strong>Latine</strong></span> <span class='ocrx_word' id='word_1_211' title='bbox 3145 1978 3315 2034; x_wconf 83' lang='lat' dir='ltr'><strong>adfert</strong></span> 
     </span>
    </p>
   </div>
   <div class='ocr_carea' id='block_1_37' title="bbox 1791 2050 3145 2125">
    <p class='ocr_par' dir='ltr' id='par_1_37' title="bbox 1791 2050 3145 2125">
     <span class='ocr_line' id='line_1_37' title="bbox 1791 2050 3145 2125; baseline -0.007 -14"><span class='ocrx_word' id='word_1_212' title='bbox 1791 2059 2144 2125; x_wconf 82' lang='lat' dir='ltr'><strong>Hieronymus</strong></span> <span class='ocrx_word' id='word_1_213' title='bbox 2168 2050 2193 2107; x_wconf 69' lang='grc' dir='ltr'><em>ξ</em></span> <span class='ocrx_word' id='word_1_214' title='bbox 2218 2050 2399 2107; x_wconf 56' lang='lat' dir='ltr'><strong>Griece</strong></span> <span class='ocrx_word' id='word_1_215' title='bbox 2433 2050 2773 2118; x_wconf 81' lang='lat' dir='ltr'><strong>imperfectas</strong></span> <span class='ocrx_word' id='word_1_216' title='bbox 2800 2050 3145 2103; x_wconf 86' lang='lat' dir='ltr'><strong>Barberinus.</strong></span> 
     </span>
    </p>
   </div>
   <div class='ocr_carea' id='block_1_38' title="bbox 1419 2187 2080 2254">
    <p class='ocr_par' dir='ltr' id='par_1_38' title="bbox 1419 2187 2080 2254">
     <span class='ocr_line' id='line_1_38' title="bbox 1419 2187 2080 2254; baseline -0.015 1"><span class='ocrx_word' id='word_1_217' title='bbox 1419 2194 1634 2254; x_wconf 83' lang='lat' dir='ltr'><strong>AMOS</strong></span> <span class='ocrx_word' id='word_1_218' title='bbox 1659 2189 1910 2251; x_wconf 84' lang='lat' dir='ltr'><strong>CAPUT</strong></span> <span class='ocrx_word' id='word_1_219' title='bbox 1948 2187 2080 2245; x_wconf 91' lang='lat' dir='ltr'><strong>VlI.</strong></span> 
     </span>
    </p>
   </div>
   <div class='ocr_carea' id='block_1_39' title="bbox 148 2295 1132 2365">
    <p class='ocr_par' dir='ltr' id='par_1_39' title="bbox 148 2295 1132 2365">
     <span class='ocr_line' id='line_1_39' title="bbox 148 2295 1132 2365; baseline -0.005 -15"><span class='ocrx_word' id='word_1_220' title='bbox 148 2308 221 2358; x_wconf 71' lang='grc' dir='ltr'><strong>ω</strong></span> <span class='ocrx_word' id='word_1_221' title='bbox 251 2297 274 2350; x_wconf 92' lang='grc'><strong>1</strong></span> <span class='ocrx_word' id='word_1_222' title='bbox 357 2297 439 2350; x_wconf 83' lang='grc' dir='ltr'><strong>Ἀ.</strong></span> <span class='ocrx_word' id='word_1_223' title='bbox 474 2295 749 2365; x_wconf 82' lang='grc' dir='ltr'>βοράδων.</span> <span class='ocrx_word' id='word_1_224' title='bbox 776 2297 855 2360; x_wconf 91' lang='lat'><strong>0&#39;,</strong></span> <span class='ocrx_word' id='word_1_225' title='bbox 880 2295 1132 2364; x_wconf 80' lang='grc' dir='ltr'><strong>ἀκρίδων.</strong></span> 
     </span>
    </p>
   </div>
   <div class='ocr_carea' id='block_1_40' title="bbox 148 2449 1690 2550">
    <p class='ocr_par' dir='ltr' id='par_1_40' title="bbox 148 2449 1690 2550">
     <span class='ocr_line' id='line_1_40' title="bbox 148 2449 1690 2550; baseline -0.011 -24"><span class='ocrx_word' id='word_1_226' title='bbox 148 2451 283 2543; x_wconf 62' lang='lat' dir='ltr'><strong>15m</strong></span> <span class='ocrx_word' id='word_1_227' title='bbox 315 2474 390 2525; x_wconf 68' lang='grc' dir='ltr'><strong>’τὲ</strong></span> <span class='ocrx_word' id='word_1_228' title='bbox 422 2478 546 2525; x_wconf 60' lang='grc' dir='ltr'><strong>’τοι</strong></span> <span class='ocrx_word' id='word_1_229' title='bbox 581 2449 862 2550; x_wconf 66' lang='lat' dir='ltr'><strong>wp‘rmn</strong></span> <span class='ocrx_word' id='word_1_230' title='bbox 945 2465 1023 2517; x_wconf 82' lang='lat' dir='ltr'><strong>’A.</strong></span> <span class='ocrx_word' id='word_1_231' title='bbox 1063 2461 1379 2550; x_wconf 45' lang='lat' dir='ltr'><strong>tacerem;</strong></span> <span class='ocrx_word' id='word_1_232' title='bbox 1399 2460 1568 2511; x_wconf 79' lang='grc' dir='ltr'>ὀπίσω</span> <span class='ocrx_word' id='word_1_233' title='bbox 1592 2458 1690 2525; x_wconf 84' lang='grc' dir='ltr'><strong>τῆς</strong></span> 
     </span>
    </p>
   </div>
   <div class='ocr_carea' id='block_1_41' title="bbox 149 2546 1692 2627">
    <p class='ocr_par' dir='ltr' id='par_1_41' title="bbox 149 2546 1692 2627">
     <span class='ocr_line' id='line_1_41' title="bbox 149 2546 1692 2627; baseline -0.006 -21"><span class='ocrx_word' id='word_1_234' title='bbox 149 2555 302 2624; x_wconf 79' lang='grc' dir='ltr'><strong>Γάζης</strong></span> <span class='ocrx_word' id='word_1_235' title='bbox 331 2555 619 2624; x_wconf 78' lang='grc' dir='ltr'><strong>βασιλέως.</strong></span> <span class='ocrx_word' id='word_1_236' title='bbox 644 2546 738 2615; x_wconf 79' lang='grc' dir='ltr'><strong>Ὀ’,</strong></span> <span class='ocrx_word' id='word_1_237' title='bbox 769 2552 876 2605; x_wconf 72' lang='grc' dir='ltr'>ἰδοὺ</span> <span class='ocrx_word' id='word_1_238' title='bbox 912 2552 1138 2622; x_wconf 77' lang='grc' dir='ltr'>βροῦχος</span> <span class='ocrx_word' id='word_1_239' title='bbox 1184 2546 1262 2612; x_wconf 81' lang='grc' dir='ltr'><strong>εἷς</strong></span> <span class='ocrx_word' id='word_1_240' title='bbox 1310 2549 1432 2615; x_wconf 81' lang='grc' dir='ltr'><strong>Γὼγ</strong></span> <span class='ocrx_word' id='word_1_241' title='bbox 1470 2548 1505 2627; x_wconf 32' lang='grc' dir='ltr'><strong>’ὁ</strong></span> <span class='ocrx_word' id='word_1_242' title='bbox 1542 2547 1692 2615; x_wconf 84' lang='grc' dir='ltr'><strong>βασι-</strong></span> 
     </span>
    </p>
   </div>
   <div class='ocr_carea' id='block_1_42' title="bbox 148 2642 272 2705">
    <p class='ocr_par' dir='ltr' id='par_1_42' title="bbox 148 2642 272 2705">
     <span class='ocr_line' id='line_1_42' title="bbox 148 2642 272 2705; baseline 0.008 -12"><span class='ocrx_word' id='word_1_243' title='bbox 148 2642 272 2705; x_wconf 83' lang='grc' dir='ltr'><strong>λεύς.</strong></span> 
     </span>
    </p>
   </div>
   <div class='ocr_carea' id='block_1_43' title="bbox 148 2800 1686 2895">
    <p class='ocr_par' dir='ltr' id='par_1_43' title="bbox 148 2800 1686 2895">
     <span class='ocr_line' id='line_1_43' title="bbox 148 2800 1686 2895; baseline -0.01 -27"><span class='ocrx_word' id='word_1_244' title='bbox 148 2818 264 2891; x_wconf 63' lang='lat' dir='ltr'><strong>1pm</strong></span> <span class='ocrx_word' id='word_1_245' title='bbox 299 2817 423 2895; x_wconf 63' lang='lat' dir='ltr'><strong>mp7</strong></span> <span class='ocrx_word' id='word_1_246' title='bbox 462 2817 535 2866; x_wconf 64' lang='grc' dir='ltr'>ηε</span> <span class='ocrx_word' id='word_1_247' title='bbox 570 2809 609 2861; x_wconf 77' lang='grc'>2</span> <span class='ocrx_word' id='word_1_248' title='bbox 688 2807 752 2859; x_wconf 88' lang='grc' dir='ltr'><strong>Σ.</strong></span> <span class='ocrx_word' id='word_1_249' title='bbox 782 2807 866 2867; x_wconf 79' lang='grc' dir='ltr'><strong>τις</strong></span> <span class='ocrx_word' id='word_1_250' title='bbox 896 2800 972 2857; x_wconf 81' lang='grc' dir='ltr'>ὧν</span> <span class='ocrx_word' id='word_1_251' title='bbox 1015 2802 1136 2872; x_wconf 91' lang='lat' dir='ltr'><strong>(sic)</strong></span> <span class='ocrx_word' id='word_1_252' title='bbox 1179 2802 1533 2870; x_wconf 79' lang='grc' dir='ltr'><strong>ὑποστήσεται</strong></span> <span class='ocrx_word' id='word_1_253' title='bbox 1585 2801 1686 2853; x_wconf 82' lang='grc' dir='ltr'><strong>Ἰα-</strong></span> 
     </span>
    </p>
   </div>
   <div class='ocr_carea' id='block_1_44' title="bbox 150 2892 1161 2966">
    <p class='ocr_par' dir='ltr' id='par_1_44' title="bbox 150 2892 1161 2966">
     <span class='ocr_line' id='line_1_44' title="bbox 150 2892 1161 2966; baseline -0.006 -17"><span class='ocrx_word' id='word_1_254' title='bbox 150 2898 267 2951; x_wconf 71' lang='lat' dir='ltr'><strong>itbe.</strong></span> <span class='ocrx_word' id='word_1_255' title='bbox 290 2892 471 2961; x_wconf 64' lang='grc' dir='ltr'><strong>0⁸,’τίς</strong></span> <span class='ocrx_word' id='word_1_256' title='bbox 498 2898 807 2966; x_wconf 83' lang='grc' dir='ltr'><strong>ἀναστήσει</strong></span> <span class='ocrx_word' id='word_1_257' title='bbox 826 2895 916 2947; x_wconf 82' lang='grc' dir='ltr'><strong>τὸν</strong></span> <span class='ocrx_word' id='word_1_258' title='bbox 954 2892 1161 2946; x_wconf 80' lang='grc' dir='ltr'>Ἰακώϐ.</span> 
     </span>
    </p>
   </div>
   <div class='ocr_carea' id='block_1_45' title="bbox 150 2980 1681 3055">
    <p class='ocr_par' dir='ltr' id='par_1_45' title="bbox 150 2980 1681 3055">
     <span class='ocr_line' id='line_1_45' title="bbox 150 2980 1681 3055; baseline -0.007 -12"><span class='ocrx_word' id='word_1_259' title='bbox 150 2995 250 3043; x_wconf 67' lang='lat' dir='ltr'><strong>mm</strong></span> <span class='ocrx_word' id='word_1_260' title='bbox 286 2998 394 3047; x_wconf 75' lang='lat' dir='ltr'><strong>Dn:</strong></span> <span class='ocrx_word' id='word_1_261' title='bbox 432 2987 467 3041; x_wconf 77' lang='lat'><strong>3</strong></span> <span class='ocrx_word' id='word_1_262' title='bbox 540 2989 604 3043; x_wconf 91' lang='lat'><strong>2.</strong></span> <span class='ocrx_word' id='word_1_263' title='bbox 642 2984 967 3055; x_wconf 84' lang='grc' dir='ltr'><strong>παρεκλήθη</strong></span> <span class='ocrx_word' id='word_1_264' title='bbox 992 2982 1207 3050; x_wconf 80' lang='grc' dir='ltr'><strong>Κύριος.</strong></span> <span class='ocrx_word' id='word_1_265' title='bbox 1235 2983 1311 3043; x_wconf 91' lang='lat'><strong>0’,</strong></span> <span class='ocrx_word' id='word_1_266' title='bbox 1342 2980 1681 3049; x_wconf 85' lang='grc' dir='ltr'><strong>μετανόησον,</strong></span> 
     </span>
    </p>
   </div>
   <div class='ocr_carea' id='block_1_46' title="bbox 152 3074 323 3142">
    <p class='ocr_par' dir='ltr' id='par_1_46' title="bbox 152 3074 323 3142">
     <span class='ocr_line' id='line_1_46' title="bbox 152 3074 323 3142; baseline 0.023 -17"><span class='ocrx_word' id='word_1_267' title='bbox 152 3074 323 3142; x_wconf 77' lang='grc' dir='ltr'><strong>Κύριε.</strong></span> 
     </span>
    </p>
   </div>
   <div class='ocr_carea' id='block_1_47' title="bbox 152 3258 1687 3349">
    <p class='ocr_par' dir='ltr' id='par_1_47' title="bbox 152 3258 1687 3349">
     <span class='ocr_line' id='line_1_47' title="bbox 152 3258 1687 3349; baseline -0.006 -28"><span class='ocrx_word' id='word_1_268' title='bbox 152 3273 259 3349; x_wconf 68' lang='grc' dir='ltr'><strong>ΒῚΡΊ</strong></span> <span class='ocrx_word' id='word_1_269' title='bbox 294 3275 364 3325; x_wconf 64' lang='grc' dir='ltr'><strong>’Β</strong></span> <span class='ocrx_word' id='word_1_270' title='bbox 398 3267 433 3321; x_wconf 84' lang='grc'><strong>5</strong></span> <span class='ocrx_word' id='word_1_271' title='bbox 506 3266 567 3319; x_wconf 95' lang='lat'><strong>2.</strong></span> <span class='ocrx_word' id='word_1_272' title='bbox 599 3264 690 3326; x_wconf 82' lang='grc' dir='ltr'><strong><em>τις</em></strong></span> <span class='ocrx_word' id='word_1_273' title='bbox 713 3258 789 3315; x_wconf 80' lang='grc' dir='ltr'>ὧν</span> <span class='ocrx_word' id='word_1_274' title='bbox 813 3261 935 3331; x_wconf 79' lang='lat' dir='ltr'><strong>(sic)</strong></span> <span class='ocrx_word' id='word_1_275' title='bbox 954 3260 1331 3327; x_wconf 79' lang='grc' dir='ltr'>ὑποστήσεται.</span> <span class='ocrx_word' id='word_1_276' title='bbox 1353 3260 1428 3321; x_wconf 86' lang='lat'><strong>0’,</strong></span> <span class='ocrx_word' id='word_1_277' title='bbox 1452 3259 1534 3321; x_wconf 78' lang='grc' dir='ltr'><strong>τίς</strong></span> <span class='ocrx_word' id='word_1_278' title='bbox 1559 3260 1687 3312; x_wconf 83' lang='grc' dir='ltr'><strong>ἀνα-</strong></span> 
     </span>
    </p>
   </div>
   <div class='ocr_carea' id='block_1_48' title="bbox 155 3355 339 3420">
    <p class='ocr_par' dir='ltr' id='par_1_48' title="bbox 155 3355 339 3420">
     <span class='ocr_line' id='line_1_48' title="bbox 155 3355 339 3420; baseline 0.016 -17"><span class='ocrx_word' id='word_1_279' title='bbox 155 3355 339 3420; x_wconf 77' lang='grc' dir='ltr'>στήσει.</span> 
     </span>
    </p>
   </div>
   <div class='ocr_carea' id='block_1_49' title="bbox 155 3440 1397 3513">
    <p class='ocr_par' dir='ltr' id='par_1_49' title="bbox 155 3440 1397 3513">
     <span class='ocr_line' id='line_1_49' title="bbox 155 3440 1397 3513; baseline -0.008 -13"><span class='ocrx_word' id='word_1_280' title='bbox 155 3451 253 3500; x_wconf 70' lang='lat' dir='ltr'><strong>Dl&#39;l:</strong></span> <span class='ocrx_word' id='word_1_281' title='bbox 278 3443 309 3496; x_wconf 84' lang='grc'>6</span> <span class='ocrx_word' id='word_1_282' title='bbox 388 3445 468 3497; x_wconf 82' lang='grc' dir='ltr'><strong>Ἀ.</strong></span> <span class='ocrx_word' id='word_1_283' title='bbox 512 3442 924 3513; x_wconf 83' lang='grc' dir='ltr'><strong>παρακλήοητι.</strong></span> <span class='ocrx_word' id='word_1_284' title='bbox 956 3440 1030 3502; x_wconf 91' lang='lat'><strong>0&#39;,</strong></span> <span class='ocrx_word' id='word_1_285' title='bbox 1060 3440 1397 3510; x_wconf 82' lang='grc' dir='ltr'>μετανοήσον.</span> 
     </span>
    </p>
   </div>
   <div class='ocr_carea' id='block_1_50' title="bbox 157 3606 1686 3676">
    <p class='ocr_par' dir='ltr' id='par_1_50' title="bbox 157 3606 1686 3676">
     <span class='ocr_line' id='line_1_50' title="bbox 157 3606 1686 3676; baseline -0.004 -11"><span class='ocrx_word' id='word_1_286' title='bbox 157 3616 261 3665; x_wconf 59' lang='lat' dir='ltr'><strong>9m</strong></span> <span class='ocrx_word' id='word_1_287' title='bbox 290 3619 410 3668; x_wconf 78' lang='lat' dir='ltr'><strong>rum</strong></span> <span class='ocrx_word' id='word_1_288' title='bbox 446 3619 619 3669; x_wconf 59' lang='grc' dir='ltr'><strong>’Μ’-Ι</strong></span> <span class='ocrx_word' id='word_1_289' title='bbox 653 3621 729 3667; x_wconf 78' lang='lat' dir='ltr'><strong>.‘D</strong></span> <span class='ocrx_word' id='word_1_290' title='bbox 766 3609 797 3659; x_wconf 90' lang='grc'>7</span> <span class='ocrx_word' id='word_1_291' title='bbox 868 3609 925 3661; x_wconf 89' lang='grc' dir='ltr'><strong>Σ.</strong></span> <span class='ocrx_word' id='word_1_292' title='bbox 955 3608 1035 3659; x_wconf 83' lang='grc' dir='ltr'><strong>ὅτι</strong></span> <span class='ocrx_word' id='word_1_293' title='bbox 1061 3608 1226 3676; x_wconf 77' lang='grc' dir='ltr'><strong>ἐφάνη</strong></span> <span class='ocrx_word' id='word_1_294' title='bbox 1258 3606 1470 3676; x_wconf 84' lang='grc' dir='ltr'><strong>Κύριος.</strong></span> <span class='ocrx_word' id='word_1_295' title='bbox 1500 3607 1575 3669; x_wconf 90' lang='lat'><strong>0&#39;,</strong></span> <span class='ocrx_word' id='word_1_296' title='bbox 1595 3606 1686 3659; x_wconf 77' lang='grc' dir='ltr'>οὓ-</span> 
     </span>
    </p>
   </div>
   <div class='ocr_carea' id='block_1_51' title="bbox 156 3695 1546 3770">
    <p class='ocr_par' dir='ltr' id='par_1_51' title="bbox 156 3695 1546 3770">
     <span class='ocr_line' id='line_1_51' title="bbox 156 3695 1546 3770; baseline 0.001 -22"><span class='ocrx_word' id='word_1_297' title='bbox 156 3712 249 3759; x_wconf 83' lang='grc' dir='ltr'>τως</span> <span class='ocrx_word' id='word_1_298' title='bbox 263 3697 424 3763; x_wconf 71' lang='grc' dir='ltr'>ἔδειξὲ</span> <span class='ocrx_word' id='word_1_299' title='bbox 464 3714 557 3770; x_wconf 86' lang='grc' dir='ltr'><strong>μοι</strong></span> <span class='ocrx_word' id='word_1_300' title='bbox 587 3699 821 3769; x_wconf 76' lang='grc' dir='ltr'><strong>Κύριος.</strong></span> <span class='ocrx_word' id='word_1_301' title='bbox 846 3697 907 3750; x_wconf 86' lang='grc' dir='ltr'><strong>Θ.</strong></span> <span class='ocrx_word' id='word_1_302' title='bbox 941 3697 1045 3749; x_wconf 82' lang='grc' dir='ltr'>ἰδοὺ</span> <span class='ocrx_word' id='word_1_303' title='bbox 1084 3695 1301 3748; x_wconf 79' lang='grc' dir='ltr'>’Δδωναῖ</span> <span class='ocrx_word' id='word_1_304' title='bbox 1330 3698 1546 3765; x_wconf 83' lang='grc' dir='ltr'><strong>Κύριος.</strong></span> 
     </span>
    </p>
   </div>
   <div class='ocr_carea' id='block_1_52' title="bbox 156 3938 1579 4028">
    <p class='ocr_par' dir='ltr' id='par_1_52' title="bbox 156 3938 1579 4028">
     <span class='ocr_line' id='line_1_52' title="bbox 156 3938 1579 4028; baseline -0.001 -22"><span class='ocrx_word' id='word_1_305' title='bbox 156 3957 247 4028; x_wconf 75' lang='grc' dir='ltr'><strong>’βκ</strong></span> <span class='ocrx_word' id='word_1_306' title='bbox 322 3953 399 4006; x_wconf 83' lang='lat' dir='ltr'><strong>’A.</strong></span> <span class='ocrx_word' id='word_1_307' title='bbox 438 3955 705 4022; x_wconf 82' lang='grc' dir='ltr'><strong>γάνωσις.</strong></span> <span class='ocrx_word' id='word_1_308' title='bbox 732 3954 797 4007; x_wconf 90' lang='grc' dir='ltr'><strong>Σ.</strong></span> <span class='ocrx_word' id='word_1_309' title='bbox 826 3953 903 4019; x_wconf 86' lang='lat'><strong>0’,</strong></span> <span class='ocrx_word' id='word_1_310' title='bbox 923 3952 1149 4021; x_wconf 79' lang='grc' dir='ltr'><strong>ἀδάμας.</strong></span> <span class='ocrx_word' id='word_1_311' title='bbox 1175 3953 1235 4007; x_wconf 87' lang='grc' dir='ltr'><strong>Θ.</strong></span> <span class='ocrx_word' id='word_1_312' title='bbox 1270 3938 1579 4022; x_wconf 72' lang='grc' dir='ltr'>τηκόμενον.</span> 
     </span>
    </p>
   </div>
   <div class='ocr_carea' id='block_1_53' title="bbox 158 4204 1121 4275">
    <p class='ocr_par' dir='ltr' id='par_1_53' title="bbox 158 4204 1121 4275">
     <span class='ocr_line' id='line_1_53' title="bbox 158 4204 1121 4275; baseline -0.003 -13"><span class='ocrx_word' id='word_1_313' title='bbox 158 4212 290 4262; x_wconf 74' lang='lat' dir='ltr'><strong>nm</strong></span> <span class='ocrx_word' id='word_1_314' title='bbox 318 4206 351 4261; x_wconf 88' lang='lat'><strong>9</strong></span> <span class='ocrx_word' id='word_1_315' title='bbox 421 4209 481 4260; x_wconf 75' lang='grc' dir='ltr'><strong>Σ.</strong></span> <span class='ocrx_word' id='word_1_316' title='bbox 507 4208 577 4261; x_wconf 76' lang='grc' dir='ltr'><strong>τὰ</strong></span> <span class='ocrx_word' id='word_1_317' title='bbox 604 4206 807 4275; x_wconf 71' lang='grc' dir='ltr'><strong>ὑψηλά.</strong></span> <span class='ocrx_word' id='word_1_318' title='bbox 831 4207 907 4270; x_wconf 81' lang='grc' dir='ltr'><strong>οι,</strong></span> <span class='ocrx_word' id='word_1_319' title='bbox 934 4204 1121 4274; x_wconf 85' lang='grc' dir='ltr'><strong>βωμοί.</strong></span> 
     </span>
    </p>
   </div>
   <div class='ocr_carea' id='block_1_54' title="bbox 162 4296 1686 4378">
    <p class='ocr_par' dir='ltr' id='par_1_54' title="bbox 162 4296 1686 4378">
     <span class='ocr_line' id='line_1_54' title="bbox 162 4296 1686 4378; baseline 0.003 -31"><span class='ocrx_word' id='word_1_320' title='bbox 162 4302 272 4378; x_wconf 66' lang='lat' dir='ltr'><strong>‘mp</strong></span> <span class='ocrx_word' id='word_1_321' title='bbox 307 4296 370 4350; x_wconf 90' lang='grc'><strong>10</strong></span> <span class='ocrx_word' id='word_1_322' title='bbox 454 4298 536 4352; x_wconf 85' lang='grc' dir='ltr'><strong>Ἀ.</strong></span> <span class='ocrx_word' id='word_1_323' title='bbox 588 4296 898 4366; x_wconf 82' lang='grc' dir='ltr'>συνέδησεν.</span> <span class='ocrx_word' id='word_1_324' title='bbox 940 4297 997 4349; x_wconf 92' lang='grc' dir='ltr'><strong>Σ.</strong></span> <span class='ocrx_word' id='word_1_325' title='bbox 1042 4296 1312 4351; x_wconf 83' lang='grc' dir='ltr'>ἀνέπισεν.</span> <span class='ocrx_word' id='word_1_326' title='bbox 1337 4302 1354 4320; x_wconf 88' lang='lat'><strong><em>‘</em></strong></span> <span class='ocrx_word' id='word_1_327' title='bbox 1386 4298 1686 4369; x_wconf 83' lang='grc' dir='ltr'><strong>ἀναταράσ-</strong></span> 
     </span>
    </p>
   </div>
   <div class='ocr_carea' id='block_1_55' title="bbox 166 4385 1002 4456">
    <p class='ocr_par' dir='ltr' id='par_1_55' title="bbox 166 4385 1002 4456">
     <span class='ocr_line' id='line_1_55' title="bbox 166 4385 1002 4456; baseline 0.006 -22"><span class='ocrx_word' id='word_1_328' title='bbox 166 4400 261 4436; x_wconf 81' lang='grc' dir='ltr'>σον.</span> <span class='ocrx_word' id='word_1_329' title='bbox 288 4385 361 4448; x_wconf 89' lang='lat'><strong>0’,</strong></span> <span class='ocrx_word' id='word_1_330' title='bbox 388 4388 703 4456; x_wconf 84' lang='grc' dir='ltr'>συστροφὰς</span> <span class='ocrx_word' id='word_1_331' title='bbox 726 4390 1002 4445; x_wconf 78' lang='grc' dir='ltr'><strong>ποιεῖται..</strong></span> 
     </span>
    </p>
   </div>
   <div class='ocr_carea' id='block_1_56' title="bbox 162 4473 1650 4550">
    <p class='ocr_par' dir='ltr' id='par_1_56' title="bbox 162 4473 1650 4550">
     <span class='ocr_line' id='line_1_56' title="bbox 162 4473 1650 4550; baseline 0.004 -25"><span class='ocrx_word' id='word_1_332' title='bbox 162 4479 284 4550; x_wconf 59' lang='grc' dir='ltr'><strong>’φῇ</strong></span> <span class='ocrx_word' id='word_1_333' title='bbox 318 4474 382 4526; x_wconf 69' lang='grc'><strong>14</strong></span> <span class='ocrx_word' id='word_1_334' title='bbox 466 4474 545 4526; x_wconf 85' lang='grc' dir='ltr'><strong>Ἀ.</strong></span> <span class='ocrx_word' id='word_1_335' title='bbox 579 4475 642 4529; x_wconf 83' lang='grc' dir='ltr'><strong>Σ.</strong></span> <span class='ocrx_word' id='word_1_336' title='bbox 678 4475 738 4527; x_wconf 92' lang='grc' dir='ltr'><strong>Θ.</strong></span> <span class='ocrx_word' id='word_1_337' title='bbox 762 4474 856 4526; x_wconf 73' lang='grc' dir='ltr'><strong>καὶ</strong></span> <span class='ocrx_word' id='word_1_338' title='bbox 880 4475 960 4538; x_wconf 87' lang='lat' dir='ltr'><strong>E&#39;,</strong></span> <span class='ocrx_word' id='word_1_339' title='bbox 1003 4473 1271 4542; x_wconf 85' lang='grc' dir='ltr'><strong>βουκόλος.</strong></span> <span class='ocrx_word' id='word_1_340' title='bbox 1307 4477 1382 4542; x_wconf 92' lang='lat' dir='ltr'><strong>O’,</strong></span> <span class='ocrx_word' id='word_1_341' title='bbox 1413 4475 1650 4540; x_wconf 74' lang='grc' dir='ltr'><strong>αἰπολος.</strong></span> 
     </span>
    </p>
   </div>
   <div class='ocr_carea' id='block_1_57' title="bbox 166 4636 1692 4732">
    <p class='ocr_par' dir='ltr' id='par_1_57' title="bbox 166 4636 1692 4732">
     <span class='ocr_line' id='line_1_57' title="bbox 166 4636 1692 4732; baseline 0.003 -33"><span class='ocrx_word' id='word_1_342' title='bbox 166 4654 350 4732; x_wconf 66' lang='grc' dir='ltr'>ω’ῠρω</span> <span class='ocrx_word' id='word_1_343' title='bbox 378 4636 530 4710; x_wconf 68' lang='lat'>051:1</span> <span class='ocrx_word' id='word_1_344' title='bbox 616 4652 697 4706; x_wconf 83' lang='lat' dir='ltr'><strong>’A.</strong></span> <span class='ocrx_word' id='word_1_345' title='bbox 732 4653 827 4705; x_wconf 78' lang='grc' dir='ltr'><strong>καὶ</strong></span> <span class='ocrx_word' id='word_1_346' title='bbox 850 4652 1080 4720; x_wconf 74' lang='grc' dir='ltr'>ἐρευνῶν</span> <span class='ocrx_word' id='word_1_347' title='bbox 1114 4652 1461 4722; x_wconf 82' lang='grc' dir='ltr'>συκομόρους.</span> <span class='ocrx_word' id='word_1_348' title='bbox 1503 4653 1562 4705; x_wconf 89' lang='grc' dir='ltr'><strong>Σ.</strong></span> <span class='ocrx_word' id='word_1_349' title='bbox 1599 4652 1692 4705; x_wconf 73' lang='grc' dir='ltr'><strong>καὶ</strong></span> 
     </span>
    </p>
   </div>
   <div class='ocr_carea' id='block_1_58' title="bbox 171 4733 1689 4810">
    <p class='ocr_par' dir='ltr' id='par_1_58' title="bbox 171 4733 1689 4810">
     <span class='ocr_line' id='line_1_58' title="bbox 171 4733 1689 4810; baseline 0.005 -24"><span class='ocrx_word' id='word_1_350' title='bbox 171 4733 289 4800; x_wconf 75' lang='grc' dir='ltr'>ἔχων</span> <span class='ocrx_word' id='word_1_351' title='bbox 315 4741 667 4809; x_wconf 81' lang='grc' dir='ltr'>συκομόρους.</span> <span class='ocrx_word' id='word_1_352' title='bbox 710 4743 789 4807; x_wconf 88' lang='lat'><strong>0&#39;,</strong></span> <span class='ocrx_word' id='word_1_353' title='bbox 816 4740 912 4793; x_wconf 79' lang='grc' dir='ltr'><strong>καὶ</strong></span> <span class='ocrx_word' id='word_1_354' title='bbox 952 4739 1145 4804; x_wconf 77' lang='grc' dir='ltr'>κνίζων</span> <span class='ocrx_word' id='word_1_355' title='bbox 1170 4741 1459 4810; x_wconf 81' lang='grc' dir='ltr'>συκάμινα.</span> <span class='ocrx_word' id='word_1_356' title='bbox 1498 4741 1559 4795; x_wconf 89' lang='grc' dir='ltr'><strong>Θ.</strong></span> <span class='ocrx_word' id='word_1_357' title='bbox 1601 4742 1689 4795; x_wconf 80' lang='grc' dir='ltr'><strong>καὶ</strong></span> 
     </span>
    </p>
   </div>
   <div class='ocr_carea' id='block_1_59' title="bbox 171 4828 783 4897">
    <p class='ocr_par' dir='ltr' id='par_1_59' title="bbox 171 4828 783 4897">
     <span class='ocr_line' id='line_1_59' title="bbox 171 4828 783 4897; baseline 0.02 -25"><span class='ocrx_word' id='word_1_358' title='bbox 171 4828 399 4891; x_wconf 72' lang='grc' dir='ltr'><strong>χαρακῶν</strong></span> <span class='ocrx_word' id='word_1_359' title='bbox 432 4828 783 4897; x_wconf 80' lang='grc' dir='ltr'>συκαμίνους.</span> 
     </span>
    </p>
   </div>
   <div class='ocr_carea' id='block_1_60' title="bbox 174 4985 1691 5074">
    <p class='ocr_par' dir='ltr' id='par_1_60' title="bbox 174 4985 1691 5074">
     <span class='ocr_line' id='line_1_60' title="bbox 174 4985 1691 5074; baseline 0.004 -22"><span class='ocrx_word' id='word_1_360' title='bbox 174 5002 307 5074; x_wconf 59' lang='lat' dir='ltr'><strong>quan</strong></span> <span class='ocrx_word' id='word_1_361' title='bbox 338 4985 427 5058; x_wconf 70' lang='grc' dir='ltr'><strong>κ¹π</strong></span> <span class='ocrx_word' id='word_1_362' title='bbox 458 5000 525 5054; x_wconf 88' lang='grc'><strong>16</strong></span> <span class='ocrx_word' id='word_1_363' title='bbox 595 5000 655 5054; x_wconf 92' lang='grc' dir='ltr'><strong>Σ.</strong></span> <span class='ocrx_word' id='word_1_364' title='bbox 696 5040 712 5055; x_wconf 92' lang='grc'>.</span> <span class='ocrx_word' id='word_1_365' title='bbox 759 5038 776 5053; x_wconf 95' lang='grc'>.</span> <span class='ocrx_word' id='word_1_366' title='bbox 820 5036 835 5051; x_wconf 94' lang='grc'><strong>.</strong></span> <span class='ocrx_word' id='word_1_367' title='bbox 884 5037 898 5051; x_wconf 93' lang='grc'><strong>.</strong></span> <span class='ocrx_word' id='word_1_368' title='bbox 943 5036 957 5051; x_wconf 93' lang='grc'><strong>.</strong></span> <span class='ocrx_word' id='word_1_369' title='bbox 998 5039 1012 5053; x_wconf 94' lang='grc'>.</span> <span class='ocrx_word' id='word_1_370' title='bbox 1053 5002 1239 5066; x_wconf 74' lang='grc' dir='ltr'><strong>Ο’,καὶ</strong></span> <span class='ocrx_word' id='word_1_371' title='bbox 1265 5001 1326 5054; x_wconf 81' lang='grc' dir='ltr'><strong>οὐ</strong></span> <span class='ocrx_word' id='word_1_372' title='bbox 1355 5001 1430 5072; x_wconf 78' lang='grc' dir='ltr'><strong>μὴ</strong></span> <span class='ocrx_word' id='word_1_373' title='bbox 1456 5002 1691 5073; x_wconf 80' lang='grc' dir='ltr'><strong>ὀχλαγω-</strong></span> 
     </span>
    </p>
   </div>
   <div class='ocr_carea' id='block_1_61' title="bbox 177 5086 345 5153">
    <p class='ocr_par' dir='ltr' id='par_1_61' title="bbox 177 5086 345 5153">
     <span class='ocr_line' id='line_1_61' title="bbox 177 5086 345 5153; baseline 0.006 -6"><span class='ocrx_word' id='word_1_374' title='bbox 177 5086 345 5153; x_wconf 56' lang='grc' dir='ltr'><strong>τήθης.</strong></span> 
     </span>
    </p>
   </div>
   <div class='ocr_carea' id='block_1_62' title="bbox 177 5177 1430 5250">
    <p class='ocr_par' dir='ltr' id='par_1_62' title="bbox 177 5177 1430 5250">
     <span class='ocr_line' id='line_1_62' title="bbox 177 5177 1430 5250; baseline 0.002 -21"><span class='ocrx_word' id='word_1_375' title='bbox 177 5181 290 5232; x_wconf 76' lang='lat' dir='ltr'><strong>mm</strong></span> <span class='ocrx_word' id='word_1_376' title='bbox 323 5178 380 5229; x_wconf 88' lang='lat' dir='ltr'><strong>l7</strong></span> <span class='ocrx_word' id='word_1_377' title='bbox 448 5180 503 5231; x_wconf 89' lang='grc' dir='ltr'><strong>Σ.</strong></span> <span class='ocrx_word' id='word_1_378' title='bbox 544 5177 999 5249; x_wconf 81' lang='grc' dir='ltr'>πορνευθήσεται.</span> <span class='ocrx_word' id='word_1_379' title='bbox 1023 5181 1097 5243; x_wconf 92' lang='lat'><strong>0&#39;,</strong></span> <span class='ocrx_word' id='word_1_380' title='bbox 1130 5180 1430 5250; x_wconf 84' lang='grc' dir='ltr'>πορνεύσει.</span> 
     </span>
    </p>
   </div>
   <div class='ocr_carea' id='block_1_63' title="bbox 1858 2273 3312 2341">
    <p class='ocr_par' dir='ltr' id='par_1_63' title="bbox 1858 2273 3312 2341">
     <span class='ocr_line' id='line_1_63' title="bbox 1858 2273 3312 2341; baseline -0.003 -8"><span class='ocrx_word' id='word_1_381' title='bbox 1858 2283 1909 2334; x_wconf 84' lang='grc'><strong>1.</strong></span> <span class='ocrx_word' id='word_1_382' title='bbox 1944 2281 2076 2333; x_wconf 88' lang='lat' dir='ltr'><strong>Heb.</strong></span> <span class='ocrx_word' id='word_1_383' title='bbox 2105 2277 2266 2341; x_wconf 89' lang='lat' dir='ltr'><strong>LXX,</strong></span> <span class='ocrx_word' id='word_1_384' title='bbox 2300 2277 2646 2330; x_wconf 86' lang='lat' dir='ltr'><strong>locustarum.</strong></span> <span class='ocrx_word' id='word_1_385' title='bbox 2672 2275 2732 2328; x_wconf 85' lang='lat' dir='ltr'><strong>A.</strong></span> <span class='ocrx_word' id='word_1_386' title='bbox 2776 2273 3052 2327; x_wconf 86' lang='lat' dir='ltr'><strong>boradum.</strong></span> <span class='ocrx_word' id='word_1_387' title='bbox 3083 2274 3204 2327; x_wconf 68' lang='grc' dir='ltr'><strong>ναι.</strong></span> <span class='ocrx_word' id='word_1_388' title='bbox 3231 2273 3312 2328; x_wconf 83' lang='grc'><strong>10-</strong></span> 
     </span>
    </p>
   </div>
   <div class='ocr_carea' id='block_1_64' title="bbox 1787 2377 1969 2422">
    <p class='ocr_par' dir='ltr' id='par_1_64' title="bbox 1787 2377 1969 2422">
     <span class='ocr_line' id='line_1_64' title="bbox 1787 2377 1969 2422; baseline -0.011 0"><span class='ocrx_word' id='word_1_389' title='bbox 1787 2377 1969 2422; x_wconf 77' lang='lat' dir='ltr'><strong>costae.</strong></span> 
     </span>
    </p>
   </div>
   <div class='ocr_carea' id='block_1_65' title="bbox 1855 2424 3307 2517">
    <p class='ocr_par' dir='ltr' id='par_1_65' title="bbox 1855 2424 3307 2517">
     <span class='ocr_line' id='line_1_65' title="bbox 1855 2424 3307 2517; baseline -0.003 -10"><span class='ocrx_word' id='word_1_390' title='bbox 1855 2455 1919 2507; x_wconf 84' lang='lat' dir='ltr'><strong>Il.</strong></span> <span class='ocrx_word' id='word_1_391' title='bbox 1947 2424 2069 2507; x_wconf 84' lang='lat' dir='ltr'><strong>ecce</strong></span> <span class='ocrx_word' id='word_1_392' title='bbox 2093 2452 2253 2505; x_wconf 87' lang='lat' dir='ltr'><strong>herba</strong></span> <span class='ocrx_word' id='word_1_393' title='bbox 2307 2449 2541 2504; x_wconf 87' lang='lat' dir='ltr'><strong>serotina</strong></span> <span class='ocrx_word' id='word_1_394' title='bbox 2587 2457 2707 2516; x_wconf 91' lang='lat' dir='ltr'><strong>post</strong></span> <span class='ocrx_word' id='word_1_395' title='bbox 2746 2448 3019 2503; x_wconf 89' lang='lat' dir='ltr'><strong>tonsiones</strong></span> <span class='ocrx_word' id='word_1_396' title='bbox 3062 2449 3219 2517; x_wconf 77' lang='lat' dir='ltr'><strong>regis.</strong></span> <span class='ocrx_word' id='word_1_397' title='bbox 3243 2448 3307 2503; x_wconf 86' lang='lat' dir='ltr'><strong>A.</strong></span> 
     </span>
    </p>
   </div>
   <div class='ocr_carea' id='block_1_66' title="bbox 1786 2535 3311 2606">
    <p class='ocr_par' dir='ltr' id='par_1_66' title="bbox 1786 2535 3311 2606">
     <span class='ocr_line' id='line_1_66' title="bbox 1786 2535 3311 2606; baseline -0.006 -9"><span class='ocrx_word' id='word_1_398' title='bbox 1786 2557 1908 2596; x_wconf 87' lang='lat' dir='ltr'><strong>ecce</strong></span> <span class='ocrx_word' id='word_1_399' title='bbox 1934 2543 2199 2596; x_wconf 88' lang='lat' dir='ltr'><strong>serotinus</strong></span> <span class='ocrx_word' id='word_1_400' title='bbox 2227 2549 2344 2606; x_wconf 90' lang='lat' dir='ltr'><strong>post</strong></span> <span class='ocrx_word' id='word_1_401' title='bbox 2367 2537 2521 2591; x_wconf 63' lang='lat' dir='ltr'><strong>Gazae</strong></span> <span class='ocrx_word' id='word_1_402' title='bbox 2574 2551 2772 2606; x_wconf 80' lang='lat' dir='ltr'><strong>regem.</strong></span> <span class='ocrx_word' id='word_1_403' title='bbox 2804 2535 2962 2600; x_wconf 85' lang='lat' dir='ltr'><strong>LXX,</strong></span> <span class='ocrx_word' id='word_1_404' title='bbox 3011 2551 3133 2591; x_wconf 89' lang='lat' dir='ltr'><strong>ecce</strong></span> <span class='ocrx_word' id='word_1_405' title='bbox 3186 2537 3311 2589; x_wconf 90' lang='lat' dir='ltr'><strong>bru-</strong></span> 
     </span>
    </p>
   </div>
   <div class='ocr_carea' id='block_1_67' title="bbox 1786 2628 3311 2697">
    <p class='ocr_par' dir='ltr' id='par_1_67' title="bbox 1786 2628 3311 2697">
     <span class='ocr_line' id='line_1_67' title="bbox 1786 2628 3311 2697; baseline -0.005 -12"><span class='ocrx_word' id='word_1_406' title='bbox 1786 2633 1920 2686; x_wconf 88' lang='lat' dir='ltr'><strong>chus</strong></span> <span class='ocrx_word' id='word_1_407' title='bbox 1953 2646 2088 2684; x_wconf 91' lang='lat' dir='ltr'><strong>unus</strong></span> <span class='ocrx_word' id='word_1_408' title='bbox 2115 2629 2227 2697; x_wconf 85' lang='lat' dir='ltr'><strong>Gog</strong></span> <span class='ocrx_word' id='word_1_409' title='bbox 2254 2644 2366 2682; x_wconf 80' lang='lat' dir='ltr'><strong>rex.</strong></span> <span class='ocrx_word' id='word_1_410' title='bbox 2397 2628 2519 2696; x_wconf 81' lang='lat' dir='ltr'><strong>Vul.</strong></span> <span class='ocrx_word' id='word_1_411' title='bbox 2568 2642 2692 2683; x_wconf 92' lang='lat' dir='ltr'><strong>ecce</strong></span> <span class='ocrx_word' id='word_1_412' title='bbox 2730 2628 2992 2681; x_wconf 87' lang='lat' dir='ltr'><strong>serotinus</strong></span> <span class='ocrx_word' id='word_1_413' title='bbox 3042 2635 3164 2694; x_wconf 90' lang='lat' dir='ltr'><strong>post</strong></span> <span class='ocrx_word' id='word_1_414' title='bbox 3188 2635 3311 2679; x_wconf 90' lang='lat' dir='ltr'><strong>ton-</strong></span> 
     </span>
    </p>
   </div>
   <div class='ocr_carea' id='block_1_68' title="bbox 1786 2718 2190 2787">
    <p class='ocr_par' dir='ltr' id='par_1_68' title="bbox 1786 2718 2190 2787">
     <span class='ocr_line' id='line_1_68' title="bbox 1786 2718 2190 2787; baseline -0.007 -14"><span class='ocrx_word' id='word_1_415' title='bbox 1786 2719 1990 2774; x_wconf 90' lang='lat' dir='ltr'><strong>sionem</strong></span> <span class='ocrx_word' id='word_1_416' title='bbox 2030 2718 2190 2787; x_wconf 82' lang='lat' dir='ltr'><strong>regis.</strong></span> 
     </span>
    </p>
   </div>
   <div class='ocr_carea' id='block_1_69' title="bbox 1852 2798 3310 2872">
    <p class='ocr_par' dir='ltr' id='par_1_69' title="bbox 1852 2798 3310 2872">
     <span class='ocr_line' id='line_1_69' title="bbox 1852 2798 3310 2872; baseline -0.003 -14"><span class='ocrx_word' id='word_1_417' title='bbox 1852 2807 1907 2858; x_wconf 78' lang='grc'><strong>2.</strong></span> <span class='ocrx_word' id='word_1_418' title='bbox 1945 2807 2007 2859; x_wconf 86' lang='lat' dir='ltr'><strong>H.</strong></span> <span class='ocrx_word' id='word_1_419' title='bbox 2038 2804 2199 2869; x_wconf 86' lang='lat' dir='ltr'><strong>LXX,</strong></span> <span class='ocrx_word' id='word_1_420' title='bbox 2233 2803 2355 2857; x_wconf 70' lang='grc' dir='ltr'><strong>ναι.</strong></span> <span class='ocrx_word' id='word_1_421' title='bbox 2386 2802 2504 2872; x_wconf 83' lang='lat' dir='ltr'><strong>quis</strong></span> <span class='ocrx_word' id='word_1_422' title='bbox 2546 2801 2827 2857; x_wconf 82' lang='lat' dir='ltr'><strong>suscitabit</strong></span> <span class='ocrx_word' id='word_1_423' title='bbox 2876 2800 3059 2855; x_wconf 84' lang='lat' dir='ltr'><strong>Jacob.</strong></span> <span class='ocrx_word' id='word_1_424' title='bbox 3093 2798 3151 2854; x_wconf 92' lang='grc'>8.</span> <span class='ocrx_word' id='word_1_425' title='bbox 3189 2799 3310 2869; x_wconf 89' lang='lat' dir='ltr'><strong>quis</strong></span> 
     </span>
    </p>
   </div>
   <div class='ocr_carea' id='block_1_70' title="bbox 1784 2893 3041 2975">
    <p class='ocr_par' dir='ltr' id='par_1_70' title="bbox 1784 2893 3041 2975">
     <span class='ocr_line' id='line_1_70' title="bbox 1784 2893 3041 2975; baseline -0.007 -24"><span class='ocrx_word' id='word_1_426' title='bbox 1784 2910 1911 2964; x_wconf 80' lang='lat' dir='ltr'><strong>ergo</strong></span> <span class='ocrx_word' id='word_1_427' title='bbox 1939 2894 2217 2963; x_wconf 75' lang='lat' dir='ltr'><strong>suscitabit</strong></span> <span class='ocrx_word' id='word_1_428' title='bbox 2246 2893 2426 2949; x_wconf 75' lang='lat' dir='ltr'><strong>Iacob.</strong></span> <span class='ocrx_word' id='word_1_429' title='bbox 2896 2960 2902 2975; x_wconf 38' lang='grc' dir='ltr'>ι</span> <span class='ocrx_word' id='word_1_430' title='bbox 3034 2942 3041 2953; x_wconf 64' lang='lat'><strong>,</strong></span> 
     </span>
    </p>
   </div>
   <div class='ocr_carea' id='block_1_71' title="bbox 1855 2981 3311 3052">
    <p class='ocr_par' dir='ltr' id='par_1_71' title="bbox 1855 2981 3311 3052">
     <span class='ocr_line' id='line_1_71' title="bbox 1855 2981 3311 3052; baseline -0.003 -13"><span class='ocrx_word' id='word_1_431' title='bbox 1855 2986 1908 3039; x_wconf 77' lang='grc'><strong>5.</strong></span> <span class='ocrx_word' id='word_1_432' title='bbox 1936 2985 2000 3037; x_wconf 80' lang='lat'><strong>1!.</strong></span> <span class='ocrx_word' id='word_1_433' title='bbox 2030 2985 2276 3052; x_wconf 62' lang='lat' dir='ltr'><strong>paenituit</strong></span> <span class='ocrx_word' id='word_1_434' title='bbox 2299 2984 2603 3037; x_wconf 90' lang='lat' dir='ltr'><strong>Dominum.</strong></span> <span class='ocrx_word' id='word_1_435' title='bbox 2633 2984 2689 3036; x_wconf 94' lang='grc'>8.</span> <span class='ocrx_word' id='word_1_436' title='bbox 2723 2992 3001 3037; x_wconf 87' lang='lat' dir='ltr'><strong>revocatus</strong></span> <span class='ocrx_word' id='word_1_437' title='bbox 3027 2989 3108 3035; x_wconf 90' lang='lat' dir='ltr'><strong>est</strong></span> <span class='ocrx_word' id='word_1_438' title='bbox 3132 2981 3311 3034; x_wconf 91' lang='lat' dir='ltr'><strong>Domi-</strong></span> 
     </span>
    </p>
   </div>
   <div class='ocr_carea' id='block_1_72' title="bbox 1785 3070 3311 3142">
    <p class='ocr_par' dir='ltr' id='par_1_72' title="bbox 1785 3070 3311 3142">
     <span class='ocr_line' id='line_1_72' title="bbox 1785 3070 3311 3142; baseline -0.001 -16"><span class='ocrx_word' id='word_1_439' title='bbox 1785 3089 1906 3127; x_wconf 88' lang='lat' dir='ltr'><strong>nus.</strong></span> <span class='ocrx_word' id='word_1_440' title='bbox 1936 3072 2094 3139; x_wconf 85' lang='lat' dir='ltr'><strong>LXX,</strong></span> <span class='ocrx_word' id='word_1_441' title='bbox 2128 3073 2379 3142; x_wconf 70' lang='lat' dir='ltr'><strong>pteniteat</strong></span> <span class='ocrx_word' id='word_1_442' title='bbox 2417 3082 2469 3126; x_wconf 89' lang='lat' dir='ltr'><strong>te</strong></span> <span class='ocrx_word' id='word_1_443' title='bbox 2488 3110 2504 3135; x_wconf 87' lang='lat'><strong>,</strong></span> <span class='ocrx_word' id='word_1_444' title='bbox 2527 3072 2768 3127; x_wconf 91' lang='lat' dir='ltr'><strong>Domine.</strong></span> <span class='ocrx_word' id='word_1_445' title='bbox 2804 3070 2927 3125; x_wconf 82' lang='lat' dir='ltr'><strong>Vul.</strong></span> <span class='ocrx_word' id='word_1_446' title='bbox 2956 3072 3204 3125; x_wconf 82' lang='lat' dir='ltr'><strong>misertus</strong></span> <span class='ocrx_word' id='word_1_447' title='bbox 3229 3081 3311 3124; x_wconf 89' lang='lat' dir='ltr'><strong>est</strong></span> 
     </span>
    </p>
   </div>
   <div class='ocr_carea' id='block_1_73' title="bbox 1786 3161 2059 3215">
    <p class='ocr_par' dir='ltr' id='par_1_73' title="bbox 1786 3161 2059 3215">
     <span class='ocr_line' id='line_1_73' title="bbox 1786 3161 2059 3215; baseline 0 -2"><span class='ocrx_word' id='word_1_448' title='bbox 1786 3161 2059 3215; x_wconf 86' lang='lat' dir='ltr'><strong>Dominus.</strong></span> 
     </span>
    </p>
   </div>
   <div class='ocr_carea' id='block_1_74' title="bbox 1854 3246 3311 3318">
    <p class='ocr_par' dir='ltr' id='par_1_74' title="bbox 1854 3246 3311 3318">
     <span class='ocr_line' id='line_1_74' title="bbox 1854 3246 3311 3318; baseline -0.001 -15"><span class='ocrx_word' id='word_1_449' title='bbox 1854 3250 1907 3303; x_wconf 84' lang='lat'><strong>5.</strong></span> <span class='ocrx_word' id='word_1_450' title='bbox 1935 3250 1998 3301; x_wconf 89' lang='lat' dir='ltr'><strong>H.</strong></span> <span class='ocrx_word' id='word_1_451' title='bbox 2027 3248 2183 3311; x_wconf 86' lang='lat' dir='ltr'><strong>LXX,</strong></span> <span class='ocrx_word' id='word_1_452' title='bbox 2214 3247 2337 3302; x_wconf 71' lang='grc' dir='ltr'><strong>ναι.</strong></span> <span class='ocrx_word' id='word_1_453' title='bbox 2387 3247 2508 3316; x_wconf 92' lang='lat' dir='ltr'><strong>quis</strong></span> <span class='ocrx_word' id='word_1_454' title='bbox 2547 3246 2865 3302; x_wconf 76' lang='lat' dir='ltr'><strong>suscitabit?</strong></span> <span class='ocrx_word' id='word_1_455' title='bbox 2917 3247 2973 3301; x_wconf 89' lang='lat' dir='ltr'><strong>S.</strong></span> <span class='ocrx_word' id='word_1_456' title='bbox 2998 3247 3121 3316; x_wconf 87' lang='lat' dir='ltr'><strong>quis</strong></span> <span class='ocrx_word' id='word_1_457' title='bbox 3148 3248 3311 3318; x_wconf 79' lang='lat' dir='ltr'><strong>igitur</strong></span> 
     </span>
    </p>
   </div>
   <div class='ocr_carea' id='block_1_75' title="bbox 1788 3338 2411 3407">
    <p class='ocr_par' dir='ltr' id='par_1_75' title="bbox 1788 3338 2411 3407">
     <span class='ocr_line' id='line_1_75' title="bbox 1788 3338 2411 3407; baseline -0.014 -14"><span class='ocrx_word' id='word_1_458' title='bbox 1788 3338 2110 3393; x_wconf 83' lang='lat' dir='ltr'><strong>suscitabil?</strong></span> <span class='ocrx_word' id='word_1_459' title='bbox 2390 3382 2411 3407; x_wconf 41' lang='grc' dir='ltr'>ε</span> 
     </span>
    </p>
   </div>
   <div class='ocr_carea' id='block_1_76' title="bbox 1853 3420 3308 3492">
    <p class='ocr_par' dir='ltr' id='par_1_76' title="bbox 1853 3420 3308 3492">
     <span class='ocr_line' id='line_1_76' title="bbox 1853 3420 3308 3492; baseline -0.003 -14"><span class='ocrx_word' id='word_1_460' title='bbox 1853 3427 1904 3478; x_wconf 90' lang='grc'><strong>6.</strong></span> <span class='ocrx_word' id='word_1_461' title='bbox 1940 3425 2001 3476; x_wconf 82' lang='lat' dir='ltr'><strong>ll.</strong></span> <span class='ocrx_word' id='word_1_462' title='bbox 2034 3423 2300 3492; x_wconf 74' lang='lat' dir='ltr'><strong>pmnituit.</strong></span> <span class='ocrx_word' id='word_1_463' title='bbox 2334 3422 2398 3474; x_wconf 82' lang='lat' dir='ltr'><strong>A.</strong></span> <span class='ocrx_word' id='word_1_464' title='bbox 2440 3422 2709 3476; x_wconf 85' lang='lat' dir='ltr'><strong>miserere.</strong></span> <span class='ocrx_word' id='word_1_465' title='bbox 2757 3420 2918 3486; x_wconf 88' lang='lat' dir='ltr'><strong>LXX,</strong></span> <span class='ocrx_word' id='word_1_466' title='bbox 2948 3422 3203 3490; x_wconf 73' lang='lat' dir='ltr'><strong>poeniteat</strong></span> <span class='ocrx_word' id='word_1_467' title='bbox 3240 3430 3308 3474; x_wconf 91' lang='lat' dir='ltr'><strong>te.</strong></span> 
     </span>
    </p>
   </div>
   <div class='ocr_carea' id='block_1_77' title="bbox 1792 3512 2326 3565">
    <p class='ocr_par' dir='ltr' id='par_1_77' title="bbox 1792 3512 2326 3565">
     <span class='ocr_line' id='line_1_77' title="bbox 1792 3512 2326 3565; baseline -0.006 -1"><span class='ocrx_word' id='word_1_468' title='bbox 1792 3512 1907 3565; x_wconf 82' lang='lat' dir='ltr'><strong>Vul.</strong></span> <span class='ocrx_word' id='word_1_469' title='bbox 1943 3512 2193 3564; x_wconf 85' lang='lat' dir='ltr'><strong>misertus</strong></span> <span class='ocrx_word' id='word_1_470' title='bbox 2227 3520 2326 3563; x_wconf 85' lang='lat' dir='ltr'><strong>est.</strong></span> 
     </span>
    </p>
   </div>
   <div class='ocr_carea' id='block_1_78' title="bbox 1854 3594 3311 3659">
    <p class='ocr_par' dir='ltr' id='par_1_78' title="bbox 1854 3594 3311 3659">
     <span class='ocr_line' id='line_1_78' title="bbox 1854 3594 3311 3659; baseline -0.005 -5"><span class='ocrx_word' id='word_1_471' title='bbox 1854 3604 1904 3656; x_wconf 88' lang='lat'><strong>7.</strong></span> <span class='ocrx_word' id='word_1_472' title='bbox 1932 3601 1996 3654; x_wconf 83' lang='grc' dir='ltr'><strong>Η.</strong></span> <span class='ocrx_word' id='word_1_473' title='bbox 2029 3601 2120 3654; x_wconf 87' lang='lat' dir='ltr'><strong>Sic</strong></span> <span class='ocrx_word' id='word_1_474' title='bbox 2148 3598 2378 3652; x_wconf 87' lang='lat' dir='ltr'><strong>ostendit</strong></span> <span class='ocrx_word' id='word_1_475' title='bbox 2404 3596 2556 3659; x_wconf 90' lang='lat' dir='ltr'><strong>mihi,</strong></span> <span class='ocrx_word' id='word_1_476' title='bbox 2586 3604 2639 3648; x_wconf 90' lang='lat' dir='ltr'><strong>et</strong></span> <span class='ocrx_word' id='word_1_477' title='bbox 2663 3610 2784 3649; x_wconf 85' lang='lat' dir='ltr'><strong>ecce</strong></span> <span class='ocrx_word' id='word_1_478' title='bbox 2808 3594 3081 3647; x_wconf 87' lang='lat' dir='ltr'><strong>Dominus.</strong></span> <span class='ocrx_word' id='word_1_479' title='bbox 3102 3594 3158 3647; x_wconf 92' lang='grc'>8.</span> <span class='ocrx_word' id='word_1_480' title='bbox 3177 3594 3311 3658; x_wconf 84' lang='lat' dir='ltr'><strong>Quia</strong></span> 
     </span>
    </p>
   </div>
   <div class='ocr_carea' id='block_1_79' title="bbox 1784 3682 3313 3748">
    <p class='ocr_par' dir='ltr' id='par_1_79' title="bbox 1784 3682 3313 3748">
     <span class='ocr_line' id='line_1_79' title="bbox 1784 3682 3313 3748; baseline -0.007 -4"><span class='ocrx_word' id='word_1_481' title='bbox 1784 3693 1929 3746; x_wconf 80' lang='lat' dir='ltr'><strong>visus</strong></span> <span class='ocrx_word' id='word_1_482' title='bbox 1953 3698 2035 3743; x_wconf 87' lang='lat' dir='ltr'><strong>est</strong></span> <span class='ocrx_word' id='word_1_483' title='bbox 2064 3688 2340 3742; x_wconf 87' lang='lat' dir='ltr'><strong>Dominus.</strong></span> <span class='ocrx_word' id='word_1_484' title='bbox 2372 3684 2531 3748; x_wconf 83' lang='lat' dir='ltr'><strong>LXX,</strong></span> <span class='ocrx_word' id='word_1_485' title='bbox 2574 3684 2663 3737; x_wconf 91' lang='lat' dir='ltr'><strong>Sic</strong></span> <span class='ocrx_word' id='word_1_486' title='bbox 2705 3683 2934 3736; x_wconf 88' lang='lat' dir='ltr'><strong>ostendit</strong></span> <span class='ocrx_word' id='word_1_487' title='bbox 2976 3683 3106 3735; x_wconf 89' lang='lat' dir='ltr'><strong>mihi</strong></span> <span class='ocrx_word' id='word_1_488' title='bbox 3134 3682 3313 3735; x_wconf 88' lang='lat' dir='ltr'><strong>Domi-</strong></span> 
     </span>
    </p>
   </div>
   <div class='ocr_carea' id='block_1_80' title="bbox 1784 3770 3312 3836">
    <p class='ocr_par' dir='ltr' id='par_1_80' title="bbox 1784 3770 3312 3836">
     <span class='ocr_line' id='line_1_80' title="bbox 1784 3770 3312 3836; baseline -0.007 0"><span class='ocrx_word' id='word_1_489' title='bbox 1784 3796 1902 3836; x_wconf 86' lang='lat' dir='ltr'><strong>nus.</strong></span> <span class='ocrx_word' id='word_1_490' title='bbox 1926 3779 2027 3832; x_wconf 89' lang='lat' dir='ltr'><strong>Th.</strong></span> <span class='ocrx_word' id='word_1_491' title='bbox 2062 3778 2193 3831; x_wconf 86' lang='lat' dir='ltr'><strong>Eccc</strong></span> <span class='ocrx_word' id='word_1_492' title='bbox 2228 3776 2429 3829; x_wconf 87' lang='lat' dir='ltr'><strong>Adonai</strong></span> <span class='ocrx_word' id='word_1_493' title='bbox 2466 3773 2741 3827; x_wconf 89' lang='lat' dir='ltr'><strong>Dominus.</strong></span> <span class='ocrx_word' id='word_1_494' title='bbox 2766 3770 2888 3825; x_wconf 71' lang='grc' dir='ltr'><strong>ναι.</strong></span> <span class='ocrx_word' id='word_1_495' title='bbox 2919 3770 3045 3825; x_wconf 65' lang='lat' dir='ltr'><strong>Haec</strong></span> <span class='ocrx_word' id='word_1_496' title='bbox 3082 3771 3312 3826; x_wconf 84' lang='lat' dir='ltr'><strong>ostendit</strong></span> 
     </span>
    </p>
   </div>
   <div class='ocr_carea' id='block_1_81' title="bbox 1784 3858 2767 3923">
    <p class='ocr_par' dir='ltr' id='par_1_81' title="bbox 1784 3858 2767 3923">
     <span class='ocr_line' id='line_1_81' title="bbox 1784 3858 2767 3923; baseline -0.013 0"><span class='ocrx_word' id='word_1_497' title='bbox 1784 3868 1915 3923; x_wconf 88' lang='lat' dir='ltr'><strong>mihi</strong></span> <span class='ocrx_word' id='word_1_498' title='bbox 1949 3865 2199 3918; x_wconf 80' lang='lat' dir='ltr'><strong>Dominus</strong></span> <span class='ocrx_word' id='word_1_499' title='bbox 2222 3881 2235 3916; x_wconf 90' lang='lat'><strong>:</strong></span> <span class='ocrx_word' id='word_1_500' title='bbox 2262 3871 2315 3914; x_wconf 89' lang='lat' dir='ltr'><strong>et</strong></span> <span class='ocrx_word' id='word_1_501' title='bbox 2343 3874 2465 3914; x_wconf 90' lang='lat' dir='ltr'><strong>ecce</strong></span> <span class='ocrx_word' id='word_1_502' title='bbox 2493 3858 2767 3913; x_wconf 86' lang='lat' dir='ltr'><strong>Dominus.</strong></span> 
     </span>
    </p>
   </div>
   <div class='ocr_carea' id='block_1_82' title="bbox 1857 3940 3308 4019">
    <p class='ocr_par' dir='ltr' id='par_1_82' title="bbox 1857 3940 3308 4019">
     <span class='ocr_line' id='line_1_82' title="bbox 1857 3940 3308 4019; baseline -0.008 -14"><span class='ocrx_word' id='word_1_503' title='bbox 1857 3952 2016 4007; x_wconf 88' lang='lat' dir='ltr'><strong>Hebr.</strong></span> <span class='ocrx_word' id='word_1_504' title='bbox 2049 3946 2502 4019; x_wconf 89' lang='lat' dir='ltr'><strong>perpendiculum.</strong></span> <span class='ocrx_word' id='word_1_505' title='bbox 2551 3945 2614 3996; x_wconf 85' lang='lat' dir='ltr'><strong>A.</strong></span> <span class='ocrx_word' id='word_1_506' title='bbox 2669 3950 2999 3996; x_wconf 85' lang='lat' dir='ltr'><strong>stannatura.</strong></span> <span class='ocrx_word' id='word_1_507' title='bbox 3056 3941 3113 3997; x_wconf 97' lang='grc'><strong>8.</strong></span> <span class='ocrx_word' id='word_1_508' title='bbox 3145 3940 3308 4007; x_wconf 86' lang='lat' dir='ltr'><strong>LXX,</strong></span> 
     </span>
    </p>
   </div>
   <div class='ocr_carea' id='block_1_83' title="bbox 1788 4031 3311 4105">
    <p class='ocr_par' dir='ltr' id='par_1_83' title="bbox 1788 4031 3311 4105">
     <span class='ocr_line' id='line_1_83' title="bbox 1788 4031 3311 4105; baseline -0.007 -9"><span class='ocrx_word' id='word_1_509' title='bbox 1788 4042 2026 4096; x_wconf 82' lang='lat' dir='ltr'><strong>adamas.</strong></span> <span class='ocrx_word' id='word_1_510' title='bbox 2066 4037 2167 4090; x_wconf 91' lang='lat' dir='ltr'><strong>Tb.</strong></span> <span class='ocrx_word' id='word_1_511' title='bbox 2212 4037 2535 4105; x_wconf 88' lang='lat' dir='ltr'><strong>liquescens.</strong></span> <span class='ocrx_word' id='word_1_512' title='bbox 2590 4031 2810 4087; x_wconf 84' lang='lat' dir='ltr'><strong>Hieron.</strong></span> <span class='ocrx_word' id='word_1_513' title='bbox 2866 4032 3159 4087; x_wconf 88' lang='lat' dir='ltr'><strong>tabescens.</strong></span> <span class='ocrx_word' id='word_1_514' title='bbox 3188 4031 3311 4086; x_wconf 76' lang='lat' dir='ltr'><strong>Vul.</strong></span> 
     </span>
    </p>
   </div>
   <div class='ocr_carea' id='block_1_84' title="bbox 1789 4128 2332 4185">
    <p class='ocr_par' dir='ltr' id='par_1_84' title="bbox 1789 4128 2332 4185">
     <span class='ocr_line' id='line_1_84' title="bbox 1789 4128 2332 4185; baseline -0.013 0"><span class='ocrx_word' id='word_1_515' title='bbox 1789 4132 1948 4185; x_wconf 90' lang='lat' dir='ltr'><strong>trulla</strong></span> <span class='ocrx_word' id='word_1_516' title='bbox 1990 4128 2332 4183; x_wconf 63' lang='lat' dir='ltr'><strong>caementarii.</strong></span> 
     </span>
    </p>
   </div>
   <div class='ocr_carea' id='block_1_85' title="bbox 1857 4208 2839 4274">
    <p class='ocr_par' dir='ltr' id='par_1_85' title="bbox 1857 4208 2839 4274">
     <span class='ocr_line' id='line_1_85' title="bbox 1857 4208 2839 4274; baseline -0.009 -4"><span class='ocrx_word' id='word_1_517' title='bbox 1857 4217 1908 4270; x_wconf 91' lang='lat'><strong>9.</strong></span> <span class='ocrx_word' id='word_1_518' title='bbox 1945 4214 2008 4268; x_wconf 88' lang='lat' dir='ltr'><strong>ll.</strong></span> <span class='ocrx_word' id='word_1_519' title='bbox 2034 4214 2090 4267; x_wconf 90' lang='lat' dir='ltr'><strong>S.</strong></span> <span class='ocrx_word' id='word_1_520' title='bbox 2117 4212 2237 4267; x_wconf 79' lang='lat' dir='ltr'><strong>Vul.</strong></span> <span class='ocrx_word' id='word_1_521' title='bbox 2271 4213 2500 4267; x_wconf 81' lang='lat' dir='ltr'><strong>excelsa.</strong></span> <span class='ocrx_word' id='word_1_522' title='bbox 2526 4208 2688 4274; x_wconf 88' lang='lat' dir='ltr'><strong>LXX,</strong></span> <span class='ocrx_word' id='word_1_523' title='bbox 2714 4223 2839 4263; x_wconf 66' lang='lat' dir='ltr'><strong>ara.</strong></span> 
     </span>
    </p>
   </div>
   <div class='ocr_carea' id='block_1_86' title="bbox 1861 4293 3314 4368">
    <p class='ocr_par' dir='ltr' id='par_1_86' title="bbox 1861 4293 3314 4368">
     <span class='ocr_line' id='line_1_86' title="bbox 1861 4293 3314 4368; baseline -0.006 -13"><span class='ocrx_word' id='word_1_524' title='bbox 1861 4304 1944 4355; x_wconf 84' lang='grc'><strong>10.</strong></span> <span class='ocrx_word' id='word_1_525' title='bbox 1983 4303 2110 4355; x_wconf 89' lang='lat' dir='ltr'><strong>ch.</strong></span> <span class='ocrx_word' id='word_1_526' title='bbox 2138 4301 2454 4368; x_wconf 76' lang='lat' dir='ltr'><strong>coniuravit.</strong></span> <span class='ocrx_word' id='word_1_527' title='bbox 2485 4301 2549 4352; x_wconf 84' lang='lat' dir='ltr'><strong>A.</strong></span> <span class='ocrx_word' id='word_1_528' title='bbox 2578 4297 2864 4365; x_wconf 76' lang='lat' dir='ltr'><strong>colligavit.</strong></span> <span class='ocrx_word' id='word_1_529' title='bbox 2890 4293 2947 4349; x_wconf 92' lang='lat' dir='ltr'><strong>S.</strong></span> <span class='ocrx_word' id='word_1_530' title='bbox 2968 4294 3314 4364; x_wconf 83' lang='lat' dir='ltr'><strong>conspiravit.</strong></span> 
     </span>
    </p>
   </div>
   <div class='ocr_carea' id='block_1_87' title="bbox 1788 4378 3070 4460">
    <p class='ocr_par' dir='ltr' id='par_1_87' title="bbox 1788 4378 3070 4460">
     <span class='ocr_line' id='line_1_87' title="bbox 1788 4378 3070 4460; baseline -0.009 -12"><span class='ocrx_word' id='word_1_531' title='bbox 1788 4392 1949 4456; x_wconf 86' lang='lat' dir='ltr'><strong>LXX,</strong></span> <span class='ocrx_word' id='word_1_532' title='bbox 1986 4378 2424 4460; x_wconf 78' lang='lat' dir='ltr'><strong>congregationes</strong></span> <span class='ocrx_word' id='word_1_533' title='bbox 2452 4390 2598 4444; x_wconf 80' lang='lat' dir='ltr'><strong>facit.</strong></span> <span class='ocrx_word' id='word_1_534' title='bbox 2633 4387 2751 4441; x_wconf 80' lang='lat' dir='ltr'><strong>Vul.</strong></span> <span class='ocrx_word' id='word_1_535' title='bbox 2775 4384 3070 4439; x_wconf 84' lang='lat' dir='ltr'><strong>rebellavit.</strong></span> 
     </span>
    </p>
   </div>
   <div class='ocr_carea' id='block_1_88' title="bbox 1858 4470 3316 4535">
    <p class='ocr_par' dir='ltr' id='par_1_88' title="bbox 1858 4470 3316 4535">
     <span class='ocr_line' id='line_1_88' title="bbox 1858 4470 3316 4535; baseline -0.008 -2"><span class='ocrx_word' id='word_1_536' title='bbox 1858 4481 1942 4533; x_wconf 70' lang='lat'><strong>14.</strong></span> <span class='ocrx_word' id='word_1_537' title='bbox 1972 4480 2102 4533; x_wconf 87' lang='lat' dir='ltr'><strong>Heb.</strong></span> <span class='ocrx_word' id='word_1_538' title='bbox 2133 4479 2256 4532; x_wconf 67' lang='grc' dir='ltr'><strong>ναι.</strong></span> <span class='ocrx_word' id='word_1_539' title='bbox 2285 4478 2659 4533; x_wconf 83' lang='lat' dir='ltr'><strong>armentarius.</strong></span> <span class='ocrx_word' id='word_1_540' title='bbox 2695 4474 2760 4528; x_wconf 83' lang='lat' dir='ltr'><strong>A.</strong></span> <span class='ocrx_word' id='word_1_541' title='bbox 2807 4474 2864 4526; x_wconf 90' lang='lat' dir='ltr'><strong>S.</strong></span> <span class='ocrx_word' id='word_1_542' title='bbox 2895 4472 2996 4526; x_wconf 88' lang='lat' dir='ltr'><strong>Th.</strong></span> <span class='ocrx_word' id='word_1_543' title='bbox 3046 4480 3100 4525; x_wconf 87' lang='lat' dir='ltr'><strong>et</strong></span> <span class='ocrx_word' id='word_1_544' title='bbox 3130 4470 3191 4535; x_wconf 87' lang='lat' dir='ltr'><strong>V,</strong></span> <span class='ocrx_word' id='word_1_545' title='bbox 3219 4470 3316 4524; x_wconf 88' lang='lat' dir='ltr'><strong>bu-</strong></span> 
     </span>
    </p>
   </div>
   <div class='ocr_carea' id='block_1_89' title="bbox 1788 4567 2507 4635">
    <p class='ocr_par' dir='ltr' id='par_1_89' title="bbox 1788 4567 2507 4635">
     <span class='ocr_line' id='line_1_89' title="bbox 1788 4567 2507 4635; baseline -0.007 -11"><span class='ocrx_word' id='word_1_546' title='bbox 1788 4570 2001 4624; x_wconf 84' lang='lat' dir='ltr'><strong>bulcus.</strong></span> <span class='ocrx_word' id='word_1_547' title='bbox 2024 4567 2185 4633; x_wconf 86' lang='lat' dir='ltr'><strong>LXX,</strong></span> <span class='ocrx_word' id='word_1_548' title='bbox 2213 4568 2507 4635; x_wconf 87' lang='lat' dir='ltr'><strong>caprarius.</strong></span> 
     </span>
    </p>
   </div>
   <div class='ocr_carea' id='block_1_90' title="bbox 1861 4647 3314 4721">
    <p class='ocr_par' dir='ltr' id='par_1_90' title="bbox 1861 4647 3314 4721">
     <span class='ocr_line' id='line_1_90' title="bbox 1861 4647 3314 4721; baseline -0.008 -12"><span class='ocrx_word' id='word_1_549' title='bbox 1861 4656 1926 4709; x_wconf 89' lang='lat' dir='ltr'><strong>H.</strong></span> <span class='ocrx_word' id='word_1_550' title='bbox 1952 4656 2015 4709; x_wconf 83' lang='lat' dir='ltr'><strong>A.</strong></span> <span class='ocrx_word' id='word_1_551' title='bbox 2056 4663 2110 4707; x_wconf 93' lang='lat' dir='ltr'><strong>et</strong></span> <span class='ocrx_word' id='word_1_552' title='bbox 2136 4661 2382 4707; x_wconf 81' lang='lat' dir='ltr'><strong>scrutaris</strong></span> <span class='ocrx_word' id='word_1_553' title='bbox 2408 4663 2736 4721; x_wconf 86' lang='lat' dir='ltr'><strong>sycomoros.</strong></span> <span class='ocrx_word' id='word_1_554' title='bbox 2765 4647 2821 4702; x_wconf 91' lang='lat' dir='ltr'><strong>S.</strong></span> <span class='ocrx_word' id='word_1_555' title='bbox 2849 4656 2903 4702; x_wconf 93' lang='lat' dir='ltr'><strong>et</strong></span> <span class='ocrx_word' id='word_1_556' title='bbox 2933 4648 3132 4701; x_wconf 85' lang='lat' dir='ltr'><strong>habens</strong></span> <span class='ocrx_word' id='word_1_557' title='bbox 3160 4658 3314 4713; x_wconf 85' lang='lat' dir='ltr'><strong>syco-</strong></span> 
     </span>
    </p>
   </div>
   <div class='ocr_carea' id='block_1_91' title="bbox 1793 4733 3311 4806">
    <p class='ocr_par' dir='ltr' id='par_1_91' title="bbox 1793 4733 3311 4806">
     <span class='ocr_line' id='line_1_91' title="bbox 1793 4733 3311 4806; baseline -0.009 -10"><span class='ocrx_word' id='word_1_558' title='bbox 1793 4757 1994 4797; x_wconf 88' lang='lat' dir='ltr'><strong>moros.</strong></span> <span class='ocrx_word' id='word_1_559' title='bbox 2026 4740 2185 4804; x_wconf 81' lang='lat' dir='ltr'><strong>LXX,</strong></span> <span class='ocrx_word' id='word_1_560' title='bbox 2209 4749 2263 4794; x_wconf 86' lang='lat' dir='ltr'><strong>et</strong></span> <span class='ocrx_word' id='word_1_561' title='bbox 2305 4740 2502 4794; x_wconf 79' lang='lat' dir='ltr'><strong>vellens</strong></span> <span class='ocrx_word' id='word_1_562' title='bbox 2545 4735 2835 4806; x_wconf 82' lang='lat' dir='ltr'><strong>sycamina.</strong></span> <span class='ocrx_word' id='word_1_563' title='bbox 2877 4733 2979 4787; x_wconf 88' lang='lat' dir='ltr'><strong>Th.</strong></span> <span class='ocrx_word' id='word_1_564' title='bbox 3007 4741 3061 4787; x_wconf 92' lang='lat' dir='ltr'><strong>et</strong></span> <span class='ocrx_word' id='word_1_565' title='bbox 3092 4733 3311 4789; x_wconf 80' lang='lat' dir='ltr'><strong>vallans.</strong></span> 
     </span>
    </p>
   </div>
   <div class='ocr_carea' id='block_1_92' title="bbox 1791 4823 3312 4899">
    <p class='ocr_par' dir='ltr' id='par_1_92' title="bbox 1791 4823 3312 4899">
     <span class='ocr_line' id='line_1_92' title="bbox 1791 4823 3312 4899; baseline -0.011 -13"><span class='ocrx_word' id='word_1_566' title='bbox 1791 4833 1866 4886; x_wconf 80' lang='lat' dir='ltr'><strong>vel</strong></span> <span class='ocrx_word' id='word_1_567' title='bbox 1890 4832 2029 4886; x_wconf 78' lang='lat' dir='ltr'><strong>fossa</strong></span> <span class='ocrx_word' id='word_1_568' title='bbox 2062 4831 2306 4885; x_wconf 88' lang='lat' dir='ltr'><strong>muniens</strong></span> <span class='ocrx_word' id='word_1_569' title='bbox 2365 4828 2655 4899; x_wconf 86' lang='lat' dir='ltr'><strong>sycamina.</strong></span> <span class='ocrx_word' id='word_1_570' title='bbox 2689 4823 2812 4877; x_wconf 76' lang='lat' dir='ltr'><strong>Vul.</strong></span> <span class='ocrx_word' id='word_1_571' title='bbox 2867 4823 3120 4877; x_wconf 86' lang='lat' dir='ltr'><strong>vellicans</strong></span> <span class='ocrx_word' id='word_1_572' title='bbox 3160 4831 3312 4887; x_wconf 82' lang='lat' dir='ltr'><strong>syco-</strong></span> 
     </span>
    </p>
   </div>
   <div class='ocr_carea' id='block_1_93' title="bbox 1793 4932 3314 5058">
    <p class='ocr_par' dir='ltr' id='par_1_93' title="bbox 1793 4932 3314 5058">
     <span class='ocr_line' id='line_1_93' title="bbox 1793 4932 3314 5058; baseline -0.009 1"><span class='ocrx_word' id='word_1_573' title='bbox 1793 4932 2121 5058; x_wconf 45' lang='lat' dir='ltr'><strong>moiriziiHeb.</strong></span> <span class='ocrx_word' id='word_1_574' title='bbox 2161 5003 2277 5057; x_wconf 81' lang='lat' dir='ltr'><strong>Vul.</strong></span> <span class='ocrx_word' id='word_1_575' title='bbox 2304 5012 2358 5057; x_wconf 91' lang='lat' dir='ltr'><strong>et</strong></span> <span class='ocrx_word' id='word_1_576' title='bbox 2385 5017 2490 5056; x_wconf 92' lang='lat' dir='ltr'><strong>non</strong></span> <span class='ocrx_word' id='word_1_577' title='bbox 2526 4998 2777 5055; x_wconf 90' lang='lat' dir='ltr'><strong>stillabis.</strong></span> <span class='ocrx_word' id='word_1_578' title='bbox 2811 4996 2867 5050; x_wconf 93' lang='grc'>8.</span> <span class='ocrx_word' id='word_1_579' title='bbox 2894 5006 2947 5051; x_wconf 90' lang='lat' dir='ltr'><strong>et</strong></span> <span class='ocrx_word' id='word_1_580' title='bbox 2993 5010 3098 5050; x_wconf 91' lang='lat' dir='ltr'><strong>non</strong></span> <span class='ocrx_word' id='word_1_581' title='bbox 3143 4995 3314 5047; x_wconf 81' lang='lat' dir='ltr'><strong>incre—</strong></span> 
     </span>
    </p>
   </div>
   <div class='ocr_carea' id='block_1_94' title="bbox 1792 5085 2895 5162">
    <p class='ocr_par' dir='ltr' id='par_1_94' title="bbox 1792 5085 2895 5162">
     <span class='ocr_line' id='line_1_94' title="bbox 1792 5085 2895 5162; baseline -0.009 -14"><span class='ocrx_word' id='word_1_582' title='bbox 1792 5092 1964 5162; x_wconf 79' lang='lat' dir='ltr'><strong>pabis.</strong></span> <span class='ocrx_word' id='word_1_583' title='bbox 1995 5092 2155 5157; x_wconf 89' lang='lat' dir='ltr'><strong>LXX,</strong></span> <span class='ocrx_word' id='word_1_584' title='bbox 2180 5099 2321 5146; x_wconf 89' lang='lat' dir='ltr'><strong>etne</strong></span> <span class='ocrx_word' id='word_1_585' title='bbox 2357 5103 2643 5159; x_wconf 74' lang='lat' dir='ltr'><strong>congreges</strong></span> <span class='ocrx_word' id='word_1_586' title='bbox 2665 5085 2895 5139; x_wconf 55' lang='lat' dir='ltr'><strong>turbas;</strong></span> 
     </span>
    </p>
   </div>
   <div class='ocr_carea' id='block_1_95' title="bbox 1863 5166 3317 5243">
    <p class='ocr_par' dir='ltr' id='par_1_95' title="bbox 1863 5166 3317 5243">
     <span class='ocr_line' id='line_1_95' title="bbox 1863 5166 3317 5243; baseline -0.01 -8"><span class='ocrx_word' id='word_1_587' title='bbox 1863 5183 1949 5235; x_wconf 86' lang='grc'><strong>17.</strong></span> <span class='ocrx_word' id='word_1_588' title='bbox 1972 5180 2105 5235; x_wconf 84' lang='lat' dir='ltr'><strong>Heb.</strong></span> <span class='ocrx_word' id='word_1_589' title='bbox 2138 5176 2296 5243; x_wconf 86' lang='lat' dir='ltr'><strong>LXX,</strong></span> <span class='ocrx_word' id='word_1_590' title='bbox 2329 5177 2447 5231; x_wconf 85' lang='lat' dir='ltr'><strong>Vul.</strong></span> <span class='ocrx_word' id='word_1_591' title='bbox 2499 5173 2867 5230; x_wconf 76' lang='lat' dir='ltr'><strong>ioruicabitur.</strong></span> <span class='ocrx_word' id='word_1_592' title='bbox 2921 5168 2978 5224; x_wconf 89' lang='lat' dir='ltr'><strong>S.</strong></span> <span class='ocrx_word' id='word_1_593' title='bbox 3013 5166 3317 5225; x_wconf 80' lang='lat' dir='ltr'><strong>fornicatio-</strong></span> 
     </span>
    </p>
   </div>
   <div class='ocr_carea' id='block_1_96' title="bbox 1793 5269 2184 5338">
    <p class='ocr_par' dir='ltr' id='par_1_96' title="bbox 1793 5269 2184 5338">
     <span class='ocr_line' id='line_1_96' title="bbox 1793 5269 2184 5338; baseline -0.003 -16"><span class='ocrx_word' id='word_1_594' title='bbox 1793 5284 1911 5324; x_wconf 89' lang='lat' dir='ltr'><strong>nem</strong></span> <span class='ocrx_word' id='word_1_595' title='bbox 1937 5269 2184 5338; x_wconf 86' lang='lat' dir='ltr'><strong>patietur.</strong></span> 
     </span>
    </p>
   </div>
   <div class='ocr_carea' id='block_1_97' title="bbox 983 5372 2462 5455">
    <p class='ocr_par' dir='ltr' id='par_1_97' title="bbox 983 5372 2462 5455">
     <span class='ocr_line' id='line_1_97' title="bbox 983 5372 2462 5455; baseline 0.003 -25"><span class='ocrx_word' id='word_1_596' title='bbox 983 5373 1153 5433; x_wconf 73' lang='lat' dir='ltr'><strong>Noun</strong></span> <span class='ocrx_word' id='word_1_597' title='bbox 1182 5380 1238 5433; x_wconf 89' lang='lat' dir='ltr'><strong>et</strong></span> <span class='ocrx_word' id='word_1_598' title='bbox 1275 5372 1454 5432; x_wconf 61' lang='lat' dir='ltr'><strong>varia»</strong></span> <span class='ocrx_word' id='word_1_599' title='bbox 1503 5372 1804 5440; x_wconf 82' lang='lat' dir='ltr'><strong>lectiones</strong></span> <span class='ocrx_word' id='word_1_600' title='bbox 1826 5379 1902 5438; x_wconf 82' lang='lat' dir='ltr'><strong>ad</strong></span> <span class='ocrx_word' id='word_1_601' title='bbox 1935 5394 2070 5455; x_wconf 83' lang='lat' dir='ltr'><strong>cap.</strong></span> <span class='ocrx_word' id='word_1_602' title='bbox 2104 5379 2216 5437; x_wconf 85' lang='lat' dir='ltr'><strong>Vll</strong></span> <span class='ocrx_word' id='word_1_603' title='bbox 2251 5379 2462 5437; x_wconf 85' lang='lat' dir='ltr'><strong>Amos.</strong></span> 
     </span>
    </p>
   </div>
   <div class='ocr_carea' id='block_1_98' title="bbox 236 5458 1177 5541">
    <p class='ocr_par' dir='ltr' id='par_1_98' title="bbox 236 5458 1177 5541">
     <span class='ocr_line' id='line_1_98' title="bbox 236 5458 1177 5541; baseline 0.013 -29"><span class='ocrx_word' id='word_1_604' title='bbox 388 5469 506 5541; x_wconf 46' lang='grc' dir='ltr'><strong>’ξᾼη</strong></span> <span class='ocrx_word' id='word_1_605' title='bbox 529 5470 802 5541; x_wconf 60' lang='grc' dir='ltr'><strong>βοράδωχ.</strong></span> <span class='ocrx_word' id='word_1_606' title='bbox 837 5467 1177 5541; x_wconf 65' lang='lat' dir='ltr'><strong>Darbcrinus.</strong></span> 
     </span>
    </p>
   </div>
   <div class='ocr_carea' id='block_1_99' title="bbox 236 5527 1683 5606">
    <p class='ocr_par' dir='ltr' id='par_1_99' title="bbox 236 5527 1683 5606">
     <span class='ocr_line' id='line_1_99' title="bbox 236 5527 1683 5606; baseline 0.012 -28"><span class='ocrx_word' id='word_1_607' title='bbox 236 5527 347 5584; x_wconf 84' lang='lat' dir='ltr'><strong>Ibid.</strong></span> <span class='ocrx_word' id='word_1_608' title='bbox 384 5527 633 5591; x_wconf 68' lang='lat' dir='ltr'><strong>Hiero&#39;n.&#39;:</strong></span> <span class='ocrx_word' id='word_1_609' title='bbox 677 5555 699 5583; x_wconf 75' lang='grc' dir='ltr'><strong>ο</strong></span> <span class='ocrx_word' id='word_1_610' title='bbox 733 5534 888 5598; x_wconf 85' lang='lat' dir='ltr'><strong>Quid</strong></span> <span class='ocrx_word' id='word_1_611' title='bbox 921 5546 1092 5591; x_wconf 84' lang='lat' dir='ltr'><strong>autem</strong></span> <span class='ocrx_word' id='word_1_612' title='bbox 1133 5538 1354 5594; x_wconf 84' lang='lat' dir='ltr'><strong>voluerit</strong></span> <span class='ocrx_word' id='word_1_613' title='bbox 1390 5537 1577 5606; x_wconf 81' lang='lat' dir='ltr'><strong>Aquila</strong></span> <span class='ocrx_word' id='word_1_614' title='bbox 1599 5542 1683 5596; x_wconf 87' lang='lat' dir='ltr'><strong>di-</strong></span> 
     </span>
    </p>
   </div>
   <div class='ocr_carea' id='block_1_100' title="bbox 1791 5446 3314 5540">
    <p class='ocr_par' dir='ltr' id='par_1_100' title="bbox 1791 5468 3314 5540">
     <span class='ocr_line' id='line_1_100' title="bbox 1791 5468 3314 5540; baseline -0.006 -9"><span class='ocrx_word' id='word_1_615' title='bbox 1791 5493 1909 5531; x_wconf 87' lang='lat' dir='ltr'><strong>cere</strong></span> <span class='ocrx_word' id='word_1_616' title='bbox 1945 5476 2111 5531; x_wconf 60' lang='lat' dir='ltr'><strong>:&quot;ecce</strong></span> <span class='ocrx_word' id='word_1_617' title='bbox 2151 5478 2405 5531; x_wconf 76' lang='lat' dir='ltr'><strong>serotinus</strong></span> <span class='ocrx_word' id='word_1_618' title='bbox 2447 5482 2559 5540; x_wconf 75' lang='lat' dir='ltr'><strong>post</strong></span> <span class='ocrx_word' id='word_1_619' title='bbox 2606 5468 2758 5523; x_wconf 78' lang='lat' dir='ltr'><strong>Gaza:</strong></span> <span class='ocrx_word' id='word_1_620' title='bbox 2795 5487 3001 5539; x_wconf 78' lang='lat' dir='ltr'><strong>regem;</strong></span> <span class='ocrx_word' id='word_1_621' title='bbox 3032 5485 3147 5525; x_wconf 90' lang='lat' dir='ltr'><strong>cum</strong></span> <span class='ocrx_word' id='word_1_622' title='bbox 3170 5469 3314 5540; x_wconf 72' lang='lat' dir='ltr'><strong>Gaza</strong></span> 
     </span>
    </p>
   </div>
   <div class='ocr_carea' id='block_1_101' title="bbox 1788 5538 3313 5610">
    <p class='ocr_par' dir='ltr' id='par_1_101' title="bbox 1788 5538 3313 5610">
     <span class='ocr_line' id='line_1_101' title="bbox 1788 5538 3313 5610; baseline -0.006 -12"><span class='ocrx_word' id='word_1_623' title='bbox 1788 5546 1949 5599; x_wconf 80' lang='lat' dir='ltr'><strong>verbo</strong></span> <span class='ocrx_word' id='word_1_624' title='bbox 1977 5543 2234 5601; x_wconf 86' lang='lat' dir='ltr'><strong>Hebraico</strong></span> <span class='ocrx_word' id='word_1_625' title='bbox 2258 5543 2393 5597; x_wconf 84' lang='lat' dir='ltr'><strong>AZA</strong></span> <span class='ocrx_word' id='word_1_626' title='bbox 2428 5538 2737 5610; x_wconf 78' lang='lat' dir='ltr'><strong>appelletur,</strong></span> <span class='ocrx_word' id='word_1_627' title='bbox 2759 5538 2865 5594; x_wconf 84' lang='lat' dir='ltr'><strong>non</strong></span> <span class='ocrx_word' id='word_1_628' title='bbox 2896 5542 3026 5597; x_wconf 84' lang='lat' dir='ltr'><strong>satis</strong></span> <span class='ocrx_word' id='word_1_629' title='bbox 3055 5538 3313 5607; x_wconf 76' lang='lat' dir='ltr'><strong>intelligo,</strong></span> 
     </span>
    </p>
   </div>
  </div>
