3818 6390
415 362 557 419 2975

1473 350 1933 410 HEXAPLORUM
1971 349 2136 415 QU/E
2177 349 2592 407 SUPERSUNT.

3489 346 3613 402 2976

1593 463 1944 527 ΜΙΟΗῙΕΣΕ
2002 461 2250 520 CAPUT
2302 464 2377 522 II.

411 582 491 632 ηπ
531 575 555 626 1
644 575 719 627 Ἀ.
743 575 800 627 Σ.
826 574 960 626 οὐαί.
989 573 1064 634 Ο’,
1091 569 1348 636 ἐγένοντο.

412 674 508 722 αττ
773 672 825 720 ν)
907 663 982 714 'A.
1017 660 1148 711 διότι
1181 657 1392 726 ισχυρὸν
1428 658 1545 725 χεὶρ
1568 653 1749 708 αὑτοῦ.
1784 653 1841 704 Σ.
1868 652 1948 703 ὃτι

417 755 593 820 ἴσχυεν
637 756 668 820 ἡ
719 752 836 819 χεὶρ
881 749 1064 804 αὑτοῦ.
1093 736 1330 812 Ο’ρδιότι
1381 747 1478 799 οὐκ
1505 744 1642 816 ᾗραν
1698 743 1830 811 πρὸς
1859 741 1951 792 τὸν

415 842 542 894 Θεὸν
572 845 755 909 χεῖρας
778 839 974 891 αὐτῶν.

413 1087 584 1160 111135:
616 1108 700 1163 λε’
739 1085 810 1158 n5
845 1081 982 1156 ΠΒκὸ
1021 1081 1281 1157 ’ωηεν-ιιι)
1318 1103 1492 1180 psam
1529 1080 1810 1156 tamn-Sit
1848 1095 1880 1147 6

415 1199 601 1246 niam
682 1188 759 1238 Ἀ.
813 1185 886 1254 μὴ
924 1184 1206 1254 σταλάζετε
1251 1183 1628 1245 σταλάζοντες,
1667 1183 1726 1235 οὺ
1759 1181 1953 1235 σταλά-

417 1276 535 1338 ζετε
564 1278 642 1336 εἰς
669 1252 904 1336 τούτουξ,
940 1275 998 1325 οὐ
1032 1252 1313 1340 καταλήψῃ
1343 1271 1604 1339 ὲντροπὰς
1623 1273 1650 1323 ὁ
1678 1271 1868 1338 λέγων.
1890 1273 1948 1324 Σ.

420 1366 491 1434 μὴ
517 1366 794 1433 ἐπιτιμᾶτε
833 1364 924 1415 ἐὰν
953 1364 1323 1432 ὲπιτιμήσητε,
1367 1362 1463 1412 οὐκ
1505 1361 1859 1430 ἐπιτιμῶντες
1891 1363 1951 1415 οὐ

418 1454 611 1506 κωλύει
637 1454 1057 1520 καταίσχυμμος.
1092 1451 1166 1513 Ο’,
1204 1449 1276 1519 μὴ
1310 1449 1517 1501 κλαίετε
1542 1451 1785 1520 δάκρυσι,
1824 1453 1955 1521 μηδὲ

419 1543 791 1608 δακρυέτωσαν
822 1542 913 1592 ἐπὶ
937 1530 1140 1601 τοῦτοις
1165 1554 1177 1568 '
1209 1539 1326 1590 οὐδὲ
1347 1539 1448 1607 γὰρ
1468 1538 1738 1590 ἀπώσεται
1760 1541 1954 1610 ὀνείδη,

420 1633 447 1682 ὁ
469 1632 654 1695 λέγων.

2120 559 2169 612 1.
2206 560 2364 614 Hebr.
2404 561 2468 613 A.
2502 560 2558 612 S.
2586 559 2707 612 Vul.
2740 573 2844 612 ντί».
2892 553 3065 618 LXX,
3111 553 3238 607 facti
3275 563 3418 608 sunt.

2124 645 2258 699 Heb.
2292 647 2416 714 quia
2474 656 2557 701 est
2609 647 2663 699 in
2724 645 2856 698 forti
2909 657 3119 695 manus
3159 656 3373 695 eorum.
3408 644 3472 694 Α.
3506 647 3616 712 quia

2055 735 2209 789 fortis
2237 745 2319 789 est
2361 751 2551 790 manus
2583 736 2724 803 ejus.
2762 735 2822 787 S.
2867 733 3006 800 quia
3067 730 3230 783 fortis
3287 739 3404 783 erat
3446 746 3620 784 manus

2057 825 2197 891 ejus.
2229 824 2394 887 LXX,
2427 826 2549 892 quia
2580 839 2688 877 non
2728 823 3063 876 levaverunt
3101 819 3170 872 ad
3221 819 3390 873 Deum
3445 835 3616 874 manus

2057 929 2208 967 suas.
2240 913 2361 967 Vul.
2390 915 2648 982 quoniam
2708 921 2907 968 centra
2943 909 3122 962 Deum
3188 920 3274 962 est
3303 923 3493 961 manus
3541 925 3619 964 co-

2057 1017 2196 1055 PUHL

2125 1091 2176 1144 6.
2217 1091 2378 1144 Hebr.
2434 1105 2501 1144 ne
2535 1089 2776 1152 stilletis,
2813 1087 3122 1142 stillabunt
3171 1106 3184 1140 :
3217 1101 3325 1139 non
3359 1086 3620 1140 stillabunt

2059 1179 2175 1234 istis
2233 1198 2246 1233 :
2303 1195 2411 1233 non
2471 1179 2904 1246 comprehendet
2981 1176 3338 1244 ignominias.
3396 1173 3438 1228 0
3493 1176 3620 1230 dicta

2056 1270 2313 1340 [domus]
2344 1272 2407 1321 Α.
2440 1284 2507 1322 ne
2539 1269 2766 1322 stilletis
2824 1268 3138 1330 stillantes,
3204 1283 3315 1320 non
3347 1267 3548 1320 stilletis
3571 1269 3618 1320 in

2057 1366 2175 1425 hos,
2215 1377 2323 1414 non
2367 1359 2803 1427 'comprehemles
2844 1357 3216 1411 confusiones
3261 1357 3352 1425 qui
3384 1357 3530 1410 dicis.
3561 1356 3616 1409 S.

2057 1467 2123 1506 ne
2157 1449 2442 1517 increpetis
2487 1449 2531 1501 si
2588 1447 2931 1515 increpetis:
2971 1461 3084 1499 non
3133 1448 3472 1515 increpantes
3513 1463 3610 1500 non

2059 1540 2274 1594 cohibet
2298 1537 2616 1607 ignominia.
2643 1534 2810 1598 LXX,
2871 1536 3049 1589 nolite
3078 1535 3208 1589 flere
3241 1536 3505 1606 Iacrymis,
3534 1551 3615 1589 ne-

2059 1645 2163 1698 que
2192 1629 2400 1696 plorent
2421 1641 2585 1696 super
2608 1628 2714 1690 his,
2743 1641 2931 1693 neque
2985 1627 3137 1680 enim
3187 1627 3401 1694 abjiciet
3440 1641 3614 1693 oppro-

422 1721 536 1772 bria
565 1719 656 1786 qui
694 1718 843 1771 dicit.
898 1716 1019 1770 Vul.
1071 1731 1139 1769 ne
1172 1715 1464 1783 loquamini
1527 1716 1823 1784 loquentes,
1858 1734 1962 1771 non
2005 1716 2226 1772 stillabit
2276 1730 2441 1782 super
2516 1715 2675 1775 istos,
2731 1728 2846 1766 non
2907 1712 3346 1774 comprehendet
3371 1711 3616 1766 confusio.

423 1812 579 1865 Dicit.

422 1909 596 1986 DD‘IP’
633 1885 914 1961 $135,193:
947 1882 1206 1956 Suam-is
1289 1897 1367 1948 Ἀ.
1423 1895 1515 1947 καὶ
1566 1896 1850 1950 συναντῶν.
1899 1899 1957 1950 Σ.

423 1991 526 2060 πρὸ
543 1984 677 2057 ’μιᾶς
705 1989 760 2039 δὲ
779 1991 806 2039 ὁ
829 1987 952 2048 λαὸς
975 2025 988 2038 .
1018 2027 1030 2039 .
1062 2023 1075 2038 .
1108 1985 1185 2050 Ο’,
1210 1985 1301 2038 ποια)⁸
1329 1984 1630 2052 ἔμπροσθεν
1653 1985 1681 2036 ὀ
1713 1985 1833 2047 λαός
1857 2002 1957 2053 μου

422 2081 500 2138 εἰς
538 2077 732 2145 ἔχθραν
769 2075 1014 2142 ἀντέστη.

2133 1895 2187 1947 8.
2223 1893 2386 1948 Hebr.
2420 1904 2472 1946 et
2500 1892 2615 1946 heri
2655 1892 2901 1960 populus
2959 1905 3122 1946 meus
3163 1891 3218 1945 in
3258 1892 3520 1946 inimicum
3548 1891 3616 1944 in-

2064 1985 2313 2038 surrexit.
2356 1985 2419 2034 A.
2471 1992 2526 2036 et
2577 1996 2953 2036 occurrens...
2992 1981 3054 2034 S.
3107 1991 3230 2035 ante
3281 1997 3439 2034 unam
3486 1981 3609 2034 diem

2064 2074 2293 2142 populus
2326 2087 2479 2126 meus
2509 2072 2669 2140 quasi
2707 2072 2982 2125 inimicus
3014 2073 3236 2126 restitit.
3267 2070 3422 2135 LXX,
3453 2080 3502 2125 ct
3537 2085 3615 2123 an-

427 2181 508 2223 tea
586 2167 815 2236 populus
865 2180 1017 2219 meus
1070 2164 1126 2217 iu
1182 2160 1464 2217 inimicitia
1528 2161 1737 2216 restitit.
1771 2160 1894 2215 ναι.
1933 2170 1988 2217 et
2019 2178 2048 2217 e
2084 2164 2356 2218 contrario
2413 2164 2651 2232 populus
2704 2178 2869 2218 meus
2911 2163 2970 2218 in
3010 2164 3382 2219 adversarium
3414 2177 3612 2218 consur-

426 2263 583 2317 rexit.

1214 2347 1385 2405 Notae
1412 2350 1472 2404 et
1501 2343 1688 2401 variae
1720 2342 2020 2404 lectiones
2065 2342 2142 2402 ad
2171 2358 2305 2418 cap.
2352 2341 2407 2402 Il
2447 2341 2755 2402 Michaeee.

497 2448 561 2500 ν.
596 2449 643 2500 1.
689 2447 790 2506 Ἀ..
817 2446 900 2504 Σ.,
930 2442 1067 2496 οὐαί.
1119 2441 1394 2496 Barberin.
1435 2438 1571 2492 LXX
1612 2439 1702 2506 qui
1728 2448 1959 2503 vertunt,

432 2517 693 2583 ἐγένοντο,
733 2511 1327 2583 legerunthauddubie
1350 2518 1435 2583 ΡΠ
1465 2524 1560 2583 pro
1583 2516 1682 2583 νῇ.

467 2574 632 2637 "Ibid.
679 2574 946 2643 ⁵Α.,’διότι
983 2578 1194 2646 ἰσχυρόν
1219 2587 1320 2631 etc.
1350 2574 1689 2646 Ilas'Aquilae
1719 2583 1783 2646 et
1804 2574 1960 2646 Sym-

432 2652 607 2706 machi
641 2651 894 2703 lectiones
936 2644 1116 2698 adfert
1137 2647 1293 2698 idem.
1346 2644 1524 2697 Lectio
1554 2653 1729 2694 autem
1760 2644 1966 2709 Aquilae

433 2721 642 2773 videtur
667 2718 909 2770 deiicere.
962 2713 1140 2782 [Barb.
1166 2713 1378 2782 exhibet
1423 2713 1615 2782 pariter
1643 2710 1967 2782 Theodotio-

438 2787 522 2839 nis
547 2786 866 2844 versionem,
891 2778 1008 2848 qua:
1031 2781 1164 2846 fugit
1184 2778 1770 2848 Montfauconiipculos
1797 2795 1810 2830 :
1832 2778 1964 2829 διότι

439 2855 644 2923 ἔχουσιν
675 2853 822 2920 ἰσχὺν
847 2845 936 2917 τὴν
958 2845 1110 2916 χεῖρα
1135 2847 1328 2899 αὐτῶν.
1366 2845 1591 2916 θΒΔο11.]

2136 2438 2200 2512 Υ.
2227 2440 2279 2491 6.
2307 2440 2395 2501 A.,
2429 2456 2489 2512 ne
2508 2440 2721 2512 stilletis
2749 2442 3051 2512 stillantes.
3096 2440 3612 2512 Hieronymus._Bar-

2069 2508 2285 2627 berinus
2309 2510 2732 2627 v‘efrollectioues
2774 2511 2995 2580 Aquilae
3041 2519 3098 2566 et
3135 2508 3433 2581 Symmachi
3457 2509 3614 2563 Grece

2071 2590 2106 2627 ι)
2129 2590 2260 2627 enas
2290 2592 2318 2627 a
2383 2592 2440 2627 er
2468 2615 2483 2627 .

2071 2585 2260 2644 plenas
2290 2585 2483 2644 adfert.

2142 2641 2283 2717 V._8_.
2315 2643 2501 2697 Graeca
2539 2644 2757 2712 Aquila:
2782 2655 2840 2717 et
2870 2647 3375 2717 Symmachiliabet
3396 2643 3610 2700 Barberi-

2076 2727 2194 2789 nus.
2222 2711 2577 2789 Hieronymus
2604 2711 2618 2764 Ξ
2670 2731 2690 2764 ι
2746 2715 2878 2782 quia
2913 2711 3158 2789 'verbtim
3191 2715 3329 2789 MUL
3352 2726 3401 2768 et
3431 2723 3611 2766 contra-

2074 2781 2208 2851 rium
2233 2789 2295 2851 et;
2311 2781 2444 2832 diem
2484 2781 2789 2834 hesternum
2836 2792 3020 2843 sonat.
3055 2784 3111 2835 8.
3147 2786 3380 2851 apertius
3409 2790 3611 2836 transtu-

2072 2847 2151 2910 lit,
2179 2855 2237 2900 ιιι
2268 2849 2466 2902 diceret
2495 2865 2508 2900 :
2543 2859 2664 2902 ante
2695 2866 2864 2902 unam
2905 2853 3048 2904 diem
3076 2847 3196 2906 etcf
3216 2873 3234 2904 ι

1585 3027 1930 3087 MICHZEIE
1996 3029 2252 3091 CAPUT
2313 3028 2423 3087 lli.

442 3125 624 3193 5mg”
659 3141 761 3191 ni:
797 3138 964 3213 szwypn
1004 3129 1027 3181 1
1108 3130 1170 3179 Ol
1203 3127 1417 3191 λοιποὶ,
1453 3128 1566 3193 (καὶ
1599 3128 1647 3178 οἱ
1697 3129 1980 3196 ἡγούμενοι

448 3223 590 3276 οἴκου
629 3220 880 3288 Ἰσραήλ.)
910 3217 985 3280 Ο’,
1019 3216 1113 3268 καὶ
1141 3217 1187 3267 οἱ
1212 3216 1520 3269 κατάλοιποι
1549 3217 1694 3268 οἴκου
1717 3217 1948 3286 Ἰσραήλ.

449 3408 520 3455 Π)
555 3377 737 3452 mn‘m
770 3400 887 3450 una:
914 3356 1079 3449 i351!“
1107 3389 1138 3440 8
1209 3389 1266 3440 2.
1306 3388 1436 3440 ἀλλὰ
1472 3389 1576 3458 μὴν
1620 3388 1728 3455 ἐγὼ
1757 3389 1979 3458 ἐνεπλή-

457 3489 581 3555 σθην
610 3483 805 3553 ἰσχύος.
840 3481 915 3545 Ο’,
943 3480 1034 3532 ὲὰν
1067 3479 1143 3548 μὴ
1175 3478 1281 3546 ἐγὼ
1315 3479 1571 3548 ἐμπλήσω
1600 3477 1770 3546 ἰσχύν.

449 3751 586 3802 rem
617 3750 720 3826 pr;
755 3724 984 3797 alain-n1
1018 3747 1188 3796 iii-inn
1218 3746 1335 3796 mw
1364 3744 1466 3818 pi:
1501 3719 1699 3794 m‘a‘m
1729 3720 1814 3821 μ’)
1846 3737 1912 3788 12

464 3835 541 3888 'A.
578 3833 664 3884 διὰ
686 3830 838 3882 τοῦτο
872 3830 1025 3898 χάριν
1059 3827 1207 3895 ὑμῶν
1241 3827 1376 3880 Σιὼν
1412 3826 1560 3896 χώρα
1597 3826 1980 3897 ἀροτριαθήσε-

449 3939 559 3986 ται,
587 3921 682 3972 καὶ
714 3916 1061 3986 Ἰερουσαλὴμ
1087 3914 1568 3983 λιθολογηθήσεται.
1603 3915 1678 3978 Ο’,
1713 3914 1801 3967 διὰ
1823 3915 1978 3967 τοῦτο

451 4011 514 4063 δι’
545 4010 684 4077 ὑμᾶς
721 4004 854 4056 Σιὼν
885 4006 958 4064 ὡς
986 4003 1148 4070 ἀγρὸς
1174 4003 1635 4072 ἀροτριαθήσετσι,
1659 4004 1750 4056 καὶ
1790 4005 1980 4073 Ἰερουο

456 4096 630 4164 σαλὴμ
653 4095 726 4155 ὡς
757 4091 1188 4159 ὀπωροφυλάκιον
1216 4091 1385 4143 ἔσται.

2147 3128 2198 3181 1.
2234 3127 2367 3181 Heb.
2412 3135 2466 3180 et
2493 3127 2897 3196 gubernatores
2963 3131 3163 3188 domus
3196 3133 3370 3188 Israel.
3415 3134 3609 3198 Reliqui.

2077 3214 2198 3269 ναι.
2221 3223 2274 3354 et
2297 3215 2463 3268 duces
2490 3214 2686 3270 domus
2714 3215 2909 3273 Israel.
2943 3218 3114 3285 LXX,
3146 3231 3200 3276 et
3237 3221 3609 3277 residuidomus

2077 3304 2219 3354 Israe
2246 3341 2260 3354 .

2074 3304 2260 3356 Israel.

2144 3392 2198 3445 8.
2228 3392 2292 3445 H.
2323 3403 2376 3447 et
2407 3409 2530 3448 vere
2579 3409 2687 3464 ego
2741 3400 2991 3466 repletus
3040 3417 3162 3457 sum
3220 3401 3530 3456 fortitudine.
3559 3401 3605 3455 S.

2075 3494 2258 3533 verum
2287 3495 2386 3549 ego
2414 3482 2652 3548 repletus
2690 3498 2819 3538 sum
2853 3486 3198 3544 fortitudine.
3233 3489 3390 3552 LXX,
3425 3489 3611 3555 nisiego

2076 3567 2370 3635 implevero
2410 3569 2816 3627 fortitudinem.
2855 3575 2982 3631 Vul.
3033 3588 3398 3633 verumtamen
3421 3591 3509 3646 ego
3542 3591 3610 3628 rc-

2077 3656 2251 3723 pletus
2277 3671 2396 3709 sum
2429 3656 2779 3714 fortitudine.

2149 3745 2236 3798 12.
2278 3744 2342 3797 H.
2379 3745 2583 3801 Idcirco
2637 3761 2874 3819 propter
2904 3769 3005 3808 vos
3058 3754 3189 3809 Sion
3239 3768 3360 3823 ager
3383 3751 3605 3812 arabitur,

2079 3840 2131 3884 et
2157 3830 2453 3886 Jerusalem
2483 3833 2535 3886 in
2571 3849 2811 3892 acervos
2865 3842 2992 3894 erit.
3041 3843 3108 3896 Α.
3164 3843 3285 3896 Ideo
3319 3841 3510 3911 propter
3530 3853 3606 3890 vos

2085 3921 2213 3975 Sion
2243 3938 2369 3991 ager
2404 3923 2682 3989 arabitur,
2721 3937 2777 3981 et
2803 3927 3110 3986 Jerusalem
3151 3933 3204 3988 in
3247 3947 3476 3987 acervum
3497 3928 3609 3996 lapi-

2083 4011 2211 4064 dum
2261 4010 2551 4078 redigetur.
2613 4012 2788 4082 LXX,
2829 4019 3040 4075 Idcirco
3095 4029 3311 4090 propter
3369 4034 3452 4072 vos
3501 4015 3608 4068 Sion

2087 4099 2242 4168 quasi
2271 4113 2397 4167 ager
2426 4101 2694 4169 arabitur,
2724 4115 2778 4159 et
2809 4106 3118 4163 Jerusalem
3174 4121 3232 4164 ut
3280 4106 3500 4163 custodia
3530 4119 3608 4171 po-

453 4186 608 4236 marii
661 4183 782 4234 erit.
833 4179 954 4232 Vul.
1006 4187 1221 4247 propter
1251 4179 1370 4242 hoc,
1414 4195 1575 4234 causa
1632 4181 1813 4245 vestri,
1851 4181 1976 4237 Sion
2016 4187 2168 4253 quasi
2224 4201 2350 4254 ager
2403 4188 2674 4254 arabitur,
2743 4203 2800 4248 et
2859 4195 3161 4252 Jerusalem
3213 4196 3362 4266 quasi
3418 4203 3607 4248 acervus

453 4271 684 4339 lapidum
716 4268 834 4323 erit.

1260 4364 1429 4423 Nolae
1457 4371 1517 4425 et
1551 4365 1730 4424 varia
1763 4364 2062 4428 lectiones
2091 4369 2166 4428 ad
2205 4385 2340 4446 cap.
2382 4371 2465 4430 III
2520 4375 2833 4439 Miehzem.

523 4460 598 4530 ν.
621 4463 669 4514 1.
707 4460 920 4514 Hieron.
949 4481 961 4516 :
998 4481 1015 4511 ι
1043 4464 1145 4517 Pro
1176 4463 1383 4530 reliquis
1415 4463 1596 4516 domus
1616 4463 1805 4524 Israel,
1832 4479 1985 4518 exce-

455 4533 565 4600 ptis
580 4529 949 4600 LXXronines.
978 4532 1128 4584 duces
1157 4529 1337 4583 domus
1357 4531 1525 4586 Israel
1546 4533 1977 4588 transtulerunt.»

531 4597 588 4651 ν.
620 4600 670 4652 8.
705 4599 785 4661 2.,
810 4599 941 4650 ἀλλὰ
973 4601 1075 4669 μὴν
1108 4610 1208 4653 etc.
1257 4600 1596 4654 Barberinus.

2167 4466 2233 4519 ν.
2272 4468 2355 4548 12.
2397 4469 2500 4531 'A.,
2530 4472 2615 4534 Σ.,
2637 4474 2738 4548 ,ᾅιὰ
2768 4476 2928 4530 τοῦτο
2954 4479 3113 4548 χάριν
3137 4487 3240 4548 etc.
3283 4474 3521 4532 Eusebius
3563 4471 3604 4524 ill

2090 4533 2394 4592 Demonstr.
2423 4533 2760 4608 evangeliea.
2955 4533 2986 4546 "
3028 4533 3041 4548 ’
3137 4533 3156 4551 ⁴

1637 4797 1988 4859 ΜΙΟΗᾹΞΛΕ
2033 4801 2290 4862 CAPUT
2336 4803 2442 4862 IV.

454 4896 745 4946 Dmnnum
782 4888 814 4940 5
884 4889 958 4952 Ο’,
992 4890 1086 4942 καὶ
1111 4891 1174 4942 τὰ
1200 4891 1393 4960 δόρατα
1421 4896 1615 4948 αὑτων.
1644 4894 1869 4961 Ἄλλος,
1903 4896 1982 4960 ζι-

457 4977 617 5038 6ύνας
650 4978 845 5028 αὐτῶν.

451 5049 630 5121 ἻῚΓιῚΝ
699 5067 755 5117 Σ.
789 5067 848 5117 Θ.
874 5068 956 5118 ἐπ’
987 5067 1150 5131 ἔρνος.
1187 5068 1258 5135 Ο’,
1291 5071 1420 5141 πρὸς
1443 5071 1607 5135 ἔθνος.

449 5238 670 5314 T0311:
703 5221 807 5298 ‘79:?
845 5239 876 5290 8
959 5242 1036 5294 Ἀ.
1095 5245 1359 5311 σκοτώδης
1426 5245 1666 5315 θυγάτηρ
1703 5249 1857 5303 Σιών.
1919 5250 1978 5301 Σ.

461 5321 763 5453 ἔπρκρυιρος
811 5327 1051 5398 Θυγάτηρ
1097 5334 1251 5386 Σιών.
1289 5332 1363 5396 Ο’,
1395 5335 1699 5405 αὐχμώδης,
1741 5337 1978 5407 θυγάτηρ

506 5420 612 5456 Rw.

462 5496 621 5548 ’ΘΟκέ
661 5493 717 5545 11
794 5498 849 5549 2.
886 5504 1234 5573 συνήχθησαν.
1263 5511 1338 5573 Ο’,
1370 5512 1813 5584 ὲπισυνήχθησαν.

2155 4899 2210 4951 5.
2245 4897 2376 4953 Heb.
2410 4899 2570 4965 LXX,
2608 4902 2731 4958 Vul.
2765 4917 2820 4960 et
2856 4909 3046 4966 hastas
3074 4926 3219 4966 suas.
3243 4907 3603 4971 Alius,lanceas

2087 4999 2235 5038 suas.

2155 5072 2220 5126 H.
2255 5073 2414 5138 LXX,
2443 5087 2632 5132 contra
2683 5093 2924 5150 gentem.
2976 5086 3033 5140 S.
3094 5087 3192 5140 Th.
3220 5103 3372 5156 super
3402 5091 3598 5154 gentem.

2087 5161 2207 5215 Vul.
2241 5164 2499 5219 adversus
2526 5178 2771 5234 gentem.

2154 5252 2206 5304 8.
2246 5251 2379 5305 Heb.
2410 5254 2586 5309 editus
2615 5258 2772 5316 locus
2816 5265 2930 5317 lilia
2965 5265 3118 5319 Sion.
3143 5268 3205 5318 A.
3237 5265 3493 5318 tenebrosa
3512 5257 3598 5310 ﬁlia

2088 5335 2239 5392 Sion.
2297 5339 2353 5392 8.
2402 5341 2722 5400 abscondita
2780 5351 2895 5418 ipsa
2953 5361 3038 5406 est
3088 5355 3193 5406 lilia
3256 5354 3397 5405 Sion.
3461 5341 3596 5403 LXX.

2086 5426 2384 5493 squallens,
2410 5429 2520 5483 lilia
2552 5430 2707 5488 Sion.
2740 5435 2866 5492 ναι.
2905 5442 3164 5498 nebulosa
3199 5442 3300 5495 lilia
3331 5439 3467 5492 Sion.

2147 5514 2243 5568 'H.
2283 5516 2416 5572 Heb.
2447 5517 2506 5572 S.
2568 5519 2695 5576 VuI.
2743 5541 3085 5601 congregata
3134 5541 3274 5587 sunt.
3315 5527 3461 5590 LXX.
3511 5530 3598 5572 “"3

2088 5613 2420 5672 congregatae
2454 5617 2602 5663 sunt.
