3818 6364
242 424 390 489 3033

1355 423 1646 485 CONTRA
1681 408 2036 482 ILERESES
2071 418 2215 478 LIB.
2247 417 2298 478 Ι.

3293 415 3434 481 3034

240 535 307 586 τὸ
347 531 504 600 ξηρὸν
539 532 635 583 καὶ
661 528 723 583 τδ
775 531 978 599 κοῦφον
1005 531 1084 593 εἰς
1132 532 1192 584 τὸ
1221 532 1406 601 πρόσω
1457 533 1549 584 τοῦ
1588 531 1801 600 αἰθέρος

1903 528 2131 582 calidum
2162 536 2215 578 et
2255 525 2455 579 clarum
2501 532 2554 576 et
2597 523 2802 578 aridum
2846 529 2900 577 et
2940 522 3053 575 leve
3085 521 3137 575 in
3183 522 3432 578 ulteriora

238 621 505 691 ὁρμῆσαι.
536 619 647 688 Τὴν
678 619 738 670 δὲ
792 619 902 688 γῆν
939 620 1016 689 τῷ
1071 622 1302 689 σχήματι
1343 621 1602 673 πλατεῖαν
1656 616 1798 672 εἶναι

241 709 342 761 καὶ
386 705 568 775 μένειν
622 707 898 775 μετέωρον
957 707 1042 760 διά
1077 707 1138 759 τδ
1196 707 1420 776 μέγεθος
1469 709 1564 761 καὶ
1604 709 1690 761 διά
1741 708 1801 759 τὸ

241 791 412 864 μηδὲν
441 789 587 844 εἶναι
627 793 783 845 κενὸν
807 795 901 845 καὶ
921 793 1008 845 διά
1055 793 1115 844 τὸ
1156 794 1242 846 τὸν
1285 795 1419 864 ἀέρα
1451 793 1799 864 ἰσχυρότατον

234 883 372 934 ὄντα
403 879 598 950 φέρειν
654 877 1022 948 ἐποχουμένην
1074 878 1169 948 τὴν
1215 883 1335 948 γῆν.
1371 879 1488 936 Τῶν
1513 879 1554 930 δ’
1585 881 1674 931 ἐπὶ
1697 881 1798 948 γῆς

235 969 421 1039 ὑγρῶν
464 968 570 1038 τὴν
617 968 716 1036 μὶν
781 967 1052 1022 θάλασσαν
1081 969 1333 1037 ὑπάρξαι,
1360 969 1426 1020 τά
1467 985 1524 1020 τε
1559 969 1616 1020 ὲν
1658 969 1793 1038 αὐτῇ

234 1055 412 1109 ὕδατα
467 1053 869 1123 ὲξατμισθέντα
902 1055 1058 1110 ⁸⁸η...
1103 1057 1405 1110 ὑποστάντα
1429 1055 1598 1119 οὑτως
1636 1073 1793 1122 γεγο-

235 1143 390 1196 νέναι
427 1143 526 1194 atat
551 1142 661 1195 ἀπὸ
681 1142 790 1194 τῶν
834 1140 1318 1212 καταρρευσάντων
1363 1141 1635 1209 ποταμῶν.
1665 1143 1799 1203 Τοὺς

236 1232 296 1284 δὲ
331 1230 623 1300 ποταμοὺς
668 1231 764 1282 καὶ
803 1231 912 1282 ἀπὸ
956 1230 1062 1282 τῶν
1122 1227 1338 1300 ὄμϐρων
1379 1229 1673 1299 λαμϐάνειν
1701 1231 1798 1300 τὴν

234 1320 550 1373 ὑπόστασιν
598 1319 694 1372 καὶ
745 1321 803 1385 ἐξ
838 1321 1041 1373 ὑδάτων
1069 1319 1111 1350 ³⁷
1155 1319 1261 1372 τῶν
1295 1321 1351 1371 έν
1400 1321 1466 1388 τῇ
1514 1322 1603 1389 γῇ.
1643 1315 1796 1372 Εἶναι

235 1407 349 1476 γάρ
376 1407 560 1475 αὐτὴν
583 1405 662 1476 [ρ.
702 1407 789 1467 Μ,
818 1405 928 1476 l5.]
958 1407 1139 1475 κοίλην
1165 1407 1256 1458 καὶ
1288 1405 1429 1474 ἔχειν
1452 1406 1589 1477 ὕδωρ
1619 1410 1799 1470 ἐντοῖς

237 1494 604 1564 κοιλώμασιν.
639 1495 741 1546 Τδν
776 1494 833 1546 δὲ
862 1495 1048 1546 Νεῖλον
1078 1494 1329 1557 αὔξεσθαι
1374 1498 1513 1549 κατά
1549 1497 1608 1548 τὸ
1646 1495 1800 1564 Θέρος

237 1581 714 1651 καταφερομένων
744 1582 820 1643 είς
866 1581 1024 1634 αὑτὸν
1063 1581 1264 1634 ὑδάτων
1313 1581 1418 1634 ἀπὸ
1440 1581 1546 1634 τῶν
1595 1585 1652 1634 ὲν
1685 1585 1792 1643 τοῖς

236 1669 584 1732 ἀντοίκοις⁸⁸
650 1671 861 1738 χιόνων.
915 1670 1101 1722 ’Ἥλιον
1149 1669 1206 1723 δὲ
1253 1670 1344 1724 καὶ
1412 1671 1634 1739 σελήνην
1704 1670 1798 1722 καὶ

237 1759 422 1813 πάντα
482 1757 557 1810 τά
616 1757 792 1826 ἄστρα
856 1757 1038 1820 λίθους
1088 1753 1224 1810 εἶναι
1291 1757 1564 1828 ἐμπύρους
1592 1775 1796 1826 συμπε-

1897 606 2119 670 :etberis
2173 615 2286 666 nisa
2329 629 2466 668 esse.
2517 612 2738 664 Terram
2781 619 2958 671 autem
3009 611 3174 679 ﬁgura
3222 611 3430 676 planam

1894 721 2012 760 esse
2061 715 2114 758 et
2162 719 2376 758 manere
2415 702 2691 770 pendulam
2743 711 2960 768 prouter
2996 699 3430 768 magnitudinem,

1896 802 1950 846 et
1977 803 2263 860 propterea
2303 793 2444 856 quod
2477 790 2673 843 nullum
2701 790 2840 843 adsit
2873 789 3030 842 inane
3069 795 3124 840 et
3161 789 3285 856 quia
3315 802 3430 851 aer,

1897 881 1986 949 qui
2015 881 2079 934 sit
2107 881 2524 943 robustissimus,
2547 879 2682 931 ferat
2708 880 2976 932 invectam
2999 888 3216 930 terram.
3247 877 3432 931 Humi-

1897 972 2080 1023 dorum
2130 977 2303 1020 autem
2367 969 2417 1020 in
2479 977 2616 1020 terra
2663 969 2888 1036 primum
2947 981 3095 1020 mare
3160 965 3434 1020 exstitisse

1897 1072 2162 1125 aquasque
2189 1057 2238 1110 in
2266 1071 2329 1110 eo
2359 1057 2779 1111 exsiccatas.....
2814 1056 3120 1110 substitisse
3151 1065 3205 1109 et
3231 1055 3307 1108 sic
3335 1069 3433 1108 na-

1899 1154 2006 1198 tum
2037 1158 2158 1197 esse
2182 1151 2234 1196 et
2260 1144 2325 1196 ab
2356 1142 2606 1196 amnibus
2637 1141 2727 1209 qui
2764 1140 2817 1193 in
2863 1140 2914 1193 id
2937 1138 3270 1194 delituerint.
3303 1139 3431 1190 Am-

1899 1249 1991 1288 nes
2025 1243 2199 1287 autem
2241 1243 2294 1286 et
2330 1236 2397 1286 ab
2448 1232 2705 1285 imbribus
2736 1230 2983 1298 accipere
3031 1226 3430 1281 subsistentiant

1897 1322 2148 1390 22-23
2177 1330 2232 1376 et
2263 1336 2327 1375 ex
2362 1321 2514 1389 aquis
2553 1321 2604 1373 in
2641 1329 2822 1384 terra;
2864 1333 2984 1373 esse
3016 1318 3156 1371 enim
3192 1330 3309 1370 eam
3338 1329 3429 1368 ca-

1897 1427 2014 1464 vam
2046 1421 2098 1465 et
2126 1412 2401 1466 continere
2427 1424 2617 1477 aquam
2652 1409 2704 1462 in
2733 1407 2996 1462 cavernis.
3036 1405 3209 1459 Nilum
3250 1412 3425 1457 autem

1897 1513 2181 1568 augescere
2234 1514 2327 1566 per
2374 1507 2637 1560 aestatem,
2690 1512 2810 1550 cum
2857 1494 3164 1550 deferantur
3210 1493 3262 1546 in
3309 1506 3430 1545 eum

1895 1601 2049 1653 aqua:
2077 1601 2106 1640 a
2136 1587 2342 1640 nivibus
2375 1587 2512 1652 apud
2540 1595 2813 1640 anteocos.
2851 1582 3027 1637 Solem
3065 1591 3242 1634 autem
3272 1590 3327 1634 et
3355 1580 3433 1633 lu-

1899 1690 2019 1728 nam
2047 1688 2337 1741 omnesque
2362 1673 2543 1728 Stellas
2574 1672 2774 1741 lapides
2813 1687 2930 1726 esse
2968 1672 3162 1740 ignitos
3200 1671 3432 1724 circnm-

1899 1765 2107 1817 volutos
2131 1778 2233 1816 una
2261 1764 2328 1818 ab
2347 1763 2562 1816 aatberis
2590 1763 2870 1816 rotatione.
2899 1761 3029 1815 Esse
3053 1771 3228 1814 autem
3250 1760 3432 1812 subter

239 1845 623 1917 ριληφοέντας
677 1846 782 1898 ὑπὸ
829 1846 928 1914 τῆς
959 1846 1001 1877 ⁸³
1041 1845 1252 1914 αἰθέρος
1294 1847 1606 1915 περιφορᾶς.
1649 1840 1795 1896 Εἶναι

1901 1853 2078 1906 stellas
2111 1852 2274 1906 solem
2303 1861 2358 1904 et
2384 1851 2560 1904 lunam
2587 1859 2642 1904 et
2678 1865 2902 1918 corpora
2928 1849 3167 1918 quaedam
3195 1864 3295 1901 una
3324 1848 3432 1901 cir-

236 1936 283 1989 6'
337 1935 612 1988 ὑποκάτω
672 1936 778 1988 τῶν
839 1935 1053 2004 ἄστρων
1102 1936 1250 2004 ἥλιον
1301 1935 1393 1987 καὶ⁸
1450 1935 1694 2003 σελήνην,
1731 1935 1798 1996 ⁸⁸,

240 2025 334 2077 καὶ
365 2023 608 2094 σώματά
628 2021 672 2054 ⁸⁸
714 2040 834 2077 τινα
882 2023 1392 2092 συμπεριφερόμενοι
1428 2025 1558 2092 ἡμῖν
1595 2023 1802 2092 ἀόρατα

237 2115 335 2184 τῆς
363 2114 422 2166 δὲ
452 2113 799 2184 θερμότητος
833 2113 905 2181 μὴ
955 2111 1303 2165 αἰσθάνεσθαι
1341 2112 1449 2165 τῶν
1480 2108 1688 2182 ἄστρων
1717 2111 1804 2164 διά

234 2203 298 2254 τὸ
319 2201 554 2272 μακράν
584 2197 722 2254 εἶναι
759 2201 878 2272 [καὶ
903 2200 1010 2272 διὰ]
1031 2201 1075 2233 ⁸⁸
1107 2201 1202 2271 τὴν
1223 2201 1521 2255 ἀπόστασιν
1554 2202 1652 2270 τῆς
1678 2202 1798 2270 γῆς·

236 2286 318 2340 ἔτι
345 2288 406 2341 δὲ
439 2288 552 2356 οὐχ
575 2288 774 2357 ὁμοίως
795 2288 970 2358 θερμά
993 2288 1069 2357 τῷ
1101 2289 1236 2357 ήλίῳ
1257 2289 1340 2342 διά
1374 2290 1432 2340 τὸ
1453 2287 1633 2358 χώραν
1663 2289 1803 2358 ἔχειν

237 2380 618 2450 ψυχροτέραν.
675 2374 828 2431 Εἶναι
881 2379 939 2431 δὲ
982 2379 1078 2448 τὴν
1127 2377 1350 2447 σελήνην
1381 2376 1667 2447 κατωτέρω
1711 2376 1803 2428 τοῦ

240 2469 390 2536 ήλίου
423 2465 806 2536 πλησιώτερον
866 2465 1040 2535 ἡμῶν.
1085 2465 1397 2533 ’Υπερέχειν
1440 2464 1497 2516 δὲ
1543 2464 1632 2515 τὸν
1657 2463 1804 2532 ἥλιον

243 2558 464 2626 μεγέθει
499 2557 608 2626 τὴν
651 2555 1074 2624 Πελοπόννησον.
1103 2555 1174 2606 Τὸ
1200 2553 1256 2604 δὲ
1305 2553 1420 2620 φῶς
1451 2554 1546 2620 τὴν
1579 2551 1805 2620 σελήνην

247 2646 322 2718 μὴ
379 2641 517 2701 ίδιον
573 2647 741 2715 ἔχειν,
801 2645 914 2698 ἀλλ’
942 2644 1048 2697 ἀπὸ
1097 2643 1189 2695 τοῦ
1243 2642 1412 2712 ήλίου.
1463 2642 1570 2711 Τὴν
1609 2642 1664 2693 δὲ
1699 2643 1803 2693 τῶν

242 2738 461 2806 ἀστρων
505 2733 816 2804 περιφοράν
867 2732 969 2784 ὑπὸ
997 2731 1100 2800 γῆν
1124 2730 1386 2798 γίνεσθαι,
1420 2731 1718 2782 Ἐκλείπειν
1750 2729 1806 2782 δὲ

241 2825 339 2893 τὴν
366 2824 609 2894 σελήνην
631 2822 734 2890 γῆς
767 2819 1247 2890 ἀντιφραττούσης,
1298 2819 1465 2872 ἐνίοτε
1494 2819 1549 2870 δὲ
1573 2817 1664 2868 καὶ
1701 2817 1807 2869 τῶν

240 2913 505 2967 ὑποκάτω
527 2913 634 2980 τῆς
685 2910 931 2979 σελήνης,
954 2909 1044 2961 τὸν
1069 2908 1124 2960 δὲ
1175 2908 1321 2977 ἥλιον
1351 2910 1466 2969 ταῖς
1495 2907 1808 2976 νουμηνίαις

243 3000 478 3067 σελήνης
519 2997 1012 3064 ἀντιφραττούσης.
1049 2994 1264 3062 Τροπὰς
1307 2991 1362 3044 δὲ
1407 2993 1669 3044 ποιεῖσθαι
1715 2993 1809 3044 καὶ

241 3085 391 3154 ήλιον
446 3085 552 3137 καὶ
612 3082 840 3150 σελήνην
893 3079 1308 3148 ἀπωθουμένους
1330 3077 1432 3130 ὑπὸ
1478 3078 1570 3130 τοῦ
1618 3077 1803 3147 ἀέρος.

241 3175 484 3244 Σελήνην
505 3172 572 3224 δὲ
606 3170 862 3230 πολλάκις
895 3165 1188 3236 τρέπεσθαι
1224 3165 1311 3218 διά
1339 3165 1399 3218 τὸ
1443 3167 1516 3235 μὴ
1544 3165 1802 3218 δύνασθαι

240 3265 466 3334 κρατεῖν
492 3259 596 3313 τοῦ
629 3256 858 3326 ψυχροῦ.
889 3251 1054 3317 Οὗτος
1077 3253 1317 3323 ἀφώρισε
1347 3255 1558 3324 πρῶτος
1581 3253 1652 3306 τά
1678 3255 1805 3323 περὶ

242 3354 338 3415 τὰς
381 3349 668 3417 ἐκλείψεις
703 3347 798 3398 καὶ
832 3343 1160 3413 φωτισμούς.
1191 3343 1333 3411 Ἔφη
1363 3342 1418 3394 δὲ
1440 3343 1634 3410 γηῖνην
1665 3337 1802 3393 εἶναι

241 3441 340 3508 τὴν
373 3439 614 3508 σελήνην
651 3435 795 3504 ἔχειν
823 3443 882 3486 τε
929 3434 986 3484 έν
1016 3432 1150 3500 αὑτῇ
1193 3430 1350 3482 πεδία
1377 3429 1470 3481 καὶ
1494 3429 1800 3498 φάραγγας.

242 3530 348 3580 Τὸν
385 3529 445 3580 δὲ
473 3531 521 3560 ⁸³
557 3523 824 3592 γαλαξίαν
859 3521 1150 3574 ἀνάκλασιν
1194 3515 1330 3571 εἶναι
1369 3516 1461 3570 τοῦ
1500 3517 1672 3584 φωτὸς
1699 3517 1806 3568 τῶν

242 3618 460 3686 ἄστρων
489 3615 606 3666 τῶν
634 3612 710 3682 μὴ
739 3607 1296 3678 καταλαμϐανομένων
1325 3606 1370 3636 ⁸⁸
1392 3606 1494 3658 ὑπὸ
1520 3605 1612 3657 τοῦ
1634 3605 1804 3674 ἡλίου.

243 3705 381 3766 Τοὺς
429 3704 488 3758 δὲ
566 3701 990 3771 μεταϐαίνοντας
1041 3696 1276 3766 ἀστέρας
1335 3694 1465 3746 ὡσεὶ
1512 3695 1806 3763 σπινθῆρας

243 3795 668 3864 ἀφαλλομένους
700 3789 941 3858 γίνεσθαι
969 3789 1033 3840 ἐκ
1070 3787 1166 3855 τῆς
1201 3785 1462 3852 κινήσεως
1489 3784 1581 3834 τοῦ
1616 3783 1796 3836 πόλου.

255 3885 521 3954 ’Δνέμους
555 3878 902 3946 δὲκγίνεσθαι
958 3875 1350 3943 λεπτυνομένου
1385 3873 1478 3926 τοῦ
1516 3873 1672 3942 ἀέρος
1703 3873 1806 3925 ὑπὸ

240 3973 337 4024 τοῦ
387 3973 548 4042 ἡλίου
604 3969 700 4020 καὶ
755 3967 859 4019 τῶν
911 3963 1276 4033 έκκαιομένων
1333 3962 1465 4030 πρὸς
1511 3963 1600 4015 τὸν
1649 3963 1806 4014 πόλον

242 4047 688 4129 ὑποχωρούντων
727 4056 818 4108 καὶ
847 4052 1284 4121 ἀποφερομένων.
1322 4051 1552 4120 Βροντές
1573 4051 1627 4102 δὲ
1651 4051 1694 4082 ⁸³
1717 4052 1808 4102 καὶ

1899 1949 2190 1994 cummtata
2213 1939 2362 1993 nobis
2383 1953 2485 1992 non
2515 1949 2796 2007 conspecta
2821 1955 2836 2003 ;
2866 1938 3096 1992 calorem
3127 1946 3300 1990 autem
3329 1951 3433 1988 non

1899 2029 2086 2084 sentiri
2116 2029 2410 2093 stellarum,
2443 2029 2692 2096 quoniam
2724 2030 2931 2097 longius
2965 2028 3162 2083 distent
3207 2043 3234 2078 a
3261 2036 3430 2090 terra;

1901 2125 2157 2184 prazterea
2188 2131 2313 2169 vero
2339 2131 2444 2169 non
2478 2131 2657 2181 parem
2682 2116 2778 2169 soli
2806 2115 3037 2168 calorem
3064 2114 3284 2177 habere,
3307 2113 3434 2180 quia

1902 2203 2073 2258 locum
2095 2204 2372 2257 obtineant
2399 2203 2748 2272 frigidioretu.
2778 2204 2906 2257 Esse
2932 2212 3109 2256 autem
3147 2203 3325 2254 lunam
3350 2201 3432 2254 in-

1900 2290 2148 2345 feriorem
2198 2292 2310 2345 sole
2364 2293 2662 2360 pr0piorem
2719 2291 2887 2344 nobis.
2943 2289 3207 2357 Superare
3255 2299 3433 2342 autent

1903 2379 2264 2446 magnitudine
2307 2379 2471 2432 solem
2521 2377 2962 2446 Peloponnesum.
3000 2377 3201 2429 Lumen
3255 2386 3432 2428 autem

1904 2484 2004 2521 non
2056 2469 2251 2522 habere
2295 2483 2448 2522 sumn
2488 2469 2690 2533 lunam,
2730 2470 2823 2523 sed
2870 2483 2899 2520 a
2958 2469 3092 2523 sole.
3148 2467 3435 2521 Stellarum

1903 2567 2081 2610 autem
2113 2558 2513 2611 conversionem
2546 2559 2644 2611 sub
2671 2570 2868 2610 terram
2905 2558 3038 2611 ileri.
3075 2557 3310 2611 Deﬁcere
3337 2570 3436 2608 au-

1907 2657 2009 2700 tem
2040 2646 2217 2699 lunam
2251 2655 2389 2698 terra
2428 2644 2714 2707 oi'llciente,
2751 2647 3014 2698 interdum
3066 2654 3243 2697 autem
3273 2643 3436 2694 etiam

1905 2738 2116 2804 iis-quae
2143 2744 2265 2788 sunt
2296 2736 2430 2788 infra
2465 2734 2678 2798 lunam,
2726 2735 2888 2788 solem
2925 2746 3098 2787 autem
3152 2731 3436 2786 noviluniis

1905 2819 2026 2874 luna
2060 2818 2344 2875 omciente.
2373 2820 2669 2873 Clinamina
2699 2829 2877 2874 autem
2906 2819 3082 2873 facere
3114 2829 3168 2873 et
3195 2817 3357 2870 solent
3384 2827 3440 2870 et

1907 2909 2109 2974 lunam,
2139 2909 2347 2976 repulsa
2388 2909 2456 2961 ab
2485 2924 2643 2975 aere;
2689 2909 2870 2964 lunam
2899 2919 3074 2962 autem
3099 2922 3238 2972 saepe
3264 2906 3440 2960 decli-

1908 3013 2035 3052 nare
2085 3008 2362 3068 propterea
2408 2995 2549 3065 quod
2608 3005 2834 3065 nequeat
2884 3010 3136 3064 superare
3167 2995 3434 3063 frigidum.

1911 3083 2008 3138 Hic
2039 3083 2280 3137 deﬁnivit
2311 3083 2514 3151 primus
2544 3082 2834 3136 doctrinam
2865 3079 3220 3134 defectionum
3243 3087 3295 3131 et
3322 3077 3439 3130 illu-

1906 3172 2274 3225 minationum.
2342 3170 2484 3224 Dixit
2531 3169 2705 3224 autem
2761 3179 3028 3224 terrenam
3087 3183 3206 3222 esse
3258 3167 3436 3220 lunam

1904 3261 2207 3328 babereque
2235 3261 2286 3313 itt
2321 3275 2381 3314 se
2410 3272 2626 3328 campos
2658 3269 2711 3312 et
2740 3259 2929 3313 saltus.
2959 3259 3226 3314 Circulum
3258 3269 3437 3310 autent

1903 3348 2127 3402 lacteum
2169 3349 2620 3416 repercttssionem
2663 3361 2783 3400 esse
2827 3349 2962 3402 lucis
3021 3347 3291 3400 stellarum
3335 3361 3438 3399 non

1902 3444 2263 3502 superatarum
2293 3449 2320 3484 a
2353 3434 2495 3499 sole;
2529 3434 2889 3487 discurrentes
2915 3443 3088 3486 autem
3115 3435 3294 3486 stellas
3318 3442 3441 3485 tan-

1903 3538 2058 3590 quam
2090 3523 2347 3574 scintillas
2381 3522 2696 3576 resultantes
2722 3522 2849 3574 oriri
2873 3536 2937 3575 ex
2963 3533 3107 3574 motu
3139 3522 3263 3588 poli.
3291 3520 3438 3574 Ven-

1906 3625 1985 3665 tos
2007 3620 2180 3663 autem
2213 3609 2380 3672 nasci,
2401 3624 2520 3661 cum
2539 3616 2857 3661 extenuetur
2879 3623 2972 3660 aer
2993 3624 3021 3660 a
3047 3608 3158 3660 sole
3182 3617 3233 3660 et
3261 3617 3438 3674 partes

1904 3707 2102 3753 exustae
2135 3699 2198 3750 ad
2233 3699 2410 3762 polmn
2453 3699 2678 3751 subeant
2721 3707 2774 3750 et
2807 3696 3132 3752 deierantur.
3179 3696 3434 3750 Tonitrua

1903 3796 2078 3839 autem
2100 3795 2147 3839 et
2175 3784 2378 3853 fulgura
2404 3801 2432 3837 a
2455 3777 2627 3837 calido
2648 3783 2761 3837 ﬁeri
2787 3785 2923 3852 quod
2948 3784 3146 3836 incidat
3169 3781 3432 3836 in'nubes.

1905 3873 2076 3928 Motus
2105 3885 2280 3928 autem
2315 3883 2468 3927 terra:
2513 3872 2624 3926 lieri
2671 3888 2788 3925 cum
2838 3873 3077 3938 superior
3106 3887 3196 3924 aer
3240 3871 3437 3924 incidat

1907 3964 1956 4017 in
1987 3963 2430 4026 subterraneum;
2467 3962 2566 4014 hoc
2597 3963 2739 4014 enim
2788 3972 2930 4014 moto
2957 3962 3116 4014 etiam
3153 3973 3356 4014 reetam
3386 3961 3438 4012 in

1905 4066 1970 4105 eo
2003 4061 2198 4104 terram
2236 4053 2302 4105 ab
2327 4067 2391 4105 eo
2421 4055 2652 4105 ceucuti'.
2688 4051 2952 4104 Animalia
2985 4060 3158 4103 autem
3204 4050 3354 4103 initio
3387 4050 3439 4102 in

244 4147 541 4216 ἀστραπὰς
579 4143 689 4196 ἀπὸ
722 4141 922 4211 θερμοῦ
981 4139 1220 4206 γίνεσθαι
1251 4140 1606 4208 ἐμπίπτοντος
1634 4142 1711 4201 εἰς
1741 4140 1801 4191 τά

1908 4142 2127 4196 humido
2157 4151 2276 4194 nata
2299 4156 2437 4203 esse,
2467 4151 2584 4208 post
2612 4142 2698 4193 illa
2727 4152 2900 4195 autem
2931 4158 2993 4196 ex
3027 4157 3085 4194 se
3113 4141 3362 4205 invicem,
3389 4150 3444 4194 et

241 4233 721 4304 νέφη.ηΣεισμοὺς
775 4231 831 4282 δὲ
868 4229 1108 4297 γίνεσθαι
1155 4227 1247 4279 τοῦ
1300 4226 1499 4280 ἀνωθεν
1527 4227 1684 4296 ἀέρος
1731 4231 1801 4289 είς

1911 4230 2200 4283 masculina
2231 4231 2443 4298 quidem
2473 4230 2584 4283 lieri
2625 4245 2743 4284 cum
2773 4247 2802 4283 a
2843 4231 3043 4285 dextris
3085 4231 3322 4299 partibus
3356 4244 3444 4284 se-

240 4324 332 4376 τὺν
358 4323 468 4376 ὑπὸ
498 4323 608 4391 γῆν
636 4321 993 4389 ἐμπίπτοντος
1016 4317 1080 4348 ⁸⁸⁸
1129 4317 1314 4366 τούτου
1344 4315 1448 4383 γάρ
1496 4317 1801 4384 κινουμένου

1909 4331 2114 4372 cretum
2164 4335 2342 4373 semen
2389 4320 2593 4373 dextris
2639 4322 2876 4387 partibus
2918 4321 3052 4373 uteri
3092 4320 3440 4385 adhaerescat,

245 4413 338 4464 atat
365 4411 466 4481 τὴν
511 4409 825 4479 ὀχουμένην·
849 4407 950 4473 γῆν
982 4404 1072 4456 ὑπ’
1098 4403 1259 4455 αὑτοῦ
1307 4400 1643 4454 σαλεύεσθαι.
1684 4403 1801 4453 Ζῶα

1911 4406 2162 4459 feminina
2195 4418 2370 4460 autem
2421 4423 2514 4475 per
2554 4410 2902 4461 contrarium.
2957 4408 3052 4461 Hic
3095 4407 3272 4460 ﬂoruit
3304 4423 3441 4462 anno

239 4500 298 4551 δὲ
327 4501 430 4569 τὴν
461 4501 566 4566 μὲν
590 4497 768 4566 ἀρχὴν
796 4498 852 4547 έν
905 4493 1056 4562 ὑγρῷ
1094 4491 1341 4559 γενέσθαι
1366 4490 1431 4553 ⁸⁷,
1475 4491 1611 4556 μετὰ
1636 4491 1801 4542 ταῦτα

1915 4497 2086 4562 pritno
2112 4496 2446 4562 oct03esima:
2477 4505 2677 4547 octava:
2703 4495 3051 4559 Olympiadis,
3077 4510 3181 4564 quo
3209 4506 3444 4560 tempore

244 4589 300 4640 δὲ
323 4589 384 4651 ἐξ
414 4588 694 4658 ἀλλήλων,
732 4586 824 4637 καὶ
846 4585 1076 4652 ἄρρενας
1131 4583 1229 4650 μὲν
1264 4580 1524 4647 γίνεσθαι,
1552 4581 1674 4631 ὅταν
1701 4580 1801 4633 ἀπὸ

1911 4593 1964 4636 et
1993 4582 2264 4636 Platonem
2296 4583 2482 4636 dicunt
2526 4591 2705 4635 natum
2747 4595 2886 4636 esse.
2934 4582 3085 4637 lluuc
3115 4585 3261 4635 aiunt
3283 4585 3442 4636 etiam

243 4677 353 4730 τῶν
381 4677 579 4740 δεξιῶν
608 4676 793 4745 μερῶν
831 4671 1123 4739 ἀποκριθὲν
1144 4670 1202 4721 τὸ
1240 4671 1454 4736 σπέρμα
1487 4671 1596 4729 τοῖς
1616 4669 1801 4734 δεξιοῖς

1913 4677 2086 4725 rerum
2116 4672 2410 4725 futurarum
2447 4685 2735 4741 pra-sagum
2767 4673 2947 4726 fuisse.

249 4763 442 4832 μέρεσι
476 4766 585 4827 τῆς
625 4762 835 4830 μήτρας
869 4757 1120 4825 κολληοῇ,
1160 4757 1222 4808 τά
1251 4757 1306 4808 δὲ
1332 4757 1492 4824 θήλεα
1544 4757 1682 4808 κατά
1744 4759 2065 4812 τούναντίον.
2103 4755 2264 4823 Οὗτος
2301 4761 2547 4830 ἤκμασεν
2594 4761 2747 4824 ἔτους
2781 4763 2992 4833 πρώτου
3054 4763 3151 4830 τῆς
3185 4762 3441 4830 ὀγδοηκο-

251 4855 380 4919 στῆς
439 4851 646 4918 ὀγδόης
709 4847 1087 4915 Ὀλυμπιάδος,
1124 4846 1242 4897 καθ’
1271 4846 1328 4898 ὃν
1361 4846 1544 4914 καιρδν
1583 4848 1675 4898 καὶ
1742 4849 1994 4901 Πλάτωνα
2059 4849 2268 4917 λέγουσι
2315 4849 2657 4918 γεγενῆσθαι.
2696 4851 2892 4905 Τοῦτον
2951 4852 3165 4920 λέγουσι
3201 4853 3292 4905 καὶ
3312 4869 3441 4922 προ-

253 4941 562 5008 γνωστικὺν
601 4937 909 5006 γεγονέναι.

317 5061 368 5114 9'.
407 5059 486 5130 [p.
525 5059 616 5112 15.
655 5057 743 5128 16]
788 5055 1077 5125 ’Δρχέλαος
1113 5057 1170 5109 τὸ
1196 5058 1462 5126 μὲνγένος
1502 5058 1795 5125 Ἀθηναῖος,

1971 5045 2213 5132 2ἀ-25
2239 5062 2529 5116 Archelaus
2545 5060 2705 5128 stirpe
2731 5059 3072 5112 Atheniensis
3097 5057 3240 5112 ﬁlius
3265 5068 3439 5114 autem

1561 5217 1790 5271 VARUE
1833 5219 2234 5274 [.ECTIONES.

307 5322 352 5391 ','
379 5324 656 5389 Βοθρθηιέ
687 5329 742 5391 βο
776 5317 907 5391 ΜΟ·
945 5319 996 5391 !l
1022 5319 1225 5391 conatis
1258 5324 1476 5376 aliorum
1508 5327 1824 5389 scriptorum
1866 5327 2180 5379 testimoniis
2217 5327 2460 5378 lacunosa
2491 5326 2646 5378 verba
2678 5327 2748 5375 ila
2782 5323 2948 5376 reiicit
2977 5338 2992 5376 :
3026 5322 3446 5391 ὲξατμισθέντων

245 5390 344 5463 ὑπὸ
366 5393 456 5443 τοῦ
485 5387 640 5463 ἡλίου
665 5387 914 5463 ἐκείνων
943 5387 1263 5463 ὑπρστάν-τα.
1337 5391 1600 5463 ⁸’ίὺδάτων
1622 5387 1897 5463 ίιζορρυτιιε
1925 5411 1936 5444 :
1970 5395 2142 5445 αὐτῶν
2175 5398 2348 5463 vulgo.
2420 5395 2462 5424 ⁸⁸
2483 5394 2744 5455 ἀντοίκοις
2775 5393 3044 5463 Roeperus
3073 5410 3126 5461 ι).
3153 5387 3272 5446 611.
3303 5394 3403 5446 Gl'l
3430 5415 3442 5447 :

230 5457 447 5533 ἀρκτοῖς
469 5456 706 5533 litigo.“
735 5457 792 5532 I”
827 5456 953 5533 τῆς.
976 5456 1198 5533 τῆςτοὺ
1221 5459 1462 5533 Brandis.
1535 5461 1578 5488 ⁸⁸
1613 5456 1759 5533 ἡλίου
1791 5462 1880 5512 καὶ
1909 5463 2132 5533 σελήνης
2158 5465 2236 5533 vel
2264 5456 2364 5533 διαὶ
2397 5462 2542 5533 ήλίου
2570 5467 2641 5533 κ.
2674 5475 2721 5510 σ.
2755 5460 2967 5533 ennjict
3003 5456 3208 5533 Binetus.
3285 5462 3327 5492 “
3358 5465 3449 5514 καὶ

243 5523 742 5597 Ql)_pa1§ABl’:lllt'l9
778 5539 800 5576 :
845 5523 1428 5597 0E?ynlta‘_\f|ﬂg0;‘:_lli_a_
1484 5523 1649 5580 teutat
1704 5526 1991 5597 littclierus.
2021 5523 2033 5530 ⁷
2064 5523 2107 5558 ⁸⁵
2143 5531 2233 5580 καὶ
2262 5529 2348 5580 διά
2398 5523 2618 5597 delt-uda
2645 5543 2760 5597 esse
2790 5523 3068 5597 tautologia
3102 5532 3448 5583 demonstrat.

250 5585 408 5643 Aliter
440 5593 732 5669 lloepcms
767 5603 835 5668 ρ.
880 5585 1000 5636 6H.
1073 5588 1118 5616 “
1163 5591 1265 5642 Τὸν
1311 5593 1365 5644 δὲ
1396 5592 1690 5661 Roeperus:
1724 5585 1828 5645 Τόν
1850 5611 1907 5645 τε
1949 5597 2124 5662 vulgo.
2197 5597 2242 5629 “
2271 5595 2822 5662 καταλαμϐανομένων
2859 5625 2928 5634 —
2955 5585 3273 5666 κῖταλαμπο
3317 5599 3448 5650 ένων

251 5656 566 5713 Gronovtus.
641 5658 692 5690 η
733 5655 793 5705 δε
833 5651 1107 5717 Boeperus
1143 5673 1157 5707 :
1200 5675 1260 5710 τε
1302 5661 1472 5719 vulgo.
1547 5662 1591 5693 “
1619 5661 1975 5719 ἐμπίπτοντος
2003 5663 2347 5718 Sebaubach:
2383 5664 2733 5719 ἐκπίπτοντος
2763 5665 2934 5719 vulgo.
3007 5667 3049 5698 δ’
3072 5616 3356 5719 γεννᾶσθιαι
3385 5664 3443 5714 Β.

251 5651 574 5713 Gronovius.
641 5658 692 5690 "
733 5655 793 5705 δὲ
833 5651 1107 5717 Ποευετυε
1143 5673 1157 5707 ε
1200 5675 1260 5710 τε
1302 5661 1472 5729 vulgo.
1509 5651 1523 5661 ’
1547 5662 1591 5693 ⁵⁸
1619 5661 1975 5728 ἐμπίπτοντος
2003 5651 2347 5718 ὃὶιιιιυὺιιοιιε
2383 5651 2733 5725 ἐκπίπτοντος
2763 5665 2934 5734 vulgo.
3007 5667 3049 5698 δ’
3072 5651 3356 5735 γεννᾶσθαι
3385 5664 3443 5714 Β.
