3818 6396
219 362 368 430 3091

1388 373 1674 433 CONTRA
1705 374 2057 461 HERESES
2091 372 2230 431 LIB.
2268 372 2364 430 ιν.

3309 370 3443 431 3092

219 480 326 531 καὶ
392 474 716 545 τιθυμάλου
774 482 917 547 όπδς
971 485 1065 537 καὶ
1115 484 1282 552 συκῆς
1326 474 1468 537 ποιεῖ
1524 486 1584 538 τὸ
1627 487 1727 555 δμο

1951 486 2146 539 ntroire
2169 484 2321 551 jubet
2348 482 2437 550 qui
2478 481 2669 534 adsunt
2704 480 2989 534 instructos
3021 479 3178 532 ramis
3213 477 3343 532 lauri
3391 493 3445 534 et

232 565 498 636 Ἐπειδὴ
534 565 593 618 δὲ
648 567 831 636 ἔμαθε
880 574 984 641 τὴν
1031 572 1291 641 ἐρώτησιν
1317 571 1507 635 οὕτως.
1539 572 1550 641 |
1578 572 1696 626 τίνα
1728 576 1831 644 χρὴ

214 656 466 724 τρόπον
521 656 928 725 ἀποκρίνεσθαι
975 661 1288 732 προύνόησε.
1342 660 1448 712 Καὶ
1490 660 1669 711 λοιπὸν
1702 661 1831 713 εἴσω

183 745 571 813 ’παρελθεῖν
618 745 838 799 κελεύει
885 747 1011 807 τοὺς
1071 747 1337 815 παρόντας
1383 746 1580 812 δάφνας
1621 746 1834 812 ἔχοντας

215 834 321 886 καὶ
365 835 647 894 σείοντας
684 835 782 887 καὶ
827 834 1163 903 κεκραγότας
1208 832 1418 886 καὶτὸν
1456 834 1594 901 φρῆν
1642 835 1834 884 ἐπικα-

216 919 503 982 λοῦντας
540 920 589 953 ⁸⁸
620 920 884 988 δαίμονα·
941 920 1036 972 καὶ
1088 922 1194 989 γὰρ
1240 919 1508 971 ἐπικαλεῖν
1545 919 1589 949 ⁸⁸
1630 918 1835 979 τούτοις

218 1009 477 1073 πρέπει
512 1008 614 1060 καὶ
651 1008 808 1059 τοῦτο
842 1008 1011 1059 αἰτεῖν
1040 1006 1186 1075 παρὰ
1215 1006 1479 1075 δαιμόνων
1523 1003 1668 1067 ἄξιον
1708 1003 1773 1065 ⁸⁸,
1806 1001 1836 1053 δ

214 1094 287 1147 δι’
318 1094 565 1146 αὐτῶν
596 1094 641 1125 ³⁷
691 1092 953 1162 παρέχειν
1000 1093 1060 1144 οὐ
1113 1091 1350 1143 θέλουσιν
1405 1088 1760 1147 ἀπολέσαντες
1788 1086 1834 1117 ⁸⁸

218 1185 327 1243 τὰς
382 1182 650 1249 φρένας.
700 1181 773 1232 Τὸ
800 1179 857 1230 δὲ
894 1181 1131 1248 ἄκοσμον
1161 1179 1257 1246 τῆς
1298 1178 1424 1245 βοῆς
1466 1177 1558 1229 καὶ
1593 1178 1621 1227 ό
1667 1174 1834 1242 ψόφος

218 1264 305 1332 οἷς
338 1272 430 1321 ὲν
466 1269 783 1337 ἀπορρήτῳ
802 1268 849 1298 ⁸⁸
869 1268 1215 1335 πεποιηκέναι
1237 1266 1507 1334 νομίζεται
1528 1266 1571 1295 ⁸ο
1601 1276 1835 1331 παρακο·

217 1357 489 1409 λουθεῖν
545 1356 792 1408 ἐκώλυσε
815 1356 881 1406 “.
916 1354 1045 1405 Τίνα
1071 1355 1127 1405 δὲ
1147 1353 1315 1405 ταῦτά
1353 1355 1488 1416 ἐστι,
1515 1350 1699 1418 καιρὸς
1730 1349 1837 1400 λοι-

222 1448 337 1498 πὸν
382 1446 627 1511 λέγειν.
664 1444 809 1495 Πολὺ
836 1444 930 1511 μὲν
958 1438 1049 1494 οῦν
1083 1441 1411 1509 τυγχάνειτὸ
1441 1440 1644 1500 σκότος.
1677 1438 1834 1503 Λέγει

223 1534 348 1601 γὰρ
392 1532 691 1583 ἀδύνατον
718 1532 789 1582 τὰ
818 1529 935 1580 θεῖα
954 1530 1082 1597 όρᾷν
1104 1528 1298 1597 θνητὴν
1321 1527 1495 1594 φύσιν·
1527 1525 1703 1576 ἱκανὸν
1728 1523 1834 1591 γὰρ

225 1622 291 1672 τὸ
326 1620 616 1689 ὁμιλεῖν.
646 1616 987 1676 Κατακλίνας
1016 1615 1071 1665 δὲ
1092 1614 1180 1665 τὸν
1221 1613 1380 1665 παῖδα
1411 1612 1588 1681 πρηνῆ
1617 1610 1708 1663 καὶ
1744 1609 1837 1661 δύο

224 1708 351 1760 τῶν
434 1705 873 1774 γραμματιδίων
920 1702 1158 1763 ἐκείνων,
1210 1704 1348 1768 ἅπερ
1399 1698 1465 1768 ἦν
1529 1701 1834 1765 ἐγγεγραμ-

232 1796 401 1864 μένα
455 1795 510 1823 ⁸³
568 1794 872 1860 Ἑϐραϊκοῖς
903 1791 1059 1858 δῆθεν
1103 1791 1416 1858 γράμμασιν
1468 1789 1540 1851 ὡς
1577 1787 1837 1856 δαιμόνων
1864 1775 1907 1829 Β

230 1885 561 1951 ὀνόματα,
604 1882 816 1949 πλευρᾷ
849 1879 1105 1947 παραθεὶς
1132 1877 1362 1946 ἑκατέρᾳ
1390 1877 1434 1906 ⁵⁸
1457 1876 1524 1927 τὰ
1553 1874 1712 1927 λοιπὰ
1726 1876 1838 1935 τοῖς

232 1974 402 2025 ὠσὶν
433 1971 706 2038 ἐνθήσειν
736 1970 903 2034 λέγει.
940 1969 1091 2019 Ἔστι
1127 1967 1181 2018 δὲ
1201 1966 1353 2017 τοῦτο
1381 1965 1509 2016 αὐτὸ
1528 1965 1835 2031 ἀναγκαῖον,

233 2071 332 2122 ῐνα
371 2086 451 2121 τι
486 2067 717 2136 παραθῇ
768 2068 879 2125 τοῖς
909 2063 1010 2114 ὠσὶ
1035 2062 1125 2114 τοῦ
1174 2061 1357 2121 παιδὸς
1397 2060 1642 2128 ὄργανον,
1685 2056 1752 2109 δι’
1778 2050 1838 2109 οῦ

234 2156 368 2207 πᾶν
406 2152 551 2204 ἐστι
582 2152 822 2219 σημᾶναι
848 2150 893 2179 ⁸⁸
938 2148 1182 2200 θέλοντα·
1224 2148 1344 2213 ἠχεῖ
1369 2144 1506 2197 δὲτὸ
1546 2145 1590 2176 ⁸⁸
1625 2142 1838 2212 πρῶτον

238 2243 337 2294 ἵνα
372 2239 620 2308 φοϐηθῇ
643 2240 671 2290 ό
700 2240 845 2300 παῖς,
870 2238 961 2289 καὶ
979 2236 1220 2304 δεύτερον
1251 2232 1532 2301 ἐπιϐομϐεῖ
1555 2233 1622 2292 ⁸⁸,
1652 2232 1837 2282 ἔπειτα

242 2336 313 2385 τὸ
353 2331 583 2399 τρίτον
608 2327 755 2378 λαλεῖ
782 2326 871 2377 διὰ
889 2323 981 2376 τοῦ
1021 2324 1265 2392 ὀργάνου,
1292 2322 1326 2373 ἃ
1361 2322 1534 2387 λέγειν
1561 2320 1648 2371 τὸν
1677 2319 1839 2369 παῖδα

240 2421 575 2491 βούλεται,
598 2415 693 2467 καὶ
711 2414 808 2482 τὴν
831 2412 1051 2464 ἔκϐασιν
1069 2410 1161 2462 τοῦ
1187 2410 1500 2477 πράγματος
1520 2409 1592 2470 ὼς
1609 2408 1749 2459 δοκεῖ
1770 2409 1834 2469 ⁸⁷,

241 2508 327 2580 [-p.
365 2499 641 2569 ϐαι-66]
672 2496 787 2551 εἶτα
815 2501 939 2559 τοὺς
969 2499 1063 2565 μὲν
1094 2497 1357 2564 παρόντας
1384 2495 1663 2580 ἡσυχάζειν
1679 2495 1836 2580 ποιεῖ,

238 2598 344 2648 τὸν
365 2595 447 2646 δὲ
470 2592 513 2645 ἃ
534 2588 686 2657 παρὰ
703 2587 811 2639 τῶν
826 2586 1088 2654 δαιμόνων
1101 2584 1293 2651 ἢκουσε
1307 2582 1579 2649 σημαίνειν
1593 2579 1747 2643 ἀξιοῖ.
1768 2579 1840 2630 Τὸ

241 2686 307 2737 δὲ
342 2684 493 2741 τοῖς
518 2679 625 2731 ὠσὶ
646 2674 947 2744 παρατεθὲν
964 2673 1189 2742 ὃργανον
1208 2671 1322 2721 εστὶ
1345 2668 1564 2735 φυσικὸν
1592 2668 1836 2736 ὄργανον,

243 2773 375 2824 τῶν
432 2762 912 2837 μακροτραχήλων
939 2760 1179 2829 γεράνων
1202 2758 1234 2826 ἢ
1270 2756 1548 2823 πελαργῶν
1572 2757 1605 2824 ἦ
1635 2755 1841 2807 κύκνων

244 2854 583 2927 ἀρτηρία’
612 2845 687 2902 ὧν
725 2852 774 2902 εί
821 2848 1107 2916 μηδέτερον
1143 2847 1316 2913 παρῇ,
1350 2843 1524 2895 East“
1562 2845 1655 2895 καὶ
1684 2844 1842 2913 ἕτερα

243 2952 492 3015 τέχνης
544 2942 768 3010 ὄργανα,
802 2936 1092 3004 ιΑύλίσκοι
1145 2934 1251 3001 γάρ
1298 2948 1438 2993 τινες
1487 2931 1700 2999 χάλκεοι
1753 2931 1842 2982 τὸν

1930 573 2232 640 quatientes
2260 579 2317 624 et
2346 568 2699 624 vociferantes
2728 579 2784 623 et
2806 566 2978 621 Pbren
3008 567 3314 622 invocantes
3340 570 3445 621 dat-

1929 676 2176 725 monem;
2199 659 2392 713 etenim
2423 658 2669 711 invocare
2699 656 2843 709 illum
2875 656 2971 709 bos
3000 656 3168 718 decet,
3202 665 3257 708 et
3290 657 3389 711 hoc
3414 669 3445 707 a

1933 749 2263 803 dtnmonibus
2293 756 2471 814 petere
2494 745 2753 805 convenit,
2798 744 2934 811 quod
2959 758 3053 811 per
3093 757 3152 797 se
3188 743 3285 811 ipsi
3314 759 3446 811 prat-

1933 838 2061 890 bere
2110 844 2400 903 nequeunt,
2450 835 2641 900 quippe
2688 834 2777 899 qui
2826 833 2924 900 ipsi
2976 832 3265 900 phrenetici
3317 833 3441 886 sint.

1936 922 2223 975 lmmodica
2256 930 2429 973 autem
2462 920 2765 972 vociferatio
2791 928 2844 971 et
2872 922 3118 987 strepitus
3142 919 3225 983 iis,
3252 934 3366 985 quae
3393 919 3444 971 in

1931 1018 2138 1063 secreto
2181 1008 2292 1060 ﬁeri
2340 1021 2453 1060 mos
2484 1015 2583 1069 est,
2625 1015 2850 1058 mentem
2896 1006 3168 1058 advertere
3207 1005 3444 1072 impedit.

1935 1097 2062 1162 Qum
2090 1095 2267 1164 qualia
2311 1095 2417 1147 sint
2445 1094 2552 1160 jam
2592 1102 2798 1160 tempus
2830 1100 2912 1145 est
2943 1093 3155 1146 uberius
3182 1093 3444 1160 persequi.

1931 1181 2117 1248 Magna
2146 1182 2355 1247 quidem
2395 1188 2477 1233 est
2515 1180 2829 1233 obscuritas.
2862 1177 3027 1247 Negat
3075 1179 3215 1231 enim
3257 1181 3447 1232 cadere

1934 1269 1986 1321 in
2018 1270 2303 1321 humanam
2334 1277 2573 1319 naturam
2605 1267 2777 1319 divina
2809 1268 3122 1333 perspicere,
3152 1268 3280 1318 satis
3303 1267 3443 1318 enim

1932 1370 2051 1409 esse
2080 1356 2130 1406 in
2157 1354 2531 1407 commercium
2562 1357 2777 1407 deorum
2814 1353 3009 1406 venire.
3044 1353 3316 1407 Reclinato
3347 1368 3444 1411 au-

1934 1454 2035 1496 tem
2063 1457 2224 1510 puero
2257 1443 2307 1493 in
2337 1457 2571 1508 praceps
2593 1443 2901 1509 duabusque
2931 1441 3134 1494 tabellis
3163 1442 3299 1502 istis,
3331 1457 3449 1509 qua

1932 1541 2084 1585 erant
2128 1530 2400 1583 Hebraicis
2440 1532 2642 1583 scilicet
2684 1531 2873 1584 litteris
2904 1530 3190 1595 inscriptae,
3239 1532 3446 1597 utrique

1933 1619 2080 1671 lateri
2107 1619 2377 1684 appositis,
2398 1617 2596 1683 reliqua
2618 1619 2903 1671 daemonem
2918 1617 2969 1669 in
2989 1617 3449 1674 auresinsusurra-

1935 1718 2107 1759 turum
2139 1708 2286 1760 dicit.
2319 1708 2410 1759 Est
2445 1718 2618 1759 autem
2648 1707 2746 1760 hoc
2765 1706 3141 1770 necessarium,
3176 1710 3230 1756 'ut
3252 1705 3448 1770 aliquid

1935 1797 2271 1849 instrumenti
2307 1805 2536 1862 apponat
2568 1797 2633 1848 ad
2663 1810 2821 1848 aures
2852 1795 3021 1863 pueri,
3048 1810 3143 1862 per
3164 1797 3301 1862 quod
3328 1795 3451 1847 licet

1934 1884 2109 1936 omnia
2167 1881 2470 1950 signiﬁcare
2519 1896 2634 1949 quae
2691 1883 2811 1949 quis
2847 1883 3006 1935 volet.
3059 1881 3223 1934 Sonat
3272 1890 3445 1934 autem

1934 1974 2179 2039 primum,
2226 1980 2282 2023 ut
2325 1972 2377 2023 in
2416 1981 2672 2024 terrorem
2719 1971 3030 2039 conjiciatur
3060 1985 3213 2038 puer,
3265 1970 3452 2025 deinde

1935 2062 2146 2128 insuper
2198 2070 2499 2128 tympanum
2551 2068 2745 2122 movet,
2800 2072 3066 2127 postremo
3118 2063 3328 2111 tertium
3371 2061 3451 2114 lo-

1934 2150 2113 2216 quitur
2137 2161 2230 2215 per
2257 2149 2685 2210 instrumentum,
2712 2148 2850 2214 quod
2872 2162 3087 2215 puerum
3120 2148 3227 2199 vult
3250 2149 3448 2210 dicere,

1934 2245 1988 2290 et
2012 2237 2207 2288 exitum
2232 2238 2308 2289 rei
2330 2244 2617 2302 exspectat,
2641 2236 2830 2288 deinde
2850 2250 2941 2288 eos
2963 2236 3049 2302 qui
3078 2235 3270 2288 adsunt
3294 2237 3451 2289 silere

1929 2326 2106 2392 jubet,
2154 2325 2296 2376 illum
2330 2325 2571 2392 92-93
2604 2334 2776 2376 autem
2811 2339 2926 2391 quae
2954 2339 2979 2375 a
3005 2324 3331 2377 daemonibus
3360 2340 3449 2379 ac-

1935 2414 2135 2481 ceperit
2171 2414 2424 2481 proﬁteri.
2473 2413 2621 2477 Quod
2668 2422 2843 2465 autem
2893 2413 3108 2464 auribus
3154 2414 3448 2480 appositum

1934 2513 2015 2555 est
2045 2502 2470 2563 instrumentum,
2500 2511 2581 2554 est
2614 2500 2853 2552 naturale
2874 2502 3299 2563 instrumentum,
3328 2515 3452 2568 pro—

1935 2605 2057 2644 cero
2093 2591 2227 2644 collo
2265 2591 2637 2643 instructarum
2676 2603 2860 2656 gruum
2894 2588 2973 2641 vel
3019 2589 3335 2644 ciconiarum
3367 2592 3450 2644 vel

1936 2694 2222 2748 cygnorum
2263 2677 2481 2742 arteria,
2531 2691 2753 2745 quormn
2809 2677 2849 2730 si
2907 2676 3104 2731 nullum
3148 2680 3213 2731 ad
3265 2694 3452 2733 manus

1936 2773 2059 2832 erit,
2120 2777 2173 2822 et
2233 2766 2334 2819 alia
2383 2779 2447 2818 ex
2496 2775 2610 2818 arte
2648 2766 2993 2820 instrumenta
3049 2773 3189 2819 sunt.
3235 2765 3454 2819 Tibiolae

1937 2861 2076 2912 enim
2112 2859 2350 2927 quaedam
2379 2871 2535 2914 amem
2563 2873 2785 2912 numero
2822 2858 3002 2912 decem
3046 2859 3266 2911 Invicem
3311 2858 3363 2910 in
3398 2872 3456 2911 se
3496 2916 3501 2919 7

1939 2957 2188 2999 coeuntes
2218 2946 2268 3000 in
2315 2957 2591 3015 angustum
2626 2945 2968 2997 tertuinantes
2998 2953 3133 3010 aptae
3177 2954 3320 3005 sunt,
3362 2957 3457 3010 per

246 3036 407 3105 ἀριθ
420 3035 541 3102 μὸν
560 3031 690 3082 δέκα
707 3028 784 3087 είς
812 3024 1066 3093 ἀλλήλους
1082 3021 1392 3116 χωροῦντες,
1415 3021 1493 3081 εἰς
1518 3020 1695 3116 στενὸῖ
1714 3020 1754 3071 ἀι

1949 3048 2074 3101 quas
2102 3033 2166 3087 ad
2209 3050 2369 3088 aures
2402 3046 2726 3100 quaecunque
2764 3032 2902 3084 volet
2946 3031 3207 3098 loquatur.
3237 3031 3301 3084 Et
3345 3033 3457 3084 haec

244 3102 561 3192 λήγοντες
583 3118 905 3186 εὐάρμοστοι
929 3112 1181 3179 γίνονται,
1204 3110 1268 3161 δι’
1292 3104 1366 3161 ὧν
1394 3108 1524 3177 πρὸς
1548 3107 1607 3159 τὸ
1629 3102 1719 3168 οῦς
1746 3107 1752 3154 i

1952 3135 2073 3190 puer
2099 3121 2401 3185 exaudiens,
2447 3127 2588 3171 metu
2627 3128 2906 3185 correptus
2947 3118 3094 3184 quasi
3146 3131 3177 3170 a
3207 3117 3460 3170 daemoni-

249 3222 437 3275 θέλει
480 3215 805 3282 φθέγγεται.
838 3210 947 3262 Καὶ
985 3206 1154 3260 ταῦτα
1184 3207 1212 3257 ό
1243 3206 1366 3265 παῖς
1393 3201 1705 3257 κατακούων
1746 3202 1844 3272 ἒμ-

251 3310 478 3376 φόὸως
528 3302 604 3361 ὡς
632 3298 737 3350 ὑπὸ
759 3294 1025 3363 δαιμόνων
1053 3292 1350 3358 λαλούμενα
1377 3290 1672 3354 κελευσθεὶς
1714 3293 1848 3344 ἀπο-

252 3393 625 3461 φθέγγεται.
658 3384 788 3450 Είιδὲ
810 3381 902 3433 καὶ
926 3379 1115 3445 σκύτος
1140 3395 1220 3443 τις
1233 3381 1404 3450 ῥάϐδῳ
1431 3379 1662 3447 περιθεὶς
1688 3379 1847 3446 ὑγρὸν

251 3480 548 3550 ξηράνας
573 3475 668 3528 καὶ
697 3472 1015 3539 συναγαγὼν
1041 3470 1387 3537 προσαρμόσῃ
1415 3466 1505 3517 καὶ
1534 3467 1576 3497 ⁸³
1603 3466 1846 3517 ἀποσπά-

256 3594 382 3641 σας
414 3574 533 3641 τὴν
563 3569 756 3640 ῥάϐδον
780 3567 1034 3620 αὐλίσκου
1063 3564 1212 3631 δίκην
1242 3562 1300 3612 τὸ
1327 3562 1514 3621 σκύτος
1535 3560 1844 3628 ἐργάσηται,

250 3668 328 3721 τὸ
365 3666 584 3731 ὅμοιον
628 3660 789 3709 ποιεῖ.
827 3656 887 3706 Εἰ
921 3653 977 3705 δέ
1023 3669 1073 3704 τι
1111 3650 1309 3701 τούτων
1359 3647 1432 3715 μὴ
1466 3651 1638 3715 παρῇ,
1674 3646 1847 3714 βίϐλον

253 3751 483 3805 λαϐὼν
514 3743 953 3810 ἐπισπασάμενος
985 3738 1187 3791 ἔνδοθεν
1213 3738 1333 3810 ὅσον
1354 3736 1534 3804 χρῄζει
1566 3736 1656 3785 ἐπὶ
1680 3733 1847 3802 μῆκος

254 3838 579 3896 ἐκτείνας,
605 3833 673 3883 τά
699 3808 857 3897 ὃμοια
877 3829 1103 3896 ἐνεργεῖ.
1130 3826 1188 3877 Et
1212 3808 1271 3876 δέ
1285 3824 1330 3854 ⁷⁸
1353 3822 1617 3889 προειδείη
1645 3823 1786 3883 ὅστις
1802 3821 1845 3852 ⁷⁸

257 3932 543 3998 πάρεστι
582 3919 940 3985 πευσόμενος,
973 3912 1304 3982 ἑτοιμότερος
1338 3911 1469 3979 πρὸς
1504 3910 1675 3961 πάντα
1708 3910 1850 3975 τινε-

255 3997 402 4072 ται-
447 4013 518 4065 Et
543 4011 599 4061 δὲ
630 4009 723 4060 καὶ
749 4008 847 4071 τὴν
875 4003 1065 4055 πεῦσιν
1087 4001 1362 4069 προμάθῃ,
1392 3999 1584 4067 γράφει
1614 3997 1688 4067 τῷ
1716 4014 1852 4066 φαρ-

259 4107 492 4171 μάχῳ,
525 4097 623 4150 καὶ
650 4095 726 4155 ὡς
754 4092 1163 4160 ὲμπαράσκευος
1190 4086 1505 4155 ἱκανώτερος
1522 4086 1850 4152 νομίζεται⁷¹

260 4189 500 4260 σαφῶς
534 4183 752 4252 γράψας
773 4181 834 4230 τὸ
856 4176 1219 4247 ἐρωτώμενον.
1253 4176 1313 4226 Et
1339 4174 1393 4225 δὲ
1428 4176 1637 4239 ἀγνοεῖ,
1666 4175 1854 4225 ὑποτο-

259 4280 411 4341 πάξ
418 4293 474 4326 ει
495 4275 545 4304 ⁷³
580 4271 675 4323 καὶ
705 4267 996 4337 ἀμφίϐολον
1030 4266 1121 4316 καὶ
1153 4262 1394 4331 ποικίλην
1423 4262 1471 4293 ⁷⁸
1507 4261 1853 4328 ἀποφαίνεταί

1943 3211 2041 3263 bus
2068 3209 2205 3261 dicta
2233 3223 2297 3261 ex
2324 3209 2473 3275 jussu
2510 3206 2862 3275 proloquitur.
2896 3204 2989 3259 Sin
3027 3207 3145 3274 quis
3170 3207 3329 3259 etiam
3370 3220 3456 3258 co-

1944 3296 2078 3348 rium
2120 3296 2524 3361 circnmplicans
2576 3294 2800 3360 scipioni
2836 3293 3104 3346 humidum
3150 3295 3304 3360 idque
3336 3308 3457 3347 are-

1943 3384 2140 3436 factum
2189 3382 2512 3436 contruhens
2571 3391 2789 3434 consuet
2835 3391 2888 3433 et
2939 3384 3177 3434 detracto
3226 3383 3458 3449 scipione

1944 3475 2136 3528 tibiolre
2170 3476 2219 3526 in
2265 3476 2477 3527 modum
2505 3475 2706 3525 corium
2733 3473 2997 3536 conﬁciet,
3024 3474 3157 3525 idem
3190 3474 3333 3526 facit.
3365 3474 3457 3527 Sin

1942 3563 2068 3629 quid
2108 3564 2289 3614 horum
2334 3577 2436 3613 non
2475 3562 2664 3623 aderit,
2708 3561 2898 3613 librum
2929 3562 3089 3614 sumit
3117 3574 3342 3628 eumque
3369 3577 3457 3613 ex-

1943 3653 2102 3719 plicat
2123 3660 2175 3703 et
2204 3652 2253 3702 in
2285 3660 2537 3718 quantam
2576 3651 2716 3702 volet
2743 3662 3041 3701 mensuram
3065 3651 3321 3713 extendit,
3354 3664 3458 3716 quo

1945 3740 2084 3792 facto
2124 3740 2363 3791 eumdem
2406 3752 2557 3795 usum
2592 3745 2826 3804 pratstat.
2870 3738 2963 3790 Sin
3007 3747 3181 3790 autem
3229 3738 3455 3799 noverit,

1944 3829 2063 3894 quis
2091 3826 2159 3878 sit
2186 3827 2228 3879 is
2255 3826 2343 3893 qui
2374 3826 2698 3879 sciscitatum
2725 3826 2895 3890 adsit,
2927 3825 3161 3893 paratior
3189 3825 3253 3876 ad
3280 3827 3458 3878 omnia

1949 3918 2026 3969 ﬁt.
2066 3916 2156 3967 Sin
2200 3924 2372 3967 autem
2408 3914 2488 3967 vel
2527 3915 2987 3982 interrogationem
3025 3923 3177 3967 antea
3220 3928 3460 3980 comper-

1950 4010 2055 4056 tam
2104 4002 2336 4064 habebit,
2386 4002 2574 4055 scribit
2612 4004 2917 4071 pltartnaco,
2961 4011 3014 4056 et
3058 4013 3114 4055 ut
3145 4013 3463 4071 pra‘paratns

1950 4100 2199 4157 tauquam
2227 4090 2472 4143 solertior
2490 4091 2805 4153 celebratur,
2832 4101 2887 4142 ut
2911 4092 2997 4158 qui
3026 4090 3167 4144 clare
3190 4093 3463 4157 scripserit

1951 4177 2091 4245 quod
2125 4180 2397 4245 quaesitum
2436 4188 2536 4233 est.
2566 4178 2657 4233 Sin
2687 4194 2809 4232 vero
2840 4179 3071 4246 ignorat,
3110 4179 3464 4247 conjecturam

1954 4264 2276 4331 periclitatur
2312 4274 2365 4319 et
2412 4266 2613 4333 aliquid
2661 4266 2867 4332 prodit,
2906 4268 3042 4333 quod
3081 4268 3359 4333 ancipitem
3415 4276 3469 4320 et

255 4388 328 4423 τι
366 4364 686 4431 δεχόμενον
714 4358 757 4390 ⁷⁸
794 4356 1143 4424 μετάφρασιν,
1177 4352 1262 4403 ῖνα
1286 4352 1382 4419 τὴν
1416 4350 1509 4418 μὲν
1530 4350 1696 4419 ἀρχὴν
1720 4350 1763 4401 di

1958 4352 2152 4403 variant
2184 4353 2399 4418 recipiat
2432 4354 2935 4421 interpretationem,
2968 4366 3071 4419 quo
3103 4353 3406 4405 vaticinium
3439 4369 3466 4404 τι

262 4470 395 4527 μος
438 4446 577 4501 οῦσα
618 4447 652 4513 ἡ
686 4442 1043 4512 χρησμοδοσία
1080 4441 1157 4500 εἰς
1194 4438 1360 4527 πολλά
1386 4438 1565 4527 ἔσται,
1593 4439 1681 4488 ἐπὶ
1707 4436 1849 4527 τῇ

262 4524 536 4596 ἕκὸάσει
565 4532 678 4585 τῶν
703 4529 1121 4599 συμϐησομένων
1148 4526 1281 4594 πρὸς
1303 4525 1361 4576 τὸ
1395 4524 1598 4591 συμϐὰν
1622 4524 1854 4592 πρόρῤη-

1952 4440 2209 4505 principio
2233 4442 2533 4505 ambiguum
2570 4441 2621 4491 itt
2654 4442 2890 4491 diversas
2911 4440 3075 4503 possit
3103 4448 3280 4504 partes
3311 4441 3469 4501 trahi,

1954 4527 2005 4578 in
2045 4537 2233 4578 eventu
2285 4536 2459 4577 autem
2511 4527 2762 4592 quidquid
2810 4527 3063 4589 evenerit,
3118 4528 3183 4578 ad
3235 4526 3283 4577 id
3334 4534 3473 4593 quod

265 4647 380 4692 σις
444 4622 760 4691 νομίζηται.
806 4614 936 4668 Εἶτα
982 4615 1207 4681 λεκάνην
1251 4611 1534 4693 πληρώσας
1570 4610 1753 4673 ῦδατος

1962 4614 2237 4679 contigerit
2266 4614 2534 4680 praedictio
2563 4613 3005 4666 accommodetur.
3054 4612 3248 4664 Deinde
3279 4614 3470 4679 pelvim

264 4721 564 4783 ἄγραφον
591 4706 683 4758 τὸν
706 4705 909 4772 χάρτην
935 4703 982 4734 ’⁸
1008 4701 1224 4769 καθίησι
1256 4698 1598 4766 συνεμϐαλὼν
1627 4698 1855 4766 χάλκαν.

268 4807 429 4857 θον.
449 4794 657 4853 Ὀὕτως
686 4792 793 4857 γὰρ
833 4788 1105 4842 ἀνατέλλει
1139 4786 1203 4846 ⁷⁷,
1236 4787 1331 4854 τὴν
1364 4786 1644 4853 ἀπόκρισιν
1683 4786 1857 4854 φέρων

1955 4702 2041 4753 ubi
2075 4701 2312 4767 implevit
2335 4714 2490 4766 aqua,
2526 4708 2772 4767 tanquam
2814 4701 3021 4752 inanem
3058 4700 3349 4752 chartulam
3385 4701 3477 4752 de-

1959 4788 2119 4842 mittit
2166 4802 2267 4840 una
2318 4780 2555 4841 immisso
2601 4787 2935 4840 chalcantho.
2982 4785 3055 4839 Ita
3082 4789 3220 4839 enim
3252 4790 3477 4857 emergit

268 4897 309 4947 ὁ
344 4886 609 4958 γραφεὶς
639 4881 862 4948 χάρτης.
891 4876 980 4944 Τῷ
1011 4876 1106 4943 μὲν
1134 4874 1196 4941 δὴ
1232 4873 1419 4939 παιδίῳ
1452 4872 1543 4925 καὶ
1579 4888 1776 4938 φανταα

1964 4890 2269 4944 responsum
2308 4875 2483 4929 ferens
2526 4876 2719 4942 scripta
2776 4879 2981 4928 charta.
3026 4874 3193 4927 Puero
3224 4876 3380 4943 igitur
3426 4890 3472 4929 et

1561 5003 1788 5055 VARIE
1826 5004 2217 5060 LECTIONES.

372 5129 433 5162 ⁸⁵
460 5119 853 5182 ἐπικαλοῦντες
882 5120 943 5174 C.
1035 5119 1081 5150 ⁸⁵
1096 5117 1384 5170 ἐπικαλεῖν.
1410 5116 1657 5182 ὲπιγελᾷν
1685 5117 1744 5174 C,
1767 5117 1833 5168 M.

278 5191 749 5265 ἀπορρήτους
838 5191 882 5219 ⁶⁰
912 5191 1123 5265 ἐνόμιζε
1152 5191 1213 5238 (λ.
1245 5191 1313 5262 M:
1386 5191 1425 5214 "
1453 5191 1567 5261 £in

275 5251 445 5323 ξῖνό
469 5251 581 5313 ’ὅσα
631 5256 774 5308 θέλει
798 5270 812 5284 ⁸
846 5251 1069 5323 κατηχεί
1110 5267 1169 5302 τε
1197 5252 1425 5323 ,πρῶτον
1453 5252 1589 5323 coni.
1621 5251 1688 5323 M_.

273 5316 529 5388 δοκεύει
557 5325 627 5377 Μ.
705 5325 750 5353 ⁸⁸
782 5323 945 5388 παρῇι
970 5316 1119 5388 EE3"”:
1142 5316 1447 5388 "iipéﬂfg'

1175 5119 1657 5198 ικαλεῖν..έπιγελᾷν
1682 5119 1744 5198 ρ.
2008 5119 2145 5198 άξιοῖ
2161 5120 2229 5172 Μ.
2292 5121 2346 5198 ⁸⁷.
2365 5120 2537 5198 αύτίῦν
2558 5120 2618 5198 C:

838 5188 882 5219 ⁶⁰
912 5187 1123 5254 ἐνόμιζε
1152 5186 1213 5238 C.
1245 5184 1313 5237 Μ.
1386 5185 1425 5214 ⁸¹
1453 5183 1651 5233 ἐκώλυε
1680 5184 1737 5240 C.
1773 5186 1841 5240 M.
1932 5188 1974 5218 ⁸³
2004 5187 2415 5254 ἑγκεγραμμένα
2452 5186 2513 5239 C.
2605 5188 2649 5218 ”
2680 5187 2775 5239 ἑκά

846 5257 1069 5307 κατηγεῖ
1110 5267 1169 5302 τε
1206 5252 1412 5307 πρῶτον
1453 5252 1589 5303 coni.
1621 5251 1688 5301 M.
1792 5255 1833 5283 ⁸⁸
1871 5254 1990 5307 ἡγεῖ
2019 5254 2073 5305 δὲ
2116 5256 2193 5306 τό.
2238 5255 2465 5307 ἠχοῦντα
2501 5255 2562 5307 C.
2647 5256 2689 5285 ⁶⁶
2724 5257 2775 5305 τὶ

1526 5254 1589 5303 ni.
1621 5254 1688 5301 M.
1792 5255 1833 5283 ⁸⁸
1871 5254 1990 5319 ἠχεῖ
2019 5254 2073 5305 δὲ
2116 5256 2193 5306 τό.
2238 5255 2465 5320 ἠχοῦντα
2501 5255 2562 5307 C.
2647 5256 2689 5285 ⁶⁶
2724 5257 2775 5305 τὶ
2817 5254 2888 5322 βνοε

1526 5319 1567 5347 θ’
1598 5317 1688 5367 καὶ
1716 5328 1837 5371 ante
1877 5322 2074 5373 ἁποσπ.
2120 5323 2237 5372 add.
2275 5322 2341 5373 M.
2416 5324 2460 5353 ὀ
2485 5323 2545 5372 Et
2569 5321 2643 5373 δέ.
2684 5322 2801 5372 οὐδὲ
2830 5322 2888 5373 C.

2720 5120 2765 5152 "
2794 5119 3161 5182 άπωλέσαντες
3184 5119 3241 5172 C.
3347 5120 3391 5150 "
3424 5120 3479 5169 ὲν

2605 5187 2911 5257 ⁶⁸Πὲκάτερα
2934 5188 3015 5257 ἑο.
3033 5256 3057 5257 7
3090 5188 3368 5257 ⁶⁵σημᾶναι
3400 5186 3477 5255 [ἂι

2817 5255 2985 5322 βομϐῇ
3021 5256 3081 5308 C.
3154 5256 3195 5284 "
3221 5255 3290 5315 ὡς
3319 5255 3475 5306 δοκεῖ.

2830 5322 2888 5373 C.
2963 5324 3002 5352 '“
3042 5323 3186 5377 ὅστις
3208 5324 3285 5374 ὅτι
3317 5327 3372 5374 (,2.
3409 5321 3476 5373 Μ.

273 5382 345 5434 ﬁ—
366 5382 693 5463 vvoptCstat.
730 5382 1141 5463 ovoghzee‘atuc,
1172 5382 1255 5463 ὼγ.
1268 5384 1535 5463 δοξάζεται
1571 5384 1772 5463 γράψαι
1793 5401 1932 5463 susp.
1962 5387 2027 5438 Μ.
2103 5388 2144 5463 ξξ
2166 5389 2487 5463 ύποτοπάζει
2514 5389 2626 5441 καί.
2650 5389 3008 5463 ύποπτάξεται
3038 5392 3096 5444 C.
3163 5391 3209 5421 "
3239 5391 3481 5463 ποικίλην

280 5450 638 5526 Βοεροτύε,
685 5450 925 5526 ποικίλον
966 5450 1122 5526 0,91.

276 5513 684 5581 Hibernis.
718 5522 1009 5583 ltoi‘perus,
1042 5513 1268 5567 ἀναπλεῖ
1295 5517 1354 5578 C,
1388 5513 1453 5569 ML

642 5612 910 5666 pATltOL.
954 5607 1066 5661 Gn.
1114 5602 1272 5659 XVI.

1214 5450 1268 5521 πμ
1284 5466 1335 5521 η
1366 5450 1661 5521 δεχόμενον,
1694 5450 2075 5521 έπιδεχόμενον
2106 5454 2167 5509 C.
2204 5454 2269 5506 Μ.

2352 5457 2398 5487 ’⁸
2435 5458 2507 5517 ὼς
2534 5485 2601 5496 -—
2632 5455 2851 5524 χάρτην.
2906 5459 3148 5528 ἀγράφου
3196 5459 3390 5527 χάρτου
3416 5457 3477 5510 C.

3102 5615 3171 5672 98
