3818 6394
182 370 322 464 3W
363 368 369 371 .

1387 412 1677 475 CONTRA
1711 413 2064 474 HERESES
2099 419 2240 479 LIB.
2284 421 2379 477 IV.

3308 423 3443 486 3100

208 480 471 589 ιπύικῇς
505 499 825 589 metatura!
867 512 1046 579 γύψου
1078 514 1133 564 δὲ
1164 513 1317 576 ἄνθος
1343 516 1458 582 μεθ’
1488 517 1671 578 ὓδατος
1697 518 1815 568 διει-

1927 534 2060 584 aqua
2092 522 2392 587 percolatus
2413 531 2465 575 ct
2485 522 2713 589 gummi;
2749 522 2848 575 hoc
2875 536 2998 575 vero
3024 521 3183 575 etiam
3210 524 3275 575 ad
3303 526 3448 577 obsi-

240 591 379 657 μὲνον
399 576 446 672 ’ξ
483 584 589 636 καὶ
630 588 924 661 κόμμεως
944 576 1009 662 ίί,
1048 601 1200 652 τοῦτο
1248 576 1435 670 μὲν-δὴ
1477 605 1570 655 καὶ
1602 576 1734 672 πρὸς
1760 605 1820 655 τὸ

246 670 540 742 σφριγῖσαι
591 678 869 743 μόλιϐδον
918 688 1177 755 τετηκότα
1211 691 1352 740 ποιεῖ
1390 670 1667 742 κάλλιστα.
1714 692 1820 742 Καὶ

255 764 309 815 τὶ)
329 759 373 789 ⁵⁸
412 759 500 811 διὰ
540 765 641 816 τοῦ
684 768 1047 841 Τυρρηνικοῦ
1081 775 1134 826 δὲ
1164 776 1331 844 κηροῦ
1364 779 1453 829 καὶ
1481 778 1699 847 ῥητίνης
1728 795 1819 846 φο-

258 850 462 919 ρυκτῆς
487 850 531 882 ⁵³
560 854 661 906 καὶ
677 856 726 891 ⁸⁵
758 860 967 930 πίσσης
990 863 1080 915 καὶ
1106 864 1371 930 ἀσφάλτου
1400 863 1532 934 [καὶ]
1559 866 1819 934 μαστίχης

254 941 345 992 καὶ
378 940 536 1001 λείας
568 947 873 1015 μαρμάρου
894 989 909 1013 ,
944 951 1071 1002 ῐσων
1098 952 1345 1003 ἁπάντων
1379 952 1680 1020 ἑψομένων,
1713 954 1819 1006 τῶν

252 1031 357 1096 μὲν
405 1032 582 1083 ἄλλων
617 1028 691 1083 ὧν
722 1035 863 1103 ἔφην
904 1038 1018 1087 ἐστὶ
1057 1038 1153 1104 μὲν
1192 1038 1411 1105 βέλτιον,
1448 1040 1502 1091 τὸ
1528 1042 1582 1092 δὲ
1611 1041 1696 1092 διὰ
1720 1041 1818 1107 τῆς

248 1117 443 1185 γύψου
474 1120 579 1172 οὒκ
629 1120 873 1175 ἔλαττον.
911 1123 1090 1186 Οὕτως
1126 1125 1221 1192 μὲν
1268 1123 1357 1178 οὖν
1387 1129 1478 1178 καὶ
1522 1128 1619 1188 τάς
1656 1144 1818 1195 σφρα-

245 1205 418 1271 γῖδας
448 1206 600 1259 λύειν
627 1209 964 1277 ἐπιχειροῦσι
991 1212 1058 1262 τά
1082 1211 1226 1263 ἔνδον
1251 1215 1602 1281 γεγραμμένα
1626 1216 1819 1283 μανθά-

244 1308 366 1344 νειν
418 1295 781 1363 πειρώμενοι.
817 1298 1027 1359 Ταύτας
1056 1300 1110 1350 δὲ
1134 1301 1178 1331 ⁸⁸
1210 1300 1409 1353 ὤκνουν
1444 1302 1539 1364 τὰς
1576 1303 1818 1371 μηχανάς

244 1382 573 1447 κατατάξαι
604 1386 661 1435 ὲν
692 1388 759 1453 τῇ
791 1385 976 1454 βίϐλῳ,
1009 1388 1205 1456 ἐνορῶν
1234 1391 1306 1457 μὴ
1334 1392 1459 1441 ποτέ
1485 1408 1565 1452 τις
1592 1391 1818 1462 κακοῢρ⁴

242 1485 347 1534 τος
401 1472 669 1539 ἀφορμάς
717 1473 896 1526 λαϐὼν
937 1478 1297 1545 ἐπιχειρήσει·
1334 1477 1425 1528 νῦν
1457 1478 1569 1546 δὲή
1612 1478 1816 1531 πολλῶν

241 1556 585 1623 δυναμένων
620 1559 861 1625 σωθῆναι
890 1561 1023 1612 νέων
1050 1564 1264 1629 φροντὶς
1297 1562 1473 1614 ἔπεισε
1501 1563 1700 1626 διδάξαι
1724 1565 1837 1616 καὶ.

242 1645 554 1708 προειπεῖν
594 1645 841 1711 φυλακῆς
897 1646 1117 1697 ἕνεκενο
1171 1647 1245 1710 ὡς
1290 1649 1393 1718 γὰρ
1436 1651 1692 1719 χρήσεταί
1734 1667 1816 1711 τις

242 1730 456 1790 αὑταῖς
488 1732 628 1799 πρὸς
657 1732 827 1783 κακοῦ
859 1733 1109 1802 μάθησιν,
1144 1734 1282 1786 οὕτω
1312 1752 1390 1795 τις
1417 1735 1597 1803 ἕτερος
1633 1734 1814 1803 μαθὼν

1923 608 2184 672 gnandum
2221 609 2491 675 plumbum
2522 608 2860 676 liquefactum
2889 615 3100 675 pra:th
3134 608 3352 677 Optime.
3382 610 3447 664 Et

1923 693 1972 745 id
2004 695 2139 760 quod
2170 694 2226 747 ﬁt
2252 709 2344 762 per
2375 695 2598 748 Tuscam
2626 710 2750 748 vero
2772 709 2947 748 ceram
2968 702 3022 747 et
3045 696 3329 749 admistam
3355 708 3445 748 re-

1922 781 2091 834 sinam
2119 791 2172 834 et
2218 782 2385 848 picem
2411 792 2464 835 et
2511 781 2803 848 aspbaltum
2840 790 2893 835 et
2932 780 3229 833 masticben
3251 789 3305 833 et
3335 780 3439 835 mi-

1923 879 2104 921 nutum
2149 885 2402 933 marmor,
2429 884 2549 923 cum
2581 884 2647 923 ex
2699 868 2811 936 pari
2849 868 3090 935 portione
3126 868 3300 921 omnia
3338 881 3445 922 co-

1921 966 2173 1023 quuntur,
2208 958 2427 1026 reliquis
2467 959 2711 1011 omnibus
2766 970 2882 1024 quae
2925 956 3164 1008 dicebam
3215 954 3447 1009 medica-

1922 1046 2112 1097 mentis
2158 1052 2396 1112 prtestat,
2428 1038 2706 1112 gypsinum
2754 1049 2928 1095 autem
2960 1055 3064 1094 non
3122 1040 3315 1094 minus.
3350 1039 3443 1095 Sic

1922 1131 2079 1197 igitur
2099 1138 2154 1183 et
2192 1129 2360 1198 sigilla
2399 1131 2604 1183 solvere
2632 1131 2913 1191 intentant,
2937 1141 3053 1195 quat
3079 1127 3219 1180 intus
3239 1126 3440 1192 scripta

1920 1218 2272 1271 suntdiscere
2332 1226 2564 1271 aventes.
2620 1217 2725 1271 Has
2769 1226 2944 1271 autem
2989 1215 3296 1269 dubitabam
3329 1227 3447 1267 ma-

1920 1306 2102 1359 chinas
2145 1306 2380 1360 inserere
2416 1306 2467 1358 in
2508 1306 2648 1359 hunc
2698 1305 2908 1370 librum,
2954 1317 3147 1358 cavens
3184 1317 3255 1357 ne
3305 1301 3475 1356 forte

1920 1395 2037 1459 quis
2082 1393 2350 1447 maleﬁcus
2397 1395 2509 1447 haec
2572 1393 2913 1461 arriperetet.
2964 1389 3458 1458 usurparet.NuncA

1919 1491 2091 1534 autem
2118 1482 2401 1549 reputanti,
2436 1489 2565 1549 quot
2590 1481 2811 1547 juvenes
2853 1480 2937 1533 his
2988 1478 3212 1547 proditis
3238 1475 3445 1531 servari
3528 1496 3529 1499 η

1920 1580 2156 1636 possent,
2188 1571 2464 1623 consilium
2517 1570 2617 1622 fuit
2676 1570 2868 1623 docere
2905 1576 2959 1621 et
2991 1567 3230 1633 prodere,
3261 1573 3319 1616 ut
3348 1577 3443 1617 ca-

1917 1668 2150 1710 veretur.
2177 1657 2249 1711 Ut
2283 1658 2421 1710 enim
2467 1656 2743 1722 usurpabit
2774 1653 3038 1722 quispiam
3067 1652 3132 1703 ad
3180 1649 3442 1716 cognitio-

1920 1760 2037 1798 nem
2084 1744 2227 1808 mali,
2273 1745 2344 1797 ita
2393 1744 2529 1798 alius
2562 1744 2681 1811 quis
2709 1742 2797 1796 ubi
2849 1739 3094 1795 didicerit
3131 1737 3361 1798 cavebit,
3388 1745 3444 1790 et

243 1812 585 1876 φυλάξεται,
625 1817 719 1866 καὶ
750 1817 902 1868 αὐτοὶ
932 1818 987 1868 δὲ
1019 1818 1068 1868 oi
1097 1818 1186 1869 τοῦ
1210 1818 1323 1887 βίου
1359 1819 1625 1887 λυμεῶνες
1658 1823 1815 1889 μάγοι

1919 1831 2059 1897 ipsos
2080 1843 2203 1883 vero
2224 1830 2344 1882 vitae
2366 1830 2739 1895 depravatores
2762 1842 2941 1895 magos
2956 1825 3176 1893 pudebit
3201 1832 3314 1875 arte
3340 1837 3438 1876 sua

243 1901 719 1969 αἰσχυνθήσονται
743 1908 807 1972 τῇ
839 1906 1000 1975 τέχνῃ
1033 1906 1316 1974 χρώμενοι.
1349 1909 1621 1969 Μαθόντες
1647 1909 1701 1959 δὲ
1724 1911 1815 1977 ἀφ’

242 1991 423 2057 ἡμῶν
455 1992 631 2043 ταῦτα
663 1993 1126 2065 προ[διδαχθέντα]
1144 1997 1188 2027 ⁸⁸
1217 1997 1688 2066 ὲμποδισθήσονται
1720 2015 1813 2050 τυ-

242 2079 349 2145 χὸν
410 2079 511 2145 τῆς
563 2081 841 2141 ἀπονοίας.
893 2081 1007 2133 Ἵνα
1060 2082 1115 2133 δὲ
1158 2083 1230 2151 μὴ
1278 2083 1467 2151 λύηται
1502 2084 1729 2154 ταύτῃσι]
1781 2086 1813 2153 ἡ

247 2167 507 2236 σφραγὶς
526 2207 541 2231 ,
580 2168 748 2238 στέαρ
777 2168 919 2222 ὕειον
942 2170 1034 2222 καὶ
1060 2171 1246 2239 τοίχας
1269 2172 1346 2240 τῷ
1369 2172 1520 2241 κηρῷ
1546 2189 1630 2234 τις
1661 2172 1814 2241 μίξας

248 2257 643 2323 σφραγιζέτω.

321 2345 434 2396 λε’.
492 2344 633 2396 Ἀλλ’
671 2346 791 2397 οὐδὲ
830 2345 928 2414 τὴν
970 2345 1419 2415 λεκανομαντείαν
1446 2349 1623 2401 αὐτῶν
1654 2346 1815 2402 οὖσαν

249 2431 635 2501 πανούργημα
667 2436 1030 2503 σιωπήσομαι.
1061 2436 1275 2503 Οῖκημα
1304 2437 1408 2505 γάρ
1428 2454 1479 2489 τι
1504 2438 1815 2505 κεκλεισμέ-

246 2537 341 2573 νον
386 2523 762 2583 σκευάσαντες
802 2523 894 2573 καὶ
940 2521 1016 2591 [ρ.
1063 2523 1292 2592 71-75]
1329 2523 1515 2590 κυανῷ
1562 2523 1653 2574 τὸν
1698 2525 1815 2592 δρο-

247 2626 352 2674 «ρον
375 2610 426 2640 ⁸⁸
456 2610 746 2677 χρίσαντες
776 2611 854 2671 είς
884 2610 946 2678 δὴ
981 2612 1023 2641 ⁸⁸
1060 2610 1121 2662 τὸ
1148 2610 1316 2678 παρὸν
1337 2611 1621 2675 ἐπάγονται
1651 2611 1811 2677 σκεύη

247 2697 379 2748 τινὰ
419 2699 623 2749 κυάνεα
664 2699 758 2749 καὶ
794 2697 1164 2758 ἀνατείνουσι,
1197 2698 1334 2765 μέση
1363 2697 1418 2748 δὲ
1455 2698 1646 2765 λεκάνη
1677 2698 1814 2749 κατά

249 2787 356 2849 τῆς
394 2784 502 2849 γῆς
534 2782 726 2844 ὓδατος
753 2785 921 2853 μεστὴ
942 2783 986 2813 "°
1018 2783 1240 2848 τίθεται,
1267 2785 1300 2851 ἣ
1331 2783 1340 2851 |
1370 2782 1465 2853 τὴν
1494 2785 1816 2836 ἀντανάκλα·

253 2887 339 2920 σιν
374 2870 481 2934 τῆς
524 2870 725 2922 κυανοῦ
762 2869 1173 2937 προσπεσοῦσαν
1213 2870 1365 2936 δίκην
1400 2870 1623 2938 ούρανοῦ
1654 2870 1814 2921 ἐνδεί-

252 2973 476 3009 κνυσιν.
514 2958 671 3023 Ἔχει
705 2957 761 3007 δὲ
797 2959 891 3009 καὶ
926 2957 1144 3025 στόμιόν
1168 2975 1220 3008 τι
1251 2958 1310 3009 τὸ
1342 2958 1531 3025 ἔδαφος
1561 2958 1809 3025 λεληθὸς,

250 3042 294 3111 ᾧ
314 3047 655 3113 ἐπικειμένη
682 3048 714 3113 ἡ
741 3046 937 3113 λεκάνη
977 3046 1065 3095 τὸν
1102 3046 1195 3115 μὲν
1222 3046 1463 3109 πυθμένα
1488 3046 1599 3113 ἔχει
1632 3046 1810 3109 ὑάλου,

252 3134 400 3202 αὐτὴ
429 3134 487 3185 δέ
515 3136 634 3185 ὲστι
666 3134 890 3201 πετρίνη
910 3135 984 3193 ⁷⁸,
1017 3132 1260 3184 ὕπεστι⁷¹
1291 3133 1345 3185 δὲ
1378 3129 1518 3194 οἶκος
1548 3133 1778 3200 λεληθὼς
1800 3174 1815 3199 ,

252 3226 331 3284 είς
364 3224 429 3274 ὃν
453 3220 923 3290 συμπορευόμενοι
944 3222 993 3272 oi
1021 3223 1352 3288 συμπαῖκται
1381 3222 1629 3288 σχήματα
1658 3214 1730 3273 ὧν
1755 3220 1819 3273 άν

255 3305 525 3373 βούληται
559 3304 833 3356 δεικνύναι
857 3306 885 3356 ό
918 3305 1086 3372 μάγος
1113 3304 1246 3355 θεῶν
1270 3305 1362 3357 καὶ
1381 3305 1642 3372 δαιμόνων
1670 3306 1818 3357 ἐνδυ-

257 3394 492 3461 σάμενοι
520 3391 878 3459 ἐμφαίνουσιν
897 3429 913 3451 ,
945 3390 1039 3452 οὒς
1068 3389 1314 3458 καθορῶν
1343 3390 1370 3440 ὁ
1397 3388 1735 3457 πλανώμενος
1760 3389 1819 3441 τὸ

254 3481 641 3549 πανούργημα
678 3480 1066 3545 καταπέπληγε
1105 3478 1211 3529 τῶν
1266 3478 1483 3547 μάγων,
1513 3478 1604 3529 καὶ
1639 3478 1819 3529 λοιπὸν

256 3571 445 3622 πάντα
487 3560 737 3625 πιστεύει
765 3568 834 3619 τὰ
871 3567 963 3619 ὑπ’
988 3566 1151 3619 αὐτοῦ
1186 3566 1544 3636 ῥηθησόμενα.
1586 3567 1821 3634 Δαίμονα

253 3658 311 3709 δὲ
338 3659 487 3708 ποιεῖ
521 3656 793 3717 καίεσθαι,
814 3656 871 3706 ὲν
898 3655 1058 3723 τοίχῳ
1081 3653 1420 3714 διατυπώσας
1445 3653 1625 3722 σχῆμα
1642 3654 1671 3705 ὃ
1696 3654 1817 3721 βού-

254 3745 437 3808 λεται,
470 3739 594 3794 εἶτα
626 3741 898 3816 λαθραίως
932 3741 1163 3810 ὲπιχρίει
1194 3740 1463 3809 φαρμάκῳ
1503 3740 1821 3809 μεμιγμένῳ

253 3830 397 3898 τῷδε
431 3830 512 3897 τῷ
554 3829 742 3898 τρόπῳ
766 3844 781 3858 °
807 3865 824 3880 .
851 3864 866 3881 .
892 3868 909 3883 .
935 3863 950 3880 .
981 3866 995 3881 .
1028 3826 1325 3894 Λακωνικῷ
1347 3827 1396 3857 ⁷⁸
1430 3827 1523 3877 καὶ
1567 3826 1817 3895 ἀσφάλτῳ

257 3918 566 3985 Ζακυνθίᾳ,
599 3912 716 3968 εἶτα
743 3917 817 3978 ὡς
845 3914 1216 3981 ἀποφοιᾶίζων
1248 3914 1344 3984 τὴν
1370 3914 1619 3981 λαμπάδα
1652 3931 1816 3983 προσο

257 4009 420 4077 φέρει
462 4007 541 4075 τῷ
576 4007 758 4074 τοίχῳ.
800 4005 870 4055 Τὸ
908 4005 965 4056 δὲ
1017 4004 1300 4071 φάρμακον
1342 4002 1619 4070 ἐκλάμψαι)
1666 4004 1814 4055 καίε-

255 4114 375 4150 ται.
416 4097 654 4164 Ἑκάτην
685 4096 741 4147 δὲ
770 4094 945 4146 δοκεῖν
977 4094 1216 4161 ἔμπυρον
1248 4092 1550 4159 διατρέχειν
1599 4093 1656 4143 ὲν
1696 4093 1814 4161 ἀέρι

256 4181 407 4234 οὕτω
439 4182 796 4250 τεχνάζεται·
831 4179 1175 4249 συμπαίκτην
1212 4177 1331 4228 τινά
1355 4176 1561 4245 κρύψας
1588 4179 1643 4229 ἐν
1670 4179 1814 4246 τόπῳ

255 4265 304 4336 ᾧ
356 4271 642 4337 βούλεται,
685 4268 1010 4338 παραλαϐὼν
1057 4266 1179 4327 τοὺς
1219 4265 1595 4333 πλανωμένους
1641 4266 1813 4317 πείθει

258 4360 439 4426 λέγων
469 4358 661 4442 δείξειν
692 4357 1076 4410 διιππεύουσαν
1101 4355 1144 4384 ⁷⁵
1174 4355 1240 4406 δι’
1276 4355 1431 4423 ἀέρος
1452 4354 1688 4423 ἔμπυρον
1718 4354 1812 4422 τὴν
1844 4390 1887 4442 D

257 4446 514 4515 δαίμονα,
570 4441 649 4508 οἷς
682 4444 1045 4513 παραγγέλλει
1077 4442 1174 4503 τὰς
1205 4442 1352 4508 δψεις
1384 4442 1516 4509 ταχὺ
1552 4442 1812 4507 φυλάσσε-

261 4531 392 4583 σθαι
419 4531 586 4600 ήνίκα
613 4531 794 4582 ἴδωσιν
817 4532 874 4580 ὲν
903 4529 1023 4599 ἀέρι
1061 4528 1158 4593 τὴν
1190 4526 1387 4594 φλόγα,
1414 4525 1815 4592 καλυψαμένους

259 4635 324 4671 τε
374 4621 466 4674 ἐπὶ
501 4618 792 4686 πρόσωπον
831 4617 1087 4679 πίπτειν,
1138 4616 1241 4676 ἕως
1277 4613 1434 4675 αὐτὸς
1465 4613 1598 4682 καλῇ
1619 4615 1696 4675 ⁷⁸,
1725 4616 1816 4667 xui.

259 4710 437 4760 ταῦτα
482 4708 699 4770 διδάξας
757 4709 816 4760 ὲν
869 4705 1111 4773 ἀσελήνῳ
1148 4703 1300 4756 νυκτὶ
1351 4701 1416 4754 δι’
1455 4701 1599 4753 ἐπῶν
1648 4699 1815 4763 οὕτως

261 4797 562 4863 φθέγγεται
579 4811 592 4824 ·

298 4967 579 5033 Νερτερίη
603 4965 811 5032 χθονιή
837 4979 899 5015 τε
921 4962 1019 5014 καὶ
1057 4959 1469 5036 οἰιρίξνίηιμολὲ
1506 4959 1706 5027 Βομσὼ
1720 4960 1786 5024 ⁷⁸,

1919 1918 2014 1970 uti.
2057 1918 2156 1972 Ubi
2190 1926 2364 1969 autem
2412 1915 2695 1968 didicerint
2746 1915 2857 1967 haec
2905 1929 2935 1966 a
2982 1912 3136 1966 nobis
3194 1924 3445 1979 premor:-

1918 2012 2105 2068 SIrata,
2135 2003 2358 2056 fortasse
2385 2003 2800 2069 prohibebuutur
2843 2014 2872 2053 a
2910 1999 3173 2054 dementia
3221 2014 3335 2051 sua.
3365 1998 3443 2051 Dte

1915 2105 2043 2143 vero
2072 2090 2305 2143 solvatur
2330 2090 2427 2142 hac
2457 2089 2660 2141 ratione
2687 2088 2937 2155 sigillum,
2979 2086 3185 2154 adipem
3222 2085 3435 2138 suillum

1917 2187 1972 2231 et
1994 2178 2169 2230 crines
2204 2191 2339 2231 cerae
2363 2176 2659 2230 admiscens
2688 2176 2953 2243 obsignet.

1985 2336 2074 2391 55.
2105 2335 2209 2390 Sed
2236 2347 2302 2388 ne
2324 2333 2757 2388 vaticinationem
2806 2332 3042 2400 quidem,
3082 2345 3199 2399 qua
3242 2330 3301 2382 ﬁt
3346 2343 3451 2397 per.

1918 2424 2126 2492 pelvim,
2151 2436 2270 2489 quae
2298 2431 2382 2475 est
2421 2435 2485 2474 ex
2518 2420 2793 2483 fraudibus
2819 2432 3025 2480 eorum,
3078 2418 3267 2472 silebo.
3300 2416 3439 2471 Con-

1917 2506 2063 2559 clave
2114 2505 2253 2558 enim
2312 2504 2548 2557 clausum
2613 2502 2949 2570 102-103
3002 2501 3324 2554 instruentes
3386 2509 3441 2555 et

1916 2606 2083 2658 cyano
2114 2590 2682 2657 Iacunarinungentes,
2709 2589 2760 2641 in
2798 2596 3107 2655 praesentem
3147 2602 3297 2640 usum
3345 2588 3441 2639 ad-

1918 2684 2129 2727 movent
2149 2674 2249 2727 sibi
2277 2675 2627 2727 instrumenta
2653 2672 2890 2740 quaedam
2941 2685 3138 2741 cyanea
3164 2681 3217 2724 et
3241 2671 3439 2723 sustol-r

1917 2761 2050 2823 lunt,
2075 2762 2245 2813 media
2297 2770 2473 2813 autem
2498 2758 2664 2826 pelvis
2706 2759 2857 2827 plena
2897 2773 3047 2826 aqua:
3079 2758 3359 2826 deponitur
3386 2757 3439 2810 in

1920 2854 2081 2909 terra,
2134 2859 2249 2912 quae
2306 2846 2643 2897 reﬂexionem
2691 2845 2845 2912 cyani
2903 2845 3223 2897 incidentem
3269 2845 3477 2910 instar_

1917 2931 2034 2983 caeli
2071 2932 2260 2983 reddit.
2296 2930 2465 2983 Habet
2507 2941 2683 2982 autem
2711 2931 2869 2982 etiam
2917 2940 3218 2997 aperturam
3250 2945 3442 2998 quam~
3506 2972 3509 2975 .

1917 3017 2035 3068 datu
2059 3017 2306 3068 latentem
2343 3015 2721 3082 pavimentum,
2749 3014 2835 3067 cui
2861 3015 3101 3081 imposita
3129 3016 3296 3083 pelvis
3322 3016 3442 3069 Iun-

1843 3104 1885 3157 C
1917 3106 2038 3157 dum
2078 3105 2236 3158 habet
2262 3104 2406 3166 vitri,
2435 3104 2556 3155 dum
2614 3103 2724 3169 ipsa
2757 3112 2838 3155 est
2868 3102 3102 3169 lapidea;
3150 3106 3328 3156 subest
3347 3118 3443 3156 au-

1920 3204 2022 3245 tem
2049 3190 2297 3244 conclave
2342 3191 2680 3253 delitescens,
2713 3190 2765 3243 in
2809 3192 2947 3257 quod
2992 3191 3301 3258 congregati
3335 3191 3444 3243 coi-

1916 3280 2122 3333 iusores
2144 3279 2338 3346 ﬁguras
2364 3294 2588 3348 quorum
2614 3279 2753 3333 volet
2794 3281 3072 3339 ostendere
3105 3294 3287 3346 magus
3319 3280 3444 3333 deo-

1916 3383 2031 3421 rum
2063 3370 2462 3434 daemonumque
2512 3366 2678 3419 induti
2722 3366 3026 3432 ostendunt,
3060 3368 3253 3434 quibus
3300 3381 3444 3421 con-

1916 3458 2110 3525 spectis
2135 3457 2201 3516 is,
2230 3457 2316 3508 cui
2360 3456 2669 3524 imponitur,
2702 3458 2768 3509 ad
2813 3455 3024 3509 fraudes
3048 3472 3319 3524 magorum
3349 3457 3443 3510 ob-

1914 3543 2125 3610 stupeﬁt
2150 3552 2202 3594 et
2230 3542 2423 3594 deinde
2445 3543 2690 3594 omnibus
2709 3540 2863 3594 ﬁdem
2888 3543 3066 3603 habet,
3098 3556 3218 3605 quae
3249 3542 3317 3593 ab
3350 3541 3442 3594 illo

1916 3632 2175 3683 dicentur.
2232 3628 2540 3682 Daemonem
2575 3641 2751 3681 autem
2803 3628 2933 3680 facit
2965 3627 3188 3695 ﬂagrare
3219 3627 3349 3695 igni,
3385 3628 3439 3681 in

1916 3719 2115 3786 pariete
2146 3716 2414 3770 delineans
2445 3716 2677 3782 speciem
2703 3728 2857 3781 quam
2889 3713 3047 3776 volet,
3085 3714 3273 3767 deinde
3306 3714 3449 3767 clam

1915 3806 2120 3871 inungit
2157 3805 2538 3856 medicamento
2588 3803 2743 3855 misto
2783 3804 2833 3854 in
2860 3801 3002 3854 hunc
3032 3803 3313 3855 modum...
3335 3801 3440 3853 La-

1915 3893 2100 3945 conico
2124 3900 2176 3943 et
2199 3891 2440 3959 asphalto
2464 3890 2751 3960 Zacynthia
2774 3906 2790 3952 ;
2830 3889 3018 3943 deinde
3050 3898 3298 3957 tanquam
3321 3890 3438 3943 illu-

1914 3990 2091 4032 strans
2133 3978 2380 4031 admovet
2435 3977 2600 4030 facem
2637 3975 2843 4042 parieti,
2886 3975 3324 4029 medicamentum
3353 3991 3442 4029 au-

1917 4075 2019 4117 tem
2049 4064 2299 4131 eﬁ'ulgens
2324 4065 2641 4117 incenditur.
2662 4062 2858 4114 Hecate
2891 4071 3065 4113 autem
3103 4072 3160 4115 ut
3193 4063 3435 4115 videatur

1914 4153 2072 4221 ignita
2111 4167 2420 4220 percurrere
2446 4166 2622 4205 aerem
2662 4153 2764 4207 hoc
2808 4153 3032 4206 artiﬁcio
3082 4152 3385 4217 assequitur
3421 4167 3463 4202 :‘

1914 4241 2239 4296 Collusorem
2278 4242 2503 4309 aliquem
2557 4256 2676 4295 cum
2719 4241 3051 4296 abscondidit
3081 4240 3134 4293 in
3164 4240 3303 4303 loco,
3335 4255 3443 4308 quo

1914 4330 2086 4394 libuit,
2148 4340 2332 4385 nactus
2389 4330 2579 4398 quibus
2641 4330 2875 4399 imponat
2922 4330 3125 4383 inducit
3173 4329 3442 4397 professus

1916 4432 2031 4469 sese
2060 4428 2472 4471 monstraturum
2520 4406 2845 4486 equitantem
2876 4435 2971 4487 per
3002 4433 3178 4474 aerem
3220 4418 3439 4485 ignitam

1918 4505 2227 4566 daemonem,
2270 4519 2404 4572 quos
2454 4505 2761 4557 cohortatur
2809 4508 2875 4558 ad
2924 4507 3104 4558 oculos
3159 4503 3440 4557 confestim

1918 4591 2308 4653 custodiendos,
2336 4592 2456 4642 dum
2483 4600 2705 4643 cernant
2725 4592 2777 4642 in
2800 4605 2923 4643 aere
2947 4594 3234 4652 ﬂammam,
3281 4599 3443 4656 utque

1917 4676 2165 4729 obvoluto
2200 4676 2342 4728 vultu
2374 4677 2425 4728 in
2451 4690 2512 4730 os
2542 4676 2907 4743 procuntbant,
2940 4677 3105 4730 donec
3130 4676 3242 4744 ipse
3269 4682 3438 4737 vocet,

1916 4773 1972 4818 et
2029 4765 2142 4818 haec
2182 4777 2455 4833 postquam
2498 4764 2729 4829 edocuit,
2781 4764 3100 4818 in‘obscura
3150 4769 3302 4816 nocte
3351 4775 3443 4828 per

1915 4866 2100 4907 versus
2140 4852 2209 4906 ita
2241 4854 2383 4906 fatur
2410 4869 2424 4905 :

1916 4957 2198 5027 Infernalis
2228 4969 2521 5027 terrenaque
2551 4961 2863 5024 cruciatis,
2894 4960 3022 5020 veni,
3051 4958 3263 5019 Bombo,
3290 5005 3295 5010 .

1528 5109 1755 5161 VARIA‘I
1792 5108 2185 5163 LECTIUNES.

338 5212 378 5239 ‘°
403 5209 681 5284 §l£tp_.‘.-'_VO:J-
706 5208 763 5260 C.
811 5273 828 5284 Α
846 5205 900 5284 ⁸ος.
916 5204 1189 5284 κόμμεεξς.
1216 5202 1480 5284 ’κόμμεως
1507 5189 1580 5261 ὼξ
1612 5200 1774 5284 (λιι.
1848 5202 1893 5233 ⁸²
1911 5200 2115 5284 Ebro-tu.
2241 5200 2349 5284 M.n
2380 5199 2730 5284 “‘(pgpyxaﬁlc.
2764 5198 2995 5267 φρικτῆς
3015 5196 3077 5261 C,
3100 5196 3339 5264 φρυκτῆς

268 5276 317 5305 ⁸⁸
340 5278 425 5328 καὶ
480 5266 600 5326 add.
636 5274 705 5326 Μ.
783 5273 828 5304 ’⁸
858 5266 1072 5351 Ταύτας
1095 5267 1138 5316 δ’
1178 5270 1277 5321 οὐκ
1298 5266 1373 5351 ἂν
1400 5298 1467 5351 τ-
1491 5268 1847 5351 κατατάξαιεν
1872 5270 1939 5351 τῇ
1979 5268 2140 5351 regis.
2305 5269 2349 5299 “
2366 5266 2815 5351 μφδξδαχθένται⁷
2838 5282 2942 5334 προ

268 5344 590 5410 προδοθέντα
639 5338 1118 5410 ε.ῗπροενεχθὲντα
1158 5349 1201 5410 _s.
1242 5334 1649 5410 προδηλωθέντα
1689 5352 1835 5410 susp.
1872 5330 1939 5386 Μ’.
1979 5330 2059 5410 ’.⁸⁷
2090 5330 2278 5410 ταύτῃ.
2325 5330 2461 5410 αὕτη
2491 5330 2721 5410 Quid.“
2759 5335 2801 5410 f3
2830 5330 3099 5410 κυανωτδν
3142 5330 3332 5410 ὄροφον
3376 5332 3437 5410 (ζ.

271 5398 326 5439 ⁶⁹’
348 5411 427 5476 δή.
462 5411 517 5462 δὲ
563 5409 624 5471 C,
660 5408 729 5460 Μ.
764 5398 776 5410 ’
804 5408 853 5476 ΪῩ
1110 5400 1243 5476 μέση
1268 5398 1328 5456 C.
1371 5398 1661 5476 "96:15.:
1692 5398 2046 5476 ecrijcprlvij;
2073 5398 2546 5476 (Livianae-51:0.
2569 5400 2721 5476 M."”
2741 5401 2885 5476 tante
2913 5398 3207 5476 ᾼακωνικῷ
3241 5398 3441 5476 aliquot

268 5472 519 5531 venabula
563 5478 763 5531 omissa
799 5472 868 5524 Μ.

947 5471 993 5499 ⁷⁵
1022 5466 1402 5540 διεσπεύουσαν
1423 5470 1483 5521 (3.
1549 5469 1593 5499 ⁷⁵
1631 5472 1782 5540 καλεῖ
1804 5466 1897 5523 Cf
1942 5473 1984 5503 7‘
2011 5466 2202 5524 Βαυϐὼ
2247 5488 2392 5540 susp.
2422 5466 2490 5531 Μ,
2523 5469 2707 5538 ῥόμ6ῳ
2739 5466 2991 5537 Bergkius
3029 5468 3096 5521 Ρ.
3112 5466 3259 5535 lyp.
3290 5466 3439 5528 i059,
3469 5519 3472 5523 ,

267 5543 356 5609 qui
393 5547 490 5600 hoc
522 5560 740 5601 carttteu
781 5540 1038 5606 cpinatur
1062 5534 1340 5590 Theocrito
1360 5539 1626 5590 obversari
1659 5538 1718 5600 ll,
1752 5540 1832 5590 15.
