3818 6382
212 379 340 446 3103

1319 396 1607 456 CONTRA
1642 402 1995 460 HJERESES
2035 406 2172 460 LIB.
2217 406 2308 462 IV.

3239 408 3400 468 31οί

216 493 272 543 ἐκ
297 491 393 558 τῆς
421 492 634 560 χύτρας
663 495 748 556 είς
777 496 864 547 τὸν
893 499 1081 567 δροφον
1125 503 1214 552 καὶ
1250 505 1526 573 παρέχει⁹⁶
1560 502 1743 573 φάντα·

1854 511 2040 563 similis
2066 513 2115 563 in
2162 511 2394 563 lacunari
2432 516 2676 575 appareat
2707 507 2926 573 species.

217 579 326 630 σίαν
354 579 588 646 σελήνης
605 584 724 643 τοῖς
745 584 794 614 ’⁸
827 586 1109 653 παροῦσιν,
1141 591 1624 656 ἐπισκεπασθέντος
1653 596 1744 646 τοῦ
1785 597 2045 663 στόματος
2070 597 2169 664 τῆς
2186 597 2380 664 χύτρας
2411 595 2543 662 πρὸς
2570 592 2608 645 δ’
2642 595 2885 646 ἀπαιτεῖν
2913 594 2940 644 δ
2999 603 3182 663 καιρός
3211 595 3372 655 δοκεῖ,

217 665 286 727 ὡς
330 667 584 736 μηνοειδῆ
654 669 965 724 δείκνυσθαι
999 677 1053 726 ἐν
1089 677 1165 745 τῷ
1193 679 1371 748 ὀρόφῳ
1419 681 1514 747 τὴν
1560 685 1873 748 φαντασίαν.

281 752 354 823 [ρ.
384 753 616 824 75—76]
639 755 749 824 λη’.
787 758 1043 828 ’Δστέρας
1065 763 1120 814 δὲ
1165 760 1297 816 εἶναι
1334 767 1503 818 δοκεῖν
1547 769 1752 820 ποιοῦσι

217 839 434 908 θρισσῶν
450 840 483 908 ἢ
514 841 792 912 ίππούρου
807 846 848 876 ⁵⁷
873 847 1076 913 φολίδες
1101 849 1248 902 ὕδατι
1270 852 1402 920 μετά
1426 855 1677 921 κόμμεως
1698 855 1743 886 ⁸⁸

213 927 512 996 δεδευμέναι
555 930 654 982 καὶ
700 937 1218 1004 προσπεπλασμέναι
1269 939 1344 1008 τῷ
1387 942 1564 1010 ὀρόφῳ
1603 943 1740 995 κατά

213 1017 584 1085 διαλείμματα.

277 1104 369 1157 λθ¹.
414 1107 652 1172 Σεισμοῦ
699 1108 760 1160 δὲ
811 1113 1104 1178 φαντασίαν
1148 1115 1416 1180 ποιοῦσιν,
1461 1117 1534 1178 ὡς
1574 1118 1748 1170 δοκεῖν

218 1191 376 1243 πάντα
405 1195 696 1258 κινεῖσθαι,
731 1197 933 1266 κόπρον
965 1202 1268 1269 ίχνεύμονος
1296 1202 1410 1271 ἅμα
1451 1207 1515 1273 τῇ
1563 1206 1744 1273 σιδηρ-

216 1279 488 1348 αγωγούσῃ
537 1281 672 1351 λίθῳ
699 1285 791 1335 ἐπ’
824 1285 1105 1355 ἀνθράκων
1138 1289 1477 1358 πυρουμένην
1500 1291 1564 1342 ⁹⁹.
1593 1329 1607 1343 .
1639 1329 1652 1344 .
1674 1329 1687 1344 .
1729 1329 1744 1345 .

279 1487 346 1549 μ’.
377 1474 570 1552 Ἧπαρ
608 1485 664 1536 δέ
687 1485 882 1539 δοκοῦν
904 1488 920 1517 ¹
937 1489 1375 1559 ἐγγεγραμμένον
1393 1492 1691 1545 δεικνύουσι
1724 1510 1736 1524 ·

213 1569 272 1636 τῇ
311 1569 403 1634 μὲν
447 1569 716 1640 ἀριστερᾷ
770 1575 909 1642 χειρὶ⁹
945 1577 1228 1644 ἐπιγράφει
1277 1578 1304 1627 ὅ
1341 1579 1581 1645 βούλεται
1611 1581 1743 1648 πρὸς

214 1654 301 1720 τὴν
335 1654 561 1707 πύστιν²
599 1659 1003 1728 ἁρμοσάμενος.
1051 1663 1117 1714 τά
1149 1664 1202 1714 δέ
1239 1665 1535 1732 γράμματα
1587 1669 1742 1733 κηκῖ-

215 1719 294 1788 at"
320 1741 408 1792 καὶ
434 1741 542 1805 δξει
579 1719 808 1812 δριμεῖδ
829 1719 1125 1814 γράφεται.
1165 1719 1404 1800 Ἐτὲέιτῖ
1433 1719 1747 1817 ἀνελόμενος
1776 1719 1818 1771 Β

215 1832 266 1874 τὸ
295 1821 437 1895 ἧπαρ
489 1831 890 1893 ἐπαναπαύσας
932 1834 996 1901 τῇ
1042 1834 1297 1902 ἀριστερᾷ
1342 1836 1654 1902 ἐγχρονίζει,
1688 1838 1747 1889 τὸ

217 1913 272 1964 δέ
303 1917 405 1985 σπᾷ
425 1915 512 1966 τὸν
545 1915 716 1967 τύπον
754 1918 846 1969 καὶ
884 1918 957 1979 ὡς
986 1920 1284 1989 γεγράφθαι
1316 1922 1606 1989 νομίζεται.

284 2118 385 2178 μανι
416 2113 648 2180 Κρανίον
672 2113 732 2166 δὲ
766 2115 940 2166 λαλεῖν
957 2114 977 2145 ⁵
1003 2114 1094 2166 ἐπὶ
1117 2115 1219 2182 γῆς
1247 2116 1423 2178 θέντες
1450 2117 1744 2171 ἐπιτελοῦσι

219 2198 373 2266 τούτῳ
398 2200 472 2267 τῷ
515 2203 702 2270 τρόπῳ
724 2204 750 2233 ⁸
772 2219 786 2236 ·
822 2203 960 2254 Δὺτδ
1005 2204 1099 2272 μὲν
1129 2206 1410 2273 πεποίηται
1455 2207 1702 2259 ἐπιπλόου
1723 2207 1744 2238 ⁷

225 2287 399 2353 βοείου,
428 2290 808 2360 πεπλασμένον
832 2291 933 2361 [δὲ]
949 2293 970 2322 ⁸
985 2293 1133 2361 κηρῷ
1150 2295 1463 2363 Τυρρηνικῷ
1484 2298 1573 2346 κα)⁸
1594 2295 1746 2365 γύψῳ

223 2376 652 2450 ἀναπεποιημένῃ
705 2381 1081 2447 περιτεθέντος
1133 2382 1223 2433 τοῦ
1279 2383 1470 2450 ὑμένος
1502 2366 1744 2451 ’ἔμφασιν

223 2464 422 2530 κρανίου
455 2466 807 2531 ἐνδείκνυται,
833 2467 860 2518 ὃ
890 2469 1018 2519 πᾶσι
1048 2468 1068 2497 ⁹
1095 2468 1269 2520 λαλεῖν
1309 2470 1450 2520 δοκεῖ
1471 2467 1742 2535 ἐνεργοῦν·

223 2565 301 2610 τος
328 2551 413 2602 τοῦ
449 2554 709 2621 ὀργάνου,
757 2555 877 2605 καθ’
914 2555 972 2606 ὃν
1012 2556 1202 2624 τρόπον
1232 2557 1322 2606 καὶ
1352 2557 1440 2606 ἐπὶ⁸
1466 2559 1572 2614 τοῖς
1594 2556 1745 2606 παισὶ

223 2635 605 2706 διηγησάμεθα*
637 2641 872 2708 γεράνου
902 2642 934 2708 ἧ
975 2657 1116 2702 τινος
1152 2640 1386 2692 τοιούτου
1430 2657 1734 2710 μακροτρα-

223 2723 369 2791 χήλου
396 2725 527 2788 ζὼου
545 2727 806 2796 φάρυγγα
836 2727 1120 2789 σκευάσας,
1144 2728 1390 2795 προσθεὶς
1424 2729 1498 2794 τῷ
1538 2727 1739 2795 κρανίῳ

222 2810 498 2882 λεληθότως
533 2819 561 2867 ό
631 2815 982 2885 συμπαίκτης
1022 2816 1057 2868 ά
1113 2815 1250 2866 θέλει
1300 2815 1610 2882 φθέγγεται.
1680 2815 1742 2864 Ὃ

224 2901 346 2953 ἐπὰν
371 2905 410 2933 ¹⁰
439 2905 636 2970 ἀφανὲς
677 2889 933 2971 γενέσθαι
986 2903 1111 2972 θέλῃ
1132 2904 1203 2967 “,
1235 2904 1513 2972 ἀνθράκων
1547 2901 1742 2969 πλῆθος

1927 770 2258 838 106-107
2297 768 2382 821 '58.
2435 767 2624 820 Stellae
2665 775 2840 819 autem
2887 778 3140 832 apparere
3173 762 3377 817 faciunt

1855 857 2170 910 thrissarutn
2224 856 2304 909 vel
2338 855 2548 922 hippuri
2581 868 2811 921 squama:
2840 868 2972 920 aqua
3017 867 3136 905 cum
3175 850 3373 919 gummi

1850 945 2029 1012 rigata:
2055 953 2108 996 et
2153 942 2317 1038 alii-ne
2349 943 2611 995 lacuneari
2652 957 2744 1008 per
2771 941 3062 994 intervalla.

1917 1120 2006 1174 39.
2062 1121 2238 1174 Terrae
2289 1129 2460 1172 motus
2503 1127 2678 1173 autem
2723 1118 2951 1186 speciem
2997 1116 3249 1179 eﬂiciunt,
3311 1124 3368 1167 ιιι

1851 1203 2130 1262 videantur
2179 1209 2353 1261 omnia
2410 1207 2645 1268 moveri.
2731 1215 2935 1259 stercus
3007 1205 3371 1258 ichneumonis

1847 1311 1968 1350 cum
2018 1295 2191 1364 lapide
2244 1295 2440 1348 ferrum
2491 1294 2792 1347 attrahente
2840 1293 2891 1346 in
2955 1291 3136 1359 prunis
3185 1293 3368 1343 incen-

1843 1395 2072 1435 sum..."

1916 1488 2002 1538 40.
2038 1486 2194 1540 Jecur
2222 1496 2392 1539 autem
2441 1489 2577 1554 quod
2609 1488 2851 1539 videatur
2893 1485 3203 1552 inscriptum
3253 1499 3371 1537 esse

1846 1573 2148 1623 ostendunt.
2207 1573 2446 1624 Sinistra:
2493 1572 2666 1623 manui
2719 1570 2958 1623 inscribit
3020 1571 3156 1634 quod
3223 1567 3367 1628 libet,

1847 1671 2078 1727 aptatum
2121 1661 2185 1712 ad
2224 1661 2274 1711 id
2315 1661 2452 1726 quod
2500 1661 2780 1726 quaesitum
2824 1667 2925 1722 est,
2967 1658 3152 1709 littera:
3194 1667 3369 1709 autem

1847 1748 1980 1814 galla
2011 1757 2062 1801 et
2087 1757 2236 1801 aceto
2263 1749 2370 1800 acri
2402 1748 2725 1800 scribuntur.
2758 1746 2958 1798 Deinde
2998 1745 3258 1804 sublatum
3287 1745 3369 1810 je-

1846 1853 1941 1890 cur
1992 1853 2084 1903 per
2135 1837 2344 1904 aliquod
2405 1845 2610 1902 tempus
2667 1836 2860 1886 retinet
2905 1834 3118 1886 sinistra
3186 1849 3366 1896 tnanu,

1843 1924 1969 1977 illud
2026 1933 2196 1975 autem
2257 1923 2416 1975 trahit
2472 1931 2649 1990 typum
2717 1930 2770 1972 et
2829 1923 2978 1986 quasi
3057 1919 3366 1986 inscriptum

1841 2013 2064 2067 videtur.

1908 2120 1995 2172 4'1.
2032 2119 2280 2172 Cranium
2302 2129 2475 2171 autem
2503 2119 2644 2185 loqui
2673 2118 2899 2184 positum
2922 2119 2972 2168 in
3006 2125 3142 2168 terra
3173 2115 3366 2167 faciunt

1841 2206 1894 2259 in
1945 2207 2085 2258 hunc
2132 2207 2342 2257 modum
2378 2205 2589 2271 :lpsum
2652 2205 2862 2272 quidem
2935 2203 3126 2256 factum
3177 2210 3255 2254 est
3299 2214 3363 2252 ex

1841 2302 2056 2347 0n;euto
2109 2293 2334 2356 bovino,
2387 2293 2667 2358 ﬁguratum
2713 2300 2884 2343 autem
2933 2305 3056 2342 cera
3105 2289 3273 2341 Tusca
3311 2296 3364 2340 et

1829 2371 2005 2451 gypso
2069 2393 2314 2449 apparata
2342 2418 2394 2444 ,.
2422 2382 2801 2434 circumvoluto
2863 2379 3090 2448 tegmine
3137 2377 3360 2445 speciem

1830 2463 2004 2522 ‘cranii
2031 2484 2136 2535 prae
2163 2484 2219 2522 se
2243 2468 2364 2533 fert,
2395 2469 2534 2536 quod
2565 2470 2810 2520 omnibus
2841 2468 2982 2534 loqui
3011 2466 3214 2518 videtur
3234 2479 3362 2530 ope-

1839 2561 1992 2603 rante
2022 2553 2392 2615 instrumento,
2420 2553 2860 2619 quemadmodum
2891 2553 3050 2605 etiam
3091 2551 3154 2603 de
3189 2549 3362 2616 pueris

1839 2653 1995 2705 Supra
2037 2642 2397 2706 exposuimus.
2443 2639 2602 2693 Gruis
2630 2639 2710 2693 vel
2746 2640 2968 2707 alicujus
3004 2639 3122 2692 talis
3146 2652 3362 2704 procero

1838 2727 1973 2778 collo
2024 2727 2294 2780 instructae
2327 2729 2441 2781 avis
2470 2737 2680 2796 gutture
2707 2736 2957 2795 apparato
2998 2739 3164 2794 eoque
3199 2739 3360 2791 appo~

1838 2815 1938 2867 sito
1969 2816 2031 2866 ad
2063 2816 2298 2867 cranium
2327 2815 2552 2868 latenter
2577 2815 2806 2868 collusor
2834 2829 2951 2882 quae
2973 2813 3082 2865 vult
3109 2813 3362 2878 loquitur.

1839 2901 1989 2965 Quod
2038 2903 2122 2954 ubi
2158 2917 2477 2957 evanescere
2516 2903 2644 2964 vult,
2695 2917 2980 2970 prunarum
3029 2915 3215 2954 acervo
3257 2899 3363 2952 cir-

223 2987 387 3058 κύκλῳ
433 2991 675 3067 περιθεὶς
736 2990 811 3052 ὡς
874 2989 1078 3058 θυμιῶν
1137 2991 1470 3057 ἐμφαίνεται,
1520 2982 1591 3039 ὢν
1644 2987 1740 3054 τῆς

1854 2992 2131 3057 :nmposito
2181 3001 2428 3059 tanquam
2480 2991 2790 3044 tlmriiicans
2849 3001 3086 3056 apparet,
3137 3003 3359 3056 quarum

227 3071 416 3143 θέρμης
468 3079 494 3128 ὁ
550 3079 716 3145 κηρὸς
773 3076 1294 3145 ἀντιλαμϐανόμενος
1381 3077 1584 3148 λύεται,
1647 3074 1741 3125 καὶ

224 3161 376 3224 οὕτως
406 3165 606 3232 ἀφανὲς
632 3166 692 3216 τὸ
721 3165 939 3233 κρανίον
971 3164 1245 3230 γεγονέναι
1277 3165 1566 3232 νομίζεται.

294 3249 390 3316 μβ’.
426 3250 605 3302 Ταῦτα
637 3251 828 3318 μάγων
878 3251 1011 3320 ἔργα
1041 3251 1134 3301 καὶ
1171 3251 1343 3301 τοιάδε
1386 3253 1568 3319 μυρία,
1613 3254 1648 3305 ἃ
1678 3256 1739 3321 τῇ

226 3330 319 3382 τῶν
353 3334 490 3385 ἐπῶν
521 3337 834 3406 συμμετρίᾳ
853 3338 945 3388 καὶ
987 3337 1092 3387 τῶν
1127 3337 1442 3399 ἀξιοπίστως
1471 3340 1510 3368 ¹¹
1539 3339 1744 3407 δρωμέ-

227 3435 320 3472 νων
340 3421 503 3491 ἔργων
540 3427 814 3493 φαντασία
881 3425 1053 3476 πείθει
1099 3427 1220 3487 τοὺς
1253 3426 1485 3493 ἄφρονας
1507 3443 1520 3456 ο
1545 3426 1616 3478 ὧν
1649 3427 1742 3495 τήν

227 3508 400 3575 τέχνην
449 3513 888 3579 καταπλαγέντες
932 3515 978 3564 οἱ
1014 3513 1354 3581 αἱρεσιάρχαι
1389 3515 1740 3581 ἐμιμήσαντο,

226 3594 280 3644 τὸ
323 3597 412 3665 μὲν
456 3600 509 3650 ἐν
564 3601 866 3668 ἀποκρύφῳ
894 3601 986 3654 καὶ
1029 3601 1200 3668 σκότῳ
1259 3601 1632 3667 παραδιδόντες
1678 3601 1746 3652 τὰ

227 3680 522 3751 δοκούμενα,
579 3687 647 3740 τά
712 3689 770 3740 δὲ
826 3689 918 3739 καὶ
969 3685 1420 3755 παραιφράζοντες
1467 3687 1538 3747 ὡς
1601 3687 1739 3738 ἴδια·

227 3767 396 3822 τούτου
449 3773 607 3844 χάριν
643 3771 972 3843 ⁶ὑπομνῆσαι
1026 3773 1262 3833 θέλοντες
1340 3774 1462 3834 τοὺς
1524 3772 1744 3835 πολλοὺς

231 3863 612 3930 περιεργότεροι
635 3863 966 3930 ἐγενήθημεν
996 3862 1038 3893 ⁸³
1081 3861 1210 3929 πρὸς
1233 3861 1291 3912 τὸ
1327 3862 1400 3930 μὴ
1434 3861 1745 3913 καταλιπεῖν

229 3957 336 3994 τινα
361 3948 515 3998 τόπον
539 3949 581 3979 ίδ
608 3951 722 4010 τοῖς
750 3948 984 4000 ἐθέλουσι
1012 3947 1307 4000 πλανᾶσθαι
1337 3963 1350 3976 ⁸
1370 3947 1744 4015 ἀπηνέχθημεν

230 4029 281 4081 δὲ
319 4034 411 4086 οὐκ
461 4037 669 4103 ἀλόγως
714 4037 792 4098 είς
828 4054 946 4088 τινα
991 4037 1096 4087 τῶν
1154 4035 1340 4104 μάγων
1383 4035 1744 4105 ἀπόρρητα,δι

233 4120 352 4186 πρὸς
386 4122 478 4186 μέν
531 4123 592 4175 τὸ
651 4125 1008 4191 προκείμενον
1041 4123 1101 4173 οὐ
1161 4123 1298 4175 πάνυ
1349 4123 1618 4188 ἀναγκαῖα
1655 4121 1742 4192 ἦν,

233 4204 352 4271 πρὸς
376 4207 429 4257 δέ
463 4209 522 4259 τὸ
553 4208 916 4276 φυλάσσεσθαι
944 4208 1038 4278 τὴν
1089 4211 1194 4260 τῶν
1239 4209 1423 4277 μάγων
1446 4211 1746 4280 πανοῦργον

1841 3079 2065 3130 calorem
2101 3094 2218 3130 cum
2253 3079 2474 3146 arripuit
2506 3094 2625 3132 cera
2655 3080 2917 3145 liquescit,
2947 3087 2999 3132 et
3023 3078 3092 3129 ita
3123 3076 3360 3129 cranium

1839 3167 2118 3220 evanuisse
2145 3170 2394 3220 creditur.

1908 3251 1995 3305 42.
2051 3252 2171 3304 llam
2211 3268 2479 3321 magorum
2512 3268 2670 3321 Opera
2713 3263 2764 3306 et
2798 3254 2914 3305 talia
2944 3265 3210 3316 sexcenta,
3249 3266 3365 3318 quae

1840 3344 2119 3392 verborum
2150 3343 2489 3408 congruentia
2518 3352 2570 3394 et
2597 3357 2714 3394 cum
2745 3345 2844 3394 lide
2868 3341 3123 3396 factorum
3148 3355 3362 3408 operum

1841 3431 2014 3493 specie
2047 3430 2315 3481 deleniunt
2356 3429 2648 3495 imperitos.
2697 3428 2930 3493 Quorum
2966 3439 3130 3480 artem
3182 3428 3364 3478 obstu-

1842 3517 2028 3582 pefacti
2057 3517 2421 3568 haeresim-clue
2452 3515 2637 3566 imitati
2660 3501 2799 3578 sunt,
2822 3515 3008 3580 partim
3041 3515 3091 3564 in
3123 3514 3362 3565 abstruso

1842 3612 1894 3654 et
1924 3603 2152 3655 obscuro
2213 3605 2478 3655 tradentes
2526 3603 2737 3668 placita,
2784 3602 2973 3667 partim
3017 3601 3171 3653 etiam
3211 3614 3365 3652 exor-

1845 3699 2029 3742 nanles
2054 3699 2303 3757 tanquam
2337 3704 2450 3742 sua.
2481 3689 2643 3752 Quam
2668 3688 2733 3741 ob
2765 3702 2979 3739 causam
3011 3702 3111 3752 quo
3135 3701 3365 3739 commo-
3435 3697 3438 3702 ‘

1844 3776 2208 3829 nefareremus
2251 3777 2436 3843 vulgus
2487 3776 2800 3828 laboriosius
2846 3775 2958 3827 haec
3003 3775 3362 3841 exposuimus,

1844 3879 1909 3917 ne
1946 3865 2105 3916 ullum
2155 3865 2567 3930 relinqueremus
2607 3865 2798 3925 locnm,
2847 3865 2889 3916 si
2921 3865 3008 3931 qui
3063 3863 3254 3915 vellent
3284 3877 3391 3913 se-.

1845 3953 1984 4006 duci.
2025 3953 2189 4004 Delati
2222 3964 2394 4004 autem
2428 3969 2609 4005 sumus
2635 3968 2736 4004 non
2764 3953 3122 4019 imprudenter
3152 3951 3201 4001 in
3228 3964 3368 4016 qum-

1817 4039 1961 4095 ,datn
1994 4052 2263 4103 magorum
2287 4038 2501 4099 arcana,
2533 4053 2649 4104 qua:
2678 4038 2729 4089 in
2762 4052 2873 4088 rem
2907 4036 3114 4102 quidem
3140 4048 3368 4102 prasen-

1848 4132 1951 4176 tcm
1982 4139 2082 4177 non
2126 4125 2404 4176 admodum
2434 4125 2729 4178 necessaria
2777 4133 2946 4186 erant,
2981 4124 3043 4175 ad
3083 4122 3368 4175 cavendam

1846 4221 2020 4264 autem
2057 4227 2326 4280 magorum
2363 4202 2599 4266 fallacem
2639 4223 2692 4264 et
2733 4215 2962 4280 ineptam
3004 4220 3169 4262 artem
3223 4209 3368 4261 utilia

233 4293 316 4342 ttat
354 4294 395 4324 "
445 4296 739 4349 ἀσύστατον
798 4296 988 4365 τέχνην
1037 4295 1306 4366 εὔχρηστα
1366 4299 1635 4366 ἐνομίζετο
1680 4301 1743 4352 ⁸⁸.

1854 4290 2180 4352 videbantur.
2230 4299 2510 4366 Postquam
2559 4303 2736 4368 igitur,
2800 4309 2857 4352 ut
2907 4301 3132 4362 videtur,
3179 4298 3369 4366 placita

234 4376 373 4432 Ἐπεὶ
422 4385 612 4449 τοίνυν,
654 4387 728 4446 ὡς
771 4386 984 4437 εἰκάσαι
1015 4384 1148 4449 ἐστι,
1201 4386 1294 4445 τὰς
1351 4387 1561 4437 πάντων
1589 4387 1744 4449 δόξας

235 4463 538 4533 ἐξεθέμεθα,
591 4472 790 4538 πολλὴν
835 4471 1085 4541 φροντίδα
1138 4472 1448 4537 ποιήσαντες
1503 4472 1635 4539 πρὸς
1687 4472 1746 4523 τὸ

236 4553 526 4620 φανερῶσαι
575 4557 655 4609 ’τά
704 4559 777 4618 ὡς
832 4557 956 4620 ξένα
1014 4557 1116 4608 ὑπὸ
1160 4557 1265 4607 τῶν
1293 4558 1334 4587 ¹⁷
1389 4559 1745 4627 αίρεσιαρχῶν

235 4635 610 4711 ἐπεισαγόμενα
630 4645 761 4716 πρὸς
775 4647 949 4716 [ρ.”16.
969 4647 1056 4716 77]
1075 4645 1376 4697 θεοσέϐειαν
1391 4646 1518 4698 ὄντα
1545 4648 1744 4714 μάταια

237 4727 322 4777 καὶ
333 4729 475 4793 νόθα,
491 4734 608 4785 ούδέ
622 4737 676 4785 ἐν
691 4738 866 4797 αὐτοῖς
884 4734 1011 4796 ἴσως
1030 4736 1070 4765 ¹³
1087 4734 1208 4796 ἄξια
1225 4735 1380 4800 λόγου
1395 4737 1742 4802 τυγχάνοντα,

218 4810 369 4876 ,δοκεῖ
411 4817 496 4870 διὰ
525 4822 781 4890 συντόμου
815 4822 971 4887 λόγου
1011 4822 1412 4890 ὑπομνησθῆναι
1446 4825 1743 4889 κεφαλαιω-

239 4895 331 4962 δῶς
355 4903 418 4956 τὰ
440 4909 820 4978 προειρημένα.

303 4991 418 5056 μγθξ
452 4995 587 5047 Πᾶσι
621 5001 728 5060 τοῖς
779 4998 917 5049 κατᾶ
962 4997 1058 5064 τὴν
1085 4992 1402 5064 οἰκουμένην
1450 4995 1751 5065 φιλοσόφοις

1847 4389 2212 4441 universorum
2259 4392 2620 4455 exposuimus,
2653 4389 2812 4440 multa
2858 4389 3090 4440 adhibita
3128 4404 3254 4440 cura
3307 4387 3373 4439 ad

1853 4475 2220 4527 illustrandum
2243 4489 2358 4527 esse
2385 4491 2466 4536 ea,
2504 4491 2618 4540 qua:
2649 4485 2893 4539 tanquam
2928 4489 3056 4524 nova
3098 4477 3162 4525 ah
3205 4475 3373 4524 h'ere-

1848 4561 2072 4612 siarchis
2099 4561 2300 4612 invecta
2326 4569 2465 4623 sunt,
2497 4575 2626 4610 vana
2658 4560 2720 4610 ad
2754 4561 2996 4625 pietatem
3034 4559 3374 4625 108-109

1851 4656 1904 4699 et
1935 4647 2224 4699 adulterina
2257 4660 2477 4712 quzeque
2508 4663 2570 4699 ne
2597 4648 2732 4699 inter
2755 4647 2894 4714 ipsos
2921 4650 3128 4712 quidem
3152 4641 3373 4696 fumasse

1853 4735 1904 4787 in
1941 4735 2115 4802 aliquo
2143 4736 2339 4787 honore
2377 4735 2691 4796 habeantur,
2737 4736 2906 4798 placet
2955 4735 3096 4786 brevi
3133 4747 3374 4785 sermone

1854 4823 1904 4874 in
1935 4816 2098 4889 pauca
2132 4822 2372 4874 conferre
2400 4837 2514 4888 qua:
2545 4837 2698 4888 supra
2733 4821 2871 4873 dicta
2904 4831 3042 4873 sunt.

1928 4998 2013 5051 43.
2047 4999 2356 5066 Quicunque
2388 4997 2582 5064 ubique
2608 4996 2685 5050 vel
2713 4996 3007 5064 philosophi
3035 4995 3112 5049 vel
3147 4993 3374 5062 theologi

1470 5143 1696 5196 VARUE
1731 5145 2121 5199 LECTIONES.

326 5253 368 5283 "
399 5256 647 5324 παρέχειν
687 5257 748 5310 C-
823 5254 1023 5324 “eois:
1057 5254 1149 5324 θεαὶ
1181 5254 1427 5324 τοῖςϐοη
1463 5257 1504 5287 ⁸⁷

249 5381 453 5458 ’τρόπῳ
477 5391 603 5458 am
650 5392 744 5458 μὲν
773 5404 896 5458 σπι-μ
914 5402 1006 5458 PF:
1025 5387 1082 5438 (³⁸

251 5452 466 5518 margine
502 5452 743 5510 Cod,'lt-l,
860 5455 899 5484 ¹¹
934 5452 1068 5503 θέλει
1113 5454 1174 5508 C.
1251 5457 1292 5486 ¹²
1334 5456 1649 5508 ἀξιοπίστων
1691 5457 1749 5509 C.

1531 5257 1870 5324 ἢίππούρου.
1909 5255 2169 5324 ίππούρού
2205 5254 2268 5307 C.
2326 5255 2386 5324 _"
2414 5256 2620 5322 κόμεως
2646 5255 2703 5306 C.
2789 5255 2833 5324 ξ’
2863 5252 2996 5324 Post
3039 5258 3378 5324 πυρουμένην

250 5317 490 5390 ετοιιῃυιιιί
515 5317 822 5376 éiciderunt
863 5321 930 5372 M.
1013 5320 1241 5390 '_5oxeiﬁvr
1269 5321 1451 5390 C_.VM.
1515 5317 1854 5387 ¹’πύεττην’(3.Δ
1926 5317 2110 5375 ³κικίδι
2139 5322 2198 5375 C.
2269 5325 2290 5353 ⁸
2319 5317 2496 5390 δριμεῖ
2531 5336 2748 5390 om._pr.
2784 5320 2844 5372 C.
2933 5324 2954 5352 ⁵
2986 5317 3174 5375 λαλοῦν
3205 5317 3274 5378 C.
3309 5317 3342 5375 Μ

1191 5389 1208 5418 ⁷
1230 5388 1476 5449 ἐπίπλοος
1493 5390 1552 5441 C.
1626 5391 1646 5421 ⁸
1675 5390 1728 5440 δὲ
1752 5392 1869 5442 add.
1893 5389 1961 5441 Μ.
2049 5391 2069 5420 ⁹
2101 5392 2251 5442 πᾶσι.
2276 5388 2456 5449 φασι(

2933 5324 2954 5352 ⁵
2986 5321 3174 5375 λαλοῦν
3205 5321 3274 5378 C.
3309 5321 3376 5375 Μ.

2276 5388 2493 5460 φασιϐ.
2571 5389 2611 5460 'f’
2646 5388 2707 5437 Ὀ
2737 5389 2960 5460 ἐπαν-
3004 5393 3274 5460 νομίζεται
3326 5395 3378 5460 in

1850 5459 1890 5487 ”
1917 5454 2362 5538 εγενγήθημενϐ.
2445 5460 2482 5487 ³⁵
2515 5454 2706 5524 τρόπον
2731 5454 2770 5506 C
2791 5494 2805 5519 ,
2839 5455 2907 5508 M.
2989 5460 3028 5489 ⁸⁸
3060 5454 3149 5512 καὶ
3191 5457 3284 5527 τὴν
3316 5458 3375 5510 (1.

2049 5391 2069 5420 ’
2101 5392 2251 5442 πᾶσι.

255 5513 590 5588 ⁸⁵’ἐνομίςετα
626 5521 824 5588 νομίζει
855 5519 917 5582 C,
950 5519 1140 5584 νομίζω
1172 5522 1238 5576 Μ.
1316 5523 1353 5553 ¹¹
1383 5523 1594 5575 ἐπὶτῶν
1623 5525 1681 5577 C.
1757 5525 1796 5554 ιδ
1830 5513 1973 5584 ἴσωςξ
2001 5513 2238 5584 οῐσέιςἘ.
