3818 6392
194 376 255 441 τι
277 352 357 416 ll)?

1372 373 1662 432 CONTRA
1698 375 2052 433 II/ERESES
2086 376 2228 433 LIB.
2268 376 2364 435 IV.

3316 380 3450 442 3108

224 481 335 530 νισι
361 479 421 515 το
450 464 589 535 πῦρ,
618 470 720 521 καί
750 474 1004 528 καλεῖται
1026 476 1175 528 τοῦτο
1196 477 1257 529 τὸ
1284 478 1633 547 ἡμισφαίριον
1663 479 1705 512 ³⁸
1728 479 1822 543 τῆς

1934 479 2177 545 pltzerinm
2218 478 2455 530 mona'lis
2480 476 2878 545 bonelicumque
2910 487 2966 531 et
2989 491 3198 532 sursum
3228 493 3451 545 vergens

254 555 472 632 μονάδος
512 558 867 624 ἀγαθοποιὸν
921 584 981 618 τε
1016 569 1107 618 καὶ
1158 568 1427 637 ἀνωφερὲς
1472 569 1562 620 καὶ
1606 569 1822 637 ἀρσενι-

262 646 354 703 xiv
380 661 395 675 '
421 646 778 719 λεπτομερὴς
820 654 932 721 γάρ
964 652 1093 706 οὖσα
1120 657 1152 723 ή
1199 656 1362 723 μονὰς
1405 650 1625 707 ποτᾶται
1662 659 1738 717 εἰς
1764 657 1823 706 τὸ

268 736 591 789 λεπτότατον
655 740 829 808 μέρος
866 744 955 793 καὶ
996 743 1371 812 καθαρώτατον
1424 744 1513 795 τοῦ
1572 744 1819 813 αἰθέρος·

272 830 347 878 τά
370 844 422 876 τε
451 826 583 878 ἀλλα
612 827 705 878 δύο
730 835 967 897 στοιχεῖα
989 831 1115 883 ὄντα
1144 832 1419 899 παχύτερα
1440 834 1727 900 ἀπένειμεν
1757 836 1822 901 τῇ

271 916 446 979 δυάδι,
488 916 591 983 γῆν
649 932 708 966 τε
750 919 845 968 καὶ
904 919 1063 986 ὕδωρ.
1121 919 1210 969 καὶ
1262 919 1496 971 καλεῖται
1565 920 1718 971 τοῦτο
1767 922 1824 971 τι

272 1004 636 1072 ἡμισφαίριον
672 1007 989 1074 κατωφερὲς
1017 1007 1243 1074 θηλυκόν
1284 1024 1340 1058 τε
1377 1010 1467 1059 καὶ
1493 1010 1779 1061 κακοποιόν
1806 1027 1820 1041 ο

274 1094 373 1145 καὶ
402 1092 539 1143 αὑτά
586 1092 642 1143 δὲ
695 1093 859 1144 πάλιν
914 1094 982 1144 τὰ
1018 1095 1126 1145 ἄνω
1175 1093 1265 1145 δύο
1317 1099 1548 1162 στοιχεῖα
1602 1098 1811 1158 ἑαυτοῖς

280 1180 687 1246 συγκρινόμενα
730 1180 941 1246 ἔχουσιν
987 1181 1043 1230 ὲν
1082 1182 1287 1242 ἑαυτοῖς
1335 1182 1393 1233 τὸ
1441 1182 1603 1250 ἄρρεν
1648 1185 1739 1234 καὶ
1767 1185 1824 1234 τὸ

278 1267 413 1335 θῆλυ
448 1267 583 1333 πρὸς
625 1266 933 1335 εὐκαρπίαν
990 1268 1081 1319 καὶ
1124 1267 1345 1337 αὔξησιν
1398 1271 1503 1320 τῶν
1532 1271 1682 1322 ὅλων.
1718 1272 1825 1323 Καὶ

276 1356 338 1406 τὺ
392 1355 491 1421 μὲν
542 1354 655 1423 πῦρ
708 1356 872 1423 ἀρῥεν
949 1355 1091 1418 ἐστὶ,
1150 1356 1209 1407 τὸ
1264 1356 1319 1407 δὲ
1384 1357 1595 1425 πνεῦμα
1651 1358 1822 1424 θῆλυδο

279 1444 371 1494 καὶ
403 1443 568 1494 πάλιν
596 1444 658 1493 τὸ
688 1442 832 1511 ὕδωρ
874 1443 1039 1512 ἄρρεν
1060 1446 1223 1506 ἐστὶν,
1263 1447 1295 1513 ή
1343 1445 1396 1496 δὲ
1431 1446 1501 1512 γῆ
1536 1446 1689 1513 θῆλυ.
1719 1446 1825 1497 Καὶ

280 1529 449 1590 οὑτως
483 1531 579 1581 ἀπ’
611 1530 785 1597 ἀρχῆς
818 1531 1101 1582 συνεϐίωσε
1128 1531 1186 1582 τὸ
1208 1532 1315 1600 πῦρ
1341 1532 1415 1600 τῷ
1446 1533 1730 1600 πνεύματι,
1758 1537 1822 1602 τῇ

280 1617 335 1668 δὲ
371 1619 439 1685 γῇ
476 1618 537 1668 τὸ
573 1617 739 1686 ὕδωρ.
778 1620 986 1686 Ὥσπερ
1018 1620 1123 1684 γάρ
1152 1619 1372 1687 δύναμις
1398 1620 1489 1672 τοῦ
1522 1621 1824 1689 πνεύματος

282 1706 396 1756 ἐστί
432 1706 491 1756 τὸ
535 1706 675 1772 πῦρ,
732 1706 902 1767 οὑτως
931 1710 1024 1758 καὶ
1054 1712 1150 1775 τῆς
1200 1710 1301 1777 γῆς
1332 1710 1390 1760 τὸ
1438 1711 1575 1779 ὕδωρ
1604 1712 1665 1765 ³¹.
1702 1749 1717 1761 .
1755 1751 1768 1763 .
1808 1751 1821 1764 .

1927 575 1980 616 et
2008 566 2355 617 masculinum
2384 582 2398 627 ;
2437 579 2553 616 cum
2586 565 2726 616 enim
2764 565 2906 616 tenui
2939 576 3128 617 natura
3156 567 3224 618 sit
3250 583 3448 629 tnonas,

1926 653 2140 704 etim-tur
2171 654 2219 702 in
2247 653 2605 703 tenuissimam
2630 660 2682 703 et
2704 653 3036 718 purissimam
3065 661 3268 719 partem
3294 655 3465 705 aethen

1928 742 2039 802 ris;
2094 740 2399 806 reliquaque
2430 741 2533 792 duo
2574 739 2857 803 elementa,
2883 757 2998 805 qua:
3031 753 3153 792 sunt
3187 742 3450 800 densiora,

1928 829 2165 880 attribuit
2215 830 2409 896 tlyadi:
2452 836 2757 893 terramque
2789 839 2842 879 et
2888 844 3101 894 aquam,
3141 841 3193 879 et
3240 841 3453 879 voratur

1933 916 2031 967 hoc
2070 916 2491 980 hrnnsphaerinm
2525 916 2769 967 deorsum
2799 930 3019 983 vergens
3064 916 3453 981 fetutinenmqne

1926 1014 1980 1055 et
2030 1004 2344 1055 maleﬁcum.
2390 1004 2451 1055 Et
2482 1005 2590 1070 ipsa
2634 1018 2757 1055 vero
2808 1019 2989 1054 rursus
3034 1017 3304 1068 superiora
3352 1006 3454 1054 duo

1927 1093 2184 1144 elementa
2206 1091 2341 1143 inter
2369 1106 2424 1143 se
2448 1105 2749 1159 comparata
2780 1091 2974 1142 habent
3002 1093 3050 1139 in
3084 1106 3141 1142 se
3167 1090 3451 1141 masculum

1927 1191 1977 1231 et
2012 1180 2291 1232 fetninenm
2326 1181 2388 1231 ad
2421 1180 2747 1233 fertilitatem
2783 1189 2834 1229 et
2876 1180 3198 1231 incrementa
3233 1180 3453 1229 uniter-

1927 1282 2126 1319 sorum.
2165 1268 2227 1319 Et
2259 1268 2394 1335 ignis
2421 1270 2633 1336 quidem
2666 1268 2953 1319 masculum
2988 1277 3087 1329 est,
3120 1267 3333 1333 spiritus
3364 1282 3456 1318 au-

1931 1366 2029 1410 tem
2063 1357 2366 1419 femineum,
2394 1367 2445 1410 et
2474 1372 2657 1411 rursus
2689 1373 2823 1426 aqua
2854 1356 3142 1409 masculum
3170 1366 3272 1416 est,
3315 1366 3453 1408 terra

1928 1456 2101 1497 autem
2138 1445 2445 1498 femineum.
2481 1446 2542 1497 Et
2570 1446 2641 1497 ita
2676 1460 2704 1498 a
2731 1446 2990 1512 principio
3013 1442 3285 1503 consuerit
3314 1443 3452 1509 ignis

1928 1551 2045 1587 cum
2075 1536 2285 1600 spiritu,
2340 1551 2458 1587 cum
2501 1545 2639 1586 terra
2691 1544 2863 1587 autem
2911 1548 3071 1600 aqua.
3107 1532 3270 1584 Sicuti
3313 1531 3451 1582 enim

1928 1623 2157 1689 potentia
2190 1624 2408 1685 spiritus
2434 1632 2515 1673 est
2544 1622 2700 1689 ignis,
2742 1623 2811 1673 ita
2840 1621 3000 1673 etiam
3030 1628 3181 1671 terra:
3206 1632 3454 1685 aqua.....

1929 1710 1993 1761 Et
2020 1711 2129 1777 ipsa
2161 1724 2288 1761 vero
2318 1710 2573 1761 elementa
2605 1720 2907 1777 computata
2937 1720 2988 1761 et
3024 1710 3189 1761 divisa
3230 1723 3293 1760 ex
3327 1710 3453 1760 sub-

284 1795 374 1847 καὶ
404 1796 543 1847 αὑτά
568 1796 627 1847 δὲ
675 1801 742 1847 τά
776 1800 1010 1863 στοιχεῖα
1040 1797 1372 1864 ψηφιζόμενα
1412 1802 1503 1849 καὶ
1533 1800 1824 1866 ἀναλυόμε-

1937 1798 2188 1849 trat-tione
2237 1799 2527 1849 enneadum
2580 1799 2827 1849 desinunt
2877 1796 3092 1864 proprie
3142 1797 3336 1863 partim
3404 1796 3457 1848 in

284 1900 345 1933 va
376 1884 421 1913 ⁸³
472 1885 598 1933 καθ’
641 1884 929 1950 ὑφαίρεσιν
972 1886 1201 1935 ὲννάδων
1230 1884 1272 1915 ⁸⁸
1334 1886 1482 1953 λήγει
1530 1888 1761 1948 οἰκείως,
1794 1886 1826 1938 ἃ

289 1973 383 2047 μὲν
434 1975 514 2032 είς
543 1972 590 2002 ³⁸
624 1972 716 2022 τὸν
748 1970 1029 2040 ἀρρενικὸν
1059 1971 1304 2040 ἀριθμὸν,
1339 1973 1373 2023 ἃ
1402 1973 1455 2023 δὲ
1487 1976 1562 2031 εἰς
1608 1974 1696 2023 τὸν
1732 1974 1825 2041 θη-

286 2059 442 2109 λυκόν
473 2059 539 2089 ⁸⁸·
566 2059 877 2126 ὑφαιρεῖται
906 2058 960 2110 δὲ
986 2059 1142 2110 πάλιν
1168 2061 1199 2127 ή
1223 2060 1373 2121 ὲννάς
1401 2060 1485 2111 διὰ
1514 2061 1712 2127 ταύτην
1734 2061 1828 2129 τὴν

289 2148 482 2207 αἰτίαν,
516 2146 607 2197 διὰ
635 2147 695 2197 τὸ
749 2147 845 2205 τάς
896 2148 1202 2215 τριακοσίας
1258 2148 1517 2215 ἐξήκοντα
1574 2148 1665 2199 τοῦ
1708 2149 1826 2200 ὅλου

292 2236 480 2303 μοίρας
523 2235 585 2297 ἐξ
637 2236 899 2287 ἑννεάδων
937 2235 1280 2286 συνίστασθαι
1332 2236 1423 2286 καὶ
1468 2236 1555 2287 διὰ
1583 2236 1733 2287 τοῦτο
1764 2238 1829 2287 τὰ

289 2320 519 2389 τέτταρα
552 2322 597 2351 ³⁷
648 2321 864 2372 πλινθία
893 2320 983 2371 τοῦ
1036 2321 1234 2386 κόσμου
1283 2321 1596 2386 ἐνενήκοντα
1632 2320 1829 2387 μοιρῶν

291 2407 726 2475 περιγεγράφθαι
761 2407 975 2458 τελείων
1000 2424 1015 2436 ·
1048 2406 1449 2472 προσῳκεεωται
1475 2405 1520 2434 ³⁸
1546 2405 1600 2454 δὲ
1636 2408 1700 2471 τῇ
1737 2421 1831 2471 μο-

290 2497 395 2548 νάδι
440 2497 503 2547 τὸ
561 2496 699 2561 φῶς,
738 2499 802 2563 τῇ
838 2494 894 2545 δὲ
930 2493 1077 2544 δυάδι
1125 2494 1185 2542 τὸ
1214 2493 1418 2553 σκότος,
1487 2495 1578 2544 καὶ
1628 2492 1702 2558 τῷ
1738 2493 1831 2559 μὲν

285 2586 419 2651 φωτὶ
456 2585 603 2635 κατά
652 2583 808 2650 φύσιν
856 2585 887 2650 ἡ
938 2583 1067 2651 ζωὴ.
1108 2585 1170 2650 τῇ
1214 2582 1267 2631 δὲ
1314 2582 1460 2633 δυάδι
1494 2582 1521 2631 ὁ
1553 2581 1777 2641 θάνατος
1804 2599 1816 2610 ·

282 2672 375 2722 καὶ
434 2675 501 2739 τῇ
538 2672 640 2738 μὲν
687 2672 795 2739 ζωῇ
846 2671 941 2739 ﬂ”
979 2669 1307 2736 δικαιοσύνη,
1360 2668 1435 2735 τῷ
1466 2669 1518 2720 δὲ
1562 2669 1830 2738 Θανάτῳή

284 2762 490 2814 ἀδικία.
519 2762 614 2811 Διὸ
643 2762 750 2811 πᾶν
785 2758 1120 2825 γεννώμενον
1161 2761 1215 2809 ὲν
1246 2761 1353 2818 τοῖς
1382 2760 1681 2824 ἀρσενικοῖς
1711 2760 1829 2825 ἀρι-

286 2849 444 2917 θμοῖς
492 2849 822 2914 ἀγαθοποιὸν
870 2850 1003 2909 ἐστι,
1056 2847 1114 2897 τὸ
1144 2848 1197 2898 δὲ
1235 2849 1291 2897 ἐν
1324 2851 1430 2907 τοῖς
1470 2847 1711 2914 θηλυκοῖς
1741 2863 1832 2897 κα⁴

286 2937 508 2989 κοποιόν
560 2938 729 2999 ἐστιν,
772 2932 882 2988 οἷον
925 2936 999 3006 [υ.
1035 2937 1117 2989 79.
1152 2935 1598 3004 80.]ψηφίζουσι·
1649 2936 1830 3001 μονὰς,

1927 1886 2216 1936 masculum
2270 1901 2570 1947 numerum,
2620 1886 2810 1952 partim
2841 1897 3013 1937 autem
3056 1885 3105 1937 in
3150 1885 3453 1937 femineum.

1927 1974 2267 2027 Subtrahitur
2318 1984 2491 2025 autem
2543 1990 2727 2025 rursus
2772 1988 2968 2026 enneas
3010 1988 3101 2040 per
3156 1954 3291 2025 hanc
3325 1987 3453 2023 cau-

1926 2076 2037 2113 sam
2064 2077 2077 2110 :
2110 2070 2390 2127 propterea
2422 2062 2561 2129 quod
2592 2070 2842 2113 trecenta),
2885 2062 3155 2127 sexaginta
3190 2074 3304 2123 qua!
3332 2068 3453 2111 sunt

1929 2148 2161 2199 universi
2208 2158 2382 2213 partes
2414 2162 2476 2198 ex
2507 2147 2832 2198 enneatlibus
2859 2154 3102 2196 constant
3129 2144 3197 2195 ob
3232 2157 3454 2209 eamque

1932 2250 2145 2287 causam
2182 2244 2409 2300 quatuor
2451 2250 2567 2300 quae
2601 2241 2724 2285 sunt
2777 2234 3018 2300 regiones
3062 2234 3239 2285 mundi
3290 2247 3454 2284 nona-

1929 2326 2071 2385 ginta
2104 2322 2340 2385 partibus
2366 2322 2781 2387 circmuscriptze
2803 2332 2925 2374 sunt
2955 2321 3225 2387 perfectis.
3253 2320 3459 2387 Appro-

1932 2412 2136 2475 priatus
2164 2421 2336 2460 autem
2387 2420 2468 2461 est
2504 2410 2714 2460 monadi
2747 2410 2906 2476 ignis,
2952 2410 3103 2476 dyadi
3131 2420 3304 2459 autem
3336 2417 3458 2460 sunt

1932 2499 2182 2553 tenebrae.
2233 2506 2416 2561 estque
2451 2496 2551 2546 luci
2585 2512 2646 2547 ex
2681 2506 2867 2548 natura
2918 2498 3049 2554 vita.
3080 2497 3233 2564 dyadi
3279 2505 3455 2548 autent

1932 2599 2096 2643 mors,
2141 2584 2189 2635 ei
2222 2585 2341 2635 vitae
2368 2584 2577 2646 quidem
2609 2584 2836 2649 iustitia,
2871 2584 3024 2636 morti
3058 2597 3231 2636 autent
3279 2585 3456 2650 pravi-

1935 2683 2031 2724 tas.
2064 2673 2416 2735 Quamobrem
2465 2673 2718 2738 quidquid
2765 2684 2940 2723 natum
2993 2682 3074 2726 est
3120 2673 3170 2725 in
3215 2674 3459 2725 masculis

1935 2762 2171 2812 numeris
2209 2760 2500 2811 beneﬁcum
2533 2772 2632 2820 est,
2662 2763 2711 2813 in
2740 2760 3006 2814 femininis
3041 2774 3213 2814 autem
3263 2762 3461 2813 maleﬁ-

1939 2866 2056 2900 cum
2107 2858 2207 2909 est.
2270 2849 2425 2900 veluti
2484 2851 3162 2918 computant112113
3215 2867 3228 2902 :
3278 2851 3458 2919 μονάς,

1935 2948 1990 2989 ut
2019 2940 2083 2987 ab
2109 2954 2169 2989 ea
2205 2938 2492 2997 ordiamur,
2524 2937 2581 2988 lit
2615 2938 2737 2994 561.
2772 2939 2857 3004 qui
2908 2954 3157 2989 numerus
3189 2940 3380 2990 desinit
3407 2940 3459 2989 itt

287 3026 375 3077 ἴνα
408 3027 506 3077 ἀπ’
542 3026 713 3093 αὑτῆς
742 3025 1029 3093 ἀρξώμεθα
1048 3026 1113 3086 ⁸⁸,
1146 3026 1349 3090 γίνεται
1379 3024 1505 3088 τξα’.
1529 3024 1563 3076 ἀ
1587 3025 1735 3092 λήγει
1759 3028 1829 3084 εἰς

1938 3028 2233 3084 utonadem.
2285 3028 2550 3076 subtracta
2588 3027 2844 3078 enneade.
2891 3028 3127 3077 8ἰιιιί1ι·ηι
3164 3028 3214 3076 in
3251 3028 3459 3078 modum

292 3114 498 3183 μονάδα
529 3114 631 3181 τῆς
675 3115 917 3174 ἐννεάδος
963 3114 1360 3182 ὑφαιρεθείσης.
1410 3113 1638 3179 ὐμοίως
1668 3114 1831 3179 ψήφι-

292 3216 384 3253 σον
405 3215 418 3228 ’
451 3200 581 3260 δυὰς
610 3199 815 3265 γίνεται
839 3207 934 3266 χε’.
972 3200 1124 3265 ὑφελε
1145 3200 1238 3259 τὰς
1270 3200 1535 3261 ὲννεάδας,
1568 3200 1718 3265 λήγει
1755 3203 1830 3261 εἰς

292 3286 479 3345 δυάδα,
514 3286 611 3337 καὶ
641 3286 1068 3337 ἀποκαθίσταται
1103 3287 1327 3337 ἕκαστον
1350 3289 1426 3346 είς
1456 3287 1515 3337 τὸ
1544 3288 1693 3339 ἴδιον.

368 3375 577 3444 μδ¹.Τῇ
613 3370 706 3425 οῦν
747 3375 932 3441 μονάδι
989 3375 1291 3441 ἀγαθοποιῷ
1347 3374 1477 3445 οὔσῃ
1538 3376 1578 3405 ⁵¹
1619 3379 1694 3436 εἰς
1744 3377 1831 3428 τὸν

300 3461 626 3532 ἀπερίζυγον
654 3462 882 3531 ἀριθμὸν
915 3461 957 3491 ⁸³
983 3462 1212 3529 λήγοντα
1242 3463 1474 3529 ὀνόματα
1514 3463 1765 3531 ἀνωφερῆ
1790 3465 1833 3495 ⁸³

301 3550 599 3615 ἀγαθοποιά
625 3547 761 3601 εἶναι
786 3549 1247 3617 παρατηρούμενοι
1297 3549 1507 3614 λέγουσι
1531 3566 1544 3579 ο
1576 3550 1640 3601 τὰ
1676 3551 1729 3600 δὲ
1758 3551 1834 3611 είς

301 3638 386 3687 τὸν
408 3638 592 3704 ἄρτιον
626 3636 855 3703 ἀριθμὸν
868 3637 1095 3703 λήγοντα
1117 3640 1401 3704 κατωφερῆ
1433 3653 1490 3688 τε
1511 3639 1601 3686 καλ⁵
1631 3637 1835 3704 θηλυκά

302 3727 389 3776 καὶ
444 3725 717 3777 κακοποιά
774 3721 910 3775 εἶναι
948 3724 1271 3791 νενόμισται.
1320 3725 1425 3791 Τὴν
1463 3724 1566 3793 γὰρ
1594 3726 1749 3791 φύσιν
1781 3726 1836 3789 ἐξ

303 3814 552 3865 ἐναντίων
578 3813 622 3843 ⁸⁸
649 3812 1036 3880 συνισταμένην
1070 3812 1309 3876 λέγουσιν
1339 3812 1399 3863 ἐκ
1428 3829 1485 3865 τε
1544 3813 1704 3865 καλοῦ
1748 3815 1839 3865 καὶ

304 3900 491 3961 κακοῦ,
521 3900 712 3970 ὥσπερ
742 3899 912 3963 δεξιὸν
934 3902 1027 3952 καὶ
1051 3899 1343 3969 ἀριστερὸν,
1368 3900 1479 3966 φῶς
1513 3902 1603 3952 καὶ
1632 3903 1835 3963 σκότος.

303 3990 395 4051 νὺξ
423 3991 517 4041 καὶ
545 3990 747 4058 ἡμέρα.
786 3987 895 4055 ζωὴ
926 3989 1015 4039 καὶ
1046 3988 1284 4047 θάνατος.
1331 3987 1445 4037 Ἔτι
1478 3987 1532 4038 δὲ
1561 3989 1650 4037 καὶ
1688 3988 1839 4039 τοῦτο

303 4075 544 4142 λέγουσιν
602 4076 736 4127 ὡσεὶ
796 4076 855 4126 τὸ
913 4075 1040 4135 Θεὸς
1077 4073 1399 4139 ψηφίσας....
1431 4073 1474 4103 ⁵⁸
1509 4076 1600 4125 καὶ
1632 4075 1735 4142 μὴν
1763 4077 1840 4136 εἰς

304 4167 548 4230 πεντάδα,
580 4167 659 4226 εἰς
691 4164 883 4216 ὲννάδα
934 4165 1188 4231 καταντᾷ.
1217 4165 1244 4214 ὃ
1274 4165 1417 4215 ἐστιν
1446 4164 1643 4232 ἄρτιον,
1668 4166 1694 4215 ὃ
1722 4166 1839 4215 ἑπι-

302 4255 504 4322 γραφὲν
536 4252 892 4322 περιάψαντες
948 4251 1351 4319 θεραπεύουσιν.
1391 4253 1596 4303 Οὑτωσὶ
1633 4254 1725 4303 καὶ
1754 4252 1839 4321 βο-

1936 3124 2279 3176 computato:
2337 3115 2473 3175 δυὰς
2528 3118 2584 3166 lit
2646 3115 2768 3177 605,
2824 3114 3121 3167 subtrahite
3175 3114 3461 3173 enneades,

1936 3202 2128 3252 desinit
2160 3202 2210 3251 in
2254 3203 2497 3268 dyadem,
2547 3211 2601 3253 et
2646 3202 2778 3253 redit
2827 3201 3087 3267 singulum
3125 3202 3368 3269 quodque
3409 3201 3462 3253 itt

2006 3381 2090 3431 44.
2132 3380 2337 3432 Llonatli
2372 3381 2554 3443 igitur,
2586 3382 2774 3446 quippe
2808 3396 2925 3446 qua:
2956 3380 3024 3431 sit
3069 3378 3377 3430 beneﬁca...
3409 3377 3461 3429 in

1939 3470 2189 3533 imparem
2221 3485 2495 3520 numerum
2529 3470 2817 3520 desinentia
2854 3470 3063 3519 nomina
3096 3482 3303 3517 sursum
3341 3481 3461 3518 ver-

1937 3560 2111 3625 gentia
2144 3566 2196 3609 et
2230 3558 2457 3608 mascula
2489 3568 2540 3609 et
2568 3557 2822 3615 beneﬁca,
2856 3565 2998 3607 recte
3020 3556 3320 3615 observata,
3345 3568 3462 3605 esse

1938 3650 2157 3707 dicunt;
2195 3662 2315 3712 qua:
2342 3656 2514 3698 atttem
2560 3647 2612 3697 in
2655 3662 2831 3711 parent
2880 3659 3149 3696 numerum
3196 3644 3459 3706 desinunt,

1937 3736 2179 3787 deorsum
2223 3735 2490 3801 vergentia
2544 3742 2599 3785 et
2644 3733 2892 3784 feminina
2942 3743 2994 3782 et
3036 3731 3273 3782 maleﬁca
3344 3745 3463 3784 esse

1936 3823 2134 3873 credita
2180 3830 2321 3873 sunt.
2368 3820 2618 3871 Naturam
2669 3819 2808 3870 enim
2867 3819 3013 3869 aiunt
3062 3832 3125 3869 ex
3179 3818 3465 3871 contrariis

1936 3908 2212 3961 conllatam
2252 3923 2368 3958 esse
2416 3917 2469 3959 et
2509 3922 2570 3959 ex
2605 3908 2743 3960 bono
2774 3917 2827 3960 et
2852 3922 2914 3959 ex
2958 3908 3115 3968 malo,
3152 3907 3305 3959 sicuti
3335 3907 3463 3960 dex-

1940 4002 2073 4043 trttm
2120 4002 2174 4043 et
2208 3993 2505 4054 sinistrum,
2553 3993 2638 4044 lux
2694 4004 2745 4045 et
2791 3994 3041 4053 tenehrre,
3086 4007 3187 4044 nox
3224 4002 3278 4045 et
3329 3993 3460 4052 dies,

1936 4082 2039 4134 vita
2069 4091 2122 4136 et
2146 4098 2308 4135 mors.
2344 4082 2601 4134 Pt'a'tcrea
2634 4087 2728 4134 hoc
2758 4098 2964 4150 quoque
3003 4085 3168 4135 aiunt.
3211 4119 3226 4134 .
3269 4121 3284 4137 .
3328 4120 3343 4134 .
3385 4119 3401 4135 .
3442 4116 3461 4134 .

1941 4205 1955 4220 .
1996 4205 2011 4220 .
2056 4205 2069 4220 .
2113 4204 2128 4221 .
2172 4204 2187 4220 .
2230 4204 2246 4219 .
2283 4170 2529 4234 quodest
2580 4186 2693 4234 par,
2740 4171 2875 4233 qitnd
2920 4172 3227 4236 inscriptum
3274 4169 3465 4221 litteris

1938 4266 2176 4323 aptantes
2204 4258 2409 4323 corpori
2446 4258 2799 4309 medicantur.
2839 4257 2911 4308 Ita
2951 4259 3108 4309 etiam
3144 4257 3301 4310 herba
3324 4271 3467 4324 quae-

300 4343 431 4410 τάνη
465 4344 544 4403 εἰς
571 4342 727 4393 τοῦτο
756 4341 995 4407 λήγουσα
1052 4340 1142 4390 τοῦ
1194 4339 1424 4407 ἀριθμοῦ
1456 4341 1649 4407 ὁμοίιος
1684 4358 1829 4409 περι-

1938 4348 2077 4404 dam.
2114 4360 2229 4408 quae
2257 4346 2451 4398 desinit
2488 4346 2536 4395 in
2573 4346 2709 4396 hunc
2756 4360 3059 4407 numerum,
3092 4345 3338 4396 similiter
3369 4360 3465 4410 ap-

300 4431 527 4497 αφθεῖσα
552 4433 762 4499 ἐνεργεῖ
797 4429 881 4481 διά
913 4428 1007 4495 τὴν
1053 4427 1237 4495 ὁμοίαν
1268 4426 1358 4476 τοῦ
1390 4426 1615 4493 ἀριθμοῦ
1639 4427 1832 4493 ψῆφον.

312 4521 467 4572 Ἀλλά
498 4522 593 4572 καὶ
654 4519 832 4587 ἰατρὸς
882 4517 1039 4586 ὁμοία
1074 4518 1117 4547 ⁵⁸
1149 4516 1308 4584 ψήφῳ
1336 4514 1642 4583 ἀρρώστους
1679 4515 1837 4583 θερα-

301 4608 453 4660 πεὺει
503 4607 717 4677 ῥᾳδίως.
772 4606 988 4667 Τούτοις
1022 4608 1131 4666 τοῖς
1190 4603 1434 4673 ἀριθμοῖς
1492 4604 1839 4671 προσέχοντες

302 4694 397 4747 ὅσα
443 4697 605 4764 ὃμοια
668 4690 701 4767 ᾗ
756 4692 1055 4760 λογίζονται
1115 4691 1253 4744 κατά
1300 4692 1443 4743 τόνδε
1496 4693 1585 4743 τὸν
1635 4691 1756 4744 νοῦν
1792 4694 1839 4743 ot

305 4784 399 4851 μὶν
429 4785 474 4817 ⁸⁷
506 4784 650 4838 κατά
679 4784 957 4852 φωνήεντα
994 4780 1149 4849 μόνα,
1180 4782 1227 4833 οἱ
1255 4780 1309 4832 δὲ
1342 4781 1480 4834 κατά
1526 4780 1698 4832 πάντα
1751 4779 1840 4831 τὸν

1940 4440 2043 4483 tata
2071 4431 2251 4483 eﬂicax
2280 4442 2364 4482 est
2394 4442 2608 4497 propter
2641 4432 2866 4483 similem
2904 4432 3105 4483 numeri
3139 4440 3463 4496 computum.

1945 4518 2131 4568 Verum
2157 4518 2312 4568 etiam
2346 4518 2581 4569 medicus
2606 4518 2762 4568 simili
2791 4533 3008 4570 nmnero
3038 4526 3261 4584 mgrotos
3287 4526 3460 4575 sanat;

1939 4604 2021 4654 sin
2051 4604 2303 4655 adversus
2340 4604 2440 4655 erit
2465 4619 2740 4661 numerus.
2794 4620 2899 4656 non
2936 4604 3087 4655 facile
3113 4604 3342 4655 sanabit.
3373 4602 3465 4654 llis

1943 4690 2177 4743 numeris
2205 4692 2499 4743 observatis
2538 4706 2761 4757 quaeque
2788 4701 2912 4744 sunt
2940 4691 3128 4743 similia
3160 4699 3467 4757 computant

1942 4794 2006 4833 cx
2036 4780 2133 4833 hac
2164 4780 2366 4833 ratione
2394 4781 2480 4832 alii
2514 4781 2726 4848 quidem
2760 4781 3047 4834 secundum
3072 4778 3281 4831 vocales
3304 4777 3465 4839 solas,

1573 4928 1798 4981 VARI/Ii
1830 4928 2224 4983 LECTIONES.

370 5022 409 5053 "
444 5020 602 5074 τοῦτο
622 5018 1079 5089 ,ἡμισφαίριονίο
1155 5021 1197 5089 ξ’
1227 5019 1366 5071 Inter
1395 5020 1536 5086 ὕδωρ
1565 5030 1616 5072 et
1644 5020 1764 5089 καθ’
1793 5021 2076 5087 ὑφαίρεσιν
2102 5020 2548 5089 évvabmvlacuna
2580 5035 2697 5089 esse
2734 5021 2962 5089 videtur.
2996 5019 3115 5087 quia
3146 5020 3197 5072 in
3228 5015 3468 5089 superio-

306 5089 451 5141 .ibtts
500 5088 633 5141 nihil
657 5084 751 5140 "de
784 5084 1042 5138 enneatlis
1079 5088 1281 5138 ratione
1320 5084 1516 5139 dictum
1554 5097 1633 5139 est
1670 5088 1735 5147 Μ,
1773 5084 1863 5139 sed
1899 5084 1969 5138 cf.
2001 5103 2154 5152 supra
2185 5103 2299 5153 cap.
2334 5088 2415 5141 Η.
2492 5088 2537 5118 ⁸³
2565 5088 2900 5153 ἀναλυόμενα
2931 5084 3216 5149 lioeperus,
3240 5084 3469 5153 ἀποδυόο

347 5172 438 5207 ενα
466 5156 527 5213 C.
562 5155 630 5207 Μ.
706 5156 751 5186 ³³
778 5155 980 5206 ἐνάδων
1003 5153 1061 5204 C.
1157 5155 1200 5184 ³³
1235 5154 1379 5217 λέγει
1430 5157 1677 5206 οἰκειωσα

347 5172 438 5207 ενα
466 5172 527 5213 υ.
562 5172 630 5207 Μ.
706 5172 751 5186 ⁹’
778 5172 980 5206 εναοων
1003 5172 1061 5204 ιλ.
1157 5172 1200 5184 "
1236 5172 1379 5217 Αεγει
1430 5172 1553 5206 οικει

308 5172 463 5289 θιῆλυν
493 5223 564 5276 Μ.
600 5288 603 5289 ν
642 5223 684 5253 ³⁷
713 5223 953 5287 τέτταρα
987 5218 1294 5289 Roeperus._
1314 5221 1470 5289 ἕτερα
1493 5222 1553 5279 (Ζ,

308 5285 504 5358 ξυροει
550 5288 683 5357 οὔσῃ
730 5289 855 5358 fort.
886 5285 1233 5358 inserendum
1276 5285 1610 5358 [ἀκολούθως
1633 5288 1719 5358 τά]
1747 5289 1825 5358 Μ.

310 5354 428 5407 fort.
470 5374 571 5409 nott
614 5352 969 5412 mutandum;
1003 5352 1035 5416 ἡ

306 5434 502 5488 spectes
540 5427 619 5484 ei;
662 5424 752 5474 τὸν
801 5417 1059 5490 περιττὸν
1097 5419 1188 5490 ἀρ.
1238 5417 1579 5490 Μεῄάριθμοῦ
1616 5423 1678 5490 Cr.

304 5485 617 5560 τῂρορμενα,
670 5490 771 5543 nisi
822 5485 983 5554 plura
1049 5487 1253 5538 turbata
1289 5485 1359 5541 Μ.
1392 5485 1403 5490 ⁷
1428 5485 1729 5540 ⁴⁸ίὲναντίου
1767 5490 1827 5542 C.

302 5558 473 5626 lava;

1684 5156 1813 5223 μένη
1850 5156 1928 5216 εἰς
1970 5154 2217 5223 (ἶςνλέγει
2242 5171 2271 5223 °_
2309 5154 2578 5206 οἰκειῶσαι
2626 5155 2660 5206 ἀ

1586 5220 1652 5272 Μ.
1688 5220 1771 5289 ⁷γ³³
1802 5220 2207 5289 προσοικείωται
2235 5221 2296 5273 C.

1929 5290 1972 5319 δ’
2000 5288 2317 5356 ἀπερίζυγος
2370 5288 2609 5356 ἀριθμὸς
2627 5288 2875 5355 singulari
2925 5288 3078 5340 modo
3122 5288 3337 5344 dictum.
3372 5288 3462 5336 sed

1069 5352 1194 5423 δυὰς
1221 5352 1369 5423 enim
1392 5353 1613 5423 περίζυξ
1644 5352 1867 5423 ἀρἰομὸς
1908 5352 2153 5421 appellari
2194 5364 2383 5423 potest.
2410 5352 2547 5408 unde
2580 5357 2611 5422 ή
2646 5352 2807 5422 μονάς
2846 5358 2946 5407 erit
2974 5356 3296 5423 ἀπερίζυγος
3323 5370 3338 5413 ;
3373 5368 3465 5402 ex-

3167 5155 3210 5184 ι·
3248 5152 3378 5219 θῆλυ
3403 5153 3463 5219 e.

2730 5154 2845 5221 μὲνί
2868 5158 2947 5215 είς
3006 5154 3075 5205 Μ.

3305 5218 3370 5270 θα
3401 5218 3459 5271 C.

2388 5223 2429 5252 ”
2453 5222 2547 5290 ζοῇ
2581 5224 2634 5290 ὴ.
2665 5222 2755 5290 ζοῇ
2780 5222 2840 5283 C,
2867 5222 2940 5290 Μ.
3016 5222 3059 5290 ‘_'
3091 5221 3298 5290 ἀρξάμε

1766 5426 1811 5493 ⁸]
1846 5424 1970 5493 Leg.
1996 5423 2254 5493 _&.vwcpspﬁ
2289 5421 2401 5490 [καὶ
2438 5421 2693 5493 ἀρσενικὰ
2732 5424 2843 5493 καὶ]
2878 5421 3261 5493 ἀγαθᾼοποιᾲ--τ
3286 5436 3464 5493 «rapa:

1917 5490 1961 5522 ⁸⁸
1992 5488 2255 5543 Lacunam
2290 5488 2500 5543 notavit
2536 5488 2605 5543 Μ.

2712 5491 2759 5522 ιι
2787 5487 2952 5560 ὁμοίῳ
2982 5490 3043 5544 c.
3144 5488 3187 5520 ιτ
3216 5489 3264 5541 οι
3290 5488 3404 5557 μέν.
3436 5487 3465 5539 δ
3520 5566 3521 5569 γ
