  <div class='ocr_page' id='page_1' title='image "/cluster/home/n/w/nwhite01/storage/ocr_20150623/16, pt. 3 (Origen, pt. 6)/nyp.33433081862322/416.png"; bbox 0 0 3880 6446; ppageno 0'>
   <div class='ocr_carea' id='block_1_1' title="bbox 230 393 376 460">
    <p class='ocr_par' dir='ltr' id='par_1_1' title="bbox 230 393 376 460">
     <span class='ocr_line' id='line_1_1' title="bbox 230 393 376 460; baseline -0.021 0"><span class='ocrx_word' id='word_1_1' title='bbox 230 393 376 460; x_wconf 65' lang='grc' dir='ltr'>θὶῖῐι</span> 
     </span>
    </p>
   </div>
   <div class='ocr_carea' id='block_1_2' title="bbox 1368 412 2304 475">
    <p class='ocr_par' dir='ltr' id='par_1_2' title="bbox 1368 412 2304 475">
     <span class='ocr_line' id='line_1_2' title="bbox 1368 412 2304 475; baseline 0.004 -4"><span class='ocrx_word' id='word_1_2' title='bbox 1368 412 1657 474; x_wconf 77' lang='lat' dir='ltr'><strong>CONTRA</strong></span> <span class='ocrx_word' id='word_1_3' title='bbox 1694 416 2049 475; x_wconf 71' lang='lat' dir='ltr'><strong>H/ERESES</strong></span> <span class='ocrx_word' id='word_1_4' title='bbox 2080 417 2222 474; x_wconf 92' lang='lat' dir='ltr'><strong>LIB.</strong></span> <span class='ocrx_word' id='word_1_5' title='bbox 2260 418 2304 475; x_wconf 85' lang='lat' dir='ltr'><strong>V</strong></span> 
     </span>
    </p>
   </div>
   <div class='ocr_carea' id='block_1_3' title="bbox 3310 420 3444 485">
    <p class='ocr_par' dir='ltr' id='par_1_3' title="bbox 3310 420 3444 485">
     <span class='ocr_line' id='line_1_3' title="bbox 3310 420 3444 485; baseline 0 -2"><span class='ocrx_word' id='word_1_6' title='bbox 3310 420 3444 485; x_wconf 84' lang='lat'><strong>3176</strong></span> 
     </span>
    </p>
   </div>
   <div class='ocr_carea' id='block_1_4' title="bbox 244 506 1827 595">
    <p class='ocr_par' dir='ltr' id='par_1_4' title="bbox 244 506 1825 591">
     <span class='ocr_line' id='line_1_4' title="bbox 244 506 1825 591; baseline 0.008 -29"><span class='ocrx_word' id='word_1_7' title='bbox 244 508 385 562; x_wconf 76' lang='grc' dir='ltr'>πᾶσι</span> <span class='ocrx_word' id='word_1_8' title='bbox 433 506 549 569; x_wconf 71' lang='grc' dir='ltr'>τοῖς</span> <span class='ocrx_word' id='word_1_9' title='bbox 595 515 931 583; x_wconf 74' lang='grc' dir='ltr'><strong>γινομένοις</strong></span> <span class='ocrx_word' id='word_1_10' title='bbox 957 559 970 581; x_wconf 91' lang='grc'><strong>,</strong></span> <span class='ocrx_word' id='word_1_11' title='bbox 1009 520 1101 574; x_wconf 77' lang='grc' dir='ltr'><strong>καὶ</strong></span> <span class='ocrx_word' id='word_1_12' title='bbox 1142 517 1397 588; x_wconf 76' lang='grc' dir='ltr'>γνώσεται</span> <span class='ocrx_word' id='word_1_13' title='bbox 1440 522 1486 551; x_wconf 79' lang='grc'><strong>’⁸</strong></span> <span class='ocrx_word' id='word_1_14' title='bbox 1534 524 1614 575; x_wconf 84' lang='grc' dir='ltr'>ὅτι</span> <span class='ocrx_word' id='word_1_15' title='bbox 1663 530 1825 591; x_wconf 81' lang='grc' dir='ltr'>χωρὶς</span> 
     </span>
    </p>
   </div>
   <div class='ocr_carea' id='block_1_5' title="bbox 1932 506 3443 595">
    <p class='ocr_par' dir='ltr' id='par_1_5' title="bbox 1932 524 3443 595">
     <span class='ocr_line' id='line_1_5' title="bbox 1932 524 3443 595; baseline 0.001 -18"><span class='ocrx_word' id='word_1_16' title='bbox 1932 535 2141 592; x_wconf 85' lang='lat' dir='ltr'><strong>possunt</strong></span> <span class='ocrx_word' id='word_1_17' title='bbox 2168 538 2401 577; x_wconf 90' lang='lat' dir='ltr'><strong>cernere.</strong></span> <span class='ocrx_word' id='word_1_18' title='bbox 2432 524 2636 576; x_wconf 78' lang='lat' dir='ltr'><strong>Etenim</strong></span> <span class='ocrx_word' id='word_1_19' title='bbox 2676 526 2741 579; x_wconf 87' lang='lat' dir='ltr'><strong>ad</strong></span> <span class='ocrx_word' id='word_1_20' title='bbox 2786 541 3044 580; x_wconf 90' lang='lat' dir='ltr'><strong>summum</strong></span> <span class='ocrx_word' id='word_1_21' title='bbox 3099 526 3211 593; x_wconf 79' lang='lat' dir='ltr'><strong>ejus</strong></span> <span class='ocrx_word' id='word_1_22' title='bbox 3269 539 3443 595; x_wconf 86' lang='lat' dir='ltr'><strong>caput,</strong></span> 
     </span>
    </p>
   </div>
   <div class='ocr_carea' id='block_1_6' title="bbox 250 597 1819 679">
    <p class='ocr_par' dir='ltr' id='par_1_6' title="bbox 250 597 1819 679">
     <span class='ocr_line' id='line_1_6' title="bbox 250 597 1819 679; baseline 0.003 -22"><span class='ocrx_word' id='word_1_23' title='bbox 250 597 420 657; x_wconf 70' lang='grc' dir='ltr'>αὐτοῦ</span> <span class='ocrx_word' id='word_1_24' title='bbox 453 597 660 673; x_wconf 72' lang='grc' dir='ltr'>[οὐδὲν]</span> <span class='ocrx_word' id='word_1_25' title='bbox 716 606 767 637; x_wconf 69' lang='grc'><strong>’⁸</strong></span> <span class='ocrx_word' id='word_1_26' title='bbox 806 608 934 662; x_wconf 70' lang='grc' dir='ltr'>οὔτε</span> <span class='ocrx_word' id='word_1_27' title='bbox 968 611 1073 663; x_wconf 83' lang='grc' dir='ltr'>τῶν</span> <span class='ocrx_word' id='word_1_28' title='bbox 1108 609 1363 679; x_wconf 74' lang='grc' dir='ltr'><strong>οὐρανίων</strong></span> <span class='ocrx_word' id='word_1_29' title='bbox 1412 609 1533 662; x_wconf 69' lang='grc' dir='ltr'>οὔτε</span> <span class='ocrx_word' id='word_1_30' title='bbox 1561 612 1669 663; x_wconf 82' lang='grc' dir='ltr'><strong>τῶν</strong></span> <span class='ocrx_word' id='word_1_31' title='bbox 1701 614 1819 662; x_wconf 79' lang='grc' dir='ltr'>ἐπι-</span> 
     </span>
    </p>
   </div>
   <div class='ocr_carea' id='block_1_7' title="bbox 249 692 1817 774">
    <p class='ocr_par' dir='ltr' id='par_1_7' title="bbox 249 692 1817 774">
     <span class='ocr_line' id='line_1_7' title="bbox 249 692 1817 774; baseline 0.007 -29"><span class='ocrx_word' id='word_1_32' title='bbox 249 692 420 762; x_wconf 79' lang='grc' dir='ltr'>γείων</span> <span class='ocrx_word' id='word_1_33' title='bbox 451 692 573 747; x_wconf 73' lang='grc' dir='ltr'>οὔτε</span> <span class='ocrx_word' id='word_1_34' title='bbox 632 698 748 751; x_wconf 82' lang='grc' dir='ltr'><strong>τῶν</strong></span> <span class='ocrx_word' id='word_1_35' title='bbox 788 704 1154 773; x_wconf 77' lang='grc' dir='ltr'><strong>καταχθονίων</strong></span> <span class='ocrx_word' id='word_1_36' title='bbox 1200 702 1517 774; x_wconf 80' lang='grc' dir='ltr'>συνέστηκεν</span> <span class='ocrx_word' id='word_1_37' title='bbox 1559 721 1571 734; x_wconf 91' lang='grc'><strong>·</strong></span> <span class='ocrx_word' id='word_1_38' title='bbox 1606 706 1665 757; x_wconf 83' lang='grc' dir='ltr'>οὐ</span> <span class='ocrx_word' id='word_1_39' title='bbox 1703 704 1817 768; x_wconf 79' lang='grc' dir='ltr'>νὺξ,</span> 
     </span>
    </p>
   </div>
   <div class='ocr_carea' id='block_1_8' title="bbox 249 784 1818 863">
    <p class='ocr_par' dir='ltr' id='par_1_8' title="bbox 249 784 1818 863">
     <span class='ocr_line' id='line_1_8' title="bbox 249 784 1818 863; baseline 0.006 -26"><span class='ocrx_word' id='word_1_40' title='bbox 249 788 313 839; x_wconf 74' lang='grc' dir='ltr'>οὐ</span> <span class='ocrx_word' id='word_1_41' title='bbox 352 786 579 857; x_wconf 78' lang='grc' dir='ltr'>σελήνη,</span> <span class='ocrx_word' id='word_1_42' title='bbox 614 788 678 840; x_wconf 76' lang='grc' dir='ltr'>οὐ</span> <span class='ocrx_word' id='word_1_43' title='bbox 723 795 954 860; x_wconf 73' lang='grc' dir='ltr'>καρποὶ,</span> <span class='ocrx_word' id='word_1_44' title='bbox 990 794 1046 845; x_wconf 83' lang='grc' dir='ltr'>οὐ</span> <span class='ocrx_word' id='word_1_45' title='bbox 1081 793 1286 859; x_wconf 86' lang='grc' dir='ltr'>γένεσις</span> <span class='ocrx_word' id='word_1_46' title='bbox 1308 833 1323 858; x_wconf 92' lang='grc'><strong>,</strong></span> <span class='ocrx_word' id='word_1_47' title='bbox 1353 798 1412 848; x_wconf 77' lang='grc' dir='ltr'>οὐ</span> <span class='ocrx_word' id='word_1_48' title='bbox 1452 784 1693 858; x_wconf 76' lang='grc' dir='ltr'>πλοῦτος,</span> <span class='ocrx_word' id='word_1_49' title='bbox 1723 796 1818 863; x_wconf 84' lang='grc' dir='ltr'>οὐχ</span> 
     </span>
    </p>
   </div>
   <div class='ocr_carea' id='block_1_9' title="bbox 244 875 2015 953">
    <p class='ocr_par' dir='ltr' id='par_1_9' title="bbox 244 875 2015 953">
     <span class='ocr_line' id='line_1_9' title="bbox 244 875 2015 953; baseline 0.002 -23"><span class='ocrx_word' id='word_1_50' title='bbox 244 875 570 945; x_wconf 73' lang='grc' dir='ltr'><strong>ὁδοιπορία,</strong></span> <span class='ocrx_word' id='word_1_51' title='bbox 597 878 707 930; x_wconf 76' lang='grc' dir='ltr'>οὐδ’</span> <span class='ocrx_word' id='word_1_52' title='bbox 741 880 882 943; x_wconf 77' lang='grc' dir='ltr'>ὅλως</span> <span class='ocrx_word' id='word_1_53' title='bbox 911 900 961 935; x_wconf 91' lang='grc' dir='ltr'><strong>τι</strong></span> <span class='ocrx_word' id='word_1_54' title='bbox 992 882 1096 935; x_wconf 86' lang='grc' dir='ltr'><strong>τῶν</strong></span> <span class='ocrx_word' id='word_1_55' title='bbox 1123 882 1286 937; x_wconf 78' lang='grc' dir='ltr'>ὄντων</span> <span class='ocrx_word' id='word_1_56' title='bbox 1350 885 1464 936; x_wconf 71' lang='grc' dir='ltr'>ἐστὶ</span> <span class='ocrx_word' id='word_1_57' title='bbox 1491 885 1612 953; x_wconf 84' lang='grc' dir='ltr'>δίχα</span> <span class='ocrx_word' id='word_1_58' title='bbox 1667 884 2015 952; x_wconf 80' lang='grc' dir='ltr'><strong>σημαίνοντος</strong></span> 
     </span>
    </p>
   </div>
   <div class='ocr_carea' id='block_1_10' title="bbox 1921 614 3445 684">
    <p class='ocr_par' dir='ltr' id='par_1_10' title="bbox 1921 614 3445 684">
     <span class='ocr_line' id='line_1_10' title="bbox 1921 614 3445 684; baseline 0.003 -19"><span class='ocrx_word' id='word_1_59' title='bbox 1921 615 2059 683; x_wconf 86' lang='lat' dir='ltr'><strong>quod</strong></span> <span class='ocrx_word' id='word_1_60' title='bbox 2092 614 2315 666; x_wconf 76' lang='lat' dir='ltr'><strong>maxime</strong></span> <span class='ocrx_word' id='word_1_61' title='bbox 2361 614 2665 666; x_wconf 83' lang='lat' dir='ltr'><strong>incredibile</strong></span> <span class='ocrx_word' id='word_1_62' title='bbox 2710 624 2790 668; x_wconf 88' lang='lat' dir='ltr'><strong>est</strong></span> <span class='ocrx_word' id='word_1_63' title='bbox 2828 617 2889 668; x_wconf 81' lang='lat' dir='ltr'><strong>iis</strong></span> <span class='ocrx_word' id='word_1_64' title='bbox 2933 618 3019 684; x_wconf 92' lang='lat' dir='ltr'><strong>qui</strong></span> <span class='ocrx_word' id='word_1_65' title='bbox 3057 618 3317 678; x_wconf 88' lang='lat' dir='ltr'><strong>nesciunt,</strong></span> <span class='ocrx_word' id='word_1_66' title='bbox 3349 620 3445 669; x_wconf 77' lang='lat' dir='ltr'><strong>mi-</strong></span> 
     </span>
    </p>
   </div>
   <div class='ocr_carea' id='block_1_11' title="bbox 1922 705 3445 770">
    <p class='ocr_par' dir='ltr' id='par_1_11' title="bbox 1922 705 3445 770">
     <span class='ocr_line' id='line_1_11' title="bbox 1922 705 3445 770; baseline -0.003 -14"><span class='ocrx_word' id='word_1_67' title='bbox 1922 714 2127 756; x_wconf 81' lang='lat' dir='ltr'><strong>scentur</strong></span> <span class='ocrx_word' id='word_1_68' title='bbox 2157 712 2204 755; x_wconf 81' lang='lat' dir='ltr'><strong>et</strong></span> <span class='ocrx_word' id='word_1_69' title='bbox 2238 718 2447 755; x_wconf 81' lang='lat' dir='ltr'><strong>occasus</strong></span> <span class='ocrx_word' id='word_1_70' title='bbox 2475 712 2521 755; x_wconf 87' lang='lat' dir='ltr'><strong>et</strong></span> <span class='ocrx_word' id='word_1_71' title='bbox 2559 711 2699 755; x_wconf 80' lang='lat' dir='ltr'><strong>ortus</strong></span> <span class='ocrx_word' id='word_1_72' title='bbox 2729 706 2960 762; x_wconf 79' lang='lat' dir='ltr'><strong>invicem.</strong></span> <span class='ocrx_word' id='word_1_73' title='bbox 2998 705 3106 758; x_wconf 85' lang='lat' dir='ltr'><strong>Hoc</strong></span> <span class='ocrx_word' id='word_1_74' title='bbox 3132 715 3231 770; x_wconf 87' lang='lat' dir='ltr'><strong>est,</strong></span> <span class='ocrx_word' id='word_1_75' title='bbox 3256 705 3318 757; x_wconf 88' lang='lat' dir='ltr'><strong>de</strong></span> <span class='ocrx_word' id='word_1_76' title='bbox 3343 715 3445 769; x_wconf 89' lang='lat' dir='ltr'><strong>quo</strong></span> 
     </span>
    </p>
   </div>
   <div class='ocr_carea' id='block_1_12' title="bbox 1922 793 2661 860">
    <p class='ocr_par' dir='ltr' id='par_1_12' title="bbox 1922 793 2661 860">
     <span class='ocr_line' id='line_1_12' title="bbox 1922 793 2661 860; baseline 0.001 -16"><span class='ocrx_word' id='word_1_77' title='bbox 1922 793 2052 845; x_wconf 79' lang='lat' dir='ltr'><strong>dixit</strong></span> <span class='ocrx_word' id='word_1_78' title='bbox 2082 793 2477 860; x_wconf 73' lang='lat' dir='ltr'><strong>ignorantia,&#39;in</strong></span> <span class='ocrx_word' id='word_1_79' title='bbox 2509 793 2661 845; x_wconf 75' lang='lat' dir='ltr'><strong>cmln.</strong></span> 
     </span>
    </p>
   </div>
   <div class='ocr_carea' id='block_1_13' title="bbox 2102 881 3447 953">
    <p class='ocr_par' dir='ltr' id='par_1_13' title="bbox 2102 881 3447 953">
     <span class='ocr_line' id='line_1_13' title="bbox 2102 881 3447 953; baseline 0 -20"><span class='ocrx_word' id='word_1_80' title='bbox 2102 881 2327 934; x_wconf 82' lang='grc' dir='ltr'>ἐκείνου.</span> <span class='ocrx_word' id='word_1_81' title='bbox 2375 883 2495 934; x_wconf 74' lang='grc' dir='ltr'><strong>Ἐπὶ</strong></span> <span class='ocrx_word' id='word_1_82' title='bbox 2543 882 2749 942; x_wconf 78' lang='grc' dir='ltr'>τούτου,</span> <span class='ocrx_word' id='word_1_83' title='bbox 2782 884 2797 953; x_wconf 73' lang='grc' dir='ltr'><strong>Ι</strong></span> <span class='ocrx_word' id='word_1_84' title='bbox 2825 884 3004 952; x_wconf 62' lang='grc' dir='ltr'>φησιν,</span> <span class='ocrx_word' id='word_1_85' title='bbox 3073 884 3188 935; x_wconf 75' lang='grc' dir='ltr'>ἐστὶ</span> <span class='ocrx_word' id='word_1_86' title='bbox 3217 884 3277 935; x_wconf 80' lang='grc' dir='ltr'>τὸ</span> <span class='ocrx_word' id='word_1_87' title='bbox 3309 884 3447 951; x_wconf 87' lang='grc' dir='ltr'>μέγα</span> 
     </span>
    </p>
   </div>
   <div class='ocr_carea' id='block_1_14' title="bbox 242 963 3451 1041">
    <p class='ocr_par' dir='ltr' id='par_1_14' title="bbox 242 963 3451 1041">
     <span class='ocr_line' id='line_1_14' title="bbox 242 963 3451 1041; baseline 0.002 -24"><span class='ocrx_word' id='word_1_88' title='bbox 242 963 467 1035; x_wconf 61' lang='grc' dir='ltr'>θιέὗμα</span> <span class='ocrx_word' id='word_1_89' title='bbox 519 964 793 1036; x_wconf 82' lang='grc' dir='ltr'>ὁρώμενον</span> <span class='ocrx_word' id='word_1_90' title='bbox 854 971 912 1021; x_wconf 79' lang='grc' dir='ltr'>ἐν</span> <span class='ocrx_word' id='word_1_91' title='bbox 960 970 1036 1038; x_wconf 84' lang='grc' dir='ltr'>τῷ</span> <span class='ocrx_word' id='word_1_92' title='bbox 1081 971 1287 1040; x_wconf 81' lang='grc' dir='ltr'>οὐρανῷ</span> <span class='ocrx_word' id='word_1_93' title='bbox 1340 974 1450 1034; x_wconf 82' lang='grc' dir='ltr'>τοῖς</span> <span class='ocrx_word' id='word_1_94' title='bbox 1500 973 1807 1041; x_wconf 78' lang='grc' dir='ltr'>δυναμένοις</span> <span class='ocrx_word' id='word_1_95' title='bbox 1849 971 1993 1023; x_wconf 86' lang='grc' dir='ltr'>ίδεῖν.</span> <span class='ocrx_word' id='word_1_96' title='bbox 2024 969 2180 1022; x_wconf 86' lang='grc' dir='ltr'>Κατά</span> <span class='ocrx_word' id='word_1_97' title='bbox 2220 971 2345 1038; x_wconf 72' lang='grc' dir='ltr'>γὰρ,</span> <span class='ocrx_word' id='word_1_98' title='bbox 2378 972 2525 1040; x_wconf 76' lang='grc' dir='ltr'>φησὶ,</span> <span class='ocrx_word' id='word_1_99' title='bbox 2590 972 2786 1041; x_wconf 68' lang='grc' dir='ltr'>ταύτην</span> <span class='ocrx_word' id='word_1_100' title='bbox 2818 976 2911 1041; x_wconf 77' lang='grc' dir='ltr'>τὴν</span> <span class='ocrx_word' id='word_1_101' title='bbox 2961 974 3130 1041; x_wconf 67' lang='grc' dir='ltr'>ἄκραν</span> <span class='ocrx_word' id='word_1_102' title='bbox 3159 972 3318 1024; x_wconf 80' lang='grc' dir='ltr'>αὐτοῦ</span> <span class='ocrx_word' id='word_1_103' title='bbox 3350 971 3451 1037; x_wconf 79' lang='grc' dir='ltr'><strong>τὴν</strong></span> 
     </span>
    </p>
   </div>
   <div class='ocr_carea' id='block_1_15' title="bbox 242 1054 3445 1128">
    <p class='ocr_par' dir='ltr' id='par_1_15' title="bbox 242 1054 3445 1128">
     <span class='ocr_line' id='line_1_15' title="bbox 242 1054 3445 1128; baseline 0.002 -24"><span class='ocrx_word' id='word_1_104' title='bbox 242 1054 557 1123; x_wconf 73' lang='grc' dir='ltr'>κεφαλὴν,</span> <span class='ocrx_word' id='word_1_105' title='bbox 589 1055 726 1123; x_wconf 85' lang='grc' dir='ltr'>ὅπερ</span> <span class='ocrx_word' id='word_1_106' title='bbox 752 1055 967 1108; x_wconf 77' lang='grc' dir='ltr'>πάντων</span> <span class='ocrx_word' id='word_1_107' title='bbox 995 1058 1335 1128; x_wconf 71' lang='grc' dir='ltr'>ἀπιστότερον</span> <span class='ocrx_word' id='word_1_108' title='bbox 1357 1062 1466 1121; x_wconf 85' lang='grc' dir='ltr'>τοῖς</span> <span class='ocrx_word' id='word_1_109' title='bbox 1521 1061 1616 1111; x_wconf 82' lang='grc' dir='ltr'><strong>οὐκ</strong></span> <span class='ocrx_word' id='word_1_110' title='bbox 1646 1059 1828 1123; x_wconf 72' lang='grc' dir='ltr'>εἰδόσι,</span> <span class='ocrx_word' id='word_1_111' title='bbox 1863 1060 2176 1128; x_wconf 77' lang='grc' dir='ltr'>μίσγονται</span> <span class='ocrx_word' id='word_1_112' title='bbox 2212 1058 2256 1089; x_wconf 80' lang='grc'><strong>’⁷</strong></span> <span class='ocrx_word' id='word_1_113' title='bbox 2300 1058 2473 1124; x_wconf 82' lang='grc' dir='ltr'>δύσις</span> <span class='ocrx_word' id='word_1_114' title='bbox 2546 1077 2608 1113; x_wconf 82' lang='grc' dir='ltr'><strong>τε</strong></span> <span class='ocrx_word' id='word_1_115' title='bbox 2657 1062 2752 1113; x_wconf 79' lang='grc' dir='ltr'>καί</span> <span class='ocrx_word' id='word_1_116' title='bbox 2804 1063 3063 1128; x_wconf 74' lang='grc' dir='ltr'>ἀνατολὴ</span> <span class='ocrx_word' id='word_1_117' title='bbox 3133 1060 3445 1127; x_wconf 68' lang='grc' dir='ltr'>ἀλλήλαις.</span> 
     </span>
    </p>
   </div>
   <div class='ocr_carea' id='block_1_16' title="bbox 241 1138 1743 1215">
    <p class='ocr_par' dir='ltr' id='par_1_16' title="bbox 241 1138 1743 1215">
     <span class='ocr_line' id='line_1_16' title="bbox 241 1138 1743 1215; baseline 0.006 -22"><span class='ocrx_word' id='word_1_118' title='bbox 241 1143 539 1195; x_wconf 83' lang='grc' dir='ltr'>ἰὀυτέστι</span> <span class='ocrx_word' id='word_1_119' title='bbox 572 1145 701 1212; x_wconf 73' lang='grc' dir='ltr'>περὶ</span> <span class='ocrx_word' id='word_1_120' title='bbox 724 1138 785 1197; x_wconf 74' lang='grc' dir='ltr'><strong>οὗ</strong></span> <span class='ocrx_word' id='word_1_121' title='bbox 814 1140 963 1198; x_wconf 82' lang='grc' dir='ltr'>εἶπεν</span> <span class='ocrx_word' id='word_1_122' title='bbox 992 1147 1024 1215; x_wconf 82' lang='grc' dir='ltr'><strong>ή</strong></span> <span class='ocrx_word' id='word_1_123' title='bbox 1056 1148 1292 1212; x_wconf 81' lang='grc' dir='ltr'>ἀγνωσία</span> <span class='ocrx_word' id='word_1_124' title='bbox 1315 1163 1328 1178; x_wconf 89' lang='grc'><strong>·</strong></span> <span class='ocrx_word' id='word_1_125' title='bbox 1374 1148 1474 1201; x_wconf 85' lang='grc' dir='ltr'>Ἐν</span> <span class='ocrx_word' id='word_1_126' title='bbox 1496 1149 1743 1215; x_wconf 72' lang='grc' dir='ltr'>οὐρανῷο</span> 
     </span>
    </p>
   </div>
   <div class='ocr_carea' id='block_1_17' title="bbox 302 1252 1807 1324">
    <p class='ocr_par' dir='ltr' id='par_1_17' title="bbox 302 1252 1807 1324">
     <span class='ocr_line' id='line_1_17' title="bbox 302 1252 1807 1324; baseline 0.005 -20"><span class='ocrx_word' id='word_1_127' title='bbox 302 1252 649 1306; x_wconf 68' lang='grc' dir='ltr'>Εἰλεῐταιη</span> <span class='ocrx_word' id='word_1_128' title='bbox 663 1252 817 1321; x_wconf 80' lang='grc' dir='ltr'>μέγα</span> <span class='ocrx_word' id='word_1_129' title='bbox 833 1254 1022 1322; x_wconf 80' lang='grc' dir='ltr'>θαῦμα</span> <span class='ocrx_word' id='word_1_130' title='bbox 1038 1255 1270 1322; x_wconf 74' lang='grc' dir='ltr'>Δράκων</span> <span class='ocrx_word' id='word_1_131' title='bbox 1292 1257 1504 1311; x_wconf 79' lang='grc' dir='ltr'>δεινοῖο</span> <span class='ocrx_word' id='word_1_132' title='bbox 1524 1257 1807 1324; x_wconf 78' lang='grc' dir='ltr'><strong>πελώρου.</strong></span> 
     </span>
    </p>
   </div>
   <div class='ocr_carea' id='block_1_18' title="bbox 252 1360 1820 1434">
    <p class='ocr_par' dir='ltr' id='par_1_18' title="bbox 252 1360 1820 1434">
     <span class='ocr_line' id='line_1_18' title="bbox 252 1360 1820 1434; baseline 0.003 -20"><span class='ocrx_word' id='word_1_133' title='bbox 252 1360 665 1433; x_wconf 78' lang='grc' dir='ltr'>Ἐκατέρωθεν</span> <span class='ocrx_word' id='word_1_134' title='bbox 689 1362 745 1415; x_wconf 76' lang='grc' dir='ltr'>δὲ</span> <span class='ocrx_word' id='word_1_135' title='bbox 771 1362 931 1415; x_wconf 80' lang='grc' dir='ltr'>αὐτοῦ</span> <span class='ocrx_word' id='word_1_136' title='bbox 962 1365 1006 1395; x_wconf 84' lang='grc'><strong>¹⁹</strong></span> <span class='ocrx_word' id='word_1_137' title='bbox 1032 1365 1427 1434; x_wconf 81' lang='grc' dir='ltr'>παρατέτακται</span> <span class='ocrx_word' id='word_1_138' title='bbox 1452 1367 1714 1434; x_wconf 86' lang='grc' dir='ltr'>Στέφανος</span> <span class='ocrx_word' id='word_1_139' title='bbox 1729 1368 1820 1418; x_wconf 73' lang='grc' dir='ltr'><strong>καὶ</strong></span> 
     </span>
    </p>
   </div>
   <div class='ocr_carea' id='block_1_19' title="bbox 245 1452 1820 1526">
    <p class='ocr_par' dir='ltr' id='par_1_19' title="bbox 245 1452 1820 1526">
     <span class='ocr_line' id='line_1_19' title="bbox 245 1452 1820 1526; baseline 0.002 -21"><span class='ocrx_word' id='word_1_140' title='bbox 245 1452 471 1521; x_wconf 80' lang='grc' dir='ltr'>Λύρα,</span> <span class='ocrx_word' id='word_1_141' title='bbox 511 1453 607 1505; x_wconf 74' lang='grc' dir='ltr'><strong>καὶ</strong></span> <span class='ocrx_word' id='word_1_142' title='bbox 650 1453 771 1504; x_wconf 81' lang='grc' dir='ltr'>κατ’</span> <span class='ocrx_word' id='word_1_143' title='bbox 807 1452 971 1523; x_wconf 79' lang='grc' dir='ltr'>αὐτὴν</span> <span class='ocrx_word' id='word_1_144' title='bbox 1002 1453 1203 1506; x_wconf 78' lang='grc' dir='ltr'>ἀνωθεν</span> <span class='ocrx_word' id='word_1_145' title='bbox 1249 1454 1343 1526; x_wconf 82' lang='grc' dir='ltr'>τὴν</span> <span class='ocrx_word' id='word_1_146' title='bbox 1385 1456 1617 1525; x_wconf 78' lang='grc' dir='ltr'>κεφαλὴν</span> <span class='ocrx_word' id='word_1_147' title='bbox 1648 1457 1820 1524; x_wconf 78' lang='grc' dir='ltr'>ἄκραν</span> 
     </span>
    </p>
   </div>
   <div class='ocr_carea' id='block_1_20' title="bbox 247 1540 1819 1614">
    <p class='ocr_par' dir='ltr' id='par_1_20' title="bbox 247 1540 1819 1614">
     <span class='ocr_line' id='line_1_20' title="bbox 247 1540 1819 1614; baseline 0.002 -22"><span class='ocrx_word' id='word_1_148' title='bbox 247 1543 513 1604; x_wconf 65' lang='grc' dir='ltr'>ἐλεεινὸς</span> <span class='ocrx_word' id='word_1_149' title='bbox 548 1540 861 1611; x_wconf 75' lang='grc' dir='ltr'>ἄνθρωπος,</span> <span class='ocrx_word' id='word_1_150' title='bbox 891 1543 920 1595; x_wconf 91' lang='lat'><strong>6</strong></span> <span class='ocrx_word' id='word_1_151' title='bbox 957 1543 1043 1595; x_wconf 83' lang='grc' dir='ltr'>Ἐν</span> <span class='ocrx_word' id='word_1_152' title='bbox 1088 1543 1302 1610; x_wconf 82' lang='grc' dir='ltr'>γόνασιν</span> <span class='ocrx_word' id='word_1_153' title='bbox 1354 1545 1497 1596; x_wconf 81' lang='grc' dir='ltr'>ἐστιν</span> <span class='ocrx_word' id='word_1_154' title='bbox 1529 1545 1819 1614; x_wconf 82' lang='grc' dir='ltr'>ὁρώμενος,</span> 
     </span>
    </p>
   </div>
   <div class='ocr_carea' id='block_1_21' title="bbox 330 1649 1822 1743">
    <p class='ocr_par' dir='ltr' id='par_1_21' title="bbox 330 1649 1822 1743">
     <span class='ocr_line' id='line_1_21' title="bbox 330 1649 1822 1743; baseline 0.002 -41"><span class='ocrx_word' id='word_1_155' title='bbox 330 1650 661 1717; x_wconf 81' lang='grc' dir='ltr'>Δεξιτεροῦ</span> <span class='ocrx_word' id='word_1_156' title='bbox 702 1649 887 1716; x_wconf 78' lang='grc' dir='ltr'>ποδὸς</span> <span class='ocrx_word' id='word_1_157' title='bbox 925 1649 1108 1717; x_wconf 80' lang='grc' dir='ltr'>ἄκρον</span> <span class='ocrx_word' id='word_1_158' title='bbox 1133 1651 1287 1719; x_wconf 76' lang='grc' dir='ltr'>ἔχων</span> <span class='ocrx_word' id='word_1_159' title='bbox 1306 1651 1351 1683; x_wconf 79' lang='grc' dir='ltr'><strong>³ο</strong></span> <span class='ocrx_word' id='word_1_160' title='bbox 1400 1652 1660 1743; x_wconf 55' lang='grc' dir='ltr'>σιξολιοῖο</span> <span class='ocrx_word' id='word_1_161' title='bbox 1682 1652 1822 1720; x_wconf 77' lang='grc' dir='ltr'>Δρά-</span> 
     </span>
    </p>
   </div>
   <div class='ocr_carea' id='block_1_22' title="bbox 1486 1737 1713 1785">
    <p class='ocr_par' dir='ltr' id='par_1_22' title="bbox 1486 1737 1713 1785">
     <span class='ocr_line' id='line_1_22' title="bbox 1486 1737 1713 1785; baseline -0.004 -12"><span class='ocrx_word' id='word_1_162' title='bbox 1486 1737 1713 1785; x_wconf 84' lang='grc' dir='ltr'>κοντος.</span> 
     </span>
    </p>
   </div>
   <div class='ocr_carea' id='block_1_23' title="bbox 255 1829 1821 1902">
    <p class='ocr_par' dir='ltr' id='par_1_23' title="bbox 255 1829 1821 1902">
     <span class='ocr_line' id='line_1_23' title="bbox 255 1829 1821 1902; baseline 0.001 -20"><span class='ocrx_word' id='word_1_163' title='bbox 255 1829 445 1883; x_wconf 76' lang='grc' dir='ltr'>Κατὰ</span> <span class='ocrx_word' id='word_1_164' title='bbox 476 1830 532 1883; x_wconf 81' lang='grc' dir='ltr'>δὲ</span> <span class='ocrx_word' id='word_1_165' title='bbox 584 1829 677 1883; x_wconf 74' lang='grc' dir='ltr'><strong>τὸν</strong></span> <span class='ocrx_word' id='word_1_166' title='bbox 708 1830 873 1883; x_wconf 84' lang='grc' dir='ltr'>νῶτον</span> <span class='ocrx_word' id='word_1_167' title='bbox 905 1831 998 1884; x_wconf 76' lang='grc' dir='ltr'>τοῦ</span> <span class='ocrx_word' id='word_1_168' title='bbox 1057 1831 1142 1882; x_wconf 88' lang='grc' dir='ltr'><strong>Ἐν</strong></span> <span class='ocrx_word' id='word_1_169' title='bbox 1186 1831 1403 1898; x_wconf 76' lang='grc' dir='ltr'>γόνασιν</span> <span class='ocrx_word' id='word_1_170' title='bbox 1430 1833 1579 1886; x_wconf 79' lang='grc' dir='ltr'>ἐστιν</span> <span class='ocrx_word' id='word_1_171' title='bbox 1628 1833 1821 1902; x_wconf 78' lang='grc' dir='ltr'>ἀτελὴς</span> 
     </span>
    </p>
   </div>
   <div class='ocr_carea' id='block_1_24' title="bbox 254 1920 1827 1990">
    <p class='ocr_par' dir='ltr' id='par_1_24' title="bbox 254 1920 1827 1990">
     <span class='ocr_line' id='line_1_24' title="bbox 254 1920 1827 1990; baseline 0.003 -20"><span class='ocrx_word' id='word_1_172' title='bbox 254 1920 407 1987; x_wconf 66' lang='grc' dir='ltr'>ὕφις</span> <span class='ocrx_word' id='word_1_173' title='bbox 437 1920 783 1988; x_wconf 79' lang='grc' dir='ltr'>ἀμφοτέραις</span> <span class='ocrx_word' id='word_1_174' title='bbox 824 1921 942 1981; x_wconf 87' lang='grc' dir='ltr'>ταῖς</span> <span class='ocrx_word' id='word_1_175' title='bbox 971 1920 1125 1989; x_wconf 76' lang='grc' dir='ltr'>χερσὶ</span> <span class='ocrx_word' id='word_1_176' title='bbox 1151 1921 1571 1990; x_wconf 82' lang='grc' dir='ltr'>κατεσφιγμένος</span> <span class='ocrx_word' id='word_1_177' title='bbox 1600 1922 1701 1973; x_wconf 80' lang='grc' dir='ltr'><strong>ὑπὸ</strong></span> <span class='ocrx_word' id='word_1_178' title='bbox 1731 1924 1827 1975; x_wconf 73' lang='grc' dir='ltr'>τοῦ</span> 
     </span>
    </p>
   </div>
   <div class='ocr_carea' id='block_1_25' title="bbox 267 2008 1827 2079">
    <p class='ocr_par' dir='ltr' id='par_1_25' title="bbox 267 2008 1827 2079">
     <span class='ocr_line' id='line_1_25' title="bbox 267 2008 1827 2079; baseline 0.001 -17"><span class='ocrx_word' id='word_1_179' title='bbox 267 2009 600 2078; x_wconf 81' lang='grc' dir='ltr'>Ὀφιούχου,</span> <span class='ocrx_word' id='word_1_180' title='bbox 637 2010 733 2061; x_wconf 78' lang='grc' dir='ltr'><strong>καὶ</strong></span> <span class='ocrx_word' id='word_1_181' title='bbox 754 2008 1090 2077; x_wconf 80' lang='grc' dir='ltr'>κωλυόμενος</span> <span class='ocrx_word' id='word_1_182' title='bbox 1114 2010 1416 2078; x_wconf 71' lang='grc' dir='ltr'>ἐφάψασθαι</span> <span class='ocrx_word' id='word_1_183' title='bbox 1443 2011 1535 2064; x_wconf 82' lang='grc' dir='ltr'>τοῦ</span> <span class='ocrx_word' id='word_1_184' title='bbox 1566 2011 1827 2079; x_wconf 84' lang='grc' dir='ltr'>στεφάνου</span> 
     </span>
    </p>
   </div>
   <div class='ocr_carea' id='block_1_26' title="bbox 257 2097 1178 2169">
    <p class='ocr_par' dir='ltr' id='par_1_26' title="bbox 257 2097 1178 2169">
     <span class='ocr_line' id='line_1_26' title="bbox 257 2097 1178 2169; baseline -0.001 -17"><span class='ocrx_word' id='word_1_185' title='bbox 257 2098 693 2169; x_wconf 67' lang='grc' dir='ltr'>παρακειμένου</span> <span class='ocrx_word' id='word_1_186' title='bbox 725 2097 803 2166; x_wconf 81' lang='grc' dir='ltr'><strong>τῷ</strong></span> <span class='ocrx_word' id='word_1_187' title='bbox 828 2098 1012 2168; x_wconf 85' lang='grc' dir='ltr'>τελείῳ</span> <span class='ocrx_word' id='word_1_188' title='bbox 1042 2097 1178 2167; x_wconf 80' lang='grc' dir='ltr'>δφει.</span> 
     </span>
    </p>
   </div>
   <div class='ocr_carea' id='block_1_27' title="bbox 341 2187 1825 2259">
    <p class='ocr_par' dir='ltr' id='par_1_27' title="bbox 341 2187 1825 2259">
     <span class='ocr_line' id='line_1_27' title="bbox 341 2187 1825 2259; baseline 0 -18"><span class='ocrx_word' id='word_1_189' title='bbox 341 2190 438 2251; x_wconf 77' lang='grc' dir='ltr'>ιζ’.</span> <span class='ocrx_word' id='word_1_190' title='bbox 472 2187 624 2257; x_wconf 74' lang='grc' dir='ltr'>Αὕτη</span> <span class='ocrx_word' id='word_1_191' title='bbox 656 2189 691 2256; x_wconf 78' lang='grc' dir='ltr'><strong>ἡ</strong></span> <span class='ocrx_word' id='word_1_192' title='bbox 719 2188 1085 2256; x_wconf 82' lang='grc' dir='ltr'>παμποίκιλος</span> <span class='ocrx_word' id='word_1_193' title='bbox 1124 2189 1280 2255; x_wconf 91' lang='grc' dir='ltr'>σοφία</span> <span class='ocrx_word' id='word_1_194' title='bbox 1311 2191 1409 2256; x_wconf 86' lang='grc' dir='ltr'>τῆς</span> <span class='ocrx_word' id='word_1_195' title='bbox 1436 2190 1479 2221; x_wconf 79' lang='grc'><strong>³¹</strong></span> <span class='ocrx_word' id='word_1_196' title='bbox 1522 2192 1825 2259; x_wconf 77' lang='grc' dir='ltr'>Περατικῆς</span> 
     </span>
    </p>
   </div>
   <div class='ocr_carea' id='block_1_28' title="bbox 267 2276 1826 2347">
    <p class='ocr_par' dir='ltr' id='par_1_28' title="bbox 267 2276 1826 2347">
     <span class='ocr_line' id='line_1_28' title="bbox 267 2276 1826 2347; baseline 0 -16"><span class='ocrx_word' id='word_1_197' title='bbox 267 2279 575 2347; x_wconf 83' lang='grc' dir='ltr'>αἱρέσεως,</span> <span class='ocrx_word' id='word_1_198' title='bbox 611 2279 678 2347; x_wconf 80' lang='grc' dir='ltr'>ἢν</span> <span class='ocrx_word' id='word_1_199' title='bbox 706 2277 938 2340; x_wconf 74' lang='grc' dir='ltr'>ἐξειπεῖν</span> <span class='ocrx_word' id='word_1_200' title='bbox 979 2278 1155 2329; x_wconf 81' lang='grc' dir='ltr'>πᾶσαν</span> <span class='ocrx_word' id='word_1_201' title='bbox 1180 2277 1453 2346; x_wconf 84' lang='grc' dir='ltr'>δυσχερὲς,</span> <span class='ocrx_word' id='word_1_202' title='bbox 1474 2279 1639 2342; x_wconf 74' lang='grc' dir='ltr'>οὕτως</span> <span class='ocrx_word' id='word_1_203' title='bbox 1667 2276 1826 2333; x_wconf 82' lang='grc' dir='ltr'>οὖσαν</span> 
     </span>
    </p>
   </div>
   <div class='ocr_carea' id='block_1_29' title="bbox 267 2366 1827 2438">
    <p class='ocr_par' dir='ltr' id='par_1_29' title="bbox 267 2366 1827 2438">
     <span class='ocr_line' id='line_1_29' title="bbox 267 2366 1827 2438; baseline 0.001 -19"><span class='ocrx_word' id='word_1_204' title='bbox 267 2367 503 2420; x_wconf 84' lang='grc' dir='ltr'>σκολιὰν</span> <span class='ocrx_word' id='word_1_205' title='bbox 565 2367 653 2420; x_wconf 81' lang='grc' dir='ltr'>διὰ</span> <span class='ocrx_word' id='word_1_206' title='bbox 712 2366 772 2419; x_wconf 84' lang='lat'><strong>16</strong></span> <span class='ocrx_word' id='word_1_207' title='bbox 816 2368 880 2419; x_wconf 79' lang='grc' dir='ltr'><strong>ἐκ</strong></span> <span class='ocrx_word' id='word_1_208' title='bbox 924 2367 1024 2436; x_wconf 81' lang='grc' dir='ltr'>τῆς</span> <span class='ocrx_word' id='word_1_209' title='bbox 1075 2368 1458 2438; x_wconf 82' lang='grc' dir='ltr'>ἀστρολογικῆς</span> <span class='ocrx_word' id='word_1_210' title='bbox 1499 2370 1667 2421; x_wconf 83' lang='grc' dir='ltr'>δοκεῖν</span> <span class='ocrx_word' id='word_1_211' title='bbox 1713 2387 1827 2421; x_wconf 80' lang='grc' dir='ltr'>συν·</span> 
     </span>
    </p>
   </div>
   <div class='ocr_carea' id='block_1_30' title="bbox 267 2453 1828 2527">
    <p class='ocr_par' dir='ltr' id='par_1_30' title="bbox 267 2453 1828 2527">
     <span class='ocr_line' id='line_1_30' title="bbox 267 2453 1828 2527; baseline 0.001 -17"><span class='ocrx_word' id='word_1_212' title='bbox 267 2459 520 2512; x_wconf 76' lang='grc' dir='ltr'>εστάναι.</span> <span class='ocrx_word' id='word_1_213' title='bbox 548 2458 701 2511; x_wconf 79' lang='lat' dir='ltr'><em>K606</em></span> <span class='ocrx_word' id='word_1_214' title='bbox 726 2455 816 2512; x_wconf 82' lang='grc' dir='ltr'>οὖν</span> <span class='ocrx_word' id='word_1_215' title='bbox 843 2458 1061 2511; x_wconf 80' lang='grc' dir='ltr'>δυνατὸν</span> <span class='ocrx_word' id='word_1_216' title='bbox 1078 2453 1166 2527; x_wconf 74' lang='grc' dir='ltr'>ἦν,</span> <span class='ocrx_word' id='word_1_217' title='bbox 1186 2458 1250 2509; x_wconf 77' lang='grc' dir='ltr'>δι’</span> <span class='ocrx_word' id='word_1_218' title='bbox 1268 2458 1455 2523; x_wconf 82' lang='grc' dir='ltr'>ὀλίγων</span> <span class='ocrx_word' id='word_1_219' title='bbox 1466 2460 1639 2510; x_wconf 77' lang='grc' dir='ltr'>πᾶσαν</span> <span class='ocrx_word' id='word_1_220' title='bbox 1661 2459 1828 2525; x_wconf 81' lang='grc' dir='ltr'>αὐτῆς</span> 
     </span>
    </p>
   </div>
   <div class='ocr_carea' id='block_1_31' title="bbox 273 2547 1824 2618">
    <p class='ocr_par' dir='ltr' id='par_1_31' title="bbox 273 2547 1824 2618">
     <span class='ocr_line' id='line_1_31' title="bbox 273 2547 1824 2618; baseline -0.002 -17"><span class='ocrx_word' id='word_1_221' title='bbox 273 2550 380 2618; x_wconf 81' lang='grc' dir='ltr'>τὴν</span> <span class='ocrx_word' id='word_1_222' title='bbox 404 2549 645 2617; x_wconf 82' lang='grc' dir='ltr'>δύναμιν</span> <span class='ocrx_word' id='word_1_223' title='bbox 692 2547 1061 2617; x_wconf 80' lang='grc' dir='ltr'>ὲκτεθείμεθα.</span> <span class='ocrx_word' id='word_1_224' title='bbox 1099 2549 1213 2600; x_wconf 85' lang='grc' dir='ltr'>Ἰνα</span> <span class='ocrx_word' id='word_1_225' title='bbox 1239 2548 1293 2600; x_wconf 82' lang='grc' dir='ltr'>δὲ</span> <span class='ocrx_word' id='word_1_226' title='bbox 1320 2548 1387 2599; x_wconf 88' lang='grc' dir='ltr'><strong>δι’</strong></span> <span class='ocrx_word' id='word_1_227' title='bbox 1430 2547 1506 2617; x_wconf 91' lang='lat' dir='ltr'><strong>[p.</strong></span> <span class='ocrx_word' id='word_1_228' title='bbox 1532 2547 1824 2617; x_wconf 70' lang='lat'><strong>135—137]</strong></span> 
     </span>
    </p>
   </div>
   <div class='ocr_carea' id='block_1_32' title="bbox 274 2636 1829 2707">
    <p class='ocr_par' dir='ltr' id='par_1_32' title="bbox 274 2636 1829 2707">
     <span class='ocr_line' id='line_1_32' title="bbox 274 2636 1829 2707; baseline -0.001 -18"><span class='ocrx_word' id='word_1_229' title='bbox 274 2638 556 2706; x_wconf 71' lang='grc' dir='ltr'>ἐπιτομῆς</span> <span class='ocrx_word' id='word_1_230' title='bbox 581 2637 677 2707; x_wconf 81' lang='grc' dir='ltr'>τὴν</span> <span class='ocrx_word' id='word_1_231' title='bbox 705 2640 882 2690; x_wconf 82' lang='grc' dir='ltr'>πᾶσαν</span> <span class='ocrx_word' id='word_1_232' title='bbox 911 2638 1085 2689; x_wconf 82' lang='grc' dir='ltr'>αὐτῶν</span> <span class='ocrx_word' id='word_1_233' title='bbox 1116 2636 1334 2704; x_wconf 82' lang='grc' dir='ltr'>γνώμην</span> <span class='ocrx_word' id='word_1_234' title='bbox 1360 2636 1663 2706; x_wconf 84' lang='grc' dir='ltr'>ὲκθώμεθα,</span> <span class='ocrx_word' id='word_1_235' title='bbox 1687 2636 1829 2687; x_wconf 83' lang='grc' dir='ltr'>δοκεῖ</span> 
     </span>
    </p>
   </div>
   <div class='ocr_carea' id='block_1_33' title="bbox 274 2727 1829 2798">
    <p class='ocr_par' dir='ltr' id='par_1_33' title="bbox 274 2727 1829 2798">
     <span class='ocr_line' id='line_1_33' title="bbox 274 2727 1829 2798; baseline -0.001 -19"><span class='ocrx_word' id='word_1_236' title='bbox 274 2728 604 2798; x_wconf 82' lang='grc' dir='ltr'>προσθεῖναι</span> <span class='ocrx_word' id='word_1_237' title='bbox 653 2727 842 2781; x_wconf 82' lang='grc' dir='ltr'>ταῦτα.</span> <span class='ocrx_word' id='word_1_238' title='bbox 881 2728 1034 2779; x_wconf 83' lang='grc' dir='ltr'>Ἐστι</span> <span class='ocrx_word' id='word_1_239' title='bbox 1062 2728 1178 2779; x_wconf 85' lang='grc' dir='ltr'>κατ’</span> <span class='ocrx_word' id='word_1_240' title='bbox 1211 2728 1403 2788; x_wconf 80' lang='grc' dir='ltr'>αὐτοὺς</span> <span class='ocrx_word' id='word_1_241' title='bbox 1435 2728 1477 2758; x_wconf 82' lang='grc'><strong>³²</strong></span> <span class='ocrx_word' id='word_1_242' title='bbox 1506 2728 1565 2779; x_wconf 83' lang='grc' dir='ltr'>τὸ</span> <span class='ocrx_word' id='word_1_243' title='bbox 1590 2729 1695 2780; x_wconf 86' lang='grc' dir='ltr'><strong>πᾶν</strong></span> <span class='ocrx_word' id='word_1_244' title='bbox 1726 2744 1829 2778; x_wconf 89' lang='grc' dir='ltr'>πα-</span> 
     </span>
    </p>
   </div>
   <div class='ocr_carea' id='block_1_34' title="bbox 274 2815 1829 2885">
    <p class='ocr_par' dir='ltr' id='par_1_34' title="bbox 274 2815 1829 2885">
     <span class='ocr_line' id='line_1_34' title="bbox 274 2815 1829 2885; baseline -0.001 -17"><span class='ocrx_word' id='word_1_245' title='bbox 274 2818 404 2885; x_wconf 83' lang='grc' dir='ltr'>τὴρ,</span> <span class='ocrx_word' id='word_1_246' title='bbox 434 2817 573 2879; x_wconf 79' lang='grc' dir='ltr'>υίὸς,</span> <span class='ocrx_word' id='word_1_247' title='bbox 599 2815 704 2885; x_wconf 80' lang='grc' dir='ltr'>ὕλη</span> <span class='ocrx_word' id='word_1_248' title='bbox 733 2831 747 2845; x_wconf 75' lang='grc' dir='ltr'><strong><em>ο</em></strong></span> <span class='ocrx_word' id='word_1_249' title='bbox 774 2816 974 2868; x_wconf 80' lang='grc' dir='ltr'>τούτων</span> <span class='ocrx_word' id='word_1_250' title='bbox 1007 2815 1112 2867; x_wconf 84' lang='grc' dir='ltr'>τῶν</span> <span class='ocrx_word' id='word_1_251' title='bbox 1132 2816 1294 2884; x_wconf 83' lang='grc' dir='ltr'>τριῶν</span> <span class='ocrx_word' id='word_1_252' title='bbox 1323 2815 1546 2867; x_wconf 72' lang='grc' dir='ltr'>ἕκαστον</span> <span class='ocrx_word' id='word_1_253' title='bbox 1576 2815 1829 2885; x_wconf 84' lang='grc' dir='ltr'>ἀπείρους</span> 
     </span>
    </p>
   </div>
   <div class='ocr_carea' id='block_1_35' title="bbox 282 2899 1828 2973">
    <p class='ocr_par' dir='ltr' id='par_1_35' title="bbox 282 2899 1828 2973">
     <span class='ocr_line' id='line_1_35' title="bbox 282 2899 1828 2973; baseline -0.002 -15"><span class='ocrx_word' id='word_1_254' title='bbox 282 2906 398 2973; x_wconf 78' lang='grc' dir='ltr'>ἔχει</span> <span class='ocrx_word' id='word_1_255' title='bbox 444 2905 709 2972; x_wconf 85' lang='grc' dir='ltr'>δυνάμεις</span> <span class='ocrx_word' id='word_1_256' title='bbox 750 2906 809 2956; x_wconf 79' lang='grc' dir='ltr'>ὲν</span> <span class='ocrx_word' id='word_1_257' title='bbox 842 2903 1034 2972; x_wconf 77' lang='grc' dir='ltr'>ἐαυτῷ.</span> <span class='ocrx_word' id='word_1_258' title='bbox 1069 2903 1362 2966; x_wconf 80' lang='grc' dir='ltr'>Καθέζεται</span> <span class='ocrx_word' id='word_1_259' title='bbox 1397 2899 1486 2956; x_wconf 77' lang='grc' dir='ltr'><strong>οὖν</strong></span> <span class='ocrx_word' id='word_1_260' title='bbox 1522 2904 1681 2972; x_wconf 83' lang='grc' dir='ltr'>μέσος</span> <span class='ocrx_word' id='word_1_261' title='bbox 1729 2904 1828 2971; x_wconf 79' lang='grc' dir='ltr'>τῆς</span> 
     </span>
    </p>
   </div>
   <div class='ocr_carea' id='block_1_36' title="bbox 280 2990 1829 3062">
    <p class='ocr_par' dir='ltr' id='par_1_36' title="bbox 280 2990 1829 3062">
     <span class='ocr_line' id='line_1_36' title="bbox 280 2990 1829 3062; baseline -0.001 -17"><span class='ocrx_word' id='word_1_262' title='bbox 280 2993 416 3062; x_wconf 73' lang='grc' dir='ltr'>ὕλης</span> <span class='ocrx_word' id='word_1_263' title='bbox 448 2993 546 3044; x_wconf 77' lang='lat' dir='ltr'><em>x61</em></span> <span class='ocrx_word' id='word_1_264' title='bbox 581 2991 674 3045; x_wconf 83' lang='grc' dir='ltr'><strong>τοῦ</strong></span> <span class='ocrx_word' id='word_1_265' title='bbox 723 2991 931 3060; x_wconf 84' lang='grc' dir='ltr'>πατρὸς</span> <span class='ocrx_word' id='word_1_266' title='bbox 963 2992 990 3043; x_wconf 98' lang='lat'><strong>6</strong></span> <span class='ocrx_word' id='word_1_267' title='bbox 1034 2990 1174 3054; x_wconf 71' lang='grc' dir='ltr'>υἱὸς,</span> <span class='ocrx_word' id='word_1_268' title='bbox 1222 2993 1249 3042; x_wconf 89' lang='lat'><strong>6</strong></span> <span class='ocrx_word' id='word_1_269' title='bbox 1296 2990 1446 3058; x_wconf 88' lang='grc' dir='ltr'>λόγος</span> <span class='ocrx_word' id='word_1_270' title='bbox 1470 3032 1485 3054; x_wconf 86' lang='grc'><strong>,</strong></span> <span class='ocrx_word' id='word_1_271' title='bbox 1515 2993 1543 3043; x_wconf 91' lang='lat'><strong>6</strong></span> <span class='ocrx_word' id='word_1_272' title='bbox 1580 2993 1701 3059; x_wconf 81' lang='grc' dir='ltr'>ὄφις</span> <span class='ocrx_word' id='word_1_273' title='bbox 1744 2992 1829 3044; x_wconf 74' lang='grc' dir='ltr'>ἀεὶ</span> 
     </span>
    </p>
   </div>
   <div class='ocr_carea' id='block_1_37' title="bbox 278 3081 1828 3152">
    <p class='ocr_par' dir='ltr' id='par_1_37' title="bbox 278 3081 1828 3152">
     <span class='ocr_line' id='line_1_37' title="bbox 278 3081 1828 3152; baseline -0.001 -17"><span class='ocrx_word' id='word_1_274' title='bbox 278 3083 601 3152; x_wconf 79' lang='grc' dir='ltr'>κινούμενος</span> <span class='ocrx_word' id='word_1_275' title='bbox 634 3082 773 3152; x_wconf 82' lang='grc' dir='ltr'>πρὸς</span> <span class='ocrx_word' id='word_1_276' title='bbox 801 3082 1053 3152; x_wconf 83' lang='grc' dir='ltr'>ἀκίνητον</span> <span class='ocrx_word' id='word_1_277' title='bbox 1082 3081 1170 3133; x_wconf 84' lang='grc' dir='ltr'>τὸν</span> <span class='ocrx_word' id='word_1_278' title='bbox 1198 3082 1407 3148; x_wconf 81' lang='grc' dir='ltr'>πατέρα</span> <span class='ocrx_word' id='word_1_279' title='bbox 1454 3083 1548 3134; x_wconf 73' lang='lat' dir='ltr'><em>x61</em></span> <span class='ocrx_word' id='word_1_280' title='bbox 1577 3082 1828 3151; x_wconf 88' lang='grc' dir='ltr'>κινουμέ-</span> 
     </span>
    </p>
   </div>
   <div class='ocr_carea' id='block_1_38' title="bbox 278 3169 1827 3242">
    <p class='ocr_par' dir='ltr' id='par_1_38' title="bbox 278 3169 1827 3242">
     <span class='ocr_line' id='line_1_38' title="bbox 278 3169 1827 3242; baseline 0 -18"><span class='ocrx_word' id='word_1_281' title='bbox 278 3189 379 3242; x_wconf 88' lang='grc' dir='ltr'><strong>νην</strong></span> <span class='ocrx_word' id='word_1_282' title='bbox 410 3173 513 3241; x_wconf 76' lang='grc' dir='ltr'>τὴν</span> <span class='ocrx_word' id='word_1_283' title='bbox 569 3170 735 3238; x_wconf 80' lang='grc' dir='ltr'>ὓλην,</span> <span class='ocrx_word' id='word_1_284' title='bbox 791 3170 880 3222; x_wconf 83' lang='grc' dir='ltr'>καί</span> <span class='ocrx_word' id='word_1_285' title='bbox 910 3186 1035 3221; x_wconf 87' lang='grc' dir='ltr'>ποτε</span> <span class='ocrx_word' id='word_1_286' title='bbox 1083 3169 1176 3238; x_wconf 80' lang='grc' dir='ltr'>μὲν</span> <span class='ocrx_word' id='word_1_287' title='bbox 1227 3171 1510 3240; x_wconf 84' lang='grc' dir='ltr'>στρέφεται</span> <span class='ocrx_word' id='word_1_288' title='bbox 1564 3172 1698 3242; x_wconf 81' lang='grc' dir='ltr'>πρὸς</span> <span class='ocrx_word' id='word_1_289' title='bbox 1736 3172 1827 3224; x_wconf 84' lang='grc' dir='ltr'>τὸν</span> 
     </span>
    </p>
   </div>
   <div class='ocr_carea' id='block_1_39' title="bbox 279 3258 1832 3332">
    <p class='ocr_par' dir='ltr' id='par_1_39' title="bbox 279 3258 1832 3332">
     <span class='ocr_line' id='line_1_39' title="bbox 279 3258 1832 3332; baseline -0.002 -17"><span class='ocrx_word' id='word_1_290' title='bbox 279 3262 515 3332; x_wconf 80' lang='grc' dir='ltr'>πατέρα,</span> <span class='ocrx_word' id='word_1_291' title='bbox 547 3260 644 3314; x_wconf 80' lang='grc' dir='ltr'><strong>καὶ</strong></span> <span class='ocrx_word' id='word_1_292' title='bbox 681 3258 1046 3327; x_wconf 80' lang='grc' dir='ltr'>ἀναλαμϐάνει</span> <span class='ocrx_word' id='word_1_293' title='bbox 1084 3258 1180 3320; x_wconf 82' lang='grc' dir='ltr'><strong>τὰς</strong></span> <span class='ocrx_word' id='word_1_294' title='bbox 1207 3259 1453 3328; x_wconf 86' lang='grc' dir='ltr'>δυνάμεις</span> <span class='ocrx_word' id='word_1_295' title='bbox 1478 3263 1551 3323; x_wconf 88' lang='grc' dir='ltr'><strong>είς</strong></span> <span class='ocrx_word' id='word_1_296' title='bbox 1587 3261 1644 3313; x_wconf 85' lang='grc' dir='ltr'>τὸ</span> <span class='ocrx_word' id='word_1_297' title='bbox 1669 3261 1832 3330; x_wconf 88' lang='grc' dir='ltr'>πρόσ-</span> 
     </span>
    </p>
   </div>
   <div class='ocr_carea' id='block_1_40' title="bbox 278 3347 1830 3419">
    <p class='ocr_par' dir='ltr' id='par_1_40' title="bbox 278 3347 1830 3419">
     <span class='ocr_line' id='line_1_40' title="bbox 278 3347 1830 3419; baseline -0.003 -14"><span class='ocrx_word' id='word_1_298' title='bbox 278 3369 428 3405; x_wconf 86' lang='grc' dir='ltr'>ωπον</span> <span class='ocrx_word' id='word_1_299' title='bbox 475 3348 697 3413; x_wconf 77' lang='grc' dir='ltr'>ἑαυτοῦ,</span> <span class='ocrx_word' id='word_1_300' title='bbox 735 3347 1015 3402; x_wconf 80' lang='grc' dir='ltr'>ἀναλαϐὼν</span> <span class='ocrx_word' id='word_1_301' title='bbox 1040 3348 1095 3401; x_wconf 83' lang='grc' dir='ltr'>δὲ</span> <span class='ocrx_word' id='word_1_302' title='bbox 1146 3350 1241 3411; x_wconf 82' lang='grc' dir='ltr'><strong>τὰς</strong></span> <span class='ocrx_word' id='word_1_303' title='bbox 1268 3348 1520 3418; x_wconf 85' lang='grc' dir='ltr'>δυνάμεις</span> <span class='ocrx_word' id='word_1_304' title='bbox 1549 3351 1830 3419; x_wconf 82' lang='grc' dir='ltr'>στρέφεται</span> 
     </span>
    </p>
   </div>
   <div class='ocr_carea' id='block_1_41' title="bbox 276 3433 1832 3514">
    <p class='ocr_par' dir='ltr' id='par_1_41' title="bbox 276 3433 1832 3514">
     <span class='ocr_line' id='line_1_41' title="bbox 276 3433 1832 3514; baseline -0.003 -18"><span class='ocrx_word' id='word_1_305' title='bbox 276 3444 419 3514; x_wconf 79' lang='grc' dir='ltr'>πρὸς</span> <span class='ocrx_word' id='word_1_306' title='bbox 445 3443 548 3511; x_wconf 81' lang='grc' dir='ltr'>τὴν</span> <span class='ocrx_word' id='word_1_307' title='bbox 583 3440 739 3509; x_wconf 80' lang='grc' dir='ltr'>ὓλην,</span> <span class='ocrx_word' id='word_1_308' title='bbox 774 3440 868 3491; x_wconf 74' lang='grc' dir='ltr'>καὶ</span> <span class='ocrx_word' id='word_1_309' title='bbox 901 3438 1058 3508; x_wconf 53' lang='grc' dir='ltr'>ήνῦλη</span> <span class='ocrx_word' id='word_1_310' title='bbox 1083 3438 1267 3500; x_wconf 81' lang='grc' dir='ltr'>ἄποιος</span> <span class='ocrx_word' id='word_1_311' title='bbox 1297 3433 1431 3491; x_wconf 80' lang='grc' dir='ltr'>οὖσα</span> <span class='ocrx_word' id='word_1_312' title='bbox 1462 3439 1554 3490; x_wconf 73' lang='grc' dir='ltr'><strong>καὶ</strong></span> <span class='ocrx_word' id='word_1_313' title='bbox 1586 3437 1832 3508; x_wconf 82' lang='grc' dir='ltr'>ἀσχημά-</span> 
     </span>
    </p>
   </div>
   <div class='ocr_carea' id='block_1_42' title="bbox 273 3526 1833 3599">
    <p class='ocr_par' dir='ltr' id='par_1_42' title="bbox 273 3526 1833 3599">
     <span class='ocr_line' id='line_1_42' title="bbox 273 3526 1833 3599; baseline -0.005 -13"><span class='ocrx_word' id='word_1_314' title='bbox 273 3550 458 3595; x_wconf 87' lang='grc' dir='ltr'>τιστος</span> <span class='ocrx_word' id='word_1_315' title='bbox 491 3529 829 3585; x_wconf 81' lang='grc' dir='ltr'>ὲκτυποῦται</span> <span class='ocrx_word' id='word_1_316' title='bbox 856 3527 869 3599; x_wconf 73' lang='grc'><strong>1</strong></span> <span class='ocrx_word' id='word_1_317' title='bbox 900 3528 995 3591; x_wconf 81' lang='grc' dir='ltr'>τὰς</span> <span class='ocrx_word' id='word_1_318' title='bbox 1019 3529 1162 3590; x_wconf 86' lang='grc' dir='ltr'>ίδέας</span> <span class='ocrx_word' id='word_1_319' title='bbox 1182 3527 1286 3580; x_wconf 85' lang='grc' dir='ltr'>ἀπὸ</span> <span class='ocrx_word' id='word_1_320' title='bbox 1306 3527 1397 3579; x_wconf 82' lang='grc' dir='ltr'>τοῦ</span> <span class='ocrx_word' id='word_1_321' title='bbox 1420 3526 1555 3591; x_wconf 81' lang='grc' dir='ltr'>υἱοῦ,</span> <span class='ocrx_word' id='word_1_322' title='bbox 1585 3526 1650 3589; x_wconf 75' lang='grc' dir='ltr'>ἃς</span> <span class='ocrx_word' id='word_1_323' title='bbox 1674 3530 1701 3579; x_wconf 90' lang='lat'><strong>6</strong></span> <span class='ocrx_word' id='word_1_324' title='bbox 1722 3527 1833 3589; x_wconf 79' lang='grc' dir='ltr'>υίὸς</span> 
     </span>
    </p>
   </div>
   <div class='ocr_carea' id='block_1_43' title="bbox 277 3616 1834 3689">
    <p class='ocr_par' dir='ltr' id='par_1_43' title="bbox 277 3616 1834 3689">
     <span class='ocr_line' id='line_1_43' title="bbox 277 3616 1834 3689; baseline -0.005 -13"><span class='ocrx_word' id='word_1_325' title='bbox 277 3623 390 3676; x_wconf 75' lang='lat'><em>6106</em></span> <span class='ocrx_word' id='word_1_326' title='bbox 424 3622 523 3676; x_wconf 79' lang='grc' dir='ltr'>τοῦ</span> <span class='ocrx_word' id='word_1_327' title='bbox 563 3620 774 3689; x_wconf 79' lang='grc' dir='ltr'>πατρὸς</span> <span class='ocrx_word' id='word_1_328' title='bbox 818 3618 1149 3672; x_wconf 82' lang='grc' dir='ltr'>ὲτυπὼσατο.</span> <span class='ocrx_word' id='word_1_329' title='bbox 1194 3616 1542 3669; x_wconf 84' lang='grc' dir='ltr'>Ἐκτυποῦται</span> <span class='ocrx_word' id='word_1_330' title='bbox 1578 3617 1634 3668; x_wconf 76' lang='grc' dir='ltr'>δὲ</span> <span class='ocrx_word' id='word_1_331' title='bbox 1680 3617 1708 3667; x_wconf 93' lang='lat'><strong>6</strong></span> <span class='ocrx_word' id='word_1_332' title='bbox 1738 3616 1834 3683; x_wconf 79' lang='grc' dir='ltr'>μὲν</span> 
     </span>
    </p>
   </div>
   <div class='ocr_carea' id='block_1_44' title="bbox 278 3705 1835 3778">
    <p class='ocr_par' dir='ltr' id='par_1_44' title="bbox 278 3705 1835 3778">
     <span class='ocr_line' id='line_1_44' title="bbox 278 3705 1835 3778; baseline -0.009 -10"><span class='ocrx_word' id='word_1_333' title='bbox 278 3714 401 3776; x_wconf 81' lang='grc' dir='ltr'>υἱὸς</span> <span class='ocrx_word' id='word_1_334' title='bbox 425 3712 539 3766; x_wconf 88' lang='lat'><em>61:6</em></span> <span class='ocrx_word' id='word_1_335' title='bbox 567 3710 665 3765; x_wconf 82' lang='grc' dir='ltr'>τοῦ</span> <span class='ocrx_word' id='word_1_336' title='bbox 709 3709 914 3778; x_wconf 81' lang='grc' dir='ltr'>πατρὸς</span> <span class='ocrx_word' id='word_1_337' title='bbox 942 3709 1190 3778; x_wconf 72' lang='grc' dir='ltr'>ἀρρήτως</span> <span class='ocrx_word' id='word_1_338' title='bbox 1218 3705 1312 3759; x_wconf 81' lang='grc' dir='ltr'><strong>καὶ</strong></span> <span class='ocrx_word' id='word_1_339' title='bbox 1345 3705 1552 3767; x_wconf 83' lang='grc' dir='ltr'>ἀλάλως</span> <span class='ocrx_word' id='word_1_340' title='bbox 1580 3705 1675 3757; x_wconf 72' lang='grc' dir='ltr'><strong>καὶ</strong></span> <span class='ocrx_word' id='word_1_341' title='bbox 1703 3705 1835 3772; x_wconf 87' lang='grc' dir='ltr'>ἁμε-</span> 
     </span>
    </p>
   </div>
   <div class='ocr_carea' id='block_1_45' title="bbox 277 3792 1835 3865">
    <p class='ocr_par' dir='ltr' id='par_1_45' title="bbox 277 3792 1835 3865">
     <span class='ocr_line' id='line_1_45' title="bbox 277 3792 1835 3865; baseline -0.007 -9"><span class='ocrx_word' id='word_1_342' title='bbox 277 3803 595 3863; x_wconf 84' lang='grc' dir='ltr'>ταστάτως,</span> <span class='ocrx_word' id='word_1_343' title='bbox 620 3796 793 3861; x_wconf 81' lang='grc' dir='ltr'>οὕτως</span> <span class='ocrx_word' id='word_1_344' title='bbox 830 3796 904 3859; x_wconf 82' lang='grc' dir='ltr'>ὥς</span> <span class='ocrx_word' id='word_1_345' title='bbox 933 3812 1064 3865; x_wconf 86' lang='grc' dir='ltr'>φησι</span> <span class='ocrx_word' id='word_1_346' title='bbox 1093 3793 1327 3861; x_wconf 84' lang='grc' dir='ltr'>Μωῦσῆς</span> <span class='ocrx_word' id='word_1_347' title='bbox 1362 3793 1470 3846; x_wconf 81' lang='lat'><em>61:6</em></span> <span class='ocrx_word' id='word_1_348' title='bbox 1491 3792 1598 3845; x_wconf 84' lang='grc' dir='ltr'><strong>τῶν</strong></span> <span class='ocrx_word' id='word_1_349' title='bbox 1628 3792 1835 3861; x_wconf 78' lang='grc' dir='ltr'>ῥάϐδων</span> 
     </span>
    </p>
   </div>
   <div class='ocr_carea' id='block_1_46' title="bbox 279 3880 1835 3955">
    <p class='ocr_par' dir='ltr' id='par_1_46' title="bbox 279 3880 1835 3955">
     <span class='ocr_line' id='line_1_46' title="bbox 279 3880 1835 3955; baseline -0.008 -10"><span class='ocrx_word' id='word_1_350' title='bbox 279 3892 393 3945; x_wconf 80' lang='grc' dir='ltr'><strong>τῶν</strong></span> <span class='ocrx_word' id='word_1_351' title='bbox 420 3890 537 3945; x_wconf 86' lang='lat'><em>61:6</em></span> <span class='ocrx_word' id='word_1_352' title='bbox 570 3887 683 3941; x_wconf 85' lang='grc' dir='ltr'><strong>τῶν</strong></span> <span class='ocrx_word' id='word_1_353' title='bbox 716 3884 1076 3955; x_wconf 86' lang='grc' dir='ltr'>ποτιστηρίων</span> <span class='ocrx_word' id='word_1_354' title='bbox 1131 3882 1442 3953; x_wconf 81' lang='grc' dir='ltr'>ρερευκέναι</span> <span class='ocrx_word' id='word_1_355' title='bbox 1476 3882 1542 3934; x_wconf 87' lang='grc' dir='ltr'><strong>τά</strong></span> <span class='ocrx_word' id='word_1_356' title='bbox 1571 3880 1835 3951; x_wconf 83' lang='grc' dir='ltr'>χρώματα</span> 
     </span>
    </p>
   </div>
   <div class='ocr_carea' id='block_1_47' title="bbox 282 3966 1836 4046">
    <p class='ocr_par' dir='ltr' id='par_1_47' title="bbox 282 3966 1836 4046">
     <span class='ocr_line' id='line_1_47' title="bbox 282 3966 1836 4046; baseline -0.008 -12"><span class='ocrx_word' id='word_1_357' title='bbox 282 3980 395 4034; x_wconf 87' lang='grc' dir='ltr'><strong>τῶν</strong></span> <span class='ocrx_word' id='word_1_358' title='bbox 444 3974 951 4046; x_wconf 70' lang='grc' dir='ltr'>ἑγκεκισσημένων.</span> <span class='ocrx_word' id='word_1_359' title='bbox 997 3969 1221 4040; x_wconf 83' lang='grc' dir='ltr'>Ὁμοίως</span> <span class='ocrx_word' id='word_1_360' title='bbox 1256 3969 1299 4021; x_wconf 84' lang='grc' dir='ltr'>δ’</span> <span class='ocrx_word' id='word_1_361' title='bbox 1346 3966 1413 4023; x_wconf 82' lang='grc' dir='ltr'>αὖ</span> <span class='ocrx_word' id='word_1_362' title='bbox 1466 3970 1558 4023; x_wconf 68' lang='grc' dir='ltr'><strong>καὶ</strong></span> <span class='ocrx_word' id='word_1_363' title='bbox 1604 3969 1710 4023; x_wconf 83' lang='grc' dir='ltr'>ἀπὸ</span> <span class='ocrx_word' id='word_1_364' title='bbox 1743 3968 1836 4021; x_wconf 82' lang='grc' dir='ltr'><strong>τοῦ</strong></span> 
     </span>
    </p>
   </div>
   <div class='ocr_carea' id='block_1_48' title="bbox 284 4057 1838 4135">
    <p class='ocr_par' dir='ltr' id='par_1_48' title="bbox 284 4057 1838 4135">
     <span class='ocr_line' id='line_1_48' title="bbox 284 4057 1838 4135; baseline -0.009 -12"><span class='ocrx_word' id='word_1_365' title='bbox 284 4070 405 4123; x_wconf 76' lang='grc' dir='ltr'>υἱοῦ</span> <span class='ocrx_word' id='word_1_366' title='bbox 453 4069 551 4121; x_wconf 72' lang='grc' dir='ltr'><strong>ἐπὶ</strong></span> <span class='ocrx_word' id='word_1_367' title='bbox 583 4068 685 4135; x_wconf 83' lang='grc' dir='ltr'>τὴν</span> <span class='ocrx_word' id='word_1_368' title='bbox 730 4064 861 4133; x_wconf 78' lang='grc' dir='ltr'>ὓλην</span> <span class='ocrx_word' id='word_1_369' title='bbox 902 4059 1212 4131; x_wconf 81' lang='grc' dir='ltr'>ρερευκέναι</span> <span class='ocrx_word' id='word_1_370' title='bbox 1244 4058 1341 4121; x_wconf 85' lang='grc' dir='ltr'><strong>τὰς</strong></span> <span class='ocrx_word' id='word_1_371' title='bbox 1399 4058 1649 4126; x_wconf 88' lang='grc' dir='ltr'>δυνάμεις</span> <span class='ocrx_word' id='word_1_372' title='bbox 1700 4057 1838 4110; x_wconf 86' lang='grc' dir='ltr'>κατά</span> 
     </span>
    </p>
   </div>
   <div class='ocr_carea' id='block_1_49' title="bbox 284 4146 1838 4226">
    <p class='ocr_par' dir='ltr' id='par_1_49' title="bbox 284 4146 1838 4226">
     <span class='ocr_line' id='line_1_49' title="bbox 284 4146 1838 4226; baseline -0.009 -14"><span class='ocrx_word' id='word_1_373' title='bbox 284 4160 349 4212; x_wconf 82' lang='lat'><strong>16</strong></span> <span class='ocrx_word' id='word_1_374' title='bbox 377 4158 697 4226; x_wconf 74' lang='grc' dir='ltr'>ὲγκίσσημα</span> <span class='ocrx_word' id='word_1_375' title='bbox 730 4152 830 4221; x_wconf 83' lang='grc' dir='ltr'>τῆς</span> <span class='ocrx_word' id='word_1_376' title='bbox 881 4150 1157 4217; x_wconf 85' lang='grc' dir='ltr'>δυνάμεως</span> <span class='ocrx_word' id='word_1_377' title='bbox 1204 4147 1302 4217; x_wconf 84' lang='grc' dir='ltr'>τῆς</span> <span class='ocrx_word' id='word_1_378' title='bbox 1349 4146 1455 4200; x_wconf 86' lang='lat'><em>61:6</em></span> <span class='ocrx_word' id='word_1_379' title='bbox 1482 4146 1589 4201; x_wconf 84' lang='grc' dir='ltr'>τῶν</span> <span class='ocrx_word' id='word_1_380' title='bbox 1632 4146 1838 4215; x_wconf 77' lang='grc' dir='ltr'>ῥάὸδων</span> 
     </span>
    </p>
   </div>
   <div class='ocr_carea' id='block_1_50' title="bbox 285 4236 1839 4312">
    <p class='ocr_par' dir='ltr' id='par_1_50' title="bbox 285 4236 1839 4312">
     <span class='ocr_line' id='line_1_50' title="bbox 285 4236 1839 4312; baseline -0.008 -12"><span class='ocrx_word' id='word_1_381' title='bbox 285 4249 385 4301; x_wconf 73' lang='grc' dir='ltr'><strong>ἰπὶ</strong></span> <span class='ocrx_word' id='word_1_382' title='bbox 413 4246 484 4300; x_wconf 90' lang='lat'><strong>16</strong></span> <span class='ocrx_word' id='word_1_383' title='bbox 513 4239 955 4312; x_wconf 78' lang='grc' dir='ltr'>ὲγκεκισσημένα</span> <span class='ocrx_word' id='word_1_384' title='bbox 976 4253 991 4268; x_wconf 87' lang='grc'><strong>·</strong></span> <span class='ocrx_word' id='word_1_385' title='bbox 1022 4238 1056 4306; x_wconf 79' lang='grc' dir='ltr'>ἡ</span> <span class='ocrx_word' id='word_1_386' title='bbox 1075 4237 1131 4289; x_wconf 82' lang='grc' dir='ltr'>δὲ</span> <span class='ocrx_word' id='word_1_387' title='bbox 1158 4236 1389 4307; x_wconf 84' lang='grc' dir='ltr'>διαφορά</span> <span class='ocrx_word' id='word_1_388' title='bbox 1412 4236 1520 4289; x_wconf 86' lang='grc' dir='ltr'><strong>τῶν</strong></span> <span class='ocrx_word' id='word_1_389' title='bbox 1540 4236 1839 4305; x_wconf 85' lang='grc' dir='ltr'>χρωμάτων</span> 
     </span>
    </p>
   </div>
   <div class='ocr_carea' id='block_1_51' title="bbox 2040 1253 3448 1322">
    <p class='ocr_par' dir='ltr' id='par_1_51' title="bbox 2040 1253 3448 1322">
     <span class='ocr_line' id='line_1_51' title="bbox 2040 1253 3448 1322; baseline 0.004 -17"><span class='ocrx_word' id='word_1_390' title='bbox 2040 1253 2265 1306; x_wconf 76' lang='lat' dir='ltr'><strong>Volvitur</strong></span> <span class='ocrx_word' id='word_1_391' title='bbox 2291 1270 2530 1322; x_wconf 84' lang='lat' dir='ltr'><strong>magnum</strong></span> <span class='ocrx_word' id='word_1_392' title='bbox 2556 1254 2860 1306; x_wconf 76' lang='lat' dir='ltr'><strong>miraculum</strong></span> <span class='ocrx_word' id='word_1_393' title='bbox 2881 1256 3032 1307; x_wconf 85' lang='lat' dir='ltr'><strong>draco</strong></span> <span class='ocrx_word' id='word_1_394' title='bbox 3062 1257 3189 1307; x_wconf 73' lang='lat' dir='ltr'><strong>vasti</strong></span> <span class='ocrx_word' id='word_1_395' title='bbox 3206 1258 3448 1321; x_wconf 78' lang='lat' dir='ltr'><strong>portenti.</strong></span> 
     </span>
    </p>
   </div>
   <div class='ocr_carea' id='block_1_52' title="bbox 1921 1364 3446 1437">
    <p class='ocr_par' dir='ltr' id='par_1_52' title="bbox 1921 1364 3446 1437">
     <span class='ocr_line' id='line_1_52' title="bbox 1921 1364 3446 1437; baseline 0.002 -20"><span class='ocrx_word' id='word_1_396' title='bbox 1921 1364 1999 1417; x_wconf 80' lang='lat' dir='ltr'><strong>Ab</strong></span> <span class='ocrx_word' id='word_1_397' title='bbox 2030 1373 2251 1431; x_wconf 85' lang='lat' dir='ltr'><strong>utraque</strong></span> <span class='ocrx_word' id='word_1_398' title='bbox 2281 1375 2455 1417; x_wconf 90' lang='lat' dir='ltr'><strong>autem</strong></span> <span class='ocrx_word' id='word_1_399' title='bbox 2491 1376 2639 1431; x_wconf 85' lang='lat' dir='ltr'><strong>parte</strong></span> <span class='ocrx_word' id='word_1_400' title='bbox 2655 1366 2891 1432; x_wconf 88' lang='lat' dir='ltr'><strong>apposita</strong></span> <span class='ocrx_word' id='word_1_401' title='bbox 2923 1375 3003 1419; x_wconf 89' lang='lat' dir='ltr'><strong>est</strong></span> <span class='ocrx_word' id='word_1_402' title='bbox 3036 1382 3229 1420; x_wconf 87' lang='lat' dir='ltr'><strong>corona</strong></span> <span class='ocrx_word' id='word_1_403' title='bbox 3253 1380 3304 1420; x_wconf 88' lang='lat' dir='ltr'><strong>et</strong></span> <span class='ocrx_word' id='word_1_404' title='bbox 3337 1368 3446 1437; x_wconf 84' lang='lat' dir='ltr'><strong>lyra</strong></span> 
     </span>
    </p>
   </div>
   <div class='ocr_carea' id='block_1_53' title="bbox 1923 1456 3449 1524">
    <p class='ocr_par' dir='ltr' id='par_1_53' title="bbox 1923 1456 3449 1524">
     <span class='ocr_line' id='line_1_53' title="bbox 1923 1456 3449 1524; baseline 0.002 -16"><span class='ocrx_word' id='word_1_405' title='bbox 1923 1464 1975 1508; x_wconf 85' lang='lat' dir='ltr'><strong>et</strong></span> <span class='ocrx_word' id='word_1_406' title='bbox 2024 1457 2089 1508; x_wconf 84' lang='lat' dir='ltr'><strong>ad</strong></span> <span class='ocrx_word' id='word_1_407' title='bbox 2130 1456 2302 1523; x_wconf 79' lang='lat' dir='ltr'><strong>ipsum</strong></span> <span class='ocrx_word' id='word_1_408' title='bbox 2350 1471 2576 1521; x_wconf 75' lang='lat' dir='ltr'><strong>superne</strong></span> <span class='ocrx_word' id='word_1_409' title='bbox 2614 1472 2875 1509; x_wconf 87' lang='lat' dir='ltr'><strong>summum</strong></span> <span class='ocrx_word' id='word_1_410' title='bbox 2902 1469 3085 1524; x_wconf 76' lang='lat' dir='ltr'><strong>caput</strong></span> <span class='ocrx_word' id='word_1_411' title='bbox 3128 1458 3449 1511; x_wconf 87' lang='lat' dir='ltr'><strong>miserabilis</strong></span> 
     </span>
    </p>
   </div>
   <div class='ocr_carea' id='block_1_54' title="bbox 1924 1543 3173 1616">
    <p class='ocr_par' dir='ltr' id='par_1_54' title="bbox 1924 1543 3173 1616">
     <span class='ocr_line' id='line_1_54' title="bbox 1924 1543 3173 1616; baseline 0.002 -18"><span class='ocrx_word' id='word_1_412' title='bbox 1924 1545 2099 1608; x_wconf 89' lang='lat' dir='ltr'><strong>homo,</strong></span> <span class='ocrx_word' id='word_1_413' title='bbox 2130 1543 2220 1613; x_wconf 87' lang='lat' dir='ltr'><strong>qui</strong></span> <span class='ocrx_word' id='word_1_414' title='bbox 2248 1553 2329 1599; x_wconf 88' lang='lat' dir='ltr'><strong>est</strong></span> <span class='ocrx_word' id='word_1_415' title='bbox 2361 1545 2413 1597; x_wconf 90' lang='lat' dir='ltr'><strong>in</strong></span> <span class='ocrx_word' id='word_1_416' title='bbox 2441 1548 2697 1613; x_wconf 85' lang='lat' dir='ltr'><strong>genubus,</strong></span> <span class='ocrx_word' id='word_1_417' title='bbox 2727 1556 2807 1598; x_wconf 84' lang='lat' dir='ltr'><strong>est</strong></span> <span class='ocrx_word' id='word_1_418' title='bbox 2834 1548 3173 1616; x_wconf 82' lang='lat' dir='ltr'><strong>conspicuus,</strong></span> 
     </span>
    </p>
   </div>
   <div class='ocr_carea' id='block_1_55' title="bbox 1991 1652 3451 1723">
    <p class='ocr_par' dir='ltr' id='par_1_55' title="bbox 1991 1652 3451 1723">
     <span class='ocr_line' id='line_1_55' title="bbox 1991 1652 3451 1723; baseline 0.003 -17"><span class='ocrx_word' id='word_1_419' title='bbox 1991 1652 2174 1706; x_wconf 68' lang='lat' dir='ltr'><strong>Dextri</strong></span> <span class='ocrx_word' id='word_1_420' title='bbox 2191 1653 2332 1720; x_wconf 76' lang='lat' dir='ltr'><strong>pedis</strong></span> <span class='ocrx_word' id='word_1_421' title='bbox 2360 1665 2639 1708; x_wconf 74' lang='lat' dir='ltr'><strong>extremum</strong></span> <span class='ocrx_word' id='word_1_422' title='bbox 2670 1656 2859 1707; x_wconf 74' lang='lat' dir='ltr'><strong>habens</strong></span> <span class='ocrx_word' id='word_1_423' title='bbox 2905 1655 3064 1723; x_wconf 74' lang='lat' dir='ltr'><strong>juxta</strong></span> <span class='ocrx_word' id='word_1_424' title='bbox 3101 1666 3299 1710; x_wconf 79' lang='lat' dir='ltr'><strong>vastum</strong></span> <span class='ocrx_word' id='word_1_425' title='bbox 3325 1659 3451 1710; x_wconf 78' lang='lat' dir='ltr'><strong>dra-</strong></span> 
     </span>
    </p>
   </div>
   <div class='ocr_carea' id='block_1_56' title="bbox 3179 1723 3398 1794">
    <p class='ocr_par' dir='ltr' id='par_1_56' title="bbox 3179 1723 3398 1794">
     <span class='ocr_line' id='line_1_56' title="bbox 3179 1723 3398 1794; baseline 0.005 -17"><span class='ocrx_word' id='word_1_426' title='bbox 3179 1723 3398 1794; x_wconf 60' lang='lat' dir='ltr'><strong>[conenu</strong></span> 
     </span>
    </p>
   </div>
   <div class='ocr_carea' id='block_1_57' title="bbox 1920 1816 3450 1902">
    <p class='ocr_par' dir='ltr' id='par_1_57' title="bbox 1920 1816 3450 1902">
     <span class='ocr_line' id='line_1_57' title="bbox 1920 1816 3450 1902; baseline 0.004 -21"><span class='ocrx_word' id='word_1_427' title='bbox 1920 1830 1999 1883; x_wconf 73' lang='lat' dir='ltr'><strong>Ad</strong></span> <span class='ocrx_word' id='word_1_428' title='bbox 2030 1830 2238 1883; x_wconf 81' lang='lat' dir='ltr'><strong>dorsum</strong></span> <span class='ocrx_word' id='word_1_429' title='bbox 2269 1816 2443 1882; x_wconf 75' lang='lat' dir='ltr'><strong>autern</strong></span> <span class='ocrx_word' id='word_1_430' title='bbox 2472 1830 2607 1896; x_wconf 82' lang='lat' dir='ltr'><strong>ejus,</strong></span> <span class='ocrx_word' id='word_1_431' title='bbox 2634 1832 2721 1900; x_wconf 86' lang='lat' dir='ltr'><strong>qui</strong></span> <span class='ocrx_word' id='word_1_432' title='bbox 2767 1833 2818 1885; x_wconf 90' lang='lat' dir='ltr'><strong>in</strong></span> <span class='ocrx_word' id='word_1_433' title='bbox 2847 1834 3083 1901; x_wconf 75' lang='lat' dir='ltr'><strong>gentibus</strong></span> <span class='ocrx_word' id='word_1_434' title='bbox 3118 1843 3223 1897; x_wconf 89' lang='lat' dir='ltr'><strong>est,</strong></span> <span class='ocrx_word' id='word_1_435' title='bbox 3256 1835 3450 1902; x_wconf 72' lang='lat' dir='ltr'><strong>impen-</strong></span> 
     </span>
    </p>
   </div>
   <div class='ocr_carea' id='block_1_58' title="bbox 1923 1922 3452 1991">
    <p class='ocr_par' dir='ltr' id='par_1_58' title="bbox 1923 1922 3452 1991">
     <span class='ocr_line' id='line_1_58' title="bbox 1923 1922 3452 1991; baseline 0.003 -16"><span class='ocrx_word' id='word_1_436' title='bbox 1923 1922 2088 1975; x_wconf 86' lang='lat' dir='ltr'><strong>fectus</strong></span> <span class='ocrx_word' id='word_1_437' title='bbox 2105 1932 2187 1975; x_wconf 90' lang='lat' dir='ltr'><strong>est</strong></span> <span class='ocrx_word' id='word_1_438' title='bbox 2214 1936 2452 1991; x_wconf 82' lang='lat' dir='ltr'><strong>serpens,</strong></span> <span class='ocrx_word' id='word_1_439' title='bbox 2478 1925 2734 1977; x_wconf 90' lang='lat' dir='ltr'><strong>ambabus</strong></span> <span class='ocrx_word' id='word_1_440' title='bbox 2759 1926 3000 1980; x_wconf 89' lang='lat' dir='ltr'><strong>manibus</strong></span> <span class='ocrx_word' id='word_1_441' title='bbox 3028 1927 3353 1980; x_wconf 87' lang='lat' dir='ltr'><strong>constrictus</strong></span> <span class='ocrx_word' id='word_1_442' title='bbox 3383 1930 3452 1980; x_wconf 90' lang='lat' dir='ltr'><strong>ab</strong></span> 
     </span>
    </p>
   </div>
   <div class='ocr_carea' id='block_1_59' title="bbox 1920 2012 3534 2084">
    <p class='ocr_par' dir='ltr' id='par_1_59' title="bbox 1920 2012 3534 2084">
     <span class='ocr_line' id='line_1_59' title="bbox 1920 2012 3534 2084; baseline 0.004 -19"><span class='ocrx_word' id='word_1_443' title='bbox 1920 2012 2182 2079; x_wconf 88' lang='lat' dir='ltr'><strong>ophiucho</strong></span> <span class='ocrx_word' id='word_1_444' title='bbox 2213 2022 2267 2065; x_wconf 89' lang='lat' dir='ltr'><strong>et</strong></span> <span class='ocrx_word' id='word_1_445' title='bbox 2298 2013 2594 2081; x_wconf 84' lang='lat' dir='ltr'><strong>prohibitus</strong></span> <span class='ocrx_word' id='word_1_446' title='bbox 2617 2014 2875 2080; x_wconf 81' lang='lat' dir='ltr'><strong>attingere</strong></span> <span class='ocrx_word' id='word_1_447' title='bbox 2904 2030 3154 2069; x_wconf 87' lang='lat' dir='ltr'><strong>coronam</strong></span> <span class='ocrx_word' id='word_1_448' title='bbox 3195 2017 3448 2084; x_wconf 86' lang='lat' dir='ltr'><strong>adjacen-</strong></span> <span class='ocrx_word' id='word_1_449' title='bbox 3530 2052 3534 2057; x_wconf 52' lang='grc' dir='ltr'><strong>λ</strong></span> 
     </span>
    </p>
   </div>
   <div class='ocr_carea' id='block_1_60' title="bbox 1923 2100 2562 2169">
    <p class='ocr_par' dir='ltr' id='par_1_60' title="bbox 1923 2100 2562 2169">
     <span class='ocr_line' id='line_1_60' title="bbox 1923 2100 2562 2169; baseline 0 -14"><span class='ocrx_word' id='word_1_450' title='bbox 1923 2108 2026 2155; x_wconf 89' lang='lat' dir='ltr'><strong>tem</strong></span> <span class='ocrx_word' id='word_1_451' title='bbox 2054 2100 2284 2168; x_wconf 84' lang='lat' dir='ltr'><strong>perfecto</strong></span> <span class='ocrx_word' id='word_1_452' title='bbox 2313 2103 2562 2169; x_wconf 84' lang='lat' dir='ltr'><strong>serpenti.</strong></span> 
     </span>
    </p>
   </div>
   <div class='ocr_carea' id='block_1_61' title="bbox 1990 2189 3446 2261">
    <p class='ocr_par' dir='ltr' id='par_1_61' title="bbox 1990 2189 3446 2261">
     <span class='ocr_line' id='line_1_61' title="bbox 1990 2189 3446 2261; baseline 0.006 -19"><span class='ocrx_word' id='word_1_453' title='bbox 1990 2190 2075 2242; x_wconf 74' lang='lat' dir='ltr'><strong>i7.</strong></span> <span class='ocrx_word' id='word_1_454' title='bbox 2127 2189 2251 2243; x_wconf 71' lang='lat' dir='ltr'><strong>Haec</strong></span> <span class='ocrx_word' id='word_1_455' title='bbox 2293 2193 2534 2259; x_wconf 85' lang='lat' dir='ltr'><strong>pervaria</strong></span> <span class='ocrx_word' id='word_1_456' title='bbox 2580 2194 2837 2261; x_wconf 79' lang='lat' dir='ltr'><strong>sapientia</strong></span> <span class='ocrx_word' id='word_1_457' title='bbox 2876 2194 3094 2248; x_wconf 77' lang='lat' dir='ltr'><strong>haeresis</strong></span> <span class='ocrx_word' id='word_1_458' title='bbox 3156 2195 3446 2259; x_wconf 82' lang='lat' dir='ltr'><strong>Peraticae,</strong></span> 
     </span>
    </p>
   </div>
   <div class='ocr_carea' id='block_1_62' title="bbox 1921 2280 3447 2352">
    <p class='ocr_par' dir='ltr' id='par_1_62' title="bbox 1921 2280 3447 2352">
     <span class='ocr_line' id='line_1_62' title="bbox 1921 2280 3447 2352; baseline 0.005 -24"><span class='ocrx_word' id='word_1_459' title='bbox 1921 2293 2076 2345; x_wconf 88' lang='lat' dir='ltr'><strong>quam</strong></span> <span class='ocrx_word' id='word_1_460' title='bbox 2112 2280 2321 2332; x_wconf 81' lang='lat' dir='ltr'><strong>edicere</strong></span> <span class='ocrx_word' id='word_1_461' title='bbox 2357 2281 2656 2333; x_wconf 86' lang='lat' dir='ltr'><strong>universam</strong></span> <span class='ocrx_word' id='word_1_462' title='bbox 2692 2283 2913 2335; x_wconf 90' lang='lat' dir='ltr'><strong>arduum</strong></span> <span class='ocrx_word' id='word_1_463' title='bbox 2943 2292 3044 2341; x_wconf 89' lang='lat' dir='ltr'><strong>est.</strong></span> <span class='ocrx_word' id='word_1_464' title='bbox 3093 2291 3195 2335; x_wconf 89' lang='lat' dir='ltr'><strong>tam</strong></span> <span class='ocrx_word' id='word_1_465' title='bbox 3234 2299 3447 2352; x_wconf 80' lang='lat' dir='ltr'><strong>pravam</strong></span> 
     </span>
    </p>
   </div>
   <div class='ocr_carea' id='block_1_63' title="bbox 1922 2367 3445 2434">
    <p class='ocr_par' dir='ltr' id='par_1_63' title="bbox 1922 2367 3445 2434">
     <span class='ocr_line' id='line_1_63' title="bbox 1922 2367 3445 2434; baseline 0.002 -15"><span class='ocrx_word' id='word_1_466' title='bbox 1922 2367 2083 2427; x_wconf 85' lang='lat' dir='ltr'><strong>illam,</strong></span> <span class='ocrx_word' id='word_1_467' title='bbox 2117 2367 2239 2433; x_wconf 86' lang='lat' dir='ltr'><strong>quia</strong></span> <span class='ocrx_word' id='word_1_468' title='bbox 2285 2381 2349 2419; x_wconf 80' lang='lat' dir='ltr'><strong>ex</strong></span> <span class='ocrx_word' id='word_1_469' title='bbox 2393 2367 2772 2434; x_wconf 77' lang='lat' dir='ltr'><strong>astrologorum</strong></span> <span class='ocrx_word' id='word_1_470' title='bbox 2808 2378 2926 2422; x_wconf 91' lang='lat' dir='ltr'><strong>arte</strong></span> <span class='ocrx_word' id='word_1_471' title='bbox 2969 2370 3180 2421; x_wconf 84' lang='lat' dir='ltr'><strong>videtur</strong></span> <span class='ocrx_word' id='word_1_472' title='bbox 3221 2371 3445 2423; x_wconf 86' lang='lat' dir='ltr'><strong>deducta</strong></span> 
     </span>
    </p>
   </div>
   <div class='ocr_carea' id='block_1_64' title="bbox 1923 2455 3449 2526">
    <p class='ocr_par' dir='ltr' id='par_1_64' title="bbox 1923 2455 3449 2526">
     <span class='ocr_line' id='line_1_64' title="bbox 1923 2455 3449 2526; baseline 0.001 -17"><span class='ocrx_word' id='word_1_473' title='bbox 1923 2471 2059 2509; x_wconf 89' lang='lat' dir='ltr'><strong>esse.</strong></span> <span class='ocrx_word' id='word_1_474' title='bbox 2108 2455 2372 2520; x_wconf 84' lang='lat' dir='ltr'><strong>Quantum</strong></span> <span class='ocrx_word' id='word_1_475' title='bbox 2418 2457 2577 2524; x_wconf 82' lang='lat' dir='ltr'><strong>igitur</strong></span> <span class='ocrx_word' id='word_1_476' title='bbox 2609 2456 2722 2509; x_wconf 85' lang='lat' dir='ltr'><strong>ﬁeri</strong></span> <span class='ocrx_word' id='word_1_477' title='bbox 2766 2468 2995 2525; x_wconf 85' lang='lat' dir='ltr'><strong>poterat.</strong></span> <span class='ocrx_word' id='word_1_478' title='bbox 3026 2459 3211 2526; x_wconf 88' lang='lat' dir='ltr'><strong>paucis</strong></span> <span class='ocrx_word' id='word_1_479' title='bbox 3238 2474 3449 2511; x_wconf 89' lang='lat' dir='ltr'><strong>omnem</strong></span> 
     </span>
    </p>
   </div>
   <div class='ocr_carea' id='block_1_65' title="bbox 1923 2542 3449 2613">
    <p class='ocr_par' dir='ltr' id='par_1_65' title="bbox 1923 2542 3449 2613">
     <span class='ocr_line' id='line_1_65' title="bbox 1923 2542 3449 2613; baseline 0.005 -20"><span class='ocrx_word' id='word_1_480' title='bbox 1923 2544 2027 2594; x_wconf 87' lang='lat' dir='ltr'><strong>vim</strong></span> <span class='ocrx_word' id='word_1_481' title='bbox 2073 2542 2188 2607; x_wconf 87' lang='lat' dir='ltr'><strong>ejus</strong></span> <span class='ocrx_word' id='word_1_482' title='bbox 2230 2544 2587 2611; x_wconf 77' lang='lat' dir='ltr'><strong>exposuimus.</strong></span> <span class='ocrx_word' id='word_1_483' title='bbox 2617 2543 2685 2597; x_wconf 91' lang='lat' dir='ltr'><strong>Ut</strong></span> <span class='ocrx_word' id='word_1_484' title='bbox 2715 2554 2889 2598; x_wconf 90' lang='lat' dir='ltr'><strong>autem</strong></span> <span class='ocrx_word' id='word_1_485' title='bbox 2933 2559 3028 2611; x_wconf 90' lang='lat' dir='ltr'><strong>per</strong></span> <span class='ocrx_word' id='word_1_486' title='bbox 3078 2546 3449 2613; x_wconf 80' lang='lat' dir='ltr'><strong>compendium</strong></span> 
     </span>
    </p>
   </div>
   <div class='ocr_carea' id='block_1_66' title="bbox 1928 2632 3446 2704">
    <p class='ocr_par' dir='ltr' id='par_1_66' title="bbox 1928 2632 3446 2704">
     <span class='ocr_line' id='line_1_66' title="bbox 1928 2632 3446 2704; baseline 0 -15"><span class='ocrx_word' id='word_1_487' title='bbox 1928 2632 2268 2702; x_wconf 79' lang='lat'><strong>196—197</strong></span> <span class='ocrx_word' id='word_1_488' title='bbox 2297 2647 2505 2688; x_wconf 90' lang='lat' dir='ltr'><strong>omnem</strong></span> <span class='ocrx_word' id='word_1_489' title='bbox 2542 2649 2722 2687; x_wconf 89' lang='lat' dir='ltr'><strong>eorum</strong></span> <span class='ocrx_word' id='word_1_490' title='bbox 2772 2636 3063 2688; x_wconf 83' lang='lat' dir='ltr'><strong>doctrinam</strong></span> <span class='ocrx_word' id='word_1_491' title='bbox 3105 2637 3446 2704; x_wconf 79' lang='lat' dir='ltr'><strong>explicemus,</strong></span> 
     </span>
    </p>
   </div>
   <div class='ocr_carea' id='block_1_67' title="bbox 1923 2723 3445 2791">
    <p class='ocr_par' dir='ltr' id='par_1_67' title="bbox 1923 2723 3445 2791">
     <span class='ocr_line' id='line_1_67' title="bbox 1923 2723 3445 2791; baseline 0.004 -17"><span class='ocrx_word' id='word_1_492' title='bbox 1923 2723 2095 2791; x_wconf 80' lang='lat' dir='ltr'><strong>placet</strong></span> <span class='ocrx_word' id='word_1_493' title='bbox 2131 2723 2325 2777; x_wconf 87' lang='lat' dir='ltr'><strong>addere</strong></span> <span class='ocrx_word' id='word_1_494' title='bbox 2371 2723 2502 2778; x_wconf 68' lang='lat' dir='ltr'><strong>haec.</strong></span> <span class='ocrx_word' id='word_1_495' title='bbox 2534 2724 2625 2778; x_wconf 79' lang='lat' dir='ltr'><strong>Est</strong></span> <span class='ocrx_word' id='word_1_496' title='bbox 2671 2727 2958 2780; x_wconf 87' lang='lat' dir='ltr'><strong>secundum</strong></span> <span class='ocrx_word' id='word_1_497' title='bbox 2999 2726 3116 2781; x_wconf 80' lang='lat' dir='ltr'><strong>ilios</strong></span> <span class='ocrx_word' id='word_1_498' title='bbox 3144 2728 3445 2780; x_wconf 86' lang='lat' dir='ltr'><strong>universum</strong></span> 
     </span>
    </p>
   </div>
   <div class='ocr_carea' id='block_1_68' title="bbox 1936 2804 3458 2882">
    <p class='ocr_par' dir='ltr' id='par_1_68' title="bbox 1936 2804 3458 2882">
     <span class='ocr_line' id='line_1_68' title="bbox 1936 2804 3458 2882; baseline 0.005 -21"><span class='ocrx_word' id='word_1_499' title='bbox 1936 2819 2106 2879; x_wconf 90' lang='lat' dir='ltr'><strong>pater,</strong></span> <span class='ocrx_word' id='word_1_500' title='bbox 2140 2810 2300 2871; x_wconf 80' lang='lat' dir='ltr'><strong>ﬁlius.</strong></span> <span class='ocrx_word' id='word_1_501' title='bbox 2338 2812 2580 2866; x_wconf 78' lang='lat' dir='ltr'><strong>materia.</strong></span> <span class='ocrx_word' id='word_1_502' title='bbox 2610 2811 2804 2866; x_wconf 86' lang='lat' dir='ltr'><strong>Horum</strong></span> <span class='ocrx_word' id='word_1_503' title='bbox 2852 2804 3007 2866; x_wconf 90' lang='lat' dir='ltr'><strong>trium</strong></span> <span class='ocrx_word' id='word_1_504' title='bbox 3048 2814 3458 2882; x_wconf 88' lang='lat' dir='ltr'><strong>unumquodque</strong></span> 
     </span>
    </p>
   </div>
   <div class='ocr_carea' id='block_1_69' title="bbox 1934 2897 3453 2972">
    <p class='ocr_par' dir='ltr' id='par_1_69' title="bbox 1934 2897 3453 2972">
     <span class='ocr_line' id='line_1_69' title="bbox 1934 2897 3453 2972; baseline 0.003 -22"><span class='ocrx_word' id='word_1_505' title='bbox 1934 2897 2173 2953; x_wconf 84' lang='lat' dir='ltr'><strong>inllnitas</strong></span> <span class='ocrx_word' id='word_1_506' title='bbox 2219 2898 2377 2952; x_wconf 84' lang='lat' dir='ltr'><strong>habet</strong></span> <span class='ocrx_word' id='word_1_507' title='bbox 2404 2910 2694 2968; x_wconf 84' lang='lat' dir='ltr'><strong>potestates</strong></span> <span class='ocrx_word' id='word_1_508' title='bbox 2735 2901 2789 2954; x_wconf 89' lang='lat' dir='ltr'><strong>in</strong></span> <span class='ocrx_word' id='word_1_509' title='bbox 2818 2917 2953 2955; x_wconf 90' lang='lat' dir='ltr'><strong>sese.</strong></span> <span class='ocrx_word' id='word_1_510' title='bbox 3006 2902 3259 2955; x_wconf 87' lang='lat' dir='ltr'><strong>Consedit</strong></span> <span class='ocrx_word' id='word_1_511' title='bbox 3291 2902 3453 2972; x_wconf 88' lang='lat' dir='ltr'><strong>igitur</strong></span> 
     </span>
    </p>
   </div>
   <div class='ocr_carea' id='block_1_70' title="bbox 1930 2985 3455 3057">
    <p class='ocr_par' dir='ltr' id='par_1_70' title="bbox 1930 2985 3455 3057">
     <span class='ocr_line' id='line_1_70' title="bbox 1930 2985 3455 3057; baseline 0.003 -20"><span class='ocrx_word' id='word_1_512' title='bbox 1930 2985 2132 3038; x_wconf 80' lang='lat' dir='ltr'><strong>medius</strong></span> <span class='ocrx_word' id='word_1_513' title='bbox 2166 2985 2305 3039; x_wconf 90' lang='lat' dir='ltr'><strong>inter</strong></span> <span class='ocrx_word' id='word_1_514' title='bbox 2336 2988 2612 3040; x_wconf 83' lang='lat' dir='ltr'><strong>materiam</strong></span> <span class='ocrx_word' id='word_1_515' title='bbox 2647 2998 2700 3041; x_wconf 91' lang='lat' dir='ltr'><strong>et</strong></span> <span class='ocrx_word' id='word_1_516' title='bbox 2728 2997 2928 3057; x_wconf 85' lang='lat' dir='ltr'><strong>patrem</strong></span> <span class='ocrx_word' id='word_1_517' title='bbox 2958 2989 3117 3053; x_wconf 78' lang='lat' dir='ltr'><strong>filius,</strong></span> <span class='ocrx_word' id='word_1_518' title='bbox 3149 2989 3317 3057; x_wconf 76' lang='lat' dir='ltr'><strong>lngus,</strong></span> <span class='ocrx_word' id='word_1_519' title='bbox 3342 3004 3455 3042; x_wconf 42' lang='lat' dir='ltr'><strong>ser‘</strong></span> 
     </span>
    </p>
   </div>
   <div class='ocr_carea' id='block_1_71' title="bbox 1927 3078 3455 3145">
    <p class='ocr_par' dir='ltr' id='par_1_71' title="bbox 1927 3078 3455 3145">
     <span class='ocr_line' id='line_1_71' title="bbox 1927 3078 3455 3145; baseline 0.004 -18"><span class='ocrx_word' id='word_1_520' title='bbox 1927 3089 2076 3141; x_wconf 90' lang='lat' dir='ltr'><strong>pens,</strong></span> <span class='ocrx_word' id='word_1_521' title='bbox 2108 3090 2316 3143; x_wconf 84' lang='lat' dir='ltr'><strong>semper</strong></span> <span class='ocrx_word' id='word_1_522' title='bbox 2350 3092 2466 3130; x_wconf 83' lang='lat' dir='ltr'><strong>sese</strong></span> <span class='ocrx_word' id='word_1_523' title='bbox 2504 3092 2720 3130; x_wconf 85' lang='lat' dir='ltr'><strong>movens</strong></span> <span class='ocrx_word' id='word_1_524' title='bbox 2764 3078 2828 3129; x_wconf 87' lang='lat' dir='ltr'><strong>ad</strong></span> <span class='ocrx_word' id='word_1_525' title='bbox 2861 3078 3130 3131; x_wconf 88' lang='lat' dir='ltr'><strong>immotum</strong></span> <span class='ocrx_word' id='word_1_526' title='bbox 3163 3088 3363 3145; x_wconf 84' lang='lat' dir='ltr'><strong>patrem</strong></span> <span class='ocrx_word' id='word_1_527' title='bbox 3402 3090 3455 3133; x_wconf 85' lang='lat' dir='ltr'><strong>et</strong></span> 
     </span>
    </p>
   </div>
   <div class='ocr_carea' id='block_1_72' title="bbox 1925 3167 3454 3234">
    <p class='ocr_par' dir='ltr' id='par_1_72' title="bbox 1925 3167 3454 3234">
     <span class='ocr_line' id='line_1_72' title="bbox 1925 3167 3454 3234; baseline 0.002 -18"><span class='ocrx_word' id='word_1_528' title='bbox 1925 3178 2043 3217; x_wconf 90' lang='lat' dir='ltr'><strong>sese</strong></span> <span class='ocrx_word' id='word_1_529' title='bbox 2070 3174 2365 3219; x_wconf 82' lang='lat' dir='ltr'><strong>moventem</strong></span> <span class='ocrx_word' id='word_1_530' title='bbox 2392 3167 2687 3229; x_wconf 86' lang='lat' dir='ltr'><strong>materiam,</strong></span> <span class='ocrx_word' id='word_1_531' title='bbox 2719 3176 2770 3218; x_wconf 92' lang='lat' dir='ltr'><strong>et</strong></span> <span class='ocrx_word' id='word_1_532' title='bbox 2809 3167 3091 3234; x_wconf 86' lang='lat' dir='ltr'><strong>aliquando</strong></span> <span class='ocrx_word' id='word_1_533' title='bbox 3134 3167 3359 3220; x_wconf 75' lang='lat' dir='ltr'><strong>vertitur</strong></span> <span class='ocrx_word' id='word_1_534' title='bbox 3387 3169 3454 3221; x_wconf 83' lang='lat' dir='ltr'><strong>ad</strong></span> 
     </span>
    </p>
   </div>
   <div class='ocr_carea' id='block_1_73' title="bbox 1926 3253 3451 3323">
    <p class='ocr_par' dir='ltr' id='par_1_73' title="bbox 1926 3253 3451 3323">
     <span class='ocr_line' id='line_1_73' title="bbox 1926 3253 3451 3323; baseline 0.003 -19"><span class='ocrx_word' id='word_1_535' title='bbox 1926 3261 2127 3319; x_wconf 85' lang='lat' dir='ltr'><strong>patrem</strong></span> <span class='ocrx_word' id='word_1_536' title='bbox 2170 3261 2228 3306; x_wconf 86' lang='lat' dir='ltr'><strong>et</strong></span> <span class='ocrx_word' id='word_1_537' title='bbox 2276 3253 2466 3320; x_wconf 89' lang='lat' dir='ltr'><strong>recipit</strong></span> <span class='ocrx_word' id='word_1_538' title='bbox 2515 3263 2798 3322; x_wconf 85' lang='lat' dir='ltr'><strong>potestates</strong></span> <span class='ocrx_word' id='word_1_539' title='bbox 2844 3255 2896 3307; x_wconf 92' lang='lat' dir='ltr'><strong>in</strong></span> <span class='ocrx_word' id='word_1_540' title='bbox 2948 3269 3221 3323; x_wconf 88' lang='lat' dir='ltr'><strong>personam</strong></span> <span class='ocrx_word' id='word_1_541' title='bbox 3269 3270 3451 3319; x_wconf 86' lang='lat' dir='ltr'><strong>suam;</strong></span> 
     </span>
    </p>
   </div>
   <div class='ocr_carea' id='block_1_74' title="bbox 1927 3345 3455 3411">
    <p class='ocr_par' dir='ltr' id='par_1_74' title="bbox 1927 3345 3455 3411">
     <span class='ocr_line' id='line_1_74' title="bbox 1927 3345 3455 3411; baseline 0.003 -17"><span class='ocrx_word' id='word_1_542' title='bbox 1927 3352 2202 3409; x_wconf 84' lang='lat' dir='ltr'><strong>postquam</strong></span> <span class='ocrx_word' id='word_1_543' title='bbox 2234 3353 2408 3396; x_wconf 91' lang='lat' dir='ltr'><strong>autem</strong></span> <span class='ocrx_word' id='word_1_544' title='bbox 2444 3345 2639 3411; x_wconf 87' lang='lat' dir='ltr'><strong>recepit</strong></span> <span class='ocrx_word' id='word_1_545' title='bbox 2665 3353 2975 3411; x_wconf 85' lang='lat' dir='ltr'><strong>potestates,</strong></span> <span class='ocrx_word' id='word_1_546' title='bbox 2995 3346 3221 3398; x_wconf 89' lang='lat' dir='ltr'><strong>vertitur</strong></span> <span class='ocrx_word' id='word_1_547' title='bbox 3248 3348 3312 3399; x_wconf 91' lang='lat' dir='ltr'><strong>ad</strong></span> <span class='ocrx_word' id='word_1_548' title='bbox 3345 3360 3455 3398; x_wconf 87' lang='lat' dir='ltr'><strong>ma-</strong></span> 
     </span>
    </p>
   </div>
   <div class='ocr_carea' id='block_1_75' title="bbox 1928 3431 3456 3500">
    <p class='ocr_par' dir='ltr' id='par_1_75' title="bbox 1928 3431 3456 3500">
     <span class='ocr_line' id='line_1_75' title="bbox 1928 3431 3456 3500; baseline 0.002 -17"><span class='ocrx_word' id='word_1_549' title='bbox 1928 3431 2134 3493; x_wconf 88' lang='lat' dir='ltr'><strong>teriam,</strong></span> <span class='ocrx_word' id='word_1_550' title='bbox 2165 3439 2218 3483; x_wconf 87' lang='lat' dir='ltr'><strong>et</strong></span> <span class='ocrx_word' id='word_1_551' title='bbox 2244 3431 2489 3490; x_wconf 86' lang='lat' dir='ltr'><strong>materia.</strong></span> <span class='ocrx_word' id='word_1_552' title='bbox 2523 3446 2707 3485; x_wconf 87' lang='lat' dir='ltr'><strong>carens</strong></span> <span class='ocrx_word' id='word_1_553' title='bbox 2732 3431 2987 3499; x_wconf 89' lang='lat' dir='ltr'><strong>qualitate</strong></span> <span class='ocrx_word' id='word_1_554' title='bbox 3018 3442 3070 3485; x_wconf 89' lang='lat' dir='ltr'><strong>et</strong></span> <span class='ocrx_word' id='word_1_555' title='bbox 3101 3433 3283 3500; x_wconf 82' lang='lat' dir='ltr'><strong>figura,</strong></span> <span class='ocrx_word' id='word_1_556' title='bbox 3313 3433 3365 3485; x_wconf 91' lang='lat' dir='ltr'><strong>in</strong></span> <span class='ocrx_word' id='word_1_557' title='bbox 3396 3448 3456 3486; x_wconf 87' lang='lat' dir='ltr'><strong>se</strong></span> 
     </span>
    </p>
   </div>
   <div class='ocr_carea' id='block_1_76' title="bbox 1926 3519 3458 3588">
    <p class='ocr_par' dir='ltr' id='par_1_76' title="bbox 1926 3519 3458 3588">
     <span class='ocr_line' id='line_1_76' title="bbox 1926 3519 3458 3588; baseline 0.001 -16"><span class='ocrx_word' id='word_1_558' title='bbox 1926 3519 2126 3587; x_wconf 86' lang='lat' dir='ltr'><strong>ellingit</strong></span> <span class='ocrx_word' id='word_1_559' title='bbox 2167 3520 2314 3573; x_wconf 85' lang='lat' dir='ltr'><strong>ideas</strong></span> <span class='ocrx_word' id='word_1_560' title='bbox 2343 3536 2371 3573; x_wconf 92' lang='lat' dir='ltr'><strong>a</strong></span> <span class='ocrx_word' id='word_1_561' title='bbox 2414 3520 2543 3583; x_wconf 89' lang='lat' dir='ltr'><strong>lilio,</strong></span> <span class='ocrx_word' id='word_1_562' title='bbox 2588 3536 2721 3588; x_wconf 89' lang='lat' dir='ltr'><strong>quas</strong></span> <span class='ocrx_word' id='word_1_563' title='bbox 2761 3521 2899 3573; x_wconf 81' lang='lat' dir='ltr'><strong>[ilius</strong></span> <span class='ocrx_word' id='word_1_564' title='bbox 2932 3536 2960 3573; x_wconf 89' lang='lat' dir='ltr'><strong>a</strong></span> <span class='ocrx_word' id='word_1_565' title='bbox 3002 3530 3151 3588; x_wconf 89' lang='lat' dir='ltr'><strong>patre</strong></span> <span class='ocrx_word' id='word_1_566' title='bbox 3184 3522 3234 3573; x_wconf 92' lang='lat' dir='ltr'><strong>in</strong></span> <span class='ocrx_word' id='word_1_567' title='bbox 3275 3536 3334 3574; x_wconf 85' lang='lat' dir='ltr'><strong>se</strong></span> <span class='ocrx_word' id='word_1_568' title='bbox 3379 3521 3458 3573; x_wconf 85' lang='lat' dir='ltr'><strong>ef-</strong></span> 
     </span>
    </p>
   </div>
   <div class='ocr_carea' id='block_1_77' title="bbox 1931 3608 3458 3678">
    <p class='ocr_par' dir='ltr' id='par_1_77' title="bbox 1931 3608 3458 3678">
     <span class='ocr_line' id='line_1_77' title="bbox 1931 3608 3458 3678; baseline 0.001 -18"><span class='ocrx_word' id='word_1_569' title='bbox 1931 3608 2101 3662; x_wconf 76' lang='lat' dir='ltr'><strong>fluxit.</strong></span> <span class='ocrx_word' id='word_1_570' title='bbox 2143 3608 2424 3675; x_wconf 80' lang='lat' dir='ltr'><strong>Effingitur</strong></span> <span class='ocrx_word' id='word_1_571' title='bbox 2466 3619 2641 3671; x_wconf 84' lang='lat' dir='ltr'><strong>autem</strong></span> <span class='ocrx_word' id='word_1_572' title='bbox 2691 3610 2829 3663; x_wconf 82' lang='lat' dir='ltr'><strong>ﬁlius</strong></span> <span class='ocrx_word' id='word_1_573' title='bbox 2858 3625 2887 3662; x_wconf 89' lang='lat' dir='ltr'><strong>a</strong></span> <span class='ocrx_word' id='word_1_574' title='bbox 2928 3622 3079 3678; x_wconf 89' lang='lat' dir='ltr'><strong>patre</strong></span> <span class='ocrx_word' id='word_1_575' title='bbox 3125 3608 3458 3663; x_wconf 72' lang='lat' dir='ltr'><strong>inelfahiliter</strong></span> 
     </span>
    </p>
   </div>
   <div class='ocr_carea' id='block_1_78' title="bbox 1932 3696 3455 3753">
    <p class='ocr_par' dir='ltr' id='par_1_78' title="bbox 1932 3696 3455 3753">
     <span class='ocr_line' id='line_1_78' title="bbox 1932 3696 3455 3753; baseline -0.001 -1"><span class='ocrx_word' id='word_1_576' title='bbox 1932 3707 1986 3753; x_wconf 90' lang='lat' dir='ltr'><strong>et</strong></span> <span class='ocrx_word' id='word_1_577' title='bbox 2014 3699 2327 3753; x_wconf 87' lang='lat' dir='ltr'><strong>iuvocaliter</strong></span> <span class='ocrx_word' id='word_1_578' title='bbox 2367 3708 2421 3751; x_wconf 89' lang='lat' dir='ltr'><strong>et</strong></span> <span class='ocrx_word' id='word_1_579' title='bbox 2467 3698 2801 3752; x_wconf 86' lang='lat' dir='ltr'><strong>intransitive</strong></span> <span class='ocrx_word' id='word_1_580' title='bbox 2826 3699 2905 3753; x_wconf 90' lang='lat' dir='ltr'><strong>sic</strong></span> <span class='ocrx_word' id='word_1_581' title='bbox 2951 3699 3025 3751; x_wconf 88' lang='lat' dir='ltr'><strong>uti</strong></span> <span class='ocrx_word' id='word_1_582' title='bbox 3057 3698 3183 3751; x_wconf 86' lang='lat' dir='ltr'><strong>dicit</strong></span> <span class='ocrx_word' id='word_1_583' title='bbox 3223 3696 3394 3751; x_wconf 85' lang='lat' dir='ltr'><strong>Moses</strong></span> <span class='ocrx_word' id='word_1_584' title='bbox 3425 3712 3455 3751; x_wconf 88' lang='lat' dir='ltr'><strong>a</strong></span> 
     </span>
    </p>
   </div>
   <div class='ocr_carea' id='block_1_79' title="bbox 1928 3785 3458 3854">
    <p class='ocr_par' dir='ltr' id='par_1_79' title="bbox 1928 3785 3458 3854">
     <span class='ocr_line' id='line_1_79' title="bbox 1928 3785 3458 3854; baseline -0.001 -14"><span class='ocrx_word' id='word_1_585' title='bbox 1928 3786 2093 3854; x_wconf 82' lang='lat' dir='ltr'><strong>virgis</strong></span> <span class='ocrx_word' id='word_1_586' title='bbox 2115 3800 2179 3839; x_wconf 81' lang='lat' dir='ltr'><strong>ex</strong></span> <span class='ocrx_word' id='word_1_587' title='bbox 2214 3786 2503 3854; x_wconf 84' lang='lat' dir='ltr'><strong>potisteriis</strong></span> <span class='ocrx_word' id='word_1_588' title='bbox 2527 3785 2828 3852; x_wconf 90' lang='lat' dir='ltr'><strong>conspicuis</strong></span> <span class='ocrx_word' id='word_1_589' title='bbox 2855 3786 3066 3839; x_wconf 79' lang='lat' dir='ltr'><strong>ﬂuxisse</strong></span> <span class='ocrx_word' id='word_1_590' title='bbox 3093 3786 3299 3839; x_wconf 89' lang='lat' dir='ltr'><strong>colores</strong></span> <span class='ocrx_word' id='word_1_591' title='bbox 3331 3799 3458 3839; x_wconf 91' lang='lat' dir='ltr'><strong>con-</strong></span> 
     </span>
    </p>
   </div>
   <div class='ocr_carea' id='block_1_80' title="bbox 1931 3873 3458 3941">
    <p class='ocr_par' dir='ltr' id='par_1_80' title="bbox 1931 3873 3458 3941">
     <span class='ocr_line' id='line_1_80' title="bbox 1931 3873 3458 3941; baseline 0.001 -13"><span class='ocrx_word' id='word_1_592' title='bbox 1931 3885 2201 3941; x_wconf 80' lang='lat' dir='ltr'><strong>ceptarum</strong></span> <span class='ocrx_word' id='word_1_593' title='bbox 2246 3874 2468 3927; x_wconf 78' lang='lat' dir='ltr'><strong>fetuum.</strong></span> <span class='ocrx_word' id='word_1_594' title='bbox 2501 3873 2759 3928; x_wconf 88' lang='lat' dir='ltr'><strong>Similiter</strong></span> <span class='ocrx_word' id='word_1_595' title='bbox 2792 3884 2970 3930; x_wconf 88' lang='lat' dir='ltr'><strong>autem</strong></span> <span class='ocrx_word' id='word_1_596' title='bbox 3004 3890 3190 3930; x_wconf 86' lang='lat' dir='ltr'><strong>rursus</strong></span> <span class='ocrx_word' id='word_1_597' title='bbox 3230 3876 3387 3930; x_wconf 89' lang='lat' dir='ltr'><strong>etiam</strong></span> <span class='ocrx_word' id='word_1_598' title='bbox 3426 3891 3458 3929; x_wconf 85' lang='lat' dir='ltr'><strong>a</strong></span> 
     </span>
    </p>
   </div>
   <div class='ocr_carea' id='block_1_81' title="bbox 1934 3963 3459 4033">
    <p class='ocr_par' dir='ltr' id='par_1_81' title="bbox 1934 3963 3459 4033">
     <span class='ocr_line' id='line_1_81' title="bbox 1934 3963 3459 4033; baseline 0.001 -16"><span class='ocrx_word' id='word_1_599' title='bbox 1934 3963 2040 4017; x_wconf 84' lang='lat' dir='ltr'><strong>lilio</strong></span> <span class='ocrx_word' id='word_1_600' title='bbox 2073 3963 2123 4016; x_wconf 90' lang='lat' dir='ltr'><strong>in</strong></span> <span class='ocrx_word' id='word_1_601' title='bbox 2169 3964 2444 4017; x_wconf 86' lang='lat' dir='ltr'><strong>materiam</strong></span> <span class='ocrx_word' id='word_1_602' title='bbox 2475 3963 2690 4018; x_wconf 82' lang='lat' dir='ltr'><strong>ﬂuxisse</strong></span> <span class='ocrx_word' id='word_1_603' title='bbox 2718 3973 3009 4033; x_wconf 88' lang='lat' dir='ltr'><strong>potestates</strong></span> <span class='ocrx_word' id='word_1_604' title='bbox 3037 3967 3101 4018; x_wconf 90' lang='lat' dir='ltr'><strong>ad</strong></span> <span class='ocrx_word' id='word_1_605' title='bbox 3134 3967 3298 4021; x_wconf 85' lang='lat' dir='ltr'><strong>instar</strong></span> <span class='ocrx_word' id='word_1_606' title='bbox 3324 3966 3459 4020; x_wconf 83' lang='lat' dir='ltr'><strong>infe-</strong></span> 
     </span>
    </p>
   </div>
   <div class='ocr_carea' id='block_1_82' title="bbox 1945 4053 3459 4124">
    <p class='ocr_par' dir='ltr' id='par_1_82' title="bbox 1945 4053 3459 4124">
     <span class='ocr_line' id='line_1_82' title="bbox 1945 4053 3459 4124; baseline 0.001 -17"><span class='ocrx_word' id='word_1_607' title='bbox 1945 4054 2163 4108; x_wconf 86' lang='lat' dir='ltr'><strong>tationis</strong></span> <span class='ocrx_word' id='word_1_608' title='bbox 2190 4053 2468 4119; x_wconf 87' lang='lat' dir='ltr'><strong>potestatis</strong></span> <span class='ocrx_word' id='word_1_609' title='bbox 2493 4068 2609 4118; x_wconf 71' lang='lat' dir='ltr'><strong>quae</strong></span> <span class='ocrx_word' id='word_1_610' title='bbox 2643 4054 2971 4109; x_wconf 87' lang='lat' dir='ltr'><strong>redundabat</strong></span> <span class='ocrx_word' id='word_1_611' title='bbox 2990 4071 3018 4109; x_wconf 88' lang='lat' dir='ltr'><strong>a</strong></span> <span class='ocrx_word' id='word_1_612' title='bbox 3048 4056 3214 4124; x_wconf 87' lang='lat' dir='ltr'><strong>virgis</strong></span> <span class='ocrx_word' id='word_1_613' title='bbox 3248 4057 3311 4109; x_wconf 86' lang='lat' dir='ltr'><strong>ad</strong></span> <span class='ocrx_word' id='word_1_614' title='bbox 3333 4072 3459 4111; x_wconf 89' lang='lat' dir='ltr'><strong>con-</strong></span> 
     </span>
    </p>
   </div>
   <div class='ocr_carea' id='block_1_83' title="bbox 1935 4141 3460 4210">
    <p class='ocr_par' dir='ltr' id='par_1_83' title="bbox 1935 4141 3460 4210">
     <span class='ocr_line' id='line_1_83' title="bbox 1935 4141 3460 4210; baseline 0 -13"><span class='ocrx_word' id='word_1_615' title='bbox 1935 4150 2119 4210; x_wconf 89' lang='lat' dir='ltr'><strong>ceptus</strong></span> <span class='ocrx_word' id='word_1_616' title='bbox 2147 4141 2304 4196; x_wconf 89' lang='lat' dir='ltr'><strong>fetus.</strong></span> <span class='ocrx_word' id='word_1_617' title='bbox 2337 4141 2640 4196; x_wconf 87' lang='lat' dir='ltr'><strong>Dil&#39;ferentia</strong></span> <span class='ocrx_word' id='word_1_618' title='bbox 2680 4152 2855 4196; x_wconf 88' lang='lat' dir='ltr'><strong>autem</strong></span> <span class='ocrx_word' id='word_1_619' title='bbox 2887 4142 3121 4197; x_wconf 88' lang='lat' dir='ltr'><strong>colorum</strong></span> <span class='ocrx_word' id='word_1_620' title='bbox 3155 4154 3208 4198; x_wconf 82' lang='lat' dir='ltr'><strong>et</strong></span> <span class='ocrx_word' id='word_1_621' title='bbox 3228 4144 3460 4200; x_wconf 89' lang='lat' dir='ltr'><strong>dissimi-</strong></span> 
     </span>
    </p>
   </div>
   <div class='ocr_carea' id='block_1_84' title="bbox 1937 4231 3459 4302">
    <p class='ocr_par' dir='ltr' id='par_1_84' title="bbox 1937 4231 3459 4302">
     <span class='ocr_line' id='line_1_84' title="bbox 1937 4231 3459 4302; baseline 0.002 -17"><span class='ocrx_word' id='word_1_622' title='bbox 1937 4231 2124 4297; x_wconf 85' lang='lat' dir='ltr'><strong>litudo,</strong></span> <span class='ocrx_word' id='word_1_623' title='bbox 2155 4247 2272 4302; x_wconf 62' lang='lat' dir='ltr'><strong>quae</strong></span> <span class='ocrx_word' id='word_1_624' title='bbox 2303 4231 2453 4286; x_wconf 81' lang='lat' dir='ltr'><strong>ﬂuxit</strong></span> <span class='ocrx_word' id='word_1_625' title='bbox 2481 4247 2510 4285; x_wconf 91' lang='lat' dir='ltr'><strong>a</strong></span> <span class='ocrx_word' id='word_1_626' title='bbox 2544 4232 2703 4301; x_wconf 88' lang='lat' dir='ltr'><strong>virgis</strong></span> <span class='ocrx_word' id='word_1_627' title='bbox 2730 4246 2825 4301; x_wconf 90' lang='lat' dir='ltr'><strong>per</strong></span> <span class='ocrx_word' id='word_1_628' title='bbox 2866 4247 3032 4301; x_wconf 82' lang='lat' dir='ltr'><strong>aquas</strong></span> <span class='ocrx_word' id='word_1_629' title='bbox 3060 4235 3127 4288; x_wconf 91' lang='lat' dir='ltr'><strong>ad</strong></span> <span class='ocrx_word' id='word_1_630' title='bbox 3160 4250 3309 4298; x_wconf 86' lang='lat' dir='ltr'><strong>oves,</strong></span> <span class='ocrx_word' id='word_1_631' title='bbox 3356 4234 3459 4288; x_wconf 87' lang='lat' dir='ltr'><strong>dif-</strong></span> 
     </span>
    </p>
   </div>
   <div class='ocr_carea' id='block_1_85' title="bbox 288 4322 1827 4405">
    <p class='ocr_par' dir='ltr' id='par_1_85' title="bbox 288 4322 1827 4405">
     <span class='ocr_line' id='line_1_85' title="bbox 288 4322 1827 4405; baseline -0.009 -18"><span class='ocrx_word' id='word_1_632' title='bbox 288 4338 389 4389; x_wconf 79' lang='grc' dir='ltr'><strong>καὶ</strong></span> <span class='ocrx_word' id='word_1_633' title='bbox 419 4338 453 4405; x_wconf 83' lang='grc' dir='ltr'>ἡ</span> <span class='ocrx_word' id='word_1_634' title='bbox 486 4331 809 4401; x_wconf 85' lang='grc' dir='ltr'>ἀνομοιότης</span> <span class='ocrx_word' id='word_1_635' title='bbox 838 4329 1074 4397; x_wconf 82' lang='grc' dir='ltr'>ρεύσασα</span> <span class='ocrx_word' id='word_1_636' title='bbox 1100 4324 1206 4376; x_wconf 87' lang='lat'><em>61:6</em></span> <span class='ocrx_word' id='word_1_637' title='bbox 1228 4325 1332 4375; x_wconf 84' lang='grc' dir='ltr'>τῶν</span> <span class='ocrx_word' id='word_1_638' title='bbox 1378 4323 1581 4393; x_wconf 80' lang='grc' dir='ltr'>ρἀδων</span> <span class='ocrx_word' id='word_1_639' title='bbox 1608 4322 1695 4374; x_wconf 83' lang='grc' dir='ltr'>διὰ</span> <span class='ocrx_word' id='word_1_640' title='bbox 1727 4322 1827 4405; x_wconf 73' lang='grc' dir='ltr'><strong>τῷν</strong></span> 
     </span>
    </p>
   </div>
   <div class='ocr_carea' id='block_1_86' title="bbox 1932 4322 3460 4405">
    <p class='ocr_par' dir='ltr' id='par_1_86' title="bbox 1937 4322 3460 4391">
     <span class='ocr_line' id='line_1_86' title="bbox 1937 4322 3460 4391; baseline 0.002 -16"><span class='ocrx_word' id='word_1_641' title='bbox 1937 4323 2184 4387; x_wconf 88' lang='lat' dir='ltr'><strong>ferentia,</strong></span> <span class='ocrx_word' id='word_1_642' title='bbox 2231 4322 2428 4390; x_wconf 87' lang='lat' dir='ltr'><strong>inquit,</strong></span> <span class='ocrx_word' id='word_1_643' title='bbox 2474 4323 2830 4391; x_wconf 77' lang='lat' dir='ltr'><strong>generationis</strong></span> <span class='ocrx_word' id='word_1_644' title='bbox 2872 4331 2956 4376; x_wconf 87' lang='lat' dir='ltr'><strong>est</strong></span> <span class='ocrx_word' id='word_1_645' title='bbox 2994 4324 3234 4378; x_wconf 86' lang='lat' dir='ltr'><strong>mortalis</strong></span> <span class='ocrx_word' id='word_1_646' title='bbox 3279 4332 3331 4378; x_wconf 91' lang='lat' dir='ltr'><strong>et</strong></span> <span class='ocrx_word' id='word_1_647' title='bbox 3357 4325 3460 4378; x_wconf 89' lang='lat' dir='ltr'><strong>im-</strong></span> 
     </span>
    </p>
   </div>
   <div class='ocr_carea' id='block_1_87' title="bbox 289 4411 1832 4490">
    <p class='ocr_par' dir='ltr' id='par_1_87' title="bbox 289 4411 1832 4490">
     <span class='ocr_line' id='line_1_87' title="bbox 289 4411 1832 4490; baseline -0.011 -12"><span class='ocrx_word' id='word_1_648' title='bbox 289 4424 503 4477; x_wconf 78' lang='grc' dir='ltr'>ὐδάτων</span> <span class='ocrx_word' id='word_1_649' title='bbox 546 4422 643 4475; x_wconf 71' lang='grc' dir='ltr'><strong>ἐπὶ</strong></span> <span class='ocrx_word' id='word_1_650' title='bbox 685 4420 755 4471; x_wconf 81' lang='grc' dir='ltr'>τὰ</span> <span class='ocrx_word' id='word_1_651' title='bbox 800 4416 1048 4487; x_wconf 75' lang='grc' dir='ltr'>πρόϐατα</span> <span class='ocrx_word' id='word_1_652' title='bbox 1081 4414 1346 4482; x_wconf 83' lang='grc' dir='ltr'>διαφορὰ,</span> <span class='ocrx_word' id='word_1_653' title='bbox 1378 4413 1528 4480; x_wconf 80' lang='grc' dir='ltr'>φησὶ,</span> <span class='ocrx_word' id='word_1_654' title='bbox 1573 4411 1832 4490; x_wconf 69' lang='grc' dir='ltr'>γενέσεως</span> 
     </span>
    </p>
   </div>
   <div class='ocr_carea' id='block_1_88' title="bbox 292 4500 1836 4581">
    <p class='ocr_par' dir='ltr' id='par_1_88' title="bbox 292 4500 1836 4581">
     <span class='ocr_line' id='line_1_88' title="bbox 292 4500 1836 4581; baseline -0.01 -15"><span class='ocrx_word' id='word_1_655' title='bbox 292 4516 417 4568; x_wconf 69' lang='grc' dir='ltr'>ἐστι</span> <span class='ocrx_word' id='word_1_656' title='bbox 450 4511 701 4581; x_wconf 80' lang='grc' dir='ltr'>φθαρτῆς</span> <span class='ocrx_word' id='word_1_657' title='bbox 729 4510 822 4562; x_wconf 71' lang='grc' dir='ltr'><strong>καὶ</strong></span> <span class='ocrx_word' id='word_1_658' title='bbox 861 4505 1137 4575; x_wconf 86' lang='grc' dir='ltr'>ἀφθάρτου</span> <span class='ocrx_word' id='word_1_659' title='bbox 1157 4520 1171 4535; x_wconf 76' lang='grc' dir='ltr'><strong>ο</strong></span> <span class='ocrx_word' id='word_1_660' title='bbox 1205 4501 1400 4571; x_wconf 79' lang='grc' dir='ltr'>μᾶλλον</span> <span class='ocrx_word' id='word_1_661' title='bbox 1436 4501 1493 4553; x_wconf 82' lang='grc' dir='ltr'>δὲ</span> <span class='ocrx_word' id='word_1_662' title='bbox 1516 4500 1697 4570; x_wconf 85' lang='grc' dir='ltr'>ὥσπερ</span> <span class='ocrx_word' id='word_1_663' title='bbox 1732 4501 1836 4562; x_wconf 79' lang='grc' dir='ltr'>ζω-</span> 
     </span>
    </p>
   </div>
   <div class='ocr_carea' id='block_1_89' title="bbox 292 4588 1837 4673">
    <p class='ocr_par' dir='ltr' id='par_1_89' title="bbox 292 4588 1837 4673">
     <span class='ocr_line' id='line_1_89' title="bbox 292 4588 1837 4673; baseline -0.017 -16"><span class='ocrx_word' id='word_1_664' title='bbox 292 4602 530 4673; x_wconf 80' lang='grc' dir='ltr'>γραφῶν</span> <span class='ocrx_word' id='word_1_665' title='bbox 555 4599 662 4652; x_wconf 90' lang='lat'><em>61:6</em></span> <span class='ocrx_word' id='word_1_666' title='bbox 684 4598 791 4650; x_wconf 83' lang='grc' dir='ltr'><strong>τῶν</strong></span> <span class='ocrx_word' id='word_1_667' title='bbox 821 4595 973 4660; x_wconf 77' lang='grc' dir='ltr'>ζώων</span> <span class='ocrx_word' id='word_1_668' title='bbox 1001 4592 1159 4661; x_wconf 84' lang='grc' dir='ltr'>μηδὲν</span> <span class='ocrx_word' id='word_1_669' title='bbox 1191 4588 1579 4659; x_wconf 76' lang='grc' dir='ltr'>ἀφαιροῦμενος</span> <span class='ocrx_word' id='word_1_670' title='bbox 1606 4589 1670 4655; x_wconf 80' lang='grc' dir='ltr'>τῇ</span> <span class='ocrx_word' id='word_1_671' title='bbox 1702 4602 1837 4655; x_wconf 85' lang='grc' dir='ltr'>γρα-</span> 
     </span>
    </p>
   </div>
   <div class='ocr_carea' id='block_1_90' title="bbox 294 4676 1837 4762">
    <p class='ocr_par' dir='ltr' id='par_1_90' title="bbox 294 4676 1837 4762">
     <span class='ocr_line' id='line_1_90' title="bbox 294 4676 1837 4762; baseline -0.016 -14"><span class='ocrx_word' id='word_1_672' title='bbox 294 4694 410 4762; x_wconf 82' lang='grc' dir='ltr'>φίδι</span> <span class='ocrx_word' id='word_1_673' title='bbox 442 4691 626 4752; x_wconf 83' lang='grc' dir='ltr'>πάσας</span> <span class='ocrx_word' id='word_1_674' title='bbox 649 4689 742 4740; x_wconf 75' lang='grc' dir='ltr'><strong>ἐπὶ</strong></span> <span class='ocrx_word' id='word_1_675' title='bbox 772 4686 863 4738; x_wconf 81' lang='grc' dir='ltr'>τὸν</span> <span class='ocrx_word' id='word_1_676' title='bbox 889 4683 1089 4736; x_wconf 86' lang='grc' dir='ltr'>πίνακα</span> <span class='ocrx_word' id='word_1_677' title='bbox 1126 4678 1413 4749; x_wconf 86' lang='grc' dir='ltr'>μεταφέρει</span> <span class='ocrx_word' id='word_1_678' title='bbox 1453 4677 1550 4739; x_wconf 82' lang='grc' dir='ltr'><strong>τὰς</strong></span> <span class='ocrx_word' id='word_1_679' title='bbox 1577 4677 1716 4738; x_wconf 80' lang='grc' dir='ltr'>ἰδέας</span> <span class='ocrx_word' id='word_1_680' title='bbox 1741 4676 1837 4741; x_wconf 84' lang='grc' dir='ltr'><strong>ὲγ-</strong></span> 
     </span>
    </p>
   </div>
   <div class='ocr_carea' id='block_1_91' title="bbox 297 4762 1836 4851">
    <p class='ocr_par' dir='ltr' id='par_1_91' title="bbox 297 4762 1836 4851">
     <span class='ocr_line' id='line_1_91' title="bbox 297 4762 1836 4851; baseline -0.014 -14"><span class='ocrx_word' id='word_1_681' title='bbox 297 4785 546 4851; x_wconf 80' lang='grc' dir='ltr'>γράφων,</span> <span class='ocrx_word' id='word_1_682' title='bbox 579 4778 751 4841; x_wconf 75' lang='grc' dir='ltr'>οὕτως</span> <span class='ocrx_word' id='word_1_683' title='bbox 778 4778 806 4827; x_wconf 88' lang='grc' dir='ltr'><strong>ὁ</strong></span> <span class='ocrx_word' id='word_1_684' title='bbox 850 4773 963 4834; x_wconf 79' lang='grc' dir='ltr'>υίὸς</span> <span class='ocrx_word' id='word_1_685' title='bbox 984 4774 1050 4841; x_wconf 83' lang='grc' dir='ltr'>τῇ</span> <span class='ocrx_word' id='word_1_686' title='bbox 1076 4769 1293 4838; x_wconf 88' lang='grc' dir='ltr'>δυνάμει</span> <span class='ocrx_word' id='word_1_687' title='bbox 1320 4770 1384 4836; x_wconf 78' lang='grc' dir='ltr'>τῇ</span> <span class='ocrx_word' id='word_1_688' title='bbox 1412 4764 1597 4819; x_wconf 72' lang='grc' dir='ltr'>ἑαυτοῦ</span> <span class='ocrx_word' id='word_1_689' title='bbox 1617 4764 1722 4818; x_wconf 87' lang='lat'><em>61:6</em></span> <span class='ocrx_word' id='word_1_690' title='bbox 1744 4762 1836 4816; x_wconf 84' lang='grc' dir='ltr'><strong>τοῦ</strong></span> 
     </span>
    </p>
   </div>
   <div class='ocr_carea' id='block_1_92' title="bbox 301 4854 1835 4942">
    <p class='ocr_par' dir='ltr' id='par_1_92' title="bbox 301 4854 1835 4942">
     <span class='ocr_line' id='line_1_92' title="bbox 301 4854 1835 4942; baseline -0.018 -16"><span class='ocrx_word' id='word_1_691' title='bbox 301 4872 507 4942; x_wconf 76' lang='grc' dir='ltr'>πατρὸς</span> <span class='ocrx_word' id='word_1_692' title='bbox 535 4869 631 4922; x_wconf 76' lang='grc' dir='ltr'><strong>ἐπὶ</strong></span> <span class='ocrx_word' id='word_1_693' title='bbox 654 4866 752 4935; x_wconf 83' lang='grc' dir='ltr'>τὴν</span> <span class='ocrx_word' id='word_1_694' title='bbox 782 4863 911 4931; x_wconf 79' lang='grc' dir='ltr'>ὕλην</span> <span class='ocrx_word' id='word_1_695' title='bbox 932 4862 1055 4921; x_wconf 85' lang='grc' dir='ltr'>τοὺς</span> <span class='ocrx_word' id='word_1_696' title='bbox 1085 4856 1375 4926; x_wconf 67' lang='grc' dir='ltr'>πατρικοὺς</span> <span class='ocrx_word' id='word_1_697' title='bbox 1410 4854 1698 4942; x_wconf 78' lang='grc' dir='ltr'>μεταφέρει</span> <span class='ocrx_word' id='word_1_698' title='bbox 1738 4869 1835 4942; x_wconf 44' lang='grc' dir='ltr'>χαι-</span> 
     </span>
    </p>
   </div>
   <div class='ocr_carea' id='block_1_93' title="bbox 309 4940 1839 5029">
    <p class='ocr_par' dir='ltr' id='par_1_93' title="bbox 309 4940 1839 5029">
     <span class='ocr_line' id='line_1_93' title="bbox 309 4940 1839 5029; baseline -0.014 -15"><span class='ocrx_word' id='word_1_699' title='bbox 309 4940 602 5029; x_wconf 82' lang='grc' dir='ltr'>ρακτῆρας.</span> <span class='ocrx_word' id='word_1_700' title='bbox 631 4957 817 5008; x_wconf 87' lang='grc' dir='ltr'>Ἔστιν</span> <span class='ocrx_word' id='word_1_701' title='bbox 856 4944 946 5002; x_wconf 77' lang='grc' dir='ltr'><strong>οὖν</strong></span> <span class='ocrx_word' id='word_1_702' title='bbox 972 4947 1146 5000; x_wconf 86' lang='grc' dir='ltr'>πάντα</span> <span class='ocrx_word' id='word_1_703' title='bbox 1172 4944 1239 4997; x_wconf 81' lang='grc' dir='ltr'>τὰ</span> <span class='ocrx_word' id='word_1_704' title='bbox 1275 4940 1512 5009; x_wconf 86' lang='grc' dir='ltr'>πατρικά</span> <span class='ocrx_word' id='word_1_705' title='bbox 1544 4941 1725 4994; x_wconf 77' lang='grc' dir='ltr'>ἐνθάδε</span> <span class='ocrx_word' id='word_1_706' title='bbox 1748 4941 1839 4993; x_wconf 76' lang='grc' dir='ltr'>καὶ</span> 
     </span>
    </p>
   </div>
   <div class='ocr_carea' id='block_1_94' title="bbox 307 5029 1837 5113">
    <p class='ocr_par' dir='ltr' id='par_1_94' title="bbox 307 5029 1837 5113">
     <span class='ocr_line' id='line_1_94' title="bbox 307 5029 1837 5113; baseline -0.014 -12"><span class='ocrx_word' id='word_1_707' title='bbox 307 5048 474 5100; x_wconf 74' lang='grc' dir='ltr'>οὐδέν.</span> <span class='ocrx_word' id='word_1_708' title='bbox 505 5049 569 5099; x_wconf 79' lang='lat' dir='ltr'><strong>Ei</strong></span> <span class='ocrx_word' id='word_1_709' title='bbox 588 5034 705 5113; x_wconf 77' lang='grc' dir='ltr'>’γάρ</span> <span class='ocrx_word' id='word_1_710' title='bbox 737 5058 840 5102; x_wconf 85' lang='grc' dir='ltr'>τις,</span> <span class='ocrx_word' id='word_1_711' title='bbox 866 5037 1045 5106; x_wconf 65' lang='grc' dir='ltr'>φησιν,</span> <span class='ocrx_word' id='word_1_712' title='bbox 1078 5030 1343 5101; x_wconf 79' lang='grc' dir='ltr'>ὲξισχόσει</span> <span class='ocrx_word' id='word_1_713' title='bbox 1370 5029 1475 5081; x_wconf 86' lang='grc' dir='ltr'>τῶν</span> <span class='ocrx_word' id='word_1_714' title='bbox 1506 5029 1692 5082; x_wconf 77' lang='grc' dir='ltr'>ἐνθάδε</span> <span class='ocrx_word' id='word_1_715' title='bbox 1737 5047 1837 5084; x_wconf 80' lang='grc' dir='ltr'><strong>κα-</strong></span> 
     </span>
    </p>
   </div>
   <div class='ocr_carea' id='block_1_95' title="bbox 1940 4411 3461 4487">
    <p class='ocr_par' dir='ltr' id='par_1_95' title="bbox 1940 4411 3461 4487">
     <span class='ocr_line' id='line_1_95' title="bbox 1940 4411 3461 4487; baseline 0.003 -23"><span class='ocrx_word' id='word_1_716' title='bbox 1940 4412 2201 4465; x_wconf 89' lang='lat' dir='ltr'><strong>mortalis.</strong></span> <span class='ocrx_word' id='word_1_717' title='bbox 2233 4411 2417 4465; x_wconf 84' lang='lat' dir='ltr'><strong>Potius</strong></span> <span class='ocrx_word' id='word_1_718' title='bbox 2444 4422 2622 4487; x_wconf 69' lang='lat' dir='ltr'><strong>autem</strong></span> <span class='ocrx_word' id='word_1_719' title='bbox 2649 4413 2786 4467; x_wconf 87' lang='lat' dir='ltr'><strong>sicut</strong></span> <span class='ocrx_word' id='word_1_720' title='bbox 2811 4414 3030 4482; x_wconf 88' lang='lat' dir='ltr'><strong>pingens</strong></span> <span class='ocrx_word' id='word_1_721' title='bbox 3051 4414 3119 4467; x_wconf 90' lang='lat' dir='ltr'><strong>ab</strong></span> <span class='ocrx_word' id='word_1_722' title='bbox 3150 4415 3461 4469; x_wconf 87' lang='lat' dir='ltr'><strong>animalibus</strong></span> 
     </span>
    </p>
   </div>
   <div class='ocr_carea' id='block_1_96' title="bbox 1939 4499 3461 4571">
    <p class='ocr_par' dir='ltr' id='par_1_96' title="bbox 1939 4499 3461 4571">
     <span class='ocr_line' id='line_1_96' title="bbox 1939 4499 3461 4571; baseline 0.002 -18"><span class='ocrx_word' id='word_1_723' title='bbox 1939 4499 2069 4553; x_wconf 83' lang='lat' dir='ltr'><strong>nihil</strong></span> <span class='ocrx_word' id='word_1_724' title='bbox 2098 4500 2340 4554; x_wconf 80' lang='lat' dir='ltr'><strong>auferens</strong></span> <span class='ocrx_word' id='word_1_725' title='bbox 2365 4501 2500 4569; x_wconf 86' lang='lat' dir='ltr'><strong>stylo</strong></span> <span class='ocrx_word' id='word_1_726' title='bbox 2520 4516 2704 4555; x_wconf 87' lang='lat' dir='ltr'><strong>omnes</strong></span> <span class='ocrx_word' id='word_1_727' title='bbox 2729 4502 2783 4554; x_wconf 92' lang='lat' dir='ltr'><strong>in</strong></span> <span class='ocrx_word' id='word_1_728' title='bbox 2803 4502 3031 4556; x_wconf 90' lang='lat' dir='ltr'><strong>tabulam</strong></span> <span class='ocrx_word' id='word_1_729' title='bbox 3061 4504 3314 4555; x_wconf 81' lang='lat' dir='ltr'><strong>transfert</strong></span> <span class='ocrx_word' id='word_1_730' title='bbox 3338 4517 3461 4571; x_wconf 88' lang='lat' dir='ltr'><strong>spe-</strong></span> 
     </span>
    </p>
   </div>
   <div class='ocr_carea' id='block_1_97' title="bbox 1933 4588 3464 4657">
    <p class='ocr_par' dir='ltr' id='par_1_97' title="bbox 1933 4588 3464 4657">
     <span class='ocr_line' id='line_1_97' title="bbox 1933 4588 3464 4657; baseline 0.003 -16"><span class='ocrx_word' id='word_1_731' title='bbox 1933 4588 2041 4642; x_wconf 88' lang='lat' dir='ltr'><strong>cies</strong></span> <span class='ocrx_word' id='word_1_732' title='bbox 2083 4588 2435 4653; x_wconf 84' lang='lat' dir='ltr'><strong>inscribendo,</strong></span> <span class='ocrx_word' id='word_1_733' title='bbox 2484 4588 2555 4641; x_wconf 93' lang='lat' dir='ltr'><strong>ita</strong></span> <span class='ocrx_word' id='word_1_734' title='bbox 2606 4588 2744 4642; x_wconf 90' lang='lat' dir='ltr'><strong>lilius</strong></span> <span class='ocrx_word' id='word_1_735' title='bbox 2793 4598 3057 4656; x_wconf 86' lang='lat' dir='ltr'><strong>potestate</strong></span> <span class='ocrx_word' id='word_1_736' title='bbox 3090 4605 3183 4642; x_wconf 89' lang='lat' dir='ltr'><strong>sua</strong></span> <span class='ocrx_word' id='word_1_737' title='bbox 3233 4590 3398 4657; x_wconf 87' lang='lat' dir='ltr'><strong>ipsius</strong></span> <span class='ocrx_word' id='word_1_738' title='bbox 3429 4607 3464 4645; x_wconf 86' lang='lat' dir='ltr'><strong>a</strong></span> 
     </span>
    </p>
   </div>
   <div class='ocr_carea' id='block_1_98' title="bbox 1933 4676 3463 4746">
    <p class='ocr_par' dir='ltr' id='par_1_98' title="bbox 1933 4676 3463 4746">
     <span class='ocr_line' id='line_1_98' title="bbox 1933 4676 3463 4746; baseline 0.002 -18"><span class='ocrx_word' id='word_1_739' title='bbox 1933 4686 2084 4746; x_wconf 89' lang='lat' dir='ltr'><strong>patre</strong></span> <span class='ocrx_word' id='word_1_740' title='bbox 2125 4678 2189 4730; x_wconf 90' lang='lat' dir='ltr'><strong>ad</strong></span> <span class='ocrx_word' id='word_1_741' title='bbox 2217 4676 2491 4729; x_wconf 86' lang='lat' dir='ltr'><strong>materiam</strong></span> <span class='ocrx_word' id='word_1_742' title='bbox 2522 4685 2771 4744; x_wconf 87' lang='lat' dir='ltr'><strong>paternas</strong></span> <span class='ocrx_word' id='word_1_743' title='bbox 2803 4677 3055 4732; x_wconf 83' lang='lat' dir='ltr'><strong>transfert</strong></span> <span class='ocrx_word' id='word_1_744' title='bbox 3100 4689 3272 4733; x_wconf 88' lang='lat' dir='ltr'><strong>notas.</strong></span> <span class='ocrx_word' id='word_1_745' title='bbox 3326 4678 3463 4733; x_wconf 76' lang='lat' dir='ltr'><strong>Sunt</strong></span> 
     </span>
    </p>
   </div>
   <div class='ocr_carea' id='block_1_99' title="bbox 1934 4766 3461 4835">
    <p class='ocr_par' dir='ltr' id='par_1_99' title="bbox 1934 4766 3461 4835">
     <span class='ocr_line' id='line_1_99' title="bbox 1934 4766 3461 4835; baseline 0.001 -16"><span class='ocrx_word' id='word_1_746' title='bbox 1934 4766 2095 4834; x_wconf 87' lang='lat' dir='ltr'><strong>igitur</strong></span> <span class='ocrx_word' id='word_1_747' title='bbox 2120 4766 2294 4820; x_wconf 90' lang='lat' dir='ltr'><strong>omnia</strong></span> <span class='ocrx_word' id='word_1_748' title='bbox 2342 4774 2564 4833; x_wconf 85' lang='lat' dir='ltr'><strong>paterna</strong></span> <span class='ocrx_word' id='word_1_749' title='bbox 2613 4767 2719 4830; x_wconf 92' lang='lat' dir='ltr'><strong>hic,</strong></span> <span class='ocrx_word' id='word_1_750' title='bbox 2754 4781 2850 4821; x_wconf 90' lang='lat' dir='ltr'><strong>nec</strong></span> <span class='ocrx_word' id='word_1_751' title='bbox 2896 4768 3204 4835; x_wconf 85' lang='lat' dir='ltr'><strong>quidquam.</strong></span> <span class='ocrx_word' id='word_1_752' title='bbox 3236 4767 3367 4821; x_wconf 84' lang='lat' dir='ltr'><strong>Nam</strong></span> <span class='ocrx_word' id='word_1_753' title='bbox 3415 4769 3461 4821; x_wconf 89' lang='lat' dir='ltr'><strong>si</strong></span> 
     </span>
    </p>
   </div>
   <div class='ocr_carea' id='block_1_100' title="bbox 1938 4852 3461 4925">
    <p class='ocr_par' dir='ltr' id='par_1_100' title="bbox 1938 4852 3461 4925">
     <span class='ocr_line' id='line_1_100' title="bbox 1938 4852 3461 4925; baseline 0.001 -17"><span class='ocrx_word' id='word_1_754' title='bbox 1938 4852 2076 4923; x_wconf 87' lang='lat' dir='ltr'><strong>quis,</strong></span> <span class='ocrx_word' id='word_1_755' title='bbox 2104 4855 2291 4924; x_wconf 91' lang='lat' dir='ltr'><strong>inquit,</strong></span> <span class='ocrx_word' id='word_1_756' title='bbox 2326 4854 2521 4909; x_wconf 82' lang='lat' dir='ltr'><strong>valebit</strong></span> <span class='ocrx_word' id='word_1_757' title='bbox 2547 4868 2753 4919; x_wconf 90' lang='lat' dir='ltr'><strong>eorum,</strong></span> <span class='ocrx_word' id='word_1_758' title='bbox 2802 4856 2891 4924; x_wconf 87' lang='lat' dir='ltr'><strong>qui</strong></span> <span class='ocrx_word' id='word_1_759' title='bbox 2934 4856 3019 4910; x_wconf 90' lang='lat' dir='ltr'><strong>hic</strong></span> <span class='ocrx_word' id='word_1_760' title='bbox 3064 4865 3208 4919; x_wconf 91' lang='lat' dir='ltr'><strong>sunt,</strong></span> <span class='ocrx_word' id='word_1_761' title='bbox 3244 4869 3461 4925; x_wconf 88' lang='lat' dir='ltr'><strong>perspe-</strong></span> 
     </span>
    </p>
   </div>
   <div class='ocr_carea' id='block_1_101' title="bbox 1939 4944 3460 5014">
    <p class='ocr_par' dir='ltr' id='par_1_101' title="bbox 1939 4944 3460 5014">
     <span class='ocr_line' id='line_1_101' title="bbox 1939 4944 3460 5014; baseline 0.002 -17"><span class='ocrx_word' id='word_1_762' title='bbox 1939 4944 2081 4998; x_wconf 75' lang='lat' dir='ltr'><strong>xisse</strong></span> <span class='ocrx_word' id='word_1_763' title='bbox 2118 4953 2388 5011; x_wconf 88' lang='lat' dir='ltr'><strong>paternam</strong></span> <span class='ocrx_word' id='word_1_764' title='bbox 2426 4957 2482 4996; x_wconf 90' lang='lat' dir='ltr'><strong>se</strong></span> <span class='ocrx_word' id='word_1_765' title='bbox 2520 4957 2637 4997; x_wconf 87' lang='lat' dir='ltr'><strong>esse</strong></span> <span class='ocrx_word' id='word_1_766' title='bbox 2670 4955 2848 4998; x_wconf 90' lang='lat' dir='ltr'><strong>notam</strong></span> <span class='ocrx_word' id='word_1_767' title='bbox 2881 4946 3105 5014; x_wconf 89' lang='lat' dir='ltr'><strong>desuper</strong></span> <span class='ocrx_word' id='word_1_768' title='bbox 3153 4945 3460 5000; x_wconf 85' lang='lat' dir='ltr'><strong>translatam</strong></span> 
     </span>
    </p>
   </div>
   <div class='ocr_carea' id='block_1_102' title="bbox 1941 5033 3464 5101">
    <p class='ocr_par' dir='ltr' id='par_1_102' title="bbox 1941 5033 3464 5101">
     <span class='ocr_line' id='line_1_102' title="bbox 1941 5033 3464 5101; baseline 0.002 -14"><span class='ocrx_word' id='word_1_769' title='bbox 1941 5033 2063 5096; x_wconf 89' lang='lat' dir='ltr'><strong>huc,</strong></span> <span class='ocrx_word' id='word_1_770' title='bbox 2096 5034 2437 5094; x_wconf 86' lang='lat' dir='ltr'><strong>incarnatam,</strong></span> <span class='ocrx_word' id='word_1_771' title='bbox 2469 5033 2620 5100; x_wconf 88' lang='lat' dir='ltr'><strong>quasi</strong></span> <span class='ocrx_word' id='word_1_772' title='bbox 2659 5034 3023 5101; x_wconf 85' lang='lat' dir='ltr'><strong>gravidatione</strong></span> <span class='ocrx_word' id='word_1_773' title='bbox 3076 5033 3409 5090; x_wconf 84' lang='lat' dir='ltr'><strong>redundante</strong></span> <span class='ocrx_word' id='word_1_774' title='bbox 3432 5050 3464 5089; x_wconf 84' lang='lat' dir='ltr'><strong>a</strong></span> 
     </span>
    </p>
   </div>
   <div class='ocr_carea' id='block_1_103' title="bbox 308 5117 1827 5207">
    <p class='ocr_par' dir='ltr' id='par_1_103' title="bbox 308 5117 1827 5207">
     <span class='ocr_line' id='line_1_103' title="bbox 308 5117 1827 5207; baseline -0.011 -19"><span class='ocrx_word' id='word_1_775' title='bbox 308 5135 628 5207; x_wconf 77' lang='grc' dir='ltr'>τανοηθῆναι</span> <span class='ocrx_word' id='word_1_776' title='bbox 654 5133 699 5163; x_wconf 82' lang='grc'>³³</span> <span class='ocrx_word' id='word_1_777' title='bbox 731 5131 813 5183; x_wconf 83' lang='grc' dir='ltr'>ὅτι</span> <span class='ocrx_word' id='word_1_778' title='bbox 854 5126 970 5178; x_wconf 78' lang='grc' dir='ltr'>ἐστι</span> <span class='ocrx_word' id='word_1_779' title='bbox 1004 5124 1049 5155; x_wconf 69' lang='grc'><strong>⁵⁸</strong></span> <span class='ocrx_word' id='word_1_780' title='bbox 1074 5117 1330 5190; x_wconf 78' lang='grc' dir='ltr'>πατρικὸς</span> <span class='ocrx_word' id='word_1_781' title='bbox 1358 5118 1606 5188; x_wconf 84' lang='grc' dir='ltr'>χαρακὴρ</span> <span class='ocrx_word' id='word_1_782' title='bbox 1645 5119 1827 5173; x_wconf 59' lang='grc' dir='ltr'>ἀνωθεη</span> 
     </span>
    </p>
   </div>
   <div class='ocr_carea' id='block_1_104' title="bbox 1932 5117 3467 5207">
    <p class='ocr_par' dir='ltr' id='par_1_104' title="bbox 1944 5121 3467 5190">
     <span class='ocr_line' id='line_1_104' title="bbox 1944 5121 3467 5190; baseline 0.003 -16"><span class='ocrx_word' id='word_1_783' title='bbox 1944 5122 2111 5190; x_wconf 85' lang='lat' dir='ltr'><strong>virga,</strong></span> <span class='ocrx_word' id='word_1_784' title='bbox 2145 5121 2319 5174; x_wconf 88' lang='lat' dir='ltr'><strong>album</strong></span> <span class='ocrx_word' id='word_1_785' title='bbox 2339 5121 2463 5189; x_wconf 91' lang='lat' dir='ltr'><strong>quid</strong></span> <span class='ocrx_word' id='word_1_786' title='bbox 2494 5121 2663 5176; x_wconf 87' lang='lat' dir='ltr'><strong>factus</strong></span> <span class='ocrx_word' id='word_1_787' title='bbox 2692 5130 2793 5185; x_wconf 89' lang='lat' dir='ltr'><strong>est,</strong></span> <span class='ocrx_word' id='word_1_788' title='bbox 2825 5122 3058 5189; x_wconf 82' lang='lat' dir='ltr'><strong>ejusdem</strong></span> <span class='ocrx_word' id='word_1_789' title='bbox 3099 5131 3306 5175; x_wconf 67' lang='lat' dir='ltr'><strong>naturae</strong></span> <span class='ocrx_word' id='word_1_790' title='bbox 3343 5138 3467 5178; x_wconf 89' lang='lat' dir='ltr'><strong>cum</strong></span> 
     </span>
    </p>
   </div>
   <div class='ocr_carea' id='block_1_105' title="bbox 1578 5246 2226 5311">
    <p class='ocr_par' dir='ltr' id='par_1_105' title="bbox 1578 5246 2226 5311">
     <span class='ocr_line' id='line_1_105' title="bbox 1578 5246 2226 5311; baseline -0.003 -8"><span class='ocrx_word' id='word_1_791' title='bbox 1578 5248 1807 5303; x_wconf 64' lang='lat' dir='ltr'><strong>VARIIE</strong></span> <span class='ocrx_word' id='word_1_792' title='bbox 1842 5246 2226 5311; x_wconf 81' lang='lat' dir='ltr'><strong>LECTIONES.</strong></span> 
     </span>
    </p>
   </div>
   <div class='ocr_carea' id='block_1_106' title="bbox 374 5346 3482 5471">
    <p class='ocr_par' dir='ltr' id='par_1_106' title="bbox 374 5346 3482 5471">
     <span class='ocr_line' id='line_1_106' title="bbox 374 5346 3482 5471; baseline 0.001 -2"><span class='ocrx_word' id='word_1_793' title='bbox 374 5402 417 5435; x_wconf 74' lang='grc' dir='ltr'><strong>υ</strong></span> <span class='ocrx_word' id='word_1_794' title='bbox 436 5401 528 5457; x_wconf 68' lang='grc' dir='ltr'><strong>και</strong></span> <span class='ocrx_word' id='word_1_795' title='bbox 552 5397 850 5471; x_wconf 55' lang='lat' dir='ltr'><strong>maere:</strong></span> <span class='ocrx_word' id='word_1_796' title='bbox 870 5377 1579 5471; x_wconf 52' lang='grc' dir='ltr'><strong>γνεξνσετξὲιςζνέξεεεαιέίλ</strong></span> <span class='ocrx_word' id='word_1_797' title='bbox 1598 5381 1679 5471; x_wconf 72' lang='grc' dir='ltr'><strong>,ἷῖ</strong></span> <span class='ocrx_word' id='word_1_798' title='bbox 1702 5384 2079 5471; x_wconf 60' lang='grc' dir='ltr'><strong>οὐδέγηοιιι.,⁰;</strong></span> <span class='ocrx_word' id='word_1_799' title='bbox 2142 5386 2185 5417; x_wconf 85' lang='grc'><strong>’⁷</strong></span> <span class='ocrx_word' id='word_1_800' title='bbox 2212 5382 2293 5471; x_wconf 65' lang='lat' dir='ltr'><strong>Cf-</strong></span> <span class='ocrx_word' id='word_1_801' title='bbox 2324 5384 2467 5471; x_wconf 52' lang='grc' dir='ltr'>λινε·</span> <span class='ocrx_word' id='word_1_802' title='bbox 2488 5400 2537 5438; x_wconf 74' lang='grc' dir='ltr'><strong>νο</strong></span> <span class='ocrx_word' id='word_1_803' title='bbox 2566 5385 2633 5471; x_wconf 65' lang='lat'><strong>6?</strong></span> <span class='ocrx_word' id='word_1_804' title='bbox 2658 5370 2709 5469; x_wconf 61' lang='grc' dir='ltr'><strong>ει</strong></span> <span class='ocrx_word' id='word_1_805' title='bbox 2738 5346 3482 5471; x_wconf 52' lang='grc' dir='ltr'><strong>δηρεβςίεσρὲξῖξὲίεχεξῖ</strong></span> 
     </span>
    </p>
   </div>
   <div class='ocr_carea' id='block_1_107' title="bbox 299 5446 3491 5534">
    <p class='ocr_par' dir='ltr' id='par_1_107' title="bbox 299 5446 3491 5534">
     <span class='ocr_line' id='line_1_107' title="bbox 299 5446 3491 5534; baseline -0 1"><span class='ocrx_word' id='word_1_806' title='bbox 299 5480 378 5534; x_wconf 67' lang='grc' dir='ltr'>ῗαι</span> <span class='ocrx_word' id='word_1_807' title='bbox 402 5446 584 5534; x_wconf 60' lang='grc' dir='ltr'><strong>δὲ’ἆὶέὲ</strong></span> <span class='ocrx_word' id='word_1_808' title='bbox 598 5446 687 5521; x_wconf 58' lang='lat'><strong>&#39;1?</strong></span> <span class='ocrx_word' id='word_1_809' title='bbox 706 5462 805 5514; x_wconf 63' lang='grc' dir='ltr'>καὶ</span> <span class='ocrx_word' id='word_1_810' title='bbox 827 5446 1035 5534; x_wconf 54' lang='lat' dir='ltr'><strong>Misi</strong></span> <span class='ocrx_word' id='word_1_811' title='bbox 1058 5447 1404 5534; x_wconf 52' lang='lat'><em>251111293:</em></span> <span class='ocrx_word' id='word_1_812' title='bbox 1415 5446 1519 5534; x_wconf 66' lang='lat'><strong>9!:</strong></span> <span class='ocrx_word' id='word_1_813' title='bbox 1537 5447 1710 5534; x_wconf 54' lang='lat'><em>5&#39;1”:</em></span> <span class='ocrx_word' id='word_1_814' title='bbox 1728 5468 1779 5506; x_wconf 69' lang='grc' dir='ltr'>νε</span> <span class='ocrx_word' id='word_1_815' title='bbox 1806 5452 1875 5505; x_wconf 66' lang='grc' dir='ltr'>ιθ</span> <span class='ocrx_word' id='word_1_816' title='bbox 1900 5470 1914 5504; x_wconf 82' lang='lat'>=</span> <span class='ocrx_word' id='word_1_817' title='bbox 1936 5453 2162 5534; x_wconf 62' lang='grc' dir='ltr'>Ειὲιετται</span> <span class='ocrx_word' id='word_1_818' title='bbox 2193 5452 2546 5534; x_wconf 41' lang='lat' dir='ltr'><strong>meum</strong></span> <span class='ocrx_word' id='word_1_819' title='bbox 2577 5446 2815 5534; x_wconf 62' lang='grc' dir='ltr'>Αράιεῳχὶ</span> <span class='ocrx_word' id='word_1_820' title='bbox 2844 5446 2975 5534; x_wconf 51' lang='lat' dir='ltr'><strong>re“</strong></span> <span class='ocrx_word' id='word_1_821' title='bbox 2997 5446 3293 5534; x_wconf 55' lang='lat' dir='ltr'><strong>“‘IﬁP‘t’ff&#39;</strong></span> <span class='ocrx_word' id='word_1_822' title='bbox 3311 5446 3491 5534; x_wconf 60' lang='grc' dir='ltr'>δέγάις</span> 
     </span>
    </p>
   </div>
   <div class='ocr_carea' id='block_1_108' title="bbox 293 5513 2927 5608">
    <p class='ocr_par' dir='ltr' id='par_1_108' title="bbox 293 5513 2927 5608">
     <span class='ocr_line' id='line_1_108' title="bbox 293 5513 2927 5608; baseline 0 0"><span class='ocrx_word' id='word_1_823' title='bbox 293 5513 600 5608; x_wconf 61' lang='grc' dir='ltr'><strong>Μ’ἆρῖἑξῗέι</strong></span> <span class='ocrx_word' id='word_1_824' title='bbox 616 5513 881 5608; x_wconf 49' lang='grc' dir='ltr'>ξυνεῖν·</span> <span class='ocrx_word' id='word_1_825' title='bbox 910 5513 1568 5608; x_wconf 54' lang='grc' dir='ltr'><strong>¹13⁵π⁸⁴έ⁷ἒὲῐέὲσὶ92ιὲμέ</strong></span> <span class='ocrx_word' id='word_1_826' title='bbox 1600 5519 1904 5608; x_wconf 43' lang='lat' dir='ltr'><strong>ﬁant?“</strong></span> <span class='ocrx_word' id='word_1_827' title='bbox 1925 5520 2162 5608; x_wconf 56' lang='lat' dir='ltr'><strong>tit-“99°.”</strong></span> <span class='ocrx_word' id='word_1_828' title='bbox 2193 5513 2205 5521; x_wconf 84' lang='grc'><em>’</em></span> <span class='ocrx_word' id='word_1_829' title='bbox 2234 5513 2385 5608; x_wconf 56' lang='grc' dir='ltr'><strong>’ἰαί</strong></span> <span class='ocrx_word' id='word_1_830' title='bbox 2401 5513 2585 5608; x_wconf 60' lang='grc' dir='ltr'><strong>,ἓίὶηηὲῆ</strong></span> <span class='ocrx_word' id='word_1_831' title='bbox 2612 5513 2662 5608; x_wconf 58' lang='grc' dir='ltr'><strong>ι</strong></span> <span class='ocrx_word' id='word_1_832' title='bbox 2694 5521 2814 5583; x_wconf 73' lang='grc' dir='ltr'><strong>¹¹⁸ο</strong></span> <span class='ocrx_word' id='word_1_833' title='bbox 2833 5513 2927 5608; x_wconf 57' lang='grc'><strong>39·</strong></span> 
     </span>
    </p>
   </div>
   <div class='ocr_carea' id='block_1_109' title="bbox 3025 5517 3502 5584">
    <p class='ocr_par' dir='ltr' id='par_1_109' title="bbox 3025 5517 3502 5584">
     <span class='ocr_line' id='line_1_109' title="bbox 3025 5517 3502 5584; baseline -0.008 -13"><span class='ocrx_word' id='word_1_834' title='bbox 3025 5522 3075 5554; x_wconf 78' lang='grc'><strong><em>³⁸</em></strong></span> <span class='ocrx_word' id='word_1_835' title='bbox 3116 5517 3297 5584; x_wconf 68' lang='grc' dir='ltr'>ἷποδὸς</span> <span class='ocrx_word' id='word_1_836' title='bbox 3328 5517 3502 5584; x_wconf 71' lang='grc' dir='ltr'>ἄκρον</span> 
     </span>
    </p>
   </div>
   <div class='ocr_carea' id='block_1_110' title="bbox 279 5565 3510 5690">
    <p class='ocr_par' dir='ltr' id='par_1_110' title="bbox 279 5565 3510 5690">
     <span class='ocr_line' id='line_1_110' title="bbox 279 5565 3510 5690; baseline 0.002 -3"><span class='ocrx_word' id='word_1_837' title='bbox 279 5565 1902 5690; x_wconf 66' lang='lat' dir='ltr'><strong>ere;</strong></span> <span class='ocrx_word' id='word_1_838' title='bbox 1916 5565 2591 5690; x_wconf 45' lang='lat'><strong>5132.6“</strong></span> <span class='ocrx_word' id='word_1_839' title='bbox 2612 5565 2925 5655; x_wconf 66' lang='lat' dir='ltr'><em>W</em></span> <span class='ocrx_word' id='word_1_840' title='bbox 3333 5565 3510 5636; x_wconf 52' lang='grc' dir='ltr'><strong>’λέξει</strong></span> 
     </span>
    </p>
   </div>
   <div class='ocr_carea' id='block_1_111' title="bbox 265 5649 2452 5771">
    <p class='ocr_par' dir='ltr' id='par_1_111' title="bbox 265 5649 2452 5771">
     <span class='ocr_line' id='line_1_111' title="bbox 265 5649 2452 5771; baseline -0.021 -51"><span class='ocrx_word' id='word_1_841' title='bbox 265 5649 1035 5771; x_wconf 43' lang='grc' dir='ltr'>ᾗᾨζι-ἕαξέζινοηθῆναι</span> <span class='ocrx_word' id='word_1_842' title='bbox 1057 5649 1115 5716; x_wconf 79' lang='lat' dir='ltr'><strong>C,</strong></span> <span class='ocrx_word' id='word_1_843' title='bbox 1149 5649 1223 5744; x_wconf 72' lang='grc' dir='ltr'><strong>ὡς</strong></span> <span class='ocrx_word' id='word_1_844' title='bbox 1243 5649 1553 5719; x_wconf 67' lang='grc' dir='ltr'>ἀγνοηθῆναι</span> <span class='ocrx_word' id='word_1_845' title='bbox 1584 5649 1747 5726; x_wconf 65' lang='lat' dir='ltr'><strong>susp.</strong></span> <span class='ocrx_word' id='word_1_846' title='bbox 1777 5656 1846 5711; x_wconf 73' lang='grc' dir='ltr'>Μ,</span> <span class='ocrx_word' id='word_1_847' title='bbox 1916 5657 1960 5691; x_wconf 76' lang='grc' dir='ltr'><strong>ιι</strong></span> <span class='ocrx_word' id='word_1_848' title='bbox 1987 5649 2118 5728; x_wconf 38' lang='grc' dir='ltr'><strong>ἔσθε9</strong></span> <span class='ocrx_word' id='word_1_849' title='bbox 2138 5656 2359 5724; x_wconf 50' lang='grc' dir='ltr'><strong>ἔπαις’</strong></span> <span class='ocrx_word' id='word_1_850' title='bbox 2386 5654 2452 5712; x_wconf 47' lang='lat' dir='ltr'><strong>M.</strong></span> 
     </span>
    </p>
   </div>
  </div>
