3880 6390
314 365 469 433 3215

1441 374 1729 431 CONTRA
1764 372 2121 431 HIERESES
2156 372 2295 431 LIB.
2332 369 2429 430 VI.

3376 371 3513 433 32l6

320 480 424 541 θὲς
449 478 484 547 ἡ
504 473 690 545 Γραφὴ
708 473 912 540 διδάξει
938 476 1027 528 ὅτε
1056 476 1232 543 λέγει·
1268 476 1408 544 Ἐγώ
1427 481 1540 545 ειμι
1559 480 1602 510 ⁸³
1626 482 1659 531 ὀ
1681 479 1872 531 πλάσ-

1975 478 2144 531 Moses
2175 486 2383 530 uterum
2409 477 2560 541 dixit,
2591 476 2849 545 siquidem
2881 476 3002 531 licet
3030 476 3148 544 logo
3178 478 3413 534 credere.
3458 482 3515 536 δι

321 582 464 625 σων
478 564 522 596 ⁸³
552 576 625 615 σε
672 562 743 613 ἐν
782 562 981 629 μήτρᾳ
1013 565 1233 630 μητρός
1261 577 1395 616 σου.
1441 567 1548 617 Καὶ
1584 565 1739 617 τοῦτο
1770 565 1875 633 γὰρ

318 654 473 705 οὕτω
499 652 638 705 ϐέλει
662 651 995 718 γεγράφθαι.
1021 652 1122 703 Τὸν
1147 652 1485 719 παράδεισον,
1510 655 1691 722 φησὶν,
1715 654 1876 720 ἀλλη-

320 743 507 811 γορῶν
537 743 565 793 6
593 741 796 808 Μωσῆς
825 739 922 808 τὴν
964 743 1170 809 μήτραν
1206 740 1421 808 εἴρηκεν
1440 782 1453 805 ,
1496 742 1651 810 εἴπερ
1683 742 1762 793 δεῖ
1800 741 1877 810 τῷ

322 831 476 898 λόγῳ
507 827 802 882 πιστεύειν.
834 828 899 879 Ei
925 828 982 879 δὲ
1016 827 1239 881 πλάσσει
1271 829 1299 878 6
1327 828 1457 890 Θεὸς
1475 831 1531 880 ἐν
1565 832 1743 898 μήτρᾳ
1777 847 1878 899 μη‹

324 919 461 989 τρδς
504 917 593 969 τὸν
645 915 965 985 ἄνθρωπον,
1020 916 1291 968 τουτέστιν
1333 917 1390 968 ἐν
1433 918 1767 986 παραδείσῳ,
1802 917 1877 980 ὡς

327 1007 508 1075 ἔφην,
549 1004 689 1055 ἔστω
725 1004 1049 1072 παράδεισος
1084 1007 1117 1073 ἠ
1160 1006 1339 1074 μήτρα
1359 1044 1374 1069 ,
1419 1006 1575 1075 Ἐδέμ
1601 1006 1657 1057 δέ
1687 1006 1746 1058 τὸ
1775 1023 1878 1074 χω-

333 1091 473 1161 ρίον,
523 1089 788 1156 ποταμὸς
819 1089 1280 1156 ἐκπορευόμενος
1296 1090 1341 1121 ⁸⁸
1384 1092 1453 1153 ἐξ
1512 1090 1675 1159 Ὲόὲμ
1720 1091 1879 1143 ποτί-

331 1179 454 1236 ζειν
473 1178 518 1207 ⁸⁸
549 1174 657 1227 τὸν
701 1174 1064 1240 παράδεισον
1098 1175 1126 1225 6
1161 1174 1419 1242 ὀμφαλός,
1448 1170 1609 1236 Οὗτος
1632 1213 1646 1236 ,
1679 1176 1839 1241 φησιν
1860 1212 1877 1236 ,

328 1261 649 1330 ἀφορίζεται
673 1263 701 1313 6
727 1260 967 1329 ὀμφαλὸς
998 1262 1076 1321 είς
1108 1260 1369 1330 τέσσαρας
1390 1261 1581 1331 ἀρχὰς,
1613 1261 1877 1329 ἑκατέρω-

331 1349 427 1401 οεν
461 1349 569 1417 γὰρ
601 1347 694 1401 τοῦ
726 1347 970 1416 ὀμφαλοῦ
999 1348 1088 1400 δύο
1127 1349 1260 1401 είσίν
1286 1348 1540 1417 ἀρτηρίαι
1576 1364 1879 1418 παρατετα-

334 1434 557 1503 μέναι⁸⁶
579 1474 595 1498 ,
630 1433 805 1501 ὀχετοὶ
844 1434 1178 1501 πνεύματος,
1209 1436 1301 1493 καὶ
1332 1436 1423 1487 δύο
1449 1436 1671 1503 φλέϐες,
1703 1437 1879 1505 ὀχετοὶ

330 1522 583 1591 αἵματος.
630 1520 875 1572 Ἐπειδὰν
895 1520 938 1551 ⁸⁷
974 1520 1030 1572 δὲ
1051 1561 1065 1585 ,
1095 1522 1257 1589 φησὶν
1277 1562 1291 1586 ,
1332 1522 1437 1573 ἀπὸ
1462 1522 1554 1574 τοῦ
1594 1524 1746 1591 Ἐδὲμ
1777 1542 1879 1592 χω-

332 1613 455 1681 ρῖου
495 1610 922 1679 ἐκπορευόμενος
960 1612 987 1662 6
1023 1609 1259 1677 ὀμφαλὸς
1291 1611 1466 1680 ἐμφυῇ
1504 1610 1579 1680 τῷ
1612 1612 1879 1680 γενομένῳ

330 1699 475 1752 κατά
516 1699 575 1749 τὸ
606 1697 985 1765 ἐπιγάστριον,
1028 1697 1088 1749 ὃν
1126 1697 1317 1759 κοινῶς
1362 1698 1557 1759 πάντες
1606 1714 1878 1765 προσαγο-

332 1794 584 1862 ρεύουσιν
614 1792 856 1860 ὀμφαλὸν
886 1794 1018 1845 ⁸⁸η..

328 1890 429 1941 καὶ
454 1890 673 1957 φέρεται
696 1889 801 1940 ἀπὸ
819 1888 911 1940 τοῦ
952 1889 1107 1957 Ἐδέμ
1133 1888 1222 1939 τοῦ
1255 1890 1451 1958 χωρίου
1482 1890 1539 1940 τὸ
1573 1885 1708 1958 αἷμα
1733 1892 1875 1943 κατὰ

326 1976 431 2035 τὰς
467 1973 806 2041 καλουμένας
837 1972 1009 2034 πύλας
1050 1972 1142 2024 τοῦ
1170 1974 1401 2041 ἥπατος,
1439 1974 1635 2035 αἵτινες
1662 1975 1721 2027 τὸ
1753 1994 1874 2044 γεν-

326 2063 571 2130 νώμενον
609 2061 893 2130 τρέφουσιν
914 2075 928 2090 ’
960 2060 1014 2111 αἱ
1042 2060 1095 2110 δὲ
1121 2061 1403 2128 ἀρτηρίαι,
1428 2060 1488 2121 6.;
1515 2061 1717 2131 ἔφημεν
1752 2065 1873 2132 ὀχε-

324 2154 456 2214 τοὺς
498 2145 637 2203 εἶναι
668 2149 973 2217 πνεύματος
994 2186 1008 2211 ,
1040 2150 1371 2217 ἑκατέρωθεν
1419 2152 1796 2220 περιλαϐοῦσαι
1824 2154 1868 2184 ⁶⁹

324 2242 429 2310 τὴν
476 2239 666 2291 κύστιν
699 2238 836 2291 κατὰ
872 2238 932 2289 τὺ
968 2238 1133 2289 πλατὺ
1163 2237 1382 2301 ὀστοῦν,
1414 2240 1545 2307 πρὸς
1575 2241 1671 2309 τὴν
1710 2241 1873 2309 μεγά-

321 2328 429 2395 λην
466 2325 826 2377 συνάπτουσιν
860 2325 1119 2393 ἀρτηρίαν
1143 2364 1157 2386 ,
1189 2325 1286 2393 τὴν
1327 2326 1464 2376 κατά
1499 2326 1650 2394 ῥάχιν
1685 2327 1874 2378 καλου-

323 2414 501 2481 μένην
534 2412 767 2480 ἀορτήν,
800 2411 893 2462 καὶ
929 2411 1097 2471 οὕτως
1137 2410 1223 2461 διὰ
1254 2410 1359 2462 τῶν
1411 2411 1735 2480 παραϐύρων
1780 2412 1871 2464 ἐπὶ

318 2500 426 2570 τὴν
460 2500 690 2568 καρδίαν
737 2497 956 2550 ὀδεῦσαν
987 2497 1046 2548 τὸ
1086 2497 1296 2566 πνεῦμα
1343 2498 1552 2566 κίνησιν
1590 2498 1873 2567 ἐργάζεται

316 2587 436 2640 τῶν
469 2584 765 2655 ἐμϐρύων..
799 2584 1165 2652 Πλαττόμενον
1207 2584 1313 2653 γὰρ
1357 2584 1416 2635 τὸ
1453 2583 1647 2652 βρέφος
1695 2587 1750 2637 ἐν
1799 2586 1874 2655 τῷ

315 2675 653 2745 παραδείσῳ
679 2672 799 2725 οὔτε
827 2672 903 2741 τῷ
929 2672 1151 2740 στόματι
1176 2671 1375 2742 τροφὴν
1407 2672 1415 2738 |
1445 2671 1720 2741 λαμϐάνει,
1752 2674 1870 2727 οὔτε

312 2765 445 2825 ταῖς
483 2764 630 2831 ῥισὶν
658 2761 949 2813 ἀναπνέει·
988 2763 1044 2813 ἐν
1071 2761 1252 2829 ὑγροῖς
1279 2761 1384 2827 γὰρ
1413 2760 1701 2830 ὑπάρχοντι
1730 2762 1873 2832 αὐτῷ

1974 579 2100 617 vero
2122 564 2315 616 format
2343 564 2480 618 Deus
2510 566 2559 617 in
2593 573 2745 617 utero
2774 565 2956 618 matris
2982 565 3272 628 hominem,
3304 566 3405 621 hoe
3434 577 3517 621 est

1974 653 2025 705 in
2092 653 2355 719 paradiso,
2407 663 2462 706 ut
2511 653 2769 717 dicebam,
2820 663 2936 706 esto
2990 654 3265 720 paradisus
3306 663 3513 716 uterus,

1974 736 2132 791 Edem
2161 747 2332 791 autem
2372 738 2513 805 regio
2554 738 2658 799 illa,
2693 738 2880 790 ﬂuvius
2929 739 3204 807 egrediens
3242 753 3305 792 ex
3351 738 3512 793 Edent

1975 828 2038 880 ad
2084 826 2409 894 irrigaudum
2458 828 2759 893 paradisum
2799 826 3096 880 umbilicus.
3150 827 3269 891 Hic,
3322 827 3511 894 inquit,

1974 915 2222 970 dividitur
2265 915 2540 968 umbilicus
2582 915 2633 967 in
2672 924 2897 983 quatuor
2932 916 3123 984 capita.
3159 916 3240 968 Ab
3294 924 3517 983 utraque

1979 1004 2119 1057 enim
2149 1014 2297 1070 parte
2324 1003 2558 1056 umbilici
2601 1018 2718 1071 quae
2747 1012 2872 1056 sunt
2905 1003 3117 1056 arteria:
3154 1002 3306 1072 juxta
3333 1014 3513 1068 tensa,

1975 1092 2186 1147 canales
2229 1092 2464 1160 spiritus,
2500 1102 2553 1145 et
2600 1092 2713 1145 dua:
2755 1107 2921 1155 vena,
2961 1092 3175 1146 canales
3220 1090 3513 1160 sanguinis.

1977 1181 2078 1235 Ubi
2119 1191 2315 1245 autem,
2350 1181 2537 1247 inquit,
2573 1195 2635 1232 ex
2668 1180 2827 1232 Edent
2856 1181 3069 1247 regione
3093 1179 3368 1248 egrediens
3396 1194 3503 1231 um-

1977 1268 2164 1321 bilicus
2209 1269 2467 1322 iucrescet
2503 1269 2734 1321 uasceuti
2771 1267 2911 1320 circa
2958 1267 3320 1336 epigastrium,
3358 1282 3513 1335 quem

1977 1356 2240 1408 communi
2274 1371 2367 1407 usu
2396 1356 2624 1409 universi
2668 1356 2931 1423 appellant
2977 1356 3280 1408 umbilicum
3320 1394 3335 1408 .
3378 1392 3393 1408 .
3435 1393 3451 1408 .
3496 1392 3512 1407 .

1977 1447 2091 1499 duae
2122 1458 2296 1499 autem
2322 1447 2421 1499 illae
2467 1462 2631 1511 vena',
2662 1462 2754 1514 per
2792 1463 2922 1513 quas
2969 1446 3082 1499 [luit
3137 1458 3189 1498 et
3244 1446 3409 1497 fertur
3447 1445 3515 1496 ab

1976 1533 2136 1587 Edem
2188 1536 2397 1601 regione
2448 1537 2659 1604 sanguis
2708 1550 2800 1602 per
2850 1544 3048 1603 portas,
3100 1548 3213 1600 qua'
3267 1533 3513 1585 dicuntur

1978 1622 2201 1688 hepatis,
2234 1638 2349 1689 qum
2399 1638 2620 1676 nascens
2670 1624 2856 1687 alunt;
2908 1623 3117 1675 arteria:
3167 1630 3339 1673 autem
3388 1619 3508 1682 illa',

1975 1723 2109 1776 quas
2156 1710 2382 1762 diximus
2426 1710 2634 1763 canales
2673 1724 2792 1763 esse
2837 1709 3125 1777 sanguinis,
3175 1709 3240 1760 ah
3287 1716 3510 1771 utraque

1057 1794 1112 1844 αἱ
1144 1792 1198 1843 δὲ
1228 1792 1318 1843 δύο
1348 1793 1556 1861 φλέϐες,
1589 1794 1654 1845 δι’
1692 1788 1762 1845 ὧν
1793 1795 1876 1860 ῥεῖ

1975 1808 2122 1865 parte
2148 1798 2397 1865 amplexa:
2423 1801 2649 1852 vesicam
2682 1801 2823 1851 circa
2874 1800 3059 1865 pelvim
3095 1811 3338 1864 magnam
3368 1806 3511 1847 arte-

1970 1885 2101 1939 riam
2129 1887 2455 1954 c0ntingunt,
2484 1888 2581 1939 hoc
2630 1896 2710 1939 est
2753 1901 2868 1953 quae
2900 1901 2992 1951 per
3016 1886 3225 1937 dorsum
3283 1892 3509 1936 vocatur

1972 1985 2191 2038 aortam,
2227 1985 2277 2028 et
2318 1976 2387 2027 ita
2439 1990 2533 2043 per
2574 1977 2706 2028 ostia
2758 1975 2809 2027 in
2857 1989 2949 2028 cor
2984 1986 3258 2041 permeans
3294 1971 3513 2039 spiritus

1974 2072 2167 2116 motum
2200 2063 2357 2116 eliicit
2402 2062 2745 2115 uterinorum.
2786 2062 2913 2114 Dum
2948 2062 3087 2114 enim
3139 2060 3395 2112 formatur
3436 2058 3513 2109 iu-

1970 2152 2087 2206 l'ans
2147 2154 2194 2206 iu
2242 2153 2505 2220 paradiso,
2556 2167 2723 2219 neque
2777 2166 2867 2204 ore
2921 2150 3227 2202 alimentum
3290 2146 3507 2214 accipit,

1982 2258 2150 2310 neque
2192 2244 2407 2294 naribus
2452 2242 2711 2310 respirat;
2757 2240 2807 2293 in
2841 2239 3066 2292 humidis
3105 2239 3245 2291 enim
3276 2232 3510 2289 versanti

1972 2340 2086 2383 crat
2153 2331 2199 2382 ei
2249 2341 2371 2381 ante
2421 2329 2579 2394 pedes
2635 2344 2777 2381 mors
2828 2327 2872 2380 si
2927 2327 3230 2393 respiraret,
3269 2323 3511 2377 duxisset

1974 2420 2112 2472 enim
2140 2432 2200 2470 ex
2236 2417 2465 2469 humidis
2506 2426 2560 2469 et
2601 2424 2900 2484 peremptus
2944 2423 3101 2467 esset.
3143 2411 3507 2465 Verumenim-

1974 2517 2097 2555 vero
2153 2503 2566 2555 circumvolutus
2613 2513 2690 2555 est
2743 2512 2882 2555 totus
2939 2500 3136 2563 tunica,
3190 2514 3308 2568 qua:
3364 2496 3507 2551 dici-

1975 2600 2058 2644 tur
2104 2591 2358 2653 anmium,
2402 2590 2562 2643 alitur
2617 2601 2791 2645 autem
2837 2605 2930 2658 per
2973 2588 3303 2650 umbilicum,
3328 2594 3381 2639 et
3408 2598 3506 2652 per

1975 2678 2344 2743 dorsalem,ut
2388 2680 2647 2745 dicebam,
2678 2680 2925 2734 arteriam
2970 2680 3184 2747 spiritus
3228 2674 3505 2730 essentiam

1974 2768 2184 2837 accipit.

312 2856 482 2926 παρά
514 2854 681 2916 πόδας
719 2849 787 2923 ἦν
831 2855 860 2905 6
896 2852 1117 2913 Θάνατος
1156 2853 1203 2903 εἰ
1239 2852 1596 2904 ἀνέπνευσεν”
1632 2854 1967 2909 ἐπεσπάσατο
2018 2860 2123 2930 γὰρ
2154 2861 2219 2913 ἂν
2273 2861 2379 2913 ἀπὸ
2435 2860 2542 2914 τῶν
2575 2859 2753 2930 ὑγρῶν
2818 2859 2911 2913 καὶ
2942 2858 3169 2927 ἐφθάρη.
3208 2854 3365 2907 ’Δλλὰ
3398 2852 3506 2921 γὰρ

312 2949 448 3001 ὅλον
500 2944 918 3013 περιέσφιγκται
959 2942 1035 3011 τῷ
1081 2941 1393 3010 καλουμένῳ
1441 2942 1621 3011 χιτῶνι
1658 2944 1865 3015 ἀμνίῳ,
1903 2948 2154 3018 τρέφεται
2215 2951 2270 3003 δέ
2292 2951 2358 3003 δι’
2394 2950 2632 3019 ὀμφαλοῦ
2660 2949 2751 3002 καὶ
2773 2949 2861 3000 διὰ
2926 2950 3023 3016 τῆς
3053 2946 3189 2999 κατά
3218 2945 3405 3013 ῥάχιν,
3430 2942 3505 2993 ὡς

313 3036 487 3105 εφην,
520 3035 620 3102 τὴν
644 3032 739 3084 τοῦ
769 3032 1072 3099 πνεύματος
1100 3032 1282 3084 οὐσίαν
1308 3032 1580 3100 λαμϐάνει.

393 3144 479 3215 [ρ.
518 3142 636 3197 169.
672 3140 818 3211 170]
853 3140 931 3193 ιε’.
979 3141 1035 3192 '0
1072 3136 1163 3223 06.x:
1194 3142 1462 3211 ποταμὸς,
1509 3145 1701 3212 φησὶν,
1729 3146 1756 3196 6
1788 3146 1873 3197 ἐκ-

2042 3145 2388 3217 256-257
2424 3146 2509 3201 15.
2547 3147 2760 3200 Fluvius
2787 3146 2975 3212 igitur.
3008 3144 3197 3211 inquit,
3228 3141 3506 3211 egrediens

318 3235 699 3305 πορευόμενος
730 3230 791 3293 ἐξ
832 3229 989 3299 Ἐδὲμ
1024 3230 1103 3291 είς
1140 3229 1407 3300 τέσσαρας
1444 3232 1753 3300 ἀφορίζεται
1781 3233 1877 3298 ἀρ-

316 3322 452 3392 χὰς,
478 3320 698 3389 ὀχετοὺς
738 3319 1035 3387 τέσσαρας,
1079 3318 1351 3371 τουτέστιν
1382 3321 1460 3381 είς
1501 3323 1769 3389 τέσσαρας
1791 3322 1881 3386 ξαί-

321 3409 557 3478 σθήσεις
580 3407 676 3459 τοῦ
702 3406 1054 3474 γεννωμένου,
1076 3407 1281 3475 ὅρασιν,
1313 3407 1478 3477 ἀκοὴν
1492 3409 1565 3469 ⁷⁸,
1594 3409 1876 3478 ὄσφρησιν,

321 3497 524 3564 γεῦσιν
558 3496 654 3549 καὶ
688 3496 852 3564 ἁφήν.
881 3494 1089 3557 Ταύτας
1110 3497 1214 3563 γὰρ
1242 3494 1351 3563 ἔχει
1385 3496 1547 3563 μόνας
1570 3496 1663 3557 τὰς
1694 3497 1880 3565 αἰσθή-

326 3598 451 3643 σεις
483 3583 542 3633 ἐν
575 3580 652 3649 τῷ
686 3581 990 3649 παραδείσῳ
1021 3580 1387 3648 πλασσόμενον
1419 3581 1478 3632 τὸ
1508 3570 1732 3635 παιδίον.
1776 3576 1878 3634 Οὖ-

323 3690 460 3738 τος,
514 3673 718 3741 φησίν,
768 3672 913 3723 ἐστὶν
954 3674 981 3723 ὁ
1012 3671 1198 3739 νόμος,
1239 3671 1297 3723 ὃν
1325 3671 1484 3741 ἔθηκε
1529 3674 1755 3742 Μωσῆς,
1789 3675 1879 3726 καὶ

331 3762 478 3831 πρὸς
506 3760 701 3813 τοῦτον
726 3760 885 3811 αὑτὸν
906 3760 994 3811 τὸν
1023 3761 1181 3828 νόμον
1204 3760 1506 3829 γέγραπται
1532 3762 1637 3813 τῶν
1668 3762 1878 3829 βιϐλίων

331 3849 599 3909 ἕκαστον,
651 3850 727 3910 ὡς
769 3850 824 3899 αἱ
864 3848 906 3877 ⁷⁸
948 3849 1245 3916 ἐπιγραφαὶ
1287 3847 1521 3916 δηλοῦσι.
1561 3850 1632 3900 T6
1670 3849 1880 3918 πρῶτον

336 3935 814 4005 βιϐλίονΤένεσις·
848 3936 1027 4003 ἤρκει,
1054 3938 1205 4004 φησὶ,
1232 3936 1366 4003 πρὸς
1398 3936 1593 4002 γνῶσιν
1622 3936 1725 3988 τῶν
1747 3938 1879 3991 ὅλων

334 4024 371 4091 η
400 4022 681 4093 ἐπιγραφὴ
719 4021 812 4073 τοῦ
846 4022 1066 4089 βιϐλίου.
1108 4021 1251 4089 Αὕτη
1280 4022 1415 4090 γὰρ,
1455 4022 1646 4091 φησὶν,
1679 4023 1821 4074 ἐστὶν
1844 4027 1876 4091 ἡ

336 4109 552 4172 Γένεσις
586 4111 804 4179 ὅρασις,
838 4113 915 4172 είς
954 4111 1019 4177 ἢν
1052 4109 1361 4178 ἀφορίζεται
1414 4112 1654 4180 ποταμοῦ
1708 4111 1879 4183 σχέσις

337 4201 369 4267 ὴ
420 4200 536 4269 μία.
573 4200 801 4267 Ἐθεάοη
839 4200 945 4269 γὰρ
986 4202 1014 4251 6
1058 4200 1254 4267 κόσμος
1295 4201 1352 4252 ἐν
1401 4202 1605 4268 ὁράσει.
1657 4202 1718 4255 Ἡ
1760 4205 1875 4255 ἐπι-

337 4289 521 4357 γραφὴ
540 4289 585 4318 τ’
617 4287 818 4356 βιϐλίου
844 4288 1092 4357 δευτέρου
1119 4289 1351 4352 Ἐξοδος.
1389 4290 1529 4341 Ἔδει
1552 4290 1658 4359 γὰρ
1686 4292 1743 4342 τὸ
1761 4308 1880 4356 γεν-

338 4375 493 4444 νηθὲν
511 4414 527 4439 ,
558 4376 661 4444 τὴν
699 4374 962 4445 Ἐρυθρὰν
991 4374 1261 4427 διοδεῦσαν
1299 4375 1569 4428 θάλασσαν
1592 4378 1638 4409 ⁷³
1659 4414 1674 4437 ,
1708 4376 1878 4427 ἐλοείν

1977 3248 2041 3287 ex
2070 3236 2229 3288 Edem
2270 3236 2518 3289 dividitur
2558 3235 2615 3288 in
2644 3244 2870 3303 quatuor
2905 3234 3096 3301 capita,
3129 3231 3341 3285 canales
3370 3245 3505 3298 qua-

1976 3331 2117 3387 tuor,
2152 3324 2254 3377 hoc
2289 3333 2369 3378 est
2399 3324 2449 3377 in
2477 3334 2708 3392 quatuor
2737 3338 2925 3377 sensus
2956 3323 3095 3385 nati,
3126 3322 3328 3384 visum,
3356 3320 3507 3373 audi-

1976 3425 2108 3481 tum,
2149 3415 2398 3469 olfactum
2429 3454 2444 3477 ,
2478 3425 2687 3481 gustum
2710 3423 2765 3468 et
2802 3423 3018 3466 tactum.
3054 3413 3159 3465 llos
3192 3411 3332 3464 enim
3362 3411 3505 3463 solos

1977 3504 2135 3557 habet
2168 3517 2357 3555 sensus
2390 3503 2440 3555 in
2464 3503 2711 3570 paradiSO
2738 3502 2991 3568 ﬁguratus
3017 3498 3206 3551 infans.
3251 3496 3371 3550 Haec
3400 3506 3500 3561 est,

1976 3587 2166 3655 inquit,
2198 3586 2276 3639 lex
2312 3602 2467 3653 quam
2501 3588 2671 3654 posuit
2696 3586 2865 3638 Moses
2895 3593 2949 3636 et
2981 3583 3045 3637 ad
3079 3584 3213 3635 hanc
3239 3582 3403 3649 ipsam
3431 3582 3504 3634 le-

1977 3692 2093 3744 gem
2129 3675 2311 3743 scripti
2350 3685 2472 3729 sunt
2505 3674 2698 3741 singuli
2727 3672 2845 3725 libri
2867 3709 2884 3733 ,
2915 3680 2969 3723 ut
3011 3669 3380 3736 inscriptiones
3406 3667 3503 3720 de-

1976 3764 2199 3818 clarant.
2232 3761 2438 3816 Primus
2460 3762 2591 3815 liber
2608 3761 2845 3816 Genesis.
2872 3756 3192 3823 Sulliciebat,
3218 3756 3406 3823 inquit,
3436 3756 3504 3809 ad

1976 3852 2326 3920 cognitionem
2350 3852 2606 3904 universa!
2632 3848 2705 3901 rei
2734 3847 3004 3913 inscriptio
3023 3844 3163 3897 libri.
3190 3842 3309 3895 llaec
3335 3844 3501 3902 enim.

1980 3941 2168 4007 inquit,
2200 3948 2280 3992 est
2312 3937 2533 3991 Genesis
2571 3936 2741 3999 visus,
2788 3936 2839 3988 in
2870 3950 3025 4001 quem
3062 3933 3311 3985 dividitur
3357 3931 3503 3983 ﬂuvii

1977 4026 2142 4080 sectio
2179 4040 2298 4077 una.
2326 4024 2648 4091 Conspectus
2681 4022 2818 4074 enim
2842 4030 2921 4073 est
2946 4021 3172 4071 mundus
3200 4033 3291 4084 per
3311 4016 3501 4070 visum.

1980 4114 2261 4182 Inscriptio
2300 4127 2481 4165 rursus
2528 4110 2743 4164 alterius
2800 4108 2915 4161 libri
2959 4108 3187 4162 Exodus.
3219 4103 3507 4171 Oportebat

1978 4202 2115 4256 enim
2144 4200 2191 4251 id
2213 4199 2349 4267 quod
2366 4206 2545 4250 natum
2578 4204 2693 4251 erat
2722 4205 2992 4265 permeato
3020 4193 3154 4247 mari
3181 4190 3360 4244 Rubro
3385 4204 3507 4257 per-

1978 4289 2158 4343 venire
2193 4289 2245 4342 in
2276 4290 2536 4340 desertum
2572 4285 2739 4354 (mare
2764 4282 2998 4337 Rubrum
3025 4277 3504 4346 autem,iuquiuut,

1979 4379 2106 4431 dicit
2126 4375 2472 4445 sanguinem)
2497 4383 2550 4428 et
2573 4383 2783 4442 gustare
2809 4385 3042 4425 amaram
3068 4382 3278 4437 aquam.
3311 4366 3505 4418 Amara
3551 4416 3556 4420 .

339 4465 430 4518 ἐπὶ
452 4466 551 4535 τὴν
581 4466 783 4534 ἔρημον
806 4466 1097 4535 (Ἐρυθρὰν
1124 4465 1179 4517 δὲ
1208 4466 1386 4533 λέγει,
1415 4467 1578 4532 φασὶ,
1609 4466 1668 4516 τὸ
1694 4460 1872 4533 αἷμα),

1975 4468 2133 4529 enim,
2168 4464 2354 4529 inquit.
2387 4474 2469 4516 est
2492 4476 2651 4529 aqua,
2674 4475 2791 4526 qum
2820 4467 2901 4512 est
2930 4466 3048 4526 post
3076 4469 3221 4509 mare
3244 4454 3504 4515 Rubrum,

339 4554 430 4605 καὶ
449 4552 746 4620 γεύσασθαι
780 4553 972 4621 πικρὸν
996 4552 1154 4621 ὕδωρ.
1182 4554 1378 4622 Πικρὸν
1402 4553 1525 4622 γάρ,
1554 4554 1731 4620 φησὶν,
1759 4553 1874 4604 ἐστὶ

338 4638 396 4689 τὸ
423 4636 566 4707 ὕδωρ
589 4638 652 4689 τὸ
683 4638 819 4707 μετὰ
852 4641 949 4708 τὴν
990 4638 1251 4708 Ἐρυθρὰν
1283 4630 1577 4701 θάλασσαν,
1605 4640 1739 4707 ὅπερ
1783 4640 1871 4689 ἐσ-

338 4729 419 4778 τὶν
445 4727 559 4789 ὁδὸς
593 4727 693 4795 τῆς
724 4727 865 4780 κατά
904 4729 994 4779 τὸν
1032 4726 1142 4794 βίον
1172 4726 1417 4793 γνώσεως
1458 4727 1563 4778 τῶν
1605 4727 1871 4778 ἐπιπόνων

340 4815 624 4887 ὁδευομένη
655 4816 769 4884 ικαὶ
820 4815 1047 4883 πικρῶν.
1084 4815 1321 4883 Στραφέν
1349 4814 1404 4867 δὲ
1446 4814 1547 4865 ὑπὸ
1596 4814 1830 4877 Μωσέως
1854 4852 1870 4878 ,

1977 4568 2093 4621 qua:
2129 4553 2340 4619 quidem
2380 4563 2457 4604 est
2492 4550 2629 4616 quod
2657 4548 2933 4601 contleitnr
2967 4547 3065 4598 iter
3102 4557 3195 4610 per
3226 4542 3385 4593 vitam
3414 4550 3507 4591 co'

1976 4638 2226 4705 gnitiouis
2261 4650 2692 4689 aerumnosorum
2739 4642 2791 4685 et
2818 4645 3142 4684 amarorum.
3172 4628 3497 4681 Conversum

1976 4734 2149 4779 autem
2180 4740 2209 4776 a
2236 4725 2395 4788 Mosa,
2425 4725 2522 4777 hoc
2547 4731 2627 4777 est
2672 4736 2701 4773 a
2729 4721 2864 4789 logo,
2898 4733 3133 4772 amarum
3163 4717 3289 4769 illud
3314 4714 3499 4768 evadet

1978 4816 2149 4869 dulce.
2183 4812 2249 4867 Et
2276 4814 2387 4867 haec
2413 4813 2484 4866 ita
2510 4827 2568 4866 se
2598 4811 2794 4865 habere
2822 4810 2972 4877 vulgo
2998 4808 3119 4862 licet
3150 4806 3218 4859 ab
3246 4802 3503 4859 universis

1584 5002 1811 5058 VABIA‘J
1852 5001 2249 5058 LECTIONES.

412 5164 453 5196 "
475 5164 623 5217 Fort.
655 5162 752 5215 cl'r.
778 5160 972 5214 Jerem.
1001 5173 1040 5219 ι,
1074 5156 1107 5208 5
1136 5174 1148 5208 :
1181 5157 1292 5225 Πρὸ
1315 5156 1406 5207 τοῦ
1434 5173 1500 5224 με
1521 5156 1718 5209 πλάσαι
1753 5174 1811 5209 σε
1837 5158 1893 5209 ἐν
1921 5157 2111 5225 κοιλίᾳ.
2174 5154 2501 5225 ⁶³όμπλάσων
2521 5154 2584 5207 C.
2610 5220 2621 5225 _
2656 5153 2701 5186 “
2725 5153 2805 5207 Cl'.
2832 5152 3009 5225 1610s.
3046 5167 3107 5214 tt,
3133 5150 3231 5225 [9:
3265 5148 3505 5225 Ποταμρς

342 5230 396 5300 δὲ
422 5229 773 5300 ἐκπορεύεται
788 5228 858 5300 Δἐξ
900 5226 1059 5300 ’ξδὲμ
1102 5220 1333 5300 ποτίζειν
1366 5220 1454 5276 τὸν
1478 5226 1798 5300 παράδεισον
1821 5243 1834 5255 ·
1866 5220 2084 5300 ἐκεῖθεν
2109 5222 2416 5300 ἀφορίζεται
2461 5224 2539 5284 είς
2566 5220 2827 5300 τέσσαρας
2854 5221 3043 5300 ἀρχάς.

1156 5291 1532 5360 υμᾝπειταν-
1548 5289 1806 5360 ἐμφύεται
1838 5295 1986 5360 signo
2016 5292 2213 5344 lacuna:
2238 5291 2618 5360 oniissgsusp.
2640 5289 2839 5360 Christ.

338 5299 387 5359 q“
415 5291 976 5366 @9a‘recaypéthﬂC,
1009 5291 1080 5355 Μ,

3144 5218 3187 5249 ⁵⁸
3214 5215 3420 5278 ποτίζει
3438 5218 3499 5269 C.

2911 5286 3136 5350 etersen,
3158 5286 3277 5340 coll.
3303 5286 3503 5337 Galerio

338 5354 399 5415 in
432 5354 795 5442 [lippum-De
822 5354 1086 5442 'Alimento
1110 5374 1163 5442 ρ.
1190 5356 1292 5442 ξρο
1318 5361 1401 5442 est“.
1429 5354 1716 5442 Claark;th
1755 5376 1806 5427 p.
1960 5358 2138 5442 {ityn}.
2173 5372 2297 5442 xv."
2335 5356 2378 5387 ⁸⁸
2409 5354 3013 5442 §igt§ivimusllacunant
3032 5356 3142 5442 (hoc
3164 5354 3503 5442 potiuscloeu

349 5417 654 5531 quatn'1post
675 5428 1046 5493 ἐπιγάστριον,
1079 5417 1163 5475 υῦί
1196 5422 1264 5473 Μ.
1346 5426 1389 5457 ⁸³
1420 5417 1822 5493 περιλαϐοῦσαι.
1844 5428 1941 5496 μὲν
1960 5424 2213 5479 λαϐοῦσαι
2259 5424 2319 5488 C,
2349 5417 2698 5477 συλλαϐοῦσαι
2723 5423 2793 5487 Μ,
2828 5417 3215 5492 μεταλαϐοῦσὰι
3246 5420 3307 5472 R.
3349 5417 3503 5471 Scut-

350 5506 451 5550 tus.
553 5500 573 5529 °
603 5498 891 5552 Delendum
934 5490 1122 5556 ἀκοὴν,
1172 5500 1222 5539 nt
1248 5506 1311 5557 ex
1344 5496 1683 5557 sequentibus
1724 5495 1920 5557 liquido
1958 5501 2195 5557 apparet.
2226 5492 2309 5557 M;
2348 5494 2485 5557 quod
2532 5506 2683 5544 secus
2708 5501 2805 5544 est.
2877 5492 2918 5521 ⁷¹
2952 5493 3005 5542 αἱ
3032 5500 3173 5557 ante
3201 5487 3502 5557 ἐπιγραφαὶ

337 5506 451 5589 ιιιιε,
526 5506 573 5531 τυ
603 5506 891 5552 uerendum
934 5506 1122 5556 ακοην,
1172 5506 1222 5539 ιη
1248 5506 1311 5574 ex
1344 5506 1683 5561 sequentmus
1724 5506 1920 5563 llqmdo
1958 5506 2195 5562 apparet.
2227 5506 2309 5558 M;
2348 5506 2485 5572 quod
2532 5506 2805 5570 88008.8“.
2880 5506 2918 5521 ἰ
2952 5506 3005 5542 αι
3032 5506 3152 5541 ante
3201 5506 3305 5537 επι-

334 5578 455 5625 .Om.
484 5566 545 5629 C,
577 5565 647 5617 Μ.
724 5563 769 5594 ⁷⁸
803 5562 863 5611 Ἢ
889 5557 1182 5623 ἐπιγραφή.
1206 5558 1274 5607 Au
1308 5560 1492 5629 γραφὴ
1512 5561 1573 5624 C,
1602 5558 1676 5614 Δῦ
1702 5564 1970 5630 ἐπιγραφὴ
2000 5576 2140 5628 susp.
2172 5558 2240 5611 Μ.
2317 5560 2362 5591 ⁷³
2395 5559 2473 5611 Lf.
2502 5574 2619 5612 cum
2656 5559 2737 5613 bis
2766 5558 2803 5611 ll
2833 5557 2964 5613 Mos.
2995 5572 3081 5622 xv,
3115 5554 3305 5608 22-26.
