3880 6384
291 355 439 423 3215

1406 360 1693 419 CONTRA
1729 359 2086 419 HIERESES
2121 359 2260 418 LIB.
2298 357 2394 418 VI.

3340 359 3478 421 3216

297 470 393 529 θὲς
418 467 452 535 ἡ
471 460 656 532 Γραφὴ
676 461 877 527 διδάξει
903 463 992 516 ὅτε
1022 463 1167 530 λέγει
1183 478 1197 493 ⁸
1232 462 1372 531 Ἐγὼ
1392 467 1505 532 ειμι
1524 467 1567 497 ﬂ
1591 468 1623 518 ό
1646 466 1837 519 πλάσ-

1940 465 2109 519 Moses
2140 474 2348 518 uterum
2374 465 2525 529 dixit,
2556 464 2814 533 siquidem
2846 464 2967 518 licet
2995 464 3112 533 logo
3143 466 3377 523 credere.
3422 469 3479 525 bi

297 570 432 614 σων
446 551 488 583 ⁸⁸
518 564 591 602 σε
639 549 710 601 ἐν
748 548 946 616 μήτρᾳ
978 552 1198 617 μητρός
1225 564 1361 603 σου.
1406 554 1513 604 Καὶ
1548 552 1704 604 τοῦτο
1734 552 1840 621 γάρ

294 642 442 693 οὕτω
466 639 603 691 Θέλει
628 638 960 704 γεγράφθαι.
986 639 1087 690 Τδν
1112 639 1450 706 παράδεισον,
1475 642 1655 709 φησὶν,
1679 641 1841 707 ἀλλη-

295 730 473 798 γορῶν
502 730 529 779 6
557 728 761 795 Μωσῆς
790 726 887 795 τὴν
929 730 1135 796 μήτραν
1171 728 1418 795 εἴρηκεν,
1460 728 1615 797 είπερ
1648 729 1726 780 δεῖ
1764 728 1842 797 τῷ

296 819 442 885 λόγῳ
472 813 767 869 πιστεύειν.
800 815 863 865 El
890 814 946 865 66
982 814 1204 867 πλάσσει
1236 816 1264 865 6
1291 815 1421 877 Θεὸς
1440 818 1496 867 ὲν
1530 819 1707 885 μήτρᾳ
1742 834 1843 886 μη-

297 906 427 975 τρδς
469 902 557 955 τδν
610 901 929 971 ἄνθρωπον,
985 903 1255 955 τουτέστιν
1297 904 1355 955 ὲν
1398 905 1732 973 παραδείσῳ,
1767 904 1843 967 ὡς

300 994 473 1061 ἔφην,
514 990 653 1041 ἔστω
689 991 1013 1058 παράδεισος
1049 994 1081 1060 ή
1125 994 1304 1061 μήτρα
1324 1031 1339 1055 ,
1384 993 1540 1062 Ἐδὲμ
1566 993 1621 1045 δὲ
1651 993 1711 1045 :6
1739 1010 1843 1062 χω-

304 1078 437 1147 ρίον,
487 1076 753 1142 ποταμὸς
784 1076 1245 1143 ἐκπορευόμενος
1260 1077 1306 1108 ⁸⁸
1348 1078 1417 1140 ἐξ
1477 1078 1641 1146 Ἐδὲμ
1685 1078 1844 1129 ποτί-

302 1165 417 1222 ζειν
437 1164 482 1193 ⁸⁵
514 1160 622 1213 τόν
665 1160 1028 1227 παράδεισον
1062 1162 1090 1212 6
1125 1161 1383 1229 ὀμφαλός.
1413 1157 1573 1223 Οὗτος
1596 1200 1610 1223 ,
1643 1163 1804 1229 φησιν
1825 1199 1840 1223 ,

298 1247 614 1316 ἀφορίζεται
637 1250 665 1299 6
692 1246 931 1315 ὀμφαλὸς
962 1248 1041 1308 είς
1072 1247 1333 1317 τέσσαρας
1354 1248 1545 1319 ἀρχάς,
1578 1249 1841 1316 ἑκατέρω-

300 1336 389 1387 οεν
423 1335 533 1403 γάρ
566 1334 658 1387 τοῦ
690 1333 934 1403 ὀμφαλοῦ
963 1334 1053 1386 δύο
1092 1336 1224 1387 εἰσίν
1251 1336 1505 1405 ἀρτηρίαι
1541 1351 1843 1405 παρατετα-

303 1423 458 1489 μέναι
474 1421 521 1450 ⁸⁸
543 1460 560 1485 ,
595 1420 769 1488 ὀχετοὶ¹
809 1420 1109 1488 πνεύματος
1128 1462 1143 1484 ,
1173 1423 1265 1479 καὶ
1296 1422 1387 1473 δύο
1414 1424 1635 1490 φλέϐες,
1667 1424 1843 1492 ὀχετο)⁸

299 1508 547 1577 αἵματος.
596 1507 840 1558 Ἐπειδὰν
859 1507 902 1537 ⁸⁷
939 1507 1029 1571 δὲ,
1059 1509 1222 1575 φησιν
1241 1549 1255 1573 ,
1296 1509 1401 1561 ἀπὸ
1427 1509 1519 1561 τοῦ
1558 1511 1710 1578 Ἐδὲμ
1741 1529 1843 1579 χω-

301 1600 415 1667 ρῖου
456 1597 885 1665 ἐκπορευόμενος
924 1599 951 1648 6
987 1596 1223 1664 ὀμφαλὸς
1255 1598 1431 1667 ὲμφυῇ
1468 1596 1543 1667 τῷ
1576 1598 1843 1667 γενομένῳ

299 1685 434 1738 κατά
476 1685 538 1735 τὸ
570 1684 950 1752 ἐπιγάστριον,
992 1684 1052 1735 ὂν
1090 1684 1281 1747 κοινῶς
1326 1684 1521 1745 πάντες
1570 1701 1842 1752 προσαγο-

301 1780 547 1849 ρεύουσιν
580 1779 820 1847 ὀμφαλὸν
850 1780 982 1831 ⁸⁸η..

297 1876 388 1927 καὶ
412 1875 637 1943 φέρεται
660 1875 765 1927 ἀπὸ
784 1875 875 1926 τοῦ
916 1876 1071 1943 Ἐδὲμ
1097 1875 1186 1926 τοῦ
1218 1877 1416 1945 χωρίου
1446 1877 1503 1927 τὸ
1537 1872 1671 1945 αἷμα
1697 1879 1839 1930 κατά

296 1962 390 2021 τὰς
425 1959 770 2027 καλουμένας
801 1958 973 2020 πύλας
1014 1960 1106 2010 τοῦ
1134 1960 1365 2027 ἥπατος,
1403 1961 1598 2022 αἵτινες
1626 1961 1684 2014 τὸ
1717 1981 1837 2031 γεν-

296 2049 529 2116 νώμενον
574 2048 857 2116 τρέφουσιν
878 2062 892 2076 ·
924 2047 978 2098 αί
1005 2047 1059 2097 66
1084 2048 1366 2115 ἀρτηρίαι,
1392 2048 1452 2108 ἃς
1478 2048 1681 2117 ἔφημεν
1716 2052 1836 2119 ὀχε-

295 2140 414 2199 τοὺς
454 2131 601 2189 εἶναι
632 2136 937 2204 πνεύματος
958 2173 972 2197 ,
1004 2137 1335 2203 ἑκατέρωθεν
1382 2139 1760 2207 περιλαϐοῦσαι
1787 2141 1831 2171 ⁶⁹

294 2227 387 2295 τὴν
433 2225 631 2277 κύστιν
662 2225 800 2277 κατά
836 2225 896 2276 τὸ
932 2225 1097 2276 πλατὺ
1127 2224 1345 2287 ὀστοῦν,
1378 2227 1509 2293 πρὸς
1539 2228 1634 2296 τὴν
1674 2228 1837 2296 μεγά-

293 2313 388 2381 λην
422 2311 790 2364 συνάπτουσιν
824 2311 1083 2380 ἀρτηρίαν
1107 2350 1121 2373 ,
1152 2311 1250 2379 τὴν
1290 2314 1428 2363 κατὰ
1462 2313 1614 2381 ῥάχιν
1649 2314 1838 2365 καλου-

296 2400 455 2468 μένην
487 2398 731 2467 ἀορτήν,
764 2398 857 2449 καί⁵
893 2397 1060 2458 οῦτως
1100 2396 1187 2448 διά
1218 2396 1323 2448 τῶν
1375 2398 1699 2467 παραθύρων
1744 2399 1835 2451 ἐπὶ

291 2486 383 2557 τὴν
415 2486 654 2555 καρδίαν
701 2483 920 2537 όδεῦσαν
950 2484 1010 2535 τὸ
1050 2484 1260 2552 πνεῦμα
1307 2485 1516 2553 κίνησιν
1554 2485 1837 2554 ἐργάζεται

293 2574 395 2625 τῶν
426 2571 729 2641 ἐμϐρύων-
762 2570 1129 2638 Πλαττόμενον
1170 2571 1276 2640 γὰρ
1321 2571 1379 2622 τὸ
1417 2570 1610 2639 βρέφος
1658 2574 1713 2625 ὲν
1763 2574 1837 2643 τῷ

296 2662 612 2731 παραδείσῳ
641 2659 763 2711 οὔτε
790 2658 867 2728 τῷ
893 2659 1115 2727 στόματι
1139 2658 1339 2729 τροφὴν
1370 2660 1379 2725 Ι
1408 2658 1683 2728 λαμϐάνει,
1716 2661 1834 2714 οὔτε

294 2752 407 2811 ταῖς
441 2750 586 2817 ῥισὶν
618 2747 875 2800 ἀναπνέει
899 2764 913 2778 ο
951 2749 1008 2799 ὲν
1035 2747 1216 2815 ὑγροῖς
1242 2748 1347 2814 γὰρ
1377 2747 1665 2817 ὑπάρχοντι
1693 2749 1836 2819 αὐτῷ

1940 566 2065 604 vero
2087 551 2280 604 format
2308 551 2444 605 Deus
2474 554 2524 604 in
2558 560 2709 605 utero
2738 554 2921 606 matris
2947 553 3236 617 hominem,
3267 555 3369 609 hoc
3398 566 3482 609 est

1939 640 1990 692 in
2057 641 2320 707 paradiso,
2373 651 2427 693 ut
2476 641 2733 705 dicebam,
2784 650 2900 694 esto
2954 641 3230 709 paradisus
3270 652 3478 704 uterus,

1939 724 2098 778 Edcm
2126 734 2297 778 autem
2336 725 2478 793 regio
2518 725 2623 787 illa,
2658 726 2845 778 ﬂuvius
2894 727 3168 795 egrediens
3206 742 3269 780 ex
3314 727 3477 781 Edent

1940 815 2003 867 ad
2048 813 2374 881 irrigandum
2422 816 2723 881 paradisum
2763 814 3060 867 umbilicus.
3114 815 3233 879 Hic,
3286 815 3475 882 inquil,

1939 903 2187 957 dividitur
2230 902 2505 956 umbilicus
2547 903 2597 955 in
2636 912 2862 970 quatuor
2896 904 3087 972 capita.
3124 904 3204 956 Ab
3258 913 3481 971 utraque

1943 991 2084 1045 enim
2114 1001 2262 1057 parte
2289 990 2522 1044 umbilici
2565 1006 2683 1058 qua:
2712 1000 2836 1044 sunt
2870 991 3081 1044 arteria:
3118 990 3270 1060 juxta
3296 1002 3477 1057 tensa,

1940 1079 2151 1134 canales
2193 1079 2429 1148 spiritus,
2464 1089 2517 1133 et
2564 1080 2678 1133 dua:
2718 1095 2885 1143 venae,
2926 1080 3139 1133 canales
3184 1078 3477 1148 sanguinis.

1942 1168 2043 1223 Ubi
2084 1178 2279 1232 autem,
2314 1169 2502 1235 inquit,
2537 1183 2600 1220 ea
2632 1168 2790 1220 Edent
2820 1168 3033 1235 regione
3057 1167 3332 1235 egrediens
3360 1182 3468 1219 um-

1941 1255 2129 1308 bilicus
2173 1257 2431 1309 increscet
2468 1257 2698 1309 nascenti
2735 1255 2875 1308 circa
2922 1255 3285 1323 epigastrium,
3322 1270 3477 1323 quem

1941 1343 2205 1395 communi
2238 1358 2331 1395 usu
2360 1344 2588 1395 universi
2631 1343 2895 1410 appellant
2940 1343 3244 1396 umbilicum
3284 1381 3299 1395 .
3342 1380 3357 1396 .
3400 1381 3415 1395 .
3460 1380 3476 1396 .

1941 1434 2056 1487 duae
2086 1435 2385 1487 autemillse
2432 1450 2595 1499 vente,
2626 1450 2718 1502 per
2756 1450 2885 1500 quas
2933 1433 3045 1487 lluit
3101 1445 3153 1486 et
3208 1434 3373 1486 fertur
3411 1432 3479 1484 ab

1940 1519 2100 1574 Edent
2152 1523 2360 1589 regione
2412 1525 2623 1591 sanguis
2672 1537 2763 1589 per
2814 1531 3012 1590 portas,
3064 1536 3177 1588 qua
3231 1521 3477 1573 dicuntur

1942 1609 2165 1676 hepalis,
2198 1626 2314 1677 qua:
2363 1625 2583 1663 nascens
2634 1611 2820 1674 alunt;
2872 1611 3081 1662 arteria:
3130 1618 3303 1661 autem
3351 1607 3472 1669 illa',

1940 1710 2073 1764 quas
2120 1698 2346 1749 diximus
2390 1698 2597 1751 canales
2637 1712 2755 1751 esse
2801 1697 3089 1765 sanguinis,
3139 1697 3204 1747 ab
3252 1703 3474 1759 utraque

1021 1780 1077 1831 αἱ
1108 1779 1162 1830 δὲ
1192 1779 1282 1831 δύο
1312 1780 1520 1848 φλέϐες,
1553 1781 1618 1832 δι’
1656 1774 1726 1832 ὧν
1758 1782 1839 1847 ῥεῖ

1939 1795 2086 1852 parte
2112 1785 2361 1852 amplexae
2388 1788 2613 1839 vesicam
2646 1788 2787 1839 circa
2838 1787 3023 1853 pelvim
3059 1799 3301 1852 magnam
3331 1795 3476 1835 arte-

1934 1872 2064 1926 riam
2093 1875 2419 1941 coutiugunt,
2447 1876 2544 1927 hoc
2594 1883 2674 1926 est
2717 1888 2832 1941 qam
2863 1888 2955 1939 per
2980 1874 3189 1925 dorsum
3247 1879 3473 1924 vocatur

1936 1972 2155 2026 aortam,
2190 1972 2241 2015 et
2282 1963 2352 2014 ita
2403 1977 2496 2030 per
2538 1964 2669 2015 ostia
2722 1963 2773 2015 in
2821 1977 2913 2016 cor
2948 1974 3222 2029 permeans
3258 1959 3476 2027 spiritus

1937 2060 2131 2103 motum
2164 2051 2321 2103 efficit
2366 2049 2708 2103 uterinorum.
2749 2051 2876 2102 Dum
2912 2050 3050 2102 enim
3103 2048 3358 2100 formatur
3399 2046 3476 2097 in-

1934 2139 2051 2194 fans
2111 2141 2159 2194 in
2206 2140 2468 2208 paradiso,
2519 2155 2687 2207 neque
2741 2154 2831 2192 ore
2885 2138 3191 2190 alimentum
3253 2134 3471 2202 accipit,

1945 2245 2114 2297 neque
2156 2231 2371 2282 naribus
2415 2230 2675 2297 respirat;
2721 2229 2771 2281 in
2805 2227 3030 2281 humidis
3068 2226 3208 2278 enim
3239 2221 3474 2277 versanti

1936 2328 2049 2370 crat
2117 2318 2163 2370 ei
2213 2329 2334 2369 ante
2385 2317 2542 2382 pedes
2599 2332 2741 2369 mors
2792 2315 2835 2368 si
2891 2315 3193 2381 respiraret,
3232 2311 3474 2365 duxisset

1938 2407 2076 2459 enim
2104 2420 2164 2458 ex
2200 2404 2428 2457 humidis
2470 2414 2523 2457 et
2564 2412 2864 2472 peremptus
2907 2411 3065 2455 esset.
3106 2399 3471 2453 Verurnenim-

1938 2505 2061 2543 vero
2116 2490 2529 2543 circumvolutus
2576 2501 2654 2543 est
2706 2500 2845 2543 totus
2903 2488 3099 2551 tunica,
3153 2502 3271 2556 qua:
3328 2485 3470 2539 dici-

1939 2587 2022 2632 tur
2067 2578 2322 2641 amnium,
2365 2578 2526 2631 alitur
2580 2589 2753 2633 autem
2800 2593 2893 2646 per
2936 2576 3265 2639 umbilicum,
3291 2582 3345 2627 et
3371 2587 3469 2639 per

1939 2665 2223 2731 dorsalem,
2247 2677 2308 2721 ut
2351 2668 2609 2734 dicebam,
2642 2668 2888 2722 arteriam
2933 2667 3147 2735 spirims
3192 2663 3469 2718 essentiam

1937 2756 2148 2824 accipit.

295 2842 440 2912 παρά
470 2841 643 2903 πόδας
682 2836 749 2910 ἦν
794 2842 823 2891 6
859 2839 1081 2899 θάνατος
1120 2840 1167 2889 εἰ
1203 2839 1525 2891 ἀνέπνευσεν
1547 2855 1560 2868 ·
1595 2842 1931 2897 ἐπεσπάσατο
1981 2848 2087 2917 γάρ
2117 2848 2183 2900 ἂν
2237 2848 2343 2901 ἀπὸ
2399 2848 2506 2901 τῶν
2539 2847 2715 2918 ὑγρῶν
2780 2847 2873 2901 καὶ
2905 2846 3132 2916 ἐφθάρη.
3172 2842 3328 2896 Ἀλλά
3361 2840 3469 2910 γὰρ

295 2934 409 2986 ὅλον
456 2930 881 3000 περιέσφιγκται
922 2928 998 2997 τῷ
1045 2927 1356 2997 καλουμένῳ
1404 2929 1584 2998 χιτῶνι
1621 2930 1829 3002 ἀμνίῳ,
1866 2935 2117 3005 τρέφεται
2178 2938 2233 2990 δὲ
2255 2938 2321 2990 δι’
2358 2937 2595 3007 ὀμφαλοῦ
2623 2937 2713 2989 καὶ
2736 2937 2823 2988 διὰ
2889 2938 2986 3004 τῆς
3016 2934 3152 2987 κατὰ
3181 2933 3368 3002 ῥάχιν,
3394 2930 3468 2981 ὡς

296 3021 445 3092 εφην,
475 3022 574 3090 τὴν
600 3018 702 3070 τοῦ
732 3018 1035 3086 πνεύματος
1063 3019 1245 3070 οὐσίαν
1271 3019 1543 3086 λαμϐάνει.

361 3130 436 3201 [ρ.
472 3129 590 3183 169.
631 3126 781 3197 170]
816 3126 895 3179 ιε’.
942 3127 998 3178 '0
1036 3123 1126 3209 θύον
1157 3129 1425 3197 ποταμὸς,
1473 3132 1665 3199 φησὶν,
1692 3133 1720 3183 6
1752 3133 1837 3184 ὲκ-

2006 3132 2351 3205 246-247
2387 3134 2473 3189 15.
2510 3134 2723 3188 Fluvius
2750 3134 2938 3200 igitur,
2971 3132 3160 3199 inquit,
3191 3130 3469 3200 egrediens

298 3222 662 3291 πορευόμενος
693 3216 754 3279 ἐξ
795 3215 952 3285 Ἐδὲμ
988 3216 1066 3277 είς
1103 3215 1370 3287 τέσσαρας
1407 3218 1717 3287 ἀφορίζεται
1744 3220 1840 3285 ἀρ-

295 3308 409 3376 χῶς,
434 3307 661 3376 ὀχετοὺς
701 3305 998 3374 τέσσαρας,
1042 3305 1314 3358 τουτέστιν
1346 3307 1423 3368 είς
1464 3310 1731 3376 τέσσαρας
1754 3309 1844 3373 ξαί-

298 3395 510 3464 σθήσεις
533 3394 634 3446 τοῦ
664 3394 1017 3461 γεννωμένου,
1039 3394 1244 3462 ὅρασιν,
1276 3394 1528 3464 ἀκοὴντθ,
1557 3396 1839 3465 ὄσφρησιν,

295 3483 477 3549 γεῦσιν
511 3484 607 3537 xai.
649 3483 814 3550 ἁφήν.
843 3482 1053 3543 Ταύτας
1073 3484 1177 3550 γὰρ
1205 3481 1313 3549 ἔχει
1348 3482 1509 3550 μόνας
1533 3484 1626 3544 τάς
1657 3484 1844 3552 αἰσθή-

298 3582 405 3629 σεις
437 3570 495 3620 ιν
527 3568 605 3637 τῷ
646 3568 953 3635 παραδείσῳ
984 3567 1349 3634 πλασσόμενον
1382 3568 1441 3619 τὸ
1471 3557 1695 3622 παιδίον.
1739 3564 1841 3621 Οὗ-

293 3675 413 3724 τος,
466 3660 638 3728 φησίν
665 3696 681 3721 ,
730 3659 876 3710 ἐστὶν
916 3660 943 3710 6
974 3658 1160 3726 νόμος,
1202 3658 1260 3709 ὃν
1288 3658 1447 3728 ἔθηκε
1492 3661 1719 3729 Μωσῆς,
1753 3662 1842 3713 καὶ

299 3748 431 3816 πρὸς
459 3748 663 3800 τοῦτον
688 3746 847 3798 αὐτὸν
868 3747 957 3798 τὸν
986 3748 1144 3815 νόμον
1167 3747 1469 3816 γέγραπται
1495 3749 1600 3801 τῶν
1630 3748 1841 3815 βιϐλίων

296 3834 552 3897 ἕκαστον,
604 3838 689 3896 ὼς
732 3836 787 3886 αί
827 3835 868 3864 τί
911 3836 1208 3903 ἐπιγραφαὶ
1249 3834 1484 3903 δηλοῦσι.
1523 3836 1594 3887 T6
1633 3836 1842 3904 πρῶτον

301 3921 776 3989 βιϐλίον-Γένεσις·
810 3922 989 3990 ἤρκει,
1016 3924 1167 3990 φησὶ,
1195 3923 1328 3990 πρὸς
1361 3923 1556 3989 γνῶσιν
1585 3923 1688 3975 τῶν
1710 3924 1842 3978 ὅλων

298 4008 331 4076 η
358 4009 639 4079 ἐπιγραφὴ
679 4008 774 4059 τοῦ
808 4009 1029 4076 βιϐλίου.
1071 4007 1214 4077 Αὕτη
1243 4009 1377 4077 γὰρ,
1418 4009 1608 4077 φησὶν,
1641 4010 1784 4061 ἐστὶν
1807 4013 1839 4078 ή

297 4094 509 4158 Γένεσις
542 4098 767 4166 ὅρασις,
800 4100 877 4158 είς
917 4097 982 4163 ἢν
1015 4096 1323 4165 ἀφορίζεται
1376 4099 1616 4167 ποταμοῦ
1670 4099 1842 4169 σχέσις

297 4186 327 4251 ή
377 4185 492 4255 μία.
529 4186 763 4253 Ἐοεάθη
802 4186 907 4255 γὰρ
949 4188 977 4237 6
1020 4186 1217 4254 κόσμος
1258 4188 1315 4239 ὲν
1363 4189 1566 4255 ὁράσει.
1619 4189 1680 4242 Ἦ
1723 4193 1839 4243 6m-

295 4274 478 4343 γραφὴ
497 4275 541 4303 τ’
574 4274 780 4343 βιϐλίου
807 4274 1055 4344 δευτέρου
1082 4275 1314 4339 Ἕξοδος.
1351 4276 1492 4327 Ἔδει
1515 4276 1620 4346 γάρ
1648 4279 1706 4329 τὸ
1724 4295 1843 4343 γεν-

296 4360 484 4429 νηθὲν,
515 4362 619 4430 τὴν
659 4361 924 4431 Ἐρυθρὰν
954 4361 1224 4413 διοδεῦσαν
1262 4361 1531 4415 θάλασσαν
1555 4365 1600 4397 ⁷⁸
1622 4401 1636 4423 ,
1670 4364 1841 4414 ελῡείν

1940 3235 2005 3274 ex
2033 3223 2192 3275 Edetn
2234 3224 2481 3277 dividitur
2521 3223 2578 3275 in
2607 3232 2833 3291 quatuor
2867 3222 3059 3289 capita,
3093 3219 3304 3273 canales
3332 3233 3468 3286 qua-

1940 3318 2080 3375 tuor,
2116 3312 2217 3365 hoc
2252 3320 2332 3366 est
2362 3312 2413 3365 in
2440 3322 2670 3380 quatuor
2700 3325 2887 3365 sensus
2918 3311 3058 3373 nati,
3089 3310 3291 3373 visum,
3319 3308 3470 3361 audi-

1940 3411 2071 3467 tum,
2112 3403 2361 3456 olfactum
2392 3441 2406 3465 ,
2441 3412 2650 3469 gustum
2673 3410 2727 3455 et
2765 3411 2981 3454 tactum.
3017 3400 3121 3452 llos
3156 3399 3295 3452 enim
3326 3399 3469 3452 solos

1940 3490 2098 3544 habet
2131 3504 2321 3543 sensus
2353 3490 2402 3542 in
2427 3490 2673 3557 paradiSo
2701 3489 2954 3556 ﬁguratus
2980 3486 3169 3539 infans.
3214 3484 3334 3538 Haec
3363 3495 3463 3549 est,

1940 3574 2129 3642 inquit,
2161 3574 2240 3626 lex
2274 3589 2429 3641 quam
2464 3576 2634 3641 posuit
2658 3573 2827 3626 Moses
2858 3580 2912 3625 et
2944 3571 3008 3625 ad
3042 3572 3176 3623 hanc
3202 3571 3366 3637 ipsam
3394 3570 3467 3623 Ie-

1940 3679 2056 3731 gem
2093 3663 2275 3730 scripti
2313 3673 2435 3717 sunt
2468 3662 2661 3729 singuli
2690 3660 2807 3713 libri
2830 3697 2846 3721 ,
2878 3669 2932 3711 ut
2974 3657 3343 3725 inscriptiones
3369 3656 3467 3709 de-

1939 3751 2162 3805 clarant.
2196 3749 2401 3804 Primus
2422 3749 2554 3803 liber
2571 3748 2808 3802 Genesis.
2835 3744 3155 3811 Sumciebat,
3181 3744 3369 3813 inquit,
3400 3745 3467 3798 ad

1939 3840 2289 3907 cognitionem
2313 3838 2569 3891 universa:
2594 3835 2668 3888 rei
2697 3835 2967 3901 inscriptio
2986 3832 3127 3886 libri.
3153 3830 3273 3884 Haec
3299 3833 3464 3891 enim,

1943 3928 2131 3994 inquit,
2163 3936 2243 3980 est
2275 3924 2495 3979 Genesis
2533 3923 2704 3987 visus,
2751 3923 2801 3975 in
2833 3938 2987 3990 quem
3025 3920 3274 3973 dividitur
3320 3919 3466 3972 ﬂuvii

1940 4013 2105 4067 sectio
2142 4028 2261 4064 una.
2288 4012 2610 4078 Conspectus
2643 4010 2781 4062 enim
2805 4018 2884 4061 est
2908 4009 3135 4059 mundus
3162 4021 3254 4072 per
3274 4005 3463 4058 visum.

1942 4101 2223 4169 Inscriptio
2262 4114 2444 4152 rursus
2491 4098 2706 4151 alterius
2762 4096 2878 4149 libri
2921 4096 3150 4150 Exodus.
3182 4091 3469 4159 Oportebat

1940 4189 2078 4243 enim
2106 4188 2154 4239 id
2175 4186 2311 4253 quod
2329 4194 2508 4238 uatum
2541 4193 2656 4239 erat
2684 4193 2955 4253 permeato
2982 4181 3117 4235 mari
3144 4178 3323 4233 Rubro
3348 4192 3469 4245 per-

1941 4276 2121 4329 venire
2156 4276 2208 4329 in
2238 4277 2499 4327 desertum
2535 4272 2701 4342 (mare
2726 4270 2961 4325 Rubrum
2988 4278 3185 4331 autem,
3204 4266 3467 4335 inquiunt,

1942 4366 2069 4418 dicit
2089 4362 2434 4432 sanguinem)
2460 4371 2512 4415 et
2535 4372 2745 4430 gustare
2772 4374 3005 4413 amaram
3030 4371 3240 4424 aquam.
3273 4355 3466 4406 Amara
3513 4405 3517 4409 _

296 4450 387 4503 επὶ
409 4451 508 4521 τὴν
538 4452 746 4521 ἔρημον
768 4452 1060 4522 (Ἐρυθρὰν
1086 4451 1142 4504 δὲ
1170 4454 1348 4519 λέγει,
1378 4454 1507 4519 φασὶ
1526 4491 1540 4514 ,
1571 4454 1630 4503 :6
1657 4447 1834 4520 αἷμα),

1939 4455 2095 4516 enim,
2131 4452 2316 4517 inquit.
2350 4461 2431 4503 est
2454 4465 2613 4517 aqua,
2636 4463 2753 4514 qua:
2783 4455 2863 4501 est
2892 4454 3010 4515 post
3038 4458 3183 4497 mare
3206 4442 3465 4504 Rubrum,

182 4548 185 4551 ‘
296 4539 386 4589 καὶ
405 4538 708 4605 γεύσασθαι
742 4539 935 4609 πικρὸν
958 4538 1116 4608 ὕδωρ.
1144 4540 1340 4609 Πικρὸν
1364 4540 1487 4609 γὰρ,
1516 4541 1693 4607 φησιν,
1722 4540 1836 4591 ἐστὶ

293 4622 351 4673 τὸ
378 4622 523 4692 ὕδωρ
546 4624 612 4675 τὸ
642 4624 781 4693 μετά
814 4628 911 4695 τὴν
952 4625 1213 4694 Ἐρυθρὰν
1245 4618 1539 4688 Θάλασσαν,
1568 4627 1702 4694 ὅπερ
1745 4628 1833 4676 ἐσ-

292 4712 373 4762 τὶν
400 4712 515 4774 ὁδὸς
550 4713 653 4781 τῆς
686 4714 827 4766 κατά
866 4715 956 4765 τὸν
995 4713 1104 4781 βίον
1134 4713 1380 4780 γνώσεως
1421 4714 1525 4765 τῶν
1568 4714 1833 4766 ἐπιπόνων

292 4800 582 4871 ὁδευομένη
614 4802 732 4870 εκαὶ
782 4801 1009 4870 πικρῶν.
1046 4801 1284 4870 Στραφὲν
1311 4801 1366 4853 66
1408 4800 1509 4852 ὐπδ
1558 4801 1792 4864 Μωσέως
1816 4840 1832 4865 ,

1939 4555 2056 4608 ηοω
2091 4540 2302 4606 quidem
2343 4551 2419 4591 est
2455 4538 2591 4605 quod
2620 4536 2895 4589 cculieitur
2929 4536 3027 4586 iter
3066 4544 3157 4597 per
3187 4530 3347 4581 vitam
3377 4538 3469 4579 co‘

1938 4626 2188 4692 gnitionis
2224 4637 2655 4677 aerumnosorum
2702 4630 2753 4674 et
2780 4633 3104 4672 amarorum.
3134 4616 3459 4669 Conversuut

1939 4722 2111 4767 autem
2143 4727 2171 4763 a
2198 4712 2357 4775 Mose,
2387 4712 2485 4764 hoc
2510 4719 2590 4765 est
2635 4724 2664 4761 a
2692 4709 2827 4776 logo,
2860 4721 3095 4761 amarum
3125 4705 3250 4757 illud
3276 4702 3461 4756 evadet

1940 4803 2110 4855 dulce.
2145 4800 2211 4854 Et
2239 4801 2349 4854 haec
2376 4800 2447 4853 ita
2473 4814 2531 4853 se
2560 4799 2756 4852 habere
2783 4797 2934 4866 vulgo
2961 4796 3081 4850 licet
3112 4794 3179 4847 ab
3207 4790 3465 4847 universis

1546 4989 1773 5045 VARIA‘J
1813 4988 2211 5045 LECTIONES.

367 5148 408 5180 "
430 5148 581 5201 Fort.
613 5146 716 5199 cfr.
742 5145 935 5200 Jerem.
964 5160 1002 5205 ι,
1037 5142 1069 5195 5
1098 5160 1111 5195 :
1144 5144 1255 5212 Πρὸ
1277 5143 1368 5194 τοῦ
1396 5159 1461 5211 με
1483 5142 1681 5197 πλάσαι
1716 5161 1773 5196 σε
1798 5145 1854 5196 ὲν
1882 5144 2073 5212 κοιλίᾳ.
2136 5141 2458 5212 ⁶³όῂπλάσων
2484 5141 2547 5195 C.

1065 5207 1295 5280 ποτίζειν
1328 5207 1415 5262 τὸν
1440 5212 1759 5280 παράδεισον
1783 5229 1795 5242 ο
1829 5207 2041 5264 ἐκεῖθεν
2071 5209 2378 5280 ἀφορίζεται
2424 5212 2501 5271 είς
2528 5207 2789 5280 τέσσαρας
2817 5208 3006 5280 ἀρχάς.

1118 5274 1768 5356 δ”-ξξῌὶπειταὶ-έέμφύεται
1796 5274 2402 5356 sigpqiaéunasomissg
2413 5294 2583 5356 .suspz
2602 5274 2801 5356 Christ.
2831 5274 3099 5356 Petersen,
3121 5274 3240 5353 coll:
3266 5275 3465 5356 Galerio

295 5214 349 5265 66
376 5213 738 5283 ἐκπορεύεται
767 5215 821 5277 ἐξ
863 5212 1021 5331 Ἐδὲῦ

297 5282 340 5311 ⁸⁸
370 5280 852 5331 παοατεταγιιέναι
878 5281 939 5331 C.

291 5282 340 5341 ,⁸⁸
370 5280 856 5350 παρατεταγμέναιῄ
878 5281 939 5339 C,
972 5280 1043 5341 Μ,

2618 5140 2663 5173 ⁸⁵
2687 5141 2767 5194 Cf.
2794 5156 2810 5194 ι
2844 5140 2972 5193 Mos.
3008 5154 3068 5202 tt,
3096 5138 3193 5192 10:
3227 5136 3467 5205 Ποταμὺς

2618 5225 2789 5267 ’σαρας
2817 5208 3006 5267 ἀρχάς.
3107 5207 3149 5237 ⁸³
3176 5204 3378 5267 ποτίζει
3401 5206 3462 5257 C.

3246 5224 3378 5258 τιςει
3401 5224 3462 5257 [Δ.

303 5350 354 5398 in
387 5343 645 5416 lli'ppocr.
671 5343 760 5397 'De
789 5348 1049 5416 Alimenta
1073 5360 1126 5416 ρ.
1154 5344 1256 5416 gi“)
1282 5348 1363 5416 eti.
1391 5343 1678 5416 Citafi.:\'l,
1716 5363 1767 5413 p.
1924 5345 2100 5416 Κᾱίιῃ.
2135 5360 2258 5416 xv.__
2297 5344 2340 5374 ⁸⁸
2371 5343 2975 5416 ᾄξειείὶξὶηιυξρίοουηαῃι
3000 5344 3105 5416 lion
3126 5343 3464 5416 potiusAloco

291 5488 409 5565 “ius.

292 5547 415 5606 30m.
444 5549 507 5611 C,
538 5547 610 5600 Μ.

302 5406 470 5481 ιιιιδιιί
494 5406 506 5416 ’
528 5424 615 5467 ost
636 5413 1009 5479 ἐπιγάστριον,
1042 5406 1127 5463 ubi
1160 5409 1229 5461 Μ.
1309 5413 1352 5443 ⁶⁹
1382 5406 1783 5480 περιλαϐοῦσαι.
1806 5415 1902 5483 μὲν
1922 5412 2175 5466 λαϐοῦσαι
2220 5412 2281 5476 C,
2311 5406 2660 5465 συλλαϐοῦσαι
2685 5411 2755 5475 Μ,
2790 5406 3178 5480 μεταλαϐοῦσαι
3210 5409 3271 5462 R.
3312 5406 3463 5461 Scut-

303 5488 383 5513 Ιιια
483 5431 532 5513 1‘:
567 5481 856 5513 I‘n'nnﬂllm
900 5476 1067 5513 Iun-Mm
1136 5486 1184 5513 nl
1214 5493 1275 5513 ογ
1307 5482 1643 5513 canna-nilum
1686 5481 1882 5513 Ιῖηιιίιιη
1921 5488 2129 5513 nnnnrnl
2188 5480 2230 5513 II
2257 5497 2269 5507 ο
2310 5481 2446 5513 ηΙΙΛΑ
2494 5494 2643 5513 ειη-ηρ
2670 5489 2743 5513 ncl
2839 5480 2881 5510 τι
2914 5480 2965 5513 ηδ
2995 5488 3115 5513 nnln
3165 5475 3461 5513 ἑπινηηιηιιὶ

564 5475 1085 5549 υειοῃόιιεηξάκοὴν,
1110 5486 1275 5549 _ut_ex
1307 5475 1645 5549 sequentibus
1686 5475 1882 5549 liquido
1920 5480 2232 5549 δριμεῖαι-Μ
2257 5475 2275 5545 ;⁷
2310 5481 2447 5549 quod
2494 5489 2767 5549 secusest.
2792 5475 2881 5549 'u“
2914 5480 2967 5529 αί
2994 5488 3140 5549 ιιιιιςξΔ
3164 5475 3462 5549 ἐπιγραφαὶ

689 5546 736 5577 τ’
770 5548 830 5597 'H
856 5540 1148 5611 ἐπιγραφή.
1172 5540 1242 5594 Αὖ
1274 5540 1453 5615 γραφὴ
1474 5548 1535 5609 C,
1564 5545 1637 5600 Αῦ
1663 5540 1931 5617 ὲπίγραφὴ
1954 5540 2102 5615 ἐῖιδρ.
2134 5546 2201 5599 Μ.
2258 5540 2435 5599 ’⁷³ὈῘ.
2464 5561 2581 5599 cum
2619 5547 2699 5601 bis
2728 5546 2765 5600 ll
2796 5545 2926 5601 Mos.
2957 5559 3044 5608 xv,
3078 5544 3269 5599 22-26.
