3846 6524
275 363 410 428 3451

1425 375 1712 435 CONTRA
1751 377 2103 437 H/ERESES
2139 379 2278 436 LIB.
2316 379 2385 440 X.

3349 365 3506 442 3452'

279 465 424 524 οὗτοι
459 473 749 542 προφῆται
769 477 1073 548 κέκληνται
1100 480 1159 532 τὸ
1180 479 1266 532 διά
1289 481 1605 550 προφαίνειν
1629 484 1696 536 τὰ
1731 483 1847 552 μέλ-

1962 498 2022 539 tae
2058 488 2224 552 vocali
2256 497 2397 550 sunt,
2441 487 2561 553 quia
2603 493 3014 554 prtemonstrant
3060 486 3251 538 futura.
3289 486 3487 551 Quibus

284 575 463 617 Αοντα.
494 561 575 631 [p.
608 565 741 619 557.
777 566 934 637 358.]
963 565 1057 631 Οἷς
1080 569 1174 638 οὑχ
1205 569 1321 632 ἐνὸς
1345 573 1531 640 καιροῦ
1560 573 1712 638 λόγος
1734 573 1857 638 ἐγέ-

289 666 422 712 νετο,
453 650 596 704 ἀλλά
624 653 721 706 διὰ
754 657 948 709 πασῶν
978 658 1174 724 γενεῶν
1223 661 1278 710 at
1312 660 1420 711 τῶν
1451 662 1857 729 προλεγομένων

286 739 462 802 φωναὶ
509 740 908 797 εὑαπόδεικτοι
959 747 1311 815 ’παρίσταντο⁸
1367 749 1463 800 οὑκ
1513 751 1628 801 ἐκεῖ
1677 750 1854 818 μόνον,

289 826 446 893 ἡνίκα
484 832 603 891 τοῖς
638 833 919 901 παροῦσιν
945 834 1322 904 ἀπεκρίναντο,
1353 837 1485 888 ἀλλά
1515 838 1608 888 καὶ
1632 837 1716 889 διά
1749 854 1852 890 πα-

285 910 394 963 σῶν
419 914 635 980 γενεῶν
664 918 740 969 τὸ.
772 920 1004 987 ἐσόμενα
1043 923 1434 990 προεφήναντο·
1471 923 1557 974 ὁτὲ
1584 924 1602 952 ²
1634 924 1730 991 μὲν
1753 923 1855 975 τά³

283 1004 674 1071 παρῳχημένα
722 1006 975 1073 λέγοντες
1018 1010 1427 1079 ὑπεμίμνησκον
1452 1011 1548 1079 τὴν
1579 1013 1852 1081 ἀνθρωπό-

288 1104 452 1157 ιηταο
480 1092 554 1143 τά
583 1093 646 1144 δὲ
670 1095 949 1146 ἐνεστῶτα
969 1096 1284 1160 δεικνύντες,
1318 1098 1389 1168 μὴ
1421 1099 1677 1168 ῥᾳθυμεῖν
1705 1100 1852 1152 ἕπει-

281 1175 375 1229 θον
395 1194 408 1206 ·
438 1179 513 1231 τά
538 1179 598 1232 δὲ
625 1180 897 1248 μέλλοντα
920 1184 1286 1252 προλέγοντες,
1309 1188 1398 1237 τὸν
1424 1187 1560 1239 κατά
1578 1187 1672 1238 ἕνα
1699 1189 1853 1257 ήμῶν

279 1265 540 1333 ὁρῶντας
594 1270 710 1338 πρὸ
765 1270 960 1322 πολλοῦ
1012 1273 1373 1342 προειρημένα
1421 1275 1687 1343 ἐμφόὸους
1724 1276 1853 1328 καθ-

282 1352 453 1406 ίστων
471 1356 516 1418 ⁸,
549 1358 979 1425 προσδοκῶντας
1012 1361 1103 1412 καὶ
1133 1362 1202 1412 τά
1253 1362 1528 1430 μέλλοντα.
1564 1364 1851 1433 Τοιαύτηή

280 1442 408 1496 καθ’
443 1445 600 1512 ἡμᾶς
654 1447 868 1512 πίστις,
917 1442 962 1500 ὦ
995 1450 1189 1509 πάντες
1236 1451 1524 1519 ἄνθρωποι,
1572 1453 1631 1503 οὑ
1682 1455 1851 1514 κενοῖς

283 1535 499 1604 ῥήμασι
531 1537 906 1605 πειθομένων,
929 1539 1045 1591 οὑδὲ
1084 1540 1434 1608 σχεδιάσμασι
1473 1543 1692 1607 καρδίας
1731 1559 1852 1594 συν-

286 1623 739 1696 αρπαζομένων,
766 1627 883 1678 οὑδὲ
905 1627 1216 1696 πιθανότητι
1245 1629 1490 1690 εὐεπείας
1509 1630 1679 1696 λόγων
1734 1629 1850 1681 θελ-

281 1713 574 1781 γομένων,
620 1715 768 1768 ἀλλά
812 1715 1036 1783 δυνάμει
1077 1716 1193 1785 θείᾳ
1238 1715 1414 1784 λόγοις
1468 1717 1847 1786 λελαλημένοις

1955 587 2057 623 non
2105 571 2259 640 542
2282 602 2304 613 -
2325 571 2478 642 543
2511 586 2610 624 una
2638 583 2795 625 aetate
2825 587 3000 627 sermo
3033 571 3199 626 factus
3229 582 3311 624 est
3331 613 3344 635 ,
3396 575 3486 626 sed

1956 676 2049 728 per
2081 677 2265 714 mnnes
2299 662 2665 728 generationes
2694 671 2817 714 ante
2865 662 3124 714 dictorum
3166 676 3325 714 voces
3365 677 3505 733 con-_

1955 750 2150 815 spicum
2177 750 2399 801 aderant
2428 767 2440 801 :
2473 764 2576 800 non
2612 760 2719 801 tum
2771 749 2939 802 solum
2967 786 2982 811 ,
3017 750 3226 816 quando
3262 763 3491 815 prmsen-

1956 835 2095 888 tibus
2139 836 2560 903 respondebant,
2596 837 2687 890 sed
2733 837 2891 889 etiam
2933 850 3028 903 per
3059 851 3242 889 omnes
3268 851 3491 903 genera-

1957 925 2128 977 tiones
2153 925 2323 975 futura
2356 936 2753 991 praemonstrata
2794 933 2914 977 sunt
2942 940 2956 975 :
2988 933 3094 976 tum
3119 925 3324 991 quidem
3351 937 3489 987 prae-

1957 1013 2107 1066 terita
2133 1014 2366 1066 dicentes
2394 1015 2442 1066 in
2476 1014 2788 1067 memoriam
2823 1028 3006 1067 eorum
3051 1014 3373 1066 reducebant
3402 1027 3491 1080 ge—

1955 1118 2053 1156 nus
2084 1105 2414 1157 humanum:
2464 1104 2745 1170 praesentia
2793 1113 2966 1155 autem
3015 1110 3374 1154 monstrantes
3423 1114 3490 1153 ne

1953 1190 2203 1243 incuriosi
2234 1199 2411 1243 essent
2435 1191 2747 1255 suadebant,
2784 1191 2958 1244 futura
2993 1198 3168 1242 autem
3195 1189 3488 1256 praedicen-

1955 1287 2032 1331 tes
2057 1278 2289 1345 singulos
2322 1287 2558 1331 nostrum
2593 1278 2761 1332 oculis
2787 1288 3064 1332 cernentes
3096 1292 3177 1340 ea,
3208 1291 3324 1345 quae
3352 1276 3485 1329 mul-

1954 1373 2007 1416 to
2048 1373 2281 1432 tempore
2317 1374 2438 1419 ante
2467 1365 2717 1431 prtedicta
2750 1374 2910 1430 sunt,
2954 1364 3267 1432 perterritos
3305 1365 3489 1417 redde-

1953 1455 2101 1516 bant,
2140 1462 2508 1520 exspectantes
2528 1453 2792 1507 etfutura.
2836 1453 2978 1506 Talis
3011 1463 3187 1508 nostra
3218 1462 3296 1506 est
3337 1455 3486 1517 fides,

1952 1556 1983 1588 (ι
2012 1540 2252 1593 homines
2291 1540 2561 1605 universi,
2618 1541 2708 1608 qui
2749 1555 2852 1594 non
2905 1540 3055 1593 vanis
3107 1541 3283 1594 verbis
3331 1540 3487 1595 fidem

1952 1629 2227 1691 habemus,
2248 1643 2416 1697 neque
2433 1630 2704 1683 subitariis
2724 1630 2898 1683 cordis
2925 1630 3153 1684 motibus
3179 1630 3486 1697 abripimur,

1954 1731 2124 1784 neque
2178 1717 2447 1770 blanditiis
2498 1718 2756 1772 facundia:
2809 1733 3117 1772 sermonum
3175 1720 3486 1784 muli-emur,

278 1804 387 1855 οὑκ
437 1804 853 1858 ἀπειθούντων.
889 1805 996 1856 Καὶ
1037 1805 1206 1858 ταῦτα
1241 1805 1371 1867 Θεὸς
1417 1806 1631 1857 ἐκέλευε
1672 1805 1846 1871 Λόγῳ.

1949 1810 2040 1857 sed
2070 1805 2117 1857 vi
2157 1805 2328 1857 divina
2362 1806 2537 1858 verbis
2570 1806 2725 1859 dictis
2781 1806 2932 1859 [idem
2981 1821 3084 1860 non
3143 1808 3484 1874 denegamus.

291 1890 352 1943 '0
380 1891 440 1943 δέ
464 1892 647 1958 Λόγος
689 1891 986 1960 ἐφθέγγετο
1016 1891 1203 1957 Λέγων,
1245 1892 1310 1943 δι’
1343 1892 1517 1944 αὑτῶν
1540 1891 1561 1922 ⁸
1595 1891 1847 1961 ἐπιστρέ-

281 1994 403 2044 φων
459 1979 557 2030 τὸν
608 1978 904 2047 ἄνθρωπον
947 1980 1010 2030 ἐκ
1059 1981 1356 2047 παρακοῆς,
1395 1978 1455 2028 οὑ
1485 1978 1574 2047 βίᾳ
1610 1979 1850 2045 ἀνάγκης

283 2065 695 2134 δουλαγωγῶν,
726 2067 841 2118 ἀλλ’
870 2067 954 2118 ἐπ’
983 2066 1290 2134 ἐλευθερίαν
1318 2067 1545 2136 ἑκουσίῳ
1591 2067 1848 2136 προαιρέ-

280 2155 406 2204 ast‘
441 2153 660 2208 καλῶν.
697 2153 898 2205 Τοῦτον
924 2153 1011 2206 τὸν
1035 2153 1201 2220 Λόγον
1231 2155 1287 2204 ἐν
1317 2153 1559 2222 ὑστέροις
1592 2153 1850 2206 ἀπέστελ·

283 2241 376 2294 λεν
405 2243 436 2294 6
487 2241 714 2310 Πατὴρ,
751 2241 929 2293 οὐκέτι
976 2241 1061 2292 διά
1086 2243 1358 2310 προφήτου
1408 2241 1603 2306 λαλεῖν,
1631 2241 1690 2292 οὑ
1721 2258 1846 2293 σκο-

281 2330 481 2392 τεινῶς
510 2331 929 2400 κηρυσσόμενον
984 2329 1320 2380 ὑπονοεῖσθαι
1355 2329 1539 2390 θέλων,
1575 2328 1692 2380 ἀλλ’
1723 2329 1849 2380 αὑτ-

283 2420 411 2486 ςψεὶ
447 2419 838 2489 φανερωθῆναι
868 2417 1051 2470 τοῦτον
1087 2417 1277 2482 λέγων,
1308 2418 1432 2469 ίνα⁷
1469 2417 1669 2484 κόσμος
1708 2416 1847 2485 ὀρῶν

281 2508 600 2577 δυσωπηθῇ
633 2509 739 2560 οὑκ
772 2506 1143 2575 ἐντελλόμενον
1179 2506 1266 2557 διά
1304 2506 1592 2574 προσώπου
1635 2523 1847 2575 προφη-

289 2597 427 2657 τῶν.
473 2598 603 2650 οὑδὲ
640 2596 712 2648 δι’
743 2594 970 2662 ἀγγέλου
1011 2593 1274 2660 φοϐοῦντα
1308 2593 1503 2661 ψυχὴν,
1544 2593 1656 2644 ἀλλ’
1690 2593 1847 2645 αὑτὸν

287 2687 546 2756 παρόντα
593 2687 690 2738 τδν
727 2684 1072 2752 λελαληκότα.
1113 2682 1309 2735 Τοῦτον
1355 2682 1592 2750 ἔγνωμεν
1614 2683 1676 2732 ἐκ
1707 2682 1848 2749 Παρ-

289 2775 449 2829 θένου
488 2776 659 2843 σῶμα
700 2773 1023 2841 ἀνειληφότα
1073 2773 1164 2824 καὶ
1193 2772 1282 2822 τὸν
1316 2770 1536 2823 παλαιὸν
1568 2769 1846 2838 ἄνθρωπον

293 2862 386 2914 διά
412 2866 615 2930 καινῆς
640 2861 886 2922 πλάσεως
909 2860 1251 2928 πεφορηκότα
1276 2859 1318 2921 ⁸,
1348 2860 1404 2908 ὲν
1439 2856 1536 2924 βίῳ
1558 2856 1644 2908 διὰ
1671 2857 1847 2924 πάσης

285 2949 511 3018 ἡλικίας
541 2948 864 3016 ἐληλυθότα,
896 2947 981 2998 ἵνα
1008 2947 1155 3016 πάσῃ
1182 2945 1362 3014 ἡλικίᾳ
1389 2944 1543 3004 αὐτὸς
1567 2943 1724 3012 νόμος
1755 2960 1847 3011 γε-

283 3039 424 3109 νηθῇ
459 3039 559 3092 καὶ
596 3037 801 3089 σκοπὸν
851 3037 942 3088 τὸν
975 3036 1099 3087 ἴδιον
1132 3035 1411 3104 ἄνθρωπον
1449 3035 1609 3084 πᾶσιν
1636 3031 1846 3102 ἀνθρώ-

284 3091 424 3190 πὲιξ
446 3125 703 3195 ἐπιδείξῃ
733 3125 940 3194 παρὼν,
974 3125 1065 3176 καὶ
1089 3124 1152 3175 δι’
1173 3091 1335 3176 αὑτοῦ
1364 3122 1574 3193 ἐλέγξῃ,
1598 3122 1677 3174 ὅτι
1713 3091 1845 3191 μηδέ
1871 3091 1916 3152 C

285 3217 550 3285 ἐποίησεν
597 3216 629 3266 6
658 3215 789 3274 Θεὸς
817 3212 1070 3282 πονηρὸν,
1118 3211 1211 3263 καὶ
1237 3212 1312 3272 ῶς
1341 3210 1562 3276 αὑτεξού
1581 3227 1690 3271 σιος
1717 3212 1744 3262 6
1765 3210 1848 3262 ἀν-

289 3305 513 3375 θρωπος
536 3303 715 3372 ἔχων⁹
741 3301 800 3353 τὸ
819 3301 987 3352 θέλειν
1011 3299 1100 3352 καὶ
1122 3301 1180 3350 τὸ
1213 3299 1285 3367 μὴ
1316 3297 1505 3361 θέλειν,
1526 3299 1748 3360 δυνατὸς
1771 3297 1846 3348 ὢν

287 3395 348 3445 ἐν
371 3394 740 3462 ἀμφοτέροις·
774 3388 959 3440 τοῦτον
985 3387 1266 3456 ἄνθρωπον
1290 3387 1331 3417 ¹⁰
1360 3387 1513 3453 ῐσμεν
1542 3384 1648 3456 [ἐκ]
1683 3387 1776 3438 τοῦ
1802 3388 1841 3417 ¹¹

288 3481 414 3534 καθ’
451 3483 609 3549 ἡμᾶς
654 3478 968 3546 φυράματος
1022 3475 1383 3542 γεγονέναι¹⁸.
1435 3474 1494 3524 Et
1538 3473 1645 3542 γὰρ
1677 3474 1749 3542 μὴ
1782 3475 1845 3524 ἐκ

286 3569 384 3621 τοῦ
441 3567 616 3622 αὑτοῦ
663 3563 892 3633 ὑπῆρξε,
939 3564 1114 3632 μάτην
1170 3562 1446 3631 νομοθετεῖ
1476 3561 1517 3592 ⁸³
1565 3561 1844 3631 μιμεῖσθαι

290 3660 380 3710 τὸν
425 3655 772 3711 διδάσκαλον.
810 3653 872 3705 Et
901 3653 1007 3720 γὰρ
1040 3653 1239 3713 ἐκεῖνος
1269 3653 1296 3702 6
1342 3650 1621 3720 ἄνθρωπος
1653 3649 1844 3718 ἐτέρας

292 3747 598 3815 ἐτύγχανεν
647 3740 850 3804 οὐσίας,
903 3740 954 3792 τί
1015 3739 1082 3790 τά
1128 3741 1287 3807 ὅμοια
1344 3738 1555 3789 κελεύει
1591 3737 1713 3806 ἐμοὶ
1766 3737 1844 3806 τῷ

291 3835 514 3886 ἀσθενεῖ
568 3828 852 3897 πεφυκότι,
883 3827 995 3880 καὶ
1031 3827 1145 3888 πῶς
1192 3820 1345 3886 οὗτος
1387 3823 1586 3890 ἀγαθὸς
1641 3823 1733 3875 καὶ
1765 3822 1844 3874 δίο

294 3938 486 3985 καιος;
535 3921 654 3971 Ἵνα
677 3917 733 3969 δέ
767 3915 840 3985 μὴ
881 3915 1064 3987 έτερος
1107 3918 1235 3986 παρ’
1277 3917 1425 3986 ἡμᾶς
1463 3917 1716 3986 νομισθῇ,
1751 3917 1843 3970 καὶ

295 4008 372 4078 [p.
408 4009 538 4062 3'58.
575 4003 722 4075 539.]
754 4005 995 4073 κάματον
1042 4005 1318 4075 ὑπέμεινε,
1358 4006 1452 4058 καὶ
1492 4009 1682 4075 πεινῆν
1714 4006 1840 4075 ἠθέ-

296 4101 449 4168 λησε,
476 4098 576 4150 καὶ
600 4096 756 4164 διψῇν
773 4096 816 4127 ⁸⁸
843 4096 940 4147 οὑκ
961 4095 1251 4163 ἠρνήσατο,
1285 4093 1376 4146 καὶ
1404 4094 1552 4162 ὕπνῳ
1573 4094 1837 4163 ἠρέμησε,

298 4188 398 4238 καὶ
446 4186 614 4240 πάθει
647 4186 745 4238 οὑκ
774 4185 1014 4246 ἀντεῖπε,
1045 4184 1134 4236 καὶ
1165 4183 1376 4252 θανάτῳ
1409 4185 1704 4252 ὑπήκουσε,
1748 4183 1844 4236 καὶ

295 4274 596 4328 ἀνάστασιν
619 4272 977 4340 ἐφανέρωσεν,
1001 4271 1377 4341 ἀπαρξάμενος
1399 4272 1455 4322 ἐν
1479 4274 1610 4323 πᾶσι
1638 4270 1843 4333 τούτοις

1949 1891 2017 1944 Et
2062 1891 2173 1943 haec
2209 1891 2342 1944 Deus
2375 1890 2520 1959 Logo
2552 1891 2861 1957 imperabat.
2897 1891 3069 1960 Logus
3099 1903 3272 1945 autem
3309 1893 3489 1958 loque—

1949 1979 2124 2043 batur,
2151 1994 2243 2048 per
2274 1968 2433 2034 verba
2461 1989 2778 2033 convertens
2804 1981 3068 2035 hominem
3088 1981 3155 2034 ab
3177 1982 3489 2035 inobedien-

1950 2070 2059 2131 tia,
2111 2081 2214 2120 non
2273 2069 2323 2120 vi
2379 2068 2715 2122 necessitatis
2757 2071 2808 2122 in
2852 2071 3164 2123 servitutem
3225 2071 3486 2137 redigens,

1947 2156 2038 2210 sed
2067 2156 2132 2208 ad
2159 2156 2457 2209 libertatem
2489 2155 2788 2210 voluntario
2833 2157 3051 2210 consilio
3079 2171 3294 2211 vocans.
3341 2157 3491 2211 llunc

1949 2244 2149 2311 Logum
2211 2243 2595 2309 posterioribus
2652 2242 2978 2310 temporibus
3039 2245 3277 2296 mittebat
3311 2242 3486 2307 Pater,

1949 2345 2051 2382 non
2093 2330 2320 2397 amplius
2363 2344 2458 2397 per
2486 2330 2796 2396 praphetam
2851 2329 2990 2394 loqui
3045 2344 3213 2398 neque
3264 2331 3489 2384 obscure

1947 2416 2286 2484 praedicatum
2336 2415 2651 2484 subintelligi
2691 2430 2810 2468 eum
2843 2416 3022 2469 volens
3047 2454 3061 2477 ,
3093 2418 3182 2470 sed
3230 2420 3342 2484 ipso
3372 2419 3485 2471 visu

1946 2502 2254 2569 apparuisse
2284 2501 2424 2556 hunc
2455 2502 2592 2564 dico,
2635 2511 2690 2555 ut
2719 2501 2946 2554 mundus
2976 2517 3096 2554 eum
3123 2503 3305 2557 videns
3337 2519 3488 2557 reve-

1950 2601 2159 2646 reretur
2214 2606 2318 2645 non
2363 2606 2459 2659 per
2511 2592 2797 2660 prophetas
2833 2593 3268 2659 praecipientem,
3316 2608 3488 2659 neque

1948 2693 2040 2747 per
2072 2678 2314 2746 angelum
2369 2687 2656 2732 terrentem
2709 2679 2977 2743 animum,
3013 2681 3104 2733 sed
3137 2682 3305 2747 ipsum
3352 2698 3483 2747 prae-

1947 2777 2149 2820 sentem
2185 2767 2273 2834 qui
2305 2766 2511 2820 locutus
2539 2776 2641 2820 est.
2678 2765 2829 2822 llunc
2883 2769 3223 2834 cognovimus
3254 2785 3318 2822 ex
3365 2769 3486 2821 Vir-

1946 2857 2068 2924 gine
2096 2870 2288 2922 corpus
2318 2856 2668 2921 assumpsisse
2705 2865 2759 2907 et
2799 2855 3032 2909 veterem
3080 2857 3344 2910 hominem
3395 2873 3489 2925 per

1946 2958 2132 2996 novam
2173 2944 2536 2997 formationem
2585 2954 2821 3012 gestasse
2846 2984 2860 3008 ,
2896 2945 2945 2996 in
2979 2946 3080 2996 vita
3111 2959 3205 3011 per
3225 2960 3487 3012 quamque
3588 2960 3600 2972 ·

1947 3043 2159 3087 atatem
2207 3034 2450 3093 venisse,
2505 3042 2562 3085 ut
2612 3031 2801 3100 cuique
2848 3033 2988 3086 aetati
3047 3033 3275 3099 ipseiex
3314 3033 3484 3096 ﬁeret,

1947 3122 2210 3189 finemque
2235 3136 2388 3175 suum
2414 3121 2684 3189 proprium
2727 3121 2992 3175 hominem
3040 3120 3285 3174 omnibus
3312 3121 3487 3174 homi-

1945 3213 2101 3264 nibus
2138 3212 2440 3265 ostenderet
2473 3225 2729 3280 praasens,
2783 3220 2836 3265 et
2871 3224 2964 3278 per
3008 3210 3357 3278 semetipsum
3391 3226 3482 3262 ar-

1948 3307 2138 3366 gueret
2174 3297 2304 3350 nihil
2348 3296 2539 3352 fecisse
2585 3299 2746 3351 Deum
2780 3298 2942 3361 mali,
2981 3312 3036 3351 et
3069 3312 3177 3352 sum
3209 3301 3487 3368 potestatis

1942 3401 2064 3441 esse
2095 3387 2383 3450 hominem,
2440 3388 2529 3454 qui
2583 3388 2751 3454 possit
2790 3387 2923 3440 velle
2972 3397 3026 3440 et
3068 3387 3237 3451 nolle,
3269 3404 3389 3441 cum
3420 3389 3485 3440 ad

1945 3480 2225 3538 utrumque
2268 3473 2477 3537 valeat;
2529 3475 2667 3526 hunc
2703 3474 2967 3526 hominem
2997 3473 3195 3526 scimus
3220 3489 3284 3526 ex
3308 3483 3484 3527 nostra

1946 3576 2117 3614 massa
2148 3563 2345 3613 t'actum
2377 3577 2514 3616 esse.
2568 3560 2677 3615 Nisi
2720 3563 2860 3615 enim
2907 3576 2972 3613 ex
3023 3563 3206 3615 eadem
3259 3565 3482 3627 exstitit,

1944 3647 2136 3700 frustra
2168 3647 2335 3713 legem
2369 3647 2473 3699 fert
2511 3647 2747 3698 imitandi
2797 3655 3194 3715 przeceptorem.
3241 3647 3294 3701 Si
3341 3650 3483 3700 cnim

1943 3733 2031 3788 ille
2061 3734 2220 3787 homo
2247 3734 2384 3789 alius
2429 3733 2564 3788 forte
2609 3740 2726 3787 erat
2771 3735 3120 3798 substantia,
3164 3749 3260 3788 cur
3293 3735 3484 3788 similia

1943 3822 2171 3889 imperat
2201 3822 2329 3874 mibi
2363 3821 2522 3875 debili
2559 3831 2704 3886 nato,
2751 3831 2804 3876 et
2838 3811 3101 3890 quomodo
3128 3823 3213 3876 hic
3237 3823 3405 3876 bonus
3432 3833 3486 3874 et.

1936 3909 2146 3977 justus?
2170 3909 2246 3963 Ne
2264 3894 2440 3963 autem
2469 3910 2712 3964 diversus
2739 3923 2766 3962 a
2792 3911 2945 3964 nobis
2969 3919 3298 3973 censeretur,
3323 3911 3484 3963 etiam

1942 3999 2173 4052 laborem
2206 3999 2460 4053 sustinuit
2488 4006 2541 4052 et
2565 3998 2764 4069 544.-
2785 3985 2942 4069 545
2992 4001 3197 4054 esurire
3226 3999 3391 4052 voluit
3431 4011 3485 4052 et

1942 4087 2092 4141 sitire
2126 4103 2226 4139 non
2256 4085 2521 4141 recusavit
2556 4096 2610 4140 et
2662 4103 2847 4140 somno
2895 4089 3097 4155 quievit
3145 4098 3199 4140 et
3251 4089 3482 4156 passioni

1943 4192 2044 4230 non
2064 4177 2375 4244 repugnavit
2397 4185 2448 4229 et
2471 4177 2627 4229 morti
2652 4178 3037 4246 obtemperavit
3057 4187 3108 4230 et
3141 4178 3486 4231 resurrectio-

1943 4281 2061 4320 nem
2121 4265 2519 4329 manifestavit,
2571 4275 2820 4334 tanquam
2858 4268 3120 4335 primitias
3151 4267 3380 4321 offerens
3431 4269 3484 4320 in

296 4366 390 4415 τὸν
454 4364 587 4415 ἴδιον
642 4361 941 4429 ἄνθρωπον,
994 4361 1080 4413 ἵνα
1115 4363 1176 4413 σὺ
1235 4361 1454 4428 πάσχων
1490 4360 1562 4428 μὴ
1609 4360 1837 4428 ἀθυμῇς,

1948 4354 2027 4406 bis
2049 4354 2296 4407 omnibus
2313 4353 2584 4421 proprium
2606 4370 2758 4407 suum
2791 4356 3080 4418 hominem,
3106 4365 3163 4408 ut
3190 4366 3244 4409 tu
3277 4356 3486 4422 patiens

294 4450 412 4503 ἀλλ’
465 4448 748 4516 ἄνθρωπον
769 4447 810 4476 ⁸³
865 4447 1081 4498 σεαυτὸν
1125 4447 1416 4515 ὁμολογῶν,
1472 4447 1769 4513 προσδοκᾷς
1797 4448 1839 4477 (⁸

299 4538 394 4591 καὶ
420 4537 486 4589 σὺ
514 4535 546 4588 ὃ
571 4533 744 4587 τούτω
769 4535 1036 4602 παρέσχες
1058 4536 1120 4590 ⁸⁷.

1949 4456 2014 4493 ne
2042 4442 2276 4491 animum
2309 4443 2635 4506 despondeas
2660 4481 2674 4500 ,
2709 4444 2802 4495 sed
2836 4443 3103 4498 hominem
3151 4445 3483 4511 temetipsum

1949 4529 2202 4597 profitens
2239 4538 2516 4597 exspectes
2548 4538 2600 4581 et
2632 4539 2708 4594 tu,
2754 4545 2869 4597 qua:
2899 4532 3021 4583 huic
3043 4531 3345 4584 exhibuisti.

1552 4701 1782 4755 VARIZE
1819 4699 2212 4754 LECTIONES.

308 4874 579 4945 ἐνεστῶτα
607 4873 708 4945 καὶ.
731 4874 797 4924 τὰ
829 4873 1090 4945 μέλλονταΔ
1105 4871 1535 4945 ἀπαγγείλαντες
1561 4868 1825 4945 (εἷπονμ-
1846 4871 2183 4945 ἀπήγγειλαν
2216 4870 2515 4945 quotanum
2545 4875 2840 4945 ωειλ-..να
2871 4876 2944 4945 μὴ
2975 4878 3131 4943 μόνον
3159 4878 3485 4945 πρόσκαιρος

305 4938 446 4995 εἶναι
479 4944 509 4993 ὁ
539 4938 1037 5009 προφήτηςδειχθῇ,
1067 4941 1202 4992 ἀλλά
1229 4941 1322 4992 καὶ
1348 4941 1548 5001 πάσαις
1571 4938 1783 5006 γενεαῖς
1803 4958 1842 4991 π

308 5011 559 5077 νομισθῇ.
633 5011 653 5039 ‘
685 5009 771 5061 6τέ
799 5009 872 5077 Β.
899 5011 1130 5077 Scottus,
1164 5009 1337 5077 anno,
1484 5009 1842 5077 Bunﬂseniusg

308 5028 559 5078 νομισυῃ.

633 5011 653 5039 ‘
685 5007 864 5061 δτειι.
899 5007 1130 5070 smnus,
1164 5009 1245 5059 ὅτι
1278 5009 1337 5071 C,
1369 5007 1442 5063 Μ.
1484 5009 1803 5069 Bunsenius,
1837 5007 1894 5058 έτ

311 5080 331 5108 ⁸
354 5072 621 5130 καθιστῶν
644 5077 703 5130 C.
778 5078 798 5107 ⁵
823 5076 1012 5142 λέγων,
1045 5076 1112 5126 δι’
1145 5075 1340 5128 αὑτῶν.
1369 5075 1436 5126 δι’
1470 5075 1644 5127 αὑτῶν
1671 5076 1776 5127 τῶν
1803 5076 1973 5139 λόγων
2016 5074 2331 5142 Βιιηεθηίυε.
2353 5072 2521 5138 λέγων
2544 5072 2559 5136 ζ
2588 5075 2674 5127 διὰ
2701 5075 2868 5142 λόγων

1879 4938 2077 5004 ολέγων
2098 4939 2162 4990 τά
2186 4938 2441 5017 μέλλρντα
2463 4938 2688 5006 ἀληθῶς
2697 4940 2793 5059 Si);
2830 4938 3009 5012 codd.)
3039 4938 3316 5013 προφήτης
3344 4938 3481 4999 εἶναι

1879 5024 1916 5058 ιι
1941 5006 2418 5059 Wordsworthtus.
2494 5009 2514 5038 ³
2545 5008 2639 5059 μὲν
2665 5025 2694 5059 τ
2737 5047 2750 5058 .
2776 5009 2844 5059 τὰ
2887 5011 2983 5059 ιιὲν
3017 5026 3158 5059 susn-
3190 5013 3479 5059 Roenerns-

1901 5006 2418 5076 twordsworthius.
2494 5009 2514 5038 ³
2543 5008 2639 5076 μὲν
2665 5006 2750 5059 τά.

2776 5009 2844 5061 τὰ
2885 5009 2997 5130 μὲν
3011 5009 3158 5109 susp;
3190 5009 3479 5098 Roeperus.

2776 5093 2868 5130 (ων
3064 5081 3132 5130 ἐπ
3179 5081 3479 5130 ὲλευθεοιαν

3064 5081 3150 5130 ἐπ’
3171 5081 3484 5150 ἐλευθερίαν

309 5146 536 5213 ἑκουσίῳ
561 5144 872 5215 προαιρέσει
897 5141 983 5215 Β,
1006 5211 1017 5215 _
1047 5144 1280 5215 Scottus,
1307 5159 1461 5210 quem
1515 5154 1725 5215 secutus
1758 5154 1842 5215 est
1878 5143 2171 5215 Bunsenius
2193 5141 2325 5215 ,“é'n:
2369 5141 2644 5215 ἐλευθερία
2676 5141 2920 5215 ἑκουσίῳ,
2956 5149 3266 5215 προαιρέσει
3308 5141 3379 5210 ϐξ
3413 5151 3479 5202 Μ.

308 5216 326 5246 ’
361 5208 738 5282 φανερωθῆναί
761 5210 944 5282 τοῦτον
963 5211 1154 5282 λέγων,
1189 5211 1295 5282 ἵνα.
1317 5208 1728 5282 ςφανερωθῆναι·
1757 5211 1955 5270 τοῦτον,
1993 5210 2148 5282 λέγω,
2169 5208 2542 5282 “[ἀπέστελλεν
2618 5212 2699 5262 ἵνα
2737 5208 3034 5282 Ιξυηέειιίυέ
3069 5208 3213 5269 οιίὶ.
3248 5208 3478 5279 Scottus,

309 5277 689 5364 eamme:
711 5278 1202 5364 τρδτενηλέγφεῖγφ
1220 5279 1241 5364 ’ἒ
1271 5347 1282 5363 .
1312 5277 1722 5364 {maestum-
1739 5277 2538 5364 ,ιτεφνρηξάτοξίδεδιέριίινβμβ
2561 5277 2724 5364 ἔχειν·
2741 5279 2861 5364 ,ἔχῃ
2883 5297 3043 5364 sese
3083 5283 3200 5364 Μ
3297 5277 3483 5364 to?»er

308 5342 609 5426 ἀνθρωπον.
635 5342 694 5426 οὗ
718 5348 807 5398 τὸν
820 5342 1104 5426 ἀνθρωπον
1131 5347 1196 5426 Ις,
1223 5347 1384 5426 αὑτὸν
1415 5342 1691 5426 ἄνθρωπον
1739 5342 2189 5426 Roeperus,_ol6v
2240 5343 2532 5426 ἀνθρώπου.
2565 5342 2701 5426 conj.
2741 5342 3042 5426 Βῖβςοιιύε

307 5413 758 5476 τοὺΒιιιιεειιίιιε,
787 5417 864 5475 είς
892 5413 988 5482 μὲν
1014 5413 1104 5465 τοῦ
1127 5414 1187 5474 C,
1219 5417 1280 5465 ὲκ
1314 5415 1408 5480 μὲν
1431 5413 1522 5465 τοῦ
1554 5413 1624 5475 Μ,
1654 5413 1940 5481 Roeperus.

310 5484 588 5549 γεγονότα.
623 5482 934 5534 Bunsenius.
1027 5481 1069 5512 "
1089 5481 1378 5549 νομοθετεῖ.
1404 5482 1705 5548 ἐνομοθέτει
1740 5496 1878 5546 susp.
1918 5479 1984 5532 M.

310 5484 588 5550 γεγονότα.
623 5482 934 5534 Bunsenius.

3163 5351 3202 5381 ιι
3238 5354 3377 5386 τρυε.

2018 5385 2028 5407 ,
2076 5354 2189 5395 υἱὸν
2240 5354 2520 5412 ἀνθρώπου
2565 5354 2701 5414 conj.
2741 5354 2802 5399 lt.
2830 5354 3042 5403 Scottus
3163 5354 3202 5381 “
3237 5354 3393 5421 ἴσμεν
3421 5358 3484 5406 ἐκ

2018 5412 2059 5442 ¹¹
2085 5413 2392 5485 γεγονέναι.
2418 5412 2765 5485 Latinismus.
2789 5416 2895 5485 nisi
2918 5420 3106 5472 scriba)
3136 5418 3358 5473 debetur
3389 5439 3483 5485 pm

2084 5480 2323 5558 “626m.
2353 5479 2522 5558 διψείν
2553 5482 2610 5534 C.
2667 5550 2677 5558 _
2717 5485 2758 5513 ’³
2789 5483 3087 5558 ἄνθρωπον.
3120 5479 3482 5558 ἀμάνθρωπον

312 5549 450 5619 conj.
490 5549 955 5628 Fordsworthius.
1031 5550 1074 5579 ¹⁶
1111 5550 1427 5618 προσδοκᾷς.
1459 5549 1764 5616 προσδοκῶν
1790 5550 1848 5602 C.
1927 5549 1967 5579 ¹⁷
2009 5549 2297 5616 παρέσχες.
2333 5550 2510 5617 πατὴρ
2541 5550 2808 5620 παρέσχεν
2849 5549 3176 5622 Βίιιιεεηίυε,
3222 5549 3480 5628 παρέστιν

315 5617 458 5686 susp.
489 5617 780 5684 Rocpcrns.

1353 6343 1399 6421 ΑΙ
1485 6353 1500 6360 ~
2303 6337 2342 6341 "
2465 6380 2524 6386 η.
2591 6331 2752 6346 εισι--
3035 6343 3146 6348 ..___
3323 6357 3356 6362 .-
