1959 3079
772 123 887 152 CUDEX
907 121 1302 151 SYIiLiCO-HEXAPLARIS.

1766 123 1837 151 2692

208 209 1830 226 m—

428 320 692 384 CODEX
723 313 1617 385 SYRIACO-HEXAPLARIS

707 458 1327 492 AMBROSIANO-MEDIOLANENSIS.

642 643 998 690 PBOPHETIA
1026 643 1401 688 HEZECIELIS.

997 765 1034 774 ...-

241 843 306 878 Cup.
327 840 384 876 l,i.
397 841 543 869 Etfaetum
553 841 628 869 estin
638 841 895 877 annolrigesimoin
906 848 999 869 mense
1014 843 1037 871 Α
1051 848 1117 869 ecce
1133 847 1192 869 rota
1213 850 1266 870 una
1287 849 1370 877 super
1394 846 1476 875 terra,
1502 839 1653 877 propinqua
1675 842 1842 870 animalibus

203 894 315 925 quarto,
330 888 426 924 quinto
442 888 555 921 mensis,
571 887 608 923 (a)
628 892 655 915 et
675 895 725 923 ego
743 895 777 915 —:—
791 895 850 915 sum
871 888 882 922 1
902 886 941 914 fui
968 887 994 913 in

206 935 296 962 medio
312 933 477 968 captivitatis
492 940 574 967 super
588 932 700 960 ﬂuvium
722 932 842 965 Chohar,
858 938 885 960 et
906 933 994 968 aperti

205 984 270 1007 sunt
283 979 356 1010 ctrli,
373 983 400 1006 et
415 977 470 1004 vidi
491 978 610 1005 visiones
627 977 687 1008 Dei.
703 978 730 1005 2.
747 978 842 1013 quinto
868 978 970 1006 mensis
987 988 993 1005 :

205 1026 250 1052 hic
277 1032 365 1052 annus
391 1024 504 1059 quintus
528 1024 695 1058 captivitatis
716 1024 788 1059 regis
813 1024 940 1051 Joacim:
968 1029 996 1051 et

206 1071 306 1098 factum
328 1070 507 1098 est‘verbum
529 1069 636 1096 Domini
654 1070 687 1096 ad
710 1069 879 1097 Hezeciclem
910 1070 994 1097 lilium

206 1116 282 1149 Buzi,
300 1114 469 1143 sacerdotem
488 1114 516 1141 in
542 1119 613 1141 terra
628 1113 818 1141 Chaldzeorum
843 1122 927 1148 super
943 1113 995 1141 [lu-

205 1163 279 1188 vium
305 1160 424 1189 Chobar.
443 1160 471 1187 5.
495 1159 528 1186 Ει
551 1159 620 1186 facta
645 1162 687 1186 est
711 1166 794 1193 super
814 1167 858 1186 me
877 1161 910 1193 )ef
927 1159 962 1186 ibi
982 1160 993 1194 ζ

203 1215 304 1236 manus
318 1207 437 1238 Domini,
450 1206 478 1233 4.
497 1205 533 1240 (b)
549 1209 576 1232 et
591 1205 658 1236 vidi,
668 1209 696 1232 et
707 1212 770 1232 ecce
782 1204 894 1239 spiritus
913 1206 946 1239 Χ
959 1205 995 1239 (c)

207 1254 314 1281 Domini
335 1253 347 1288 1
370 1252 467 1279 tollens
489 1251 616 1278 veniebat
640 1250 674 1277 ab
696 1250 840 1285 aquilone,
865 1255 892 1276 ct
909 1251 996 1277 nubes

207 1307 305 1335 magna
321 1300 347 1325 in
361 1306 404 1330 eo,
420 1302 447 1325 et
466 1295 595 1331 splendor
617 1295 692 1322 circa
707 1303 781 1327 cum,
808 1299 836 1322 et
854 1294 925 1329 ignis
942 1295 995 1322 ful-

206 1353 313 1381 gurans
328 1353 334 1371 :
352 1349 379 1371 et
405 1344 432 1371 in
462 1343 552 1370 medio
578 1342 639 1377 ejus
657 1341 735 1376 quasi
759 1341 827 1368 visio
850 1341 944 1367 electri
968 1340 996 1367 in

207 1391 297 1418 medio
316 1390 403 1425 ignis,
427 1393 454 1415 et
477 1387 604 1423 splendor
630 1387 657 1413 in
677 1395 720 1414 eo.
747 1386 773 1414 5.
798 1386 833 1413 Et
858 1386 885 1412 in
907 1386 997 1413 medio

207 1438 286 1472 quasi
305 1435 457 1463 similitudo
469 1439 589 1470 quatuor
606 1434 785 1462 animalium:
802 1438 829 1460 et
853 1433 911 1460 haec
926 1433 997 1460 visio

208 1491 316 1516 eorum,
333 1483 404 1510 sicut
425 1481 575 1509 similitudo
600 1479 718 1507 hominis
742 1487 823 1515 super
845 1480 895 1507 eis.
917 1479 943 1506 6.
964 1479 997 1507 Et

1049 892 1168 922 quatuor
1182 888 1258 923 ipsis.
1275 889 1317 915 l6.
1334 888 1366 915 Et
1378 888 1522 922 adspectus
1538 892 1672 920 rotarum,
1684 889 1718 923 Χ
1730 893 1756 915 et
1771 895 1842 922 opus

1049 941 1143 960 earum
1163 934 1175 968 ζ
1198 934 1267 962 sicut
1291 934 1435 969 adspectus
1460 934 1492 969 (ἰ)
1509 934 1620 967 tharsis,
1641 938 1668 961 et
1688 934 1842 961 similitudo

1049 987 1103 1006 una
1127 985 1245 1014 quatuor
1269 980 1356 1015 ipsis:
1374 981 1448 1014 Xet
1461 980 1530 1007 visio
1552 987 1646 1008 earum
1672 981 1695 1015 ξ,
1716 985 1745 1007 et
1770 987 1842 1014 opus

1049 1033 1143 1052 earum
1164 1031 1232 1058 erat,
1258 1026 1336 1061 quasi
1358 1031 1431 1053 esset
1462 1030 1520 1053 rota
1549 1026 1575 1052 in
1597 1031 1666 1052 rota.
1686 1026 1729 1053 l7.
1749 1025 1842 1060 Super

1049 1076 1168 1106 quatuor
1181 1077 1271 1106 partes
1287 1079 1393 1104 eorum,
1413 1072 1444 1105 >ιέ
1464 1079 1526 1098 cum
1541 1072 1611 1098 irent
1627 1072 1652 1107 1,
1668 1071 1741 1099 ibant
1758 1081 1764 1098 ε
1786 1079 1843 1099 non

1049 1117 1265 1150 revertebantur,
1283 1125 1344 1144 cum
1360 1117 1441 1149 irent,
1460 1117 1504 1144 l8.
1526 1125 1614 1152 neque
1628 1118 1710 1145 dorsa
1731 1125 1842 1150 earum,

1049 1161 1086 1197 (Ii)
1104 1167 1129 1188 et
1149 1162 1263 1189 altitudo
1280 1167 1340 1189 erat
1353 1162 1404 1189 eis.
1421 1161 1454 1189 Et
1469 1162 1522 1189 vidi
1537 1170 1583 1195 ea,
1602 1167 1628 1190 et
1646 1163 1726 1190 dorsa
1743 1171 1842 1190 earum

1049 1207 1130 1241 plena
1151 1207 1236 1235 oculis
1249 1208 1427 1235 circumcirca
1443 1212 1559 1242 quatuor
1575 1209 1652 1243 ipsis.
1669 1209 1713 1236 t9.
1727 1209 1760 1236 Et
1777 1217 1843 1236 cutn

1051 1253 1122 1280 irent
1140 1253 1282 1286 animalia,
1300 1254 1376 1281 ibant
1392 1259 1458 1281 rotae
1469 1254 1547 1288 juxta
1565 1262 1596 1281 ea
1611 1265 1616 1282 :
1633 1260 1661 1282 et
1676 1263 1738 1282 cum
1750 1256 1844 1283 eleva-

1050 1304 1146 1325 rentur
1159 1299 1287 1325 animalia
1309 1298 1343 1326 de
1360 1303 1441 1332 terra,
1454 1299 1630 1326 elevabantur
1645 1305 1720 1327 rotae.
1736 1301 1783 1327 20.
1805 1301 1837 1335 (Ι)

1052 1344 1224 1379 Ubicumque
1248 1351 1307 1371 erat
1329 1345 1425 1376 nubes.
1450 1345 1515 1372 illuc
1532 1345 1587 1372 ibat
1605 1346 1740 1380 spiritus:
1764 1346 1845 1372 ibant

1051 1384 1191 1422 animalia,
1208 1395 1236 1418 et
1260 1396 1343 1424 roue,
1374 1396 1401 1418 et
1416 1392 1593 1419 elevabantur
1609 1400 1671 1419 cum
1691 1392 1730 1419 eis
1745 1402 1752 1425 ;
1775 1393 1844 1427 quia

1051 1437 1165 1471 spiritus
1183 1438 1244 1464 vita
1262 1437 1290 1464 in
1309 1438 1387 1465 rotis.
1399 1438 1445 1464 2L
1458 1438 1526 1466 Cum
1542 1438 1622 1471 irent,
1638 1439 1724 1470 ibant,
1739 1443 1843 1466 etcum

1052 1485 1165 1514 starent,
1181 1482 1300 1514 stabant,
1318 1487 1345 1509 et
1361 1490 1424 1509 cum
1439 1483 1612 1510 elevarentur
1627 1483 1660 1510 de
1685 1488 1769 1516 terra,
1784 1484 1844 1511 ele-

204 1535 327 1565 quatuor
341 1529 424 1556 facies
438 1527 495 1560 uni,
509 1530 536 1554 et
547 1532 665 1562 quatuor
681 1526 730 1554 alae
747 1526 793 1554 uni
807 1527 840 1561 Ἀ(
860 1533 892 1553 ett
906 1525 946 1553 eis
963 1525 994 1559 ξε
1012 1522 1036 1552 Β
1052 1528 1186 1555 vabantur
1203 1529 1237 1562 >ς<
1260 1532 1327 1555 rotae
1343 1528 1355 1562 1
1387 1536 1449 1555 cum
1468 1529 1508 1556 eis
1522 1537 1529 1562 ;
1556 1529 1620 1564 quia
1637 1530 1750 1564 spiritus
1780 1531 1844 1558 vita

207 1575 233 1603 7.
249 1580 273 1603 et
290 1582 371 1602 crura
388 1581 482 1600 eorum
497 1574 530 1606 )t(
546 1580 626 1599 crura
640 1572 651 1606 1
668 1575 753 1604 recta,
766 1575 794 1597 et
807 1570 888 1605 pedes
903 1577 997 1597 eorum

204 1622 281 1654 alati,
294 1623 328 1656 ζα(
340 1621 412 1649 sicut
425 1619 533 1654 ungulae
546 1618 616 1645 tauri
633 1618 657 1652 1,
673 1617 713 1652 (d)
729 1621 756 1644 et
770 1617 904 1649 scintillae,
919 1615 997 1651 quasi

206 1675 243 1695 aes
269 1668 430 1700 fulgurans;
457 1669 486 1692 et
503 1664 581 1691 leves
601 1663 652 1690 ala:
673 1670 781 1695 eorum,
800 1662 828 1689 8.
851 1666 879 1690 et
900 1668 998 1688 manus

207 1713 327 1741 hominis
343 1712 393 1739 sub
411 1711 462 1738 alis
475 1717 570 1738 eorum
595 1716 677 1744 super
691 1713 809 1743 quatuor
835 1712 927 1742 partes
950 1715 998 1734 eo-

208 1767 288 1785 rum:
304 1761 330 1784 et
342 1757 427 1784 facies
447 1763 554 1787 eorum,
574 1756 608 1788 >ε<
621 1759 648 1782 et
660 1754 710 1781 ala:
732 1761 826 1782 eorum
848 1755 860 1789 ζ
882 1758 999 1789 quatuor

208 1805 331 1839 ipsorum
348 1803 374 1830 9.
393 1802 553 1837 propinqua:
568 1808 622 1827 una
637 1800 726 1833 alteri,
740 1802 773 1834 Χ
789 1799 825 1835 (c)
838 1805 864 1827 et
879 1800 928 1826 alat
949 1807 997 1827 eo-

208 1858 270 1878 rum.
291 1849 302 1884 1
323 1856 376 1876 non
395 1847 612 1880 revertebantur,
627 1853 690 1874 cum
707 1846 882 1873 incederent:
898 1853 999 1873 unum-

208 1897 338 1931 quodque
365 1901 398 1921 ex
420 1893 459 1920 eis
486 1897 550 1920 ante
567 1892 663 1919 faciem
690 1899 768 1919 suam
792 1891 877 1919 ibant.
903 1891 948 1919 10.
964 1891 999 1918 Ει

209 1941 361 1970 similitudo
370 1939 502 1967 facicrutn
514 1946 621 1971 eorum,
633 1937 716 1966 facies
730 1939 860 1971 hominis,
874 1943 901 1966 et
914 1939 998 1966 facies

209 1987 299 2016 leonis
315 1995 330 2014 a
347 1987 442 2014 dextra
467 1989 585 2020 quatuor
602 1984 646 2015 iis,
662 1989 689 2012 et
712 1983 795 2012 facies
813 1985 883 2011 tauri
898 1993 914 2012 a
931 1985 999 2012 sini-

208 2041 264 2064 stra
281 2039 399 2070 quatuor
415 2033 460 2066 iis,
482 2037 509 2060 et
522 2032 606 2060 facies
622 2031 720 2066 aquila:
748 2036 867 2066 quatuor
894 2031 938 2058 iis.
953 2031 996 2058 11.

209 2083 244 2118 (Ῑ)
261 2081 294 2108 Et
309 2080 393 2108 facies
410 2087 516 2112 eorum,
531 2083 558 2106 et
572 2078 621 2105 alm
636 2085 729 2105 eorum
741 2082 861 2104 extensa
882 2077 998 2111 desuper

208 2131 326 2162 quatuor
340 2126 384 2158 iis;
399 2125 547 2159 unicuique
561 2123 623 2151 dua:
635 2122 718 2150 simul
730 2122 833 2157 junctae
856 2121 890 2148 ad
910 2129 940 2149 se
956 2121 998 2148 in-

209 2174 310 2204 vicem,
323 2176 350 2199 et
363 2172 424 2198 dirae
440 2170 567 2204 tegebant
583 2176 666 2204 super
678 2175 779 2202 corpus
793 2174 899 2200 eorum,
916 2167 960 2194 1‘2.
971 2171 999 2193 et

209 2198 428 2252 unumquodque
440 2198 530 2242 es'eis
544 2198 640 2241 coram
655 2213 725 2241 facie
742 2220 791 2241 sua
820 2213 875 2239 ibat
889 2221 896 2240 :
926 2220 997 2246 quo-
1012 2198 1034 2228 C

208 2271 326 2299 cumque
342 2263 397 2290 ibat
410 2262 534 2296 spiritus,
548 2261 635 2293 ibant,
656 2264 683 2286 et
701 2266 755 2286 non
785 2259 996 2291 revertebantur,

209 2313 242 2346 Χ
256 2318 318 2338 cum
344 2310 414 2336 irent
430 2307 513 2344 1.15.
534 2307 566 2334 Et
582 2307 610 2333 in
636 2306 726 2333 medio
747 2305 908 2332 animalium
931 2305 999 2332 visio

208 2357 286 2392 qttasi
312 2355 464 2384 carbonum
490 2353 561 2388 ignis
582 2351 748 2383 ardentium,
769 2351 806 2386 (ῃ)
824 2351 904 2385 quasi
930 2351 998 2378 visio

208 2403 363 2439 lampadutn
387 2403 422 2435 Ἀ(
438 2405 480 2428 est
505 2399 517 2433 ζ
540 2406 569 2426 se
585 2398 828 2432 circumagentium
856 2397 883 2423 in
909 2397 999 2423 medio

207 2449 381 2481 animalium,
397 2452 423 2474 et
439 2445 570 2481 splendor
585 2443 665 2479 ignis,
688 2447 715 2470 et
733 2451 765 2470 ex
786 2444 848 2478 igne
876 2443 997 2477 egredie-

207 2497 287 2524 batur
301 2495 372 2522 sicut
391 2492 500 2527 fulgur:
523 2491 566 2518 Η.
584 2492 618 2525 Ἀ(
643 2495 670 2517 et
686 2489 816 2516 animalia
837 2489 996 2520 currebant,

208 2546 235 2570 ct
248 2541 382 2571 redibant,
399 2538 436 2574 (It)
451 2538 522 2566 sicut
544 2537 614 2565 visio
637 2536 723 2564 Bezec
741 2536 765 2570 ζ.
786 2536 828 2563 15.
844 2536 875 2562 Ει
888 2536 954 2569 vidi,
970 2540 999 2564 et;

1050 1577 1108 1600 erat
1128 1572 1155 1599 in
1173 1573 1251 1600 rotis.
1267 1572 1312 1599 22.
1331 1572 1364 1599 Ει
1375 1572 1525 1600 similitudo
1538 1581 1620 1608 super
1632 1578 1714 1608 caput
1725 1574 1766 1601 eis
1782 1575 1845 1600 ani-

1050 1619 1165 1646 malium
1181 1619 1260 1654 quasi
1277 1618 1491 1655 firmamentum,
1509 1619 1587 1653 quasi
1606 1619 1755 1653 adspectus
1777 1626 1841 1654 cry-

1050 1664 1122 1691 stalli
1139 1664 1281 1696 terribilis,
1297 1668 1438 1691 extensum
1465 1671 1547 1698 super
1567 1665 1625 1691 alas
1645 1671 1741 1691 eorum
1758 1664 1842 1692 desu-

1050 1717 1116 1744 per:
1138 1709 1183 1736 25.
1209 1713 1236 1736 et
1250 1709 1301 1736 sub
1326 1710 1499 1736 lirtnamento
1519 1709 1568 1736 ala:
1592 1716 1687 1736 eorum
1708 1714 1842 1742 extensa,

1050 1754 1175 1782 volantes
1188 1754 1272 1781 altera
1285 1753 1363 1781 alteri
1378 1762 1384 1780 :
1397 1753 1545 1788 unicuique
1559 1753 1619 1781 dote
1644 1754 1728 1781 simul
1743 1755 1842 1782 obvol-

1049 1806 1155 1833 vcntes,
1170 1800 1346 1827 obvolventes
1368 1806 1484 1834 corpora
1501 1807 1606 1832 eorum,
1625 1801 1659 1834 Χ
1674 1805 1702 1828 et
1715 1801 1776 1828 duae
1801 1807 1840 1829 te-

1050 1851 1143 1882 gentes
1167 1845 1221 1873 sibi
1243 1852 1359 1880 corpora
1382 1852 1432 1871 sua
1451 1845 1475 1878 1.
1496 1845 1542 1873 24.
1566 1845 1600 1872 Et
1623 1846 1715 1873 audivi
1743 1855 1840 1874 vocem

1049 1893 1154 1920 alarum
1171 1899 1279 1924 eorum,
1306 1890 1384 1926 quasi
1410 1898 1503 1918 vocem
1530 1899 1607 1926 aqua:
1626 1893 1729 1926 multae,
1759 1894 1838 1928 quasi

1049 1946 1144 1966 vocem
1154 1937 1206 1974 (ιιι)
1232 1937 1412 1964 sufficientis:
1437 1945 1498 1964 eum
1523 1937 1603 1970 irent,
1628 1946 1681 1966 vox
1704 1940 1842 1966 sermonis

1050 1984 1128 2020 quasi
1151 1992 1204 2010 vox
1232 1987 1399 2015 castrorum,
1421 1987 1524 2009 etcum
1549 1988 1665 2016 starent,
1693 1986 1839 2012 cessabant

1049 2030 1100 2057 alae
1115 2037 1222 2057 eorum.
1243 2028 1289 2056 25.
1310 2029 1349 2063 (η)
1366 2026 1398 2053 Et
1426 2034 1489 2054 ecce
1507 2035 1557 2054 vox
1583 2038 1666 2065 super
1683 2031 1842 2057 firmamen-

1049 2079 1120 2107 tum,
1136 2075 1208 2110 quod
1221 2079 1281 2102 erat
1292 2082 1377 2109 super
1389 2084 1470 2112 caput
1483 2084 1588 2108 eorum,
1601 2078 1635 2110 3K
1647 2084 1711 2104 cum
1724 2082 1838 2105 starent.

1049 2122 1197 2150 cessabant
1221 2121 1270 2149 ala-
1287 2130 1394 2155 eorum,
1413 2123 1457 2152 26.
1484 2128 1510 2151 et
1525 2131 1608 2157 super
1624 2122 1838 2152 tirntamentum.

1051 2168 1124 2203 quod
1140 2175 1222 2202 super
1234 2173 1314 2203 caput
1329 2176 1423 2196 eorum
1438 2170 1460 2204 1,
1478 2170 1558 2205 quasi
1575 2169 1724 2203 adspectus
1743 2169 1841 2203 lapidis

1051 2215 1167 2249 saphiri,
1188 2215 1342 2242 similitudo
1356 2215 1446 2243 throni
1460 2223 1542 2250 super
1559 2223 1600 2247 eo,
1617 2220 1644 2242 et
1664 2223 1747 2250 super
1765 2215 1840 2242 simi-

1049 2261 1164 2287 litudine
1183 2261 1273 2288 throni
1290 2261 1441 2288 similitudo
1456 2262 1534 2296 quasi
1551 2262 1697 2295 adspectus
1720 2261 1838 2288 hominis

1049 2306 1174 2340 desuper.
1193 2306 1238 2332 ‘27.
1269 2306 1301 2332 Et
1326 2306 1379 2333 vidi
1397 2307 1476 2340 quasi
1494 2307 1651 2340 adspeetum
1677 2307 1782 2338 electri,
1808 2308 1839 2339 Χ

1050 2352 1128 2386 quasi
1142 2351 1301 2386 adspeetum
1326 2352 1396 2387 ignis
1413 2353 1446 2385 Χ
1465 2352 1631 2379 intrinsecus
1646 2352 1712 2386 ejus
1722 2353 1840 2380 circum-

1050 2397 1123 2424 circa
1143 2397 1156 2432 1
1180 2405 1195 2424 a
1221 2397 1325 2424 visione
1353 2398 1449 2429 lumbi,
1471 2402 1497 2425 et
1522 2406 1624 2432 supra:
1646 2403 1675 2424 et
1695 2407 1710 2424 a
1735 2398 1840 2425 visione

1053 2443 1148 2476 lumbi,
1173 2448 1200 2470 et
1224 2451 1310 2478 usque
1327 2444 1455 2471 deorsum
1474 2444 1528 2470 vidi
1558 2444 1692 2470 visionem
1718 2444 1800 2479 ignis,
1815 2449 1840 2471 ct

1051 2490 1179 2525 splendor
1195 2490 1254 2524 ejus
1275 2490 1464 2520 circumcirca,
1483 2490 1528 2516 ‘28.
1558 2489 1630 2517 sicut
1652 2489 1722 2517 visio
1749 2497 1838 2521 arcus,

1054 2536 1163 2571 quando
1189 2535 1271 2562 fuerit.
1302 2536 1327 2562 itt
1344 2537 1418 2562 nube
1444 2537 1470 2562 in
1491 2537 1534 2563 die
1565 2536 1672 2570 pluviae,
1697 2536 1738 2563 sic
1762 2536 1840 2563 statio

245 2598 283 2633 (a)
320 2597 363 2628 8.,
381 2604 442 2623 eum
460 2603 549 2623 essem
565 2596 592 2622 in
606 2595 812 2633 demigratione.
835 2594 873 2629 (lt)
887 2594 929 2633 8.ΔΞ
950 2594 1004 2621 vidi
1021 2602 1087 2633 vero
1100 2591 1280 2633 sicuttﬂatum
1296 2595 1488 2628 procellosum.
1505 2594 1543 2633 (cl
1564 2593 1630 2620 Heb.
1655 2594 1776 2633 Domini.
1801 2594 1837 2628 (d)

209 2629 254 2664 S.,'
268 2629 294 2659 ut.
315 2632 498 2666 lulgurabant,
519 2632 588 2658 sicut
604 2635 731 2664 aspectus
750 2630 856 2656 lamina:
877 2629 968 2664 politze
983 2630 1056 2656 aeris.
1079 2630 1112 2663 (ε)
1132 2635 1158 2656 et
1179 2629 1262 2656 facies
1279 2637 1375 2656 eorum
1413 2635 1512 2656 ttatuor
1538 2630 1670 2663 ipsorum.
1687 2630 1720 2663 (f)
1747 2629 1790 2661 S.,
1813 2633 1838 2656 ct

209 2672 304 2690 rnntra
322 2667 406 2690 l‘m-ies
422 2673 517 2690 eorum
534 2666 584 2690 ala:
598 2673 705 2690 eorum.
724 2665 762 2690 (al
774 2663 817 2690 S..
829 2670 887 2690 erat
906 2669 995 2690 autem
1014 2669 1041 2690 et
1053 2664 1124 2690 sicut
1143 2665 1213 2690 visio
1231 2637 1461 2690 lantua-lum‘jtmc
1476 2665 1621 2690 transiens.
1649 2665 1689 2690 th)
1705 2665 1749 2690 8..
1770 2665 1838 2690 sicut

209 2672 305 2694 mutra
322 2663 406 2694 facies
422 2673 517 2693 eorum
534 2666 584 2693 alae
598 2663 705 2695 eorum,
724 2665 762 2699 (g)
774 2663 817 2695 S.,
829 2670 887 2691 erat
906 2669 995 2691 autem
1014 2669 1041 2691 et
1053 2664 1124 2691 sicut
1143 2665 1213 2691 visio
1231 2665 1385 2698 lampa-lutn

1413 2672 1461 2691 nnc
1476 2665 1621 2691 transiens.
1649 2665 1689 2699 (It)
1705 2665 1749 2696 8.,
1770 2665 1838 2691 sicut

209 2704 280 2729 visio
292 2701 447 2736 splendoris
462 2700 588 2733 fulguris.
607 2700 675 2736 tium
699 2700 862 2736 inspicerem
881 2703 972 2736 a_utem
990 2699 1127 2736 animalia,
1152 2700 1210 2736 visa
1230 2703 1283 2736 est”
1299 2704 1355 2726 rota
1375 2707 1427 2736 una
1443 2699 1471 2736 in
1492 2704 1572 2736 terra
1590 2699 1669 2736 juxta
1695 2699 1836 2729 animalia,

210 2733 314 2764 habens
326 2741 444 2771 quatuor
461 2736 552 2762 facies.
573 2734 656 2770 (i)S.,
669 2734 817 2769 hyacinthi.
836 2733 872 2768 (Iv)
886 2733 927 2771 S.,
946 2739 973 2761 et
997 2735 1078 2771 statio
1095 2734 1338 2771 eratanimalibus,
1358 2739 1384 2771 et
1402 2734 1528 2771 altitudo.
1551 2734 1583 2769 (ι)
1598 2735 1641 2771 βη
1659 2741 1837 2771 quocumque

210 2773 315 2799 ferebat
329 2769 442 2805 spiritus
459 2771 587 2803 impetum
602 2770 634 2796 ad
647 2770 778 2800 eundum,
790 2777 822 2795 eo
838 2777 900 2795 cutn
916 2769 967 2796 iret
985 2769 1109 2803 spiritus.
1121 2770 1202 2795 etiam
1216 2774 1280 2795 rota:
1294 2769 1375 2796 situul
1389 2770 1565 2796 elevabantur
1582 2769 1708 2796 similiter
1724 2772 1775 2796 eis.
1791 2769 1836 2803 (nt)

210 2804 351 2839 EAAAAI',
370 2805 453 2839 Sadjo
469 2805 597 2866 potentis.
622 2805 657 2837 (tt)
677 2804 717 2834 5.,
739 2809 763 2831 et
780 2811 839 2830 cum
857 2804 932 2830 fieret
946 2811 995 2830 vox
1021 2811 1104 2838 super
1120 2805 1336 2836 lirtnatuenlmn,
1353 2805 1423 2839 quod
1448 2810 1505 2831 erat
1531 2812 1612 2838 super
1626 2810 1707 2838 caput
1733 2812 1834 2836 eorum,

212 2844 329 2866 smhant.
350 2845 374 2866 et
391 2848 466 2866 cessa
479 2844 533 2866 )aut
549 2839 597 2865 alae
612 2846 717 2865 eorum.

479 2848 486 2865 )

212 2844 329 2872 stabant.
350 2845 374 2868 cl
391 2839 533 2867 cessabant
549 2839 597 2865 alae
612 2846 717 2865 eorum.
