1959 3079
141 162 211 191 2695

785 163 988 193 llElEClELIS
1000 164 1116 193 CAPUT
1127 166 1173 194 ιν.

1701 173 1772 202 28M

140 219 298 254 splendoris
317 219 506 248 circumcirca.
526 219 588 247 llaec
604 220 672 248 visio
698 221 886 250 similitudinis
906 226 933 250 et
947 223 970 251 Δ
985 228 1074 257 tuum,
1091 229 1118 252 et
1134 225 1248 254 auribus
1263 226 1317 254 tuis
1330 227 1412 255 audi:
1430 228 1474 256 ll.
1493 233 1520 256 et
1533 229 1611 263 vade,
1627 230 1771 266 ingredere

138 267 235 301 gloria:
246 266 356 294 Domini
369 275 375 293 :
390 271 417 294 et
428 266 494 298 vidi,
505 272 533 294 et
543 267 613 296 cado
623 275 706 302 super
717 267 816 296 faciem
832 276 931 301 meam,

138 316 166 338 et
180 311 272 338 audivi
290 319 384 338 vocem
403 312 549 347 loquentis.

177 359 244 393 Cap.
263 357 302 391 ll,
321 359 346 384 l.
363 357 397 385 Et
418 359 488 386 dixit
514 359 548 386 ad
570 367 633 387 me:
657 359 708 387 Fili
734 360 864 394 hominis,
890 367 931 390 sta

140 411 224 438 super
242 403 324 438 pedes
349 408 421 436 tuos,
438 404 475 439 (0)
499 409 526 432 et
542 405 639 439 loquar
652 406 685 433 ad
710 410 746 434 te.
763 406 790 434 2.
810 407 843 434 Ει
861 408 933 435 venit

141 457 228 484 super
248 457 291 476 me
303 450 426 484 spiritus,
441 455 469 478 et
483 452 615 480 assumsit
629 459 682 485 me,
699 456 727 480 et
740 453 856 481 elevavit
877 462 930 487 me,

139 500 168 523 et
183 496 281 523 statuit
300 503 342 523 me
357 504 439 531 super
455 498 537 533 pedes
554 505 642 529 meos,
658 503 684 526 et
701 499 845 527 audiebam
868 508 930 527 eum

140 542 298 576 loquentem
315 542 348 569 ad
363 550 415 570 me.
433 543 460 569 5.
478 544 510 570 Et
524 543 593 571 dixit
606 545 638 572 ad
653 552 696 572 me
709 554 716 573 :
735 545 783 572 Fili
801 546 929 580 hominis,

138 588 221 614 mitto
235 593 260 614 te
273 595 323 622 ego
340 588 374 615 ad
389 589 501 616 domum
514 589 631 623 lsraelis,
657 592 852 620 cxacerbautes
876 600 930 625 me,

140 633 190 668 qui
204 634 406 661 exacerbarth
421 642 474 666 me,
493 635 544 669 ipsi
563 641 590 663 et
604 641 694 671 patres
708 645 804 665 eorum
819 639 853 673 ὴ(
868 647 931 674 per-

141 678 195 706 ﬁde
208 684 324 714 egerunt
335 679 362 706 in
380 687 423 708 me
451 681 461 715 ζ
483 688 570 716 usque
593 683 626 709 ad
658 683 729 710 diem
755 684 929 714 hodiernum.

138 723 166 750 4.
186 725 219 758 >κ
243 723 276 751 Ει
299 725 347 752 ﬁlii
371 726 433 753 duri
460 726 540 760 facie,
562 734 590 755 et
615 729 675 756 duri
702 731 803 758 corde:
821 739 873 767 ego
891 733 929 768 (ρ)

137 769 219 796 mitto
236 775 261 796 te
277 770 310 797 ad
335 777 384 798 eos
398 771 422 805 ζ.
445 771 477 798 Εῑ
491 772 567 800 dices
582 774 616 800 ad
632 782 697 802 eos:
718 775 779 803 Haec
795 777 862 804 dicit
876 777 930 805 Do-

139 816 244 844 minus.
265 817 292 844 5.
308 816 345 852 (ᾳ)
363 816 392 844 Si
408 817 477 845 forte
496 819 620 852 audiant,
645 825 691 848 aut
715 827 840 856 paveant,
866 824 929 859 quia

139 863 240 890 domus
257 863 370 891 irritans
385 869 436 897 est,
451 869 477 891 et
491 865 588 898 scient,
604 867 677 900 quod
701 868 832 903 propheta
854 877 883 897 es
900 875 928 898 tu

138 909 167 936 in
186 909 277 936 medio
291 917 398 938 eorum.
413 910 440 937 6.
454 910 486 938 Et
504 916 543 944 tu,
566 912 603 939 fili
628 912 758 947 hominis,
775 923 808 942 ne
831 916 929 944 timeas

138 963 198 988 eos,
213 960 240 984 et
254 964 268 983 a
285 956 354 984 facie
367 964 462 984 eorum
479 966 512 985 ue
528 959 707 994 obstupescas
723 969 729 994 ;
751 961 786 996 (ν)
803 962 868 997 quia
885 971 931 990 ve-

139 1003 217 1030 nient
243 1003 270 1029 in
290 1003 393 1037 impetu
410 1012 472 1031 eum
494 1005 618 1038 insania,
636 1013 662 1034 et
687 1007 828 1044 insurgent
849 1017 932 1045 super

137 1053 165 1075 te
179 1050 371 1081 circumcirca,
391 1054 418 1077 ct
431 1050 456 1077 iu
470 1051 560 1078 medio
575 1053 751 1087 scorpionum
764 1059 790 1081 tu
805 1055 929 1084 habitas:

138 1094 221 1121 verba
239 1101 335 1121 eorum
354 1102 388 1121 ne
406 1094 518 1127 timeas,
536 1099 562 1122 ct
580 1103 595 1122 a
621 1096 690 1123 facie
707 1104 803 1125 eorum
826 1106 861 1126 ne
881 1100 931 1126 ob—

138 1145 284 1175 stupescas
297 1149 304 1172 ;
318 1140 382 1175 quia
395 1141 493 1168 domus
509 1141 621 1169 irritans
645 1146 695 1170 est.
712 1142 737 1169 7.
753 1144 787 1170 Et
811 1144 932 1179 loqueris

138 1185 224 1213 verba
241 1193 301 1212 mea
316 1185 349 1212 ad
365 1193 423 1216 eos,
440 1185 462 1213 si
476 1185 545 1213 forte
565 1187 688 1220 audiant,
713 1193 761 1215 aut
776 1190 931 1224 trepident;

138 1232 203 1266 quia
218 1231 317 1258 domus
333 1231 444 1259 irritans
455 1237 507 1259 est.
520 1232 547 1259 8.
568 1232 601 1259 Et
615 1239 654 1264 tu,
668 1233 703 1261 fili
722 1234 852 1268 hominis,
866 1236 931 1264 audi

139 1277 297 1311 loquentem
314 1277 347 1303 ad
365 1280 407 1303 te:
424 1284 458 1304 ne
477 1278 515 1304 sis
528 1278 648 1311 irritans,
669 1279 740 1306 sicut
754 1280 853 1308 domus
870 1281 933 1308 irri-

138 1329 201 1350 tans
215 1331 222 1349 ε
239 1323 313 1357 aperi
335 1329 366 1350 os
383 1326 472 1355 tuum,
487 1328 514 1350 et
528 1325 640 1351 comede
663 1326 734 1360 quod
754 1334 804 1361 ego
818 1327 853 1354 do
871 1327 930 1355 tibi.

138 1369 168 1396 9.
188 1369 221 1396 Et
235 1368 301 1402 vidi,
314 1373 339 1396 et
352 1376 414 1396 ecce
430 1377 528 1397 manus
539 1374 652 1398 extensa
663 1372 696 1398 ad
707 1379 760 1403 me,
773 1373 836 1400 etin
850 1381 881 1401 ea
897 1374 930 1410 (ε)

139 1415 293 1450 capitulum
313 1415 386 1443 libri.
402 1415 447 1442 10.
469 1415 502 1443 Ει
515 1417 646 1451 expandit
674 1418 740 1446 illud
758 1426 850 1447 coram
868 1427 931 1448 me:

140 1466 169 1488 et
184 1461 211 1488 in
227 1469 260 1488 eo
272 1462 374 1496 scripta
386 1465 464 1489 erant
478 1469 492 1489 a
507 1461 596 1490 fronte
606 1463 665 1498 ejus
679 1469 706 1491 et
724 1472 739 1491 a
756 1468 832 1500 tergo
851 1467 910 1502 ejus
924 1477 931 1494 :

139 1512 167 1535 et
183 1508 317 1542 scriptum
335 1512 393 1535 erat
410 1508 436 1535 in
453 1515 486 1535 eo
498 1508 667 1543 lamentatio,
682 1515 708 1538 et
730 1510 763 1546 (ι)
781 1513 930 1546 canticum,

139 1556 168 1580 et
183 1561 234 1580 vae.

176 1600 243 1635 Cap.
258 1600 304 1631 lll,
321 1600 345 1627 l.
357 1599 386 1627 Et
400 1601 468 1628 dixit
479 1601 512 1629 ad
523 1609 566 1628 me
578 1611 584 1629 :
597 1602 649 1630 Fili
661 1603 791 1638 hominis,
805 1606 838 1639 3K
850 1606 935 1640 quod-

141 1653 262 1681 cumque
276 1646 424 1680 inveneris,
438 1647 488 1674 ede
503 1648 526 1681 ζ.
540 1648 653 1677 comede
670 1639 819 1684 capitulum
832 1639 893 1684 hoc,
909 1658 935 1680 et

141 1693 223 1724 vade,
243 1697 270 1720 ct
289 1694 402 1728 loquere
418 1695 451 1721 ad
472 1694 542 1721 lilios
565 1695 682 1723 lsraelis.
703 1695 730 1722 ἓ.
751 1695 782 1723 Ει
799 1698 886 1731 aperit
903 1705 934 1726 os

141 1746 247 1771 meum,
267 1744 294 1766 et
307 1739 387 1766 edere
401 1739 465 1767 fecit
481 1748 524 1767 me
536 1741 684 1775 capitulum
702 1742 763 1770 hoc.
775 1743 801 1769 5.
817 1743 850 1770 Et
866 1744 935 1772 dixit

141 1785 175 1811 ad
195 1793 257 1811 me:
275 1784 325 1812 Fili
343 1785 472 1817 hominis,
489 1795 520 1814 os
536 1792 612 1815 tuum
629 1789 700 1821 edet,
714 1795 740 1816 et
756 1795 852 1818 venter
867 1796 932 1818 tuus

142 1831 304 1866 implebitur
318 1832 437 1867 capitulo
452 1833 504 1860 hoc
522 1834 584 1861 dato
607 1835 634 1862 in
652 1840 686 1862 te.
703 1836 735 1863 Et
749 1837 791 1863 edi
814 1837 891 1870 illud,
907 1841 935 1865 et

143 1877 247 1905 factum
264 1884 306 1905 est
317 1879 344 1904 in
365 1887 412 1906 ore
428 1887 499 1911 meo,
517 1880 589 1907 sicut
603 1881 654 1908 mel
670 1881 759 1909 dulce.
780 1883 807 1909 4.
821 1883 853 1910 Ει
868 1883 936 1910 dixit

143 1924 177 1951 ad
204 1932 267 1951 me:
286 1923 336 1951 Fili
356 1925 487 1958 hominis,
507 1926 584 1958 vade,
603 1926 744 1961 ingredere
764 1929 797 1954 ad
823 1928 934 1955 domum

143 1969 267 2003 lsraclis,
284 1975 311 1997 et
327 1971 437 2005 loquere
451 1972 533 1998 verba
549 1980 608 1999 mea
627 1972 659 1999 ad
679 1980 735 2000 eos.
747 1971 780 2000 ’5.
801 1973 935 2007 Quoniam

144 2025 199 2044 non
213 2017 247 2043 ad
261 2017 390 2052 populum
408 2018 574 2052 profundum
590 2019 663 2046 labio
675 2024 702 2047 et
719 2028 829 2055 gravem
841 2021 934 2056 lingua

144 2068 173 2090 tu
187 2062 304 2090 mitteris
316 2063 349 2090 ad
365 2063 476 2090 domum
490 2063 598 2092 lsraelis
611 2075 618 2091 :
634 2065 660 2092 6.
674 2073 763 2101 neque
775 2067 807 2094 ad
821 2068 937 2102 populos

145 2108 249 2135 multos
265 2108 370 2136 alienos
388 2109 514 2143 vocibus,
535 2115 582 2136 aut
596 2110 701 2138 alienos
721 2111 824 2146 lingua,
848 2121 937 2148 neque

144 2154 192 2189 qui
207 2159 272 2182 sunt
292 2154 425 2182 obfirmati
443 2153 547 2189 liu'gua,
566 2163 684 2190 quorum
701 2164 735 2184 ne
759 2157 855 2185 audias
875 2167 935 2186 ser-

144 2209 242 2229 mones
257 2209 350 2228 corum
364 2212 370 2228 :
388 2207 414 2229 et
431 2202 452 2229 si
467 2202 499 2229 ad
523 2202 591 2229 tales
613 2203 748 2231 mitterem
765 2208 802 2237 te,
822 2205 850 2231 hi
872 2206 936 2232 obe-

984 270 1012 297 iu
1030 271 1214 306 captivitatem
1232 273 1265 299 ad
1291 272 1361 300 lilio:
1378 274 1470 309 populi
1488 275 1538 307 tui,
1557 278 1584 302 et
1600 275 1722 310 loqueris
1738 276 1771 303 ad

983 323 1042 348 eos,
1057 320 1084 343 et
1095 316 1170 344 dices
1185 317 1218 344 ad
1232 324 1280 345 eos
1293 327 1299 345 :
1313 318 1376 345 Haec
1391 319 1457 345 dicit
1473 319 1603 347 Dominus
1620 320 1771 347 Dominus:

983 363 1006 389 si
1021 362 1092 390 forte
1104 363 1228 396 audiant,
1249 363 1272 391 si
1288 363 1358 392 forte
1377 366 1538 393 concedant.
1555 366 1599 393 12.
1614 365 1648 393 Et
1663 374 1771 394 assum-
1787 364 1790 365 ⁷

983 407 1019 435 sit
1031 415 1074 436 me
1090 409 1214 443 spiritus,
1232 414 1259 436 et
1275 410 1365 437 audivi
1381 417 1396 437 a
1413 414 1489 445 tergo
1504 419 1564 438 meo
1585 419 1678 439 vocem
1697 419 1771 438 com-

983 453 1112 482 motionis
1128 462 1243 490 magna,
1260 455 1411 483 dicentium
1429 465 1435 483 :
1450 457 1595 484 Benedicta
1615 457 1702 492 gloria
1719 457 1772 484 Do-

983 499 1049 526 mini
1071 500 1105 527 de
1129 500 1189 527 loco
1205 508 1266 528 suo.
1288 501 1331 529 l5.
1358 501 1391 528 Et
1409 502 1464 528 vidi
1485 502 1524 538 (π)
1548 510 1641 530 vocem
1666 503 1771 530 alarum

982 547 1143 574 animalium
1157 547 1307 575 volantium
1320 556 1373 575 una
1389 549 1422 576 ad
1444 549 1568 582 alteram,
1594 555 1620 576 et
1635 557 1685 576 vox
1698 553 1772 577 rota-

982 600 1043 619 rum
1056 600 1147 620 coram
1165 593 1215 626 eis,
1242 599 1269 621 et
1285 602 1334 621 vox
1348 595 1539 622 commotionis
1566 597 1598 629 >ε<
1618 603 1724 630 magnae
1745 595 1773 630 τ.

983 638 1027 665 14.
1044 638 1076 666 Et
1094 639 1208 674 spiritus
1219 639 1334 667 elevavit
1355 647 1412 672 me,
1430 644 1456 667 et
1473 640 1584 667 sustulit
1600 648 1652 673 me,
1675 645 1699 667 et
1717 639 1770 667 abii

981 684 1108 712 sublimis
1126 692 1188 712 acre
1203 686 1229 712 in
1245 685 1346 720 impetu
1362 686 1476 720 spiritus
1491 686 1555 718 mei,
1577 686 1616 720 (ν)
1630 690 1657 713 et
1673 693 1770 723 manus

981 729 1088 757 Domini
1106 730 1176 758 facta
1193 736 1234 758 est
1248 739 1330 766 super
1345 739 1388 758 me
1399 736 1505 766 potens.
1524 732 1566 759 l5.
1582 733 1614 759 Et
1632 732 1772 767 ingressus

984 783 1046 803 sum
1062 776 1089 802 in
1106 776 1292 811 captivitatem
1307 777 1434 804 sublimis
1451 785 1524 810 aere,
1538 782 1565 805 et
1587 777 1701 805 circuivi
1721 777 1772 804 ha-

980 821 1101 849 bitantes
1119 830 1202 857 super
1217 822 1329 849 lluvium
1346 822 1466 855 Chobar,
1483 831 1530 851 eos
1549 823 1595 858 qui
1609 827 1688 850 erant
1714 823 1769 850 ibi:

983 869 1009 892 et
1027 865 1085 893 sedi
1105 866 1140 893 ibi
1162 870 1264 900 septem
1285 867 1354 900 dies,
1372 867 1408 902 (κ)
1435 875 1601 895 conversans
1625 867 1651 894 in
1681 866 1771 894 medio

983 919 1090 939 eorum.
1108 911 1148 939 16.
1172 913 1205 940 Et
1222 912 1321 940 factum
1335 917 1375 940 est
1390 918 1450 948 post
1468 914 1519 940 hos
1537 918 1640 948 septem
1661 912 1721 940 dies
1738 913 1772 946 χ

983 961 1009 984 et
1026 954 1128 984 factum
1141 961 1182 984 cst
1198 958 1209 992 ζ
1230 958 1341 985 verbum
1362 959 1470 985 Domini
1483 959 1515 985 ad
1532 967 1585 992 me,
1599 959 1713 986 dicens:
1727 959 1770 984 l7.

983 1001 1035 1028 Fili
1050 1002 1180 1035 hominis,
1197 1003 1396 1036 speculatorem
1412 1003 1473 1030 dedi
1490 1007 1516 1030 te
1531 1003 1625 1031 domui
1652 1003 1770 1036 lsraelis,

982 1052 1009 1074 et
1024 1047 1119 1075 audies
1132 1055 1165 1074 ex
1182 1056 1228 1074 ore
1245 1055 1307 1075 meo
1323 1048 1447 1082 verbum,
1465 1049 1503 1084 (ιι)
1518 1053 1545 1076 et
1559 1049 1773 1076 commiuaheris

982 1092 1023 1120 eis
1042 1100 1056 1119 a
1071 1100 1123 1125 me,
1136 1094 1179 1120 l8.
1192 1100 1253 1119 cum
1271 1093 1367 1119 dixero
1384 1093 1500 1128 iniquo:
1520 1093 1606 1121 Morte
1624 1093 1770 1121 morieris:

983 1144 1011 1167 et
1031 1147 1084 1166 nou
1099 1138 1260 1172 distinxisti,
1281 1146 1368 1173 neque
1384 1139 1492 1167 locutus
1508 1147 1538 1167 es
1553 1139 1586 1167 ad
1602 1140 1773 1174 distinguen-

983 1186 1048 1213 dum
1066 1186 1174 1220 iniquo,
1194 1190 1223 1212 ut
1248 1190 1398 1212 revertatur
1424 1193 1440 1213 a
1465 1186 1515 1213 viis
1531 1186 1600 1218 suis,
1627 1191 1656 1214 ut
1679 1186 1771 1212 vivat:

983 1231 1095 1266 iniquus
1112 1231 1157 1258 ille
1181 1231 1257 1266 (1))ίιι
1279 1230 1411 1265 injustitia
1429 1238 1478 1258 sua
1494 1232 1640 1262 morietur,
1665 1235 1693 1258 et
1710 1238 1773 1258 sarr-

984 1277 1094 1311 guinem
1113 1277 1174 1311 ejus
1188 1277 1222 1304 de
1239 1285 1321 1304 manu
1340 1283 1386 1304 tua
1399 1277 1549 1312 requiram.
1574 1276 1616 1304 l9.
1641 1277 1673 1303 Et
1693 1282 1732 1310 tu,
1748 1277 1772 1304 si

984 1322 1144 1350 distinxeris
1158 1323 1264 1358 iniquo,
1279 1331 1329 1350 nec
1343 1331 1471 1351 reversus
1484 1323 1565 1351 fuerit
1580 1324 1614 1352 ab
1628 1324 1782 1359 iniquitate

984 1377 1044 1402 sua,
1065 1373 1092 1396 et
1107 1377 1123 1396 a
1137 1370 1181 1397 via
1195 1377 1256 1404 sua,
1273 1371 1384 1406 iniquus
1395 1371 1440 1399 ille
1456 1371 1482 1399 in
1503 1371 1636 1406 injustitia
1651 1379 1699 1399 sua
1714 1378 1773 1398 mo-

984 1415 1080 1448 rietur,
1094 1419 1121 1443 et
1136 1419 1165 1443 tu
1181 1416 1301 1444 animam
1317 1421 1390 1444 tuam
1405 1417 1544 1445 liberabis.
1560 1418 1606 1445 20.
1620 1418 1652 1445 Et
1667 1425 1729 1446 cum
1744 1425 1774 1445 se

984 1461 1114 1488 averterit
1129 1461 1221 1497 justus
1241 1470 1256 1489 a
1269 1462 1386 1498 justitiis
1401 1464 1469 1496 suis,
1482 1468 1509 1491 et
1518 1463 1613 1492 fecerit
1630 1464 1774 1497 delictum,

985 1508 1068 1535 etiam
1081 1507 1152 1535 dabo
1169 1513 1303 1536 tormenta
1315 1509 1343 1536 in
1360 1509 1459 1539 faciem
1472 1510 1546 1544 ejus:
1560 1511 1617 1545 ipse
1631 1511 1772 1542 morietur,

947 1568 969 1597 ο
986 1555 1050 1590 quia
1066 1562 1121 1582 non
1139 1555 1290 1583 distinxisti
1307 1555 1332 1583 ei
1346 1565 1352 1582 :
1373 1561 1401 1583 et
1425 1557 1452 1583 in
1468 1556 1588 1591 peccatis
1603 1557 1661 1583 suis
1675 1556 1774 1583 morie—

986 1605 1040 1634 tur,
1061 1601 1125 1636 quia
1152 1610 1205 1629 non
1227 1602 1516 1630 commemorabuntur
1532 1603 1555 1630 ei
1569 1602 1683 1637 justitiaa
1703 1602 1773 1636 ejus,

985 1655 1055 1683 quas
1073 1647 1147 1680 fecit,
1169 1653 1196 1675 et
1213 1648 1374 1683 sanguinem
1391 1648 1452 1682 ejus
1477 1648 1510 1676 de
1528 1656 1609 1675 mauu
1622 1652 1668 1675 tua
1680 1647 1774 1682 requi-

986 1701 1056 1720 ram.
1070 1693 1116 1721 2l.
1135 1693 1171 1728 (ε)
1189 1692 1228 1721 Tu
1244 1698 1334 1721 autem
1353 1694 1376 1720 si
1399 1694 1559 1721 distinxeris
1573 1694 1659 1729 justo,
1687 1699 1716 1720 ut
1741 1701 1775 1720 ne

986 1744 1090 1775 peccet,
1106 1744 1132 1766 et
1159 1740 1216 1774 ipse
1232 1748 1284 1767 non
1308 1741 1472 1775 peccaverit,
1498 1741 1588 1775 justus
1614 1740 1668 1767 vita
1691 1739 1774 1772 vivet,
1807 1757 1813 1762 .

986 1787 1050 1822 quia
1068 1787 1216 1814 distinxisti
1238 1786 1273 1819 ei,
1299 1791 1326 1813 et
1349 1791 1375 1813 tu
1391 1787 1510 1813 animam
1535 1792 1609 1813 tuam
1635 1785 1775 1812 liberabis.

985 1834 1030 1860 2'2.
1050 1833 1082 1859 Et
1096 1832 1166 1859 facta
1183 1837 1226 1860 est
1242 1840 1323 1868 super
1346 1840 1388 1860 me
1405 1833 1439 1867 )5:
1453 1832 1489 1860 ibi
1504 1832 1515 1867 ζ
1541 1839 1640 1859 manus
1657 1830 1774 1862 Domini,

986 1884 1013 1906 et
1025 1879 1093 1906 dixit
1107 1879 1141 1906 ad
1163 1886 1226 1908 me:
1245 1878 1343 1914 Surge,
1362 1884 1389 1907 ct
1408 1879 1538 1914 egredere
1554 1879 1580 1906 in
1596 1886 1732 1913 campum,
1750 1881 1776 1904 et

987 1926 1023 1953 ibi
1044 1925 1175 1953 allocutio
1191 1925 1235 1953 fiet
1249 1926 1283 1953 ad
1301 1930 1336 1952 te.
1354 1925 1398 1952 25.
1421 1925 1454 1952 Et
1468 1925 1586 1957 surrexi,
1608 1928 1636 1952 ct
1649 1931 1776 1960 egressus

987 1981 1047 2000 sum
1064 1972 1091 1999 in
1107 1980 1234 2007 campum
1248 1982 1255 1999 :
1268 1978 1294 2000 et
1309 1980 1372 2000 ecce
1387 1972 1423 1999 ibi
1439 1971 1523 2007 gloria
1545 1970 1652 1998 Domini
1676 1969 1776 2001 stabat,

988 2020 1059 2046 sicut
1075 2026 1108 2046 σι·-
1129 2019 1284 2053 adspectus,
1311 2024 1337 2046 et
1359 2018 1432 2046 sicut
1460 2018 1470 2051 ξ
1498 2017 1600 2052 gloria;
1612 2024 1695 2051 quam
1719 2015 1776 2042 'vidi

974 2072 1070 2098 .supcr
1081 2064 1192 2091 lluviuln
1211 2064 1329 2091 Chobar.
1341 2062 1374 2090 Et
1388 2063 1456 2090 cado
1468 2070 1549 2097 super
1561 2062 1657 2089 faciem
1677 2069 1775 2093 meam,

987 2111 1033 2137 Ἡ.
1051 2116 1078 2138 et
1091 2111 1165 2138 venit
1180 2118 1261 2144 super
1282 2118 1325 2137 me
1339 2110 1463 2144 spiritus,
1478 2113 1505 2136 et
1515 2109 1614 2136 statuit
1632 2116 1675 2135 me
1696 2115 1778 2142 super

989 2155 1072 2190 pedes
1088 2163 1175 2188 meos,
1192 2160 1218 2182 et
1238 2156 1347 2182 locutus
1362 2159 1403 2182 est
1428 2155 1461 2181 ad
1479 2162 1533 2185 me,
1550 2158 1578 2181 et
1594 2153 1666 2181 dixit
1687 2153 1753 2180 mihi
1770 2162 1776 2180 :

992 2200 1149 2236 Ingredere,
1161 2206 1187 2228 et
1198 2201 1338 2228 includere
1353 2201 1379 2227 in
1396 2201 1486 2227 medio
1502 2200 1601 2227 domus
1613 2199 1730 2227 tum?!»
1746 2199 1779 2225 Et

144 2247 237 2274 direut
261 2248 319 2275 tibi.
342 2248 368 2275 7.
395 2248 499 2276 Domus
524 2255 616 2277 autem
637 2249 746 2277 Israelis
771 2258 826 2277 non
846 2251 937 2278 volent
954 2240 975 2266 θ
991 2252 1031 2280 In,
1048 2246 1085 2273 ﬁli
1111 2246 1241 2279 hominis,
1260 2254 1324 2274 ecce
1338 2246 1409 2274 data
1423 2251 1487 2274 sunt
1507 2253 1591 2280 super
1608 2249 1634 2272 te
1657 2245 1781 2277 vincula,

144 2295 278 2322 exaudire
299 2299 335 2328 te,
353 2297 416 2330 quia
437 2304 492 2324 non
512 2297 609 2324 volunt
631 2297 761 2324 exaudire
785 2305 846 2330 me;
873 2297 938 2332 quia

147 2341 241 2369 oumis
254 2341 352 2370 domus
373 2342 483 2371 lsraelis
510 2343 622 2378 litigiosi
636 2349 711 2375 sunt,
726 2348 754 2371 et
770 2343 830 2370 duri
845 2344 938 2372 corde.

145 2387 176 2415 8.
190 2387 223 2415 Et
242 2396 306 2416 ecce
321 2389 383 2416 dedi
396 2388 493 2416 faciem
509 2394 581 2417 tuam
594 2394 731 2424 potentem
750 2395 844 2417 contra
856 2389 941 2418 facies

145 2439 254 2466 eorum,
271 2437 298 2460 et
308 2434 511 2462 contentionem
525 2439 600 2462 tuam
612 2434 798 2462 corroborabo
810 2435 942 2463 adversus

147 2479 353 2507 contentionem
378 2487 486 2513 eorum,
506 2480 533 2509 9.
547 2484 575 2508 et
587 2480 650 2513 erit,
671 2488 777 2516 semper
799 2480 937 2508 duriorem

146 2529 223 2559 petra
238 2526 273 2559 39’,
287 2526 348 2553 dedi
367 2525 408 2561 (ιι)
428 2526 544 2554 frontem
563 2530 639 2553 tuam
656 2526 668 2560 ζ
685 2535 692 2553 :
709 2534 743 2554 ne
767 2527 863 2554 timeas
879 2534 938 2559 eos,

148 2578 239 2606 neque
254 2579 354 2607 paveas
375 2581 390 2600 a
405 2573 475 2600 facie
492 2581 597 2605 eorum,
622 2573 684 2608 quia
704 2574 803 2602 domus
828 2574 940 2602 irritans

147 2622 200 2645 est.
219 2618 262 2645 10.
279 2619 309 2646 ΕΙ
328 2619 397 2647 dixit
410 2620 442 2647 ad
461 2627 523 2647 me:
541 2619 592 2647 Fili
615 2619 745 2653 hominis,
761 2627 857 2648 omnes
882 2628 941 2649 ser-

149 2670 260 2696 mones,
272 2673 342 2700 quos
364 2665 472 2694 locutus
496 2673 556 2693 sum
577 2670 682 2698 tecum,
707 2673 818 2694 assume
835 2667 862 2694 in
890 2674 939 2694 cor

188 2754 227 2790 (ο)
242 2755 314 2794 quod
331 2755 426 2794 loquar
439 2755 472 2782 ad
491 2759 529 2794 te.
556 2755 589 2794 Et
611 2755 751 2794 ingressus
770 2759 817 2794 _est
845 2755 872 2794 in
900 2754 1019 2794 medium
1047 2754 1099 2780 mei
1121 2752 1244 2794 spiritus.
1284 2752 1320 2785 (ρ)
1339 2752 1482 2794 Dominus.
1502 2752 1546 2794 μί)
1565 2752 1587 2777 si
1603 2758 1705 2794 querna

657 2790 692 2825 (ι’)
711 2790 751 2822 8.,
769 2790 941 2825 impudentes
963 2790 1035 2825 enim
1055 2787 1173 2825 sunter
1198 2788 1263 2825 sine
1277 2795 1325 2825 spe
1343 2787 1376 2825 ad
1402 2791 1437 2812 te.
1474 2787 1566 2825 (s)_S._,
1580 2787 1724 2825 scriptorio
1744 2791 1788 2812 ιιι-ι

150 2791 217 2817 dum
235 2790 399 2819 audiverim.
417 2791 615 2825 acquieveriut.

988 2299 1016 2321 ct
1033 2293 1153 2321 viucieut
1178 2298 1203 2320 te
1226 2293 1252 2320 iu
1271 2293 1318 2326 eis,
1344 2298 1370 2320 et
1385 2300 1438 2320 non
1463 2293 1612 2328 egredieris
1633 2292 1667 2319 de
1689 2291 1779 2319 medio

989 2348 1095 2368 eorum.
1113 2340 1159 2368 '26.
1177 2340 1209 2368 Et
1231 2340 1447 2375 linguam.tuan1
1472 2339 1555 2367 simul
1581 2339 1670 2375 ligabo
1691 2340 1724 2372 Χ
1744 2338 1776 2364 ad

990 2392 1083 2421 guttur
1112 2391 1189 2414 tuum
1207 2387 1231 2421 ζ,
1255 2392 1281 2414 et
1297 2387 1480 2419 obmutesces,
1499 2390 1525 2414 et
1543 2393 1596 2413 non
1613 2385 1667 2412 eris
1687 2385 1728 2412 eis
1750 2385 1777 2411 in

992 2433 1082 2458 virum
1099 2431 1292 2467 objul'gaulem
1307 2441 1314 2465 ;
1328 2431 1394 2466 quia
1407 2431 1505 2459 domus
1530 2430 1641 2458 irritans
1658 2433 1713 2468 esti
1731 2427 1778 2455 27.

993 2477 1103 2506 Etcum
1118 2478 1226 2505 locutus
1243 2478 1322 2506 luero
1340 2478 1373 2506 ad
1393 2483 1429 2510 te,
1451 2477 1570 2512 aperiam
1590 2483 1621 2503 os
1645 2480 1735 2508 tuum,
1753 2479 1780 2500 ct

993 2526 1068 2553 dices
1083 2525 1115 2552 ad
1131 2532 1196 2552 eos:
1221 2523 1282 2551 Haec
1297 2524 1362 2551 dicit
1381 2523 1421 2557 (ιλ)
1435 2524 1541 2551 Adonai
1556 2522 1703 2550 Dominus:
1728 2520 1780 2554 Qui

993 2573 1078 2605 audit,
1111 2571 1213 2603 audiat,
1238 2575 1265 2596 et
1291 2570 1338 2604 qui
1362 2570 1470 2597 rebellis
1488 2575 1540 2602 est,
1566 2569 1678 2597 rebellct
1693 2568 1782 2603 ;_quia

993 2619 1092 2646 domus
1106 2617 1217 2644 irritans
1229 2620 1281 2643 est.
1639 2642 1644 2646 _

1030 2666 1098 2699 Cap.
1116 2663 1160 2690 ιν.
1176 2664 1243 2690 —-l.
1261 2663 1292 2690 Et
1310 2667 1348 2695 tu,
1364 2662 1402 2690 fili
1421 2662 1558 2694 hominis,
1581 2669 1658 2689 sume
1678 2661 1725 2688 tibi
1744 2660 1784 2688 la-

1284 2751 1320 2785 ip)
1339 2750 1482 2778 Dominus.
1510 2751 1546 2785 (τι)
1565 2751 1587 2777 si
1603 2750 1783 2786 (plernadmo-

151 2826 362 2864 buia__rolnnda.
377 2826 409 2861 (ι)
480 2826 619 2864 planctus.
634 2821 673 2859 (ri)
684 2821 912 2864 contentionem."
927 2826 933 2859 (

985 2824 1023 2856 S.,
1045 2823 1226 2859 pulsationcm
1243 2821 1378 2864 sirnul"(i.
1396 2828 1421 2847 θ.
1435 2821 1649 2862 οοηψιοξίοηρηι)
1665 2821 1780 2864 alarum.

153 2862 192 2896 (υ)
210 2860 252 2891 S.,
271 2868 368 2888 manus
380 2855 467 2888 ‘c'niur
480 2855 584 2888 Domini
598 2855 757 2895 erat'supcr
772 2868 824 2888 me.
837 2861 874 2895 (ι)
893 2855 935 2892 8.,
958 2860 1026 2891 Th...
1043 2855 1170 2896 habitans
1186 2865 1245 2893 ego.
1270 2858 1308 2892 (11)
1326 2857 1368 2887 8.,
1385 2862 1412 2883 ct
1432 2857 1579 2896 prmv‘cnies
1600 2855 1722 2896 ruonchis
1736 2862 1781 2881 eos

153 2892 236 2924 arinc.
252 2895 289 2930 (ὁ)
308 2896 333 2923 in
350 2896 503 2932 iniquilatc.
518 2896 552 2932 (ι’)
567 2896 607 2930 S.,
624 2896 685 2931 Tir,
702 2892 724 2924 si
739 2903 803 2924 vero
819 2892 982 2932 przcvcncris
996 2892 1259 2929 monuerisjuslum,
1277 2899 1303 2920 ut
1316 2901 1348 2920 uc
1360 2896 1461 2927 peccet.
1480 2892 1518 2926 (ri)
1536 2892 1678 2919 Durninus.
