1959 3079
765 150 877 179 CODEX
904 149 1286 182 SYRIACO-HEXAPLARIS

1770 145 1838 174 2696

210 216 307 243 tet-em,
324 215 351 237 et
365 217 449 245 pones
464 217 527 238 eum
539 214 602 237 ante
611 209 707 236 faciem
722 213 807 240 tuam,
820 213 847 236 et
855 208 995 237 describes
1010 213 1033 240 Α
1047 208 1135 243 panis,
1163 213 1190 236 et
1203 215 1301 242 aquae:
1319 211 1346 234 et
1371 209 1562 240 corrumpetur
1585 204 1678 236 homo,
1703 206 1731 230 et
1759 202 1840 230 frater

210 263 293 291 super
306 263 339 283 eo
355 256 450 283 urbem
467 254 620 282 Jerusalem
636 264 642 282 :
657 254 684 281 Ξ.
701 258 728 282 et
742 254 821 281 dabis
839 262 922 288 super
935 262 995 281 eam

210 302 245 336 (ι)
260 301 451 333 inclusionem,
468 305 495 327 et
511 300 658 327 tediticabis
675 307 757 334 super
771 307 830 327 eam
848 299 880 334 (Ῑ)
897 307 998 334 propu-

210 347 335 383 gnacula,
348 352 373 374 et
386 347 471 381 jacies
486 353 568 380 super
577 353 636 372 eam
654 345 768 378 fossam,
784 349 812 372 et
823 346 903 372 dabis
915 353 997 380 super

209 400 268 420 eam
292 397 392 424 castra,
412 396 439 418 et
461 391 603 418 ordinabis
629 392 762 419 stationes
788 396 815 418 et
842 392 956 420 balistas
969 393 996 420 in

208 446 284 474 gyro.
301 439 326 464 5.
341 437 373 464 Et
387 443 414 464 tu
431 445 509 465 sume
521 438 569 464 tibi
587 438 752 472 sartaginem
771 437 835 465 ferri
846 459 853 470 ,
872 443 898 466 et
910 446 997 473 ponas

207 491 267 510 eam
281 483 411 518 parietem
437 483 500 510 ferri
519 483 590 510 inter
610 487 636 510 te
656 487 683 510 et
701 483 773 510 inter
794 484 900 515 urbem.
916 484 954 519 (g)
970 489 998 512 et

207 527 316 562 parabis
331 527 427 555 faciem
449 533 524 555 tuum
540 535 623 563 super
633 535 704 560 eam,
723 528 761 562 (Ιι)
778 533 804 555 et
822 529 874 556 erit
888 529 915 556 in
932 536 997 556 con-

206 573 339 605 clusione,
363 578 389 601 et
413 573 560 601 concludes
581 581 640 601 eam
661 582 667 600 :
683 574 792 607 signum
808 579 850 602 est
865 575 917 602 hoc
933 575 997 603 filiis

206 616 326 644 lsraelis.
342 617 368 644 4.
387 616 420 644 Et
441 621 469 644 tu
496 618 610 645 cubabis
625 625 707 652 super
728 619 800 646 latus
827 623 903 646 tuum
929 620 997 647 siui-

206 667 343 695 strnm,et
352 670 438 697 pones
452 663 602 696 injustitias
620 662 720 690 domus
737 662 844 692 lsraelis
857 672 939 699 super
951 673 995 699 eo,

205 709 284 743 juxta
303 717 448 736 numerum
464 709 572 737 dierum
589 717 620 737 -ε-
639 710 786 744 nonaginta
804 715 830 737 et
845 712 995 746 centnm1,

206 762 277 789 quos
296 755 410 782 cubabis
428 762 510 789 super
533 763 576 787 eo,
591 760 618 782 et
642 762 768 782 assumes
787 755 937 789 injustitias
950 763 998 783 eo-

208 808 279 828 rum.
296 800 323 827 5.
342 799 374 827 Et
387 808 437 835 ego
456 800 518 827 dedi
536 800 584 827 tibi
598 800 667 828 duas
688 800 837 834 injustitias
858 809 952 828 eorum
969 801 996 828 in

207 853 350 873 numerum
369 845 487 878 dierum,
503 849 529 873 et
549 850 659 873 centum
674 846 743 879 dies,
764 851 792 874 et
816 854 941 874 assumes
958 847 998 874 iii-

204 892 327 926 justilias
341 892 440 919 domus
454 892 571 920 lsraelis.
588 893 615 919 6.
629 892 663 919 Et
673 893 880 920 consummabis
894 893 952 920 haac
962 900 994 920 +
1011 885 1032 912 Β

205 938 298 965 omnia
322 937 332 971 1
351 959 358 970 ,
381 943 408 965 et
438 937 552 964 cnbabis
574 945 655 972 super
676 937 748 965 latus
768 944 844 965 tuum
868 938 995 966 dextrum

206 984 369 1017 )(secundo
386 983 419 1018 1,
443 988 470 1011 et
490 991 615 1010 assumes
635 983 785 1017 injustitias
806 983 904 1011 domus
919 983 996 1011 Iudae

204 1029 386 1065 quadraginta
400 1029 476 1057 dies:
493 1029 565 1056 diem
583 1029 610 1056 in
629 1037 731 1056 annum
749 1029 829 1064 posui
845 1029 903 1057 tibi.
918 1030 943 1056 7.
963 1030 996 1057 Et

204 1076 231 1102 in
250 1075 458 1103 conclusronem
470 1074 622 1102 Jerusalem
633 1075 664 1110 ti)
673 1075 784 1110 parabis
799 1075 896 1103 faciem
907 1079 993 1107 tuam,

203 1127 230 1149 et
247 1121 390 1149 brachium
405 1126 481 1148 tuum
497 1121 699 1154 corroborabis,
716 1128 743 1148 et
760 1122 936 1156 prophelabis
952 1129 997 1149 su-

204 1175 251 1202 per
263 1175 333 1195 eam.
352 1167 378 1195 8.
392 1166 425 1194 Et
435 1175 485 1203 ego
496 1175 561 1194 ecce
575 1167 637 1194 dedi
651 1175 733 1202 super
751 1172 775 1194 te
790 1168 910 1200 vincula,
924 1173 951 1194 et
962 1175 996 1195 ne

203 1218 350 1241 convertas
379 1214 450 1241 tede
468 1214 554 1241 latere
585 1218 631 1240 tuo
654 1214 681 1240 in
712 1214 785 1241 latus
807 1218 894 1246 tuum,
908 1214 997 1241 donec

202 1260 332 1296 completi
357 1259 460 1287 fuerint
479 1259 539 1287 dies
569 1258 756 1286 conclusionis
785 1262 848 1286 tuae.
879 1258 906 1286 9.
918 1257 952 1285 Et
966 1264 995 1285 tu

203 1313 283 1334 sume
302 1306 350 1334 tibi
366 1306 499 1338 triticum,
513 1310 541 1332 et
560 1305 709 1338 hordeum,
720 1310 747 1332 et
758 1304 844 1336 fabas.
861 1309 888 1331 et
898 1304 994 1335 lentes,

203 1356 231 1379 et
246 1351 363 1384 milium,
387 1356 416 1379 et
439 1351 566 1386 speltam,
589 1355 617 1378 et
638 1351 731 1377 mittes
753 1350 827 1377 eain
845 1357 894 1377 vas
911 1357 994 1376 unum

206 1404 237 1424 -ο-
250 1402 399 1425 testaceum
416 1397 429 1432 1
445 1406 451 1423 :
469 1401 496 1424 et
513 1396 597 1424 facies
614 1404 644 1424 ea
660 1396 708 1423 tibi
729 1395 755 1423 in
776 1403 871 1430 panes,
883 1396 995 1430 etjuxta

204 1451 348 1471 numerum
359 1443 477 1473 dierum,
490 1450 560 1477 quos
572 1447 600 1469 tu
613 1441 718 1469 dormis
731 1449 813 1477 super
837 1441 921 1468 latere
937 1445 993 1474 tuo,

204 1488 352 1524 nonaginta
366 1493 393 1515 et
407 1493 516 1515 centum
527 1487 586 1514 dies
599 1487 726 1515 comedes
752 1495 795 1514 ea.
815 1486 858 1515 10.
870 1486 904 1514 Ει
917 1486 995 1514 cibus

204 1538 278 1566 tuus,
292 1541 374 1569 quem
390 1533 531 1566 comedes,
547 1533 574 1560 in
588 1532 709 1568 pondere
728 1533 821 1568 viginti
837 1532 920 1560 siclos
931 1532 993 1559 die:

1048 255 1119 290 ejus,
1134 257 1161 281 ct
1174 254 1326 288 liquescent
1339 253 1366 280 in
1380 251 1523 287 injustitiis
1537 250 1605 278 suis.

1083 301 1151 335 Cap.
1168 299 1200 326 V.
1210 300 1286 327 —Et
1300 303 1339 330 lu.
1353 299 1390 326 fili
1412 297 1541 330 hominis.
1559 304 1636 325 sume
1657 295 1706 324 tibi
1717 295 1838 331 gladium

1048 351 1157 373 acutum
1183 345 1246 380 plus
1270 352 1353 380 quam
1382 343 1516 371 novacula
1533 341 1664 374 tonsoris,
1684 346 1712 368 et
1732 341 1842 376 posside

1046 399 1109 419 eum
1123 391 1182 424 tibi,
1197 397 1224 418 et
1236 391 1349 418 inducas
1359 398 1420 417 eum
1433 397 1514 424 super
1527 392 1609 423 caput
1627 391 1752 419 tnum,et
1760 394 1841 421 super

1047 436 1160 464 barbam
1176 442 1252 464 tuam
1267 444 1274 464 :
1288 441 1315 463 et
1330 442 1423 463 sumes
1442 435 1475 468 Χ
1489 433 1537 460 tibi
1558 434 1570 468 ζ
1590 437 1719 460 stateram
1737 431 1840 466 ponde-

1047 490 1120 515 rum,
1134 487 1162 510 et
1174 481 1280 510 divides
1293 488 1343 508 ea:
1356 481 1384 507 2.
1404 485 1531 515 quartam
1551 483 1657 513 partem
1682 478 1710 504 in
1728 477 1791 513 igne
1803 476 1840 512 (ιι)

1047 527 1198 563 dissipabis
1212 528 1238 554 in
1251 527 1342 554 medio
1354 526 1441 555 urbis.
1466 525 1505 560 (ο)
1529 524 1608 559 juxta
1629 523 1841 558 completionem

1047 573 1153 602 dierum
1171 573 1358 601 conclusionis
1372 580 1379 598 :
1395 577 1422 599 et
1435 578 1528 599 sumes
1544 574 1670 605 quartam
1684 574 1840 604 partem,+

1046 624 1074 647 et
1088 620 1300 647 combureseam
1312 619 1339 646 in
1350 617 1506 652 medioejus
1519 621 1561 644 :et
1568 620 1694 651 quartam
1706 621 1813 650 partem
1827 616 1838 650 1

1048 665 1178 693 coucides
1192 665 1219 692 in
1234 664 1324 699 gladio
1336 665 1440 692 circum
1457 670 1517 690 eam
1531 671 1538 690 :
1553 667 1580 690 et
1594 666 1721 697 quartam
1734 665 1840 696 partem

1047 711 1187 746 disperges
1208 715 1291 738 vento
1313 718 1320 736 :
1355 713 1383 737 et
1405 709 1525 744 gladium
1544 708 1682 745 evacuabp
1697 712 1761 742 post
1782 714 1840 735 eos.

1047 757 1073 784 5.
1088 756 1120 784 Et
1135 764 1228 785 sumes
1242 757 1305 784 inde
1318 762 1422 791 paucos
1433 756 1460 782 in
1474 762 1600 786 numero,
1619 759 1646 782 et
1658 754 1740 782 simul
1753 754 1842 781 invol-

1046 810 1095 830 ves
1109 810 1156 831 eos
1171 803 1331 830 indumento
1347 805 1404 829 tuo.
1418 801 1444 829 ι.
1465 800 1499 829 Ει
1511 809 1545 828 ex
1570 801 1614 828 his
1629 808 1722 828 sumes
1740 800 1840 833 adhuc,

1047 854 1074 876 et
1089 848 1219 884 projicies
1234 855 1266 876 ea
1284 848 1310 875 in
1323 847 1443 875 medium
1466 847 1548 882 ignis,
1561 851 1589 874 et
1609 846 1755 874 eombures
1771 853 1803 873 ea
1815 846 1840 873 in

1047 893 1108 929 igne
1125 903 1132 921 :
1148 901 1181 920 ex
1208 900 1241 921 ea
1264 892 1418 929 egredietur
1438 891 1529 927 ignis:
1556 899 1586 919 +
1601 895 1627 918 et
1645 890 1746 924 dices1
1764 890 1840 917 omni

1047 939 1141 967 domui
1160 938 1268 967 lsraelis
1282 948 1289 965 :
1305 938 1330 966 5.
1346 937 1408 966 Haec
1423 937 1602 965 dicitAdonai
1614 936 1763 964 Dominus:
1776 935 1839 964 Haec

1046 985 1211 1018 Jerusalem,
1228 985 1266 1020 (p)
1282 985 1310 1012 in
1326 984 1416 1012 medio
1427 984 1547 1019 gentium
1562 983 1641 1018 posui
1662 991 1735 1015 eam,
1750 988 1779 1010 et
1797 990 1841 1010 rc-

1047 1030 1141 1066 gioncs
1152 1038 1213 1066 quae
1226 1031 1299 1058 circa
1313 1038 1385 1057 eam.
1402 1029 1429 1057 6.
1443 1030 1480 1064 (ᾳ)
1507 1028 1539 1056 Et
1554 1029 1628 1056 dices
1641 1028 1673 1064 (‘)
1687 1028 1750 1062 jura
1781 1035 1839 1056 mea

1046 1077 1121 1112 (ipsi)
1135 1078 1228 1112 inique
1243 1085 1277 1104 ex
1292 1076 1428 1112 gentibus,
1444 1080 1472 1103 et
1485 1075 1607 1110 legitima
1621 1081 1681 1101 mea
1697 1081 1731 1101 ex
1752 1073 1842 1108 regio-

1047 1124 1215 1158 nibus,qu:e
1234 1123 1307 1150 circa
1321 1129 1400 1155 eam;
1417 1121 1482 1156 quia
1500 1121 1564 1155 jura
1588 1127 1648 1148 mea
1668 1119 1840 1154 repulerunt,

1046 1174 1073 1197 et
1086 1169 1113 1196 in
1128 1168 1233 1204 legibus
1248 1168 1315 1195 meis
1328 1175 1383 1194 non
1397 1166 1575 1193 ambularunt
1586 1165 1612 1192 in
1624 1166 1676 1193 eis.
1686 1165 1713 1192 ’1.
1727 1164 1841 1199 Propter

1048 1215 1099 1242 hoc
1114 1215 1171 1242 haec
1193 1213 1261 1241 dicit
1277 1213 1382 1241 Adonai
1407 1212 1542 1240 Dominus
1560 1220 1566 1237 :
1591 1211 1645 1238 Pro
1659 1217 1692 1238 eo
1711 1212 1787 1246 quod
1803 1210 1840 1246 (r)

1047 1260 1156 1288 occasio
1168 1264 1257 1287 vestra
1272 1267 1304 1286 ex
1322 1259 1460 1294 gentibus,
1483 1265 1545 1293 qua
1557 1258 1584 1284 in
1599 1257 1719 1285 circuitu
1731 1261 1837 1289 vestro,

1046 1310 1074 1333 et
1086 1305 1112 1332 in
1127 1305 1258 1340 legitimis
1271 1304 1340 1331 meis
1352 1311 1406 1331 non
1422 1302 1596 1334 ambulastis,
1614 1306 1642 1329 et
1663 1301 1842 1336 justilicatio-

1047 1359 1096 1379 nes
1109 1359 1184 1378 meas
1193 1359 1248 1378 non
1260 1350 1374 1382 fecistis,
1388 1349 1434 1377 sed
1446 1346 1841 1384 nequejuxtajustiﬂcationes

1047 1397 1180 1431 gentium,
1197 1404 1259 1431 qme
1274 1397 1302 1423 in
1321 1395 1438 1423 circuitu
1465 1399 1567 1427 vestro,
1585 1393 1690 1421 fecistis
1707 1402 1714 1419 :
1728 1391 1755 1419 8.
1777 1399 1841 1427 pro-

1047 1447 1105 1478 pter
1121 1443 1173 1469 hoc
1181 1443 1239 1470 inec
1248 1441 1315 1470 dicit
1329 1441 1436 1468 Adonai
1446 1440 1580 1468 Dominus
1597 1447 1603 1465 :
1617 1439 1687 1466 Ecce
1695 1445 1746 1474 ego
1757 1443 1842 1472 super

1047 1496 1107 1521 vos,
1121 1493 1148 1516 et
1160 1495 1210 1524 ego
1223 1488 1323 1515 faciam
1338 1487 1365 1514 in
1380 1486 1471 1524 medio
1486 1486 1525 1513 tui
1543 1485 1646 1521 judicia
1667 1491 1762 1511 coram
1775 1491 1842 1518 gen-

1049 1536 1131 1567 tibus,
1146 1534 1173 1562 9.
1188 1539 1215 1562 et
1227 1534 1325 1561 faciam
1340 1534 1368 1561 in
1384 1537 1421 1565 te,
1438 1539 1499 1567 qua:
1514 1539 1568 1558 non
1581 1530 1642 1564 feci,
1660 1535 1688 1557 ct
1703 1537 1766 1564 qua:
1785 1536 1840 1556 non

204 1587 219 1606 ἢ
231 1584 353 1614 ιθωροτε
369 1586 456 1614 usque
472 1578 506 1605 ad
530 1583 638 1613 tempus
656 1577 783 1605 comedes
794 1586 837 1605 ea-
852 1593 888 1598 —
899 1577 943 1604 il-
961 1577 995 1605 Εί
1009 1570 1030 1598 C
1048 1581 1147 1608 faciam
1162 1579 1264 1607 similia
1279 1579 1320 1606 eis
1339 1578 1458 1613 amplius
1478 1578 1557 1612 juxta
1576 1582 1673 1604 omnes
1693 1574 1840 1602 abomina-

203 1633 302 1660 aquam
321 1625 347 1652 in
369 1631 496 1652 mensura
510 1624 598 1656 bibes,
617 1628 722 1652 sextam
737 1629 838 1658 partem
854 1623 882 1651 ln
897 1632 912 1650 a
923 1629 994 1652 tem-

203 1678 270 1706 pore
299 1678 386 1706 usque
411 1670 444 1698 ad
479 1675 589 1704 tempus
617 1669 708 1696 bibes.
738 1670 781 1697 l2.
798 1669 881 1705 Et(k)
897 1678 992 1705 panem

152 1746 160 1752 ι
203 1716 412 1744 subcineritium
426 1716 520 1743 hordei
532 1715 659 1742 comedes
677 1721 708 1741 ea
726 1723 733 1740 :
747 1714 773 1741 in
786 1714 850 1741 fimo
863 1717 993 1743 stercoris

204 1762 318 1788 humani
344 1761 499 1788 abscondes
520 1769 553 1788 ea
575 1765 638 1788 ante
659 1760 753 1787 oculos
771 1767 878 1791 eorum,
897 1761 940 1788 l5.
967 1765 994 1788 et

204 1807 298 1835 dices:
320 1807 383 1834 llaec
402 1807 468 1834 dicit
489 1806 621 1834 Dominus
635 1813 665 1834 -ι-
681 1805 754 1834 Deus
773 1806 926 1841 lsraelis1:
948 1806 994 1834 Sic

205 1853 349 1881 comedent
361 1853 408 1880 filii
427 1852 535 1880 lsraelis
548 1854 582 1886 Χ
594 1860 692 1887 panem
715 1852 726 1886 1
744 1859 823 1879 suum
840 1860 895 1879 non
911 1860 993 1880 mun-

203 1899 268 1926 dum
283 1898 314 1935 (ι)
332 1898 358 1926 in
374 1898 511 1934 gentibus,
521 1899 739 1934 quodispergam
753 1906 801 1926 eos
814 1898 888 1926 illuc.
907 1899 950 1925 Η.
960 1899 994 1926 Ει

203 1944 261 1972 dixi
278 1953 285 1972 :
301 1944 489 1980 Nequaquam,
503 1944 617 1972 Domine
636 1944 708 1972 Deus
722 1944 846 1973 lsraclis:
862 1945 884 1973 si
901 1945 992 1972 anima

203 1997 264 2017 mea
281 1997 335 2018 non
352 1991 455 2026 polluta
470 1998 501 2018 +
517 1991 544 2018 in
570 1991 743 2019 immunditia
757 1991 767 2025 1
782 2011 790 2024 ,
813 1995 840 2019 et
869 1991 992 2019 mortici-

203 2036 289 2070 nium,
306 2041 333 2067 et
350 2041 459 2072 captum
477 2045 492 2064 a
513 2037 579 2064 feris
606 2045 661 2064 non
684 2037 789 2064 comedi
819 2045 834 2064 a
852 2037 993 2064 nativitate

202 2090 262 2109 mea
275 2090 361 2118 usque
378 2090 462 2115 nunc,
481 2090 570 2118 neque
587 2083 729 2118 ingressus
743 2088 784 2110 est
806 2083 831 2109 in
850 2091 882 2110 os
900 2090 991 2110 meum

203 2128 333 2155 +omnis
359 2128 371 2163 1
400 2136 466 2156 caro
489 2129 640 2155 immunda.
667 2129 710 2156 15.
730 2129 763 2156 Et
779 2128 848 2156 dixit
872 2129 905 2155 ad
925 2136 990 2156 me:

202 2174 271 2202 Ecce
286 2175 346 2202 dedi
367 2175 415 2203 tibi
432 2177 465 2210 Χ
476 2176 510 2202 τὰ
521 2176 534 2210 1
547 2180 666 2203 stercora
689 2175 771 2202 boum
792 2183 841 2210 pro
863 2175 992 2203 stercori—

201 2220 253 2247 bus
268 2219 407 2252 humanis,
419 2225 446 2247 et
459 2220 542 2248 facies
553 2227 637 2255 panes
652 2225 714 2248 tuos
738 2226 820 2255 super
832 2221 882 2248 eis.
896 2219 939 2247 16.
959 2220 993 2247 Et

200 2265 269 2292 dixit
281 2265 315 2293 ad
328 2273 387 2293 me:
406 2266 458 2293 Fili
475 2266 604 2298 hominis,
622 2274 685 2294 ecce
694 2273 744 2301 ego
757 2265 901 2301 cornfringo
911 2265 992 2293 fulci-

201 2315 322 2339 mentum
349 2312 426 2347 panis
445 2312 472 2339 in
497 2311 659 2346 Jerusalem,
688 2317 714 2340 et
733 2313 877 2340 comedent
892 2320 990 2348 panem

200 2357 279 2386 etiam
296 2358 322 2385 in
343 2359 473 2394 pondere,
493 2363 520 2386 et
535 2360 561 2386 in
575 2359 708 2394 penuria:
724 2363 752 2386 et
763 2367 861 2394 aquam
878 2360 904 2386 in
917 2367 993 2386 men-

200 2412 275 2439 sura,
307 2411 334 2433 et
358 2405 408 2442 (γη)
434 2406 462 2433 in
493 2406 576 2433 exilit)
597 2405 702 2438 bilienl,
719 2405 762 2433 17.
791 2410 819 2434 ut
835 2405 912 2442 egeni
927 2407 993 2433 liaut

249 2560 284 2597 (ε)
310 2560 352 2593 S.,
380 2561 512 2588 ambitum
543 2562 605 2589 belli
638 2562 675 2597 (i.
700 2569 725 2589 e.

754 2562 950 2597 obsidionem).
985 2562 1018 2596 (Ῑ)
1040 2561 1088 2592 S.,
1123 2561 1322 2589 munimentum
1364 2560 1446 2588 muri.

1048 1627 1138 1654 tiones
1152 1631 1224 1653 tuas.
1239 1625 1281 1652 10.
1294 1623 1410 1659 Propter
1426 1624 1478 1651 hoc
1493 1628 1584 1658 patres
1609 1621 1757 1649 comedent
1770 1620 1841 1647 tilias

1048 1673 1075 1699 in
1094 1672 1184 1699 medio
1199 1671 1249 1702 tui,
1262 1676 1289 1698 et
1304 1670 1350 1697 filii
1366 1668 1510 1698 comedent
1527 1673 1619 1704 patres
1637 1675 1643 1693 :
1658 1672 1684 1694 et
1701 1666 1800 1694 faciam
1812 1666 1840 1693 in

1049 1723 1076 1745 te
1087 1717 1201 1752 judicia,
1226 1720 1253 1743 et
1272 1716 1427 1751 dispergam
1456 1721 1553 1742 omnes
1579 1712 1705 1740 residuos
1723 1716 1788 1739 tuos
1812 1711 1840 1738 in

1048 1772 1158 1792 omnem
1185 1767 1307 1790 ventum.
1335 1761 1380 1789 ll.
1399 1761 1517 1796 Propter
1546 1760 1598 1787 hoc
1623 1759 1685 1786 vivo
1698 1765 1759 1793 ego,
1775 1757 1842 1784 dicit

1047 1810 1152 1837 Adonai
1167 1809 1309 1840 Dominus,
1325 1807 1378 1836 nisi
1392 1815 1440 1842 pro
1455 1814 1486 1834 eo
1500 1806 1572 1841 quod
1585 1804 1685 1832 Sancta
1701 1811 1762 1831 mea
1774 1810 1841 1830 con—

1048 1855 1187 1882 taminasti
1204 1855 1232 1882 in
1247 1854 1375 1882 omnibus
1392 1854 1427 1886 Χ
1442 1851 1476 1887 (s)
1500 1849 1752 1879 abominationibus
1773 1848 1839 1879 tuis,

1047 1906 1073 1928 et
1087 1901 1113 1927 in
1125 1900 1254 1928 omnibus
1280 1900 1292 1935 ζ
1319 1898 1535 1934 inquinamentis
1550 1897 1616 1930 tuis,
1636 1896 1719 1924 etiam
1738 1902 1790 1930 ego
1806 1894 1840 1929 (ι)

1046 1946 1181 1982 expellam
1197 1950 1223 1973 te
1238 1953 1245 1972 :
1263 1953 1316 1973 non
1332 1949 1426 1980 parcet
1441 1944 1538 1971 oculus
1554 1949 1647 1974 meus,
1669 1947 1696 1969 et
1710 1948 1761 1976 ego
1784 1948 1839 1967 non

1046 1993 1208 2021 miserebor.
1229 1992 1272 2020 l2.
1291 1991 1392 2026 Quarta
1407 1998 1470 2026 pars
1482 1991 1520 2017 tui
1534 1989 1561 2016 in
1583 1994 1671 2016 morte
1691 1994 1840 2014 consume-

1048 2043 1110 2065 tur:
1126 2044 1154 2065 -ι-
1174 2042 1201 2065 ct
1218 2041 1316 2072 quarta
1335 2044 1400 2071 pars
1416 2036 1454 2062 lui
1472 2036 1483 2070 1
1501 2035 1529 2062 in
1543 2034 1615 2061 fame
1631 2032 1794 2060 conﬁcietur
1812 2031 1839 2058 in

1047 2083 1137 2110 medio
1153 2083 1191 2109 tui
1205 2092 1211 2109 ;
1227 2085 1261 2116 Χ
1277 2086 1304 2109 et
1317 2086 1415 2117 quarta
1440 2088 1505 2115 pars
1536 2079 1575 2106 tui
1599 2079 1627 2106 in
1653 2077 1744 2114 gladio
1760 2078 1841 2104 cadet

1047 2129 1119 2156 circa
1137 2133 1162 2156 te
1185 2128 1214 2162 1:
1234 2132 1261 2155 et
1277 2132 1403 2163 quartam
1418 2131 1524 2161 partem
1542 2125 1579 2152 tui
1601 2125 1627 2151 in
1646 2131 1755 2151 onmem
1772 2130 1839 2149 ven-

1047 2181 1103 2202 tum
1116 2174 1272 2210 dispergam
1287 2182 1351 2201 eos:
1365 2178 1392 2200 et.
1407 2173 1527 2208 gladium
1542 2171 1682 2199 evacuabo
1700 2174 1764 2205 post
1780 2176 1838 2196 eos.

1047 2222 1090 2249 l3.
1107 2221 1140 2248 Et
1167 2220 1349 2255 complebitur
1362 2220 1437 2247 furor
1454 2227 1542 2252 meus,
1569 2223 1597 2246 et
1612 2218 1653 2245 ira
1678 2225 1741 2244 mea
1758 2223 1840 2251 super

1046 2275 1104 2298 eos,
1114 2268 1148 2301 Χ
1169 2271 1196 2294 et
1209 2267 1374 2294 consolabor
1386 2266 1430 2302 (“)
1447 2266 1458 2301 ζ
1472 2287 1479 2299 ,
1491 2270 1519 2293 et
1534 2271 1694 2301 cognosces,
1714 2262 1779 2298 quia
1789 2269 1840 2297 ego

1048 2313 1180 2340 Dominus
1197 2313 1305 2340 locutus
1321 2320 1382 2340 sum
1395 2312 1422 2339 in
1434 2311 1492 2339 zelo
1506 2318 1583 2343 meo,
1609 2317 1671 2337 eum
1691 2309 1840 2344 implevero

1047 2360 1115 2387 iram
1131 2367 1219 2387 meam
1237 2360 1263 2386 in
1277 2359 1327 2386 eis.
1344 2359 1387 2387 l4.
1403 2357 1436 2385 Et
1449 2365 1548 2394 ponam
1562 2362 1587 2384 te
1603 2357 1630 2383 in
1643 2356 1795 2386 desertum,
1812 2359 1838 2382 et

1047 2405 1074 2433 in
1087 2405 1276 2440 opprobrium,
1291 2406 1324 2438 Χ
1337 2405 1364 2432 in
1382 2404 1519 2440 gentibus,
1546 2410 1608 2438 quae
1633 2402 1705 2430 circa
1721 2406 1748 2428 te
1768 2401 1798 2435 1,
1813 2405 1837 2428 et

1833 2510 1839 2545 l

1490 2558 1528 2594 (g)
1543 2557 1597 2594 γε..
1626 2562 1653 2584 et
1676 2560 1826 2594 convertes

203 2591 294 2629 (ωςζ,
312 2591 390 2623 υιέἱι
406 2597 544 2624 conclusa.
561 2597 591 2632 (i)
604 2591 646 2629 S.,
664 2597 805 2625 ordinabis
823 2591 1022 2628 faciem'tuaiii,
1037 2603 1064 2625 et
1080 2597 1222 2624 brachium
1247 2602 1323 2624 tuum
1347 2597 1463 2623 nudum.
1480 2591 1577 2629 (10's.,
1593 2591 1824 2632 complementum

203 2625 239 2665 (ιί
254 2625 322 2667 blla
338 2636 465 2667 contactu
483 2625 615 2666 gentium.
633 2625 680 2667 (ιη)
695 2632 736 2663 S.,
753 2640 816 2660 eum
832 2633 971 2662 violentia,
988 2625 1027 2664 ut,
1049 2640 1112 2659 cum
1128 2633 1205 2667 egeni
1219 2637 1284 2659 sunt
1298 2632 1377 2666 panis
1393 2636 1421 2658 et
1435 2625 1528 2667 aquai,
1555 2625 1708 2656 conn-actio
1725 2627 1776 2653 eis.
1793 2625 1833 2659 (ιι)

201 2666 359 2694 comburas.
377 2666 414 2701 (0)
429 2665 470 2698 S.,
485 2664 547 2694 cum
563 2664 689 2702 completi
706 2668 806 2695 fuerint
821 2669 890 2696 dies.
909 2671 945 2702 lp)
962 2667 1004 2699 S.,
1021 2673 1080 2695 erat
1093 2668 1120 2694 in
1135 2664 1223 2694 medio
1239 2664 1372 2702 gentium.
1400 2664 1504 2702 (q)__§.,
1528 2668 1762 2702 mutarunt__vero
1773 2668 1837 2702 "pro

213 2702 312 2728 lltllt'lis
327 2701 396 2738 meis
412 2702 576 2736 impietates,
592 2701 661 2738 quas
677 2711 691 2729 a
706 2704 843 2737 gentibus.
865 2704 896 2737 Γ)
908 2701 960 2730 Pro
973 2709 1062 2734 anni,
1076 2708 1101 2730 et
1118 2701 1251 2734 mutavit,
1273 2703 1397 2738 legerunt

1436 2699 1481 2727 XX
1498 2705 1606 2730 annm,
1625 2703 1650 2725 et
1666 2698 1749 2724 dices.
1770 2697 1837 2729 Qua:

210 2738 282 2764 ectin
296 2731 514 2773 absurda,sicut
525 2742 552 2764 et
568 2731 676 2773 ea'qua’.
689 2731 852 2773 seuuuntur.
867 2731 974 2766 'S'ensus
988 2731 1061 2765 enim
1076 2738 1157 2766 Hebr.
1172 2731 1369 2765 veritatisvest:
1387 2741 1413 2763 et
1431 2736 1548 2773 mutavit
1563 2733 1738 2773 (Jerusalem)

199 2773 241 2800 cia
271 2779 330 2799 nica
368 2772 395 2808 i_n
430 2772 595 2806 impietatem
625 2772 686 2808 prae
720 2772 856 2808 gentibus.
892 2773 994 2801 Βκλειι.

1038 2775 1073 2808 (ι’)
1099 2773 1129 2801 8·
1139 2794 1147 2806 ι

1574 2770 1608 2805 (3)
1643 2768 1690 2799 S.,
1723 2766 1835 2802 pollutis

1175 2773 1321 2800 multitudo
1349 2777 1439 2800 vestra
1471 2770 1531 2798 fuit.

200 2807 265 2845 tuis.
305 2804 497 2845 (“)_Passive,
518 2815 533 2833 a
554 2804 638 2845 verbo
652 2804 759 2845 ιρηιιῖιυ
777 2808 986 2845 (εΐηιίοτεεΙΙίυρ
1005 2804 1191 2845 ιειέὶόοιι).⁷1ιθ
1205 2807 1380 2844 reposuimus
1404 2812 1433 2834 ut
1461 2806 1623 2841 respondeat
1636 2804 1706 2840 Syro
1720 2806 1835 2835 sum“,

198 2847 226 2871 et
243 2842 339 2871 Grato
355 2841 556 2876 Tetraplornm,
575 2844 608 2876 Χ
639 2844 684 2869 καὶ
699 2844 957 2880 παρακληθήσομαι.
974 2844 1074 2872 Dnacu.
