  <div class='ocr_page' id='page_1' title='image "/cluster/home/n/w/nwhite01/storage/ocr_20150623/16, pt.3/njp.32101010944575/210.png"; bbox 0 0 1959 3079; ppageno 0'>
   <div class='ocr_carea' id='block_1_1' title="bbox 112 152 182 182">
    <p class='ocr_par' dir='ltr' id='par_1_1' title="bbox 112 152 182 182">
     <span class='ocr_line' id='line_1_1' title="bbox 112 152 182 182; baseline 0 -2"><span class='ocrx_word' id='word_1_1' title='bbox 112 152 182 182; x_wconf 71' lang='grc' dir='ltr'><strong>ΩΕ9¹1</strong></span> 
     </span>
    </p>
   </div>
   <div class='ocr_carea' id='block_1_2' title="bbox 733 161 1152 192">
    <p class='ocr_par' dir='ltr' id='par_1_2' title="bbox 733 161 1152 192">
     <span class='ocr_line' id='line_1_2' title="bbox 733 161 1152 192; baseline 0.005 -4"><span class='ocrx_word' id='word_1_2' title='bbox 733 161 937 190; x_wconf 81' lang='lat' dir='ltr'><strong>llEZEClELIS</strong></span> <span class='ocrx_word' id='word_1_3' title='bbox 957 162 1073 192; x_wconf 72' lang='lat' dir='ltr'><strong>CAPUT</strong></span> <span class='ocrx_word' id='word_1_4' title='bbox 1095 163 1152 191; x_wconf 84' lang='lat' dir='ltr'><strong>Vll.</strong></span> 
     </span>
    </p>
   </div>
   <div class='ocr_carea' id='block_1_3' title="bbox 1685 164 1760 192">
    <p class='ocr_par' dir='ltr' id='par_1_3' title="bbox 1685 164 1760 192">
     <span class='ocr_line' id='line_1_3' title="bbox 1685 164 1760 192; baseline 0 0"><span class='ocrx_word' id='word_1_5' title='bbox 1685 164 1760 192; x_wconf 56' lang='grc' dir='ltr'><strong>ξλερκ</strong></span> 
     </span>
    </p>
   </div>
   <div class='ocr_carea' id='block_1_4' title="bbox 112 212 1760 258">
    <p class='ocr_par' dir='ltr' id='par_1_4' title="bbox 112 212 1760 258">
     <span class='ocr_line' id='line_1_4' title="bbox 112 212 1760 258; baseline 0.007 -19"><span class='ocrx_word' id='word_1_6' title='bbox 112 212 183 241; x_wconf 85' lang='lat' dir='ltr'><strong>ﬁlias</strong></span> <span class='ocrx_word' id='word_1_7' title='bbox 199 218 262 242; x_wconf 84' lang='lat' dir='ltr'><strong>tuas</strong></span> <span class='ocrx_word' id='word_1_8' title='bbox 280 215 354 242; x_wconf 87' lang='lat' dir='ltr'><strong>circa</strong></span> <span class='ocrx_word' id='word_1_9' title='bbox 370 220 396 243; x_wconf 87' lang='lat' dir='ltr'><strong>te</strong></span> <span class='ocrx_word' id='word_1_10' title='bbox 415 223 510 244; x_wconf 85' lang='lat' dir='ltr'><strong>coram</strong></span> <span class='ocrx_word' id='word_1_11' title='bbox 525 219 601 245; x_wconf 89' lang='lat' dir='ltr'><strong>omni</strong></span> <span class='ocrx_word' id='word_1_12' title='bbox 623 219 737 247; x_wconf 86' lang='lat' dir='ltr'><strong>viatore.</strong></span> <span class='ocrx_word' id='word_1_13' title='bbox 751 221 795 248; x_wconf 78' lang='grc'><strong>15.</strong></span> <span class='ocrx_word' id='word_1_14' title='bbox 814 221 846 248; x_wconf 83' lang='lat' dir='ltr'><strong>Et</strong></span> <span class='ocrx_word' id='word_1_15' title='bbox 863 222 918 250; x_wconf 90' lang='lat' dir='ltr'><strong>eris</strong></span> <span class='ocrx_word' id='word_1_16' title='bbox 933 225 955 252; x_wconf 83' lang='grc' dir='ltr'><strong>Α</strong></span> <span class='ocrx_word' id='word_1_17' title='bbox 971 222 1044 250; x_wconf 87' lang='lat' dir='ltr'><strong>fame</strong></span> <span class='ocrx_word' id='word_1_18' title='bbox 1056 228 1234 250; x_wconf 89' lang='lat' dir='ltr'><strong>consumetur</strong></span> <span class='ocrx_word' id='word_1_19' title='bbox 1249 233 1254 250; x_wconf 93' lang='lat'><strong>:</strong></span> <span class='ocrx_word' id='word_1_20' title='bbox 1273 229 1300 251; x_wconf 87' lang='lat' dir='ltr'><strong>et</strong></span> <span class='ocrx_word' id='word_1_21' title='bbox 1321 223 1465 258; x_wconf 84' lang='lat' dir='ltr'><strong>complebo</strong></span> <span class='ocrx_word' id='word_1_22' title='bbox 1483 224 1551 250; x_wconf 85' lang='lat' dir='ltr'><strong>iram</strong></span> <span class='ocrx_word' id='word_1_23' title='bbox 1569 231 1657 251; x_wconf 85' lang='lat' dir='ltr'><strong>meam</strong></span> <span class='ocrx_word' id='word_1_24' title='bbox 1678 232 1760 258; x_wconf 78' lang='lat' dir='ltr'><strong>super</strong></span> 
     </span>
    </p>
   </div>
   <div class='ocr_carea' id='block_1_5' title="bbox 112 260 911 302">
    <p class='ocr_par' dir='ltr' id='par_1_5' title="bbox 112 260 911 302">
     <span class='ocr_line' id='line_1_5' title="bbox 112 260 911 302; baseline 0.011 -16"><span class='ocrx_word' id='word_1_25' title='bbox 112 260 296 294; x_wconf 73' lang='lat' dir='ltr'><strong>gemebunda,</strong></span> <span class='ocrx_word' id='word_1_26' title='bbox 312 263 345 296; x_wconf 78' lang='grc' dir='ltr'>&gt;κ</span> <span class='ocrx_word' id='word_1_27' title='bbox 360 267 388 289; x_wconf 85' lang='lat' dir='ltr'><strong>et</strong></span> <span class='ocrx_word' id='word_1_28' title='bbox 406 263 551 292; x_wconf 86' lang='lat' dir='ltr'><strong>manifesta</strong></span> <span class='ocrx_word' id='word_1_29' title='bbox 569 265 602 300; x_wconf 87' lang='lat'><strong>(&#39;)</strong></span> <span class='ocrx_word' id='word_1_30' title='bbox 624 265 651 293; x_wconf 88' lang='lat' dir='ltr'><strong>in</strong></span> <span class='ocrx_word' id='word_1_31' title='bbox 672 267 815 302; x_wconf 85' lang='lat' dir='ltr'><strong>disciplina</strong></span> <span class='ocrx_word' id='word_1_32' title='bbox 831 268 870 302; x_wconf 80' lang='grc' dir='ltr'><strong>(ιι)</strong></span> <span class='ocrx_word' id='word_1_33' title='bbox 884 272 911 295; x_wconf 90' lang='lat' dir='ltr'><strong>et</strong></span> 
     </span>
    </p>
   </div>
   <div class='ocr_carea' id='block_1_6' title="bbox 112 305 911 346">
    <p class='ocr_par' dir='ltr' id='par_1_6' title="bbox 112 305 911 346">
     <span class='ocr_line' id='line_1_6' title="bbox 112 305 911 346; baseline 0.011 -14"><span class='ocrx_word' id='word_1_34' title='bbox 112 305 266 334; x_wconf 73' lang='lat' dir='ltr'><strong>destructio</strong></span> <span class='ocrx_word' id='word_1_35' title='bbox 284 307 295 342; x_wconf 70' lang='grc' dir='ltr'>ζ</span> <span class='ocrx_word' id='word_1_36' title='bbox 310 308 337 335; x_wconf 91' lang='lat' dir='ltr'><strong>in</strong></span> <span class='ocrx_word' id='word_1_37' title='bbox 353 309 559 346; x_wconf 76' lang='lat' dir='ltr'><strong>gentibus,qu;e</strong></span> <span class='ocrx_word' id='word_1_38' title='bbox 582 311 654 339; x_wconf 87' lang='lat' dir='ltr'><strong>circa</strong></span> <span class='ocrx_word' id='word_1_39' title='bbox 670 316 713 344; x_wconf 85' lang='lat' dir='ltr'><strong>te,</strong></span> <span class='ocrx_word' id='word_1_40' title='bbox 741 321 803 340; x_wconf 88' lang='lat' dir='ltr'><strong>ctnn</strong></span> <span class='ocrx_word' id='word_1_41' title='bbox 822 313 911 341; x_wconf 82' lang='lat' dir='ltr'><strong>fecero</strong></span> 
     </span>
    </p>
   </div>
   <div class='ocr_carea' id='block_1_7' title="bbox 114 351 911 394">
    <p class='ocr_par' dir='ltr' id='par_1_7' title="bbox 114 351 911 394">
     <span class='ocr_line' id='line_1_7' title="bbox 114 351 911 394; baseline 0.011 -17"><span class='ocrx_word' id='word_1_42' title='bbox 114 351 142 378; x_wconf 92' lang='lat' dir='ltr'><strong>in</strong></span> <span class='ocrx_word' id='word_1_43' title='bbox 157 357 184 380; x_wconf 89' lang='lat' dir='ltr'><strong>te</strong></span> <span class='ocrx_word' id='word_1_44' title='bbox 196 353 298 387; x_wconf 88' lang='lat' dir='ltr'><strong>judicia</strong></span> <span class='ocrx_word' id='word_1_45' title='bbox 314 356 347 389; x_wconf 59' lang='grc' dir='ltr'>Χ</span> <span class='ocrx_word' id='word_1_46' title='bbox 359 356 386 382; x_wconf 91' lang='lat' dir='ltr'><strong>in</strong></span> <span class='ocrx_word' id='word_1_47' title='bbox 405 356 445 384; x_wconf 88' lang='lat' dir='ltr'><strong>ira</strong></span> <span class='ocrx_word' id='word_1_48' title='bbox 458 365 528 389; x_wconf 83' lang='lat' dir='ltr'><strong>mea,</strong></span> <span class='ocrx_word' id='word_1_49' title='bbox 541 359 603 385; x_wconf 89' lang='lat' dir='ltr'><strong>etin</strong></span> <span class='ocrx_word' id='word_1_50' title='bbox 616 358 708 386; x_wconf 89' lang='lat' dir='ltr'><strong>furore</strong></span> <span class='ocrx_word' id='word_1_51' title='bbox 726 360 736 394; x_wconf 72' lang='grc' dir='ltr'>ζ</span> <span class='ocrx_word' id='word_1_52' title='bbox 752 364 778 386; x_wconf 92' lang='lat' dir='ltr'><strong>et</strong></span> <span class='ocrx_word' id='word_1_53' title='bbox 792 360 818 387; x_wconf 89' lang='lat' dir='ltr'><strong>in</strong></span> <span class='ocrx_word' id='word_1_54' title='bbox 831 360 911 386; x_wconf 88' lang='lat' dir='ltr'><strong>ultio-</strong></span> 
     </span>
    </p>
   </div>
   <div class='ocr_carea' id='block_1_8' title="bbox 114 398 911 439">
    <p class='ocr_par' dir='ltr' id='par_1_8' title="bbox 114 398 911 439">
     <span class='ocr_line' id='line_1_8' title="bbox 114 398 911 439; baseline 0.009 -14"><span class='ocrx_word' id='word_1_55' title='bbox 114 405 149 425; x_wconf 98' lang='lat' dir='ltr'><strong>ne</strong></span> <span class='ocrx_word' id='word_1_56' title='bbox 163 398 280 428; x_wconf 87' lang='lat' dir='ltr'><strong>furoris:</strong></span> <span class='ocrx_word' id='word_1_57' title='bbox 293 408 344 436; x_wconf 83' lang='lat' dir='ltr'><strong>ego</strong></span> <span class='ocrx_word' id='word_1_58' title='bbox 359 401 493 431; x_wconf 87' lang='lat' dir='ltr'><strong>Dominus</strong></span> <span class='ocrx_word' id='word_1_59' title='bbox 517 405 625 432; x_wconf 88' lang='lat' dir='ltr'><strong>loeutus</strong></span> <span class='ocrx_word' id='word_1_60' title='bbox 641 413 713 433; x_wconf 91' lang='lat' dir='ltr'><strong>sum.</strong></span> <span class='ocrx_word' id='word_1_61' title='bbox 738 406 780 433; x_wconf 83' lang='grc'><strong>16.</strong></span> <span class='ocrx_word' id='word_1_62' title='bbox 795 405 911 439; x_wconf 88' lang='lat' dir='ltr'><strong>Quando</strong></span> 
     </span>
    </p>
   </div>
   <div class='ocr_carea' id='block_1_9' title="bbox 115 445 912 487">
    <p class='ocr_par' dir='ltr' id='par_1_9' title="bbox 115 445 912 487">
     <span class='ocr_line' id='line_1_9' title="bbox 115 445 912 487; baseline 0.01 -15"><span class='ocrx_word' id='word_1_63' title='bbox 115 445 217 473; x_wconf 84' lang='lat' dir='ltr'><strong>misero</strong></span> <span class='ocrx_word' id='word_1_64' title='bbox 235 447 347 482; x_wconf 77' lang='lat' dir='ltr'><strong>sagittas</strong></span> <span class='ocrx_word' id='word_1_65' title='bbox 364 449 493 482; x_wconf 52' lang='lat' dir='ltr'><strong>Xmalas</strong></span> <span class='ocrx_word' id='word_1_66' title='bbox 510 451 520 486; x_wconf 68' lang='grc' dir='ltr'>ζ</span> <span class='ocrx_word' id='word_1_67' title='bbox 539 451 621 479; x_wconf 88' lang='lat' dir='ltr'><strong>famis</strong></span> <span class='ocrx_word' id='word_1_68' title='bbox 633 459 715 487; x_wconf 82' lang='lat' dir='ltr'><strong>super</strong></span> <span class='ocrx_word' id='word_1_69' title='bbox 729 459 787 484; x_wconf 84' lang='lat' dir='ltr'><strong>eos,</strong></span> <span class='ocrx_word' id='word_1_70' title='bbox 797 457 912 480; x_wconf 87' lang='lat' dir='ltr'><strong>eterunt</strong></span> 
     </span>
    </p>
   </div>
   <div class='ocr_carea' id='block_1_10' title="bbox 114 491 910 532">
    <p class='ocr_par' dir='ltr' id='par_1_10' title="bbox 114 491 910 532">
     <span class='ocr_line' id='line_1_10' title="bbox 114 491 910 532; baseline 0.009 -15"><span class='ocrx_word' id='word_1_71' title='bbox 114 491 142 517; x_wconf 91' lang='lat' dir='ltr'><strong>in</strong></span> <span class='ocrx_word' id='word_1_72' title='bbox 157 491 351 525; x_wconf 70' lang='lat' dir='ltr'><strong>defectionem,</strong></span> <span class='ocrx_word' id='word_1_73' title='bbox 369 495 402 528; x_wconf 59' lang='grc' dir='ltr'><strong><em>χ</em></strong></span> <span class='ocrx_word' id='word_1_74' title='bbox 419 502 488 529; x_wconf 86' lang='lat' dir='ltr'><strong>quas</strong></span> <span class='ocrx_word' id='word_1_75' title='bbox 506 496 613 524; x_wconf 85' lang='lat' dir='ltr'><strong>mittam</strong></span> <span class='ocrx_word' id='word_1_76' title='bbox 629 504 686 528; x_wconf 85' lang='lat' dir='ltr'><strong>eas,</strong></span> <span class='ocrx_word' id='word_1_77' title='bbox 703 497 737 523; x_wconf 91' lang='lat' dir='ltr'><strong>ad</strong></span> <span class='ocrx_word' id='word_1_78' title='bbox 751 497 910 532; x_wconf 87' lang='lat' dir='ltr'><strong>disperden-</strong></span> 
     </span>
    </p>
   </div>
   <div class='ocr_carea' id='block_1_11' title="bbox 114 536 912 577">
    <p class='ocr_par' dir='ltr' id='par_1_11' title="bbox 114 536 912 577">
     <span class='ocr_line' id='line_1_11' title="bbox 114 536 912 577; baseline 0.011 -15"><span class='ocrx_word' id='word_1_79' title='bbox 114 536 182 563; x_wconf 90' lang='lat' dir='ltr'><strong>dum</strong></span> <span class='ocrx_word' id='word_1_80' title='bbox 201 544 251 565; x_wconf 91' lang='lat' dir='ltr'><strong>vos</strong></span> <span class='ocrx_word' id='word_1_81' title='bbox 268 548 274 565; x_wconf 92' lang='lat'><strong>:</strong></span> <span class='ocrx_word' id='word_1_82' title='bbox 295 543 323 566; x_wconf 89' lang='lat' dir='ltr'><strong>et</strong></span> <span class='ocrx_word' id='word_1_83' title='bbox 344 539 443 567; x_wconf 87' lang='lat' dir='ltr'><strong>famem</strong></span> <span class='ocrx_word' id='word_1_84' title='bbox 464 542 637 577; x_wconf 76' lang='lat' dir='ltr'><strong>congregabo</strong></span> <span class='ocrx_word' id='word_1_85' title='bbox 657 541 668 575; x_wconf 68' lang='grc' dir='ltr'>ζ</span> <span class='ocrx_word' id='word_1_86' title='bbox 687 549 770 577; x_wconf 85' lang='lat' dir='ltr'><strong>super</strong></span> <span class='ocrx_word' id='word_1_87' title='bbox 799 549 858 572; x_wconf 82' lang='lat' dir='ltr'><strong>vos,</strong></span> <span class='ocrx_word' id='word_1_88' title='bbox 884 546 912 569; x_wconf 83' lang='lat' dir='ltr'><strong>et</strong></span> 
     </span>
    </p>
   </div>
   <div class='ocr_carea' id='block_1_12' title="bbox 114 583 911 621">
    <p class='ocr_par' dir='ltr' id='par_1_12' title="bbox 114 583 911 621">
     <span class='ocr_line' id='line_1_12' title="bbox 114 583 911 621; baseline 0.009 -12"><span class='ocrx_word' id='word_1_89' title='bbox 114 587 256 610; x_wconf 86' lang='lat' dir='ltr'><strong>conteram</strong></span> <span class='ocrx_word' id='word_1_90' title='bbox 274 583 462 613; x_wconf 76' lang='lat' dir='ltr'><strong>fulcimentum</strong></span> <span class='ocrx_word' id='word_1_91' title='bbox 481 587 559 621; x_wconf 88' lang='lat' dir='ltr'><strong>panis</strong></span> <span class='ocrx_word' id='word_1_92' title='bbox 572 588 621 615; x_wconf 93' lang='lat' dir='ltr'><strong>tui.</strong></span> <span class='ocrx_word' id='word_1_93' title='bbox 634 588 677 615; x_wconf 80' lang='lat' dir='ltr'><strong>l7.</strong></span> <span class='ocrx_word' id='word_1_94' title='bbox 689 587 850 616; x_wconf 85' lang='lat' dir='ltr'><strong>Etemittam</strong></span> <span class='ocrx_word' id='word_1_95' title='bbox 863 596 911 616; x_wconf 75' lang='lat' dir='ltr'><strong>su-</strong></span> 
     </span>
    </p>
   </div>
   <div class='ocr_carea' id='block_1_13' title="bbox 114 629 911 669">
    <p class='ocr_par' dir='ltr' id='par_1_13' title="bbox 114 629 911 669">
     <span class='ocr_line' id='line_1_13' title="bbox 114 629 911 669; baseline 0.008 -14"><span class='ocrx_word' id='word_1_96' title='bbox 114 637 164 663; x_wconf 79' lang='lat' dir='ltr'><strong>per</strong></span> <span class='ocrx_word' id='word_1_97' title='bbox 183 634 208 656; x_wconf 86' lang='lat' dir='ltr'><strong>te</strong></span> <span class='ocrx_word' id='word_1_98' title='bbox 224 629 263 665; x_wconf 69' lang='grc' dir='ltr'><strong>(κ)</strong></span> <span class='ocrx_word' id='word_1_99' title='bbox 282 631 393 664; x_wconf 80' lang='lat' dir='ltr'><strong>famem,</strong></span> <span class='ocrx_word' id='word_1_100' title='bbox 409 636 436 659; x_wconf 91' lang='lat' dir='ltr'><strong>et</strong></span> <span class='ocrx_word' id='word_1_101' title='bbox 451 633 553 661; x_wconf 83' lang='lat' dir='ltr'><strong>bestias</strong></span> <span class='ocrx_word' id='word_1_102' title='bbox 572 634 669 667; x_wconf 88' lang='lat' dir='ltr'><strong>malas,</strong></span> <span class='ocrx_word' id='word_1_103' title='bbox 686 634 722 669; x_wconf 70' lang='grc' dir='ltr'><strong>(ν)</strong></span> <span class='ocrx_word' id='word_1_104' title='bbox 735 639 761 661; x_wconf 84' lang='lat' dir='ltr'><strong>et</strong></span> <span class='ocrx_word' id='word_1_105' title='bbox 772 641 871 669; x_wconf 90' lang='lat' dir='ltr'><strong>ponam</strong></span> <span class='ocrx_word' id='word_1_106' title='bbox 884 634 911 661; x_wconf 91' lang='lat' dir='ltr'><strong>in</strong></span> 
     </span>
    </p>
   </div>
   <div class='ocr_carea' id='block_1_14' title="bbox 113 678 912 716">
    <p class='ocr_par' dir='ltr' id='par_1_14' title="bbox 113 678 912 716">
     <span class='ocr_line' id='line_1_14' title="bbox 113 678 912 716; baseline 0.008 -14"><span class='ocrx_word' id='word_1_107' title='bbox 113 681 197 710; x_wconf 86' lang='lat' dir='ltr'><strong>caput</strong></span> <span class='ocrx_word' id='word_1_108' title='bbox 208 682 284 704; x_wconf 92' lang='lat' dir='ltr'><strong>tuum</strong></span> <span class='ocrx_word' id='word_1_109' title='bbox 294 678 348 713; x_wconf 83' lang='lat'><strong>(&quot;),</strong></span> <span class='ocrx_word' id='word_1_110' title='bbox 360 683 388 706; x_wconf 89' lang='lat' dir='ltr'><strong>et</strong></span> <span class='ocrx_word' id='word_1_111' title='bbox 403 686 478 707; x_wconf 89' lang='lat' dir='ltr'><strong>mors</strong></span> <span class='ocrx_word' id='word_1_112' title='bbox 492 684 519 707; x_wconf 92' lang='lat' dir='ltr'><strong>et</strong></span> <span class='ocrx_word' id='word_1_113' title='bbox 533 680 646 716; x_wconf 78' lang='lat' dir='ltr'><strong>sanguis</strong></span> <span class='ocrx_word' id='word_1_114' title='bbox 660 681 816 708; x_wconf 86' lang='lat' dir='ltr'><strong>transibunt</strong></span> <span class='ocrx_word' id='word_1_115' title='bbox 830 688 912 715; x_wconf 88' lang='lat' dir='ltr'><strong>super</strong></span> 
     </span>
    </p>
   </div>
   <div class='ocr_carea' id='block_1_15' title="bbox 114 723 912 762">
    <p class='ocr_par' dir='ltr' id='par_1_15' title="bbox 114 723 912 762">
     <span class='ocr_line' id='line_1_15' title="bbox 114 723 912 762; baseline 0.009 -15"><span class='ocrx_word' id='word_1_116' title='bbox 114 725 151 754; x_wconf 85' lang='lat' dir='ltr'><strong>te,</strong></span> <span class='ocrx_word' id='word_1_117' title='bbox 170 726 198 749; x_wconf 89' lang='lat' dir='ltr'><strong>et</strong></span> <span class='ocrx_word' id='word_1_118' title='bbox 212 723 334 757; x_wconf 76' lang='lat' dir='ltr'><strong>gladium</strong></span> <span class='ocrx_word' id='word_1_119' title='bbox 350 724 478 752; x_wconf 84' lang='lat' dir='ltr'><strong>inducam</strong></span> <span class='ocrx_word' id='word_1_120' title='bbox 496 733 580 761; x_wconf 84' lang='lat' dir='ltr'><strong>super</strong></span> <span class='ocrx_word' id='word_1_121' title='bbox 591 731 617 754; x_wconf 88' lang='lat' dir='ltr'><strong>te</strong></span> <span class='ocrx_word' id='word_1_122' title='bbox 632 726 754 762; x_wconf 84' lang='lat' dir='ltr'><strong>undique</strong></span> <span class='ocrx_word' id='word_1_123' title='bbox 768 736 774 754; x_wconf 90' lang='lat'>:</span> <span class='ocrx_word' id='word_1_124' title='bbox 791 734 841 762; x_wconf 83' lang='lat' dir='ltr'><strong>ego</strong></span> <span class='ocrx_word' id='word_1_125' title='bbox 858 726 912 754; x_wconf 90' lang='lat' dir='ltr'><strong>Do-</strong></span> 
     </span>
    </p>
   </div>
   <div class='ocr_carea' id='block_1_16' title="bbox 112 765 420 796">
    <p class='ocr_par' dir='ltr' id='par_1_16' title="bbox 112 765 420 796">
     <span class='ocr_line' id='line_1_16' title="bbox 112 765 420 796; baseline 0.016 -6"><span class='ocrx_word' id='word_1_126' title='bbox 112 765 208 793; x_wconf 85' lang='lat' dir='ltr'><strong>minus</strong></span> <span class='ocrx_word' id='word_1_127' title='bbox 224 766 333 795; x_wconf 90' lang='lat' dir='ltr'><strong>locutus</strong></span> <span class='ocrx_word' id='word_1_128' title='bbox 347 775 420 796; x_wconf 89' lang='lat' dir='ltr'><strong>sum.</strong></span> 
     </span>
    </p>
   </div>
   <div class='ocr_carea' id='block_1_17' title="bbox 149 811 911 850">
    <p class='ocr_par' dir='ltr' id='par_1_17' title="bbox 149 811 911 850">
     <span class='ocr_line' id='line_1_17' title="bbox 149 811 911 850; baseline 0.009 -13"><span class='ocrx_word' id='word_1_129' title='bbox 149 811 217 846; x_wconf 91' lang='lat' dir='ltr'><strong>Cap.</strong></span> <span class='ocrx_word' id='word_1_130' title='bbox 228 811 384 840; x_wconf 86' lang='lat' dir='ltr'><strong>Vl.—-l.Et</strong></span> <span class='ocrx_word' id='word_1_131' title='bbox 397 813 498 841; x_wconf 89' lang='lat' dir='ltr'><strong>factum</strong></span> <span class='ocrx_word' id='word_1_132' title='bbox 511 819 553 842; x_wconf 87' lang='lat' dir='ltr'><strong>est.</strong></span> <span class='ocrx_word' id='word_1_133' title='bbox 565 816 678 843; x_wconf 85' lang='lat' dir='ltr'><strong>verbum</strong></span> <span class='ocrx_word' id='word_1_134' title='bbox 690 815 798 844; x_wconf 86' lang='lat' dir='ltr'><strong>Domini</strong></span> <span class='ocrx_word' id='word_1_135' title='bbox 811 817 844 844; x_wconf 90' lang='lat' dir='ltr'><strong>ad</strong></span> <span class='ocrx_word' id='word_1_136' title='bbox 856 825 911 850; x_wconf 92' lang='lat' dir='ltr'><strong>me,</strong></span> 
     </span>
    </p>
   </div>
   <div class='ocr_carea' id='block_1_18' title="bbox 112 855 912 898">
    <p class='ocr_par' dir='ltr' id='par_1_18' title="bbox 112 855 912 898">
     <span class='ocr_line' id='line_1_18' title="bbox 112 855 912 898; baseline 0.01 -15"><span class='ocrx_word' id='word_1_137' title='bbox 112 855 227 885; x_wconf 85' lang='lat' dir='ltr'><strong>dicens:</strong></span> <span class='ocrx_word' id='word_1_138' title='bbox 245 857 273 886; x_wconf 80' lang='grc'>2.</span> <span class='ocrx_word' id='word_1_139' title='bbox 290 858 341 886; x_wconf 83' lang='lat' dir='ltr'><strong>Fili</strong></span> <span class='ocrx_word' id='word_1_140' title='bbox 369 860 502 894; x_wconf 88' lang='lat' dir='ltr'><strong>hominis,</strong></span> <span class='ocrx_word' id='word_1_141' title='bbox 518 869 588 896; x_wconf 90' lang='lat' dir='ltr'><strong>pone</strong></span> <span class='ocrx_word' id='word_1_142' title='bbox 611 862 708 890; x_wconf 82' lang='lat' dir='ltr'><strong>faciem</strong></span> <span class='ocrx_word' id='word_1_143' title='bbox 738 868 814 890; x_wconf 85' lang='lat' dir='ltr'><strong>tuam</strong></span> <span class='ocrx_word' id='word_1_144' title='bbox 830 871 912 898; x_wconf 84' lang='lat' dir='ltr'><strong>super</strong></span> 
     </span>
    </p>
   </div>
   <div class='ocr_carea' id='block_1_19' title="bbox 963 268 1760 305">
    <p class='ocr_par' dir='ltr' id='par_1_19' title="bbox 963 268 1760 305">
     <span class='ocr_line' id='line_1_19' title="bbox 963 268 1760 305; baseline 0.005 -11"><span class='ocrx_word' id='word_1_145' title='bbox 963 276 1021 295; x_wconf 81' lang='lat' dir='ltr'><strong>eos.</strong></span> <span class='ocrx_word' id='word_1_146' title='bbox 1039 269 1083 296; x_wconf 77' lang='grc'><strong>15.</strong></span> <span class='ocrx_word' id='word_1_147' title='bbox 1102 268 1135 296; x_wconf 86' lang='grc' dir='ltr'><strong>Εῑ</strong></span> <span class='ocrx_word' id='word_1_148' title='bbox 1146 269 1249 302; x_wconf 84' lang='lat' dir='ltr'><strong>scietis,</strong></span> <span class='ocrx_word' id='word_1_149' title='bbox 1268 270 1340 305; x_wconf 89' lang='lat' dir='ltr'><strong>quod</strong></span> <span class='ocrx_word' id='word_1_150' title='bbox 1353 278 1404 305; x_wconf 81' lang='lat' dir='ltr'><strong>ego</strong></span> <span class='ocrx_word' id='word_1_151' title='bbox 1423 269 1568 302; x_wconf 82' lang='lat' dir='ltr'><strong>Dominus,</strong></span> <span class='ocrx_word' id='word_1_152' title='bbox 1583 278 1644 297; x_wconf 79' lang='lat' dir='ltr'><strong>cum</strong></span> <span class='ocrx_word' id='word_1_153' title='bbox 1659 270 1760 298; x_wconf 80' lang='lat' dir='ltr'><strong>fuerint</strong></span> 
     </span>
    </p>
   </div>
   <div class='ocr_carea' id='block_1_20' title="bbox 962 314 1759 343">
    <p class='ocr_par' dir='ltr' id='par_1_20' title="bbox 962 314 1759 343">
     <span class='ocr_line' id='line_1_20' title="bbox 962 314 1759 343; baseline 0.004 -4"><span class='ocrx_word' id='word_1_154' title='bbox 962 314 1045 340; x_wconf 84' lang='lat' dir='ltr'><strong>occisi</strong></span> <span class='ocrx_word' id='word_1_155' title='bbox 1065 315 1147 341; x_wconf 88' lang='lat' dir='ltr'><strong>vestri</strong></span> <span class='ocrx_word' id='word_1_156' title='bbox 1163 315 1233 342; x_wconf 92' lang='lat' dir='ltr'><strong>inter</strong></span> <span class='ocrx_word' id='word_1_157' title='bbox 1250 315 1320 343; x_wconf 91' lang='lat' dir='ltr'><strong>idola</strong></span> <span class='ocrx_word' id='word_1_158' title='bbox 1335 320 1427 343; x_wconf 85' lang='lat' dir='ltr'><strong>vestra</strong></span> <span class='ocrx_word' id='word_1_159' title='bbox 1443 315 1517 343; x_wconf 91' lang='lat' dir='ltr'><strong>circa</strong></span> <span class='ocrx_word' id='word_1_160' title='bbox 1534 315 1629 343; x_wconf 86' lang='lat' dir='ltr'><strong>altaria</strong></span> <span class='ocrx_word' id='word_1_161' title='bbox 1647 320 1736 342; x_wconf 86' lang='lat' dir='ltr'><strong>vestra</strong></span> <span class='ocrx_word' id='word_1_162' title='bbox 1751 324 1759 342; x_wconf 87' lang='lat'><strong>:</strong></span> 
     </span>
    </p>
   </div>
   <div class='ocr_carea' id='block_1_21' title="bbox 963 361 1760 396">
    <p class='ocr_par' dir='ltr' id='par_1_21' title="bbox 963 361 1760 396">
     <span class='ocr_line' id='line_1_21' title="bbox 963 361 1760 396; baseline 0.005 -11"><span class='ocrx_word' id='word_1_163' title='bbox 963 366 1046 393; x_wconf 84' lang='lat' dir='ltr'><strong>super</strong></span> <span class='ocrx_word' id='word_1_164' title='bbox 1054 367 1163 387; x_wconf 83' lang='lat' dir='ltr'><strong>onmem</strong></span> <span class='ocrx_word' id='word_1_165' title='bbox 1177 361 1273 388; x_wconf 87' lang='lat' dir='ltr'><strong>collem</strong></span> <span class='ocrx_word' id='word_1_166' title='bbox 1288 361 1440 393; x_wconf 82' lang='lat' dir='ltr'><strong>excelsum,</strong></span> <span class='ocrx_word' id='word_1_167' title='bbox 1454 362 1488 396; x_wconf 71' lang='grc' dir='ltr'><strong>&gt;ε&lt;</strong></span> <span class='ocrx_word' id='word_1_168' title='bbox 1497 367 1524 389; x_wconf 88' lang='lat' dir='ltr'><strong>et</strong></span> <span class='ocrx_word' id='word_1_169' title='bbox 1537 369 1620 396; x_wconf 82' lang='lat' dir='ltr'><strong>super</strong></span> <span class='ocrx_word' id='word_1_170' title='bbox 1630 361 1760 389; x_wconf 84' lang='lat' dir='ltr'><strong>omnibus</strong></span> 
     </span>
    </p>
   </div>
   <div class='ocr_carea' id='block_1_22' title="bbox 962 405 1758 441">
    <p class='ocr_par' dir='ltr' id='par_1_22' title="bbox 962 405 1758 441">
     <span class='ocr_line' id='line_1_22' title="bbox 962 405 1758 441; baseline 0.006 -10"><span class='ocrx_word' id='word_1_171' title='bbox 962 405 1115 433; x_wconf 83' lang='lat' dir='ltr'><strong>verticibus</strong></span> <span class='ocrx_word' id='word_1_172' title='bbox 1138 407 1310 441; x_wconf 59' lang='lat' dir='ltr'><strong>montiumﬁ,</strong></span> <span class='ocrx_word' id='word_1_173' title='bbox 1331 413 1358 435; x_wconf 88' lang='lat' dir='ltr'><strong>et</strong></span> <span class='ocrx_word' id='word_1_174' title='bbox 1379 408 1474 436; x_wconf 87' lang='lat' dir='ltr'><strong>subter</strong></span> <span class='ocrx_word' id='word_1_175' title='bbox 1494 416 1604 436; x_wconf 88' lang='lat' dir='ltr'><strong>onmem</strong></span> <span class='ocrx_word' id='word_1_176' title='bbox 1629 409 1758 436; x_wconf 86' lang='lat' dir='ltr'><strong>arborem</strong></span> 
     </span>
    </p>
   </div>
   <div class='ocr_carea' id='block_1_23' title="bbox 963 451 1759 490">
    <p class='ocr_par' dir='ltr' id='par_1_23' title="bbox 963 451 1759 490">
     <span class='ocr_line' id='line_1_23' title="bbox 963 451 1759 490; baseline 0.006 -12"><span class='ocrx_word' id='word_1_177' title='bbox 963 451 1134 484; x_wconf 87' lang='lat' dir='ltr'><strong>umbrosam,</strong></span> <span class='ocrx_word' id='word_1_178' title='bbox 1149 457 1174 479; x_wconf 91' lang='lat' dir='ltr'><strong>et</strong></span> <span class='ocrx_word' id='word_1_179' title='bbox 1194 453 1288 480; x_wconf 83' lang='lat' dir='ltr'><strong>subter</strong></span> <span class='ocrx_word' id='word_1_180' title='bbox 1301 461 1410 481; x_wconf 89' lang='lat' dir='ltr'><strong>omnem</strong></span> <span class='ocrx_word' id='word_1_181' title='bbox 1432 462 1564 490; x_wconf 88' lang='lat' dir='ltr'><strong>quercum</strong></span> <span class='ocrx_word' id='word_1_182' title='bbox 1580 455 1705 487; x_wconf 83' lang='lat' dir='ltr'><strong>densam,</strong></span> <span class='ocrx_word' id='word_1_183' title='bbox 1719 455 1759 483; x_wconf 92' lang='lat' dir='ltr'><strong>lo-</strong></span> 
     </span>
    </p>
   </div>
   <div class='ocr_carea' id='block_1_24' title="bbox 962 498 1758 530">
    <p class='ocr_par' dir='ltr' id='par_1_24' title="bbox 962 498 1758 530">
     <span class='ocr_line' id='line_1_24' title="bbox 962 498 1758 530; baseline 0.006 -6"><span class='ocrx_word' id='word_1_184' title='bbox 962 505 1024 524; x_wconf 85' lang='lat' dir='ltr'><strong>cum</strong></span> <span class='ocrx_word' id='word_1_185' title='bbox 1057 498 1104 525; x_wconf 88' lang='lat' dir='ltr'><strong>ubi</strong></span> <span class='ocrx_word' id='word_1_186' title='bbox 1133 499 1266 526; x_wconf 85' lang='lat' dir='ltr'><strong>dederunt</strong></span> <span class='ocrx_word' id='word_1_187' title='bbox 1299 500 1335 526; x_wconf 88' lang='lat' dir='ltr'><strong>ibi</strong></span> <span class='ocrx_word' id='word_1_188' title='bbox 1364 500 1476 528; x_wconf 87' lang='lat' dir='ltr'><strong>odorem</strong></span> <span class='ocrx_word' id='word_1_189' title='bbox 1494 509 1606 529; x_wconf 86' lang='lat' dir='ltr'><strong>suavem</strong></span> <span class='ocrx_word' id='word_1_190' title='bbox 1629 502 1758 530; x_wconf 82' lang='lat' dir='ltr'><strong>omnibus</strong></span> 
     </span>
    </p>
   </div>
   <div class='ocr_carea' id='block_1_25' title="bbox 963 542 1759 585">
    <p class='ocr_par' dir='ltr' id='par_1_25' title="bbox 963 542 1759 585">
     <span class='ocr_line' id='line_1_25' title="bbox 963 542 1759 585; baseline 0.005 -13"><span class='ocrx_word' id='word_1_191' title='bbox 963 542 1044 572; x_wconf 85' lang='lat' dir='ltr'><strong>idolis</strong></span> <span class='ocrx_word' id='word_1_192' title='bbox 1057 543 1126 571; x_wconf 85' lang='lat' dir='ltr'><strong>suis.</strong></span> <span class='ocrx_word' id='word_1_193' title='bbox 1143 544 1186 571; x_wconf 77' lang='lat' dir='ltr'><strong>M.</strong></span> <span class='ocrx_word' id='word_1_194' title='bbox 1208 544 1241 572; x_wconf 79' lang='lat' dir='ltr'><strong>Et</strong></span> <span class='ocrx_word' id='word_1_195' title='bbox 1265 546 1411 585; x_wconf 77' lang='lat' dir='ltr'><strong>extendant</strong></span> <span class='ocrx_word' id='word_1_196' title='bbox 1434 555 1548 575; x_wconf 89' lang='lat' dir='ltr'><strong>manum</strong></span> <span class='ocrx_word' id='word_1_197' title='bbox 1569 555 1658 575; x_wconf 90' lang='lat' dir='ltr'><strong>meam</strong></span> <span class='ocrx_word' id='word_1_198' title='bbox 1675 556 1759 583; x_wconf 73' lang='lat' dir='ltr'><strong>super</strong></span> 
     </span>
    </p>
   </div>
   <div class='ocr_carea' id='block_1_26' title="bbox 962 591 1759 626">
    <p class='ocr_par' dir='ltr' id='par_1_26' title="bbox 962 591 1759 626">
     <span class='ocr_line' id='line_1_26' title="bbox 962 591 1759 626; baseline 0.008 -11"><span class='ocrx_word' id='word_1_199' title='bbox 962 596 1019 622; x_wconf 89' lang='lat' dir='ltr'><strong>eos,</strong></span> <span class='ocrx_word' id='word_1_200' title='bbox 1040 594 1067 616; x_wconf 84' lang='lat' dir='ltr'><strong>et</strong></span> <span class='ocrx_word' id='word_1_201' title='bbox 1080 597 1180 624; x_wconf 91' lang='lat' dir='ltr'><strong>ponam</strong></span> <span class='ocrx_word' id='word_1_202' title='bbox 1194 595 1293 618; x_wconf 85' lang='lat' dir='ltr'><strong>terram</strong></span> <span class='ocrx_word' id='word_1_203' title='bbox 1311 592 1344 626; x_wconf 77' lang='grc' dir='ltr'><strong>(Ῑ)</strong></span> <span class='ocrx_word' id='word_1_204' title='bbox 1358 591 1386 618; x_wconf 90' lang='lat' dir='ltr'><strong>in</strong></span> <span class='ocrx_word' id='word_1_205' title='bbox 1404 593 1530 626; x_wconf 81' lang='lat' dir='ltr'><strong>exilium,</strong></span> <span class='ocrx_word' id='word_1_206' title='bbox 1547 598 1574 620; x_wconf 88' lang='lat' dir='ltr'><strong>et</strong></span> <span class='ocrx_word' id='word_1_207' title='bbox 1595 594 1622 621; x_wconf 92' lang='lat' dir='ltr'><strong>in</strong></span> <span class='ocrx_word' id='word_1_208' title='bbox 1644 593 1759 621; x_wconf 81' lang='lat' dir='ltr'><strong>deletio-</strong></span> 
     </span>
    </p>
   </div>
   <div class='ocr_carea' id='block_1_27' title="bbox 963 635 1755 673">
    <p class='ocr_par' dir='ltr' id='par_1_27' title="bbox 963 635 1755 673">
     <span class='ocr_line' id='line_1_27' title="bbox 963 635 1755 673; baseline 0.008 -12"><span class='ocrx_word' id='word_1_209' title='bbox 963 642 1024 662; x_wconf 90' lang='lat' dir='ltr'><strong>nem</strong></span> <span class='ocrx_word' id='word_1_210' title='bbox 1042 642 1055 661; x_wconf 86' lang='lat' dir='ltr'><strong>a</strong></span> <span class='ocrx_word' id='word_1_211' title='bbox 1070 635 1180 663; x_wconf 86' lang='lat' dir='ltr'><strong>deserto</strong></span> <span class='ocrx_word' id='word_1_212' title='bbox 1196 636 1326 664; x_wconf 86' lang='lat' dir='ltr'><strong>Deblatba</strong></span> <span class='ocrx_word' id='word_1_213' title='bbox 1341 645 1372 665; x_wconf 86' lang='lat' dir='ltr'><strong>ex</strong></span> <span class='ocrx_word' id='word_1_214' title='bbox 1384 639 1461 665; x_wconf 91' lang='lat' dir='ltr'><strong>omni</strong></span> <span class='ocrx_word' id='word_1_215' title='bbox 1473 639 1640 667; x_wconf 82' lang='lat' dir='ltr'><strong>habitatione</strong></span> <span class='ocrx_word' id='word_1_216' title='bbox 1650 647 1755 673; x_wconf 88' lang='lat' dir='ltr'><strong>eorum,</strong></span> 
     </span>
    </p>
   </div>
   <div class='ocr_carea' id='block_1_28' title="bbox 962 681 1510 718">
    <p class='ocr_par' dir='ltr' id='par_1_28' title="bbox 962 681 1510 718">
     <span class='ocr_line' id='line_1_28' title="bbox 962 681 1510 718; baseline 0.007 -11"><span class='ocrx_word' id='word_1_217' title='bbox 962 686 988 708; x_wconf 89' lang='lat' dir='ltr'><strong>et</strong></span> <span class='ocrx_word' id='word_1_218' title='bbox 1003 681 1189 715; x_wconf 78' lang='lat' dir='ltr'><strong>cognoscetis,</strong></span> <span class='ocrx_word' id='word_1_219' title='bbox 1208 682 1280 716; x_wconf 83' lang='lat' dir='ltr'><strong>quod</strong></span> <span class='ocrx_word' id='word_1_220' title='bbox 1299 690 1350 718; x_wconf 87' lang='lat' dir='ltr'><strong>ego</strong></span> <span class='ocrx_word' id='word_1_221' title='bbox 1369 683 1510 712; x_wconf 81' lang='lat' dir='ltr'><strong>Dominus.</strong></span> 
     </span>
    </p>
   </div>
   <div class='ocr_carea' id='block_1_29' title="bbox 998 727 1756 761">
    <p class='ocr_par' dir='ltr' id='par_1_29' title="bbox 998 727 1756 761">
     <span class='ocr_line' id='line_1_29' title="bbox 998 727 1756 761; baseline 0.007 -8"><span class='ocrx_word' id='word_1_222' title='bbox 998 727 1064 761; x_wconf 86' lang='lat' dir='ltr'><strong>Cap.</strong></span> <span class='ocrx_word' id='word_1_223' title='bbox 1086 727 1141 754; x_wconf 75' lang='grc' dir='ltr'><strong>νυ.</strong></span> <span class='ocrx_word' id='word_1_224' title='bbox 1154 743 1187 748; x_wconf 87' lang='lat'><strong>——-</strong></span> <span class='ocrx_word' id='word_1_225' title='bbox 1199 728 1224 755; x_wconf 80' lang='grc'>1.</span> <span class='ocrx_word' id='word_1_226' title='bbox 1242 727 1274 755; x_wconf 79' lang='lat' dir='ltr'><strong>Et</strong></span> <span class='ocrx_word' id='word_1_227' title='bbox 1294 728 1394 756; x_wconf 86' lang='lat' dir='ltr'><strong>factum</strong></span> <span class='ocrx_word' id='word_1_228' title='bbox 1409 735 1450 757; x_wconf 87' lang='lat' dir='ltr'><strong>est</strong></span> <span class='ocrx_word' id='word_1_229' title='bbox 1473 730 1586 757; x_wconf 85' lang='lat' dir='ltr'><strong>verbum</strong></span> <span class='ocrx_word' id='word_1_230' title='bbox 1603 730 1710 758; x_wconf 86' lang='lat' dir='ltr'><strong>Domini</strong></span> <span class='ocrx_word' id='word_1_231' title='bbox 1722 731 1756 758; x_wconf 81' lang='lat' dir='ltr'><strong>ad</strong></span> 
     </span>
    </p>
   </div>
   <div class='ocr_carea' id='block_1_30' title="bbox 964 772 1755 808">
    <p class='ocr_par' dir='ltr' id='par_1_30' title="bbox 964 772 1755 808">
     <span class='ocr_line' id='line_1_30' title="bbox 964 772 1755 808; baseline 0.006 -9"><span class='ocrx_word' id='word_1_232' title='bbox 964 779 1017 805; x_wconf 84' lang='lat' dir='ltr'><strong>me,</strong></span> <span class='ocrx_word' id='word_1_233' title='bbox 1036 772 1130 800; x_wconf 84' lang='lat' dir='ltr'><strong>dicens</strong></span> <span class='ocrx_word' id='word_1_234' title='bbox 1147 783 1153 800; x_wconf 96' lang='lat'>:</span> <span class='ocrx_word' id='word_1_235' title='bbox 1170 773 1197 800; x_wconf 74' lang='lat'><strong>2.</strong></span> <span class='ocrx_word' id='word_1_236' title='bbox 1214 773 1246 801; x_wconf 79' lang='lat' dir='ltr'><strong>Et</strong></span> <span class='ocrx_word' id='word_1_237' title='bbox 1260 779 1299 806; x_wconf 92' lang='lat' dir='ltr'><strong>tu,</strong></span> <span class='ocrx_word' id='word_1_238' title='bbox 1316 774 1352 802; x_wconf 87' lang='lat' dir='ltr'><strong>lili</strong></span> <span class='ocrx_word' id='word_1_239' title='bbox 1374 775 1641 808; x_wconf 65' lang='lat' dir='ltr'><strong>ltomiuis,batcdicit</strong></span> <span class='ocrx_word' id='word_1_240' title='bbox 1652 775 1755 803; x_wconf 68' lang='lat' dir='ltr'><strong>Adonei</strong></span> 
     </span>
    </p>
   </div>
   <div class='ocr_carea' id='block_1_31' title="bbox 965 818 1757 854">
    <p class='ocr_par' dir='ltr' id='par_1_31' title="bbox 965 818 1757 854">
     <span class='ocr_line' id='line_1_31' title="bbox 965 818 1757 854; baseline 0.005 -9"><span class='ocrx_word' id='word_1_241' title='bbox 965 818 1099 847; x_wconf 85' lang='lat' dir='ltr'><strong>Dominus</strong></span> <span class='ocrx_word' id='word_1_242' title='bbox 1115 825 1194 847; x_wconf 74' lang='lat' dir='ltr'><strong>terrae</strong></span> <span class='ocrx_word' id='word_1_243' title='bbox 1212 821 1322 848; x_wconf 86' lang='lat' dir='ltr'><strong>lsraelis</strong></span> <span class='ocrx_word' id='word_1_244' title='bbox 1337 830 1343 848; x_wconf 93' lang='lat'><strong>:</strong></span> <span class='ocrx_word' id='word_1_245' title='bbox 1359 821 1436 849; x_wconf 85' lang='lat' dir='ltr'><strong>Finis</strong></span> <span class='ocrx_word' id='word_1_246' title='bbox 1451 822 1534 854; x_wconf 83' lang='lat' dir='ltr'><strong>venit,</strong></span> <span class='ocrx_word' id='word_1_247' title='bbox 1552 821 1613 850; x_wconf 75' lang='lat' dir='ltr'><strong>linis</strong></span> <span class='ocrx_word' id='word_1_248' title='bbox 1630 823 1757 849; x_wconf 85' lang='lat' dir='ltr'><strong>venitsu-</strong></span> 
     </span>
    </p>
   </div>
   <div class='ocr_carea' id='block_1_32' title="bbox 964 866 1767 904">
    <p class='ocr_par' dir='ltr' id='par_1_32' title="bbox 964 866 1767 904">
     <span class='ocr_line' id='line_1_32' title="bbox 964 866 1767 904; baseline 0.002 -12"><span class='ocrx_word' id='word_1_249' title='bbox 964 872 1009 899; x_wconf 83' lang='lat' dir='ltr'><strong>per</strong></span> <span class='ocrx_word' id='word_1_250' title='bbox 1027 870 1148 900; x_wconf 84' lang='lat' dir='ltr'><strong>quatuor</strong></span> <span class='ocrx_word' id='word_1_251' title='bbox 1161 866 1219 894; x_wconf 88' lang='lat' dir='ltr'><strong>alas</strong></span> <span class='ocrx_word' id='word_1_252' title='bbox 1234 871 1322 894; x_wconf 72' lang='lat' dir='ltr'><strong>terrae.</strong></span> <span class='ocrx_word' id='word_1_253' title='bbox 1338 867 1364 892; x_wconf 89' lang='grc'><strong>7.</strong></span> <span class='ocrx_word' id='word_1_254' title='bbox 1380 875 1411 895; x_wconf 80' lang='lat'><strong><em>+</em></strong></span> <span class='ocrx_word' id='word_1_255' title='bbox 1424 866 1505 895; x_wconf 82' lang='lat' dir='ltr'><strong>Venit</strong></span> <span class='ocrx_word' id='word_1_256' title='bbox 1521 868 1581 896; x_wconf 89' lang='lat' dir='ltr'><strong>linis</strong></span> <span class='ocrx_word' id='word_1_257' title='bbox 1597 869 1608 903; x_wconf 75' lang='grc' dir='ltr'>ζ</span> <span class='ocrx_word' id='word_1_258' title='bbox 1628 876 1710 904; x_wconf 88' lang='lat' dir='ltr'><strong>super</strong></span> <span class='ocrx_word' id='word_1_259' title='bbox 1719 873 1767 900; x_wconf 76' lang='grc' dir='ltr'>ιιι..</span> 
     </span>
    </p>
   </div>
   <div class='ocr_carea' id='block_1_33' title="bbox 113 904 1757 949">
    <p class='ocr_par' dir='ltr' id='par_1_33' title="bbox 113 904 1757 949">
     <span class='ocr_line' id='line_1_33' title="bbox 113 904 1757 949; baseline 0.007 -19"><span class='ocrx_word' id='word_1_260' title='bbox 113 909 225 949; x_wconf 62' lang='lat' dir='ltr'><strong>montes</strong></span> <span class='ocrx_word' id='word_1_261' title='bbox 240 904 359 938; x_wconf 86' lang='lat' dir='ltr'><strong>lsraelis,</strong></span> <span class='ocrx_word' id='word_1_262' title='bbox 372 911 400 933; x_wconf 90' lang='lat' dir='ltr'><strong>et</strong></span> <span class='ocrx_word' id='word_1_263' title='bbox 412 908 542 942; x_wconf 88' lang='lat' dir='ltr'><strong>propheta</strong></span> <span class='ocrx_word' id='word_1_264' title='bbox 563 916 647 943; x_wconf 90' lang='lat' dir='ltr'><strong>super</strong></span> <span class='ocrx_word' id='word_1_265' title='bbox 663 916 721 940; x_wconf 85' lang='lat' dir='ltr'><strong>eos,</strong></span> <span class='ocrx_word' id='word_1_266' title='bbox 738 909 765 936; x_wconf 82' lang='grc'>5.</span> <span class='ocrx_word' id='word_1_267' title='bbox 778 915 806 937; x_wconf 83' lang='lat' dir='ltr'><strong>et</strong></span> <span class='ocrx_word' id='word_1_268' title='bbox 817 910 910 937; x_wconf 81' lang='lat' dir='ltr'><strong>diecs:</strong></span> <span class='ocrx_word' id='word_1_269' title='bbox 930 905 951 933; x_wconf 80' lang='grc' dir='ltr'><strong>Β</strong></span> <span class='ocrx_word' id='word_1_270' title='bbox 966 911 1012 945; x_wconf 87' lang='lat' dir='ltr'><strong>qui</strong></span> <span class='ocrx_word' id='word_1_271' title='bbox 1028 911 1136 939; x_wconf 85' lang='lat' dir='ltr'><strong>habitas</strong></span> <span class='ocrx_word' id='word_1_272' title='bbox 1151 919 1235 946; x_wconf 83' lang='lat' dir='ltr'><strong>super</strong></span> <span class='ocrx_word' id='word_1_273' title='bbox 1250 917 1340 939; x_wconf 84' lang='lat' dir='ltr'><strong>terra:</strong></span> <span class='ocrx_word' id='word_1_274' title='bbox 1365 913 1438 939; x_wconf 89' lang='lat' dir='ltr'><strong>venit</strong></span> <span class='ocrx_word' id='word_1_275' title='bbox 1461 917 1568 947; x_wconf 80' lang='lat' dir='ltr'><strong>tempus</strong></span> <span class='ocrx_word' id='word_1_276' title='bbox 1580 934 1587 946; x_wconf 97' lang='lat'><strong>,</strong></span> <span class='ocrx_word' id='word_1_277' title='bbox 1611 914 1757 949; x_wconf 62' lang='lat' dir='ltr'><strong>appropith</strong></span> 
     </span>
    </p>
   </div>
   <div class='ocr_carea' id='block_1_34' title="bbox 116 948 911 985">
    <p class='ocr_par' dir='ltr' id='par_1_34' title="bbox 116 948 911 985">
     <span class='ocr_line' id='line_1_34' title="bbox 116 948 911 985; baseline 0.009 -11"><span class='ocrx_word' id='word_1_278' title='bbox 116 948 222 977; x_wconf 83' lang='lat' dir='ltr'><strong>Montes</strong></span> <span class='ocrx_word' id='word_1_279' title='bbox 235 949 343 979; x_wconf 88' lang='lat' dir='ltr'><strong>lsraelis</strong></span> <span class='ocrx_word' id='word_1_280' title='bbox 361 974 368 985; x_wconf 85' lang='lat'><strong>,</strong></span> <span class='ocrx_word' id='word_1_281' title='bbox 387 952 480 980; x_wconf 85' lang='lat' dir='ltr'><strong>audite</strong></span> <span class='ocrx_word' id='word_1_282' title='bbox 511 954 625 981; x_wconf 86' lang='lat' dir='ltr'><strong>verbum</strong></span> <span class='ocrx_word' id='word_1_283' title='bbox 654 955 761 982; x_wconf 81' lang='lat' dir='ltr'><strong>Adonai</strong></span> <span class='ocrx_word' id='word_1_284' title='bbox 780 955 911 983; x_wconf 76' lang='lat' dir='ltr'><strong>Domini:</strong></span> 
     </span>
    </p>
   </div>
   <div class='ocr_carea' id='block_1_35' title="bbox 115 994 910 1035">
    <p class='ocr_par' dir='ltr' id='par_1_35' title="bbox 115 994 910 1035">
     <span class='ocr_line' id='line_1_35' title="bbox 115 994 910 1035; baseline 0.009 -13"><span class='ocrx_word' id='word_1_285' title='bbox 115 994 175 1022; x_wconf 69' lang='lat' dir='ltr'><strong>birc</strong></span> <span class='ocrx_word' id='word_1_286' title='bbox 190 996 256 1024; x_wconf 90' lang='lat' dir='ltr'><strong>dicit</strong></span> <span class='ocrx_word' id='word_1_287' title='bbox 273 997 377 1025; x_wconf 79' lang='lat' dir='ltr'><strong>Adonai</strong></span> <span class='ocrx_word' id='word_1_288' title='bbox 399 998 533 1027; x_wconf 88' lang='lat' dir='ltr'><strong>Dominus</strong></span> <span class='ocrx_word' id='word_1_289' title='bbox 549 1001 689 1027; x_wconf 83' lang='lat' dir='ltr'><strong>montibus</strong></span> <span class='ocrx_word' id='word_1_290' title='bbox 700 1023 707 1034; x_wconf 85' lang='lat'><strong>,</strong></span> <span class='ocrx_word' id='word_1_291' title='bbox 733 1006 761 1028; x_wconf 85' lang='lat' dir='ltr'><strong>et</strong></span> <span class='ocrx_word' id='word_1_292' title='bbox 784 1002 910 1035; x_wconf 85' lang='lat' dir='ltr'><strong>collibus,</strong></span> 
     </span>
    </p>
   </div>
   <div class='ocr_carea' id='block_1_36' title="bbox 114 1041 912 1083">
    <p class='ocr_par' dir='ltr' id='par_1_36' title="bbox 114 1041 912 1083">
     <span class='ocr_line' id='line_1_36' title="bbox 114 1041 912 1083; baseline 0.009 -15"><span class='ocrx_word' id='word_1_293' title='bbox 114 1041 153 1076; x_wconf 73' lang='grc' dir='ltr'><strong>(ι)</strong></span> <span class='ocrx_word' id='word_1_294' title='bbox 168 1046 196 1069; x_wconf 86' lang='lat' dir='ltr'><strong>et</strong></span> <span class='ocrx_word' id='word_1_295' title='bbox 211 1043 335 1076; x_wconf 88' lang='lat' dir='ltr'><strong>salebris,</strong></span> <span class='ocrx_word' id='word_1_296' title='bbox 352 1050 378 1072; x_wconf 91' lang='lat' dir='ltr'><strong>et</strong></span> <span class='ocrx_word' id='word_1_297' title='bbox 392 1045 509 1073; x_wconf 88' lang='lat' dir='ltr'><strong>vallibus</strong></span> <span class='ocrx_word' id='word_1_298' title='bbox 527 1055 534 1073; x_wconf 89' lang='lat'><strong>:</strong></span> <span class='ocrx_word' id='word_1_299' title='bbox 550 1046 622 1074; x_wconf 82' lang='lat' dir='ltr'><strong>Ecce</strong></span> <span class='ocrx_word' id='word_1_300' title='bbox 636 1055 686 1082; x_wconf 82' lang='lat' dir='ltr'><strong>ego</strong></span> <span class='ocrx_word' id='word_1_301' title='bbox 713 1048 813 1076; x_wconf 90' lang='lat' dir='ltr'><strong>induco</strong></span> <span class='ocrx_word' id='word_1_302' title='bbox 830 1056 912 1083; x_wconf 77' lang='lat' dir='ltr'><strong>super</strong></span> 
     </span>
    </p>
   </div>
   <div class='ocr_carea' id='block_1_37' title="bbox 113 1087 911 1130">
    <p class='ocr_par' dir='ltr' id='par_1_37' title="bbox 113 1087 911 1130">
     <span class='ocr_line' id='line_1_37' title="bbox 113 1087 911 1130; baseline 0.011 -17"><span class='ocrx_word' id='word_1_303' title='bbox 113 1094 165 1115; x_wconf 86' lang='lat' dir='ltr'><strong>vos</strong></span> <span class='ocrx_word' id='word_1_304' title='bbox 179 1087 312 1122; x_wconf 76' lang='lat' dir='ltr'><strong>gladium,</strong></span> <span class='ocrx_word' id='word_1_305' title='bbox 322 1094 348 1117; x_wconf 91' lang='lat' dir='ltr'><strong>et</strong></span> <span class='ocrx_word' id='word_1_306' title='bbox 360 1090 523 1119; x_wconf 84' lang='lat' dir='ltr'><strong>delebuntur</strong></span> <span class='ocrx_word' id='word_1_307' title='bbox 537 1092 643 1120; x_wconf 87' lang='lat' dir='ltr'><strong>excelsa</strong></span> <span class='ocrx_word' id='word_1_308' title='bbox 660 1098 762 1126; x_wconf 87' lang='lat' dir='ltr'><strong>vestra,</strong></span> <span class='ocrx_word' id='word_1_309' title='bbox 777 1095 804 1121; x_wconf 73' lang='grc'>4.</span> <span class='ocrx_word' id='word_1_310' title='bbox 824 1094 862 1130; x_wconf 85' lang='lat' dir='ltr'><strong>(a)</strong></span> <span class='ocrx_word' id='word_1_311' title='bbox 882 1100 911 1122; x_wconf 90' lang='lat' dir='ltr'><strong>et</strong></span> 
     </span>
    </p>
   </div>
   <div class='ocr_carea' id='block_1_38' title="bbox 113 1134 910 1176">
    <p class='ocr_par' dir='ltr' id='par_1_38' title="bbox 113 1134 910 1176">
     <span class='ocr_line' id='line_1_38' title="bbox 113 1134 910 1176; baseline 0.01 -16"><span class='ocrx_word' id='word_1_312' title='bbox 113 1134 265 1168; x_wconf 89' lang='lat' dir='ltr'><strong>perdentur</strong></span> <span class='ocrx_word' id='word_1_313' title='bbox 281 1136 377 1163; x_wconf 84' lang='lat' dir='ltr'><strong>altaria</strong></span> <span class='ocrx_word' id='word_1_314' title='bbox 393 1141 495 1169; x_wconf 87' lang='lat' dir='ltr'><strong>vestra,</strong></span> <span class='ocrx_word' id='word_1_315' title='bbox 511 1139 544 1172; x_wconf 64' lang='lat' dir='ltr'><strong>3K</strong></span> <span class='ocrx_word' id='word_1_316' title='bbox 560 1142 587 1166; x_wconf 88' lang='lat' dir='ltr'><strong>et</strong></span> <span class='ocrx_word' id='word_1_317' title='bbox 595 1140 795 1174; x_wconf 71' lang='lat' dir='ltr'><strong>conterentur:</strong></span> <span class='ocrx_word' id='word_1_318' title='bbox 812 1141 910 1176; x_wconf 84' lang='lat' dir='ltr'><strong>templa</strong></span> 
     </span>
    </p>
   </div>
   <div class='ocr_carea' id='block_1_39' title="bbox 113 1183 911 1216">
    <p class='ocr_par' dir='ltr' id='par_1_39' title="bbox 113 1183 911 1216">
     <span class='ocr_line' id='line_1_39' title="bbox 113 1183 911 1216; baseline 0.01 -10"><span class='ocrx_word' id='word_1_319' title='bbox 113 1185 218 1214; x_wconf 84' lang='lat' dir='ltr'><strong>vestra,</strong></span> <span class='ocrx_word' id='word_1_320' title='bbox 232 1187 259 1209; x_wconf 89' lang='lat' dir='ltr'><strong>et</strong></span> <span class='ocrx_word' id='word_1_321' title='bbox 273 1183 400 1216; x_wconf 85' lang='lat' dir='ltr'><strong>dejiciam</strong></span> <span class='ocrx_word' id='word_1_322' title='bbox 426 1184 561 1211; x_wconf 85' lang='lat' dir='ltr'><strong>cadavera</strong></span> <span class='ocrx_word' id='word_1_323' title='bbox 590 1192 680 1213; x_wconf 86' lang='lat' dir='ltr'><strong>vestra</strong></span> <span class='ocrx_word' id='word_1_324' title='bbox 708 1193 802 1214; x_wconf 85' lang='lat' dir='ltr'><strong>coram</strong></span> <span class='ocrx_word' id='word_1_325' title='bbox 831 1187 911 1214; x_wconf 86' lang='lat' dir='ltr'><strong>idolis</strong></span> 
     </span>
    </p>
   </div>
   <div class='ocr_carea' id='block_1_40' title="bbox 112 1228 910 1264">
    <p class='ocr_par' dir='ltr' id='par_1_40' title="bbox 112 1228 910 1264">
     <span class='ocr_line' id='line_1_40' title="bbox 112 1228 910 1264; baseline 0.009 -11"><span class='ocrx_word' id='word_1_326' title='bbox 112 1228 226 1255; x_wconf 85' lang='lat' dir='ltr'><strong>vestris.</strong></span> <span class='ocrx_word' id='word_1_327' title='bbox 240 1228 267 1255; x_wconf 86' lang='lat'><strong>5.</strong></span> <span class='ocrx_word' id='word_1_328' title='bbox 284 1230 317 1264; x_wconf 58' lang='grc' dir='ltr'><em>Χ</em></span> <span class='ocrx_word' id='word_1_329' title='bbox 333 1229 366 1257; x_wconf 88' lang='lat' dir='ltr'><strong>Et</strong></span> <span class='ocrx_word' id='word_1_330' title='bbox 388 1230 459 1258; x_wconf 90' lang='lat' dir='ltr'><strong>dabo</strong></span> <span class='ocrx_word' id='word_1_331' title='bbox 485 1231 618 1259; x_wconf 85' lang='lat' dir='ltr'><strong>cadavera</strong></span> <span class='ocrx_word' id='word_1_332' title='bbox 650 1232 768 1260; x_wconf 82' lang='lat' dir='ltr'><strong>filiorum</strong></span> <span class='ocrx_word' id='word_1_333' title='bbox 798 1232 910 1261; x_wconf 87' lang='lat' dir='ltr'><strong>lsraelis</strong></span> 
     </span>
    </p>
   </div>
   <div class='ocr_carea' id='block_1_41' title="bbox 113 1274 910 1314">
    <p class='ocr_par' dir='ltr' id='par_1_41' title="bbox 113 1274 910 1314">
     <span class='ocr_line' id='line_1_41' title="bbox 113 1274 910 1314; baseline 0.008 -14"><span class='ocrx_word' id='word_1_334' title='bbox 113 1279 177 1302; x_wconf 89' lang='lat' dir='ltr'><strong>ante</strong></span> <span class='ocrx_word' id='word_1_335' title='bbox 194 1274 291 1303; x_wconf 79' lang='lat' dir='ltr'><strong>faciem</strong></span> <span class='ocrx_word' id='word_1_336' title='bbox 308 1276 444 1304; x_wconf 87' lang='lat' dir='ltr'><strong>idolorum</strong></span> <span class='ocrx_word' id='word_1_337' title='bbox 458 1285 554 1305; x_wconf 90' lang='lat' dir='ltr'><strong>eorum</strong></span> <span class='ocrx_word' id='word_1_338' title='bbox 572 1280 583 1314; x_wconf 71' lang='grc' dir='ltr'>ζ</span> <span class='ocrx_word' id='word_1_339' title='bbox 598 1299 605 1311; x_wconf 93' lang='grc'>,</span> <span class='ocrx_word' id='word_1_340' title='bbox 629 1284 656 1307; x_wconf 89' lang='lat' dir='ltr'><strong>et</strong></span> <span class='ocrx_word' id='word_1_341' title='bbox 675 1279 829 1314; x_wconf 76' lang='lat' dir='ltr'><strong>dispergam</strong></span> <span class='ocrx_word' id='word_1_342' title='bbox 847 1287 910 1307; x_wconf 86' lang='lat' dir='ltr'><strong>ossa</strong></span> 
     </span>
    </p>
   </div>
   <div class='ocr_carea' id='block_1_42' title="bbox 114 1322 911 1352">
    <p class='ocr_par' dir='ltr' id='par_1_42' title="bbox 114 1322 911 1352">
     <span class='ocr_line' id='line_1_42' title="bbox 114 1322 911 1352; baseline 0.006 -5"><span class='ocrx_word' id='word_1_343' title='bbox 114 1325 207 1348; x_wconf 87' lang='lat' dir='ltr'><strong>vestra</strong></span> <span class='ocrx_word' id='word_1_344' title='bbox 221 1323 296 1348; x_wconf 85' lang='lat' dir='ltr'><strong>circa</strong></span> <span class='ocrx_word' id='word_1_345' title='bbox 314 1322 411 1350; x_wconf 88' lang='lat' dir='ltr'><strong>altaria</strong></span> <span class='ocrx_word' id='word_1_346' title='bbox 432 1328 533 1351; x_wconf 84' lang='lat' dir='ltr'><strong>vestra.</strong></span> <span class='ocrx_word' id='word_1_347' title='bbox 555 1324 581 1352; x_wconf 86' lang='lat'><strong>6.</strong></span> <span class='ocrx_word' id='word_1_348' title='bbox 598 1324 627 1351; x_wconf 94' lang='lat' dir='ltr'><strong>ln</strong></span> <span class='ocrx_word' id='word_1_349' title='bbox 650 1325 726 1352; x_wconf 92' lang='lat' dir='ltr'><strong>omni</strong></span> <span class='ocrx_word' id='word_1_350' title='bbox 740 1325 911 1352; x_wconf 86' lang='lat' dir='ltr'><strong>habitatione</strong></span> 
     </span>
    </p>
   </div>
   <div class='ocr_carea' id='block_1_43' title="bbox 112 1367 908 1403">
    <p class='ocr_par' dir='ltr' id='par_1_43' title="bbox 112 1367 908 1403">
     <span class='ocr_line' id='line_1_43' title="bbox 112 1367 908 1403; baseline 0.006 -11"><span class='ocrx_word' id='word_1_351' title='bbox 112 1371 206 1394; x_wconf 88' lang='lat' dir='ltr'><strong>vestra</strong></span> <span class='ocrx_word' id='word_1_352' title='bbox 222 1367 305 1395; x_wconf 88' lang='lat' dir='ltr'><strong>urbes</strong></span> <span class='ocrx_word' id='word_1_353' title='bbox 324 1368 440 1396; x_wconf 74' lang='lat' dir='ltr'><strong>deserta:</strong></span> <span class='ocrx_word' id='word_1_354' title='bbox 454 1375 548 1402; x_wconf 88' lang='lat' dir='ltr'><strong>erunt,</strong></span> <span class='ocrx_word' id='word_1_355' title='bbox 560 1373 587 1397; x_wconf 88' lang='lat' dir='ltr'><strong>et</strong></span> <span class='ocrx_word' id='word_1_356' title='bbox 595 1370 703 1398; x_wconf 78' lang='lat' dir='ltr'><strong>excelsa</strong></span> <span class='ocrx_word' id='word_1_357' title='bbox 714 1370 908 1403; x_wconf 86' lang='lat' dir='ltr'><strong>abolebuntur,</strong></span> 
     </span>
    </p>
   </div>
   <div class='ocr_carea' id='block_1_44' title="bbox 113 1413 909 1451">
    <p class='ocr_par' dir='ltr' id='par_1_44' title="bbox 113 1413 909 1451">
     <span class='ocr_line' id='line_1_44' title="bbox 113 1413 909 1451; baseline 0.005 -11"><span class='ocrx_word' id='word_1_358' title='bbox 113 1418 144 1440; x_wconf 88' lang='lat' dir='ltr'><strong>ut</strong></span> <span class='ocrx_word' id='word_1_359' title='bbox 156 1413 351 1449; x_wconf 78' lang='lat' dir='ltr'><strong>dcleantur,)t(</strong></span> <span class='ocrx_word' id='word_1_360' title='bbox 363 1414 400 1449; x_wconf 77' lang='grc' dir='ltr'><strong>(ὁ)</strong></span> <span class='ocrx_word' id='word_1_361' title='bbox 411 1416 745 1451; x_wconf 80' lang='lat' dir='ltr'><strong>eteonculcabuntur(”‘)</strong></span> <span class='ocrx_word' id='word_1_362' title='bbox 755 1417 850 1443; x_wconf 81' lang='lat' dir='ltr'><strong>altaria</strong></span> <span class='ocrx_word' id='word_1_363' title='bbox 862 1425 909 1444; x_wconf 83' lang='lat' dir='ltr'><strong>ve-</strong></span> 
     </span>
    </p>
   </div>
   <div class='ocr_carea' id='block_1_45' title="bbox 113 1462 911 1496">
    <p class='ocr_par' dir='ltr' id='par_1_45' title="bbox 113 1462 911 1496">
     <span class='ocr_line' id='line_1_45' title="bbox 113 1462 911 1496; baseline 0.006 -10"><span class='ocrx_word' id='word_1_364' title='bbox 113 1463 182 1492; x_wconf 81' lang='lat' dir='ltr'><strong>stra,</strong></span> <span class='ocrx_word' id='word_1_365' title='bbox 198 1465 225 1488; x_wconf 85' lang='lat' dir='ltr'><strong>et</strong></span> <span class='ocrx_word' id='word_1_366' title='bbox 242 1466 430 1494; x_wconf 88' lang='lat' dir='ltr'><strong>conterentur,</strong></span> <span class='ocrx_word' id='word_1_367' title='bbox 442 1465 469 1489; x_wconf 87' lang='lat' dir='ltr'><strong>et</strong></span> <span class='ocrx_word' id='word_1_368' title='bbox 485 1462 635 1489; x_wconf 85' lang='lat' dir='ltr'><strong>cessabunt</strong></span> <span class='ocrx_word' id='word_1_369' title='bbox 651 1462 661 1496; x_wconf 68' lang='grc' dir='ltr'>ζ</span> <span class='ocrx_word' id='word_1_370' title='bbox 680 1463 752 1489; x_wconf 88' lang='lat' dir='ltr'><strong>idola</strong></span> <span class='ocrx_word' id='word_1_371' title='bbox 769 1468 870 1496; x_wconf 89' lang='lat' dir='ltr'><strong>vestra,</strong></span> <span class='ocrx_word' id='word_1_372' title='bbox 883 1469 911 1491; x_wconf 91' lang='lat' dir='ltr'><strong>et</strong></span> 
     </span>
    </p>
   </div>
   <div class='ocr_carea' id='block_1_46' title="bbox 114 1506 911 1544">
    <p class='ocr_par' dir='ltr' id='par_1_46' title="bbox 114 1506 911 1544">
     <span class='ocr_line' id='line_1_46' title="bbox 114 1506 911 1544; baseline 0.006 -12"><span class='ocrx_word' id='word_1_373' title='bbox 114 1506 245 1534; x_wconf 85' lang='lat' dir='ltr'><strong>tollentur</strong></span> <span class='ocrx_word' id='word_1_374' title='bbox 262 1506 375 1534; x_wconf 89' lang='lat' dir='ltr'><strong>delubra</strong></span> <span class='ocrx_word' id='word_1_375' title='bbox 391 1514 492 1540; x_wconf 85' lang='lat' dir='ltr'><strong>vestra,</strong></span> <span class='ocrx_word' id='word_1_376' title='bbox 503 1509 536 1542; x_wconf 75' lang='grc' dir='ltr'>&gt;κ</span> <span class='ocrx_word' id='word_1_377' title='bbox 546 1513 572 1535; x_wconf 90' lang='lat' dir='ltr'><strong>et</strong></span> <span class='ocrx_word' id='word_1_378' title='bbox 587 1509 753 1536; x_wconf 81' lang='lat' dir='ltr'><strong>delebutttttr</strong></span> <span class='ocrx_word' id='word_1_379' title='bbox 765 1517 848 1544; x_wconf 87' lang='lat' dir='ltr'><strong>opera</strong></span> <span class='ocrx_word' id='word_1_380' title='bbox 865 1518 911 1537; x_wconf 90' lang='lat' dir='ltr'><strong>ve-</strong></span> 
     </span>
    </p>
   </div>
   <div class='ocr_carea' id='block_1_47' title="bbox 112 1551 909 1587">
    <p class='ocr_par' dir='ltr' id='par_1_47' title="bbox 112 1551 909 1587">
     <span class='ocr_line' id='line_1_47' title="bbox 112 1551 909 1587; baseline 0.006 -10"><span class='ocrx_word' id='word_1_381' title='bbox 112 1556 171 1578; x_wconf 87' lang='lat' dir='ltr'><strong>stra</strong></span> <span class='ocrx_word' id='word_1_382' title='bbox 187 1552 198 1586; x_wconf 67' lang='grc' dir='ltr'>ζ</span> <span class='ocrx_word' id='word_1_383' title='bbox 215 1571 222 1583; x_wconf 86' lang='grc'><em>,</em></span> <span class='ocrx_word' id='word_1_384' title='bbox 243 1551 269 1579; x_wconf 88' lang='grc'>7.</span> <span class='ocrx_word' id='word_1_385' title='bbox 282 1556 310 1579; x_wconf 84' lang='lat' dir='ltr'><strong>et</strong></span> <span class='ocrx_word' id='word_1_386' title='bbox 323 1554 422 1580; x_wconf 88' lang='lat' dir='ltr'><strong>cadent</strong></span> <span class='ocrx_word' id='word_1_387' title='bbox 438 1553 523 1580; x_wconf 88' lang='lat' dir='ltr'><strong>occisi</strong></span> <span class='ocrx_word' id='word_1_388' title='bbox 547 1554 575 1580; x_wconf 94' lang='lat' dir='ltr'><strong>in</strong></span> <span class='ocrx_word' id='word_1_389' title='bbox 601 1554 692 1581; x_wconf 89' lang='lat' dir='ltr'><strong>medio</strong></span> <span class='ocrx_word' id='word_1_390' title='bbox 712 1554 808 1587; x_wconf 83' lang='lat' dir='ltr'><strong>vestri,</strong></span> <span class='ocrx_word' id='word_1_391' title='bbox 823 1559 850 1582; x_wconf 89' lang='lat' dir='ltr'><strong>et</strong></span> <span class='ocrx_word' id='word_1_392' title='bbox 861 1562 909 1582; x_wconf 87' lang='lat' dir='ltr'><strong>co-</strong></span> 
     </span>
    </p>
   </div>
   <div class='ocr_carea' id='block_1_48' title="bbox 111 1598 907 1634">
    <p class='ocr_par' dir='ltr' id='par_1_48' title="bbox 111 1598 907 1634">
     <span class='ocr_line' id='line_1_48' title="bbox 111 1598 907 1634; baseline 0.004 -10"><span class='ocrx_word' id='word_1_393' title='bbox 111 1598 253 1631; x_wconf 77' lang='lat' dir='ltr'><strong>gnoscetis</strong></span> <span class='ocrx_word' id='word_1_394' title='bbox 265 1619 272 1630; x_wconf 95' lang='lat'><strong>,</strong></span> <span class='ocrx_word' id='word_1_395' title='bbox 291 1598 365 1633; x_wconf 85' lang='lat' dir='ltr'><strong>quod</strong></span> <span class='ocrx_word' id='word_1_396' title='bbox 391 1607 442 1634; x_wconf 86' lang='lat' dir='ltr'><strong>ego</strong></span> <span class='ocrx_word' id='word_1_397' title='bbox 473 1599 617 1628; x_wconf 90' lang='lat' dir='ltr'><strong>Dominus.</strong></span> <span class='ocrx_word' id='word_1_398' title='bbox 634 1600 660 1627; x_wconf 89' lang='lat'><strong>8.</strong></span> <span class='ocrx_word' id='word_1_399' title='bbox 678 1602 711 1634; x_wconf 54' lang='grc' dir='ltr'><strong>Ἀ(</strong></span> <span class='ocrx_word' id='word_1_400' title='bbox 722 1600 754 1627; x_wconf 87' lang='lat' dir='ltr'><strong>Et</strong></span> <span class='ocrx_word' id='word_1_401' title='bbox 768 1600 907 1628; x_wconf 89' lang='lat' dir='ltr'><strong>residuum</strong></span> 
     </span>
    </p>
   </div>
   <div class='ocr_carea' id='block_1_49' title="bbox 113 1643 909 1680">
    <p class='ocr_par' dir='ltr' id='par_1_49' title="bbox 113 1643 909 1680">
     <span class='ocr_line' id='line_1_49' title="bbox 113 1643 909 1680; baseline 0.005 -10"><span class='ocrx_word' id='word_1_402' title='bbox 113 1643 218 1670; x_wconf 81' lang='lat' dir='ltr'><strong>faciam</strong></span> <span class='ocrx_word' id='word_1_403' title='bbox 234 1645 265 1679; x_wconf 71' lang='grc' dir='ltr'>ζ,</span> <span class='ocrx_word' id='word_1_404' title='bbox 281 1644 346 1671; x_wconf 92' lang='lat' dir='ltr'><strong>dum</strong></span> <span class='ocrx_word' id='word_1_405' title='bbox 367 1644 471 1673; x_wconf 87' lang='lat' dir='ltr'><strong>fuerint</strong></span> <span class='ocrx_word' id='word_1_406' title='bbox 483 1653 516 1673; x_wconf 81' lang='lat' dir='ltr'><strong>ex</strong></span> <span class='ocrx_word' id='word_1_407' title='bbox 531 1646 609 1673; x_wconf 89' lang='lat' dir='ltr'><strong>vobis</strong></span> <span class='ocrx_word' id='word_1_408' title='bbox 625 1646 771 1674; x_wconf 87' lang='lat' dir='ltr'><strong>evadentes</strong></span> <span class='ocrx_word' id='word_1_409' title='bbox 788 1655 802 1674; x_wconf 88' lang='lat' dir='ltr'><strong>a</strong></span> <span class='ocrx_word' id='word_1_410' title='bbox 819 1647 909 1680; x_wconf 79' lang='lat' dir='ltr'><strong>gladio</strong></span> 
     </span>
    </p>
   </div>
   <div class='ocr_carea' id='block_1_50' title="bbox 113 1689 909 1728">
    <p class='ocr_par' dir='ltr' id='par_1_50' title="bbox 113 1689 909 1728">
     <span class='ocr_line' id='line_1_50' title="bbox 113 1689 909 1728; baseline 0.005 -12"><span class='ocrx_word' id='word_1_411' title='bbox 113 1689 141 1716; x_wconf 88' lang='lat' dir='ltr'><strong>in</strong></span> <span class='ocrx_word' id='word_1_412' title='bbox 157 1690 297 1723; x_wconf 77' lang='lat' dir='ltr'><strong>gentibus,</strong></span> <span class='ocrx_word' id='word_1_413' title='bbox 315 1695 342 1718; x_wconf 90' lang='lat' dir='ltr'><strong>et</strong></span> <span class='ocrx_word' id='word_1_414' title='bbox 360 1691 387 1718; x_wconf 91' lang='lat' dir='ltr'><strong>in</strong></span> <span class='ocrx_word' id='word_1_415' title='bbox 405 1692 578 1726; x_wconf 88' lang='lat' dir='ltr'><strong>dispersione</strong></span> <span class='ocrx_word' id='word_1_416' title='bbox 591 1697 683 1720; x_wconf 88' lang='lat' dir='ltr'><strong>vestra</strong></span> <span class='ocrx_word' id='word_1_417' title='bbox 699 1698 726 1720; x_wconf 89' lang='lat' dir='ltr'><strong>et</strong></span> <span class='ocrx_word' id='word_1_418' title='bbox 745 1693 772 1720; x_wconf 92' lang='lat' dir='ltr'><strong>in</strong></span> <span class='ocrx_word' id='word_1_419' title='bbox 789 1693 909 1728; x_wconf 82' lang='lat' dir='ltr'><strong>regioni-</strong></span> 
     </span>
    </p>
   </div>
   <div class='ocr_carea' id='block_1_51' title="bbox 112 1735 909 1772">
    <p class='ocr_par' dir='ltr' id='par_1_51' title="bbox 112 1735 909 1772">
     <span class='ocr_line' id='line_1_51' title="bbox 112 1735 909 1772; baseline 0.005 -10"><span class='ocrx_word' id='word_1_420' title='bbox 112 1735 166 1763; x_wconf 84' lang='lat' dir='ltr'><strong>bus</strong></span> <span class='ocrx_word' id='word_1_421' title='bbox 179 1744 186 1762; x_wconf 92' lang='lat'><strong>:</strong></span> <span class='ocrx_word' id='word_1_422' title='bbox 202 1735 228 1763; x_wconf 88' lang='lat'><strong>9.</strong></span> <span class='ocrx_word' id='word_1_423' title='bbox 241 1739 269 1763; x_wconf 88' lang='lat' dir='ltr'><strong>et</strong></span> <span class='ocrx_word' id='word_1_424' title='bbox 284 1737 502 1764; x_wconf 85' lang='lat' dir='ltr'><strong>recordabuntur</strong></span> <span class='ocrx_word' id='word_1_425' title='bbox 520 1737 587 1770; x_wconf 88' lang='lat' dir='ltr'><strong>mei,</strong></span> <span class='ocrx_word' id='word_1_426' title='bbox 603 1739 649 1772; x_wconf 88' lang='lat' dir='ltr'><strong>qui</strong></span> <span class='ocrx_word' id='word_1_427' title='bbox 663 1738 801 1766; x_wconf 78' lang='lat' dir='ltr'><strong>evaserint</strong></span> <span class='ocrx_word' id='word_1_428' title='bbox 818 1746 851 1766; x_wconf 75' lang='lat' dir='ltr'><strong>ex</strong></span> <span class='ocrx_word' id='word_1_429' title='bbox 862 1746 909 1766; x_wconf 85' lang='lat' dir='ltr'><strong>vo-</strong></span> 
     </span>
    </p>
   </div>
   <div class='ocr_carea' id='block_1_52' title="bbox 112 1780 906 1818">
    <p class='ocr_par' dir='ltr' id='par_1_52' title="bbox 112 1780 906 1818">
     <span class='ocr_line' id='line_1_52' title="bbox 112 1780 906 1818; baseline 0.004 -11"><span class='ocrx_word' id='word_1_430' title='bbox 112 1780 158 1808; x_wconf 88' lang='lat' dir='ltr'><strong>bis</strong></span> <span class='ocrx_word' id='word_1_431' title='bbox 180 1781 208 1808; x_wconf 95' lang='lat' dir='ltr'><strong>in</strong></span> <span class='ocrx_word' id='word_1_432' title='bbox 225 1781 356 1816; x_wconf 73' lang='lat' dir='ltr'><strong>gentibus</strong></span> <span class='ocrx_word' id='word_1_433' title='bbox 370 1803 377 1814; x_wconf 90' lang='lat'><strong>,</strong></span> <span class='ocrx_word' id='word_1_434' title='bbox 406 1791 460 1818; x_wconf 93' lang='lat' dir='ltr'><strong>quo</strong></span> <span class='ocrx_word' id='word_1_435' title='bbox 476 1784 575 1818; x_wconf 88' lang='lat' dir='ltr'><strong>captivi</strong></span> <span class='ocrx_word' id='word_1_436' title='bbox 597 1784 671 1811; x_wconf 87' lang='lat' dir='ltr'><strong>ducti</strong></span> <span class='ocrx_word' id='word_1_437' title='bbox 699 1784 800 1811; x_wconf 85' lang='lat' dir='ltr'><strong>fuerint</strong></span> <span class='ocrx_word' id='word_1_438' title='bbox 826 1785 906 1811; x_wconf 82' lang='lat' dir='ltr'><strong>illuc:</strong></span> 
     </span>
    </p>
   </div>
   <div class='ocr_carea' id='block_1_53' title="bbox 112 1827 908 1865">
    <p class='ocr_par' dir='ltr' id='par_1_53' title="bbox 112 1827 908 1865">
     <span class='ocr_line' id='line_1_53' title="bbox 112 1827 908 1865; baseline 0.006 -12"><span class='ocrx_word' id='word_1_439' title='bbox 112 1827 180 1862; x_wconf 86' lang='lat' dir='ltr'><strong>quia</strong></span> <span class='ocrx_word' id='word_1_440' title='bbox 191 1827 282 1861; x_wconf 88' lang='lat' dir='ltr'><strong>juravi</strong></span> <span class='ocrx_word' id='word_1_441' title='bbox 299 1829 376 1856; x_wconf 85' lang='lat' dir='ltr'><strong>cordi</strong></span> <span class='ocrx_word' id='word_1_442' title='bbox 396 1837 493 1857; x_wconf 90' lang='lat' dir='ltr'><strong>eorum</strong></span> <span class='ocrx_word' id='word_1_443' title='bbox 523 1830 687 1863; x_wconf 86' lang='lat' dir='ltr'><strong>fornicanti,</strong></span> <span class='ocrx_word' id='word_1_444' title='bbox 709 1832 741 1864; x_wconf 54' lang='grc' dir='ltr'><em>Χ</em></span> <span class='ocrx_word' id='word_1_445' title='bbox 765 1831 790 1858; x_wconf 91' lang='lat' dir='ltr'><strong>ei</strong></span> <span class='ocrx_word' id='word_1_446' title='bbox 804 1851 810 1861; x_wconf 92' lang='lat'><strong>,</strong></span> <span class='ocrx_word' id='word_1_447' title='bbox 835 1831 908 1865; x_wconf 88' lang='lat' dir='ltr'><strong>quod</strong></span> 
     </span>
    </p>
   </div>
   <div class='ocr_carea' id='block_1_54' title="bbox 112 1873 910 1911">
    <p class='ocr_par' dir='ltr' id='par_1_54' title="bbox 112 1873 910 1911">
     <span class='ocr_line' id='line_1_54' title="bbox 112 1873 910 1911; baseline 0.006 -12"><span class='ocrx_word' id='word_1_448' title='bbox 112 1873 228 1900; x_wconf 80' lang='lat' dir='ltr'><strong>recessit</strong></span> <span class='ocrx_word' id='word_1_449' title='bbox 242 1874 253 1909; x_wconf 75' lang='grc' dir='ltr'>ζ</span> <span class='ocrx_word' id='word_1_450' title='bbox 267 1881 282 1900; x_wconf 88' lang='lat' dir='ltr'><strong>a</strong></span> <span class='ocrx_word' id='word_1_451' title='bbox 301 1882 354 1907; x_wconf 90' lang='lat' dir='ltr'><strong>me,</strong></span> <span class='ocrx_word' id='word_1_452' title='bbox 369 1879 396 1902; x_wconf 91' lang='lat' dir='ltr'><strong>et</strong></span> <span class='ocrx_word' id='word_1_453' title='bbox 415 1875 506 1909; x_wconf 73' lang='lat' dir='ltr'><strong>oculis</strong></span> <span class='ocrx_word' id='word_1_454' title='bbox 521 1883 616 1903; x_wconf 89' lang='lat' dir='ltr'><strong>eorum</strong></span> <span class='ocrx_word' id='word_1_455' title='bbox 633 1875 835 1904; x_wconf 74' lang='lat' dir='ltr'><strong>fornicantibus</strong></span> <span class='ocrx_word' id='word_1_456' title='bbox 849 1881 910 1911; x_wconf 86' lang='lat' dir='ltr'><strong>post</strong></span> 
     </span>
    </p>
   </div>
   <div class='ocr_carea' id='block_1_55' title="bbox 112 1919 909 1958">
    <p class='ocr_par' dir='ltr' id='par_1_55' title="bbox 112 1919 909 1958">
     <span class='ocr_line' id='line_1_55' title="bbox 112 1919 909 1958; baseline 0.005 -12"><span class='ocrx_word' id='word_1_457' title='bbox 112 1919 204 1946; x_wconf 85' lang='lat' dir='ltr'><strong>studia</strong></span> <span class='ocrx_word' id='word_1_458' title='bbox 225 1928 276 1947; x_wconf 87' lang='lat' dir='ltr'><strong>sua</strong></span> <span class='ocrx_word' id='word_1_459' title='bbox 292 1929 298 1948; x_wconf 94' lang='lat'>:</span> <span class='ocrx_word' id='word_1_460' title='bbox 314 1921 349 1955; x_wconf 86' lang='lat' dir='ltr'><strong>(c)</strong></span> <span class='ocrx_word' id='word_1_461' title='bbox 363 1925 390 1948; x_wconf 93' lang='lat' dir='ltr'><strong>et</strong></span> <span class='ocrx_word' id='word_1_462' title='bbox 404 1922 556 1956; x_wconf 88' lang='lat' dir='ltr'><strong>perculient</strong></span> <span class='ocrx_word' id='word_1_463' title='bbox 567 1922 651 1950; x_wconf 83' lang='lat' dir='ltr'><strong>facies</strong></span> <span class='ocrx_word' id='word_1_464' title='bbox 667 1931 741 1955; x_wconf 84' lang='lat' dir='ltr'><strong>suas,</strong></span> <span class='ocrx_word' id='word_1_465' title='bbox 754 1925 787 1957; x_wconf 52' lang='grc' dir='ltr'><strong>»ζ</strong></span> <span class='ocrx_word' id='word_1_466' title='bbox 798 1928 909 1958; x_wconf 72' lang='lat' dir='ltr'><strong>propter</strong></span> 
     </span>
    </p>
   </div>
   <div class='ocr_carea' id='block_1_56' title="bbox 113 1965 909 2002">
    <p class='ocr_par' dir='ltr' id='par_1_56' title="bbox 113 1965 909 2002">
     <span class='ocr_line' id='line_1_56' title="bbox 113 1965 909 2002; baseline 0.006 -11"><span class='ocrx_word' id='word_1_467' title='bbox 113 1965 196 1998; x_wconf 85' lang='lat' dir='ltr'><strong>mala,</strong></span> <span class='ocrx_word' id='word_1_468' title='bbox 212 1974 275 2000; x_wconf 66' lang='lat' dir='ltr'><strong>qua:</strong></span> <span class='ocrx_word' id='word_1_469' title='bbox 287 1965 411 1994; x_wconf 87' lang='lat' dir='ltr'><strong>fecerunt</strong></span> <span class='ocrx_word' id='word_1_470' title='bbox 432 1968 458 1994; x_wconf 93' lang='lat' dir='ltr'><strong>in</strong></span> <span class='ocrx_word' id='word_1_471' title='bbox 473 1967 604 1995; x_wconf 89' lang='lat' dir='ltr'><strong>omnibus</strong></span> <span class='ocrx_word' id='word_1_472' title='bbox 623 1969 633 2002; x_wconf 70' lang='grc' dir='ltr'>ζ</span> <span class='ocrx_word' id='word_1_473' title='bbox 657 1968 909 1996; x_wconf 85' lang='lat' dir='ltr'><strong>ahominationibus</strong></span> 
     </span>
    </p>
   </div>
   <div class='ocr_carea' id='block_1_57' title="bbox 113 2011 909 2049">
    <p class='ocr_par' dir='ltr' id='par_1_57' title="bbox 113 2011 909 2049">
     <span class='ocr_line' id='line_1_57' title="bbox 113 2011 909 2049; baseline 0.004 -12"><span class='ocrx_word' id='word_1_474' title='bbox 113 2011 173 2038; x_wconf 83' lang='lat' dir='ltr'><strong>suis</strong></span> <span class='ocrx_word' id='word_1_475' title='bbox 186 2013 259 2045; x_wconf 67' lang='lat' dir='ltr'><strong>)(et</strong></span> <span class='ocrx_word' id='word_1_476' title='bbox 278 2013 304 2039; x_wconf 91' lang='lat' dir='ltr'><strong>in</strong></span> <span class='ocrx_word' id='word_1_477' title='bbox 326 2013 454 2041; x_wconf 92' lang='lat' dir='ltr'><strong>omnibus</strong></span> <span class='ocrx_word' id='word_1_478' title='bbox 468 2014 567 2041; x_wconf 84' lang='lat' dir='ltr'><strong>studiis</strong></span> <span class='ocrx_word' id='word_1_479' title='bbox 579 2015 637 2042; x_wconf 89' lang='lat' dir='ltr'><strong>suis</strong></span> <span class='ocrx_word' id='word_1_480' title='bbox 660 2015 684 2049; x_wconf 70' lang='grc' dir='ltr'>ζ.</span> <span class='ocrx_word' id='word_1_481' title='bbox 703 2015 744 2042; x_wconf 75' lang='grc'><strong>10.</strong></span> <span class='ocrx_word' id='word_1_482' title='bbox 759 2014 790 2042; x_wconf 86' lang='grc' dir='ltr'><strong>Ει</strong></span> <span class='ocrx_word' id='word_1_483' title='bbox 809 2023 909 2049; x_wconf 57' lang='lat' dir='ltr'><strong>cogito.</strong></span> 
     </span>
    </p>
   </div>
   <div class='ocr_carea' id='block_1_58' title="bbox 113 2058 908 2095">
    <p class='ocr_par' dir='ltr' id='par_1_58' title="bbox 113 2058 908 2095">
     <span class='ocr_line' id='line_1_58' title="bbox 113 2058 908 2095; baseline 0.006 -12"><span class='ocrx_word' id='word_1_484' title='bbox 113 2062 202 2089; x_wconf 79' lang='lat' dir='ltr'><strong>sceut,</strong></span> <span class='ocrx_word' id='word_1_485' title='bbox 219 2058 293 2092; x_wconf 85' lang='lat' dir='ltr'><strong>quod</strong></span> <span class='ocrx_word' id='word_1_486' title='bbox 309 2066 360 2094; x_wconf 86' lang='lat' dir='ltr'><strong>ego</strong></span> <span class='ocrx_word' id='word_1_487' title='bbox 377 2058 510 2087; x_wconf 90' lang='lat' dir='ltr'><strong>Dominus</strong></span> <span class='ocrx_word' id='word_1_488' title='bbox 524 2062 557 2095; x_wconf 61' lang='grc' dir='ltr'><strong>ὶθ(</strong></span> <span class='ocrx_word' id='word_1_489' title='bbox 585 2069 637 2088; x_wconf 90' lang='lat' dir='ltr'><strong>non</strong></span> <span class='ocrx_word' id='word_1_490' title='bbox 667 2061 768 2088; x_wconf 76' lang='lat' dir='ltr'><strong>frustra</strong></span> <span class='ocrx_word' id='word_1_491' title='bbox 798 2061 908 2088; x_wconf 79' lang='lat' dir='ltr'><strong>lorutus</strong></span> 
     </span>
    </p>
   </div>
   <div class='ocr_carea' id='block_1_59' title="bbox 113 2104 909 2141">
    <p class='ocr_par' dir='ltr' id='par_1_59' title="bbox 113 2104 909 2141">
     <span class='ocr_line' id='line_1_59' title="bbox 113 2104 909 2141; baseline 0.006 -12"><span class='ocrx_word' id='word_1_492' title='bbox 113 2110 188 2136; x_wconf 85' lang='lat' dir='ltr'><strong>sum,</strong></span> <span class='ocrx_word' id='word_1_493' title='bbox 207 2110 236 2131; x_wconf 83' lang='lat' dir='ltr'><strong>ut</strong></span> <span class='ocrx_word' id='word_1_494' title='bbox 253 2104 371 2132; x_wconf 86' lang='lat' dir='ltr'><strong>facerem</strong></span> <span class='ocrx_word' id='word_1_495' title='bbox 395 2106 434 2133; x_wconf 83' lang='lat' dir='ltr'><strong>eis</strong></span> <span class='ocrx_word' id='word_1_496' title='bbox 457 2107 550 2134; x_wconf 86' lang='lat' dir='ltr'><strong>omnia</strong></span> <span class='ocrx_word' id='word_1_497' title='bbox 577 2107 647 2134; x_wconf 85' lang='lat' dir='ltr'><strong>mala</strong></span> <span class='ocrx_word' id='word_1_498' title='bbox 670 2108 726 2134; x_wconf 69' lang='lat' dir='ltr'><strong>haec</strong></span> <span class='ocrx_word' id='word_1_499' title='bbox 743 2107 766 2141; x_wconf 72' lang='grc' dir='ltr'>ζ.</span> <span class='ocrx_word' id='word_1_500' title='bbox 787 2107 828 2134; x_wconf 87' lang='lat' dir='ltr'><strong>ll.</strong></span> <span class='ocrx_word' id='word_1_501' title='bbox 846 2107 909 2134; x_wconf 71' lang='lat' dir='ltr'><strong>Haec.</strong></span> 
     </span>
    </p>
   </div>
   <div class='ocr_carea' id='block_1_60' title="bbox 112 2149 909 2188">
    <p class='ocr_par' dir='ltr' id='par_1_60' title="bbox 112 2149 909 2188">
     <span class='ocr_line' id='line_1_60' title="bbox 112 2149 909 2188; baseline 0.005 -12"><span class='ocrx_word' id='word_1_502' title='bbox 112 2149 299 2178; x_wconf 86' lang='lat' dir='ltr'><strong>dieitAdonai</strong></span> <span class='ocrx_word' id='word_1_503' title='bbox 317 2150 468 2180; x_wconf 83' lang='lat' dir='ltr'><strong>Dominus:</strong></span> <span class='ocrx_word' id='word_1_504' title='bbox 489 2152 592 2180; x_wconf 81' lang='lat' dir='ltr'><strong>Plaude</strong></span> <span class='ocrx_word' id='word_1_505' title='bbox 608 2160 702 2185; x_wconf 87' lang='lat' dir='ltr'><strong>manu,</strong></span> <span class='ocrx_word' id='word_1_506' title='bbox 731 2157 758 2179; x_wconf 88' lang='lat' dir='ltr'><strong>et</strong></span> <span class='ocrx_word' id='word_1_507' title='bbox 781 2153 909 2188; x_wconf 85' lang='lat' dir='ltr'><strong>obstrepe</strong></span> 
     </span>
    </p>
   </div>
   <div class='ocr_carea' id='block_1_61' title="bbox 113 2196 909 2234">
    <p class='ocr_par' dir='ltr' id='par_1_61' title="bbox 113 2196 909 2234">
     <span class='ocr_line' id='line_1_61' title="bbox 113 2196 909 2234; baseline 0.005 -13"><span class='ocrx_word' id='word_1_508' title='bbox 113 2196 239 2230; x_wconf 67' lang='lat' dir='ltr'><strong>pedibus,</strong></span> <span class='ocrx_word' id='word_1_509' title='bbox 266 2197 305 2233; x_wconf 66' lang='grc' dir='ltr'><strong>(ό)</strong></span> <span class='ocrx_word' id='word_1_510' title='bbox 333 2202 360 2225; x_wconf 85' lang='lat' dir='ltr'><strong>et</strong></span> <span class='ocrx_word' id='word_1_511' title='bbox 383 2198 426 2225; x_wconf 89' lang='lat' dir='ltr'><strong>die</strong></span> <span class='ocrx_word' id='word_1_512' title='bbox 440 2208 447 2225; x_wconf 88' lang='lat'><strong>:</strong></span> <span class='ocrx_word' id='word_1_513' title='bbox 463 2198 531 2226; x_wconf 81' lang='lat' dir='ltr'><strong>bene</strong></span> <span class='ocrx_word' id='word_1_514' title='bbox 544 2199 665 2234; x_wconf 87' lang='lat' dir='ltr'><strong>quidetn,</strong></span> <span class='ocrx_word' id='word_1_515' title='bbox 680 2206 762 2233; x_wconf 87' lang='lat' dir='ltr'><strong>super</strong></span> <span class='ocrx_word' id='word_1_516' title='bbox 781 2199 909 2226; x_wconf 86' lang='lat' dir='ltr'><strong>omnibus</strong></span> 
     </span>
    </p>
   </div>
   <div class='ocr_carea' id='block_1_62' title="bbox 112 2242 947 2287">
    <p class='ocr_par' dir='ltr' id='par_1_62' title="bbox 112 2242 947 2287">
     <span class='ocr_line' id='line_1_62' title="bbox 112 2242 947 2287; baseline 0.006 -20"><span class='ocrx_word' id='word_1_517' title='bbox 112 2242 368 2270; x_wconf 84' lang='lat' dir='ltr'><strong>abominationibus</strong></span> <span class='ocrx_word' id='word_1_518' title='bbox 380 2245 413 2278; x_wconf 54' lang='grc' dir='ltr'>Β(</span> <span class='ocrx_word' id='word_1_519' title='bbox 430 2244 565 2271; x_wconf 88' lang='lat' dir='ltr'><strong>malorunt</strong></span> <span class='ocrx_word' id='word_1_520' title='bbox 581 2244 592 2279; x_wconf 73' lang='grc' dir='ltr'>ζ</span> <span class='ocrx_word' id='word_1_521' title='bbox 610 2244 709 2272; x_wconf 90' lang='lat' dir='ltr'><strong>domus</strong></span> <span class='ocrx_word' id='word_1_522' title='bbox 733 2244 843 2272; x_wconf 85' lang='lat' dir='ltr'><strong>lsraelis</strong></span> <span class='ocrx_word' id='word_1_523' title='bbox 861 2253 866 2271; x_wconf 95' lang='lat'><strong>:</strong></span> <span class='ocrx_word' id='word_1_524' title='bbox 881 2245 908 2272; x_wconf 88' lang='lat' dir='ltr'><strong>in</strong></span> <span class='ocrx_word' id='word_1_525' title='bbox 926 2259 947 2287; x_wconf 80' lang='grc' dir='ltr'>υ</span> 
     </span>
    </p>
   </div>
   <div class='ocr_carea' id='block_1_63' title="bbox 112 2288 907 2325">
    <p class='ocr_par' dir='ltr' id='par_1_63' title="bbox 112 2288 907 2325">
     <span class='ocr_line' id='line_1_63' title="bbox 112 2288 907 2325; baseline 0.005 -11"><span class='ocrx_word' id='word_1_526' title='bbox 112 2288 217 2322; x_wconf 79' lang='lat' dir='ltr'><strong>gladio,</strong></span> <span class='ocrx_word' id='word_1_527' title='bbox 230 2294 258 2316; x_wconf 92' lang='lat' dir='ltr'><strong>et</strong></span> <span class='ocrx_word' id='word_1_528' title='bbox 272 2289 298 2316; x_wconf 93' lang='lat' dir='ltr'><strong>in</strong></span> <span class='ocrx_word' id='word_1_529' title='bbox 310 2290 426 2323; x_wconf 86' lang='lat' dir='ltr'><strong>fame,et</strong></span> <span class='ocrx_word' id='word_1_530' title='bbox 439 2291 563 2318; x_wconf 89' lang='lat' dir='ltr'><strong>inmorte</strong></span> <span class='ocrx_word' id='word_1_531' title='bbox 573 2291 680 2318; x_wconf 85' lang='lat' dir='ltr'><strong>cadent.</strong></span> <span class='ocrx_word' id='word_1_532' title='bbox 696 2290 739 2317; x_wconf 67' lang='lat'><strong>12.</strong></span> <span class='ocrx_word' id='word_1_533' title='bbox 757 2289 907 2325; x_wconf 83' lang='lat' dir='ltr'><strong>Quilouge,</strong></span> 
     </span>
    </p>
   </div>
   <div class='ocr_carea' id='block_1_64' title="bbox 113 2333 907 2370">
    <p class='ocr_par' dir='ltr' id='par_1_64' title="bbox 113 2333 907 2370">
     <span class='ocr_line' id='line_1_64' title="bbox 113 2333 907 2370; baseline 0.006 -11"><span class='ocrx_word' id='word_1_534' title='bbox 113 2333 142 2359; x_wconf 92' lang='lat' dir='ltr'><strong>in</strong></span> <span class='ocrx_word' id='word_1_535' title='bbox 161 2339 250 2361; x_wconf 85' lang='lat' dir='ltr'><strong>morte</strong></span> <span class='ocrx_word' id='word_1_536' title='bbox 265 2335 408 2368; x_wconf 78' lang='lat' dir='ltr'><strong>morietur,</strong></span> <span class='ocrx_word' id='word_1_537' title='bbox 422 2336 468 2370; x_wconf 91' lang='lat' dir='ltr'><strong>qui</strong></span> <span class='ocrx_word' id='word_1_538' title='bbox 485 2343 550 2363; x_wconf 88' lang='lat' dir='ltr'><strong>vero</strong></span> <span class='ocrx_word' id='word_1_539' title='bbox 564 2344 657 2370; x_wconf 84' lang='lat' dir='ltr'><strong>prope,</strong></span> <span class='ocrx_word' id='word_1_540' title='bbox 675 2336 701 2363; x_wconf 89' lang='lat' dir='ltr'><strong>in</strong></span> <span class='ocrx_word' id='word_1_541' title='bbox 718 2337 808 2370; x_wconf 73' lang='lat' dir='ltr'><strong>gladio</strong></span> <span class='ocrx_word' id='word_1_542' title='bbox 819 2337 907 2370; x_wconf 88' lang='lat' dir='ltr'><strong>cadet,</strong></span> 
     </span>
    </p>
   </div>
   <div class='ocr_carea' id='block_1_65' title="bbox 112 2381 900 2418">
    <p class='ocr_par' dir='ltr' id='par_1_65' title="bbox 112 2381 900 2418">
     <span class='ocr_line' id='line_1_65' title="bbox 112 2381 900 2418; baseline 0.005 -13"><span class='ocrx_word' id='word_1_543' title='bbox 112 2381 148 2413; x_wconf 59' lang='grc' dir='ltr'><strong>ῖς(</strong></span> <span class='ocrx_word' id='word_1_544' title='bbox 164 2384 193 2406; x_wconf 84' lang='lat' dir='ltr'><strong>et</strong></span> <span class='ocrx_word' id='word_1_545' title='bbox 207 2381 253 2415; x_wconf 86' lang='lat' dir='ltr'><strong>qui</strong></span> <span class='ocrx_word' id='word_1_546' title='bbox 267 2381 377 2409; x_wconf 85' lang='lat' dir='ltr'><strong>relictus</strong></span> <span class='ocrx_word' id='word_1_547' title='bbox 392 2382 472 2410; x_wconf 87' lang='lat' dir='ltr'><strong>fuerit</strong></span> <span class='ocrx_word' id='word_1_548' title='bbox 491 2385 521 2418; x_wconf 70' lang='grc' dir='ltr'><strong>ζ,</strong></span> <span class='ocrx_word' id='word_1_549' title='bbox 537 2383 570 2417; x_wconf 60' lang='lat' dir='ltr'><strong>(a)</strong></span> <span class='ocrx_word' id='word_1_550' title='bbox 588 2387 616 2409; x_wconf 84' lang='lat' dir='ltr'><strong>et</strong></span> <span class='ocrx_word' id='word_1_551' title='bbox 631 2382 677 2417; x_wconf 89' lang='lat' dir='ltr'><strong>qui</strong></span> <span class='ocrx_word' id='word_1_552' title='bbox 695 2382 852 2414; x_wconf 85' lang='lat' dir='ltr'><strong>conclusus,</strong></span> <span class='ocrx_word' id='word_1_553' title='bbox 873 2383 900 2409; x_wconf 92' lang='lat' dir='ltr'><strong>iu</strong></span> 
     </span>
    </p>
   </div>
   <div class='ocr_carea' id='block_1_66' title="bbox 962 957 1755 993">
    <p class='ocr_par' dir='ltr' id='par_1_66' title="bbox 962 957 1755 993">
     <span class='ocr_line' id='line_1_66' title="bbox 962 957 1755 993; baseline 0.004 -11"><span class='ocrx_word' id='word_1_554' title='bbox 962 957 1056 991; x_wconf 85' lang='lat' dir='ltr'><strong>quavit</strong></span> <span class='ocrx_word' id='word_1_555' title='bbox 1073 957 1131 984; x_wconf 82' lang='lat' dir='ltr'><strong>dies</strong></span> <span class='ocrx_word' id='word_1_556' title='bbox 1162 965 1216 984; x_wconf 90' lang='lat' dir='ltr'><strong>non</strong></span> <span class='ocrx_word' id='word_1_557' title='bbox 1235 965 1297 985; x_wconf 83' lang='lat' dir='ltr'><strong>cum</strong></span> <span class='ocrx_word' id='word_1_558' title='bbox 1315 958 1639 993; x_wconf 63' lang='lat' dir='ltr'><strong>praecipitationibus,(9)</strong></span> <span class='ocrx_word' id='word_1_559' title='bbox 1659 963 1685 986; x_wconf 87' lang='lat' dir='ltr'><strong>et</strong></span> <span class='ocrx_word' id='word_1_560' title='bbox 1702 967 1755 986; x_wconf 90' lang='lat' dir='ltr'><strong>non</strong></span> 
     </span>
    </p>
   </div>
   <div class='ocr_carea' id='block_1_67' title="bbox 962 1002 1755 1039">
    <p class='ocr_par' dir='ltr' id='par_1_67' title="bbox 962 1002 1755 1039">
     <span class='ocr_line' id='line_1_67' title="bbox 962 1002 1755 1039; baseline 0.001 -10"><span class='ocrx_word' id='word_1_561' title='bbox 962 1011 1025 1030; x_wconf 87' lang='lat' dir='ltr'><strong>cum</strong></span> <span class='ocrx_word' id='word_1_562' title='bbox 1042 1003 1193 1031; x_wconf 88' lang='lat' dir='ltr'><strong>doloribus.</strong></span> <span class='ocrx_word' id='word_1_563' title='bbox 1224 1003 1251 1030; x_wconf 88' lang='lat'><strong>8.</strong></span> <span class='ocrx_word' id='word_1_564' title='bbox 1279 1002 1359 1031; x_wconf 77' lang='lat' dir='ltr'><strong>Nunc</strong></span> <span class='ocrx_word' id='word_1_565' title='bbox 1372 1004 1406 1031; x_wconf 90' lang='lat' dir='ltr'><strong>de</strong></span> <span class='ocrx_word' id='word_1_566' title='bbox 1435 1004 1588 1039; x_wconf 88' lang='lat' dir='ltr'><strong>propinquo</strong></span> <span class='ocrx_word' id='word_1_567' title='bbox 1619 1004 1755 1031; x_wconf 78' lang='lat' dir='ltr'><strong>elTundam</strong></span> 
     </span>
    </p>
   </div>
   <div class='ocr_carea' id='block_1_68' title="bbox 963 1049 1754 1085">
    <p class='ocr_par' dir='ltr' id='par_1_68' title="bbox 963 1049 1754 1085">
     <span class='ocr_line' id='line_1_68' title="bbox 963 1049 1754 1085; baseline 0 -9"><span class='ocrx_word' id='word_1_568' title='bbox 963 1050 1031 1077; x_wconf 85' lang='lat' dir='ltr'><strong>iram</strong></span> <span class='ocrx_word' id='word_1_569' title='bbox 1052 1058 1141 1076; x_wconf 87' lang='lat' dir='ltr'><strong>meam</strong></span> <span class='ocrx_word' id='word_1_570' title='bbox 1157 1058 1241 1085; x_wconf 79' lang='lat' dir='ltr'><strong>super</strong></span> <span class='ocrx_word' id='word_1_571' title='bbox 1260 1054 1295 1084; x_wconf 88' lang='lat' dir='ltr'><strong>te,</strong></span> <span class='ocrx_word' id='word_1_572' title='bbox 1309 1056 1337 1078; x_wconf 88' lang='lat' dir='ltr'><strong>et</strong></span> <span class='ocrx_word' id='word_1_573' title='bbox 1355 1050 1499 1084; x_wconf 84' lang='lat' dir='ltr'><strong>complebo</strong></span> <span class='ocrx_word' id='word_1_574' title='bbox 1516 1049 1637 1077; x_wconf 87' lang='lat' dir='ltr'><strong>furorem</strong></span> <span class='ocrx_word' id='word_1_575' title='bbox 1664 1058 1754 1077; x_wconf 89' lang='lat' dir='ltr'><strong>meum</strong></span> 
     </span>
    </p>
   </div>
   <div class='ocr_carea' id='block_1_69' title="bbox 963 1096 1755 1132">
    <p class='ocr_par' dir='ltr' id='par_1_69' title="bbox 963 1096 1755 1132">
     <span class='ocr_line' id='line_1_69' title="bbox 963 1096 1755 1132; baseline 0.001 -9"><span class='ocrx_word' id='word_1_576' title='bbox 963 1097 989 1123; x_wconf 92' lang='lat' dir='ltr'><strong>in</strong></span> <span class='ocrx_word' id='word_1_577' title='bbox 1011 1100 1047 1128; x_wconf 89' lang='lat' dir='ltr'><strong>te,</strong></span> <span class='ocrx_word' id='word_1_578' title='bbox 1065 1097 1232 1131; x_wconf 88' lang='lat' dir='ltr'><strong>etjudicabo</strong></span> <span class='ocrx_word' id='word_1_579' title='bbox 1248 1102 1273 1124; x_wconf 88' lang='lat' dir='ltr'><strong>te</strong></span> <span class='ocrx_word' id='word_1_580' title='bbox 1288 1098 1315 1124; x_wconf 93' lang='lat' dir='ltr'><strong>in</strong></span> <span class='ocrx_word' id='word_1_581' title='bbox 1334 1097 1384 1124; x_wconf 80' lang='lat' dir='ltr'><strong>viis</strong></span> <span class='ocrx_word' id='word_1_582' title='bbox 1412 1097 1476 1130; x_wconf 84' lang='lat' dir='ltr'><strong>tuis,</strong></span> <span class='ocrx_word' id='word_1_583' title='bbox 1499 1101 1527 1124; x_wconf 90' lang='lat' dir='ltr'><strong>et</strong></span> <span class='ocrx_word' id='word_1_584' title='bbox 1544 1096 1616 1124; x_wconf 88' lang='lat' dir='ltr'><strong>dabo</strong></span> <span class='ocrx_word' id='word_1_585' title='bbox 1630 1104 1713 1132; x_wconf 90' lang='lat' dir='ltr'><strong>super</strong></span> <span class='ocrx_word' id='word_1_586' title='bbox 1729 1101 1755 1124; x_wconf 79' lang='lat' dir='ltr'><strong>te</strong></span> 
     </span>
    </p>
   </div>
   <div class='ocr_carea' id='block_1_70' title="bbox 964 1141 1754 1177">
    <p class='ocr_par' dir='ltr' id='par_1_70' title="bbox 964 1141 1754 1177">
     <span class='ocr_line' id='line_1_70' title="bbox 964 1141 1754 1177; baseline 0.001 -8"><span class='ocrx_word' id='word_1_587' title='bbox 964 1150 1061 1170; x_wconf 90' lang='lat' dir='ltr'><strong>omnes</strong></span> <span class='ocrx_word' id='word_1_588' title='bbox 1074 1143 1296 1171; x_wconf 82' lang='lat' dir='ltr'><strong>abominationes</strong></span> <span class='ocrx_word' id='word_1_589' title='bbox 1315 1148 1387 1171; x_wconf 91' lang='lat' dir='ltr'><strong>tuas.</strong></span> <span class='ocrx_word' id='word_1_590' title='bbox 1418 1143 1445 1170; x_wconf 82' lang='lat'><strong>9.</strong></span> <span class='ocrx_word' id='word_1_591' title='bbox 1468 1141 1528 1170; x_wconf 89' lang='lat' dir='ltr'><strong>Non</strong></span> <span class='ocrx_word' id='word_1_592' title='bbox 1547 1146 1642 1177; x_wconf 88' lang='lat' dir='ltr'><strong>parcet</strong></span> <span class='ocrx_word' id='word_1_593' title='bbox 1656 1143 1754 1170; x_wconf 83' lang='lat' dir='ltr'><strong>oculus</strong></span> 
     </span>
    </p>
   </div>
   <div class='ocr_carea' id='block_1_71' title="bbox 963 1188 1756 1223">
    <p class='ocr_par' dir='ltr' id='par_1_71' title="bbox 963 1188 1756 1223">
     <span class='ocr_line' id='line_1_71' title="bbox 963 1188 1756 1223; baseline 0 -8"><span class='ocrx_word' id='word_1_594' title='bbox 963 1195 1054 1221; x_wconf 82' lang='lat' dir='ltr'><strong>meus,</strong></span> <span class='ocrx_word' id='word_1_595' title='bbox 1070 1195 1160 1223; x_wconf 88' lang='lat' dir='ltr'><strong>neque</strong></span> <span class='ocrx_word' id='word_1_596' title='bbox 1190 1189 1360 1222; x_wconf 84' lang='lat' dir='ltr'><strong>miserebor;</strong></span> <span class='ocrx_word' id='word_1_597' title='bbox 1388 1188 1453 1223; x_wconf 89' lang='lat' dir='ltr'><strong>quia</strong></span> <span class='ocrx_word' id='word_1_598' title='bbox 1472 1188 1533 1215; x_wconf 84' lang='lat' dir='ltr'><strong>vias</strong></span> <span class='ocrx_word' id='word_1_599' title='bbox 1559 1193 1619 1216; x_wconf 89' lang='lat' dir='ltr'><strong>tuas</strong></span> <span class='ocrx_word' id='word_1_600' title='bbox 1634 1195 1714 1223; x_wconf 85' lang='lat' dir='ltr'><strong>super</strong></span> <span class='ocrx_word' id='word_1_601' title='bbox 1729 1193 1756 1216; x_wconf 82' lang='lat' dir='ltr'><strong>te</strong></span> 
     </span>
    </p>
   </div>
   <div class='ocr_carea' id='block_1_72' title="bbox 962 1234 1757 1267">
    <p class='ocr_par' dir='ltr' id='par_1_72' title="bbox 962 1234 1757 1267">
     <span class='ocr_line' id='line_1_72' title="bbox 962 1234 1757 1267; baseline 0 -5"><span class='ocrx_word' id='word_1_602' title='bbox 962 1234 1043 1267; x_wconf 82' lang='lat' dir='ltr'><strong>dabo,</strong></span> <span class='ocrx_word' id='word_1_603' title='bbox 1059 1239 1087 1262; x_wconf 88' lang='lat' dir='ltr'><strong>et</strong></span> <span class='ocrx_word' id='word_1_604' title='bbox 1101 1235 1320 1262; x_wconf 83' lang='lat' dir='ltr'><strong>abominationrs</strong></span> <span class='ocrx_word' id='word_1_605' title='bbox 1340 1239 1394 1262; x_wconf 82' lang='lat' dir='ltr'><strong>tuae</strong></span> <span class='ocrx_word' id='word_1_606' title='bbox 1409 1234 1437 1262; x_wconf 91' lang='lat' dir='ltr'><strong>in</strong></span> <span class='ocrx_word' id='word_1_607' title='bbox 1457 1234 1548 1262; x_wconf 89' lang='lat' dir='ltr'><strong>medio</strong></span> <span class='ocrx_word' id='word_1_608' title='bbox 1561 1234 1599 1261; x_wconf 90' lang='lat' dir='ltr'><strong>tui</strong></span> <span class='ocrx_word' id='word_1_609' title='bbox 1620 1239 1712 1266; x_wconf 89' lang='lat' dir='ltr'><strong>erunt,</strong></span> <span class='ocrx_word' id='word_1_610' title='bbox 1729 1239 1757 1262; x_wconf 76' lang='lat' dir='ltr'><strong>et</strong></span> 
     </span>
    </p>
   </div>
   <div class='ocr_carea' id='block_1_73' title="bbox 962 1279 1754 1315">
    <p class='ocr_par' dir='ltr' id='par_1_73' title="bbox 962 1279 1754 1315">
     <span class='ocr_line' id='line_1_73' title="bbox 962 1279 1754 1315; baseline 0.001 -8"><span class='ocrx_word' id='word_1_611' title='bbox 962 1287 1123 1315; x_wconf 78' lang='lat' dir='ltr'><strong>cognosces,</strong></span> <span class='ocrx_word' id='word_1_612' title='bbox 1150 1280 1224 1315; x_wconf 91' lang='lat' dir='ltr'><strong>quod</strong></span> <span class='ocrx_word' id='word_1_613' title='bbox 1239 1287 1290 1315; x_wconf 82' lang='lat' dir='ltr'><strong>ego</strong></span> <span class='ocrx_word' id='word_1_614' title='bbox 1305 1288 1366 1307; x_wconf 81' lang='lat' dir='ltr'><strong>sum</strong></span> <span class='ocrx_word' id='word_1_615' title='bbox 1384 1279 1528 1314; x_wconf 87' lang='lat' dir='ltr'><strong>Dominus,</strong></span> <span class='ocrx_word' id='word_1_616' title='bbox 1550 1280 1597 1315; x_wconf 91' lang='lat' dir='ltr'><strong>qui</strong></span> <span class='ocrx_word' id='word_1_617' title='bbox 1621 1279 1754 1315; x_wconf 88' lang='lat' dir='ltr'><strong>percutio.</strong></span> 
     </span>
    </p>
   </div>
   <div class='ocr_carea' id='block_1_74' title="bbox 961 1325 1756 1361">
    <p class='ocr_par' dir='ltr' id='par_1_74' title="bbox 961 1325 1756 1361">
     <span class='ocr_line' id='line_1_74' title="bbox 961 1325 1756 1361; baseline -0.003 -8"><span class='ocrx_word' id='word_1_618' title='bbox 961 1325 988 1353; x_wconf 79' lang='grc'>5.</span> <span class='ocrx_word' id='word_1_619' title='bbox 1005 1325 1084 1353; x_wconf 87' lang='lat' dir='ltr'><strong>Nunc</strong></span> <span class='ocrx_word' id='word_1_620' title='bbox 1112 1325 1174 1352; x_wconf 82' lang='lat' dir='ltr'><strong>linis</strong></span> <span class='ocrx_word' id='word_1_621' title='bbox 1195 1326 1227 1353; x_wconf 88' lang='lat' dir='ltr'><strong>ad</strong></span> <span class='ocrx_word' id='word_1_622' title='bbox 1260 1329 1295 1359; x_wconf 87' lang='lat' dir='ltr'><strong>te,</strong></span> <span class='ocrx_word' id='word_1_623' title='bbox 1311 1330 1338 1353; x_wconf 83' lang='lat' dir='ltr'><strong>et</strong></span> <span class='ocrx_word' id='word_1_624' title='bbox 1366 1325 1474 1353; x_wconf 84' lang='lat' dir='ltr'><strong>mittam</strong></span> <span class='ocrx_word' id='word_1_625' title='bbox 1492 1333 1543 1361; x_wconf 86' lang='lat' dir='ltr'><strong>ego</strong></span> <span class='ocrx_word' id='word_1_626' title='bbox 1570 1333 1652 1361; x_wconf 89' lang='lat' dir='ltr'><strong>super</strong></span> <span class='ocrx_word' id='word_1_627' title='bbox 1671 1329 1709 1359; x_wconf 87' lang='lat' dir='ltr'><strong>et,</strong></span> <span class='ocrx_word' id='word_1_628' title='bbox 1728 1330 1756 1353; x_wconf 87' lang='lat' dir='ltr'><strong>rt.</strong></span> 
     </span>
    </p>
   </div>
   <div class='ocr_carea' id='block_1_75' title="bbox 962 1371 1755 1406">
    <p class='ocr_par' dir='ltr' id='par_1_75' title="bbox 962 1371 1755 1406">
     <span class='ocr_line' id='line_1_75' title="bbox 962 1371 1755 1406; baseline 0.001 -8"><span class='ocrx_word' id='word_1_629' title='bbox 962 1371 1082 1399; x_wconf 86' lang='lat' dir='ltr'><strong>ulciscar</strong></span> <span class='ocrx_word' id='word_1_630' title='bbox 1105 1375 1130 1398; x_wconf 89' lang='lat' dir='ltr'><strong>te</strong></span> <span class='ocrx_word' id='word_1_631' title='bbox 1161 1371 1188 1398; x_wconf 90' lang='lat' dir='ltr'><strong>in</strong></span> <span class='ocrx_word' id='word_1_632' title='bbox 1205 1371 1256 1399; x_wconf 88' lang='lat' dir='ltr'><strong>viis</strong></span> <span class='ocrx_word' id='word_1_633' title='bbox 1285 1371 1351 1403; x_wconf 91' lang='lat' dir='ltr'><strong>tuis,</strong></span> <span class='ocrx_word' id='word_1_634' title='bbox 1380 1375 1407 1398; x_wconf 85' lang='lat' dir='ltr'><strong>et</strong></span> <span class='ocrx_word' id='word_1_635' title='bbox 1432 1371 1502 1398; x_wconf 87' lang='lat' dir='ltr'><strong>dabo</strong></span> <span class='ocrx_word' id='word_1_636' title='bbox 1519 1379 1601 1406; x_wconf 88' lang='lat' dir='ltr'><strong>super</strong></span> <span class='ocrx_word' id='word_1_637' title='bbox 1618 1376 1644 1399; x_wconf 89' lang='lat' dir='ltr'><strong>te</strong></span> <span class='ocrx_word' id='word_1_638' title='bbox 1657 1378 1755 1399; x_wconf 81' lang='lat' dir='ltr'><strong>omnes</strong></span> 
     </span>
    </p>
   </div>
   <div class='ocr_carea' id='block_1_76' title="bbox 961 1417 1753 1454">
    <p class='ocr_par' dir='ltr' id='par_1_76' title="bbox 961 1417 1753 1454">
     <span class='ocr_line' id='line_1_76' title="bbox 961 1417 1753 1454; baseline 0.003 -10"><span class='ocrx_word' id='word_1_639' title='bbox 961 1417 1178 1445; x_wconf 80' lang='lat' dir='ltr'><strong>abominationes</strong></span> <span class='ocrx_word' id='word_1_640' title='bbox 1191 1423 1261 1445; x_wconf 86' lang='lat' dir='ltr'><strong>tuas.</strong></span> <span class='ocrx_word' id='word_1_641' title='bbox 1271 1418 1297 1445; x_wconf 75' lang='grc'>4.</span> <span class='ocrx_word' id='word_1_642' title='bbox 1307 1417 1367 1445; x_wconf 85' lang='grc' dir='ltr'><strong>Νοη</strong></span> <span class='ocrx_word' id='word_1_643' title='bbox 1379 1422 1473 1452; x_wconf 86' lang='lat' dir='ltr'><strong>parcet</strong></span> <span class='ocrx_word' id='word_1_644' title='bbox 1485 1418 1581 1445; x_wconf 89' lang='lat' dir='ltr'><strong>oculus</strong></span> <span class='ocrx_word' id='word_1_645' title='bbox 1594 1425 1672 1446; x_wconf 90' lang='lat' dir='ltr'><strong>meus</strong></span> <span class='ocrx_word' id='word_1_646' title='bbox 1687 1417 1753 1454; x_wconf 88' lang='lat'><strong>(&quot;&quot;)</strong></span> 
     </span>
    </p>
   </div>
   <div class='ocr_carea' id='block_1_77' title="bbox 961 1463 1754 1498">
    <p class='ocr_par' dir='ltr' id='par_1_77' title="bbox 961 1463 1754 1498">
     <span class='ocr_line' id='line_1_77' title="bbox 961 1463 1754 1498; baseline 0 -8"><span class='ocrx_word' id='word_1_647' title='bbox 961 1470 1043 1498; x_wconf 86' lang='lat' dir='ltr'><strong>super</strong></span> <span class='ocrx_word' id='word_1_648' title='bbox 1056 1469 1092 1493; x_wconf 84' lang='lat' dir='ltr'><strong>te.</strong></span> <span class='ocrx_word' id='word_1_649' title='bbox 1107 1470 1196 1498; x_wconf 89' lang='lat' dir='ltr'><strong>neque</strong></span> <span class='ocrx_word' id='word_1_650' title='bbox 1211 1463 1378 1497; x_wconf 86' lang='lat' dir='ltr'><strong>miserebor;</strong></span> <span class='ocrx_word' id='word_1_651' title='bbox 1392 1463 1456 1498; x_wconf 86' lang='lat' dir='ltr'><strong>quia</strong></span> <span class='ocrx_word' id='word_1_652' title='bbox 1466 1463 1526 1491; x_wconf 89' lang='lat' dir='ltr'><strong>vias</strong></span> <span class='ocrx_word' id='word_1_653' title='bbox 1547 1468 1608 1491; x_wconf 87' lang='lat' dir='ltr'><strong>tuas</strong></span> <span class='ocrx_word' id='word_1_654' title='bbox 1628 1471 1712 1498; x_wconf 87' lang='lat' dir='ltr'><strong>super</strong></span> <span class='ocrx_word' id='word_1_655' title='bbox 1729 1468 1754 1490; x_wconf 82' lang='lat' dir='ltr'><strong>te</strong></span> 
     </span>
    </p>
   </div>
   <div class='ocr_carea' id='block_1_78' title="bbox 961 1507 1757 1541">
    <p class='ocr_par' dir='ltr' id='par_1_78' title="bbox 961 1507 1757 1541">
     <span class='ocr_line' id='line_1_78' title="bbox 961 1507 1757 1541; baseline -0.003 -5"><span class='ocrx_word' id='word_1_656' title='bbox 961 1508 1044 1541; x_wconf 87' lang='lat' dir='ltr'><strong>dabo,</strong></span> <span class='ocrx_word' id='word_1_657' title='bbox 1062 1512 1089 1536; x_wconf 88' lang='lat' dir='ltr'><strong>et</strong></span> <span class='ocrx_word' id='word_1_658' title='bbox 1105 1507 1323 1535; x_wconf 78' lang='lat' dir='ltr'><strong>abominatinnes</strong></span> <span class='ocrx_word' id='word_1_659' title='bbox 1339 1512 1392 1535; x_wconf 81' lang='lat' dir='ltr'><strong>tuze</strong></span> <span class='ocrx_word' id='word_1_660' title='bbox 1409 1508 1435 1535; x_wconf 90' lang='lat' dir='ltr'><strong>in</strong></span> <span class='ocrx_word' id='word_1_661' title='bbox 1448 1508 1540 1535; x_wconf 86' lang='lat' dir='ltr'><strong>medio</strong></span> <span class='ocrx_word' id='word_1_662' title='bbox 1565 1508 1602 1535; x_wconf 89' lang='lat' dir='ltr'><strong>tui</strong></span> <span class='ocrx_word' id='word_1_663' title='bbox 1623 1513 1714 1539; x_wconf 89' lang='lat' dir='ltr'><strong>erunt,</strong></span> <span class='ocrx_word' id='word_1_664' title='bbox 1728 1513 1757 1535; x_wconf 88' lang='lat' dir='ltr'><strong>et</strong></span> 
     </span>
    </p>
   </div>
   <div class='ocr_carea' id='block_1_79' title="bbox 961 1552 1755 1588">
    <p class='ocr_par' dir='ltr' id='par_1_79' title="bbox 961 1552 1755 1588">
     <span class='ocr_line' id='line_1_79' title="bbox 961 1552 1755 1588; baseline 0 -8"><span class='ocrx_word' id='word_1_665' title='bbox 961 1553 1128 1588; x_wconf 88' lang='lat' dir='ltr'><strong>scies,quod</strong></span> <span class='ocrx_word' id='word_1_666' title='bbox 1141 1560 1192 1587; x_wconf 88' lang='lat' dir='ltr'><strong>ego</strong></span> <span class='ocrx_word' id='word_1_667' title='bbox 1208 1552 1348 1579; x_wconf 83' lang='lat' dir='ltr'><strong>Dominus.</strong></span> <span class='ocrx_word' id='word_1_668' title='bbox 1363 1553 1388 1580; x_wconf 83' lang='lat'><strong>5.</strong></span> <span class='ocrx_word' id='word_1_669' title='bbox 1402 1552 1471 1586; x_wconf 87' lang='lat' dir='ltr'><strong>Quia</strong></span> <span class='ocrx_word' id='word_1_670' title='bbox 1490 1553 1548 1581; x_wconf 66' lang='lat' dir='ltr'><strong>huic</strong></span> <span class='ocrx_word' id='word_1_671' title='bbox 1574 1554 1639 1581; x_wconf 88' lang='lat' dir='ltr'><strong>dicit</strong></span> <span class='ocrx_word' id='word_1_672' title='bbox 1664 1553 1755 1581; x_wconf 92' lang='lat' dir='ltr'><strong>Domi-</strong></span> 
     </span>
    </p>
   </div>
   <div class='ocr_carea' id='block_1_80' title="bbox 964 1598 1753 1633">
    <p class='ocr_par' dir='ltr' id='par_1_80' title="bbox 964 1598 1753 1633">
     <span class='ocr_line' id='line_1_80' title="bbox 964 1598 1753 1633; baseline -0.001 -7"><span class='ocrx_word' id='word_1_673' title='bbox 964 1607 1016 1626; x_wconf 87' lang='lat' dir='ltr'><strong>nus</strong></span> <span class='ocrx_word' id='word_1_674' title='bbox 1030 1599 1181 1626; x_wconf 87' lang='lat' dir='ltr'><strong>Dominus:</strong></span> <span class='ocrx_word' id='word_1_675' title='bbox 1199 1599 1233 1632; x_wconf 43' lang='lat'><strong>)“,</strong></span> <span class='ocrx_word' id='word_1_676' title='bbox 1245 1599 1350 1625; x_wconf 78' lang='lat' dir='ltr'><strong>malitia</strong></span> <span class='ocrx_word' id='word_1_677' title='bbox 1368 1606 1422 1625; x_wconf 91' lang='lat' dir='ltr'><strong>una</strong></span> <span class='ocrx_word' id='word_1_678' title='bbox 1448 1606 1512 1626; x_wconf 73' lang='lat' dir='ltr'><strong>ecca</strong></span> <span class='ocrx_word' id='word_1_679' title='bbox 1535 1598 1573 1633; x_wconf 78' lang='lat' dir='ltr'><strong>(It)</strong></span> <span class='ocrx_word' id='word_1_680' title='bbox 1591 1599 1753 1633; x_wconf 82' lang='lat' dir='ltr'><strong>propinqua.</strong></span> 
     </span>
    </p>
   </div>
   <div class='ocr_carea' id='block_1_81' title="bbox 963 1642 1754 1679">
    <p class='ocr_par' dir='ltr' id='par_1_81' title="bbox 963 1642 1754 1679">
     <span class='ocr_line' id='line_1_81' title="bbox 963 1642 1754 1679; baseline 0.001 -9"><span class='ocrx_word' id='word_1_681' title='bbox 963 1643 989 1670; x_wconf 85' lang='lat'><strong>6.</strong></span> <span class='ocrx_word' id='word_1_682' title='bbox 1008 1643 1085 1670; x_wconf 85' lang='lat' dir='ltr'><strong>Finis</strong></span> <span class='ocrx_word' id='word_1_683' title='bbox 1109 1643 1192 1676; x_wconf 81' lang='lat' dir='ltr'><strong>venit,</strong></span> <span class='ocrx_word' id='word_1_684' title='bbox 1209 1643 1283 1670; x_wconf 87' lang='lat' dir='ltr'><strong>venit</strong></span> <span class='ocrx_word' id='word_1_685' title='bbox 1299 1643 1372 1676; x_wconf 83' lang='lat' dir='ltr'><strong>linis,</strong></span> <span class='ocrx_word' id='word_1_686' title='bbox 1401 1643 1541 1679; x_wconf 76' lang='lat' dir='ltr'><strong>evigilavit</strong></span> <span class='ocrx_word' id='word_1_687' title='bbox 1559 1644 1592 1671; x_wconf 89' lang='lat' dir='ltr'><strong>ad</strong></span> <span class='ocrx_word' id='word_1_688' title='bbox 1609 1648 1634 1670; x_wconf 89' lang='lat' dir='ltr'><strong>te</strong></span> <span class='ocrx_word' id='word_1_689' title='bbox 1648 1643 1672 1677; x_wconf 74' lang='grc' dir='ltr'>ζ.</span> <span class='ocrx_word' id='word_1_690' title='bbox 1685 1642 1754 1671; x_wconf 76' lang='lat' dir='ltr'><strong>Ecce</strong></span> 
     </span>
    </p>
   </div>
   <div class='ocr_carea' id='block_1_82' title="bbox 964 1689 1754 1725">
    <p class='ocr_par' dir='ltr' id='par_1_82' title="bbox 964 1689 1754 1725">
     <span class='ocr_line' id='line_1_82' title="bbox 964 1689 1754 1725; baseline 0.001 -9"><span class='ocrx_word' id='word_1_691' title='bbox 964 1690 1037 1717; x_wconf 88' lang='lat' dir='ltr'><strong>venit</strong></span> <span class='ocrx_word' id='word_1_692' title='bbox 1050 1689 1220 1724; x_wconf 84' lang='lat' dir='ltr'><strong>complexio:</strong></span> <span class='ocrx_word' id='word_1_693' title='bbox 1238 1689 1282 1715; x_wconf 75' lang='grc'><strong>10.</strong></span> <span class='ocrx_word' id='word_1_694' title='bbox 1295 1696 1359 1716; x_wconf 89' lang='lat' dir='ltr'><strong>ecce</strong></span> <span class='ocrx_word' id='word_1_695' title='bbox 1373 1689 1467 1717; x_wconf 78' lang='lat' dir='ltr'><strong>dies-t-</strong></span> <span class='ocrx_word' id='word_1_696' title='bbox 1482 1690 1552 1724; x_wconf 88' lang='lat' dir='ltr'><strong>parit</strong></span> <span class='ocrx_word' id='word_1_697' title='bbox 1572 1690 1596 1725; x_wconf 71' lang='grc' dir='ltr'><strong>ζ,</strong></span> <span class='ocrx_word' id='word_1_698' title='bbox 1613 1697 1677 1717; x_wconf 84' lang='lat' dir='ltr'><strong>ecce</strong></span> <span class='ocrx_word' id='word_1_699' title='bbox 1692 1689 1754 1717; x_wconf 79' lang='lat' dir='ltr'><strong>linis</strong></span> 
     </span>
    </p>
   </div>
   <div class='ocr_carea' id='block_1_83' title="bbox 962 1735 1755 1771">
    <p class='ocr_par' dir='ltr' id='par_1_83' title="bbox 962 1735 1755 1771">
     <span class='ocr_line' id='line_1_83' title="bbox 962 1735 1755 1771; baseline 0 -8"><span class='ocrx_word' id='word_1_700' title='bbox 962 1737 1037 1763; x_wconf 85' lang='lat' dir='ltr'><strong>venit</strong></span> <span class='ocrx_word' id='word_1_701' title='bbox 1052 1743 1060 1761; x_wconf 89' lang='lat'><strong>:</strong></span> <span class='ocrx_word' id='word_1_702' title='bbox 1076 1736 1109 1769; x_wconf 60' lang='grc' dir='ltr'>Χ</span> <span class='ocrx_word' id='word_1_703' title='bbox 1122 1742 1233 1770; x_wconf 83' lang='lat' dir='ltr'><strong>egressa</strong></span> <span class='ocrx_word' id='word_1_704' title='bbox 1243 1740 1286 1763; x_wconf 85' lang='lat' dir='ltr'><strong>est</strong></span> <span class='ocrx_word' id='word_1_705' title='bbox 1300 1735 1465 1770; x_wconf 80' lang='lat' dir='ltr'><strong>complexio,</strong></span> <span class='ocrx_word' id='word_1_706' title='bbox 1482 1740 1509 1762; x_wconf 89' lang='lat' dir='ltr'><strong>et</strong></span> <span class='ocrx_word' id='word_1_707' title='bbox 1525 1736 1619 1763; x_wconf 87' lang='lat' dir='ltr'><strong>llorttit</strong></span> <span class='ocrx_word' id='word_1_708' title='bbox 1632 1735 1716 1771; x_wconf 83' lang='lat' dir='ltr'><strong>virga,</strong></span> <span class='ocrx_word' id='word_1_709' title='bbox 1728 1741 1755 1763; x_wconf 89' lang='lat' dir='ltr'><strong>et</strong></span> 
     </span>
    </p>
   </div>
   <div class='ocr_carea' id='block_1_84' title="bbox 964 1779 1754 1816">
    <p class='ocr_par' dir='ltr' id='par_1_84' title="bbox 964 1779 1754 1816">
     <span class='ocr_line' id='line_1_84' title="bbox 964 1779 1754 1816; baseline 0.001 -9"><span class='ocrx_word' id='word_1_710' title='bbox 964 1780 1178 1816; x_wconf 83' lang='lat' dir='ltr'><strong>progerminavit</strong></span> <span class='ocrx_word' id='word_1_711' title='bbox 1202 1779 1330 1815; x_wconf 86' lang='lat' dir='ltr'><strong>superbia</strong></span> <span class='ocrx_word' id='word_1_712' title='bbox 1355 1779 1388 1814; x_wconf 72' lang='grc' dir='ltr'><strong>ζ,</strong></span> <span class='ocrx_word' id='word_1_713' title='bbox 1408 1779 1546 1814; x_wconf 78' lang='lat' dir='ltr'><strong>evigilavit</strong></span> <span class='ocrx_word' id='word_1_714' title='bbox 1570 1780 1754 1808; x_wconf 87' lang='lat' dir='ltr'><strong>contumelia:</strong></span> 
     </span>
    </p>
   </div>
   <div class='ocr_carea' id='block_1_85' title="bbox 964 1826 1755 1862">
    <p class='ocr_par' dir='ltr' id='par_1_85' title="bbox 964 1826 1755 1862">
     <span class='ocr_line' id='line_1_85' title="bbox 964 1826 1755 1862; baseline -0.001 -7"><span class='ocrx_word' id='word_1_715' title='bbox 964 1828 1007 1855; x_wconf 75' lang='lat' dir='ltr'><strong>tl.</strong></span> <span class='ocrx_word' id='word_1_716' title='bbox 1025 1831 1052 1854; x_wconf 94' lang='lat' dir='ltr'><strong>et</strong></span> <span class='ocrx_word' id='word_1_717' title='bbox 1068 1831 1192 1855; x_wconf 84' lang='lat' dir='ltr'><strong>conteret</strong></span> <span class='ocrx_word' id='word_1_718' title='bbox 1205 1826 1323 1854; x_wconf 86' lang='lat' dir='ltr'><strong>fulcrum</strong></span> <span class='ocrx_word' id='word_1_719' title='bbox 1338 1826 1436 1862; x_wconf 82' lang='lat' dir='ltr'><strong>iniqui,</strong></span> <span class='ocrx_word' id='word_1_720' title='bbox 1448 1830 1474 1853; x_wconf 90' lang='lat' dir='ltr'><strong>et</strong></span> <span class='ocrx_word' id='word_1_721' title='bbox 1491 1834 1544 1853; x_wconf 88' lang='lat' dir='ltr'><strong>non</strong></span> <span class='ocrx_word' id='word_1_722' title='bbox 1568 1834 1630 1854; x_wconf 87' lang='lat' dir='ltr'><strong>cum</strong></span> <span class='ocrx_word' id='word_1_723' title='bbox 1646 1833 1755 1862; x_wconf 88' lang='lat' dir='ltr'><strong>pertur-</strong></span> 
     </span>
    </p>
   </div>
   <div class='ocr_carea' id='block_1_86' title="bbox 963 1871 1755 1907">
    <p class='ocr_par' dir='ltr' id='par_1_86' title="bbox 963 1871 1755 1907">
     <span class='ocr_line' id='line_1_86' title="bbox 963 1871 1755 1907; baseline 0 -7"><span class='ocrx_word' id='word_1_724' title='bbox 963 1872 1086 1905; x_wconf 85' lang='lat' dir='ltr'><strong>batione,</strong></span> <span class='ocrx_word' id='word_1_725' title='bbox 1099 1879 1188 1907; x_wconf 88' lang='lat' dir='ltr'><strong>neque</strong></span> <span class='ocrx_word' id='word_1_726' title='bbox 1205 1879 1268 1899; x_wconf 92' lang='lat' dir='ltr'><strong>eum</strong></span> <span class='ocrx_word' id='word_1_727' title='bbox 1285 1871 1471 1905; x_wconf 87' lang='lat' dir='ltr'><strong>festinatione,</strong></span> <span class='ocrx_word' id='word_1_728' title='bbox 1501 1874 1534 1907; x_wconf 64' lang='grc'><strong>31(</strong></span> <span class='ocrx_word' id='word_1_729' title='bbox 1554 1876 1580 1905; x_wconf 61' lang='grc' dir='ltr'><strong>ω,</strong></span> <span class='ocrx_word' id='word_1_730' title='bbox 1593 1881 1647 1900; x_wconf 90' lang='lat' dir='ltr'><strong>non</strong></span> <span class='ocrx_word' id='word_1_731' title='bbox 1666 1880 1699 1900; x_wconf 78' lang='lat' dir='ltr'><strong>ex</strong></span> <span class='ocrx_word' id='word_1_732' title='bbox 1715 1872 1755 1900; x_wconf 75' lang='lat' dir='ltr'><strong>eis</strong></span> 
     </span>
    </p>
   </div>
   <div class='ocr_carea' id='block_1_87' title="bbox 963 1919 1755 1955">
    <p class='ocr_par' dir='ltr' id='par_1_87' title="bbox 963 1919 1755 1955">
     <span class='ocr_line' id='line_1_87' title="bbox 963 1919 1755 1955; baseline -0.003 -7"><span class='ocrx_word' id='word_1_733' title='bbox 963 1926 1037 1953; x_wconf 89' lang='lat' dir='ltr'><strong>sunt,</strong></span> <span class='ocrx_word' id='word_1_734' title='bbox 1053 1928 1141 1955; x_wconf 89' lang='lat' dir='ltr'><strong>neque</strong></span> <span class='ocrx_word' id='word_1_735' title='bbox 1152 1920 1233 1947; x_wconf 87' lang='lat' dir='ltr'><strong>decor</strong></span> <span class='ocrx_word' id='word_1_736' title='bbox 1250 1920 1277 1946; x_wconf 90' lang='lat' dir='ltr'><strong>in</strong></span> <span class='ocrx_word' id='word_1_737' title='bbox 1291 1920 1331 1947; x_wconf 90' lang='lat' dir='ltr'><strong>eis</strong></span> <span class='ocrx_word' id='word_1_738' title='bbox 1347 1920 1370 1953; x_wconf 67' lang='grc' dir='ltr'>ζ.</span> <span class='ocrx_word' id='word_1_739' title='bbox 1395 1920 1436 1947; x_wconf 73' lang='lat' dir='ltr'><strong>l2.</strong></span> <span class='ocrx_word' id='word_1_740' title='bbox 1460 1919 1539 1946; x_wconf 82' lang='lat' dir='ltr'><strong>Venit</strong></span> <span class='ocrx_word' id='word_1_741' title='bbox 1556 1923 1673 1954; x_wconf 77' lang='lat' dir='ltr'><strong>tempus,</strong></span> <span class='ocrx_word' id='word_1_742' title='bbox 1691 1926 1755 1946; x_wconf 82' lang='lat' dir='ltr'><strong>ecce</strong></span> 
     </span>
    </p>
   </div>
   <div class='ocr_carea' id='block_1_88' title="bbox 963 1965 1754 2001">
    <p class='ocr_par' dir='ltr' id='par_1_88' title="bbox 963 1965 1754 2001">
     <span class='ocr_line' id='line_1_88' title="bbox 963 1965 1754 2001; baseline -0.005 -7"><span class='ocrx_word' id='word_1_743' title='bbox 963 1967 1042 1994; x_wconf 88' lang='lat' dir='ltr'><strong>dies:</strong></span> <span class='ocrx_word' id='word_1_744' title='bbox 1061 1966 1108 2001; x_wconf 89' lang='lat' dir='ltr'><strong>qui</strong></span> <span class='ocrx_word' id='word_1_745' title='bbox 1124 1966 1200 1999; x_wconf 81' lang='lat' dir='ltr'><strong>emit,</strong></span> <span class='ocrx_word' id='word_1_746' title='bbox 1227 1974 1281 1993; x_wconf 89' lang='lat' dir='ltr'><strong>non</strong></span> <span class='ocrx_word' id='word_1_747' title='bbox 1306 1966 1424 1998; x_wconf 70' lang='lat' dir='ltr'><strong>lauetur,</strong></span> <span class='ocrx_word' id='word_1_748' title='bbox 1450 1970 1476 1993; x_wconf 88' lang='lat' dir='ltr'><strong>et</strong></span> <span class='ocrx_word' id='word_1_749' title='bbox 1492 1966 1538 2000; x_wconf 88' lang='lat' dir='ltr'><strong>qui</strong></span> <span class='ocrx_word' id='word_1_750' title='bbox 1567 1965 1680 1997; x_wconf 89' lang='lat' dir='ltr'><strong>vendit,</strong></span> <span class='ocrx_word' id='word_1_751' title='bbox 1699 1972 1754 1991; x_wconf 89' lang='lat' dir='ltr'><strong>non</strong></span> 
     </span>
    </p>
   </div>
   <div class='ocr_carea' id='block_1_89' title="bbox 964 2010 1753 2047">
    <p class='ocr_par' dir='ltr' id='par_1_89' title="bbox 964 2010 1753 2047">
     <span class='ocr_line' id='line_1_89' title="bbox 964 2010 1753 2047; baseline -0.004 -8"><span class='ocrx_word' id='word_1_752' title='bbox 964 2013 1068 2047; x_wconf 82' lang='lat' dir='ltr'><strong>lugeat:</strong></span> <span class='ocrx_word' id='word_1_753' title='bbox 1082 2013 1115 2045; x_wconf 51' lang='grc' dir='ltr'><strong>»ξ</strong></span> <span class='ocrx_word' id='word_1_754' title='bbox 1127 2011 1191 2046; x_wconf 91' lang='lat' dir='ltr'><strong>quia</strong></span> <span class='ocrx_word' id='word_1_755' title='bbox 1216 2011 1256 2038; x_wconf 89' lang='lat' dir='ltr'><strong>ira</strong></span> <span class='ocrx_word' id='word_1_756' title='bbox 1273 2011 1299 2038; x_wconf 87' lang='lat' dir='ltr'><strong>in</strong></span> <span class='ocrx_word' id='word_1_757' title='bbox 1315 2018 1424 2038; x_wconf 88' lang='lat' dir='ltr'><strong>omnem</strong></span> <span class='ocrx_word' id='word_1_758' title='bbox 1441 2010 1641 2038; x_wconf 89' lang='lat' dir='ltr'><strong>multitudinem</strong></span> <span class='ocrx_word' id='word_1_759' title='bbox 1657 2010 1716 2044; x_wconf 77' lang='lat' dir='ltr'><strong>ejus</strong></span> <span class='ocrx_word' id='word_1_760' title='bbox 1729 2010 1753 2044; x_wconf 75' lang='grc' dir='ltr'>ζ.</span> 
     </span>
    </p>
   </div>
   <div class='ocr_carea' id='block_1_90' title="bbox 965 2057 1755 2091">
    <p class='ocr_par' dir='ltr' id='par_1_90' title="bbox 965 2057 1755 2091">
     <span class='ocr_line' id='line_1_90' title="bbox 965 2057 1755 2091; baseline -0.003 -6"><span class='ocrx_word' id='word_1_761' title='bbox 965 2059 1007 2085; x_wconf 78' lang='lat' dir='ltr'><strong>l3.</strong></span> <span class='ocrx_word' id='word_1_762' title='bbox 1022 2058 1091 2090; x_wconf 83' lang='lat' dir='ltr'><strong>Quia</strong></span> <span class='ocrx_word' id='word_1_763' title='bbox 1107 2065 1200 2085; x_wconf 74' lang='lat' dir='ltr'><strong>exuens</strong></span> <span class='ocrx_word' id='word_1_764' title='bbox 1221 2058 1253 2084; x_wconf 90' lang='lat' dir='ltr'><strong>ad</strong></span> <span class='ocrx_word' id='word_1_765' title='bbox 1272 2057 1434 2084; x_wconf 85' lang='lat' dir='ltr'><strong>vendentem</strong></span> <span class='ocrx_word' id='word_1_766' title='bbox 1449 2065 1502 2084; x_wconf 91' lang='lat' dir='ltr'><strong>non</strong></span> <span class='ocrx_word' id='word_1_767' title='bbox 1525 2057 1642 2091; x_wconf 87' lang='lat' dir='ltr'><strong>atnplius</strong></span> <span class='ocrx_word' id='word_1_768' title='bbox 1663 2064 1755 2084; x_wconf 56' lang='lat' dir='ltr'><strong>rever-</strong></span> 
     </span>
    </p>
   </div>
   <div class='ocr_carea' id='block_1_91' title="bbox 964 2103 1753 2138">
    <p class='ocr_par' dir='ltr' id='par_1_91' title="bbox 964 2103 1753 2138">
     <span class='ocr_line' id='line_1_91' title="bbox 964 2103 1753 2138; baseline -0.004 -7"><span class='ocrx_word' id='word_1_769' title='bbox 964 2109 1055 2131; x_wconf 85' lang='lat' dir='ltr'><strong>tetur:</strong></span> <span class='ocrx_word' id='word_1_770' title='bbox 1073 2105 1106 2137; x_wconf 61' lang='grc' dir='ltr'><strong>ὶδ(</strong></span> <span class='ocrx_word' id='word_1_771' title='bbox 1117 2105 1148 2138; x_wconf 79' lang='lat' dir='ltr'><strong>(i)</strong></span> <span class='ocrx_word' id='word_1_772' title='bbox 1167 2109 1193 2131; x_wconf 88' lang='lat' dir='ltr'><strong>et</strong></span> <span class='ocrx_word' id='word_1_773' title='bbox 1206 2103 1325 2138; x_wconf 89' lang='lat' dir='ltr'><strong>amplius</strong></span> <span class='ocrx_word' id='word_1_774' title='bbox 1340 2103 1366 2130; x_wconf 92' lang='lat' dir='ltr'><strong>in</strong></span> <span class='ocrx_word' id='word_1_775' title='bbox 1385 2103 1440 2131; x_wconf 89' lang='lat' dir='ltr'><strong>vita</strong></span> <span class='ocrx_word' id='word_1_776' title='bbox 1455 2103 1545 2130; x_wconf 89' lang='lat' dir='ltr'><strong>vivere</strong></span> <span class='ocrx_word' id='word_1_777' title='bbox 1558 2111 1673 2136; x_wconf 83' lang='lat' dir='ltr'><strong>eorum;</strong></span> <span class='ocrx_word' id='word_1_778' title='bbox 1689 2103 1753 2136; x_wconf 86' lang='lat' dir='ltr'><strong>quin</strong></span> 
     </span>
    </p>
   </div>
   <div class='ocr_carea' id='block_1_92' title="bbox 965 2150 1753 2186">
    <p class='ocr_par' dir='ltr' id='par_1_92' title="bbox 965 2150 1753 2186">
     <span class='ocr_line' id='line_1_92' title="bbox 965 2150 1753 2186; baseline -0.003 -8"><span class='ocrx_word' id='word_1_779' title='bbox 965 2151 1033 2178; x_wconf 83' lang='lat' dir='ltr'><strong>visio</strong></span> <span class='ocrx_word' id='word_1_780' title='bbox 1045 2151 1071 2177; x_wconf 94' lang='lat' dir='ltr'><strong>in</strong></span> <span class='ocrx_word' id='word_1_781' title='bbox 1088 2159 1196 2178; x_wconf 76' lang='lat' dir='ltr'><strong>onlnem</strong></span> <span class='ocrx_word' id='word_1_782' title='bbox 1229 2150 1432 2178; x_wconf 85' lang='lat' dir='ltr'><strong>multitudinem</strong></span> <span class='ocrx_word' id='word_1_783' title='bbox 1460 2150 1520 2186; x_wconf 78' lang='lat' dir='ltr'><strong>ejus</strong></span> <span class='ocrx_word' id='word_1_784' title='bbox 1541 2158 1594 2178; x_wconf 90' lang='lat' dir='ltr'><strong>non</strong></span> <span class='ocrx_word' id='word_1_785' title='bbox 1609 2150 1706 2177; x_wconf 83' lang='lat' dir='ltr'><strong>redibit</strong></span> <span class='ocrx_word' id='word_1_786' title='bbox 1723 2150 1753 2185; x_wconf 71' lang='grc' dir='ltr'><strong>ζ;</strong></span> 
     </span>
    </p>
   </div>
   <div class='ocr_carea' id='block_1_93' title="bbox 963 2195 1753 2231">
    <p class='ocr_par' dir='ltr' id='par_1_93' title="bbox 963 2195 1753 2231">
     <span class='ocr_line' id='line_1_93' title="bbox 963 2195 1753 2231; baseline -0.003 -7"><span class='ocrx_word' id='word_1_787' title='bbox 963 2202 990 2224; x_wconf 87' lang='lat' dir='ltr'><strong>et</strong></span> <span class='ocrx_word' id='word_1_788' title='bbox 1005 2198 1087 2224; x_wconf 89' lang='lat' dir='ltr'><strong>homo</strong></span> <span class='ocrx_word' id='word_1_789' title='bbox 1105 2198 1131 2223; x_wconf 90' lang='lat' dir='ltr'><strong>in</strong></span> <span class='ocrx_word' id='word_1_790' title='bbox 1158 2198 1238 2224; x_wconf 91' lang='lat' dir='ltr'><strong>oculo</strong></span> <span class='ocrx_word' id='word_1_791' title='bbox 1263 2196 1324 2224; x_wconf 71' lang='lat' dir='ltr'><strong>vitae</strong></span> <span class='ocrx_word' id='word_1_792' title='bbox 1347 2205 1403 2224; x_wconf 69' lang='lat' dir='ltr'><strong>sua:</strong></span> <span class='ocrx_word' id='word_1_793' title='bbox 1421 2204 1474 2224; x_wconf 87' lang='lat' dir='ltr'><strong>non</strong></span> <span class='ocrx_word' id='word_1_794' title='bbox 1501 2196 1645 2224; x_wconf 82' lang='lat' dir='ltr'><strong>obtinebit.</strong></span> <span class='ocrx_word' id='word_1_795' title='bbox 1660 2195 1703 2222; x_wconf 76' lang='grc' dir='ltr'><strong>Η.</strong></span> <span class='ocrx_word' id='word_1_796' title='bbox 1717 2196 1753 2231; x_wconf 69' lang='lat' dir='ltr'><strong>(Is)</strong></span> 
     </span>
    </p>
   </div>
   <div class='ocr_carea' id='block_1_94' title="bbox 963 2243 1756 2278">
    <p class='ocr_par' dir='ltr' id='par_1_94' title="bbox 963 2243 1756 2278">
     <span class='ocr_line' id='line_1_94' title="bbox 963 2243 1756 2278; baseline -0.004 -7"><span class='ocrx_word' id='word_1_797' title='bbox 963 2243 1087 2278; x_wconf 87' lang='lat' dir='ltr'><strong>Clangite</strong></span> <span class='ocrx_word' id='word_1_798' title='bbox 1099 2243 1124 2269; x_wconf 92' lang='lat' dir='ltr'><strong>in</strong></span> <span class='ocrx_word' id='word_1_799' title='bbox 1144 2243 1207 2269; x_wconf 83' lang='lat' dir='ltr'><strong>tuba</strong></span> <span class='ocrx_word' id='word_1_800' title='bbox 1223 2263 1230 2273; x_wconf 91' lang='lat'><strong>,</strong></span> <span class='ocrx_word' id='word_1_801' title='bbox 1247 2247 1274 2270; x_wconf 91' lang='lat' dir='ltr'><strong>et</strong></span> <span class='ocrx_word' id='word_1_802' title='bbox 1286 2243 1407 2278; x_wconf 87' lang='lat' dir='ltr'><strong>judicate</strong></span> <span class='ocrx_word' id='word_1_803' title='bbox 1431 2243 1535 2275; x_wconf 88' lang='lat' dir='ltr'><strong>omnia,</strong></span> <span class='ocrx_word' id='word_1_804' title='bbox 1559 2243 1593 2277; x_wconf 52' lang='grc' dir='ltr'><strong>κ(</strong></span> <span class='ocrx_word' id='word_1_805' title='bbox 1605 2247 1633 2269; x_wconf 87' lang='lat' dir='ltr'><strong>et</strong></span> <span class='ocrx_word' id='word_1_806' title='bbox 1646 2250 1699 2270; x_wconf 89' lang='lat' dir='ltr'><strong>non</strong></span> <span class='ocrx_word' id='word_1_807' title='bbox 1713 2245 1756 2269; x_wconf 83' lang='lat' dir='ltr'><strong>est</strong></span> 
     </span>
    </p>
   </div>
   <div class='ocr_carea' id='block_1_95' title="bbox 963 2289 1759 2324">
    <p class='ocr_par' dir='ltr' id='par_1_95' title="bbox 963 2289 1759 2324">
     <span class='ocr_line' id='line_1_95' title="bbox 963 2289 1759 2324; baseline -0.004 -8"><span class='ocrx_word' id='word_1_808' title='bbox 963 2289 1140 2324; x_wconf 73' lang='lat' dir='ltr'><strong>prolieiscvns</strong></span> <span class='ocrx_word' id='word_1_809' title='bbox 1169 2289 1196 2316; x_wconf 88' lang='lat' dir='ltr'><strong>in</strong></span> <span class='ocrx_word' id='word_1_810' title='bbox 1227 2289 1346 2322; x_wconf 87' lang='lat' dir='ltr'><strong>bellum;</strong></span> <span class='ocrx_word' id='word_1_811' title='bbox 1379 2289 1443 2324; x_wconf 87' lang='lat' dir='ltr'><strong>quia</strong></span> <span class='ocrx_word' id='word_1_812' title='bbox 1469 2289 1509 2315; x_wconf 88' lang='lat' dir='ltr'><strong>ira</strong></span> <span class='ocrx_word' id='word_1_813' title='bbox 1527 2297 1587 2315; x_wconf 78' lang='lat' dir='ltr'><strong>mea</strong></span> <span class='ocrx_word' id='word_1_814' title='bbox 1603 2289 1629 2315; x_wconf 93' lang='lat' dir='ltr'><strong>in</strong></span> <span class='ocrx_word' id='word_1_815' title='bbox 1646 2295 1759 2315; x_wconf 85' lang='lat' dir='ltr'><strong>omnem.</strong></span> 
     </span>
    </p>
   </div>
   <div class='ocr_carea' id='block_1_96' title="bbox 964 2335 1759 2373">
    <p class='ocr_par' dir='ltr' id='par_1_96' title="bbox 964 2335 1759 2373">
     <span class='ocr_line' id='line_1_96' title="bbox 964 2335 1759 2373; baseline -0.004 -7"><span class='ocrx_word' id='word_1_816' title='bbox 964 2338 1167 2366; x_wconf 87' lang='lat' dir='ltr'><strong>multitudinem</strong></span> <span class='ocrx_word' id='word_1_817' title='bbox 1184 2337 1245 2372; x_wconf 86' lang='lat' dir='ltr'><strong>ejus</strong></span> <span class='ocrx_word' id='word_1_818' title='bbox 1260 2339 1283 2373; x_wconf 68' lang='grc' dir='ltr'>ζ.</span> <span class='ocrx_word' id='word_1_819' title='bbox 1299 2337 1342 2365; x_wconf 78' lang='lat' dir='ltr'><strong>l5.</strong></span> <span class='ocrx_word' id='word_1_820' title='bbox 1361 2337 1464 2364; x_wconf 82' lang='lat' dir='ltr'><strong>Bellum</strong></span> <span class='ocrx_word' id='word_1_821' title='bbox 1482 2338 1508 2364; x_wconf 90' lang='lat' dir='ltr'><strong>in</strong></span> <span class='ocrx_word' id='word_1_822' title='bbox 1527 2337 1618 2372; x_wconf 87' lang='lat' dir='ltr'><strong>gladio</strong></span> <span class='ocrx_word' id='word_1_823' title='bbox 1633 2335 1710 2368; x_wconf 77' lang='lat' dir='ltr'><strong>foris,</strong></span> <span class='ocrx_word' id='word_1_824' title='bbox 1728 2340 1759 2363; x_wconf 81' lang='lat' dir='ltr'><strong>et</strong></span> 
     </span>
    </p>
   </div>
   <div class='ocr_carea' id='block_1_97' title="bbox 956 2380 1762 2418">
    <p class='ocr_par' dir='ltr' id='par_1_97' title="bbox 956 2380 1762 2418">
     <span class='ocr_line' id='line_1_97' title="bbox 956 2380 1762 2418; baseline -0.004 -8"><span class='ocrx_word' id='word_1_825' title='bbox 956 2383 1044 2410; x_wconf 80' lang='lat' dir='ltr'><strong>fames</strong></span> <span class='ocrx_word' id='word_1_826' title='bbox 1059 2387 1085 2409; x_wconf 88' lang='lat' dir='ltr'><strong>et</strong></span> <span class='ocrx_word' id='word_1_827' title='bbox 1102 2390 1175 2409; x_wconf 87' lang='lat' dir='ltr'><strong>utors</strong></span> <span class='ocrx_word' id='word_1_828' title='bbox 1189 2382 1370 2410; x_wconf 79' lang='lat' dir='ltr'><strong>intrinsecus:</strong></span> <span class='ocrx_word' id='word_1_829' title='bbox 1387 2382 1434 2418; x_wconf 93' lang='lat' dir='ltr'><strong>qui</strong></span> <span class='ocrx_word' id='word_1_830' title='bbox 1452 2383 1478 2409; x_wconf 91' lang='lat' dir='ltr'><strong>in</strong></span> <span class='ocrx_word' id='word_1_831' title='bbox 1500 2390 1608 2416; x_wconf 79' lang='lat' dir='ltr'><strong>campo,</strong></span> <span class='ocrx_word' id='word_1_832' title='bbox 1624 2382 1649 2408; x_wconf 90' lang='lat' dir='ltr'><strong>in</strong></span> <span class='ocrx_word' id='word_1_833' title='bbox 1663 2380 1762 2416; x_wconf 62' lang='lat' dir='ltr'><strong>gladio</strong></span> 
     </span>
    </p>
   </div>
   <div class='ocr_carea' id='block_1_98' title="bbox 150 2484 1755 2545">
    <p class='ocr_par' dir='ltr' id='par_1_98' title="bbox 150 2484 1755 2545">
     <span class='ocr_line' id='line_1_98' title="bbox 150 2484 1755 2545; baseline 0.001 -34"><span class='ocrx_word' id='word_1_834' title='bbox 150 2484 182 2545; x_wconf 54' lang='grc' dir='ltr'><strong>ΣΠ</strong></span> <span class='ocrx_word' id='word_1_835' title='bbox 202 2484 244 2516; x_wconf 88' lang='lat' dir='ltr'><strong>S.,</strong></span> <span class='ocrx_word' id='word_1_836' title='bbox 275 2485 397 2519; x_wconf 76' lang='lat' dir='ltr'><strong>confregi</strong></span> <span class='ocrx_word' id='word_1_837' title='bbox 418 2490 454 2513; x_wconf 89' lang='lat' dir='ltr'><strong>te.</strong></span> <span class='ocrx_word' id='word_1_838' title='bbox 493 2485 525 2520; x_wconf 82' lang='lat'><strong>(‘)</strong></span> <span class='ocrx_word' id='word_1_839' title='bbox 545 2485 598 2512; x_wconf 84' lang='lat' dir='ltr'><strong>Pro</strong></span> <span class='ocrx_word' id='word_1_840' title='bbox 618 2489 733 2518; x_wconf 56' lang='grc' dir='ltr'><strong>μην-μη,</strong></span> <span class='ocrx_word' id='word_1_841' title='bbox 759 2485 831 2519; x_wconf 85' lang='lat' dir='ltr'><strong>quod</strong></span> <span class='ocrx_word' id='word_1_842' title='bbox 858 2493 1000 2520; x_wconf 86' lang='lat' dir='ltr'><strong>perperam</strong></span> <span class='ocrx_word' id='word_1_843' title='bbox 1029 2486 1113 2512; x_wconf 81' lang='lat' dir='ltr'><strong>edidit</strong></span> <span class='ocrx_word' id='word_1_844' title='bbox 1143 2485 1276 2520; x_wconf 81' lang='lat' dir='ltr'><strong>Norberg,</strong></span> <span class='ocrx_word' id='word_1_845' title='bbox 1304 2490 1330 2513; x_wconf 82' lang='lat' dir='ltr'><strong>et</strong></span> <span class='ocrx_word' id='word_1_846' title='bbox 1350 2495 1383 2513; x_wconf 74' lang='lat' dir='ltr'><strong>ex</strong></span> <span class='ocrx_word' id='word_1_847' title='bbox 1408 2485 1517 2519; x_wconf 70' lang='lat' dir='ltr'><strong>ingenio</strong></span> <span class='ocrx_word' id='word_1_848' title='bbox 1543 2486 1642 2517; x_wconf 85' lang='lat' dir='ltr'><strong>vertit,</strong></span> <span class='ocrx_word' id='word_1_849' title='bbox 1676 2487 1755 2513; x_wconf 82' lang='lat' dir='ltr'><strong>mise-</strong></span> 
     </span>
     <span class='ocr_line' id='line_1_99' title="bbox 167 2520 1753 2545; baseline 0 0"><span class='ocrx_word' id='word_1_850' title='bbox 167 2520 222 2545; x_wconf 83' lang='lat' dir='ltr'><strong>ilis.</strong></span> <span class='ocrx_word' id='word_1_851' title='bbox 241 2521 305 2545; x_wconf 87' lang='lat' dir='ltr'><strong>mtia</strong></span> <span class='ocrx_word' id='word_1_852' title='bbox 324 2521 348 2545; x_wconf 91' lang='lat' dir='ltr'><strong>in</strong></span> <span class='ocrx_word' id='word_1_853' title='bbox 378 2520 447 2545; x_wconf 77' lang='lat' dir='ltr'><strong>LXX</strong></span> <span class='ocrx_word' id='word_1_854' title='bbox 468 2521 573 2545; x_wconf 80' lang='lat' dir='ltr'><strong>nostris</strong></span> <span class='ocrx_word' id='word_1_855' title='bbox 593 2521 660 2545; x_wconf 83' lang='lat' dir='ltr'><strong>vidit</strong></span> <span class='ocrx_word' id='word_1_856' title='bbox 679 2521 823 2545; x_wconf 62' lang='grc' dir='ltr'><strong>ὃπλαῖατή.</strong></span> <span class='ocrx_word' id='word_1_857' title='bbox 851 2522 1038 2545; x_wconf 74' lang='lat' dir='ltr'><strong>reponendum</strong></span> <span class='ocrx_word' id='word_1_858' title='bbox 1053 2526 1096 2545; x_wconf 72' lang='lat' dir='ltr'><strong>est</strong></span> <span class='ocrx_word' id='word_1_859' title='bbox 1120 2522 1146 2545; x_wconf 92' lang='lat' dir='ltr'><strong>in</strong></span> <span class='ocrx_word' id='word_1_860' title='bbox 1176 2521 1289 2545; x_wconf 79' lang='lat' dir='ltr'><strong>Svriam</strong></span> <span class='ocrx_word' id='word_1_861' title='bbox 1315 2526 1388 2545; x_wconf 73' lang='lat' dir='ltr'><strong>textu</strong></span> <span class='ocrx_word' id='word_1_862' title='bbox 1414 2526 1534 2545; x_wconf 60' lang='lat' dir='ltr'><strong>unum“.</strong></span> <span class='ocrx_word' id='word_1_863' title='bbox 1552 2526 1578 2545; x_wconf 74' lang='lat' dir='ltr'><strong>et</strong></span> <span class='ocrx_word' id='word_1_864' title='bbox 1598 2521 1753 2545; x_wconf 69' lang='lat' dir='ltr'><strong>manifesta.</strong></span> 
     </span>
    </p>
   </div>
   <div class='ocr_carea' id='block_1_99' title="bbox 112 2520 1753 2556">
    <p class='ocr_par' dir='ltr' id='par_1_99' title="bbox 112 2520 1753 2556">
     <span class='ocr_line' id='line_1_100' title="bbox 112 2520 1753 2556; baseline 0.002 -11"><span class='ocrx_word' id='word_1_865' title='bbox 112 2520 222 2556; x_wconf 54' lang='lat' dir='ltr'><strong>fabius,</strong></span> <span class='ocrx_word' id='word_1_866' title='bbox 241 2521 305 2556; x_wconf 77' lang='lat' dir='ltr'><strong>quia</strong></span> <span class='ocrx_word' id='word_1_867' title='bbox 324 2521 348 2547; x_wconf 88' lang='lat' dir='ltr'><strong>itt</strong></span> <span class='ocrx_word' id='word_1_868' title='bbox 378 2520 447 2547; x_wconf 79' lang='lat' dir='ltr'><strong>LXX</strong></span> <span class='ocrx_word' id='word_1_869' title='bbox 468 2521 573 2548; x_wconf 90' lang='lat' dir='ltr'><strong>nostris</strong></span> <span class='ocrx_word' id='word_1_870' title='bbox 593 2521 660 2548; x_wconf 90' lang='lat' dir='ltr'><strong>vidit</strong></span> <span class='ocrx_word' id='word_1_871' title='bbox 679 2521 823 2555; x_wconf 79' lang='grc' dir='ltr'><strong>δηλαῖστή,</strong></span> <span class='ocrx_word' id='word_1_872' title='bbox 851 2522 1038 2555; x_wconf 76' lang='lat' dir='ltr'><strong>reponendum</strong></span> <span class='ocrx_word' id='word_1_873' title='bbox 1053 2526 1096 2549; x_wconf 89' lang='lat' dir='ltr'><strong>est</strong></span> <span class='ocrx_word' id='word_1_874' title='bbox 1118 2522 1146 2548; x_wconf 86' lang='lat' dir='ltr'><strong>in</strong></span> <span class='ocrx_word' id='word_1_875' title='bbox 1176 2521 1289 2556; x_wconf 82' lang='lat' dir='ltr'><strong>Syriaco</strong></span> <span class='ocrx_word' id='word_1_876' title='bbox 1315 2526 1388 2549; x_wconf 80' lang='lat' dir='ltr'><strong>textu</strong></span> <span class='ocrx_word' id='word_1_877' title='bbox 1414 2526 1534 2554; x_wconf 53' lang='lat' dir='ltr'><strong>unum“,</strong></span> <span class='ocrx_word' id='word_1_878' title='bbox 1552 2526 1578 2548; x_wconf 77' lang='lat' dir='ltr'><strong>et</strong></span> <span class='ocrx_word' id='word_1_879' title='bbox 1598 2521 1753 2555; x_wconf 69' lang='lat' dir='ltr'><strong>manifesta.</strong></span> 
     </span>
    </p>
   </div>
   <div class='ocr_carea' id='block_1_100' title="bbox 114 2555 544 2590">
    <p class='ocr_par' dir='ltr' id='par_1_100' title="bbox 114 2555 544 2590">
     <span class='ocr_line' id='line_1_101' title="bbox 114 2555 544 2590; baseline 0.002 -9"><span class='ocrx_word' id='word_1_880' title='bbox 114 2555 149 2581; x_wconf 83' lang='lat' dir='ltr'><strong>Et</strong></span> <span class='ocrx_word' id='word_1_881' title='bbox 164 2556 253 2590; x_wconf 88' lang='lat' dir='ltr'><strong>reipsa</strong></span> <span class='ocrx_word' id='word_1_882' title='bbox 283 2555 408 2589; x_wconf 84' lang='lat' dir='ltr'><strong>Telrapla</strong></span> <span class='ocrx_word' id='word_1_883' title='bbox 432 2556 544 2587; x_wconf 78' lang='lat' dir='ltr'><strong>habent,</strong></span> 
     </span>
    </p>
   </div>
   <div class='ocr_carea' id='block_1_101' title="bbox 568 2555 957 2591">
    <p class='ocr_par' dir='ltr' id='par_1_101' title="bbox 568 2555 957 2591">
     <span class='ocr_line' id='line_1_102' title="bbox 568 2555 957 2591; baseline -0.003 -8"><span class='ocrx_word' id='word_1_884' title='bbox 568 2558 599 2589; x_wconf 65' lang='grc' dir='ltr'>&gt;ε&lt;</span> <span class='ocrx_word' id='word_1_885' title='bbox 618 2556 664 2583; x_wconf 82' lang='grc' dir='ltr'><strong>καὶ</strong></span> <span class='ocrx_word' id='word_1_886' title='bbox 683 2556 762 2591; x_wconf 81' lang='grc' dir='ltr'>δήλη.</span> <span class='ocrx_word' id='word_1_887' title='bbox 776 2555 878 2584; x_wconf 61' lang='lat' dir='ltr'><strong>Dnaen.</strong></span> <span class='ocrx_word' id='word_1_888' title='bbox 918 2557 957 2591; x_wconf 78' lang='grc' dir='ltr'><strong>(ιι)</strong></span> 
     </span>
    </p>
   </div>
   <div class='ocr_carea' id='block_1_102' title="bbox 111 2591 952 2626">
    <p class='ocr_par' dir='ltr' id='par_1_102' title="bbox 111 2591 952 2626">
     <span class='ocr_line' id='line_1_103' title="bbox 111 2591 952 2626; baseline 0 -10"><span class='ocrx_word' id='word_1_889' title='bbox 111 2595 142 2617; x_wconf 83' lang='lat' dir='ltr'><strong>et</strong></span> <span class='ocrx_word' id='word_1_890' title='bbox 169 2592 279 2625; x_wconf 81' lang='lat' dir='ltr'><strong>puuiatn</strong></span> <span class='ocrx_word' id='word_1_891' title='bbox 297 2596 331 2617; x_wconf 91' lang='lat' dir='ltr'><strong>te.</strong></span> <span class='ocrx_word' id='word_1_892' title='bbox 357 2591 442 2618; x_wconf 80' lang='lat' dir='ltr'><strong>Senes</strong></span> <span class='ocrx_word' id='word_1_893' title='bbox 464 2601 469 2618; x_wconf 91' lang='lat'><strong><em>:</em></strong></span> <span class='ocrx_word' id='word_1_894' title='bbox 491 2591 537 2618; x_wconf 67' lang='grc' dir='ltr'><strong>καὶ</strong></span> <span class='ocrx_word' id='word_1_895' title='bbox 561 2592 755 2626; x_wconf 64' lang='grc' dir='ltr'><strong>τιμωρήσομαί</strong></span> <span class='ocrx_word' id='word_1_896' title='bbox 782 2600 821 2618; x_wconf 80' lang='grc' dir='ltr'><strong>σε.</strong></span> <span class='ocrx_word' id='word_1_897' title='bbox 853 2591 952 2618; x_wconf 72' lang='lat' dir='ltr'><strong>Dnacu.</strong></span> 
     </span>
    </p>
   </div>
   <div class='ocr_carea' id='block_1_103' title="bbox 985 2555 1753 2592">
    <p class='ocr_par' dir='ltr' id='par_1_103' title="bbox 985 2555 1753 2592">
     <span class='ocr_line' id='line_1_104' title="bbox 985 2555 1753 2592; baseline 0.001 -9"><span class='ocrx_word' id='word_1_898' title='bbox 985 2555 1026 2586; x_wconf 79' lang='lat' dir='ltr'><strong>S..</strong></span> <span class='ocrx_word' id='word_1_899' title='bbox 1056 2562 1084 2583; x_wconf 85' lang='lat' dir='ltr'><strong>et</strong></span> <span class='ocrx_word' id='word_1_900' title='bbox 1098 2555 1286 2591; x_wconf 78' lang='lat' dir='ltr'><strong>ambiguitate.</strong></span> <span class='ocrx_word' id='word_1_901' title='bbox 1321 2557 1359 2592; x_wconf 70' lang='grc' dir='ltr'><strong>(ξε)</strong></span> <span class='ocrx_word' id='word_1_902' title='bbox 1380 2556 1421 2587; x_wconf 87' lang='lat' dir='ltr'><strong>S.,</strong></span> <span class='ocrx_word' id='word_1_903' title='bbox 1445 2557 1574 2592; x_wconf 86' lang='lat' dir='ltr'><strong>gladium.</strong></span> <span class='ocrx_word' id='word_1_904' title='bbox 1607 2558 1651 2591; x_wconf 86' lang='lat'><strong>(&quot;)</strong></span> <span class='ocrx_word' id='word_1_905' title='bbox 1674 2556 1697 2592; x_wconf 19' lang='lat'><strong>7|.</strong></span> <span class='ocrx_word' id='word_1_906' title='bbox 1715 2565 1753 2586; x_wconf 70' lang='grc' dir='ltr'>ε..</span> 
     </span>
    </p>
   </div>
   <div class='ocr_carea' id='block_1_104' title="bbox 1004 2591 1756 2626">
    <p class='ocr_par' dir='ltr' id='par_1_104' title="bbox 1004 2591 1756 2626">
     <span class='ocr_line' id='line_1_105' title="bbox 1004 2591 1756 2626; baseline 0.003 -8"><span class='ocrx_word' id='word_1_907' title='bbox 1004 2593 1041 2626; x_wconf 82' lang='lat' dir='ltr'><strong>(y)</strong></span> <span class='ocrx_word' id='word_1_908' title='bbox 1062 2591 1104 2623; x_wconf 76' lang='lat'><strong>5.,</strong></span> <span class='ocrx_word' id='word_1_909' title='bbox 1121 2600 1182 2626; x_wconf 70' lang='lat' dir='ltr'><strong>qua:</strong></span> <span class='ocrx_word' id='word_1_910' title='bbox 1204 2591 1319 2619; x_wconf 84' lang='lat' dir='ltr'><strong>reddent</strong></span> <span class='ocrx_word' id='word_1_911' title='bbox 1344 2596 1370 2626; x_wconf 75' lang='lat' dir='ltr'><strong>te</strong></span> <span class='ocrx_word' id='word_1_912' title='bbox 1400 2591 1459 2619; x_wconf 80' lang='lat' dir='ltr'><strong>sine</strong></span> <span class='ocrx_word' id='word_1_913' title='bbox 1474 2592 1579 2620; x_wconf 85' lang='lat' dir='ltr'><strong>liberis.</strong></span> <span class='ocrx_word' id='word_1_914' title='bbox 1611 2593 1647 2626; x_wconf 78' lang='grc' dir='ltr'><strong>(τ)</strong></span> <span class='ocrx_word' id='word_1_915' title='bbox 1666 2591 1708 2624; x_wconf 79' lang='grc'>8..</span> <span class='ocrx_word' id='word_1_916' title='bbox 1729 2597 1756 2620; x_wconf 78' lang='lat' dir='ltr'><strong>et</strong></span> 
     </span>
    </p>
   </div>
   <div class='ocr_carea' id='block_1_105' title="bbox 114 2625 1756 2671">
    <p class='ocr_par' dir='ltr' id='par_1_105' title="bbox 114 2625 1756 2671">
     <span class='ocr_line' id='line_1_106' title="bbox 114 2625 1756 2671; baseline -0.001 -19"><span class='ocrx_word' id='word_1_917' title='bbox 114 2627 269 2660; x_wconf 76' lang='lat' dir='ltr'><strong>completis.</strong></span> <span class='ocrx_word' id='word_1_918' title='bbox 291 2626 350 2658; x_wconf 78' lang='grc' dir='ltr'><strong>ΤΙι.⁹</strong></span> <span class='ocrx_word' id='word_1_919' title='bbox 365 2627 472 2654; x_wconf 78' lang='lat' dir='ltr'><strong>rivulis.</strong></span> <span class='ocrx_word' id='word_1_920' title='bbox 508 2628 547 2662; x_wconf 89' lang='lat' dir='ltr'><strong>(a)</strong></span> <span class='ocrx_word' id='word_1_921' title='bbox 576 2626 618 2657; x_wconf 89' lang='lat' dir='ltr'><strong>S.,</strong></span> <span class='ocrx_word' id='word_1_922' title='bbox 636 2625 671 2654; x_wconf 75' lang='lat' dir='ltr'><strong>et</strong></span> <span class='ocrx_word' id='word_1_923' title='bbox 688 2626 906 2662; x_wconf 78' lang='lat' dir='ltr'><strong>cunl&#39;riugentur.</strong></span> <span class='ocrx_word' id='word_1_924' title='bbox 939 2627 975 2662; x_wconf 73' lang='grc' dir='ltr'><strong>(ὁ)</strong></span> <span class='ocrx_word' id='word_1_925' title='bbox 990 2625 1031 2660; x_wconf 64' lang='grc'><strong>8.,</strong></span> <span class='ocrx_word' id='word_1_926' title='bbox 1046 2625 1241 2656; x_wconf 81' lang='lat' dir='ltr'><strong>etabolebuttt.</strong></span> <span class='ocrx_word' id='word_1_927' title='bbox 1281 2627 1333 2661; x_wconf 84' lang='lat'><strong>(&quot;&#39;)</strong></span> <span class='ocrx_word' id='word_1_928' title='bbox 1351 2625 1469 2654; x_wconf 81' lang='lat' dir='ltr'><strong>Verbum</strong></span> <span class='ocrx_word' id='word_1_929' title='bbox 1492 2627 1554 2662; x_wconf 76' lang='lat' dir='ltr'><strong>Syr.</strong></span> <span class='ocrx_word' id='word_1_930' title='bbox 1579 2631 1687 2671; x_wconf 62' lang='grc' dir='ltr'><strong>ῙὮἏΠΞΊ</strong></span> <span class='ocrx_word' id='word_1_931' title='bbox 1706 2636 1756 2662; x_wconf 77' lang='lat' dir='ltr'><strong>po-</strong></span> 
     </span>
    </p>
   </div>
   <div class='ocr_carea' id='block_1_106' title="bbox 115 2672 909 2708">
    <p class='ocr_par' dir='ltr' id='par_1_106' title="bbox 115 2672 909 2708">
     <span class='ocr_line' id='line_1_107' title="bbox 115 2672 909 2708; baseline -0.001 -8"><span class='ocrx_word' id='word_1_932' title='bbox 115 2674 173 2700; x_wconf 82' lang='lat' dir='ltr'><strong>tius</strong></span> <span class='ocrx_word' id='word_1_933' title='bbox 195 2674 344 2708; x_wconf 72' lang='lat' dir='ltr'><strong>signiﬁcat,</strong></span> <span class='ocrx_word' id='word_1_934' title='bbox 375 2677 400 2708; x_wconf 77' lang='lat' dir='ltr'><strong>et</strong></span> <span class='ocrx_word' id='word_1_935' title='bbox 427 2677 639 2700; x_wconf 73' lang='lat' dir='ltr'><strong>contemnantur.</strong></span> <span class='ocrx_word' id='word_1_936' title='bbox 672 2672 799 2707; x_wconf 73' lang='lat' dir='ltr'><strong>Tutrapla</strong></span> <span class='ocrx_word' id='word_1_937' title='bbox 824 2675 857 2705; x_wconf 45' lang='grc' dir='ltr'><strong>βξ</strong></span> <span class='ocrx_word' id='word_1_938' title='bbox 888 2681 909 2699; x_wconf 84' lang='grc' dir='ltr'><strong>κι</strong></span> 
     </span>
    </p>
   </div>
   <div class='ocr_carea' id='block_1_107' title="bbox 965 2672 1471 2708">
    <p class='ocr_par' dir='ltr' id='par_1_107' title="bbox 965 2672 1471 2708">
     <span class='ocr_line' id='line_1_108' title="bbox 965 2672 1471 2708; baseline 0.002 -10"><span class='ocrx_word' id='word_1_939' title='bbox 965 2672 1182 2708; x_wconf 75' lang='grc' dir='ltr'><strong>τλημμελήσωσι.</strong></span> <span class='ocrx_word' id='word_1_940' title='bbox 1210 2672 1313 2708; x_wconf 78' lang='lat' dir='ltr'><strong>Drucu.</strong></span> <span class='ocrx_word' id='word_1_941' title='bbox 1353 2673 1387 2707; x_wconf 76' lang='grc' dir='ltr'><strong>(ς)</strong></span> <span class='ocrx_word' id='word_1_942' title='bbox 1423 2672 1471 2704; x_wconf 90' lang='lat' dir='ltr'><strong>S.,</strong></span> 
     </span>
    </p>
   </div>
   <div class='ocr_carea' id='block_1_108' title="bbox 114 2707 1275 2748">
    <p class='ocr_par' dir='ltr' id='par_1_108' title="bbox 114 2707 1275 2748">
     <span class='ocr_line' id='line_1_109' title="bbox 114 2707 1275 2748; baseline -0.002 -12"><span class='ocrx_word' id='word_1_943' title='bbox 114 2707 291 2748; x_wconf 70' lang='lat' dir='ltr'><strong>sentietipsos.</strong></span> <span class='ocrx_word' id='word_1_944' title='bbox 310 2709 350 2743; x_wconf 76' lang='grc' dir='ltr'><strong>(ιι)</strong></span> <span class='ocrx_word' id='word_1_945' title='bbox 369 2707 424 2748; x_wconf 48' lang='grc' dir='ltr'><strong>βπ</strong></span> <span class='ocrx_word' id='word_1_946' title='bbox 453 2713 479 2735; x_wconf 88' lang='lat' dir='ltr'><strong>et</strong></span> <span class='ocrx_word' id='word_1_947' title='bbox 494 2708 667 2735; x_wconf 86' lang='lat' dir='ltr'><strong>contristare.</strong></span> <span class='ocrx_word' id='word_1_948' title='bbox 685 2708 719 2741; x_wconf 78' lang='grc' dir='ltr'><strong>(ε)</strong></span> <span class='ocrx_word' id='word_1_949' title='bbox 740 2708 781 2736; x_wconf 74' lang='grc'>8..</span> <span class='ocrx_word' id='word_1_950' title='bbox 803 2712 835 2748; x_wconf 79' lang='lat' dir='ltr'><strong>_ct</strong></span> <span class='ocrx_word' id='word_1_951' title='bbox 861 2708 908 2748; x_wconf 78' lang='lat' dir='ltr'><strong>qui</strong></span> <span class='ocrx_word' id='word_1_952' title='bbox 928 2707 1208 2748; x_wconf 49' lang='lat' dir='ltr'><strong>subactusﬂitrutbe.</strong></span> <span class='ocrx_word' id='word_1_953' title='bbox 1226 2708 1275 2748; x_wconf 75' lang='lat' dir='ltr'><strong>_(D</strong></span> 
     </span>
    </p>
   </div>
   <div class='ocr_carea' id='block_1_109' title="bbox 476 2747 931 2770">
    <p class='ocr_par' dir='ltr' id='par_1_109' title="bbox 476 2747 931 2770">
     <span class='ocr_line' id='line_1_110' title="bbox 476 2747 931 2770; baseline 0 0"><span class='ocrx_word' id='word_1_954' title='bbox 476 2747 503 2770; x_wconf 85' lang='lat' dir='ltr'><strong>et</strong></span> <span class='ocrx_word' id='word_1_955' title='bbox 524 2752 577 2770; x_wconf 87' lang='lat' dir='ltr'><strong>non</strong></span> <span class='ocrx_word' id='word_1_956' title='bbox 605 2751 667 2770; x_wconf 88' lang='lat' dir='ltr'><strong>cum</strong></span> <span class='ocrx_word' id='word_1_957' title='bbox 697 2747 931 2770; x_wconf 80' lang='lat' dir='ltr'><strong>rccrasttnattone.</strong></span> 
     </span>
    </p>
   </div>
   <div class='ocr_carea' id='block_1_110' title="bbox 114 2743 447 2779">
    <p class='ocr_par' dir='ltr' id='par_1_110' title="bbox 114 2743 447 2779">
     <span class='ocr_line' id='line_1_111' title="bbox 114 2743 447 2779; baseline -0.003 -8"><span class='ocrx_word' id='word_1_958' title='bbox 114 2745 309 2778; x_wconf 78' lang='lat' dir='ltr'><strong>ruiupeudam.</strong></span> <span class='ocrx_word' id='word_1_959' title='bbox 340 2744 377 2779; x_wconf 84' lang='lat' dir='ltr'><strong>lg)</strong></span> <span class='ocrx_word' id='word_1_960' title='bbox 405 2743 447 2776; x_wconf 75' lang='lat'><strong>8.,</strong></span> 
     </span>
    </p>
   </div>
   <div class='ocr_carea' id='block_1_111' title="bbox 1502 2673 1757 2707">
    <p class='ocr_par' dir='ltr' id='par_1_111' title="bbox 1502 2673 1757 2707">
     <span class='ocr_line' id='line_1_112' title="bbox 1502 2673 1757 2707; baseline -0.004 -6"><span class='ocrx_word' id='word_1_961' title='bbox 1502 2677 1530 2701; x_wconf 88' lang='lat' dir='ltr'><strong>ut</strong></span> <span class='ocrx_word' id='word_1_962' title='bbox 1555 2673 1757 2707; x_wconf 82' lang='lat' dir='ltr'><strong>reprehendant.</strong></span> 
     </span>
    </p>
   </div>
   <div class='ocr_carea' id='block_1_112' title="bbox 1291 2707 1756 2742">
    <p class='ocr_par' dir='ltr' id='par_1_112' title="bbox 1291 2707 1756 2742">
     <span class='ocr_line' id='line_1_113' title="bbox 1291 2707 1756 2742; baseline 0.002 -7"><span class='ocrx_word' id='word_1_963' title='bbox 1291 2707 1512 2742; x_wconf 88' lang='lat' dir='ltr'><strong>S.,corruptam,</strong></span> <span class='ocrx_word' id='word_1_964' title='bbox 1532 2712 1560 2735; x_wconf 84' lang='lat' dir='ltr'><strong>et</strong></span> <span class='ocrx_word' id='word_1_965' title='bbox 1579 2708 1675 2735; x_wconf 87' lang='lat' dir='ltr'><strong>iterum</strong></span> <span class='ocrx_word' id='word_1_966' title='bbox 1693 2716 1756 2736; x_wconf 87' lang='lat' dir='ltr'><strong>cor-</strong></span> 
     </span>
    </p>
   </div>
   <div class='ocr_carea' id='block_1_113' title="bbox 973 2742 1752 2778">
    <p class='ocr_par' dir='ltr' id='par_1_113' title="bbox 973 2742 1752 2778">
     <span class='ocr_line' id='line_1_114' title="bbox 973 2742 1752 2778; baseline 0.004 -10"><span class='ocrx_word' id='word_1_967' title='bbox 973 2744 1038 2778; x_wconf 82' lang='lat'><strong>(&quot;&quot;)</strong></span> <span class='ocrx_word' id='word_1_968' title='bbox 1057 2742 1148 2769; x_wconf 84' lang='lat' dir='ltr'><strong>Edidit</strong></span> <span class='ocrx_word' id='word_1_969' title='bbox 1167 2742 1302 2778; x_wconf 77' lang='lat' dir='ltr'><strong>Norberg,</strong></span> <span class='ocrx_word' id='word_1_970' title='bbox 1332 2743 1423 2770; x_wconf 70' lang='lat' dir='ltr'><strong>oculus</strong></span> <span class='ocrx_word' id='word_1_971' title='bbox 1442 2747 1513 2775; x_wconf 77' lang='lat' dir='ltr'><strong>tuus,</strong></span> <span class='ocrx_word' id='word_1_972' title='bbox 1538 2743 1752 2778; x_wconf 79' lang='lat' dir='ltr'><strong>adnotavitque:</strong></span> 
     </span>
    </p>
   </div>
   <div class='ocr_carea' id='block_1_114' title="bbox 117 2782 1754 2833">
    <p class='ocr_par' dir='ltr' id='par_1_114' title="bbox 117 2782 1754 2833">
     <span class='ocr_line' id='line_1_115' title="bbox 117 2782 1754 2833; baseline -0.001 -17"><span class='ocrx_word' id='word_1_973' title='bbox 117 2801 125 2816; x_wconf 78' lang='grc' dir='ltr'>ι</span> <span class='ocrx_word' id='word_1_974' title='bbox 144 2783 302 2821; x_wconf 55' lang='lat' dir='ltr'><strong>3571mm”,</strong></span> <span class='ocrx_word' id='word_1_975' title='bbox 322 2799 370 2826; x_wconf 85' lang='lat' dir='ltr'><strong>pro</strong></span> <span class='ocrx_word' id='word_1_976' title='bbox 389 2782 453 2833; x_wconf 56' lang='lat'>1511</span> <span class='ocrx_word' id='word_1_977' title='bbox 473 2795 544 2823; x_wconf 81' lang='lat' dir='ltr'><strong>tuus,</strong></span> <span class='ocrx_word' id='word_1_978' title='bbox 560 2795 632 2817; x_wconf 85' lang='lat' dir='ltr'><strong>certe</strong></span> <span class='ocrx_word' id='word_1_979' title='bbox 650 2789 803 2824; x_wconf 81' lang='lat' dir='ltr'><strong>legendum.</strong></span> <span class='ocrx_word' id='word_1_980' title='bbox 825 2799 833 2814; x_wconf 77' lang='grc' dir='ltr'>ι</span> <span class='ocrx_word' id='word_1_981' title='bbox 858 2790 951 2823; x_wconf 89' lang='lat' dir='ltr'><strong>llebr.,</strong></span> <span class='ocrx_word' id='word_1_982' title='bbox 974 2791 1072 2817; x_wconf 86' lang='lat' dir='ltr'><strong>oculus</strong></span> <span class='ocrx_word' id='word_1_983' title='bbox 1090 2798 1178 2817; x_wconf 85' lang='lat' dir='ltr'><strong>meus.</strong></span> <span class='ocrx_word' id='word_1_984' title='bbox 1196 2789 1268 2817; x_wconf 73' lang='lat' dir='ltr'><strong>LXX</strong></span> <span class='ocrx_word' id='word_1_985' title='bbox 1290 2789 1376 2818; x_wconf 87' lang='lat' dir='ltr'><strong>nostri</strong></span> <span class='ocrx_word' id='word_1_986' title='bbox 1387 2795 1414 2817; x_wconf 91' lang='lat' dir='ltr'><strong>et</strong></span> <span class='ocrx_word' id='word_1_987' title='bbox 1427 2789 1566 2825; x_wconf 82' lang='lat' dir='ltr'><strong>Tetrapla,</strong></span> <span class='ocrx_word' id='word_1_988' title='bbox 1582 2791 1597 2816; x_wconf 81' lang='grc' dir='ltr'><strong>ὁ</strong></span> <span class='ocrx_word' id='word_1_989' title='bbox 1615 2790 1754 2825; x_wconf 65' lang='grc' dir='ltr'><strong>ὀφθαλμός</strong></span> 
     </span>
    </p>
   </div>
   <div class='ocr_carea' id='block_1_115' title="bbox 116 2835 1753 2872">
    <p class='ocr_par' dir='ltr' id='par_1_115' title="bbox 116 2835 1753 2872">
     <span class='ocr_line' id='line_1_116' title="bbox 116 2835 1753 2872; baseline -0.002 -7"><span class='ocrx_word' id='word_1_990' title='bbox 116 2848 179 2872; x_wconf 70' lang='grc' dir='ltr'><strong>μω.</strong></span> <span class='ocrx_word' id='word_1_991' title='bbox 199 2839 304 2865; x_wconf 80' lang='lat' dir='ltr'><strong>Dn/tcn.</strong></span> <span class='ocrx_word' id='word_1_992' title='bbox 336 2838 374 2872; x_wconf 81' lang='lat' dir='ltr'><strong>(Il)</strong></span> <span class='ocrx_word' id='word_1_993' title='bbox 390 2838 436 2868; x_wconf 80' lang='grc' dir='ltr'><strong>Λ.,</strong></span> <span class='ocrx_word' id='word_1_994' title='bbox 457 2837 541 2864; x_wconf 88' lang='lat' dir='ltr'><strong>venit.</strong></span> <span class='ocrx_word' id='word_1_995' title='bbox 576 2837 605 2869; x_wconf 69' lang='grc' dir='ltr'><strong>(ἢ</strong></span> <span class='ocrx_word' id='word_1_996' title='bbox 623 2835 664 2865; x_wconf 80' lang='grc'><strong>8.,</strong></span> <span class='ocrx_word' id='word_1_997' title='bbox 689 2837 735 2863; x_wconf 84' lang='lat' dir='ltr'><strong>sed</strong></span> <span class='ocrx_word' id='word_1_998' title='bbox 752 2841 778 2863; x_wconf 82' lang='lat' dir='ltr'><strong>ct</strong></span> <span class='ocrx_word' id='word_1_999' title='bbox 806 2837 922 2871; x_wconf 86' lang='lat' dir='ltr'><strong>amplius</strong></span> <span class='ocrx_word' id='word_1_1000' title='bbox 945 2844 994 2864; x_wconf 85' lang='lat' dir='ltr'><strong>ncc</strong></span> <span class='ocrx_word' id='word_1_1001' title='bbox 1019 2837 1046 2864; x_wconf 91' lang='lat' dir='ltr'><strong>in</strong></span> <span class='ocrx_word' id='word_1_1002' title='bbox 1063 2837 1217 2864; x_wconf 78' lang='lat' dir='ltr'><strong>viventibus</strong></span> <span class='ocrx_word' id='word_1_1003' title='bbox 1236 2836 1289 2864; x_wconf 90' lang='lat' dir='ltr'><strong>vita</strong></span> <span class='ocrx_word' id='word_1_1004' title='bbox 1304 2843 1417 2864; x_wconf 65' lang='lat' dir='ltr'><strong>eorum-</strong></span> <span class='ocrx_word' id='word_1_1005' title='bbox 1442 2835 1477 2872; x_wconf 67' lang='lat' dir='ltr'><strong>(lt)</strong></span> <span class='ocrx_word' id='word_1_1006' title='bbox 1494 2836 1535 2870; x_wconf 90' lang='lat' dir='ltr'><strong>S.,</strong></span> <span class='ocrx_word' id='word_1_1007' title='bbox 1553 2837 1713 2863; x_wconf 64' lang='lat' dir='ltr'><strong>clauserunt</strong></span> <span class='ocrx_word' id='word_1_1008' title='bbox 1726 2836 1753 2861; x_wconf 78' lang='lat' dir='ltr'><strong>lii</strong></span> 
     </span>
    </p>
   </div>
   <div class='ocr_carea' id='block_1_116' title="bbox 115 2867 693 2908">
    <p class='ocr_par' dir='ltr' id='par_1_116' title="bbox 115 2867 693 2908">
     <span class='ocr_line' id='line_1_117' title="bbox 115 2867 693 2908; baseline -0.005 -7"><span class='ocrx_word' id='word_1_1009' title='bbox 115 2867 141 2901; x_wconf 74' lang='lat' dir='ltr'><strong>in</strong></span> <span class='ocrx_word' id='word_1_1010' title='bbox 161 2875 241 2905; x_wconf 81' lang='lat' dir='ltr'><strong>tuba,</strong></span> <span class='ocrx_word' id='word_1_1011' title='bbox 265 2867 344 2908; x_wconf 71' lang='lat' dir='ltr'><strong>quod</strong></span> <span class='ocrx_word' id='word_1_1012' title='bbox 360 2867 571 2908; x_wconf 76' lang='lat' dir='ltr'><strong>pra&#39;paraverint</strong></span> <span class='ocrx_word' id='word_1_1013' title='bbox 591 2872 693 2898; x_wconf 79' lang='lat' dir='ltr'><strong>omnia.</strong></span> 
     </span>
    </p>
   </div>
  </div>
