1959 3079
218 155 290 182 ρϋσθ

774 153 889 181 CODEX
910 151 1304 181 SYlilACO-HEXAPLARIS.

1780 149 1853 176 2700

219 213 392 245 conticietur,
406 221 454 241 eos
470 219 573 245 autem,
589 213 635 248 qui
650 213 676 240 in
693 212 769 244 urbe,
784 212 882 244 fames,
893 217 920 238 et
935 218 1010 238 mors
1025 212 1047 239 Α
1065 211 1169 247 inspexi
1186 212 1274 239 oculis
1289 212 1357 240 meis
1375 212 1407 239 ad
1424 211 1592 247 aquilonem,
1612 214 1639 237 et
1654 216 1718 237 ecce
1732 208 1767 236 ab
1775 210 1856 243 aqui-

219 265 374 287 consumet.
395 260 437 287 16.
459 260 490 295 (Ι)
507 260 539 286 Ει
559 259 625 287 salvi
644 259 769 288 evadent.
788 258 837 293 (in)
848 258 895 292 qui
910 265 1009 284 evase—

169 332 179 340 ,
220 307 276 333 rint
290 314 323 333 ex
337 307 387 340 eis,
410 311 437 334 ct
461 312 540 333 erunt
561 313 642 340 super
668 305 817 336 montibus,
830 306 863 339 »ζ
875 304 945 331 sicut
960 311 1008 331 co—

219 353 320 380 lumbae
334 353 497 380 concredita:
511 353 521 386 ξ
541 362 548 380 :
567 361 662 380 omnes
673 352 807 384 occidam,
824 357 1007 384 unumquem-

219 406 274 434 que
291 399 474 433 ininjustitiis
492 399 557 426 suis.
582 398 624 425 17.
649 397 750 425 Omnes
776 405 875 424 manus
902 396 1004 423 dissol~

220 448 329 476 ventur,
347 444 386 478 (η)
399 448 427 471 et
446 445 539 471 omnia
567 444 670 471 femora
694 444 852 479 polluentur
875 445 1007 469 humore:

221 489 263 516 18.
281 495 307 517 et
324 490 465 524 accingent
486 498 516 517 se
533 490 633 520 saccis,
651 494 679 517 et
700 490 805 524 operiet
831 496 877 516 eos
894 493 1007 524 stupor;

219 540 246 562 et
262 544 344 570 super
357 543 466 563 onmem
482 536 580 564 faciem
594 536 681 570 pudor
697 543 779 570 super
800 543 859 568 eos,
881 540 908 562 et
927 542 1009 569 super

218 588 299 607 onme
313 585 395 615 caput
409 581 561 608 calvitium.
578 582 621 609 19.
637 584 787 616 Argentum
801 588 896 608 eorum
911 581 937 607 in
952 580 1010 615 pla-

221 628 271 653 teis
294 627 463 662 projicietur,
490 633 518 655 et
542 636 640 655 aurum
667 635 762 655 eorum
789 629 826 663 (ο)
849 631 1009 655 contemne-

221 677 264 697 tur
280 679 286 697 Ξ
308 673 342 705 x
354 677 496 707 argentum
514 681 620 704 eorum,
636 678 662 700 ΘΙ.
673 681 770 700 aurum
784 680 879 700 eorutn
897 680 951 699 non
964 679 1010 698 va-

219 718 284 745 lebit
299 718 404 753 eripere
418 726 466 746 eos
484 719 509 746 in
520 720 562 747 die
577 720 624 747 ira:
637 719 743 747 Domini
759 721 769 754 ζ
783 728 790 746 :
806 719 903 746 anintze
913 726 1009 746 eorum

219 771 273 790 non
302 765 509 798 saturabuntur,
530 771 557 793 et
589 772 698 793 ventres
726 773 823 793 eorum
845 773 901 792 non
913 765 1009 799 imple-

219 808 339 842 buntur;
362 810 426 843 quia
457 810 594 837 cruciatus
616 810 815 844 injustitiarum
835 817 931 837 eorum
947 809 1007 836 fuit.

217 852 264 878 20.
281 852 372 880 Electa
399 854 493 881 mundi
511 855 549 881 in'
564 855 722 889 superbiatn
749 860 898 890 posuerunt
924 863 965 888 ea,
984 860 1009 882 et

220 899 357 934 imagines
371 900 608 928 abominatimiuin
638 910 750 929 suarum
779 910 823 930 res
846 902 1009 930 oﬂendicula

220 953 269 972 sua
286 945 408 973 fecerunt
425 955 458 974 ex
489 947 529 975 eis
553 957 558 975 :
579 954 691 983 propter
719 949 771 976 hoc
785 949 846 976 dedi
873 956 906 976 ea
929 949 969 975 eis
984 948 1010 975 in

220 992 434 1019 immunditiem.
449 993 493 1020 2f.
511 993 544 1020 Et
572 995 676 1021 tradam
693 1003 725 1022 ea
746 995 773 1022 in
797 1002 895 1022 manus
912 995 1012 1022 alieno-

219 1046 291 1070 rum,
322 1043 351 1065 ut
376 1039 509 1073 diripiant
539 1047 580 1072 ea,
598 1044 625 1067 et
649 1040 858 1075 corruptoribus
886 1045 966 1068 terrae
983 1041 1011 1068 in

219 1084 390 1117 pra:dam,ct
417 1085 540 1119 pollucnt
565 1093 608 1112 ea.
643 1085 687 1112 ‘22.
718 1085 752 1112 Et
771 1090 893 1113 avertam
913 1085 1010 1113 faciem

218 1137 307 1156 meam
325 1130 359 1156 ab
374 1130 422 1163 eis,
442 1130 479 1166 (μ)
492 1135 519 1158 et
535 1131 658 1166 polluent
673 1132 856 1159 visitationem
873 1140 973 1164 meam,
986 1136 1012 1158 et

217 1175 406 1209 ingredieutur
419 1176 445 1202 in
459 1184 490 1203 ea
503 1177 540 1212 (ᾳ)
558 1185 611 1204 non
621 1177 743 1212 provide,
753 1177 1012 1204 etcoutaminabnnt

218 1227 260 1246 ea.
277 1220 322 1247 25.
342 1220 376 1256 (r)
399 1221 431 1248 Et
457 1221 559 1249 facient
587 1222 814 1256 permixtionem;
840 1222 904 1257 quia
939 1227 1012 1249 terra

218 1266 298 1300 plena
313 1266 346 1301 (δ)
361 1267 455 1301 judicii
482 1268 648 1303 sanguinum
659 1289 666 1301 ,
686 1273 714 1295 et
730 1268 796 1295 urbs
814 1268 894 1302 plena
911 1268 1012 1303 iniqui-

219 1312 295 1339 tatis.
314 1312 358 1340 Μ.
376 1314 410 1347 >ε<
423 1313 454 1340 Ει
470 1314 603 1341 adducam
623 1314 710 1342 malos
740 1314 872 1349 gentium,
885 1319 912 1341 et
926 1314 1013 1341 ha‘re-

218 1359 345 1386 (litabunt
365 1360 463 1388 domos
479 1368 576 1388 eorum
601 1361 612 1394 ζ
632 1371 639 1388 ε
662 1365 689 1388 et
711 1365 832 1388 avertam
850 1360 1012 1395 jactautiam

219 1405 252 1440 (ι)
268 1404 437 1434 fortitudinis
452 1414 560 1439 eorum,
580 1412 607 1434 et
619 1407 776 1442 polluentur
792 1406 892 1434 Sancta
904 1415 1011 1434 eurum.

217 1451 264 1478 25.
279 1451 317 1487 (u)
335 1451 460 1487 Expiatio
477 1453 577 1486 veniet,
592 1454 630 1488 (ar)
642 1457 669 1481 et
685 1458 787 1488 quaeret
800 1458 942 1488 pacem,et
957 1461 1012 1480 non

218 1496 281 1523 erit.
297 1497 341 1524 ‘2b.
361 1498 406 1525 Var.
422 1506 505 1533 super
523 1508 562 1526 va:
581 1501 648 1532 erit,
664 1503 691 1527 et
711 1499 825 1527 nuntius
844 1507 927 1534 super
942 1507 1013 1526 Illltl-

221 1543 289 1570 tium
316 1544 377 1577 erit,
404 1549 429 1572 et
456 1550 593 1580 quaeretur
626 1547 695 1574 visio
723 1546 758 1574 de
769 1546 912 1581 propheta,
928 1550 954 1573 et
969 1547 1012 1573 lex

220 1589 319 1623 peribit
330 1598 345 1617 a
362 1591 522 1626 sacerdote,
540 1597 566 1619 et
590 1592 738 1620 consilium
753 1600 768 1619 a
784 1592 951 1620 senioribus.
964 1591 1009 1620 ‘27.

220 1637 254 1670 χ
271 1635 325 1663 Rex
339 1636 442 1672 lugebit
457 1639 467 1672 ζ
480 1659 487 1671 ,
501 1643 527 1665 et
542 1638 669 1673 princeps
681 1639 776 1666 induet
791 1638 829 1675 (y)
844 1639 968 1672 exitium,
985 1645 1013 1667 et

221 1690 320 1710 manus
337 1683 429 1718 populi
457 1690 536 1711 terra:
553 1684 729 1712 remittentur
751 1694 757 1712 :
781 1686 931 1712 secundum
954 1685 1012 1713 vias

221 1736 318 1755 eorum
336 1729 432 1756 faciam
451 1730 502 1762 eis,
521 1730 556 1765 (ι)
569 1735 597 1757 et
612 1731 639 1757 in
657 1731 769 1765 judiciis
783 1739 878 1759 eorum
895 1732 1013 1760 ulciscar

223 1783 281 1807 eos,
294 1782 320 1802 et
331 1777 428 1808 scient,
443 1777 515 1812 quod
528 1785 578 1812 ego
593 1778 736 1805 Dominus.

259 1821 323 1856 Cap.
339 1821 406 1849 Vlll.
417 1837 451 1841 —
463 1823 488 1850 1.
505 1822 538 1850 Et
554 1823 654 1852 factum
670 1830 712 1852 est
725 1825 752 1852 in
770 1833 842 1853 anno
857 1831 934 1853 sexto
945 1835 975 1854 -ξ-
986 1827 1013 1854 in

192 1871 193 1874 ‘
224 1874 318 1894 mense
333 1868 429 1901 quinto
446 1869 455 1902 ζ
471 1877 478 1900 ;
509 1868 605 1903 quinto
632 1870 734 1898 mensis
745 1892 752 1903 ,
775 1879 826 1905 ego
843 1872 970 1899 sedebam
986 1873 1012 1899 in

225 1913 308 1942 domo
321 1923 390 1946 mea,
414 1920 440 1942 et
455 1915 577 1943 seniores
597 1915 674 1944 Juda:
690 1917 821 1945 sedebant
837 1926 929 1945 coram
949 1927 991 1946 me
1006 1929 1012 1946 :

225 1965 252 1986 et
263 1959 333 1988 facta
350 1966 392 1988 est
406 1970 486 1996 super
499 1970 542 1989 me
565 1963 599 1996 >ς<
624 1963 661 1990 ibi
682 1963 692 1997 ζ
719 1971 817 1991 manus
839 1964 943 1992 Adonai
961 1965 1014 1992 Do-

225 2005 301 2038 mini,
314 2006 341 2033 2.
360 2011 386 2033 et
399 2007 464 2038 vidi,
479 2012 506 2034 et
517 2014 581 2034 ecce
593 2007 757 2041 similitudo,
772 2010 805 2042 λθ(
826 2009 903 2043 quasi
918 2009 1015 2044 adspe-

223 2057 284 2079 ctus
301 2051 312 2086 ζ
329 2053 397 2079 viri:
412 2060 426 2079 a
445 2053 537 2080 lumbo
554 2053 613 2087 ejus
629 2057 656 2080 ct
680 2061 766 2088 usque
785 2054 913 2081 deorsum
932 2055 1013 2090 ignis,

221 2101 250 2123 et
269 2105 283 2123 a
301 2097 394 2124 lumbo
410 2098 470 2132 ejus
485 2103 512 2124 et
527 2105 610 2133 supra
621 2106 683 2126 eum
699 2100 733 2133 )9:
751 2100 830 2133 quasi
842 2099 1012 2135 adspectus;

221 2143 303 2170 flatus
320 2143 399 2177 lenis,
415 2145 494 2179 quasi
511 2145 657 2179 adspectus
672 2144 776 2172 electri.
795 2145 822 2172 5.
842 2145 876 2173 Et
893 2147 1015 2174 extendit

223 2187 433 2217 similitudinem
451 2198 563 2224 manus,
583 2196 609 2218 et
624 2192 736 2218 sustulit
763 2199 808 2218 me
831 2197 927 2220 ventus
945 2193 1015 2220 inter

1050 257 1122 295 .lone
1136 258 1168 285 ad
1186 263 1302 292 portam,
1318 265 1377 293 qua
1392 265 1490 286 versus
1510 257 1641 284 orientem
1655 256 1688 289 Bx
1701 255 1738 289 (b)
1759 254 1856 282 altaris

1060 304 1152 339 imago
1166 304 1216 331 zeli
1242 305 1334 339 hujus,
1354 312 1416 332 cum
1436 305 1587 340 ingreditur
1613 302 1685 338 :(c).
1697 303 1725 329 6.
1742 302 1773 329 Et
1785 302 1858 328 dixit

1060 351 1093 378 ad
1106 359 1149 378 me
1166 362 1172 378 :
1190 351 1241 379 Fili
1258 352 1386 385 hominis,
1405 351 1536 385 Xvidisti
1558 351 1569 385 ζ
1584 370 1590 382 ,
1606 350 1670 385 quid
1689 349 1717 376 hi
1730 347 1858 376 faciunt?

1060 397 1216 432 iniquitates
1234 406 1359 434 magnas,
1374 407 1442 433 quas
1459 398 1558 425 domus
1580 397 1692 425 lsraelis
1712 397 1723 430 ζ
1749 395 1858 422 faciunt

1060 443 1115 475 hic,
1128 449 1158 470 ut
1174 452 1204 471 se
1219 444 1346 479 elongent
1360 452 1375 471 a
1391 444 1500 472 Sanctis
1513 444 1592 475 meis,
1605 448 1631 470 et
1643 443 1733 469 adhuc
1749 441 1862 479 videbis
1879 446 1890 449 “

1060 489 1221 524 iniquitates
1237 474 1368 525 majores.
1388 490 1413 517 7.
1430 491 1463 517 Et
1485 489 1635 517 introduxit
1650 496 1694 516 me
1714 488 1750 515 ad
1771 474 1863 523 vcstii

1061 535 1154 562 bulum
1171 536 1244 569 atrii,
1260 537 1294 570 >ε<
1316 536 1420 566 etvidi,
1441 540 1469 563 et
1484 543 1548 563 ecce
1573 534 1695 562 foramen
1722 542 1810 561 unum
1829 534 1854 562 it

1060 580 1164 615 pariete
1179 581 1202 614 ξ.
1238 580 1264 607 8.
1292 581 1325 607 Et
1342 581 1413 608 dixit
1430 581 1463 607 ad
1492 588 1536 608 me
1550 590 1556 608 :
1581 579 1631 607 Fili
1645 580 1778 611 hominis,
1794 578 1841 606 fod

1062 627 1096 659 >κ
1113 626 1230 653 nuncin
1249 626 1396 661 parietej:
1423 631 1450 654 et
1476 626 1531 654 fodi
1544 627 1571 653 in
1600 626 1716 661 pariete,
1746 630 1774 652 et
1793 631 1859 651 ecce

1061 672 1163 698 ostium
1192 680 1285 698 unum.
1323 673 1349 699 9.
1376 672 1409 698 Et
1423 671 1492 698 dixit
1511 671 1545 698 ad
1562 679 1627 698 me:
1647 670 1806 705 Ingredere,
1831 673 1861 696 et

1061 718 1122 745 vide
1137 718 1295 753 iniquitates
1309 720 1344 753 )t(
1355 719 1440 745 malas
1455 719 1466 752 ζ
1481 738 1489 751 ,
1505 726 1574 753 quas
1590 717 1732 744 hifaciunt
1746 716 1793 742 hic
1811 716 1860 742 ho-

1061 765 1115 792 die.
1137 764 1180 791 10.
1196 764 1228 791 Et
1241 765 1383 799 ingressus
1398 772 1469 796 sum,
1486 769 1513 792 et
1523 764 1589 796 vidi,
1606 767 1631 790 et
1642 770 1707 790 ecce
1722 761 1860 795 Xontnis

1062 811 1214 838 similitudo
1240 806 1346 846 re'ptilis
1371 816 1397 838 et
1421 811 1538 846 jumenti
1572 810 1604 844 ζ,
1633 808 1861 836 abominationes

1062 865 1147 890 vanze,
1162 864 1189 884 et
1202 857 1294 884 omnia
1306 858 1376 885 idola
1388 858 1486 884 dutnus
1503 857 1613 884 lsraelis
1625 855 1765 889 descripta
1776 861 1862 887 super

1064 903 1166 937 pariete
1181 902 1407 938 circumquaque.
1431 903 1476 930 11.
1504 902 1539 929 Et
1562 901 1733 936 septuaginta
1752 899 1807 926 viri
1829 899 1862 925 de

1063 949 1219 976 senioribus
1234 949 1334 976 domus
1352 949 1473 981 lsraelis,
1490 950 1523 983 >><
1544 954 1571 975 et
1587 947 1697 975 chonia
1719 947 1797 973 tilius
1812 945 1862 971 Sa-

1062 996 1135 1030 phan
1151 995 1241 1023 stabat
1259 996 1271 1029 ζ
1289 995 1316 1022 in
1329 995 1418 1022 medio
1432 1003 1538 1027 eorum,
1562 1000 1589 1021 et
1610 994 1720 1021 stabant
1738 993 1780 1028 (ά)
1799 997 1863 1019 ante

1063 1041 1161 1068 facient
1180 1049 1276 1068 eorum
1295 1050 1300 1067 :
1324 1046 1351 1068 et
1368 1041 1557 1076 unusquisque
1573 1040 1746 1067 thurihulum
1776 1047 1860 1066 suum

1062 1093 1121 1115 erat
1140 1087 1162 1114 ei
1178 1087 1204 1114 in
1222 1095 1315 1119 manu,
1340 1093 1367 1115 et
1380 1095 1462 1122 vapor
1488 1089 1522 1121 ἒξ(
1545 1087 1648 1114 nebula:
1667 1086 1678 1120 ζ
1708 1084 1862 1113 sutlimenti

1062 1133 1290 1160 ascendebatJ'l.
1307 1133 1339 1160 Et
1358 1133 1427 1160 dixit
1444 1133 1478 1160 ad
1493 1142 1536 1160 tne
1554 1142 1560 1159 :
1582 1132 1691 1164 Vidisti,
1709 1131 1746 1158 fili
1769 1130 1862 1157 homi-

1063 1179 1117 1213 nis,
1130 1187 1191 1214 quaa
1205 1180 1327 1208 seniores
1343 1180 1443 1207 domus
1459 1179 1569 1207 lsraelis
1587 1178 1691 1206 faciunt
1703 1185 1731 1206 -ε-
1743 1178 1791 1205 hic
1804 1179 1816 1211 ζ
1830 1179 1862 1210 >εί

1063 1225 1091 1251 in
1106 1225 1226 1252 tenebris
1241 1226 1252 1260 ζ
1270 1226 1459 1260 unusquisque
1474 1233 1569 1253 eorum
1598 1226 1624 1251 in
1636 1224 1767 1251 cubiculo
1797 1224 1862 1250 abs-

1062 1271 1174 1299 condito
1203 1279 1269 1305 suo;
1297 1273 1361 1306 quia
1382 1272 1510 1299 dixerunt
1531 1280 1537 1297 :
1556 1271 1617 1299 Non
1636 1270 1708 1297 \idet
1729 1270 1766 1303 ἃ(
1782 1269 1861 1303 nos:

1064 1317 1207 1351 Dominus,
1225 1318 1370 1353 dereliquit
1386 1318 1517 1346 Dominus
1540 1323 1651 1345 terram.
1678 1318 1720 1345 15.
1740 1316 1775 1343 Et
1794 1316 1864 1343 dixit

1064 1364 1097 1390 ad
1114 1371 1177 1391 me:
1195 1364 1291 1392 Adhuc
1304 1365 1337 1398 Ξ(
1354 1372 1504 1392 conversus
1529 1365 1540 1398 ζ
1567 1364 1670 1391 videbis
1695 1363 1863 1397 iniquitates

1064 1409 1195 1444 majores.
1210 1418 1279 1444 quas
1296 1411 1347 1438 isti»
1362 1410 1475 1438 faciunt.
1490 1411 1533 1437 1-1.
1549 1410 1581 1437 Et
1595 1409 1747 1436 introduxit
1770 1416 1815 1434 me
1829 1407 1863 1435 ad

1063 1457 1230 1484 vestibulum
1251 1457 1285 1493 (e)
1307 1463 1394 1492 porta:
1407 1457 1506 1484 domus
1532 1456 1727 1490 Domini,qna-.
1746 1454 1864 1489 respicit

1065 1503 1098 1530 ad
1111 1504 1266 1538 aquilonem
1285 1514 1291 1531 :
1305 1509 1333 1531 et
1349 1511 1412 1531 ecce
1429 1504 1465 1530 ibi
1482 1503 1608 1530 mulieres
1622 1503 1762 1533 sedentes,
1785 1501 1862 1535 plan-

1065 1556 1159 1584 gentes
1175 1550 1338 1578 Thammuz.
1357 1550 1402 1578 15.
1422 1550 1455 1577 Et
1480 1550 1550 1577 dixit
1562 1550 1595 1577 ad
1614 1557 1676 1576 me:
1694 1548 1809 1579 Vidisti,
1827 1547 1862 1574 ﬁli

1066 1596 1195 1630 hominis,
1213 1602 1239 1624 et
1262 1597 1353 1624 adhuc
1375 1598 1409 1631 Ξ(
1425 1604 1488 1624 cum
1518 1595 1688 1623 converteris
1707 1595 1741 1628 ζ,
1756 1593 1863 1621 videbis

1066 1641 1273 1669 adinveutiones
1288 1642 1406 1676 majores
1422 1642 1476 1669 his.
1495 1641 1538 1668 16.
1556 1641 1587 1670 Et
1604 1641 1758 1668 introduxit
1778 1647 1823 1666 me
1836 1639 1863 1665 in

1066 1689 1168 1716 atrium
1184 1689 1299 1716 interius
1315 1689 1413 1715 domus
1428 1687 1535 1715 Domini
1553 1697 1560 1715 :
1577 1692 1604 1714 et
1621 1695 1704 1722 super
1715 1685 1863 1714 vestibulis

1067 1735 1159 1769 templi
1176 1734 1282 1761 Domini
1298 1734 1331 1769 (Ι)
1346 1734 1417 1761 inter
1434 1733 1524 1760 Ailam
1537 1739 1564 1760 et
1577 1733 1647 1760 inter
1663 1733 1762 1765 altare,
1784 1732 1862 1767 quasi

1067 1780 1162 1814 viginti
1172 1781 1206 1814 y,
1218 1785 1246 1807 et
1255 1780 1376 1814 quinque
1385 1780 1395 1814 ζ
1405 1779 1467 1810 viri,
1483 1780 1634 1814 p0steriora
1649 1786 1746 1806 eorum
1755 1779 1791 1805 ad
1801 1783 1864 1805 tem-

1067 1828 1140 1862 plum
1157 1827 1308 1860 Domini,ct
1323 1827 1407 1854 facies
1416 1834 1511 1854 eorum
1528 1826 1565 1862 (g)
1582 1831 1679 1853 contra
1697 1835 1704 1852 :
1718 1831 1745 1852 et
1759 1826 1788 1852 hi
1800 1826 1863 1852 ado-

1067 1877 1169 1908 rantx
1184 1882 1280 1902 versus
1293 1874 1426 1901 orientem
1439 1873 1450 1907 ζ
1464 1873 1559 1901 solem.
1577 1873 1619 1900 17.
1630 1872 1663 1899 Et
1673 1872 1745 1899 dixit
1759 1872 1795 1899 ad
1805 1879 1861 1899 me:

1069 1921 1176 1954 Vidisti,
1190 1921 1351 1949 lilihominis
1363 1929 1370 1948 :
1383 1920 1515 1955 numquid
1527 1927 1609 1954 parva
1622 1918 1717 1946 domui
1732 1918 1771 1953 (Ιι)
1788 1916 1862 1944 ιυᾰεε

1070 1967 1144 1999 huic,
1167 1970 1197 1993 ut
1221 1964 1342 1992 facerent
1369 1963 1540 1998 iniquitates,
1567 1970 1636 1998 quas
1655 1961 1782 1989 fecerunt
1805 1959 1863 1987 hic!

1068 2013 1132 2048 quia
1147 2012 1319 2046 repleverunt
1330 2016 1432 2038 terram
1446 2010 1648 2045 iniquitatibus,
1657 2010 1690 2043 >ς<
1702 2013 1729 2036 ct
1738 2007 1862 2036 conversi

1069 2065 1132 2087 sunt
1150 2059 1161 2092 ζ
1179 2059 1211 2085 ad
1227 2058 1390 2085 irritandqu
1407 2065 1450 2084 me
1464 2067 1469 2084 :
1489 2057 1520 2092 (ἱ)
1537 2061 1564 2084 et
1577 2063 1640 2084 ecce
1654 2056 1706 2090 ipsi
1720 2057 1756 2088 Χ
1769 2059 1863 2082 exten-

1068 2105 1295 2140 duntpalmitem:
1305 2104 1384 2139 quasi
1396 2103 1757 2137 subsannantes.18.Etego
1766 2101 1862 2129 faciam

1069 2153 1110 2179 eis
1125 2160 1187 2179 cum
1208 2151 1322 2179 furore:
1350 2159 1405 2179 non
1426 2155 1520 2187 parcet
1543 2151 1640 2178 oculus
1669 2157 1759 2182 meus,
1777 2157 1863 2184 neque

1069 2199 1240 2225 miserebor:
1257 2199 1290 2232 >ε<
1312 2202 1339 2225 et
1360 2199 1498 2226 vocabunt
1525 2198 1552 2225 in
1575 2197 1691 2224 auribus
1715 2203 1786 2223 meis
1800 2202 1863 2222 voce

224 2241 325 2263 terram
339 2242 366 2264 ct
379 2237 449 2264 inter
465 2237 576 2269 malum,
592 2242 619 2264 et
635 2238 749 2265 adduxit
760 2246 803 2266 me
817 2239 843 2266 iu
861 2239 1014 2268 Jerusalem
1032 2251 1053 2278 ι)
1068 2253 1178 2280 magna.
1194 2249 1221 2272 et
1240 2252 1294 2272 non
1312 2245 1455 2272 exaudiam
1471 2252 1517 2272 eos
1533 2244 1557 2278 ζ.

223 2283 250 2308 in
266 2282 371 2310 visione
400 2282 446 2311 Dei
475 2289 538 2312 ante
566 2285 730 2313 vestibulum
762 2292 847 2321 portat
864 2287 1015 2321 interioris,

222 2328 392 2363 respicientis
405 2330 438 2357 ad
450 2330 656 2366 aquilonem,(a)
669 2331 714 2359 ubi
728 2337 786 2360 erat
797 2332 886 2361 statua
901 2335 936 2368 Ξ(
947 2334 1017 2361 ima-

221 2375 294 2410 ginis
310 2376 381 2411 zeli:
400 2377 576 2411 possidentis.
594 2378 621 2404 1.
637 2378 672 2405 Et
689 2386 754 2406 ecce
779 2380 815 2406 ibi
848 2384 906 2407 erat
930 2380 1016 2416 gloria

221 2420 332 2448 Domini
355 2421 402 2450 Dei
435 2423 555 2456 lsraelis,
589 2425 741 2452 secundum
768 2426 914 2460 visionem,
932 2436 1015 2462 quam

221 2468 275 2494 vidi
293 2468 319 2494 in
336 2476 444 2504 campo.
459 2470 486 2497 5.
504 2470 537 2497 Et
559 2469 629 2498 dixit
649 2471 683 2498 ad
711 2479 755 2500 me
774 2482 779 2499 :
804 2472 854 2500 Fili
883 2474 1015 2507 hominis,

221 2514 296 2546 aperi
313 2513 416 2549 inspice
428 2516 515 2544 oculis
530 2517 585 2545 tuis
603 2518 637 2545 ad
663 2519 821 2553 aquilonem
842 2529 849 2547 :
869 2525 896 2547 et
919 2523 1014 2556 aperui

1106 2289 1228 2325 Cap.|X.
1243 2305 1279 2310 —-—
1294 2290 1319 2316 1.
1338 2290 1371 2317 Et
1392 2290 1521 2318 clamavit
1546 2289 1573 2316 in
1594 2296 1675 2316 aures
1694 2295 1771 2315 meas
1798 2294 1862 2314 voce

1070 2345 1169 2372 magna
1185 2337 1278 2364 dicens
1302 2346 1307 2363 :
1325 2337 1361 2372 (k)
1381 2335 1618 2372 Appropinquavit
1633 2335 1700 2362 ultio
1714 2335 1793 2362 urbis
1814 2343 1820 2360 :
1836 2339 1862 2360 et

1070 2383 1261 2418 unusquisqtie
1275 2388 1354 2410 erant
1368 2383 1393 2410 ei
1409 2390 1473 2410 vasa
1485 2382 1629 2410 deletionis
1649 2382 1675 2408 in
1697 2389 1782 2407 manu
1803 2387 1859 2406 sua.

1068 2430 1095 2458 2.
1107 2431 1140 2457 Et
1154 2436 1216 2456 ecce
1229 2437 1276 2456 sex
1293 2429 1343 2455 viri
1361 2429 1504 2456 veniebant
1519 2436 1552 2455 ex
1569 2428 1613 2455 via
1627 2432 1713 2462 portae
1736 2427 1860 2458 excelsae,

1070 2485 1131 2512 qua:
1148 2476 1260 2510 respicit
1272 2475 1305 2502 ad
1320 2475 1490 2509 aquilonem,
1506 2479 1532 2502 et
1548 2473 1770 2508 uniuscujusque
1786 2480 1860 2500 secu-

1070 2524 1109 2550 ris
1127 2523 1153 2550 in
1172 2530 1254 2549 manu
1281 2529 1331 2548 sna
1349 2526 1395 2549 :et
1413 2522 1453 2548 vir
1468 2529 1540 2548 unus
1558 2521 1586 2547 in
1600 2520 1689 2547 medio
1701 2527 1811 2550 eorum,
1837 2519 1858 2544 vt

259 2596 291 2639 μ)
312 2596 449 2637 8.,-οιῳιὶ
465 2597 589 2660 fugerint.
605 2606 638 2626 ex
654 2599 704 2627 eis.
720 2600 768 2636 (ηε)
788 2600 831 2634 S.,
852 2601 988 2633 homines,
1018 2602 1064 2637 qui
1091 2601 1210 2637 fugerint
1236 2608 1268 2628 ex
1292 2596 1342 2628 eis.
1383 2600 1421 2635 (ιι)
1452 2599 1533 2631 S.,e.t
1556 2599 1648 2626 omnia
1675 2606 1765 2633 genua
1780 2597 1855 2625 finem

259 2639 336 2659 iraece
358 2641 384 2659 In
400 2634 459 2660 cod.
514 2654 521 2660 .
545 2635 636 2660 ὸευσει
654 2634 747 2660 ὕδατα.
768 2635 883 2660 θυαμ]
896 2644 984 2660 anum.
1001 2638 1037 2660 (nl
1054 2637 1095 2660 ς..
1114 2644 1186 2660 unus
1203 2636 1286 2660 siclns
1309 2637 1371 2660 erit.
1387 2637 1425 2660 ml
1442 2634 1483 2660 S..
1500 2635 1546 2660 uiti
1566 2635 1714 2660 profanant
1730 2640 1855 2660 arcanum

231 2631 336 2666 [Graece
358 2633 384 2659 in
400 2631 459 2660 cod.

221 2713 366 2749 paxillum.
407 2715 442 2749 (δ)
459 2715 498 2742 Ex

544 2634 636 2668 ρεύσει
654 2634 984 2672 ὕδατα.’1)1ιΑειι.]³‹]υω.
1001 2638 1009 2669 (

1065 2637 1096 2669 ἱ,
1114 2634 1186 2664 tinus
1203 2636 1286 2663 siclus
1309 2637 1371 2663 erit.
1387 2634 1425 2670 (ῃ)
1442 2634 1483 2668 S.,
1500 2635 1546 2670 qui
1566 2635 1714 2670 profanant
1730 2640 1857 2661 arcanum

223 2670 389 2719 (amttituan
405 2688 533 2719 umquam
556 2690 610 2719 pro,
624 2674 782 2719 animoid)
798 2670 940 2718 legendum
956 2670 1033 2719 putei
1049 2691 1150 2719 meum.
1189 2683 1226 2718 (q)
1243 2682 1284 2714 S.,
1308 2682 1372 2709 dum
1398 2682 1584 2719 irruperunt.“
1605 2681 1641 2715 (r)
1665 2681 1708 2711 S.,

541 2717 638 2753 epulis.
671 2719 704 2753 (ι)
722 2718 763 2748 S..
782 2717 1039 2746 inverecundornm.

1759 2688 1828 2706 περι-ιι

1072 2691 1150 2710 zeum.
1189 2683 1226 2718 (q)
1243 2682 1284 2714 S.,
1308 2682 1372 2709 dum
1398 2682 1565 2716 irruperunt.
1605 2681 1641 2715 (r)
1665 2681 1708 2711 S.,
1741 2680 1858 2706 fecerunt

1072 2720 1111 2752 (tt)
1130 2718 1172 2749 8..
1188 2726 1248 2745 cum
1269 2725 1371 2745 mteror
1383 2718 1466 2744 venit.
1502 2719 1540 2749 (τε)
1565 2716 1597 2742 Et
1631 2723 1740 2752 qmeres
1757 2722 1856 2752 pacem.

222 2748 262 2788 (υ)
278 2748 325 2788 §.,
343 2757 499 2788 μιαποιέιη.
516 2748 609 2786 (2)'S.,
627 2757 653 2779 et
671 2748 701 2780 in,
713 2753 823 2788 jndiciis
837 2762 931 2781 eorum
944 2748 1147 2788 judicabo'cios.
1172 2754 1211 2788 (rt)
1227 2753 1268 2784 S.,
1284 2762 1327 2785 eo,
1341 2760 1396 2787 quo
1410 2752 1480 2779 fixus
1496 2756 1554 2778 erat
1569 2748 1647 2786 typus
1669 2748 1855 2788 zeliuzelotypi.

222 2786 260 2823 (ιζ)
274 2783 315 2816 Sc.
326 2784 360 2810 ab
375 2793 406 2824 ea
417 2793 480 2824 qua;
492 2783 587 2813 versus
601 2787 696 2824 altare,
713 2783 796 2824 'typus
812 2789 872 2821 zeli,
890 2790 934 2816 hic
944 2783 978 2816 'in
994 2789 1116 2816 introitu.
1134 2790 1169 2822 (ε)
1191 2783 1266 2822 Ejus,
1282 2783 1356 2822 quin.
1367 2788 1477 2824 respicit
1491 2788 1516 2814 in
1529 2783 1672 2824 orientem.
1692 2786 1784 2824 >(_d)_S.,
1799 2783 1857 2824 aute

222 2820 356 2859 picturas.
376 2820 410 2854 (ε)
424 2820 500 2852 S..in
512 2823 704 2859 porta‘domus
722 2820 839 2851 Domini.
855 2820 888 2859 (ξ)
902 2824 944 2856 S.,
962 2826 1031 2851 inter
1044 2820 1250 2850 vestibulum—et
1263 2820 1359 2850 altare.
1375 2820 1464 2857 (Ἤδη
1480 2824 1512 2859 ad
1526 2823 1669 2859 orientem.
1687 2821 1725 2855 (II)
1741 2820 1855 2859 lsraelis.

223 2854 255 2894 (ί.)
268 2853 357 2896 §-,_Ct
379 2860 454 2886 sunt.
468 2853 559 2896 _qtiasi
575 2857 741 2896 dimittentes
756 2853 943 2887 sonunr'sicut
957 2865 1066 2896 cantum
1081 2859 1110 2896 in
1131 2859 1246 2896 naribus
1269 2853 1462 2896 eorutn.‘_m(k)7
1477 2858 1519 2891 S.,
1547 2853 1800 2893 appropinquarunt
1824 2855 1855 2882 ad

224 2891 407 2918 visitationem
433 2891 519 2924 urbis,
537 2896 563 2918 ct
586 2893 774 2929 unusquisque
788 2902 834 2922 vas
850 2895 1032 2930 corruptionis
1048 2895 1109 2926 erit,
1125 2899 1165 2921 Csl
1183 2894 1244 2921 ι;1ἱη
1265 2902 1345 2921 manu
1362 2894 1430 2929 ejus.
