1959 3079
81 164 149 191 ⁸3701

733 165 935 196 llEZEClELIS
955 167 1070 197 CAPUT
1090 170 1136 198 XI.

1652 172 1724 199 2702

83 222 198 249 indutus
213 222 245 257 (Ι)
273 215 387 257 pudere,
408 228 434 249 ct
464 230 531 250 zona
547 224 651 259 saphiri
683 233 764 260 super
787 225 879 252 lumbo
895 225 916 253 Α
933 226 975 253 nis
993 227 1087 254 subter
1102 227 1160 255 alas
1174 235 1282 255 eorum.
1299 229 1326 255 9.
1346 229 1376 255 Et
1395 228 1459 258 vidi.
1483 232 1509 254 ct
1524 235 1586 254 ecce
1605 231 1724 261 quatuor

83 268 143 301 ejus
161 276 168 294 :
184 273 211 295 et
233 269 354 303 ingressi
372 277 447 301 sunt,
465 275 492 296 et
512 273 645 297 steterunt
659 270 736 304 juxta
749 279 779 298 οξ-
795 272 881 298 altare

86 315 97 348 ε
117 315 190 342 atris.
208 316 237 343 5.
254 315 288 342 Et
305 316 392 350 gloria
413 316 459 343 Dei
484 316 592 344 lsraelis
611 317 751 346 descendit
766 319 800 346 de
815 319 881 345 Che-

86 362 188 394 ruhim,
206 369 268 395 qua:
283 367 341 389 erat
354 370 435 396 super
447 363 496 394 eis,
516 363 542 389 in
560 363 640 390 limen
655 364 752 391 dotuus
772 369 817 391 :ct
835 372 882 391 vo-

85 407 157 432 ravit
177 407 265 433 virum
282 407 408 434 iudulum
429 409 540 442 pedere,
558 410 601 436 cui
622 415 680 436 erat
695 418 777 445 super
789 411 882 438 lumbo

86 453 147 486 ejus
160 461 241 480 zona.
255 454 282 480 4.
302 453 335 480 Ει
351 454 422 481 dixit
437 455 570 483 Dominus
586 457 618 483 ad
635 464 696 483 eum
712 466 718 484 :
734 456 832 483 Transi
849 458 880 490 )af

88 507 135 533 per
150 500 268 526 mediam
287 501 381 527 urbem
405 501 522 528 mediam
544 503 555 537 ζ
579 501 743 535 Jerusalem,
760 508 786 529 et
800 504 833 530 da
845 504 883 530 si—

88 554 172 579 gnum
189 554 271 579 snper
287 546 393 573 frontes
407 547 527 574 virorum
544 548 721 582 gementium,
738 553 765 575 et
778 548 883 575 lamen-

88 592 207 619 tantium
223 600 307 627 super
323 593 450 620 omnibus
467 594 668 627 iniquitatibus,
691 602 751 629 quae
773 595 840 621 fiunt
855 595 882 622 in

89 639 181 664 medio
195 638 242 672 (ιη)
264 646 374 665 eorum.
394 639 419 665 5.
446 640 479 666 lit
496 640 550 666 illis
572 641 648 673 dixit,
666 641 793 668 audiente
818 649 881 668 tne:

88 684 127 711 Ite
154 685 181 711 in
199 685 294 711 urbem
312 690 373 719 post
398 693 470 718 eum,
499 691 526 713 et
554 687 698 720 percutite,
716 695 749 714 ne
767 688 884 721 parcatis

89 731 179 757 oculis
205 731 314 762 vestris,
340 739 390 758 nec
405 732 592 759 misereantini
614 732 639 759 6.
659 733 788 765 senioris,
804 733 884 760 etin-

89 777 186 808 fantis,
199 782 227 804 et
240 777 353 812 virginis
370 787 376 804 :
391 782 418 804 et
432 778 569 812 parvulos,
587 783 614 805 et
628 779 757 806 mulieres
769 779 884 806 occidite

89 825 117 850 in
139 823 373 856 internecionem;
391 825 521 851 omnibus
541 832 617 857 vero,
633 833 712 860 super
728 826 828 861 quibus
844 830 885 853 est

87 869 212 903 signum,
232 877 264 896 ne
281 870 517 904 appropinquctis,
533 875 560 898 et
575 879 589 898 a
611 871 715 898 sanctis
731 872 798 898 meis
816 872 880 898 inci-

88 915 146 949 pite
163 922 172 942 :
202 920 229 942 et
245 915 408 950 inceperunt
424 925 438 943 a
458 917 524 943 viris
551 918 584 951 Ἃ(
612 918 766 945 senioribus
783 919 806 952 ξ,
837 919 881 953 qui
901 906 921 936 Β

88 965 172 988 erant
188 961 262 988 intus
281 963 307 988 in
325 963 417 989 domo.
436 963 462 989 7.
480 962 513 988 Et
530 963 599 989 dixit
611 963 644 990 ad
662 971 710 990 eos
723 973 729 990 :
744 963 883 991 Contami-

90 1012 155 1034 nate
174 1007 296 1040 domum,
313 1012 340 1035 et
359 1009 468 1043 implete
483 1010 540 1036 vias
558 1009 674 1036 mortuis
687 1015 829 1043 exeuntes,
857 1015 884 1037 et

89 1053 188 1081 czeditc
201 1055 234 1088 >θ<
263 1059 290 1081 et
312 1056 441 1089 pcreutite
457 1056 550 1083 urbem
577 1056 600 1090 ζ.
615 1057 642 1083 8.
664 1056 697 1082 Et
714 1056 815 1083 factum
831 1062 882 1089 est,

89 1101 157 1127 dum
175 1106 365 1134 percuterent,
384 1103 417 1136 Χ
444 1103 555 1129 relictus
571 1111 631 1130 sum
653 1112 703 1139 ego
720 1105 743 1138 ζ,
768 1110 795 1131 et
817 1104 885 1131 cado

90 1154 178 1181 super
193 1146 292 1174 faciem
319 1155 419 1180 meam,
435 1152 461 1175 et
481 1149 607 1181 clamavi,
624 1153 650 1176 et
664 1150 737 1176 dixi:
751 1149 796 1176 Vae
806 1149 883 1177 mihi.

90 1194 199 1220 Adonai
216 1193 340 1226 Domine,
355 1193 477 1221 delevisti
491 1199 518 1221 tu
533 1195 658 1222 residuos
674 1195 790 1225 lst'aelis,
802 1195 886 1222 effun-

90 1240 161 1267 detts
188 1239 307 1267 furorem
325 1244 398 1266 tuum
418 1249 500 1274 super
526 1239 698 1267 Jerusalem?
721 1241 747 1269 9.
765 1240 798 1268 Et
817 1241 886 1268 dixit

90 1287 124 1314 ad
142 1294 186 1314 me
206 1295 212 1313 :
231 1286 364 1320 lnjustitia
379 1287 476 1313 domus
493 1285 600 1314 lsraelis
617 1291 643 1313 et
664 1285 741 1314 Judae
763 1287 886 1321 magnifi-

92 1339 155 1360 cata
171 1339 214 1360 est
229 1333 306 1359 νηιὼι
319 1332 410 1365 valde;
428 1333 492 1366 quia
506 1332 608 1367 repleta
627 1337 669 1360 est
681 1337 754 1359 terra
767 1333 884 1367 populis,

90 1385 118 1407 et
137 1380 203 1408 urbs
228 1381 329 1414 repleta
354 1383 395 1407 est
421 1379 556 1414 injustitia
582 1384 610 1406 et
625 1379 886 1414 immunditia,quia

91 1427 222 1453 dixerunt
237 1434 244 1451 :
263 1425 414 1460 Dereliquil
429 1425 562 1453 Dominus
576 1430 687 1457 terram,
705 1433 754 1453 ttec
778 1427 888 1461 inspicit

92 1473 226 1506 Dominus
243 1483 249 1499 :
264 1473 307 1500 '10.
325 1480 355 1499 -ε-
371 1477 397 1500 et
413 1480 462 1507 ego
471 1480 531 1500 sum
545 1480 664 1507 superne
678 1473 702 1507 ζ,
716 1481 771 1500 non
796 1478 888 1505 parcet

91 1519 192 1545 oculus
211 1526 296 1549 incus,
315 1525 404 1551 neque
418 1517 572 1545 miserebor
589 1526 596 1544 :
614 1517 672 1544 vias
689 1525 784 1544 eorum
800 1517 827 1544 iu
842 1525 887 1544 ca-

91 1564 148 1598 pita
163 1571 259 1590 eorutn
283 1562 354 1589 dedi.
374 1562 416 1588 11.
433 1561 466 1589 Et
481 1569 545 1589 ecce
567 1562 608 1588 vir
624 1563 670 1597 qui
697 1562 810 1589 indutus
830 1567 889 1590 erat

93 1611 136 1646 (n)
151 1610 262 1644 pudere,
275 1615 303 1636 et
315 1609 455 1637 accinctus
470 1609 594 1636 lumbum
613 1617 692 1636 suum
707 1616 786 1641 zona,
802 1614 829 1636 et
843 1617 888 1637 re-

92 1656 208 1690 spondit
222 1657 256 1690 31(
272 1655 384 1683 verbum
394 1655 419 1689 ζ,
436 1654 532 1683 dicens
546 1664 552 1682 :
568 1655 642 1687 Feci,
655 1655 724 1683 sicut
736 1655 887 1690 praecepisti

93 1701 174 1729 mihi.

129 1749 197 1782 (Tap.
216 1747 250 1775 X.
263 1763 296 1769 -—
308 1748 333 1774 1.
343 1747 390 1777 λιι
403 1747 468 1779 vidi,
484 1752 509 1774 ct
533 1755 595 1776 ecce
609 1755 691 1783 super
705 1748 886 1780 ﬁrll’13'ttetti0,

93 1794 168 1829 quod
186 1801 269 1828 supra
282 1798 365 1828 caput
377 1793 535 1826 Glterubim,
548 1795 627 1828 quasi
644 1794 711 1828 lapis
729 1795 842 1829 saphiri,
855 1797 888 1830 >ξ<

95 1840 175 1875 quasi
188 1840 258 1867 visio
271 1840 282 1874 ξ
308 1840 459 1867 similitudo
473 1840 564 1867 throni
582 1842 615 1874 >ε<
630 1841 757 1875 apparuit
771 1842 782 1875 ζ
806 1849 889 1876 super

94 1888 146 1914 eis.
163 1886 230 1913 2.Et
244 1886 314 1913 dixit
328 1886 362 1912 ad
374 1886 461 1913 virttm
475 1887 600 1913 indulunt
613 1887 680 1914 stula
698 1888 742 1921 Χ,
753 1892 780 1914 et
796 1887 834 1914 ait
851 1887 862 1920 ζ
881 1897 886 1914 :

96 1933 240 1968 Ingredere
255 1933 282 1960 in
294 1933 413 1960 medium
430 1937 563 1965 rotarum,
580 1937 608 1960 et
621 1933 716 1960 subtus
729 1933 887 1970 Chcrubim,

96 1984 122 2006 et
133 1978 216 2014 imple
245 1987 352 2014 pugnos
380 1983 441 2006 tuos
467 1978 727 2013 carbonibusignis
745 1980 778 2006 de
800 1980 889 2006 medio

95 2025 257 2058 Cherubim,
275 2030 302 2052 et
323 2026 449 2061 disperge
464 2033 547 2060 super
563 2026 656 2053 urbem
676 2035 682 2052 :
701 2031 726 2053 et
750 2026 890 2060 ingressus

96 2077 137 2100 est
151 2079 244 2099 coram
265 2079 317 2104 me,
343 2072 369 2099 5.
395 2077 422 2098 et
444 2071 592 2099 Cherubin)
618 2072 725 2098 stabant
742 2079 757 2098 a
779 2073 889 2099 dextera

96 2121 206 2153 domus,
236 2126 304 2147 cunt’
325 2120 513 2154 ingrederetur
535 2120 599 2146 vir:
623 2124 650 2146 et
665 2119 752 2146 nubes
768 2119 891 2153 implevit

96 2166 196 2193 atrium
212 2165 340 2193 interius.
356 2165 382 2192 4.
399 2165 431 2192 Et
451 2165 557 2192 elevata
570 2169 612 2192 est
631 2165 716 2200 gloria
736 2165 843 2192 Domini
858 2166 891 2192 de

95 2210 246 2238 Cherubim
261 2211 288 2237 in
301 2211 385 2237 limen
408 2211 514 2243 domus,
534 2215 562 2237 et
575 2211 696 2245 implevit
713 2211 824 2238 domum
839 2220 890 2238 nu-

936 276 1002 298 rotio
1017 273 1126 300 stabant
1139 282 1153 300 ει
1169 274 1254 301 latere
1270 274 1419 301 Cherubim
1438 281 1444 299 :
1461 280 1518 300 rota
1540 281 1593 300 una
1609 281 1624 299 a
1641 273 1725 300 latere

935 316 1044 345 Chcrub
1061 319 1153 351 unius,
1171 321 1203 354 >ε<
1217 325 1243 347 et
1255 326 1312 347 rota
1329 328 1381 348 una
1400 329 1413 347 a
1427 321 1510 347 latere
1525 321 1634 347 Clierub
1645 320 1726 347 unius

939 363 949 396 ζ
967 373 974 390 :
988 370 1013 390 et
1026 365 1170 398 adspectus
1184 371 1307 392 rotarum
1323 367 1399 401 quasi
1415 367 1557 400 adspectus
1578 366 1677 401 lapidis
1687 365 1725 401 (ο)

936 410 1107 437 carbunculi.
1125 411 1166 438 10.
1183 412 1211 438 Et
1235 412 1380 446 adspectus
1395 420 1488 439 earmn
1509 412 1658 439 situilitudo
1672 419 1724 438 una

936 461 1054 489 quatuor
1071 457 1147 491 ipsis,
1167 456 1396 491 quemadmodum
1423 467 1482 486 cun)
1503 458 1584 485 fuerit
1606 464 1664 485 rota
1699 459 1724 484 in

937 501 1026 528 medio
1039 508 1115 529 rotae.
1134 503 1176 528 11.
1194 504 1259 531 Cum
1278 504 1357 537 ircut,
1381 504 1406 530 in
1423 508 1542 538 quatuor
1556 510 1646 539 partes
1661 512 1726 531 suas

937 546 1023 578 ibant,
1042 555 1096 574 non
1112 550 1328 581 revertebantur,
1346 557 1407 576 cum
1435 550 1522 576 irent:
1551 551 1588 585 (p)
1614 550 1678 584 quia
1696 550 1724 576 in

937 592 1026 620 locum
1042 601 1122 628 quem
1140 595 1305 629 respiciebat
1324 604 1407 622 unttm
1435 596 1599 631 principium
1665 602 1727 631 post

938 638 1002 666 illud
1021 639 1031 673 ζ
1048 641 1132 673 ibant,
1148 645 1174 667 et
1190 649 1242 668 non
1259 642 1497 674 convertebantur,
1508 650 1569 669 cum
1583 642 1661 668 irent.
1681 642 1724 669 1‘2.

938 685 971 717 >ε<
990 684 1021 711 Et
1038 686 1127 712 omnis
1140 694 1204 713 caro
1221 694 1315 713 eorum
1335 687 1358 720 ζ,
1370 691 1396 713 ct
1413 687 1494 714 dorsa
1509 695 1615 720 eorum,
1631 692 1657 713 et
1669 695 1728 713 ma—

938 737 991 756 nus
1009 737 1114 762 eorum,
1128 735 1154 757 et
1168 731 1219 758 alae
1236 739 1343 764 eorum,
1356 737 1382 759 et
1397 737 1463 759 rotis
1480 732 1563 765 plent?
1577 732 1663 758 oculis
1680 739 1728 766 per

938 775 1083 804 circuitum
1102 781 1222 811 quatuor
1246 778 1312 805 rotis
1339 786 1444 805 eorum.
1467 778 1516 805 13.
1534 777 1610 805 Rotis
1637 783 1727 804 autem

938 821 999 849 istis
1018 822 1059 857 (τι)
1071 823 1228 850 invocatum
1246 829 1286 851 est
1301 823 1403 858 Gelgel,
1419 824 1545 851 audiente
1558 831 1610 851 tne.
1633 824 1673 850 Η.
1695 824 1727 858 χ

938 867 970 894 Et
987 874 1106 902 quatuor
1121 869 1205 897 facies
1225 871 1271 896 uni
1289 880 1295 897 :
1316 870 1398 898 facies
1418 871 1499 898 unius
1513 870 1595 898 facies
1607 871 1726 902 Chcrub,

935 920 962 942 et
976 915 1059 943 facies
1077 916 1189 944 secundi
1219 916 1302 945 facies
1330 918 1461 949 hominis,
1486 922 1513 945 et
1537 917 1619 944 facies
1647 917 1727 944 tertia

935 963 1033 995 leonis,
1050 967 1076 989 et
1092 963 1175 990 facies
1190 968 1286 998 qttarta
1302 965 1400 999 aquilae
1415 965 1439 998 ζ.
1460 964 1500 991 15.
1516 964 1547 991 Et
1559 964 1727 991 sustulerunt

935 1017 964 1036 se
980 1008 1140 1041 Cherubim,
1157 1010 1208 1038 hoc
1228 1010 1316 1044 ipsum
1341 1009 1453 1041 animal,
1477 1009 1549 1044 quod
1574 1009 1627 1035 vidi
1646 1016 1728 1043 super

936 1055 1048 1082 fluvium
1064 1055 1183 1084 Cliobar.
1201 1056 1244 1083 16.
1259 1056 1290 1083 Et
1307 1064 1367 1083 cum
1385 1056 1454 1083 irent
1466 1055 1625 1087 Cherubim,
1653 1055 1729 1081 ibant

936 1106 1012 1133 rotae,
1027 1105 1055 1128 et
1072 1101 1111 1128 hat
1128 1102 1288 1136 propinqth
1303 1102 1343 1128 eis
1363 1111 1369 1129 :
1392 1106 1419 1128 et
1434 1109 1496 1128 cum
1518 1102 1645 1128 tollerent
1656 1101 1728 1130 Che-

936 1147 1025 1174 rubim
1049 1147 1107 1174 alas
1133 1155 1207 1180 suas,
1236 1153 1266 1175 ut
1283 1155 1312 1175 se
1328 1148 1466 1175 clevarent
1485 1155 1499 1174 a
1518 1152 1601 1179 terra,
1619 1155 1671 1174 non
1694 1147 1728 1181 (r)

937 1193 1146 1221 revertebantur
1161 1199 1227 1222 rotae
1239 1202 1346 1227 eorum,
1363 1195 1396 1227 Ξ(
1410 1194 1492 1220 etiam
1512 1194 1570 1228 ipse
1584 1195 1617 1227 ἢ(
1630 1193 1663 1220 ab
1676 1193 1727 1222 eis.

936 1252 997 1278 quia
1019 1252 1032 1270 a
1052 1243 1136 1269 latere
1151 1248 1244 1268 eorum
1263 1241 1286 1274 ζ.
1313 1240 1356 1266 17.
1373 1240 1441 1266 Cum
1468 1243 1582 1269 starent,
1609 1232 1740 1275 stabant“

937 1296 963 1318 et
982 1298 1042 1317 cum
1061 1296 1091 1316 se
1105 1288 1280 1319 clIerrent,se
1296 1285 1514 1312 effet'ebantcum
1528 1284 1657 1318 eis;quia
1674 1284 1730 1317 spi-

938 1336 1006 1362 ritus
1027 1335 1086 1361 vitie
1099 1334 1124 1360 in
1142 1334 1180 1360 eis
1191 1337 1259 1360 erat.
1285 1332 1326 1358 18.
1349 1332 1380 1358 Et
1395 1338 1504 1365 egressa
1519 1330 1660 1364 estgloria
1676 1329 1729 1357 Do-

938 1381 1005 1408 mini
1023 1382 1056 1414 Ἀ(
1072 1389 1087 1406 a
1112 1379 1208 1406 limine
1224 1379 1235 1413 ζ
1254 1378 1362 1410 domus,
1379 1382 1405 1404 et
1423 1376 1547 1403 ascendit
1564 1383 1645 1410 super
1658 1375 1730 1402 Che-

939 1427 1040 1455 rubim.
1057 1427 1100 1454 19.
1123 1427 1156 1453 Et
1170 1425 1342 1453 sustnlcrttut
1364 1423 1512 1451 Cliernbim
1528 1423 1585 1449 alas
1610 1429 1685 1454 suas,
1705 1426 1731 1448 et

939 1482 968 1501 se
982 1474 1124 1501 elevarunt
1143 1473 1177 1499 de
1201 1477 1272 1498 terra
1288 1478 1380 1497 coram
1402 1478 1454 1503 me,
1472 1469 1536 1496 dmn
1553 1468 1730 1502 egredieban-

941 1527 984 1547 llll‘
998 1527 1108 1555 quoque
1124 1522 1191 1545 Γοῐὶῐὶ
1206 1526 1220 1544 8
1241 1517 1324 1544 latere
1340 1523 1435 1543 eorum
1452 1524 1458 1542 ἒ
1478 1519 1504 1541 et
1517 1518 1649 1541 steterunt
1669 1517 1731 1540 ante

940 1566 1104 1594 vestibulum
1120 1564 1310 1599 portagdomus
1322 1561 1441 1590 Domini.
1452 1561 1486 1592 (sl
1503 1568 1562 1595 qua:
1578 1568 1593 1586 e
1610 1559 1730 1594 regione,

940 1618 966 1640 et
981 1612 1068 1647 gloria
1087 1611 1133 1638 Dei
1156 1610 1265 1637 Israelis
1289 1612 1348 1635 erat
1373 1616 1455 1642 super
1471 1607 1511 1634 eis
1533 1606 1659 1640 desuper.
1684 1605 1730 1632 241.

940 1658 997 1686 Hoc
1011 1657 1111 1686 anitnal
1126 1661 1178 1690 est,
1198 1656 1269 1691 quod
1284 1655 1403 1682 viderant
1415 1654 1508 1681 subter
1525 1652 1608 1679 Deum
1623 1651 1731 1678 lsraelis

940 1713 1020 1740 super
1049 1705 1160 1732 fluvium
1187 1703 1307 1734 Chobar,
1325 1705 1351 1728 et
1378 1700 1502 1736 cognovi,
1521 1699 1592 1733 quod
1620 1697 1732 1725 Chcrub

940 1757 1022 1780 esset.
1039 1751 1084 1778 Ἢ.
1115 1750 1237 1784 Quatuor
1253 1749 1334 1776 facies
1352 1748 1397 1774 uni
1420 1752 1446 1774 et
1464 1751 1581 1781 quatuor
1596 1747 1645 1772 ala:
1661 1745 1707 1771 uni
1723 1753 1729 1770 :

940 1804 966 1826 ct
981 1797 1131 1826 similitudo
1149 1803 1277 1823 manuum
1295 1794 1415 1821 hominis
1430 1793 1480 1820 sub
1495 1793 1545 1819 alis
1565 1800 1670 1818 eorum.
1685 1791 1729 1818 2'2.

940 1847 973 1873 Et
988 1845 1138 1872 similitudo
1150 1844 1279 1870 faeicrum
1294 1849 1388 1869 eorum
1405 1849 1411 1866 :
1427 1841 1467 1867 ine
1480 1840 1562 1866 facies
1572 1843 1646 1870 sunt,
1664 1845 1732 1872 quas

941 1891 995 1918 vidi
1008 1892 1041 1925 Χ
1057 1890 1108 1917 sub
1121 1889 1206 1924 gloria
1220 1888 1266 1915 Dei
1279 1887 1411 1920 lsraelis:
1427 1893 1510 1920 super
1526 1885 1638 1912 ﬂuvium
1660 1884 1733 1910 Cho-

941 1938 1032 1971 barx
1043 1936 1202 1971 adspeetum
1217 1942 1310 1962 eorum
1328 1934 1339 1968 ζ
1359 1942 1365 1960 '.
1379 1937 1405 1960 et
1422 1933 1479 1960 haec
1492 1930 1705 1966 unumquodque
1717 1937 1733 1956 e

941 1983 1050 2018 regione
1065 1982 1143 2009 faciei
1157 1989 1212 2008 suae
1227 1981 1309 2007 ibant.

977 2030 1043 2064 Cap.
1063 2028 1110 2060 XI,
1125 2031 1150 2055 1.
1166 2028 1198 2054 Et
1213 2025 1361 2060 assumpsit
1375 2033 1417 2052 me
1431 2024 1542 2059 spiritus
1558 2027 1585 2050 et
1597 2022 1674 2049 duxit
1689 2029 1733 2048 mc

942 2084 1024 2111 super
1047 2081 1153 2110 portam
1177 2074 1275 2101 domus
1294 2072 1412 2103 Domini,
1435 2078 1495 2105 quae
1510 2078 1524 2096 e
1541 2069 1650 2104 regione
1667 2068 1731 2100 mei,

943 2123 976 2157 (ι)
992 2121 1180 2156 respicientem
1197 2120 1222 2146 in
1240 2120 1373 2145 orientem
1390 2127 1395 2143 :
1414 2122 1440 2143 et
1458 2124 1522 2143 ecce
1537 2120 1599 2142 ante
1610 2114 1732 2141 vestibu-

943 2169 998 2196 lqu
1013 2171 1097 2202 por-tre
1114 2166 1191 2201 quasi
1211 2164 1305 2200 viginti
1320 2169 1346 2190 et
1361 2162 1482 2197 quinque
1501 2162 1562 2194 viri,
1579 2165 1604 2188 et
1624 2160 1677 2186 vidi
1705 2160 1732 2186 itt
1755 2167 1761 2172 '

943 2213 1034 2241 tnedio
1045 2221 1140 2239 eorum
1155 2211 1295 2238 Jazaniam
1314 2209 1397 2234 lilium
1410 2209 1493 2238 Amr,
1509 2211 1537 2233 et
1554 2206 1686 2233 I’haltiam
1703 2206 1734 2232 li-

96 2257 144 2285 bes
164 2266 171 2284 :
186 2257 325 2284 etatrium
343 2257 484 2291 impletum
506 2262 548 2284 est
564 2257 708 2291 splendore
730 2257 821 2292 gloria:
837 2257 890 2285 Do-
907 2256 928 2283 D
944 2259 1008 2286 lium
1026 2257 1141 2290 Dantem,
1161 2257 1207 2291 qui
1223 2259 1287 2283 sunt
1310 2254 1335 2281 in
1353 2253 1502 2288 principatu
1528 2252 1631 2287 populi.
1653 2251 1680 2278 ‘2.
1703 2251 1734 2277 Et

96 2303 175 2331 mini.
193 2304 220 2331 5.
239 2304 271 2330 Et
283 2312 335 2331 vox
349 2304 454 2330 alarum
469 2303 617 2330 Clierubim
631 2304 794 2331 audiebatur
805 2312 893 2338 usque

96 2350 130 2377 ad
152 2350 252 2376 atrium
266 2351 397 2383 exterius,
410 2349 487 2384 quasi
504 2357 555 2376 vox
567 2349 613 2376 Dei
629 2349 728 2377 Saddai
743 2351 891 2385 loquentis.

96 2396 124 2423 6-
147 2396 180 2423 Et
196 2396 359 2426 faciumesl.
384 2404 446 2423 cum
463 2396 623 2431 praeciperet
637 2396 696 2423 viro
714 2396 808 2424 induto
823 2397 894 2424 stola

96 2447 204 2474 sancta,
220 2442 328 2474 dicens,
345 2441 429 2469 Sume
453 2442 543 2476 ignem
556 2442 588 2469 de
603 2442 691 2469 medio
703 2447 834 2476 rotarum,
861 2444 894 2470 de

98 2489 190 2516 medio
203 2488 366 2521 Cherubim;
382 2494 408 2515 et
424 2488 565 2523 ingressus
578 2492 630 2521 est,
643 2493 670 2515 et
686 2489 761 2515 stetit
778 2497 792 2515 a
809 2489 893 2516 latere

99 2542 234 2564 rotarum.
252 2537 277 2563 ’1.
302 2536 335 2563 Et
351 2537 473 2564 extendit
495 2535 605 2563 Chcrub
625 2544 737 2564 manum
766 2545 843 2564 suam
859 2539 892 2571 Β(

97 2584 132 2611 de
153 2584 244 2610 medio
261 2582 410 2610 Clierubitn
429 2582 441 2616 ζ
471 2582 497 2609 in
516 2582 638 2609 medium
662 2582 733 2617 ignis
751 2583 893 2610 existentis

97 2630 124 2656 in
141 2629 232 2656 medio
246 2628 405 2661 Cherubim,
421 2633 447 2655 et
474 2627 582 2660 sumsit,
607 2634 633 2655 et
650 2628 724 2655 dedit
747 2629 773 2655 in
795 2637 893 2657 manus

96 2676 186 2702 induti
201 2675 270 2703 stola
299 2679 397 2702 sancta
425 2683 432 2701 :
459 2679 486 2701 et
513 2673 626 2708 accepit,
646 2679 673 2701 et
691 2682 817 2708 egressus
838 2681 890 2703 est.

96 2723 122 2749 8.
138 2721 170 2748 Et
188 2721 242 2748 vidi
258 2721 406 2748 Cherubth
424 2719 630 2747 similitudinem
647 2728 776 2747 manuum
800 2721 889 2748 homi-

943 2305 1012 2333 dixit
1029 2304 1160 2331 Dominus
1179 2301 1212 2329 ad
1237 2310 1280 2329 me
1297 2309 1303 2328 :
1324 2300 1375 2327 Fili
1407 2299 1535 2332 hominis,
1553 2299 1580 2326 hi
1600 2298 1661 2331 viri,
1687 2298 1732 2332 qui

944 2351 1064 2385 cogitant
1081 2356 1160 2380 vana,
1188 2354 1215 2374 et
1240 2346 1388 2374 consulunt
1409 2344 1556 2372 consilium
1582 2343 1682 2369 malum
1707 2343 1733 2369 in

946 2398 1012 2424 urbe
1025 2396 1089 2427 ista,
1104 2395 1130 2422 '5.
1149 2395 1196 2428 qui
1214 2394 1328 2420 dicunt:
1345 2391 1441 2418 Nonne
1457 2395 1580 2417 recentcr
1595 2388 1735 2416 :ediﬁeata‘

945 2448 1010 2472 sunt
1035 2442 1154 2470 domus?
1181 2440 1243 2468 Haec
1264 2440 1382 2471 estolla,
1409 2445 1458 2465 nos
1474 2441 1563 2464 autem
1582 2443 1690 2463 carnes.
1707 2434 1733 2462 4,

943 2490 1058 2523 Propter
1073 2489 1123 2514 hoc
1152 2486 1281 2521 propheta
1296 2492 1378 2519 super
1401 2491 1459 2515 eos,
1474 2482 1615 2517 propheta,
1632 2481 1669 2507 lili
1686 2480 1736 2506 ho-

943 2530 1036 2564 minis.
1050 2535 1076 2560 4.
1102 2533 1134 2560 Et
1154 2531 1253 2558 cecidit
1268 2538 1350 2564 super
1375 2537 1419 2556 me
1433 2529 1548 2564 spiritus
1565 2527 1683 2560 Domini,
1709 2531 1737 2553 et.

942 2581 1011 2610 dixit
1024 2580 1057 2607 ad
1071 2587 1114 2606 me
1129 2586 1136 2605 :
1151 2577 1200 2604 Dic
1217 2586 1222 2603 :
1239 2576 1302 2603 Haec
1316 2575 1382 2602 dicit
1394 2574 1524 2602 Dominus
1543 2582 1549 2599 τ
1563 2574 1604 2601 sic
1614 2572 1736 2605 dixistis,

943 2629 1041 2656 domus
1060 2624 1177 2656 lsraclis,
1194 2629 1220 2650 et
1235 2622 1416 2656 cogitationes
1437 2621 1550 2655 spiritus
1575 2619 1658 2646 vestri
1685 2626 1737 2653 ego

946 2676 983 2709 (υ)
1000 2672 1062 2700 novi
1082 2680 1088 2698 :
1111 2671 1136 2697 6.
1164 2668 1364 2703 multiplicastia
1389 2668 1428 2701 (az)
1450 2671 1571 2694 mortuos
1587 2670 1692 2693 vestros
1710 2665 1735 2690 in

945 2721 1012 2750 urbe
1028 2720 1089 2750 hac,
1098 2720 1125 2743 et
1141 2714 1302 2750 implevistis
1315 2714 1374 2741 vias
1386 2713 1446 2748 ejus
1459 2712 1569 2739 occisis.
1582 2711 1608 2738 7.
1625 2710 1738 2745 Propter

134 2807 165 2837 (ι)
186 2804 228 2836 3.,
249 2804 391 2841 linteum:
401 2804 443 2831 cui
464 2809 523 2831 erat
538 2803 639 2841 tabula
661 2804 813 2841 scriptoris.
837 2805 883 2841 (m)
901 2805 971 2838 ejuS.
1010 2803 1049 2841 (η)
1129 2801 1253 2841 linteum,
1274 2799 1317 2826 cui
1345 2803 1401 2825 erat
1422 2797 1564 2841 scriptoria
1590 2795 1736 2841 talntlaALi‘u

97 2830 297 2873 lumbis
321 2841 358 2874 (ο)
425 2830 574 2876 hyacinthi.
596 2830 975 2876 λΙΙρὺνς’ΤΙιλξἠέξΙιῖλςὲοἱῖιΙῆν.
1011 2830 1052 2873 ’(ρδ
1131 2837 1157 2863 iu
1174 2842 1376 2876 (maluerimque
1394 2834 1466 2876 enim
1480 2830 1737 2876 Locuminclinabat

97 2881 189 2910 ιττιῑδιιιν
210 2869 237 2902 ili
265 2883 328 2901 I'llm
350 2869 415 2909 lto-‘1
443 2869 468 2902 ill
485 2874 668 2911 iltllliej'CD'Jlll.
704 2869 745 2908 illi)
762 2875 803 2906 S.,
821 2871 976 2902 invocatum
997 2869 1048 2901 fuit
1062 2881 1170 2911 nomen
1183 2869 1377 2911 volutationes.

839 2912 877 2943 (η)
893 2911 931 2939 5..
952 2909 1080 2944 prmvrui.
1110 2909 1181 2934 novi.

98 2909 189 2947 (ἤδη
210 2919 301 2938 versus
318 2912 460 2938 orientctu.
508 2910 539 2941 (tl
555 2909 594 2941 5.,
619 2910 788 2938 orientalem.

1429 2868 1463 2903 (r)
1481 2868 1522 2901 S.,
1549 2866 1734 2893 remanebant.

1232 2907 1270 2938 (ω)
1288 2905 1328 2935 8.,
1351 2912 1495 2939 percussos
1515 2911 1529 2929 ιι
1553 2902 1636 2928 vobis.
