1959 3079
235 138 306 165 2705

804 139 919 168 ΟΟΒΕΧ
941 139 1334 167 SYRIACO-IIEXAPLABIS.

1803 139 1871 166 270$

235 194 289 221 hoc
304 194 360 221 hazc
382 194 449 222 dicit
471 195 575 222 Adonai
604 196 736 224 Dominus
757 196 896 224 :Mortuos
913 201 1027 229 vestros,
1045 198 1069 226 Λ
1117 196 1183 231 Cap.
1202 196 1258 228 XII,
1275 197 1299 223 1.
1329 196 1361 222 Et
1386 194 1485 222 factum
1506 201 1547 224 est
1564 197 1677 224 verbum
1698 196 1813 225 Domini
1839 198 1871 225 ad

236 248 307 275 quos
318 241 491 275 percnssistis
506 242 530 268 iu
541 242 628 269 medio
645 242 715 276 ejus,
733 243 758 269 hi
774 247 838 269 sunt
852 250 960 275 carnes,
970 243 1028 269 hmo

237 292 326 315 autent
351 291 393 314 est
417 288 481 318 olla,
506 292 532 314 et
555 295 602 313 vos
622 288 734 314 educam
758 289 790 314 de
805 289 894 315 medio
914 289 985 323 ejus.
1001 288 1026 315 8.

238 333 363 360 Gladium
391 333 502 364 timetis,
528 338 555 360 et.
583 333 700 368 gladium
717 333 844 360 inducam
870 342 953 368 super
969 341 1027 366 vos,

238 379 276 405 ait
288 379 325 414 (ῃ)
339 378 467 405 Dominus
489 379 631 405 Dominus.
646 379 672 406 9.
690 378 722 406 Et
733 379 848 406 educam
862 388 909 407 vos
920 380 953 406 de
971 388 1029 406 me—

237 424 284 450 dio
298 425 368 458 ejus,
383 429 408 451 et
421 424 525 451 tradam
544 432 592 451 vos
611 427 636 451 in
650 433 748 452 tnanus
764 425 928 457 alienorum,
945 430 969 452 et
982 425 1027 452 fa-

237 470 307 496 ciam
323 470 348 496 in
370 470 445 497 vobis
463 470 585 504 judicia:
602 471 646 497 10.
665 471 691 498 in
706 471 797 506 gladio
816 471 930 504 cadetis,
946 479 1029 506 super

229 516 273 551 ,(z)
287 516 426 543 tnontihus
443 516 688 549 Israclisjudicaho
704 525 761 550 vos,
781 521 808 544 ct
834 518 937 551 scietis,
957 517 1027 552 quod

236 570 287 596 ego
300 562 443 589 Dominus.
464 562 505 588 l1.
535 562 597 590 [hec
612 564 691 590 vobis
716 572 769 590 non
790 564 842 590 erit
857 564 884 590 in
897 565 991 596 ollam,
1004 569 1030 591 et

237 616 286 636 vos
305 617 359 636 non
376 609 452 636 eritis
466 609 492 636 in
507 610 595 636 medio
607 610 667 644 ejns
680 611 707 637 in
722 618 818 638 carnes
831 619 837 636 :
859 618 942 645 super
952 618 1031 638 mon-

238 655 310 681 tibus
327 654 433 682 Israciis
445 655 575 690 judicabo
586 664 644 683 vos.
656 656 699 683 12.
718 657 751 683 Et.
763 657 945 691 cognoscetis,
957 657 1030 691 quod

237 709 288 736 ego
303 702 447 734 Dominus;
465 703 497 735 )6»:
511 703 574 736 quia
590 702 616 728 in
629 702 874 736 justificationibns
894 696 961 730 meis
974 711 1027 730 nou

238 747 409 779 ambulastis,
422 752 449 774 et
459 748 561 782 judicia
571 756 631 775 mea
646 756 700 775 non
717 748 828 781 fecistis,
844 754 869 776 et
882 750 1030 776 secundum

237 794 338 829 judicia
356 795 490 829 gentium,
518 802 579 829 qua:
595 795 667 822 circa
696 803 754 826 vos,
780 795 883 822 fet-istis
900 796 923 829 ξ.
942 796 982 823 l3.
999 795 1030 822 Et

239 841 341 868 factum
360 845 411 873 est,
423 849 485 867 cum
501 841 701 875 prophetarem,
722 847 749 868 et
766 841 871 868 Phaltia
892 841 965 868 [ilius
979 841 1031 868 Ba-

240 896 305 915 mme
324 892 449 914 mortuus
459 892 501 914 est
519 897 526 914 :
543 892 569 914 et
585 887 670 914 cecidi
681 896 763 922 super
776 888 876 915 faciem
893 895 990 919 meam,
1004 892 1030 915 et

238 935 389 961 exclamavi
405 942 469 962 voce
484 942 593 969 magna,
608 939 634 961 et
645 934 702 961 dixi
717 943 723 961 ε
740 934 786 961 ναξ
806 934 882 965 mihi,
897 942 936 961 vae.
952 934 1028 965 mihi,

238 981 345 1008 Adonai
374 981 498 1010 Domine.
529 981 796 1008 consummationem
817 986 844 1007 tu
875 981 942 1007 facis
963 981 1030 1008 resi—

238 1028 322 1053 duum
346 1026 473 1054 lsraelis?
502 1027 545 1052 1.1.
564 1027 596 1053 Et
611 1025 711 1053 factum
734 1030 775 1053 est
794 1026 905 1053 verbum
922 1026 1030 1053 Domini

238 1073 272 1100 ad
288 1081 340 1105 mc,
352 1073 446 1100 dicens
462 1081 468 1099 :
483 1073 525 1099 15.
543 1072 591 1099 Fili
606 1072 736 1103 hominis,
752 1073 791 1107 (α)
813 1072 839 1099 hi
858 1072 956 1100 fratres
979 1073 1028 1105 tui,

239 1119 339 1146 fratres
357 1119 406 1151 tui,
420 1123 446 1145 ct
464 1118 515 1145 viri
529 1118 694 1152 captivitatis
712 1118 776 1150 tuae,
791 1122 818 1145 el.
828 1119 917 1144 onuiis
932 1118 1030 1145 dotnus

239 1165 348 1192 lsraclis
362 1170 551 1192 consummata
566 1170 617 1196 est,
632 1164 732 1198 quibus
748 1163 876 1191 dixerunt
894 1165 933 1191 eis
953 1164 1030 1190 habi-

240 1216 341 1238 tatores
359 1210 511 1237 Jerusalem
535 1219 541 1236 :
558 1210 649 1244 Longe
660 1209 762 1237 abestis
773 1217 788 1236 a
804 1209 929 1240 Domino,
952 1210 1031 1237 nobis

241 1259 274 1291 Χ
291 1261 384 1284 nostra
401 1257 483 1291 Idata
497 1261 538 1283 est
549 1261 621 1283 terra
637 1257 663 1283 in
684 1257 880 1284 haereditatem.
896 1257 940 1283 16.
962 1256 1030 1284 Pro-

241 1309 300 1338 pter
312 1304 364 1330 hoc
376 1303 437 1329 die:
452 1302 513 1329 llazc
529 1302 595 1329 dicit
609 1303 714 1330 Adonai
728 1302 860 1330 Dominus
877 1312 884 1329 :
899 1302 976 1335 Quod
990 1310 1031 1329 re-

241 1349 338 1384 pellam
353 1357 401 1376 eos
413 1349 439 1375 in
451 1353 555 1383 gentes,
566 1354 594 1375 et
606 1349 760 1384 dispergant
773 1358 820 1377 eos
834 1350 859 1376 iu
877 1355 969 1384 gentes
982 1349 1029 1383 (ὁ),

240 1400 267 1421 et
281 1395 434 1429 dispergam
459 1402 507 1421 eos
531 1395 558 1420 in
582 1402 690 1421 omnem
715 1399 825 1427 terram,
842 1400 870 1422 ct
886 1403 933 1422 cro
947 1395 986 1422 cis
1003 1395 1030 1421 in

241 1442 427 1468 sanctuarium
447 1448 559 1475 parvum
577 1441 602 1468 in
617 1441 785 1475 regionibus,
798 1449 971 1476 quocumque
986 1441 1030 1468 fu—

240 1487 313 1514 erint
332 1488 446 1522 ingressi
467 1487 542 1514 illuc.
575 1487 618 1513 17.
636 1487 750 1522 Propter
769 1488 820 1514 hoc
834 1487 899 1515 dic:
918 1487 980 1515 llaec
990 1488 1031 1515 di-

1080 250 1133 274 ηιμ,
1155 243 1270 270 dicens:
1285 242 1312 269 2.
1334 242 1384 270 Fili
1405 243 1534 274 hominis,
1553 243 1580 269 in
1609 243 1697 270 medio
1715 243 1752 279 (e)
1774 243 1873 279 iniqui-

1080 294 1168 317 tattnn
1183 297 1277 317 eorum
1292 293 1323 316 tu
1348 290 1470 322 habitas,
1489 289 1589 324 quibus
1606 294 1670 316 sunt
1690 290 1767 317 oculi
1786 291 1820 316 ad
1837 291 1874 317 vi-

1079 336 1208 368 dendum,
1227 341 1255 363 et
1271 343 1326 362 non
1342 336 1452 368 vident,
1478 341 1505 362 et
1519 342 1600 362 aures
1618 340 1680 363 sunt
1704 335 1746 363 eis
1768 336 1802 362 ad
1825 344 1873 362 au-

1079 381 1221 413 diendmn,
1242 385 1269 408 et
1286 388 1341 408 non
1356 380 1482 412 audiunt,
1499 379 1563 414 quia
1575 379 1672 406 domus
1692 379 1809 406 irritans
1823 371 1878 406 est.l

1080 428 1106 455 5.
1124 427 1156 454 Et
1170 432 1210 460 tu,
1229 426 1265 453 lili
1282 426 1411 458 hominis,
1442 426 1485 453 fac
1499 426 1547 452 tibi
1560 433 1625 453 vasa
1639 425 1822 460 captivitatis,
1847 431 1873 452 et

1080 474 1217 509 captivare
1229 474 1346 500 interdiu
1360 481 1452 501 coram
1465 473 1515 506 eis,
1529 476 1556 500 et
1569 471 1756 508 captivaberis
1768 471 1803 498 de
1817 472 1873 499 loco

1081 525 1128 547 ttto
1145 521 1172 547 in
1192 521 1284 547 locum
1309 520 1392 547 alium
1409 527 1501 547 coratn
1520 520 1575 552 eis,
1594 523 1624 546 ut
1647 519 1772 551 videant,
1803 519 1872 553 quod

1080 567 1179 594 domus
1205 567 1317 594 irritatis
1337 570 1390 593 est.
1409 566 1436 592 4.
1454 565 1486 592 Ει
1509 565 1630 600 proferes
1653 572 1718 591 vasa
1735 570 1796 596 tua,
1813 572 1873 590 vasa

1080 613 1257 647 captivitatis,
1282 611 1401 639 interdiu
1425 611 1459 646 (ί)
1483 610 1516 638 ad
1533 611 1628 638 oculos
1650 618 1748 638 eorum
1763 631 1771 643 ,
1793 616 1821 637 et
1846 616 1872 636 tu

1080 659 1228 693 egredieris
1252 665 1367 693 vespere
1391 665 1483 685 coram
1504 657 1555 689 eis,
1576 657 1610 691 Χ
1640 657 1715 684 sicut
1735 657 1874 692 egreditur

1081 705 1204 740 captivus
1227 705 1251 739 ζ.
1277 705 1304 731 5.
1329 704 1370 731 Ad
1396 704 1491 731 oculos
1516 711 1611 731 eorum
1639 702 1754 738 perinde
1779 703 1827 730 tihi
1849 703 1872 729 iu

1082 751 1223 785 parietem.
1238 755 1265 776 et
1278 750 1428 785 egredieris
1440 757 1486 784 per
1498 756 1571 776 cum.
1588 748 1615 776 6.
1628 748 1727 775 Coram
1741 748 1785 775 eis
1798 755 1874 782 super

1083 794 1204 821 humeris
1222 794 1258 829 (g)
1276 794 1439 829 portaberis,
1463 799 1489 821 et
1509 794 1686 821 absconditus
1704 793 1871 828 egredieris:

1084 840 1180 867 faciem
1211 846 1285 867 tuam
1311 840 1462 874 cooperies,
1489 844 1515 866 et
1537 847 1590 866 non
1618 839 1724 866 videbis
1753 843 1872 871 terram;

1081 886 1145 920 quia
1161 891 1315 921 portentum
1338 885 1399 913 dedi
1414 890 1440 912 te
1454 885 1547 912 domui
1569 885 1688 912 lsraelis.
1708 884 1735 911 7.
1761 884 1795 911 Et
1826 883 1873 912 feci

1082 933 1130 965 ita,
1150 932 1229 966 juxta
1255 932 1359 963 omnia,
1383 940 1444 966 qua:
1462 936 1629 966 pra-ceperat
1653 931 1741 958 mihi:
1761 936 1790 958 et
1814 938 1873 958 vasa

1080 979 1192 1012 protuli,
1205 978 1282 1013 quasi
1298 986 1363 1005 vasa
1386 978 1553 1012 captivitatis
1571 977 1700 1010 interdiu,
1724 982 1753 1004 et
1768 983 1873 1011 vespere

1081 1025 1185 1060 perfodi
1211 1025 1277 1051 mihi
1298 1024 1428 1059 parietem
1445 1031 1527 1050 manu
1548 1031 1623 1056 mea,
1642 1028 1670 1050 et
1696 1023 1873 1050 absconditus

1081 1078 1208 1106 egressus
1223 1078 1295 1100 sum.
1308 1077 1391 1104 super
1404 1070 1526 1097 humeris
1542 1069 1578 1105 (I1)
1595 1073 1721 1105 portatus
1740 1077 1805 1096 sttm
1831 1076 1871 1096 co-

1082 1125 1140 1144 ram
1154 1117 1205 1144 eis.
1223 1116 1249 1143 8.
1271 1116 1304 1143 Et
1322 1115 1422 1143 factum
1438 1119 1480 1143 est
1497 1117 1611 1142 verbum
1637 1115 1747 1142 Domini
1775 1114 1809 1141 ad
1833 1121 1872 1140 tne

1082 1173 1173 1198 mane,
1187 1165 1281 1192 dicens
1296 1173 1302 1191 :
1323 1164 1350 1192 9.
1367 1163 1419 1190 Fili
1432 1163 1561 1195 hominis,
1577 1170 1667 1190 nonne
1692 1162 1749 1189 dixi
1770 1163 1802 1197 (')
1818 1161 1871 1193 tibi,

1082 1212 1180 1238 domus
1199 1210 1316 1242 lsraelis,
1332 1209 1431 1236 domus
1454 1208 1566 1235 irritans
1583 1212 1635 1239 est,
1652 1209 1718 1243 quid
1740 1212 1770 1236 tu
1789 1208 1871 1238 facis?

1082 1257 1126 1284 10.
1144 1257 1191 1284 Dic
1204 1256 1237 1282 ad
1252 1263 1319 1283 eos:
1345 1254 1408 1282 ch
1427 1254 1493 1281 dicit
1515 1254 1648 1281 Dominus
1677 1253 1813 1283 Dominus
1844 1255 1872 1290 (ἱ)

1082 1303 1199 1339 principi
1214 1307 1240 1329 et
1254 1302 1316 1328 duci
1333 1302 1359 1328 in
1374 1300 1538 1333 Jerusalem,
1554 1305 1582 1328 et
1592 1301 1666 1327 onmi
1682 1301 1778 1328 domui
1791 1301 1871 1328 Israe-

1082 1348 1126 1379 lis,
1147 1348 1192 1382 qui
1217 1347 1320 1375 suntin
1345 1346 1434 1374 medio
1458 1353 1565 1378 eorum,
1590 1346 1633 1372 11.
1652 1345 1706 1378 die,
1729 1346 1803 1381 quod
1827 1355 1871 1380 ego

1082 1397 1208 1429 portenta
1223 1393 1332 1420 [θεῖον
1345 1393 1371 1419 in
1398 1392 1488 1419 medio
1504 1392 1518 1428 ζ
1533 1401 1540 1419 :
1557 1391 1792 1427 quemadmodum
1814 1392 1868 1423 teri,

1082 1440 1122 1468 sic
1137 1439 1189 1467 erit
1206 1439 1241 1472 ei,
1256 1440 1282 1466 in
1299 1438 1506 1473 demigratione,
1523 1442 1549 1465 et
1565 1439 1592 1465 in
1611 1438 1771 1473 captivitate
1788 1438 1868 1470 ibunt,

1083 1487 1126 1514 12.
1140 1491 1167 1513 et
1182 1486 1320 1520 princeps,
1336 1486 1380 1519 qui
1397 1485 1423 1512 in
1442 1485 1532 1512 medio
1546 1492 1656 1516 eorum,
1672 1492 1757 1519 super
1780 1486 1867 1511 hume-

240 1533 277 1560 cit
293 1533 397 1560 Adonai
410 1533 541 1560 Dominus
556 1541 562 1559 :
575 1533 607 1560 Et
619 1534 766 1568 suscipiam
783 1541 831 1561 eos
846 1533 880 1560 de
892 1534 1028 1569 gentibus,
1044 1538 1065 1566 ο
1083 1534 1121 1560 ris
1133 1533 1295 1568 perlabitur,
1316 1537 1343 1559 et
1356 1532 1532 1559 absconditus
1550 1531 1710 1567 egredietur
1725 1539 1776 1566 per
1791 1531 1869 1565 parie-

239 1579 447 1614 cteongrcgabo
461 1585 509 1605 eos
539 1579 572 1606 de
597 1578 765 1613 regionibus,
789 1578 889 1613 quibus
914 1579 1029 1614 dispersi

239 1634 287 1653 eos
298 1626 323 1652 in
336 1626 386 1658 cis,
405 1630 431 1652 et
447 1625 518 1652 dabo
529 1625 679 1652 eisterram
696 1624 803 1652 lsraelis
822 1634 827 1651 :
841 1624 884 1652 18.
901 1629 927 1652 et
942 1625 1031 1659 ingre-

239 1673 349 1700 dientur
362 1673 437 1704 illuc,
455 1677 482 1699 et
492 1671 617 1699 auferent
628 1679 724 1699 omnes
732 1672 950 1700 abominationes
960 1673 1029 1707 ejus,

239 1723 370 1745 ctomncs
385 1718 542 1751 iniquitates
558 1717 617 1752 ejus
634 1717 667 1744 de
680 1725 722 1744 ea.
740 1718 782 1744 19.
799 1718 830 1744 Et
842 1718 913 1745 dabo
928 1718 968 1745 eis
986 1726 1033 1745 cor

241 1763 327 1796 aliud,
345 1768 371 1790 et
386 1763 511 1797 spiritqu
533 1770 633 1790 novum
648 1763 718 1790 dabo
733 1763 760 1790 in
784 1764 833 1796 eis,
849 1770 873 1791 ct
890 1765 1031 1791 extraham

242 1817 290 1836 cor
303 1817 399 1836 eorum
420 1809 554 1842 lapideum
576 1817 609 1836 ex
632 1816 716 1837 carne
740 1817 846 1843 eorum,
868 1815 894 1838 ct
909 1810 979 1837 dabo
993 1811 1033 1838 eis

242 1862 291 1881 cor
308 1861 448 1884 carneum,
466 1853 511 1880 ‘20.
529 1857 559 1880 ut
583 1853 609 1880 in
636 1855 778 1888 praeceptis
792 1855 860 1882 meis
880 1855 1031 1887 ambulent,

242 1899 488 1934 etjustilicationes
503 1907 578 1927 meas
592 1900 758 1932 custodiant,
774 1906 801 1928 et
815 1901 916 1928 faciant
933 1909 980 1934 ea;
1008 1907 1034 1929 et

242 1950 323 1973 erunt
337 1945 402 1972 mihi
419 1946 445 1972 in
469 1946 646 1981 populum,et
662 1954 711 1980 ego
724 1955 770 1974 cro
783 1948 824 1975 eis
841 1948 866 1974 in
887 1948 984 1980 Deum,
1001 1955 1031 1975 4-

243 1993 307 2020 dicit
326 1992 457 2020 Dominus
475 1993 498 2027 ζ.
511 1993 556 2019 ‘21.
571 1993 604 2027 (ε)
621 1993 654 2020 Et
669 1995 816 2021 secundum
832 2002 880 2022 cor
891 1995 1035 2022 abomina-

243 2039 347 2066 tionutn
376 2047 488 2067 suarum
511 2045 537 2066 et.
556 2040 731 2074 iniquitatum
744 2048 868 2072 suarum,
886 2049 941 2076 quo
954 2042 1035 2070 modo

242 2093 290 2113 cor
306 2093 400 2112 eorum
416 2086 481 2118 inat,
499 2086 556 2113 vias
568 2094 663 2114 eorum
686 2087 712 2114 in
730 2088 820 2122 capita
846 2096 942 2116 eorum
962 2089 1034 2122 dedi,

212 2146 218 2151 -
243 2131 424 2159 dicitAdonai
443 2132 585 2160 Dominus.
604 2133 648 2159 “2'2.
662 2133 693 2160 lit
706 2134 1033 2162 sustuleruntClierubim

243 2177 302 2204 alas
322 2185 396 2210 suas,
420 2183 447 2205 et
471 2183 536 2206 rotae
557 2187 572 2205 a
595 2179 679 2206 latere
703 2187 810 2212 eorum,
827 2184 854 2207 et
880 2180 965 2214 gloria
988 2180 1034 2208 Dei

244 2223 354 2251 Israelis
368 2232 450 2259 super
465 2225 498 2253 iis
518 2233 601 2260 supra
620 2233 677 2253 eos.
695 2225 740 2253 25.
760 2226 792 2253 Et
811 2227 935 2254 aSt-endit
950 2227 1036 2261 gloria

243 2270 354 2298 Domini
369 2271 402 2298 de
413 2271 501 2299 medio
519 2272 605 2305 urbis,
631 2277 658 2299 et
681 2273 758 2299 stetit
777 2280 860 2307 super
876 2278 978 2305 monte,
999 2273 1037 2308 (ρ)

243 2317 366 2351 quierat
388 2325 403 2344 e
432 2318 543 2353 regione
562 2319 647 2345 urbis.
667 2319 712 2346 ει.
732 2319 763 2346 lit
789 2320 903 2354 spiritus
927 2320 1038 2347 sustulit

244 2370 299 2395 me,
315 2368 343 2390 et
356 2363 434 2390 duxit
451 2372 494 2392 me
509 2365 535 2391 in
552 2369 651 2391 terram
665 2365 855 2392 Chaldaeorum
873 2366 906 2393 ad
922 2366 1038 2400 captivi-

245 2416 326 2439 tatem
345 2411 371 2438 in
386 2412 490 2438 visione
503 2411 529 2438 in
541 2412 638 2446 spiritu
654 2411 710 2438 Dci.
725 2412 752 2438 Et
766 2412 876 2439 ascemli
891 2421 905 2439 a
919 2412 1035 2444 visione,

245 2463 327 2490 quam
345 2456 409 2483 vidi.
426 2455 472 2483 25.
488 2455 521 2483 Et
538 2457 646 2483 locutus
661 2464 723 2483 sum
740 2456 772 2483 ad
786 2457 971 2491 captivitatem
981 2465 1037 2483 om-

245 2501 292 2528 nia
309 2501 388 2528 verha
405 2500 522 2534 Domini,
537 2509 597 2536 qua:
611 2501 768 2528 Ostendcrat
779 2501 855 2528 mihi.

1084 1584 1150 1612 tem,
1171 1584 1198 1606 et
1212 1578 1354 1614 pcrfodiet,
1374 1581 1404 1605 ut.
1429 1578 1588 1613 egrediatur
1603 1585 1650 1613 per
1667 1585 1730 1604 eum
1747 1587 1754 1604 :
1779 1576 1866 1604 faciem

1083 1633 1160 1653 suam
1177 1625 1326 1659 cooperiet,
1338 1629 1367 1651 ut
1379 1631 1413 1651 ne
1428 1624 1553 1651 videatur
1565 1623 1655 1654 oculo,
1666 1627 1693 1650 et
1706 1622 1766 1657 ipse
1778 1627 1867 1650 terram

1083 1679 1138 1699 non
1155 1672 1267 1699 videbit.
1284 1672 1327 1698 15.
1356 1671 1387 1698 Et
1413 1670 1566 1705 expandam
1595 1673 1652 1697 rete
1679 1677 1772 1696 meum
1796 1675 1867 1702 super

1083 1727 1157 1751 eum,
1174 1724 1201 1747 et
1222 1718 1344 1753 capietur
1363 1718 1389 1744 in
1415 1721 1493 1752 septo
1512 1723 1583 1749 meo,
1606 1725 1637 1743 ea
1654 1716 1756 1743 ducam
1770 1722 1828 1742 eum
1844 1714 1867 1740 in

1085 1765 1261 1801 Babylonem,
1278 1764 1306 1791 in
1322 1769 1423 1791 terram
1435 1762 1626 1790 Chaldaeorum
1638 1781 1646 1793 ,
1669 1765 1697 1788 et
1714 1761 1801 1796 ipsam
1820 1767 1866 1786 non

1084 1812 1196 1842 videbit,
1215 1816 1242 1838 et
1261 1811 1296 1838 ibi
1320 1810 1462 1837 morietur.
1482 1809 1527 1835 14.
1553 1807 1587 1834 Et
1602 1815 1715 1839 omnes,
1731 1807 1780 1842 qui
1801 1806 1866 1834 circa

1085 1867 1159 1890 eum,
1183 1858 1360 1885 auxiliatores
1384 1857 1455 1891 ejus,
1473 1855 1510 1890 (k)
1535 1859 1563 1882 et
1583 1861 1680 1882 omnes
1704 1857 1865 1888 protegentes

1086 1913 1147 1932 cum
1163 1905 1316 1938 tlispvrgam
1333 1903 1359 1929 in
1379 1909 1488 1929 omnem
1501 1906 1625 1933 ventum,
1641 1904 1668 1927 ct
1689 1899 1808 1935 gladium
1829 1896 1865 1924 ef-

1085 1951 1196 1978 fundam
1215 1954 1276 1985 post
1292 1957 1350 1976 eos.
1363 1949 1406 1976 15.
1424 1948 1456 1975 Et
1467 1948 1564 1977 scient.
1579 1946 1652 1981 quod
1666 1953 1718 1981 ego
1732 1945 1864 1974 Dominus,

1086 1997 1197 2033 quando
1214 1996 1371 2030 dispersero
1387 2001 1436 2021 eos
1462 1994 1488 2020 in
1517 1992 1653 2028 gentibus,
1672 1996 1699 2019 et
1725 1991 1865 2026 dispersero

1086 2052 1133 2071 cos
1150 2044 1176 2070 in
1200 2042 1366 2077 regionibus.
1384 2040 1429 2067 16.
1448 2039 1482 2066 Et
1506 2039 1660 2073 relinquam
1687 2037 1822 2065 residuum
1837 2041 1864 2062 ex

1086 2091 1126 2117 eis
1139 2090 1211 2115 viros
1225 2089 1380 2115 innumero
1395 2094 1410 2113 a
1424 2085 1526 2121 gladio,
1540 2090 1591 2111 eta
1606 2083 1689 2114 fame.
1706 2088 1733 2110 et
1748 2091 1763 2110 a
1778 2086 1863 2112 morte,

1088 2141 1117 2161 ut
1137 2135 1192 2161 sint
1208 2137 1352 2160 narrantes
1367 2138 1464 2158 omnes
1478 2130 1636 2164 iniquitates
1649 2135 1745 2156 eorum
1765 2128 1790 2154 in
1810 2133 1865 2161 gen-

1090 2181 1173 2212 tibus,
1189 2186 1243 2214 quo
1258 2176 1375 2212 ingressi
1392 2175 1493 2203 fuerint
1504 2175 1578 2207 illuc,
1588 2179 1617 2202 et
1630 2174 1729 2205 scient,
1744 2172 1813 2208 quod
1823 2178 1864 2205 ego

1091 2226 1229 2253 Dominus.
1249 2224 1292 2250 17.
1312 2223 1342 2250 Et
1356 2222 1457 2250 factum
1471 2227 1514 2249 est
1528 2221 1641 2248 verbum
1655 2220 1762 2247 Domini
1777 2219 1807 2246 ad
1819 2224 1862 2246 me.

1087 2272 1181 2299 dicens
1198 2279 1205 2296 :
1223 2269 1264 2296 18.
1283 2268 1334 2295 Fili
1347 2267 1478 2300 hominis,
1495 2273 1593 2301 panetn
1613 2269 1690 2292 tuum
1706 2264 1738 2298 (ι)
1759 2271 1816 2291 cum
1825 2269 1863 2296 pe-

1088 2317 1164 2344 nuria
1181 2315 1317 2345 comedes.
1338 2318 1366 2341 et
1382 2321 1482 2348 aquam
1506 2320 1568 2340 cum
1594 2310 1721 2338 cruciatu
1746 2307 1863 2344 angusli8

1087 2364 1174 2391 bibes.
1192 2362 1236 2389 19.
1252 2361 1286 2388 Et
1311 2360 1386 2387 dices
1406 2359 1438 2386 ad
1457 2358 1585 2394 populum
1605 2361 1705 2384 terrae:
1736 2355 1796 2383 Hau:
1810 2352 1863 2379 dicit

1087 2409 1192 2436 Adonai
1215 2407 1347 2434 Dominus
1364 2405 1552 2433 habitantibus
1579 2405 1607 2431 in
1625 2403 1779 2431 Jerusalem
1798 2406 1862 2434 super

1090 2460 1162 2482 terra
1179 2453 1285 2480 Israelis
1300 2462 1307 2480 :
1322 2452 1409 2479 Panes
1425 2459 1491 2478 suos
1502 2450 1548 2485 (m)
1565 2458 1625 2477 cum
1653 2449 1767 2484 penuria
1786 2452 1861 2475 come-

1090 2501 1164 2532 dent,
1184 2505 1210 2527 ct
1227 2507 1325 2534 aquam
1345 2506 1424 2526 suam
1438 2498 1478 2532 (η)
1492 2504 1554 2524 eum
1570 2496 1655 2523 exitio
1676 2495 1781 2528 bibent,
1796 2492 1826 2528 (0)
1840 2494 1862 2518 ul

284 2582 321 2616 (y)
339 2581 454 2608 Adonai.
493 2582 667 2617 (z)rFinihus.
707 2583 745 2617 (ll)
762 2582 807 2615 A.,
828 2587 937 2617 propter
962 2583 1060 2609 fratres
1079 2586 1151 2614 tuos,
1180 2581 1279 2617 fratres
1309 2585 1381 2617 tuos,
1412 2575 1681 2617 \‘it‘os_pr()_pilltltlos
1695 2572 1862 2617 genus'lllifl

247 2607 371 2644 omnium
387 2607 1221 2650 domuum,istiaelislnniuis,quibusrdixeruntﬁitabitatores
1238 2607 1401 2643 Jerusalem.
1441 2613 1477 2647 (b)
1496 2607 1528 2638 Et
1548 2607 1762 2650 dispergentur._
1787 2607 1860 2650 (eis:

249 2660 368 2688 quorum
381 2657 470 2678 autem
494 2654 527 2679 ad
545 2653 725 2686 cogitationes
741 2648 957 2688 profunditatum
975 2660 1086 2680 suarum
1107 2657 1134 2679 et
1147 2651 1382 2688 abominationum
1407 2653 1588 2688 suarummcoi:
1608 2651 1710 2685 eorum
1728 2648 1784 2688 ivit:
1802 2648 1860 2688 ‘Vlflll

249 2695 344 2715 eorum
363 2687 389 2712 in
409 2693 489 2721 caput
506 2695 600 2713 eorum
618 2690 707 2722 posui.

757 2688 796 2723 (d)
819 2689 877 2720 'I‘h.,
890 2690 936 2722 qui
955 2690 989 2715 ab
1009 2688 1123 2715 oriente.

1162 2678 1196 2721 (ε)
1214 2686 1315 2713 Domus
1334 2683 1479 2721 irritantis.
1503 2681 1674 2721 _([’)_Coratn~
1687 2680 1747 2720 eis:
1759 2715 1766 2721 _
1777 2679 1809 2714 (ς)
1823 2678 1861 2721 As:

249 2731 351 2750 sumes.
401 2715 504 2755 (h).S.,
528 2715 640 2757 gestavi.
690 2715 720 2757 ti)
739 2715 924 2757 ll‘ic’Noi-hcrg
945 2733 951 2749 :
973 2734 980 2748 ε
1001 2728 1031 2751 ὙἿ

1084 2744 1089 2755 ,
1108 2715 1241 2753 dixerunt,
1267 2729 1315 2755 pro
1336 2725 1423 2757 n'tpn
1451 2715 1533 2757 disi,
1554 2715 1697 2757 legenduim
1723 2715 1858 2757 Viti-ﬁluf::l’

250 2758 354 2785 'l‘exms
375 2749 585 2790 Tettl‘aplort‘tltn,
611 2749 698 2784 sinov‘
711 2749 868 2792 ambiguum
896 2749 946 2785 est.
965 2749 1135 2785 Olnn'ifaﬂitlia
1165 2749 1343 2791 exeuipiaria,
1356 2753 1454 2792 simili.
1472 2753 1553 2792 Hebr.
1573 2749 1599 2778 έι
1625 2749 1860 2792 ναις-,ψεῦδιςψῇ

251 2783 356 2820 Duae":
396 2783 427 2826 lit")
445 2783 499 2823 SI,
516 2783 625 2826 propter

1166 2783 1196 2819 et.
1221 2783 1316 2819 omnes
1338 2783 1395 2817 alas
1414 2790 1474 2824 ejus
1499 2783 1690 2827 dispergam.‘
1721 2783 1860 2827 'l'lt.,fult‘_r:ll

250 2829 319 2861 ejus.
378 2826 614 2862 (1)(Ᾰιιιιιι1υιοιυ.

250 2869 332 2891 terra.

669 2830 716 2862 (in)
739 2830 780 2859 5.,

808 2837 868 2855 cum
887 2837 939 2855 non
960 2829 1064 2855 ordine.

1119 2815 1472 2862 (il)is.,"diiii'niblibréf7‘
1496 2823 1532 2858 (0)
1545 2815 1648 2854 'S.,vut
1669 2829 1721 2848 non
1738 2815 1861 2847 ornatas“
