1959 3079
60 153 126 181 9705

694 155 899 185 llEZEClEle‘
915 157 1029 186 CAPUT
1050 160 1120 188 XIV.

1614 159 1683 187 2706

61 218 247 248 corrumpatur
263 219 334 242 terra
351 223 412 243 cum
429 217 596 251 plenitudine
611 219 687 253 ejus;
701 220 727 246 itt
747 218 839 253 itupie—
855 219 877 246 Δ
891 217 997 246 Adonai
1016 219 1157 247 Dominus.
1179 220 1221 246 10.
1242 219 1292 245 Pro
1307 227 1340 246 eo
1362 218 1434 253 quod
1451 218 1615 252 dcccperunt
1632 225 1681 252 po-

63 264 111 287 tate
121 262 191 287 enim
208 268 317 292 omnes,
334 263 379 297 qui
400 264 524 292 habitant
540 266 567 292 in
584 274 626 293 ea.
645 267 689 294 20.
708 267 740 293 Et
760 267 841 294 urbes

61 313 160 338 eorum,
177 315 240 342 qttte
259 308 415 336 habitantur
426 330 434 342 ,
453 312 642 346 vastabuntur,
657 318 684 340 et
700 317 771 340 terra
802 313 839 347 (ρ)

62 352 84 379 in
99 353 207 380 exitium
225 354 287 385 erit,
303 358 330 380 et
345 357 525 390 cognoscetis,
543 359 614 391 quod
630 366 680 393 ego
699 358 838 386 Dominus‘.

62 400 99 427 2i.
114 400 145 427 Et
160 400 263 428 factum
282 405 322 428 est
337 402 448 429 verbum
468 402 576 430 Domini
603 405 636 431 ad
653 412 705 436 me,
727 405 838 432 dicens:

64 445 101 473 22.
119 445 168 473 Fili
196 447 330 477 hominis,
349 455 409 482 qua:
427 449 557 483 parabola
580 449 638 476 tunc
660 450 736 477 vobis
759 458 840 485 super

63 497 126 518 terra
142 492 263 521 lsraelis.
280 493 434 521 dicentibus
450 493 545 522 vobis:
563 494 646 531 Longi
664 496 733 529 dies,
758 496 838 530 periit

63 536 141 562 omnis
165 536 260 563 visio?
281 536 325 564 25.
345 537 459 573 Propter
482 539 534 567 hoc
560 540 604 567 dic
627 543 660 569 ad
687 549 754 568 eos:
776 541 839 568 Haec

63 580 119 608 dicit
138 582 241 609 Adonai
265 584 415 611 Dominus:
434 584 470 620 (ᾳ)
487 585 520 612 Et
539 590 659 613 avertam
683 587 838 621 parabolam

63 626 131 653 istam
149 632 175 655 et
199 636 254 655 non
270 629 341 656 ultra
361 630 452 658 dicent
470 632 627 666 parabolam
649 633 726 660 istaut
741 634 839 662 domus

63 671 158 700 lsraclis
171 683 178 706 ;
193 674 258 708 quia
293 675 414 710 loqueris
438 677 471 704 ad
494 685 552 710 eos,
568 689 604 702 eo»
622 679 714 707 dicens
733 680 744 714 ζ
759 689 765 706 :
782 681 839 715 Ap-

62 720 269 753 propinquarunt
298 721 366 754 dies,
394 726 422 750 et
452 723 564 751 verbum
593 726 683 753 otnnis
711 727 838 755 visionis.

63 764 100 791 25.
115 765 178 798 Quia
195 774 249 792 non
265 767 321 794 erit
339 768 410 796 ultra
421 769 511 798 omnis
527 771 596 798 visio
610 771 689 804 falsa,
703 772 738 807 (r)
754 778 781 800 et
796 773 839 800 di-

63 809 146 836 vinatts
161 818 221 844 qum
231 811 446 845 pulchritudinis
461 814 487 841 in
505 815 595 843 medio
614 815 731 844 ﬁliorum
752 817 840 846 Israe-

62 854 99 881 lis.
116 855 158 882 ‘25.
179 856 250 888 Quia
275 864 326 892 ego
347 857 480 886 Dominus
505 859 612 895 loquar,
639 862 734 896 loquar
755 863 838 889 verba

61 908 123 931 mea,
137 901 286 934 etfaciam,
300 908 393 931 etnon
414 905 582 941 prolongabo
609 908 746 942 amplius;
774 909 838 942 quia

62 947 85 973 in
98 947 188 975 diebus
207 949 309 976 vestris
326 949 424 978 domus
437 962 472 975 eoa
487 951 594 979 lsraelis
609 953 620 986 ζ
645 954 773 985 irritatis;
797 954 838 981 lo-

61 1000 121 1026 quar
133 994 254 1027 verbum,
280 1000 308 1022 et
325 995 442 1030 faciam,
469 998 535 1025 dicit
563 999 667 1026 Adonai
696 999 836 1027 Dominus.

63 1039 101 1065 26.
121 1039 150 1066 Et
164 1039 262 1068 factum
280 1047 324 1068 est
344 1043 455 1070 verbum
477 1043 584 1072 Domini
601 1046 635 1072 ad
651 1053 704 1078 me,
723 1046 836 1074 dicens:

63 1084 102 1111 27.
118 1084 164 1112 Fili
179 1087 316 1119 ltominis,
334 1095 398 1115 ecce
420 1089 518 1118 dottnts
534 1090 641 1118 lsraelis
656 1092 778 1124 irritans,
798 1092 838 1120 di-

63 1131 137 1158 eentlo
146 1131 235 1159 dicunt
248 1142 254 1159 :
267 1133 357 1164 Visio,
370 1142 451 1168 quam
464 1135 507 1162 hic
521 1136 603 1168 videt,
617 1136 644 1163 in
656 1137 715 1163 dies
726 1137 836 1170 multos,

62 1177 118 1203 etin
133 1181 248 1219 tempora
266 1179 349 1213 longa
363 1180 415 1206 iste
427 1181 581 1216 prophetat.
598 1182 644 1209 28.
657 1182 771 1217 Propter
786 1183 837 1210 hoc

63 1221 99 1249 dic
111 1222 140 1249 ad
157 1231 220 1251 eos:
240 1223 307 1251 Haec
324 1225 390 1252 dicit
411 1226 516 1254 Adonai
532 1226 664 1255 Dominus
679 1237 684 1254 :
701 1228 759 1255 Non
774 1237 837 1264 pro-

63 1267 229 1302 longabuntur
243 1271 318 1298 ultra
336 1272 428 1298 omnia
452 1272 534 1299 verba
561 1281 632 1306 mea,
656 1282 837 1310 quaecumque

63 1315 156 1343 locutus
172 1316 247 1344 fuero
261 1327 268 1344 :
285 1317 383 1353 loquar
403 1318 528 1351 verbum,
547 1319 582 1355 (δ)
605 1319 755 1355 etfaciam,
771 1321 837 1349 dicit

61 1361 153 1389 Adonai
164 1362 304 1392 Dominus.

91 1409 150 1444 Cap.
168 1410 235 1444 Xlll,
256 1411 284 1438 Ι.
303 1411 338 1439 Ει
354 1412 455 1441 factum
473 1417 515 1441 est
533 1414 645 1441 verbum
672 1414 778 1442 Domini
802 1415 835 1442 ad

63 1462 106 1486 me,
124 1456 230 1485 dicens:
246 1457 274 1486 2.
293 1458 344 1485 Fili
365 1459 496 1491 hominis,
516 1460 648 1494 propheta
671 1468 753 1495 super
774 1469 836 1496 pro-

64 1501 144 1535 phetas
156 1502 274 1536 lsraelis,
290 1506 336 1539 qui
350 1505 525 1540 prophetattt,
545 1508 578 1540 ὶε(
589 1510 617 1533 et
628 1507 702 1535 dices
717 1507 835 1542 prophe-

64 1547 100 1577 tis,
121 1549 162 1582 qui
177 1550 343 1584 prophetam
356 1551 389 1578 de
411 1551 494 1579 corde
525 1560 585 1584 suo,
605 1558 632 1580 et
649 1554 834 1588 propltetabis,

65 1598 86 1619 et
96 1593 162 1621 (lich
176 1595 208 1622 ad
225 1603 274 1623 eos
293 1596 304 1630 ζ
322 1605 329 1622 :
345 1597 444 1625 Audite
460 1598 570 1625 verbum
591 1599 709 1626 Domini.
726 1600 752 1626 3.
774 1599 836 1627 llaec

64 1638 116 1666 dicit
135 1639 234 1667 Adonai
259 1641 411 1669 Dominus:
431 1641 475 1669 Va:
494 1643 536 1669 Itis
559 1643 605 1677 qui
622 1644 785 1678 prophetant
804 1644 838 1671 de

64 1686 132 1714 corde
147 1695 204 1716 suo.
222 1689 255 1721 χ(
276 1689 481 1716 ambulantihtts
497 1694 558 1724 post
573 1690 699 1724 spiritum
716 1698 796 1717 suum
812 1690 835 1724 ζ,

63 1735 86 1758 et
101 1733 204 1760 omnino
217 1741 270 1760 non
291 1734 393 1760 vident.
413 1734 439 1761 4.
456 1734 534 1762 Sicut
557 1735 651 1769 vulpes
668 1736 695 1762 itt
721 1736 836 1763 desertis

64 1779 186 1812 propheta:
205 1779 254 1812 tui,
284 1778 377 1812 lsrael,
396 1782 430 1814 Χ
444 1785 524 1807 erant
538 1780 549 1814 ζ
565 1789 572 1807 :
587 1781 612 1808 5.
635 1782 666 1816 (ι)
682 1789 736 1808 tton
755 1785 839 1809 stete-

65 1828 118 1850 runt
140 1824 163 1851 in
184 1825 333 1852 ﬁrmitate:
360 1830 386 1853 et
408 1831 609 1862 congregatum
632 1835 727 1862 greges
755 1835 838 1863 super

64 1868 157 1896 dontttnt
173 1870 280 1899 lsraelis
295 1881 301 1898 :
321 1879 374 1898 nou
398 1878 616 1906 rcsurrexerunt,
633 1874 680 1908 qui
699 1873 794 1900 dicuttt
810 1873 836 1900 in

64 1914 99 1941 die
112 1915 222 1947 Domini,
247 1918 277 1943 6.
301 1917 423 1944 videntes
443 1917 596 1950 mendacia,
620 1918 658 1953 (ιι)
680 1917 837 1946 divinantes

65 1968 120 1988 vana
137 1962 179 1997 qui
199 1963 295 1990 dicunt
309 1973 315 1990 :
336 1963 407 1990 Dicit
422 1963 555 1991 Dominus
569 1973 577 1997 ;
593 1968 621 1990 et
639 1964 770 1992 Dominus
783 1973 836 1991 tton

64 2008 126 2036 misit
149 2017 204 2040 eos,
230 2015 258 2037 et
287 2014 432 2045 coeperunt
456 2010 591 2037 suscitare
621 2017 785 2038 sermonem.
812 2011 836 2037 7.

65 2052 146 2082 Nonne
169 2056 301 2083 visionem
321 2056 451 2082 falsorum
474 2056 589 2087 vidistis,
605 2062 632 2083 et
656 2057 838 2084 divinationes

64 2107 136 2127 vanas
153 2102 287 2129 dixistis?
306 2103 338 2135 Β(
359 2106 386 2128 et
407 2102 514 2129 dixistis
532 2111 537 2128 :
559 2102 630 2129 Dicit
644 2103 794 2136 Dominus;
813 2107 839 2129 et

65 2153 106 2180 ego
120 2155 169 2174 non
184 2148 293 2176 locutus
316 2156 375 2175 sum
399 2148 421 2182 ζ.
440 2148 466 2175 8.
484 2149 598 2183 Propter
614 2149 665 2175 hoc
687 2149 750 2176 dic:
777 2149 840 2176 Haec

65 2192 120 2219 dicit
135 2194 233 2221 Adonai
253 2194 406 2221 Dominus:
426 2195 480 2221 Pro
497 2203 529 2222 eo
549 2195 622 2229 quod
641 2195 723 2221 vcrba
750 2199 838 2222 vestra

898 265 992 298 pulutn
1014 273 1116 296 meum,
1130 266 1268 293 dicentes:
1285 264 1352 296 Pax,
1368 270 1395 292 et
1413 272 1467 290 tton
1483 269 1542 290 erat
1558 272 1626 298 pax:
1644 264 1683 298 (at)

897 314 922 336 et
944 310 995 338 iste
1019 311 1135 338 aedificat
1157 311 1298 345 parietem,
1317 314 1344 336 et
1366 310 1409 336 isti
1431 309 1520 336 linunt
1543 317 1604 336 eum
1625 309 1684 336 sine

899 356 1014 389 ratione,
1031 357 1144 384 mhcus
1157 356 1235 383 cadet
1252 356 1275 389 ζ.
1294 356 1337 382 Η.
1349 355 1395 382 Dic
1413 355 1445 381 ad
1461 362 1519 386 eos,
1535 355 1582 389 qui
1596 355 1684 381 linunt

898 401 956 429 sine
975 403 1101 429 ratione:
1121 402 1215 435 Cadet,
1245 407 1272 429 et
1290 402 1343 429 erit
1368 401 1458 436 pluvia
1485 400 1631 432 inundans,
1657 405 1684 427 ct

896 447 968 474 dabo
983 447 1086 482 lapides
1101 447 1274 482 prmgrandes
1292 455 1323 475 -ιι
1340 448 1366 473 in
1381 447 1525 481 juncturas
1542 453 1636 472 eorum
1657 446 1682 480 ζ,

896 493 1006 524 cadent.
1028 499 1055 520 et
1082 498 1192 520 ventum
1221 493 1401 524 auferentem,
1427 497 1453 518 et
1485 492 1681 526 disrnntpetur.

897 540 939 566 12.
953 539 984 567 Et
996 548 1058 567 ecce
1073 540 1169 567 cecidit
1185 539 1286 574 paries.
1300 539 1336 573 (y)
1353 543 1380 565 et
1393 545 1447 564 non
1463 538 1555 564 dicent
1571 537 1603 564 ad
1617 545 1682 564 vos:

896 585 947 612 Ubi
962 591 1003 612 est
1024 585 1105 612 litura
1123 589 1225 616 vestra,
1241 592 1321 619 quam
1341 583 1488 610 linivistis?
1507 583 1549 609 lﬁ.
1566 582 1683 617 Propter

895 631 947 658 hoc
961 631 1018 658 haec
1038 631 1104 658 dicit
1124 629 1229 657 Adonai
1257 628 1406 655 Dominus:
1430 627 1517 654 Etiam
1540 627 1681 661 projitgiam

894 678 986 704 flatum
1005 676 1174 703 auferentem
1188 683 1249 702 cuttt
1269 674 1361 701 furore
1373 681 1443 705 meo,
1458 677 1484 699 et
1499 672 1589 707 pluvia
1601 672 1682 698 iuun-

893 725 963 751 dans
980 723 1006 750 itt
1019 723 1059 750 ira
1077 730 1137 749 mea
1152 722 1214 754 erit,
1229 726 1255 748 et
1275 721 1378 754 lapides
1398 719 1570 755 praegraudes
1588 719 1614 744 in
1641 718 1682 744 fn-

894 779 956 798 rore
968 770 1094 798 inducam
1113 770 1140 796 in
1155 768 1418 795 consummationem
1434 775 1440 793 :
1455 766 1503 802 ¹Μ.
1523 769 1548 792 ct
1561 769 1681 791 evertant

894 817 1036 852 parietem,
1049 823 1130 850 quem
1146 814 1286 843 liniristis.
1301 817 1330 839 ttt
1350 813 1429 839 cadat
1443 821 1448 838 :
1466 817 1492 838 ct
1503 818 1603 847 ponam
1617 817 1680 836 eum

895 871 976 899 super
997 868 1107 894 terram,
1127 866 1153 889 et
1175 861 1335 895 detegantur
1362 858 1537 885 fundamenta
1560 857 1630 891 ejus,
1655 860 1682 882 et

893 910 991 943 cadet,
1009 914 1035 936 et
1060 913 1236 936 consumetur
1262 914 1324 933 cum
1351 903 1630 940 rcpreltcnsimtibus,
1654 905 1683 928 et

893 955 1073 990 cognoscetis,
1099 955 1161 988 quia
1178 961 1228 987 ego
1253 952 1395 978 Dominus.
1416 951 1460 977 15.
1481 950 1510 976 Et
1532 948 1676 982 complebo

893 1001 1012 1029 furorem
1032 1008 1121 1026 nteutn
1147 1006 1228 1033 super
1244 997 1373 1031 parietem
1386 1017 1392 1028 ,
1408 1000 1434 1022 et
1462 1003 1546 1028 super
1561 1001 1619 1025 eos,
1633 993 1680 1027 qui

893 1047 982 1074 linunt
1001 1054 1074 1079 eum,
1090 1050 1113 1071 ei
1132 1045 1221 1072 cadet.
1241 1043 1274 1070 Et
1293 1042 1347 1069 dixi
1363 1042 1396 1069 ad
1419 1049 1485 1068 vos:
1502 1039 1560 1067 Non
1577 1044 1618 1066 est
1633 1046 1680 1070 pa-

891 1093 958 1125 ries,
993 1099 1081 1126 neque
1111 1090 1157 1124 qui
1184 1090 1273 1115 linunt
1298 1096 1370 1115 eum.
1397 1086 1440 1114 16,
1473 1085 1509 1121 (z)
1541 1084 1681 1119 Propheta:

891 1137 1017 1170 Israelis,
1037 1137 1082 1171 qui
1115 1136 1279 1170 prophetam
1307 1141 1391 1168 super
1412 1131 1573 1163 Jerusalem,
1590 1134 1617 1156 et
1634 1129 1680 1164 qui

891 1185 983 1212 vident
999 1183 1022 1211 ei
1040 1190 1144 1217 pacem,
1158 1185 1185 1208 et
1200 1188 1251 1215 pax
1269 1187 1322 1206 non
1341 1183 1393 1209 cst,
1415 1177 1482 1204 dicit
1505 1175 1611 1202 Adon-ai
1627 1173 1680 1199 Do-

891 1231 992 1257 ntinus.
1011 1229 1054 1256 l7.
1086 1227 1120 1254 Et
1150 1233 1190 1259 tu,
1222 1226 1258 1252 fili
1283 1224 1413 1255 hominis,
1443 1222 1557 1260 ublirma
1583 1220 1679 1247 facictu

891 1281 965 1303 tuam
993 1282 1074 1309 super
1094 1273 1163 1300 tilias
1184 1271 1276 1307 populi
1306 1270 1356 1302 tui,
1382 1266 1427 1303 qui
1457 1267 1618 1303 prophetant
1647 1265 1682 1292 de

891 1323 973 1350 corde
989 1329 1051 1353 suo,
1065 1325 1091 1347 ct
1103 1319 1233 1354 propheta
1246 1325 1328 1351 super
1339 1323 1397 1348 eas,
1412 1314 1454 1341 l8.
1465 1319 1492 1340 et
1505 1314 1579 1340 dices
1593 1321 1600 1339 :
1617 1311 1680 1339 ll:cc

891 1368 958 1395 dicit
974 1366 1079 1394 Adonai
1107 1365 1258 1391 Dominus:
1277 1362 1321 1389 Va:
1340 1361 1394 1393 Itis,
1413 1360 1458 1394 qui
1479 1362 1616 1386 consuunt
1642 1357 1680 1392 (α)

891 1413 1035 1441 cervicalia
1054 1412 1147 1439 subter
1158 1417 1266 1438 omnem
1282 1407 1405 1435 cubitum
1419 1413 1528 1437 mattus,
1540 1409 1566 1432 et
1578 1403 1682 1431 faciunt

890 1459 1023 1488 velamina
1040 1458 1077 1494 (ὁ)
1092 1464 1174 1491 super
1188 1463 1269 1482 Otutte
1286 1458 1368 1489 caput
1387 1453 1475 1480 otnttis
1498 1455 1618 1481 staturae,
1631 1450 1634 1452 ξ
1645 1449 1678 1475 ad

890 1504 1108 1542 perturbandum
1124 1502 1249 1529 animas:
1269 1500 1302 1535 (ο)
1323 1499 1421 1526 anima:
1438 1497 1600 1532 perturbate
1616 1499 1682 1522 sunt

890 1541 984 1588 populi
1021 1550 1084 1582 mei,
1112 1553 1140 1575 et
1159 1548 1264 1575 animus
1289 1545 1450 1572 liberabant.
1470 1543 1513 1570 19,
1540 1541 1571 1568 ΕΙ
1590 1541 1682 1575 profa-

888 1587 991 1626 nabant
1011 1604 1054 1623 nte
1073 1594 1105 1621 ad
1136 1593 1264 1627 populum
1290 1598 1380 1618 nteutn
1406 1593 1516 1623 propter
1546 1587 1678 1621 pttgillum

888 1644 995 1676 hordei,
1009 1647 1035 1670 et
1051 1647 1160 1676 propter
1175 1639 1325 1673 fragmenta
1342 1636 1432 1670 panis,
1450 1634 1483 1660 ad
1499 1633 1678 1660 occidendum

889 1692 1005 1723 animas,
1023 1696 1092 1725 quas
1109 1695 1161 1714 ttou
1174 1685 1295 1720 oportuit
1311 1683 1391 1714 tttori,
1410 1686 1437 1708 et
1452 1680 1484 1707 ad
1503 1677 1676 1706 liberandum

889 1738 1005 1769 animas,
1021 1743 1090 1771 quas
1110 1741 1164 1761 non
1180 1730 1301 1766 oportuit
1318 1729 1419 1760 vivere,
1446 1734 1507 1753 cum
1533 1725 1623 1752 otesitn
1635 1724 1681 1771 lo-

888 1783 1004 1820 quimini
1022 1769 1122 1817 populo
1142 1777 1261 1806 audienti
1283 1775 1394 1803 concisa
1422 1773 1503 1800 verba
1519 1779 1598 1820 varia.
1631 1769 1678 1795 20.

889 1817 1002 1865 Dropter
1015 1829 1065 1856 hoc
1080 1828 1137 1854 hinc
1149 1825 1216 1853 dicit
1233 1822 1364 1850 Dominus
1381 1820 1532 1847 Dominus:
1548 1817 1617 1843 Ecce
1631 1824 1681 1865 ego

889 1861 971 1910 Stiper
987 1872 1131 1902 cervicalia
1149 1875 1252 1901 vestra,
1270 1875 1352 1902 super
1367 1874 1428 1900 qua:
1449 1865 1487 1898 (ά)
1515 1861 1681 1910 perturbatis

889 1907 932 1949 ibi.
946 1921 1070 1948 animas:
1082 1923 1109 1946 et
1125 1916 1278 1945 discindam
1294 1921 1325 1941 ea
1341 1914 1373 1940 de
1387 1911 1508 1940 brachiis
1521 1909 1630 1941 vestris,
1645 1907 1679 1941 (ε)

889 1973 916 1996 et
933 1968 1056 1996 emittam
1078 1964 1195 1995 auintas,
1214 1969 1282 1997 quas
1310 1967 1357 1986 vos
1373 1958 1495 1986 evertitis
1508 1956 1615 1983 animas
1632 1962 1681 1981 eo-

890 2022 950 2042 rum
969 2014 995 2040 in
1016 2011 1215 2046 dispersionetn
1230 2017 1237 2035 :
1251 2012 1278 2034 et
1301 2005 1454 2034 discindant
1477 2002 1611 2030 velamina
1632 2008 1679 2027 ve-

890 2064 956 2091 stra,
973 2063 1000 2084 et
1015 2056 1137 2084 liberabo
1162 2053 1292 2089 populum
1314 2058 1404 2078 tuetnu
1434 2057 1449 2076 e
1471 2055 1554 2074 tnattu
1571 2051 1681 2079 vestra,

889 2110 916 2133 et
929 2112 982 2131 non
998 2107 1079 2130 erunt
1093 2103 1164 2129 ultra
1177 2100 1202 2127 in
1223 2098 1349 2126 tuanibus
1367 2095 1466 2123 vestris
1493 2094 1519 2120 iIt
1536 2093 1681 2121 conturba-

891 2152 990 2178 tionem
1008 2158 1014 2176 :
1032 2153 1058 2175 et
1076 2146 1258 2182 cognoseetis,
1274 2142 1346 2178 quod
1360 2150 1410 2176 ego
1428 2140 1568 2167 Dominus.
1583 2139 1628 2165 22.
1646 2138 1681 2172 (Ῑ)

890 2197 942 2223 Pro
955 2203 987 2223 ro
998 2194 1070 2230 quod
1083 2191 1282 2229 perturbabatis
1298 2198 1345 2216 cor
1359 2189 1428 2224 justi
1449 2187 1560 2219 injuste,
1583 2191 1609 2213 et
1628 2193 1681 2219 ego

66 2239 200 2271 mendacia,
226 2244 253 2267 et
281 2240 464 2267 divinationes
487 2244 584 2267 vestra:
613 2248 697 2272 variat,
727 2245 837 2275 propter
854 2245 876 2272 Ι)
891 2250 944 2269 non
967 2240 1160 2276 perturbabam
1180 2245 1253 2269 eum,
1275 2240 1302 2263 ct
1318 2236 1351 2262 ad
1368 2233 1601 2262 corrobm‘audum
1619 2239 1679 2258 tua-

66 2282 108 2310 ltoc
125 2292 184 2312 ecce
212 2294 263 2321 ego
290 2293 373 2320 Super
398 2293 458 2318 vos,
476 2286 543 2312 dicit
563 2286 668 2312 Adonai
691 2286 835 2319 Dominus,

66 2326 87 2354 9.
99 2333 122 2355 et
137 2332 277 2358 extendam
294 2339 404 2357 tuanutn
421 2337 509 2357 meam
525 2338 607 2365 super
618 2331 773 2365 prophetas,
790 2329 836 2367 qui

66 2373 143 2402 \ident
159 2376 310 2408 mendacia,
326 2381 353 2404 et
367 2377 412 2412 qui
429 2378 519 2404 caesim
534 2377 685 2411 loquuntur
702 2385 771 2404 vana
787 2387 792 2404 :
810 2377 836 2404 in

67 2419 194 2456 disciplina
212 2424 304 2458 populi
319 2424 370 2450 mei
386 2432 440 2450 non
464 2428 554 2455 erunt,
568 2433 604 2447 con
616 2428 642 2450 et
658 2424 684 2450 itt
700 2425 835 2458 scriptura

67 2465 151 2496 domus
175 2470 314 2505 lsraelis:
344 2477 397 2497 non
425 2470 595 2503 scribentur,
628 2475 655 2498 et
681 2471 706 2497 in
735 2475 836 2497 terram

68 2512 160 2543 lsraelis
171 2525 222 2544 non
238 2517 434 2552 ingredientur,
450 2522 477 2545 et
497 2518 593 2550 scient,
608 2517 679 2552 quod
701 2526 751 2552 ego
773 2525 833 2545 sunt

96 2618 130 2655 (ρ)
155 2620 195 2650 8..
216 2630 270 2650 non
291 2618 414 2648 ordinata
437 2623 498 2649 erit.

70 2655 96 2689 is)
108 2652 154 2688 'S.,
174 2661 199 2683 et
211 2657 292 2683 simul
320 2657 375 2683 fiet.

71 2698 152 2728 timeo
170 2692 241 2728 quod
258 2697 370 2724 starent,
392 2692 464 2719 sicut
478 2693 504 2718 in
524 2693 606 2721 bello,
621 2693 648 2719 in
665 2692 709 2718 die
727 2692 846 2719 Domini.
892 2694 932 2726 (ιι)
960 2692 986 2716 In
1008 2692 1140 2728 divinatio

71 2726 153 2753 ﬁcabat
166 2723 292 2761 parietem
318 2728 390 2754 sicut
412 2727 541 2760 firmum;
566 2727 604 2754 illi
621 2733 711 2754 autent
742 2727 873 2754 liniebant
896 2723 959 2753 eum
985 2733 1036 2752 non
1052 2723 1182 2761 condito.

72 2760 108 2786 ubi
134 2760 210 2788 litura
236 2770 316 2796 quam
333 2763 482 2790 linivistis?
523 2763 558 2797 (ς.)
586 2762 627 2793 S.,
649 2762 696 2789 sed
722 2763 861 2797 propltetm
886 2761 1005 2790 lsraelis.
1046 2760 1084 2794 (ai
1102 2760 1142 2789 δη
1173 2761 1268 2797 Simili!-
1308 2760 1359 2797 (Β),

381 2799 487 2824 animas
511 2785 681 2824 \ictiabaittur
706 2785 807 2831 ῃῖψιῖιυ

893 2785 1054 2829 L";'“§.iiims‘
1078 2785 1173 2820 autem
1199 2791 1286 2831 vobis“
1305 2785 1460 2831 insistis
1479 2795 1505 2814 θ.
1528 2785 1682 2831 Intulit—istis)

70 2796 197 2824 cervicettt.
252 2797 286 2830 (ε)
313 2797 341 2824 δι
348 2819 354 2830 ν

71 2829 180 2859 liberare.

71 2863 138 2893 iratis.

553 2622 589 2656 ((1)
620 2621 660 2655 S.,
679 2622 759 2649 etiam
789 2630 835 2657 qut

893 2629 933 2649 :re
959 2620 1066 2647 laciatn.
1112 2620 1147 2652 (r)
1176 2620 1218 2657 δ’..
1232 2620 1273 2655 'ct
1291 2623 1344 2642 non
1360 2620 1653 2657 αιγιηριιιιρνιυυιῗειιιιξξ

421 2645 453 2691 (ὦ
479 2657 519 2689 8.,
545 2645 598 2683 uitii:
617 2645 777 2684 ascendistis
791 2645 1092 2692 ‘ifﬁiﬁuhq's'neque
1115 2645 1252 2692 sepi\'istis
1271 2658 1364 2692 sepem
1380 2650 1451 2692 circa
1471 2647 1551 2692 filiosl

235 2832 272 2866 (dt
296 2833 476 2865 S.,\'cnatnini
501 2833 616 2866 anitttas,
643 2833 720 2868 quasi
737 2833 868 2861 volarent.

893 2296 944 2315 nus
957 2287 1055 2321 iniqui,
1067 2291 1097 2313 ut
1111 2285 1223 2312 omnino
1239 2291 1291 2310 non
1307 2290 1336 2310 se
1350 2285 1482 2308 averteret
1498 2290 1533 2303 em
1546 2280 1579 2305 ab
1604 2278 1679 2312 inju-

892 2333 965 2361 stitia
986 2341 1045 2365 sua,
1062 2335 1088 2359 et
1102 2332 1114 2366 ζ
1131 2339 1146 2358 a
1162 2331 1206 2357 via
1220 2337 1269 2357 sua
1284 2329 1365 2359 mala,
1380 2332 1406 2354 et
1422 2327 1525 2352 viveret
1539 2324 1602 2358 £5.
1621 2331 1680 2358 pro-

892 2384 952 2415 pter
973 2379 1025 2406 ltoc
1042 2377 1181 2404 mendacia
1204 2384 1258 2403 non
1283 2373 1422 2404 videbitis,
1447 2375 1475 2398 et
1499 2369 1681 2396 divinationes

893 2433 946 2452 non
959 2423 1114 2452 divinahitis
1123 2422 1240 2456 amplius
1253 2430 1259 2447 :
1274 2425 1301 2447 et
1311 2418 1434 2446 liberabo
1444 2416 1573 2452 populuttt
1591 2421 1681 2440 meum

892 2473 924 2500 de
944 2479 1026 2498 tuauu
1039 2474 1139 2501 vcstra,
1150 2473 1175 2495 et
1191 2466 1373 2503 cognoscetis,
1391 2464 1455 2499 quia
1472 2470 1521 2496 ego
1538 2460 1681 2488 Dominus.

926 2517 991 2552 (lup.
1006 2515 1075 2549 XIV,
1099 2516 1122 2542 l.
1138 2515 1171 2541 Et
1188 2517 1320 2540 venerunt
1332 2511 1365 2538 ad
1385 2519 1428 2538 tne
1445 2509 1494 2536 viri
1511 2508 1544 2535 de
1566 2505 1682 2535 seniori-

1112 2617 1147 2652 (ν)
1176 2616 1218 2648 S.,
1246 2620 1273 2642 cl
1291 2623 1344 2642 non
1360 2610 1679 2652 divinationlubricitatis.

1240 2685 1278 2720 (π)
1305 2680 1348 2715 3.,
1365 2689 1391 2710 et
1408 2681 1596 2720 ipsc‘quidem
1617 2680 1683 2720 aedi-

1297 2720 1339 2750 S.,
1360 2715 1449 2756 annon
1467 2715 1572 2756 dicetur
1583 2715 1681 2742 vobis:

1308 2755 1345 2790 (ιι)
1375 2755 1419 2790 8.,
1435 2753 1543 2790 “subter
1564 2752 1683 2790 omnem

892 2688 932 2726 lu)
960 2690 986 2716 ltt
1008 2688 1186 2726 divinatione.

1046 2759 1084 2794 (ιι)
1102 2757 1142 2789 8.,
1173 2761 1268 2794 strata.

910 2822 952 2868 (et
966 2831 1006 2864 8.,
1026 2835 1052 2857 ct
1064 2830 1208 2858 dimittant.
1257 2827 1289 2860 α’)
1311 2824 1352 2858 8.,
1367 2825 1401 2852 ob
1417 2822 1441 2851 id
1464 2822 1536 2858 quod
1571 2825 1681 2854 torque-
