1959 3079
60 111 131 139 2709

686 105 889 135 HEZEClEI.|S
908 105 1023 133 CAPUT
1044 105 1112 132 XVI.

1626 105 1697 133 27ft)

59 176 113 201 quo
127 172 193 196 nata
207 175 248 200 es,
263 175 316 195 non
329 167 447 203 ligarunt
461 166 595 194 mamillas
614 170 684 197 tuas,
695 170 722 192 et
745 165 771 192 in
787 171 857 198 aqua
874 166 894 192 Α
911 164 983 190 nmla
1012 169 1038 190 et
1058 164 1239 197 discooperla,
1256 166 1282 188 ω
1305 161 1368 188 dum
1384 166 1527 190 cruentata
1545 166 1571 188 tu
1588 161 1614 188 in
1635 170 1698 189 sau-

59 223 115 242 nou
129 214 185 240 lota
199 222 231 242 es
248 215 280 250 (ι’)
299 215 326 241 in
339 215 465 246 salutem,
487 221 538 241 nec
555 213 610 240 sale
624 212 702 240 salita
719 220 759 242 es,
776 216 802 238 et
814 210 865 237 fa-‘

47 267 60 285 S
72 260 126 288 ciis
147 269 204 288 non
225 260 341 288 fasciata
353 268 383 287 es
400 269 406 286 :
422 259 447 286 5.
467 267 518 286 nec
536 258 656 293 pepercit
669 257 764 284 oculus
780 263 856 282 meus

53 313 144 341 super
155 311 194 339 te,
211 306 245 334 ad
259 306 415 333 faciendum
432 305 478 332 tibi
494 312 577 331 unum
593 305 633 330 ‘ex
660 303 702 331 his
719 302 855 332 omnibus,

59 354 92 381 ad
109 353 272 387 patiendum
288 352 427 387 quippiam
443 358 524 385 super
538 355 582 378 te:
599 354 626 377 et
639 349 756 384 projecta
773 355 801 375 es
812 356 858 374 su—

59 407 109 433 per
126 399 226 426 faciem
250 399 339 434 campi
364 397 542 432 perversitate
561 396 660 423 animae
680 402 743 426 tute.
760 395 786 421 iu
803 394 856 425 di‘c.

59 454 119 479 quo
151 450 215 472 nata
236 452 275 472 es.
298 444 324 471 6.
352 444 384 470 Et
409 443 522 470 transivi
541 450 624 478 super
649 447 684 474 Ic,
712 446 738 467 ct
762 441 813 468 vidi
832 445 858 467 te

61 497 236 518 cruentatam
253 490 280 517 in
299 490 430 525 sanguine
447 493 505 520 tuo,
523 493 548 516 et
564 488 622 515 dixi
642 487 688 515 tibi
707 497 713 514 :
730 495 763 514 ex
792 494 857 514 san-

62 537 146 572 guine
163 541 210 563 tuo
225 535 340 563 vivendo
353 538 422 564 vive.
437 534 460 561 7.
478 534 657 568 Multiplicare
671 542 678 559 :
697 533 767 561 sicut
781 537 858 560 ortus

63 582 122 616 agri
139 581 202 608 dedi
217 585 254 613 te,
279 585 306 607 et
330 580 506 614 multiplicata
527 587 567 611 es.
589 584 616 606 et
631 578 800 613 magniﬁcala
816 585 856 610 es,

64 628 101 662 (9)
115 633 140 655 et
163 627 286 662 ingressa
302 633 332 653 es
348 627 374 653 in
394 627 475 653 urbes
491 627 599 653 urbium
616 635 622 652 :
641 625 725 652 ubera
743 631 787 651 tua
799 632 858 651 ere-

64 680 108 701 cta
139 678 216 705 sunt,
242 677 269 699 et
294 673 364 706 pilus
384 677 447 699 tuus
472 676 547 699 ortus
563 676 614 702 est,
639 677 666 697 tu
691 675 782 697 autem
798 677 858 697 cras

66 720 151 752 nuda,
170 719 387 753 ctdiseooperta.
399 717 425 744 8.
446 717 478 744 Et
492 717 602 744 transivi
622 724 703 751 super
715 721 751 749 te,
767 720 793 743 et
805 715 858 742 vidi

66 772 92 794 te
109 771 156 794 :et
170 773 234 793 ecce
250 770 355 799 tempus
381 768 468 796 tuum,
489 768 516 790 et
535 767 640 798 tempus
666 763 704 797 (hi
722 762 859 790 diverten-

65 813 135 840 tium
153 822 159 839 :
176 818 203 839 et
218 811 333 846 expandi
350 807 407 838 alas
422 818 502 843 super
517 814 553 840 te,
567 813 593 836 et
608 809 706 844 operui
733 807 858 842 pudenda

63 861 124 888 tua,
140 856 268 890 etjuravi
290 855 339 882 tibi
356 864 361 881 :
389 859 415 881 et
430 854 569 889 ingressus
580 862 640 882 sum
660 854 687 880 in
709 858 858 880 testamen-

65 906 124 928 tum
149 905 249 933 tecum,
271 899 336 926 dicit
357 899 462 927 Adonai
492 898 649 926 Dominus:
675 903 702 925 et
730 898 800 925 facta
829 905 859 925 es

64 947 146 979 mihi,
158 947 185 974 9.
199 951 226 974 et
243 946 294 973 lavi
308 951 333 973 te
347 946 462 980 iuaqua,
478 950 504 971 et
517 945 590 971 ablui
608 945 768 979 sanguinem
782 948 859 971 tuum

65 1001 80 1020 a
99 998 137 1025 te,
155 998 183 1020 et
198 994 262 1019 unxi
279 997 304 1019 te
318 993 345 1019 in
357 992 427 1018 oleo.
449 991 492 1018 10.
511 990 543 1017 Et
557 991 631 1018 indui
649 995 674 1018 te
687 990 860 1018 versicolori-

65 1040 129 1070 bus,
147 1043 174 1066 et
188 1038 305 1066 calceavi
326 1042 351 1065 te
379 1037 535 1073 hyacintho,
552 1040 579 1063 et
596 1036 703 1063 acciuxi
719 1040 745 1063 te
764 1036 858 1071 bysso,

67 1085 99 1119 (i)
114 1089 142 1111 et
159 1083 324 1111 circumdedi
340 1090 365 1110 te
381 1083 524 1117 tricbapto,
538 1082 580 1109 il.
595 1087 621 1109 et
632 1082 725 1109 ornavi
739 1087 765 1109 te
779 1089 861 1108 orna-

68 1135 174 1163 mento,
189 1137 217 1158 et
238 1130 316 1165 posui
335 1129 454 1156 armillas
467 1136 549 1163 super
574 1136 671 1155 manus
694 1133 764 1160 tuas,
783 1133 810 1155 et
823 1127 860 1162 (It)

68 1182 197 1212 torquem
220 1176 245 1203 in
267 1176 368 1203 collum
388 1179 462 1202 tuum
488 1184 494 1202 :
514 1175 556 1202 1-2.
573 1179 600 1201 et
613 1173 674 1201 dedi
693 1174 815 1200 inaurcm
830 1172 859 1208 (ι)

68 1224 103 1249 ad
124 1230 218 1248 narem
232 1226 316 1254 tuam,
332 1226 358 1248 et
374 1221 475 1247 l‘ﬂllliJS
495 1228 577 1255 super
591 1227 671 1247 aures
688 1225 759 1251 tuas,
774 1223 801 1245 et
812 1226 859 1245 CO-

69 1276 166 1296 ronam
182 1268 353 1303 glariationis
363 1275 445 1302 super
459 1271 540 1302 caput
552 1271 627 1293 tuum
644 1275 650 1293 :
667 1266 711 1292 15.
727 1270 753 1292 et
765 1269 861 1292 ornata

67 1323 99 1342 es
123 1323 194 1342 auro
218 1319 244 1341 et
264 1319 386 1348 argento,
413 1318 440 1340 et
468 1313 629 1340 vestimenta
654 1316 699 1338 tua
727 1311 812 1346 byssi.
835 1314 862 1337 et

69 1361 218 1396 trichapta,
236 1365 262 1387 et
277 1359 326 1396 (m)
348 1359 522 1386 versicoloria
539 1368 546 1385 :
563 1358 690 1390 Similam,
704 1361 730 1383 et
745 1356 807 1389 mel,
835 1360 862 1383 et

68 1408 162 1434 oleum
181 1406 335 1438 comedisti,
357 1411 384 1433 et
403 1405 473 1433 facta
498 1413 527 1432 es
543 1405 656 1439 pulchra
680 1404 758 1431 valde
771 1403 861 1436 valde,

69 1454 107 1488 (η)
126 1458 154 1480 et
178 1457 253 1480 recta
273 1452 346 1479 ivisti
373 1453 407 1486 »ζ
432 1452 458 1478 in
479 1459 591 1487 regnum
609 1451 621 1486 ζ
645 1460 651 1477 :
676 1450 719 1477 14.
737 1454 764 1476 et
779 1449 863 1476 exivit

908 209 988 243 guiue
1004 213 1050 235 tuo
1065 208 1165 235 vixisti.
1181 207 1225 234 25.
1241 207 1271 234 Et
1285 207 1383 234 factum
1404 214 1454 240 est,
1481 211 1537 243 post
1555 207 1591 241 (q)
1603 215 1698 234 omnes

908 254 1027 281 malitias
1045 259 1114 286 tuas,
1132 255 1166 288 Χ
1182 261 1230 284 vae,
1247 261 1286 280 vte
1311 253 1359 279 tibi
1382 253 1405 287 ξ.
1422 252 1488 279 dicit
1513 252 1617 279 Adouai
1644 252 1698 280 Do—

910 300 1010 331 minus,
1028 299 1073 326 24.
1091 304 1117 326 et
1128 299 1267 326 :ediﬁcasti
1281 299 1328 325 tibi
1345 299 1454 325 domum
1470 298 1657 329 ερογῐιιιίοιιὶε,
1672 303 1699 324 et

910 345 997 372 fecisti
1016 345 1064 372 tibi
1092 345 1276 372 habitaculum
1294 345 1320 371 in
1343 345 1416 371 Omni
1436 345 1534 378 platea,
1552 344 1597 371 25.
1613 350 1639 371 rt
1653 353 1698 371 su-

909 399 956 425 per
969 391 1103 426 principio
1118 391 1206 417 omnis
1217 391 1266 417 vim
1281 391 1421 418 tediﬁcasti
1437 391 1549 424 lupanar
1568 395 1656 422 tuum,
1673 395 1700 417 ct

908 437 1055 472 corrupisti
1084 437 1316 472 pulchritudinem
1344 442 1416 464 tuam
1445 446 1451 463 :
1486 441 1513 463 et
1544 436 1698 464 divaricasti

908 490 987 509 crura
1007 487 1052 508 tua
1061 482 1134 508 omni
1147 481 1253 511 viatori.
1269 487 1293 508 et
1308 481 1493 514 multiplicasti
1506 482 1698 508 sror-tationem

909 530 994 558 tuam,
1012 525 1057 552 9.6.
1074 530 1100 552 et
1115 529 1233 552 scortala
1249 533 1278 552 es
1306 533 1386 559 super
1410 525 1477 551 ﬁlios
1492 525 1612 561 (Egypli,
1632 526 1700 552 vici-

909 579 958 599 nos
971 576 1042 603 tuos,
1063 579 1165 606 magme
1176 571 1278 601 carnis,
1293 576 1319 598 et
1336 571 1452 597 multum
1477 577 1595 598 scortala
1616 580 1646 599 es
1666 572 1699 598 ad

910 617 1071 644 irritandum
1101 625 1153 644 me.
1184 617 1228 644 27.
1247 616 1273 644 Si
1299 621 1389 644 autem
1416 617 1563 644 extendero
1584 625 1695 644 manum

909 672 996 691 meam
1009 672 1090 699 super
1103 669 1138 695 te,
1153 668 1180 690 et
1197 664 1288 691 tollam
1301 664 1421 698 legitima
1440 668 1495 696 tua,
1508 668 1534 690 et
1552 663 1657 689 tradam
1673 667 1699 689 te

910 710 935 736 in
951 709 1056 736 animas
1069 708 1217 735 odieutium
1243 713 1278 739 te,
1301 708 1369 735 ﬁlias
1394 702 1622 743 alienigenarum,
1640 715 1701 742 quae

910 755 1044 782 declinare
1060 760 1085 781 te
1101 754 1202 781 faciunt
1222 753 1256 789 (r)
1274 763 1289 781 a
1313 755 1354 781 via
1380 759 1435 787 tua,
1452 754 1534 788 impie
1547 753 1636 788 egisti.
1653 753 1700 780 28.

911 799 943 826 Et
953 805 1070 828 scortata
1092 808 1121 827 es
1136 808 1218 834 super
1233 799 1268 835 (ε)
1290 800 1358 827 ﬁlios
1377 801 1471 831 Assur,
1487 804 1515 825 et
1529 807 1582 826 non
1605 800 1644 827 sic
1661 808 1703 827 sa-

910 847 974 873 tiata
988 854 1028 878 es,
1039 851 1066 874 et
1085 851 1204 873 scortata
1223 854 1261 879 es,
1275 850 1301 873 et
1315 854 1369 872 non
1385 846 1481 872 satiata
1500 845 1586 877 fuisti,
1601 845 1646 872 ‘29.
1675 850 1701 872 et

911 891 1094 926 multiplicasti
1108 891 1138 925 (ι)
1150 891 1331 918 scortationes
1346 895 1406 917 tuas
1423 892 1455 924 >ε<
1468 890 1499 917 ad
1515 895 1614 917 terram
1629 890 1701 918 Cha-

910 945 993 968 naan,
1009 941 1034 964 et
1049 937 1060 971 ζ
1075 936 1278 969 Chaldaeorum,
1303 944 1352 963 nec
1375 937 1400 962 iu
1417 936 1460 963 his
1474 937 1578 970 expleta
1595 944 1634 962 es.
1656 936 1700 963 50.

912 981 951 1017 (τι)
968 981 1037 1014 Quid
1058 989 1156 1016 ponam
1173 980 1210 1016 (ατ)
1234 988 1281 1007 cor
1298 984 1385 1012 tuum,
1409 981 1474 1007 dicit
1489 981 1592 1007 Adonai
1611 981 1703 1007 Domi—

912 1028 1052 1055 nus?cum
1073 1026 1158 1054 facias
1172 1027 1228 1054 htec
1246 1027 1336 1053 omnia
1346 1034 1426 1060 opera
1444 1026 1566 1053 mulieris
1585 1026 1702 1053 fornica-

911 1075 968 1104 riaa,
983 1075 1017 1108 )9:
1030 1073 1066 1108 (ῃ)
1080 1073 1245 1100 conﬁdenter
1259 1073 1364 1108 agentis
1387 1072 1410 1106 ζ,
1428 1077 1545 1098 seortata
1563 1081 1592 1099 cs
1612 1072 1701 1107 tripli-

912 1121 978 1147 citer
996 1127 1078 1154 super
1101 1119 1210 1146 ﬁliabus
1235 1118 1315 1152 tuis:
1336 1128 1341 1144 :
1359 1119 1402 1146 51.
1429 1119 1538 1153 quando
1561 1118 1701 1145 tedilicasti

912 1167 1026 1200 lupanar
1040 1170 1115 1192 tuum
1131 1173 1211 1199 super
1229 1164 1360 1199 principio
1371 1165 1461 1191 omnis
1477 1166 1537 1196 vite,
1555 1170 1581 1190 et
1593 1164 1702 1190 bahita-

912 1213 1003 1239 culum
1017 1216 1092 1238 tuum
1113 1210 1198 1238 fecisti
1222 1211 1248 1237 in
1262 1211 1335 1238 omni
1351 1210 1446 1244 platea.
1465 1215 1491 1237 et
1505 1218 1557 1236 nou
1583 1209 1654 1236 facta
1673 1217 1702 1237 es

912 1258 984 1285 sicut
1003 1258 1132 1285 meretrix
1159 1258 1195 1292 (ι)
1220 1264 1390 1291 congregans
1415 1256 1564 1287 mercedes,
1590 1256 1634 1282 52.
1665 1255 1702 1291 (η)

913 1305 1011 1332 mulier
1024 1304 1182 1332 adulterans
1211 1304 1342 1330 desubter
1366 1303 1425 1330 viro
1449 1310 1499 1329 suo
1523 1310 1584 1329 cum
1606 1302 1703 1328 alienis

913 1351 1011 1379 similis
1031 1351 1091 1382 tibi,
1108 1357 1167 1385 qua:
1183 1357 1196 1375 a
1215 1350 1273 1376 viro
1299 1357 1349 1376 suo
1364 1336 1465 1383 acci‘pit
1489 1347 1637 1379 mercedes,
1656 1347 1701 1374 55.

913 1401 940 1424 et
955 1396 1082 1424 omnibus
1098 1396 1284 1423 scortantibus
1298 1403 1359 1422 cum
1372 1402 1402 1422 ea
1420 1394 1523 1421 addens
1534 1393 1581 1420 dat
1599 1401 1704 1420 mercc—

914 1442 962 1470 des
973 1451 979 1469 :
990 1447 1015 1468 et
1030 1447 1057 1468 tu
1069 1441 1165 1470 dedisti
1178 1443 1212 1474 3K
1227 1440 1364 1468 mercedes
1374 1439 1502 1466 omnibus
1515 1439 1525 1472 ζ
1537 1439 1705 1465 amatoribus

70 1485 171 1526 nomen
200 1503 275 1525 tuum
307 1498 333 1524 in
367 1485 494 1532 gentibus
512 1485 559 1524 Vde
582 1496 785 1530 pulchritudine
805 1500 861 1526 ιυει,
877 1503 898 1532 C
916 1489 981 1520 tuis,
996 1493 1023 1515 et
1035 1489 1171 1515 onerabas
1187 1495 1245 1517 eos,
1263 1490 1292 1513 ut
1309 1486 1432 1513 venirent
1452 1486 1484 1512 ad
1507 1490 1532 1512 te
1552 1493 1566 1512 θ
1588 1485 1704 1512 circuitu

69 1545 134 1579 quia
160 1544 325 1578 completum
355 1547 413 1570 erat
447 1543 473 1569 in
508 1541 710 1577 pulchritudine
743 1541 860 1572 decoris,

69 1598 151 1624 quam
165 1589 295 1617 constitui
316 1596 398 1622 super
414 1592 448 1620 te,
465 1588 530 1616 dicit
543 1587 647 1614 Adonai
664 1586 802 1614 Dominus.
817 1586 860 1612 15.

69 1634 103 1661 Ει
114 1634 220 1661 conﬁsa
232 1633 307 1661 fuisti
321 1640 404 1667 super
412 1632 612 1667 pulchritudine
627 1635 683 1662 tua,
701 1635 728 1658 et
744 1635 863 1658 scortata

69 1689 99 1708 es
114 1688 198 1715 super
210 1679 320 1706 nomine
333 1683 390 1712 tuo,
406 1682 432 1706 et
445 1677 564 1706 effudiin
580 1677 772 1704 scortationcm
788 1680 861 1703 tuam

69 1734 153 1761 super
163 1733 272 1753 omnem
296 1725 427 1752 viatorem
449 1733 455 1750 :
472 1723 522 1758 ipsi
536 1731 607 1750 cras.
623 1723 666 1749 ‘16.
682 1723 715 1749 Et
729 1722 815 1750 tulisti
830 1722 863 1749 de

70 1773 193 1799 vestibus
216 1771 281 1803 tuis,
305 1775 332 1798 et
358 1770 445 1798 fecisti
473 1769 522 1796 tibi
540 1769 577 1803 (0)
601 1769 672 1796 idola
697 1773 820 1800 consuta,
836 1772 864 1796 et

70 1823 193 1846 scortata
211 1826 241 1846 es
261 1825 342 1853 super
354 1825 397 1851 ea,
422 1818 460 1852 (ρ)
475 1821 502 1844 et
517 1825 571 1844 non
587 1817 760 1852 iugredieris,
775 1824 863 1851 neque

70 1865 127 1893 fiet.
139 1865 182 1891 17.
195 1864 226 1892 Et
241 1863 364 1891 sumsisti
382 1870 444 1890 vasa
459 1863 629 1898 gloriationis
642 1867 694 1890 tum
708 1863 741 1890 de
752 1867 864 1898 argento

71 1919 143 1944 meo,
161 1915 187 1938 et
200 1910 233 1937 de
246 1917 313 1937 auro
324 1917 395 1941 meo,
412 1909 445 1936 de
457 1909 500 1941 iis,
518 1916 580 1944 qua:
594 1909 653 1936 dedi
663 1909 720 1942 tibi,
734 1913 761 1936 et
776 1908 864 1936 fecisti

71 1957 120 1984 tibi
137 1956 272 1991 imagines
286 1955 463 1988 masculinas,
482 1959 510 1982 et
524 1959 643 1982 scortata
662 1962 691 1982 es
710 1955 736 1981 in
751 1955 801 1987 eis,
819 1955 863 1982 18.

70 2007 99 2029 et
112 2001 236 2029 sumsisti
253 2001 444 2027 vestimentum
470 2004 544 2026 tuum
561 2000 679 2032 varium,
692 2005 718 2026 et
734 1999 866 2034 operuisti

69 2057 130 2081 eas,
144 2052 171 2075 et
186 2048 277 2075 oleum
298 2054 401 2079 meum,
415 2051 442 2072 et
462 2050 585 2073 aromata
601 2053 660 2072 mea
673 2046 789 2080 posuisti
803 2051 867 2073 ante

71 2096 170 2123 faciem
185 2101 278 2121 earum
298 2103 305 2120 :
322 2093 365 2120 19.
388 2097 415 2119 et
436 2099 520 2127 panes
537 2099 624 2124 meos,
641 2099 712 2126 quos
729 2091 790 2119 dedi
805 2092 866 2124 tibi,

71 2141 205 2173 similam,
220 2144 248 2166 et
263 2140 364 2172 oleum,
380 2143 407 2165 et
431 2138 483 2166 mel
499 2137 580 2164 edere
594 2141 621 2164 te
633 2137 694 2170 feci,
710 2143 737 2165 et
753 2138 865 2172 posuisti

70 2195 103 2214 ea
115 2192 180 2214 ante
194 2186 292 2213 faciem
308 2193 401 2212 earum
418 2185 445 2211 in
457 2185 569 2211 odorem
585 2191 707 2210 suavem.
722 2184 752 2210 Et
765 2183 866 2210 factum

70 2237 114 2260 est
131 2236 195 2267 post
206 2231 274 2264 hate,
289 2230 355 2258 dicit
365 2229 471 2257 Adonai
482 2228 627 2261 Dominus,
639 2227 684 2255 9.0.
702 2233 729 2255 et
743 2229 866 2256 sumsisti

72 2278 145 2305 ﬁlios
159 2282 230 2309 tuos,
243 2281 271 2304 et
284 2276 353 2303 ﬁlias
370 2280 441 2308 tuas,
456 2282 525 2310 quas
538 2274 655 2310 genuisti
669 2275 703 2308 Χ
715 2274 779 2301 mihi
795 2275 819 2308 ζ,
840 2280 866 2302 et

71 2323 237 2351 sacriﬁcasti
260 2330 292 2350 ea
313 2323 353 2349 eis
370 2322 396 2348 in
413 2320 633 2348 consumtionem
650 2329 656 2347 :
675 2321 753 2355 quasi
767 2328 863 2356 parum

71 2373 196 2397 scortata
211 2367 260 2399 sis,
282 2367 327 2394 2|.
346 2371 373 2394 et
389 2365 513 2394 mactasti
525 2365 595 2392 ﬁlios
621 2370 693 2397 tuos,
719 2369 746 2391 et
769 2365 866 2393 dedisti

71 2424 132 2449 eos,
148 2422 212 2443 cum
230 2414 364 2442 reduxisti
391 2414 425 2441 ab
436 2414 477 2440 eis
491 2420 548 2440 eos.
570 2411 615 2438 22.
630 2411 688 2438 lioc
707 2411 765 2446 plus
784 2419 865 2446 quam

71 2462 164 2490 omnis
182 2461 315 2489 scortatio
331 2463 387 2491 tua,
412 2460 446 2493 Χ
474 2463 501 2486 et
527 2457 745 2485 abominationes
763 2462 814 2483 tua:
829 2457 839 2490 ξ
859 2467 864 2484 ;

71 2512 100 2535 et
117 2515 174 2535 non
195 2506 338 2534 recordata
362 2512 392 2532 es
418 2504 470 2531 diei
498 2502 622 2538 pueritiae
639 2506 702 2535 tuae,
719 2502 781 2528 dum
806 2509 867 2529 eras

107 2588 143 2623 (Γ)
171 2587 221 2619 S.,
249 2586 318 2623 Thy
345 2586 372 2612 in
405 2584 612 2623 impudentiam.

73 2619 186 2652 amoris.
226 2622 257 2657 (i)
276 2621 319 2652 S.,
346 2625 373 2648 et
398 2620 484 2657 velari
512 2624 537 2646 te
565 2619 708 2657 velamineZ

72 2659 178 2686 riorum
195 2653 356 2684 multorum.
396 2656 434 2690 (η)
457 2654 499 2686 S.,
521 2659 548 2681 et
564 2653 711 2690 extrudisti
735 2658 770 2680 te.

72 2702 161 2728 neque
179 2692 272 2720 futura
287 2696 361 2728 salut.
400 2688 438 2725 (τι)
455 2690 556 2728 Omnes
565 2688 720 2728 _injustitias
734 2692 805 2716 tuas.

72 2720 168 2756 satiata
184 2736 224 2755 es.
265 2727 298 2762 (ι)
310 2720 495 2762 Testamenta.
534 2723 572 2758 (ιι)
590 2723 632 2756 S.,
649 2723 656 2750 i

73 2763 107 2799 (ι)
121 2763 164 2796 8.,
179 2764 206 2790 in
220 2758 350 2796 aequitate
363 2761 423 2799 ﬁdei
441 2767 609 2799 congregans
625 2758 772 2785 mercedes.

71 2790 287 2827 hoslimnibits
302 2796 401 2823 scortis
416 2790 556 2822 loemodes
565 2794 678 2823 dantur:
706 2799 732 2820 tu
750 2790 846 2820 autem
864 2802 926 2821 cum
951 2793 1001 2819 hoc
1028 2790 1135 2817 dedisti.

69 2835 208 2870 opposito.
249 2832 286 2868 (ι’)
304 2832 345 2865 5.,
360 2830 527 2857 altitudinem
545 2834 629 2856 tuam.

653 2582 698 2622 _(g)
721 2583 822 2622 Sancta
840 2584 961 2622 ingressa
991 2580 1291 2622 esminnornamentum
1318 2579 1576 2622 ori‘tamelttorltm.‘v

748 2618 784 2654 (lt)
803 2618 847 2650 S.,
867 2618 989 2654 collare.»
1017 2618 1047 2651 (Ι)
1074 2618 1116 2654 b_'._,
1137 2621 1233 2654 super_

809 2643 1026 2688 SVLVexcelsa‘
1039 2643 1233 2688 illulticoiot'ia.’
1253 2648 1307 2688 "(3)
1338 2646 1458 2688 8.,»qu
1475 2652 1536 2688 [non
1551 2643 1711 2688 factaisuut,

845 2689 879 2723 (r)
894 2688 937 2719 8.,
950 2691 1027 2714 extra
1045 2693 1059 2712 a
1075 2684 1325 2723 viisAtuis-s‘ordidis.

534 2723 572 2758 (ιι)
590 2723 632 2756 8.,
649 2723 675 2750 iu
694 2731 749 2758 quo
775 2725 913 2751 mundano
928 2730 975 2749 cur
1001 2726 1088 2758 tuum.
1105 2755 1111 2758 ι
1128 2723 1166 2758 (με)
1192 2723 1302 2758 ιίίιηιξ..
1325 2723 1361 2752 (ν)
1381 2723 1681 2758 “δ.,¹1ξ11ρςνξι(ξ54ξξηξιιξξξ

933 2748 951 2784 ξ)
967 2748 1201 2793 mulieradu'ltcra
1218 2748 1357 2793 accipietis
1372 2748 1500 2793 desubler
1512 2748 1713 2793 viro‘suouallie-

916 1541 962 1562 tuo
977 1534 1004 1561 in
1021 1534 1187 1561 scortalioue
1201 1538 1257 1560 tua.
1268 1533 1312 1559 54.
1331 1532 1367 1567 (b)
1385 1531 1419 1558 Et
1431 1531 1500 1558 facta
1511 1531 1586 1559 estin
1605 1536 1630 1557 te
1646 1539 1707 1565 per-

914 1580 1029 1607 versitas
1046 1579 1107 1613 plus
1136 1586 1217 1613 quam
1243 1579 1269 1604 iu
1288 1576 1460 1608 mulieribus,
1487 1577 1513 1603 iu
1539 1576 1706 1603 scortatioue

915 1631 971 1657 tua,
989 1629 1016 1651 et
1031 1629 1094 1659 post
1111 1628 1136 1650 te
1160 1632 1213 1650 non
1228 1627 1354 1650 scortalat
1371 1626 1444 1654 sunt,
1465 1622 1490 1648 in
1507 1630 1549 1653 eo,
1567 1622 1638 1655 quod
1659 1621 1707 1647 ad-

913 1671 991 1697 deres
1015 1670 1082 1696 dans
1107 1669 1257 1700 mercedes,
1285 1673 1311 1695 et
1337 1669 1384 1694 tibi
1404 1667 1546 1694 mercedes
1564 1673 1617 1692 non
1637 1665 1707 1692 datm

914 1721 987 1749 sunt,
1003 1721 1030 1743 et
1041 1715 1111 1743 facta
1134 1719 1198 1742 sunt
1211 1716 1236 1741 iu
1262 1719 1287 1741 te
1302 1722 1440 1749 perversa.
1455 1712 1499 1739 55.
1519 1712 1631 1745 Propter
1644 1711 1705 1742 hoc,

915 1762 1055 1795 meretrix,
1072 1761 1136 1788 audi
1152 1761 1264 1788 verbum
1282 1752 1399 1788 Domini.
1415 1758 1540 1793 56.,llazc
1554 1756 1620 1785 dicit
1634 1757 1708 1783 Ado-

916 1809 958 1836 uai
977 1808 1110 1835 Dominus
1126 1807 1196 1834 :Pro
1208 1815 1240 1834 eo
1253 1806 1324 1841 quod
1340 1805 1459 1833 cﬁ'udisti
1475 1812 1511 1832 sas
1527 1803 1707 1836 tuum,etiam

916 1855 1080 1883 revelabitur
1100 1854 1239 1889 turpitudo
1265 1852 1440 1880 scortationis
1460 1856 1512 1878 tuae
1523 1850 1556 1876 ad
1572 1854 1708 1876 amatores

917 1908 988 1936 tuos,
1005 1907 1032 1929 ct
1050 1901 1077 1928 in
1094 1908 1190 1928 onmes
1201 1900 1378 1934 cogitationes
1393 1897 1569 1932 iniquitalum
1588 1901 1707 1927 tuarum,

917 1954 943 1976 ct
956 1949 981 1976 in
993 1947 1174 1983 sanguinibus
1189 1946 1306 1973 filiorum
1323 1950 1443 1977 tuorum,
1463 1951 1531 1978 quos
1545 1942 1641 1969 dedisti
1657 1941 1712 1968 eis.

916 1996 960 2022 '57.
983 1995 1097 2030 Propter
1114 1994 1165 2021 hoc
1189 2000 1221 2021 ἐκ
1251 2000 1313 2019 ecce
1332 1999 1382 2025 ego
1398 1998 1480 2025 super
1493 1995 1518 2017 te
1545 1989 1556 2023 ζ
1574 1996 1710 2023 congrch

917 2048 1012 2068 omnes
1031 2045 1167 2067 amatores
1182 2043 1254 2070 tuos,
1270 2039 1296 2065 in
1310 2037 1410 2072 quibus
1429 2041 1454 2062 lc
1465 2034 1663 2062 conuuiscuisti
1681 2034 1708 2060 in

917 2088 968 2119 eis,
988 2091 1015 2113 et
1037 2093 1143 2118 omnes,
1173 2092 1243 2119 quos
1258 2083 1368 2115 amasti,
1389 2090 1451 2108 cum
1477 2080 1614 2112 omnibus,
1639 2086 1709 2114 quos

917 2134 1015 2161 oderas
1035 2142 1042 2159 :
1068 2137 1095 2159 et
1122 2130 1292 2166 congregabo
1320 2136 1368 2155 eos
1393 2135 1474 2162 super
1491 2131 1515 2154 te
1531 2126 1660 2160 undique,
1683 2129 1710 2152 ct

885 2175 904 2201 Ι)
920 2178 1045 2206 revelabo
1065 2177 1183 2204 malitias
1207 2181 1267 2203 tuas
1283 2175 1315 2202 ad
1338 2179 1435 2205 cos,et
1457 2173 1588 2199 videbunt
1600 2179 1708 2199 omnem

920 2224 1116 2259 turpitudinem
1129 2228 1214 2250 tuam.
1231 2223 1275 2249 58.
1291 2221 1324 2248 Et
1344 2220 1460 2247 ulciscar
1475 2223 1501 2245 te
1513 2218 1617 2244 ultione
1633 2216 1711 2243 adul-

919 2275 1050 2300 terarum,
1064 2272 1090 2295 et
1104 2267 1301 2294 eﬁ‘undeutium
1328 2265 1498 2299 sanguinem,
1519 2268 1545 2289 et
1562 2269 1657 2296 ponam
1686 2266 1711 2287 te

918 2317 945 2344 in
958 2315 1118 2350 sanguinem
1138 2314 1250 2345 furoris,
1269 2317 1296 2339 et
1322 2311 1383 2338 zeli.
1400 2310 1444 2338 2’19.
1462 2310 1494 2336 El.
1510 2309 1613 2335 tradam
1640 2312 1663 2333 te
1684 2307 1710 2333 in

919 2369 1019 2388 manus
1030 2367 1136 2391 eorum,
1153 2363 1179 2386 et
1194 2359 1351 2386 subvertcnt
1373 2357 1487 2391 lupanar
1502 2359 1591 2386 tuum,
1614 2357 1640 2379 et
1663 2360 1711 2378 cx-

920 2407 1075 2442 stirpabuut
1091 2405 1125 2440 (c)
1143 2404 1326 2431 habitaculum
1342 2408 1431 2434 tuum,
1442 2407 1468 2428 et
1480 2404 1580 2428 exuent
1593 2404 1618 2426 te
1629 2398 1712 2437 vcsti-

921 2453 1021 2480 meutis
1036 2451 1101 2484 tuis,
1115 2454 1142 2477 et
1165 2450 1259 2477 tollent
1275 2457 1338 2476 vasa
1356 2447 1526 2484 gloriationis
1552 2451 1613 2478 tum,
1629 2449 1655 2472 et
1670 2444 1711 2472 di-

921 2499 1032 2526 mittent
1049 2502 1074 2524 te
1099 2497 1211 2528 nudam,
1227 2500 1254 2523 et
1281 2495 1494 2529 discoopertam.
1511 2493 1556 2520 40.
1576 2493 1607 2519 Et
1625 2492 1712 2518 addu-

1669 2571 1710 2604 8.,

1017 2616 1047 2651 (Ι)
1074 2615 1116 2651 S.,
1137 2617 1442 2651 superbaremntuam.
1483 2610 1531 2644 (m)
1626 2611 1714 2651 texto-

1365 2679 1459 2716 (s)’S.,
1475 2679 1553 2716 ﬁlias,
1577 2679 1641 2716 quia
1658 2685 1711 2716 non

1128 2719 1166 2754 (ac)
1192 2718 1286 2745 Filias.
1325 2713 1604 2754 (y)'_S.,.impcr_iosa‘.
1626 2713 1711 2754 (Ionii.

1177 2788 1213 2823 (b)
1239 2783 1285 2821 S.,'
1299 2794 1325 2816 et
1343 2787 1445 2814 factum
1464 2789 1504 2812 est
1518 2784 1545 2812 in
1563 2788 1589 2811 te
1601 2783 1672 2818 quod
1687 2783 1712 2808 iu
