1959 3079
78 94 152 123 2715

79 151 115 178 ad
127 151 242 179 domum
268 151 378 181 Israelis
401 153 552 183 irritantetn
579 164 587 182 :

79 198 137 224 sint
157 198 226 229 haec,
240 206 302 233 qua:
328 199 404 227 dixi?
425 200 469 228 dic
498 201 539 228 eis
553 210 558 227 :
574 201 610 236 (ι)
626 200 695 229 Ecce
720 203 811 229 veniet
830 211 875 229 rex

80 243 232 279 Babylonis
243 253 327 280 super
340 245 506 279 Jerusalem,
519 252 545 274 et
557 248 648 282 capiet
660 256 733 280 eam,
746 253 773 275 et
785 256 876 283 regem

80 289 156 323 ejus,
178 294 205 317 et
222 291 360 326 principes
372 291 440 326 ejus,
455 297 482 319 et
497 292 577 320 ducet
585 301 633 320 eos
648 293 681 320 ad
697 294 874 328 semetipsum

81 335 109 361 in
132 335 313 371 Babylonem.
333 338 377 363 15.
391 337 423 364 Ει
439 343 529 365 sumet
559 339 592 365 de
616 339 720 366 semine
744 339 831 370 regni,
850 343 877 366 et

78 383 212 417 disponet
227 383 262 410 ad
282 392 343 410 eum
359 388 564 418 testamentum,
584 390 610 413 et
637 386 791 413 introducet
812 393 874 412 eum

79 429 109 455 in
122 428 325 461 tnaledictione,
339 434 365 456 et
379 430 516 465 principes
529 435 608 458 terra:
621 431 718 466 capiet,
736 431 776 457 l-l.
798 432 836 466 (τι)
847 435 876 458 ιιι

80 474 119 500 sit
136 474 165 500 in
184 482 301 509 regnum
319 474 470 507 infirmum,
487 476 560 510 quod
585 476 697 503 omnino
712 484 765 503 non
786 476 875 504 eleva-

79 519 167 552 bitur,
181 520 215 547 ad
231 521 444 548 custodiendum
462 527 656 549 testamentum
673 523 743 557 ejus,
768 529 794 550 et
818 527 875 550 sta~

81 570 140 594 luet
154 565 233 593 illud.
256 566 300 593 l5.
318 566 350 593 Et
370 567 477 595 recedet
492 568 526 595 ab
540 575 583 600 eo,
604 568 737 595 mittendo
763 569 874 595 nnmios

78 612 107 638 in
125 610 289 647 Egyptum,
322 613 354 639 ad
380 613 498 640 dandum
528 614 552 640 ei
570 621 666 648 equos,
696 619 722 640 et
744 614 873 648 populum

78 656 213 683 multum.
235 655 263 682 Si
280 657 423 692 dirigetur,
437 658 460 685 si
476 659 641 691 servabitur,
659 659 705 693 qui
730 659 793 686 facit
809 668 874 686 con—

79 703 189 730 traria?
204 702 240 737 (ό)
259 709 286 730 et
300 704 346 738 qui
379 705 579 740 transgreditur
607 710 801 733 testamentum
819 726 826 736 ,
852 705 874 733 si

78 749 256 776 salvabitur?
274 749 315 776 l0.
334 748 448 784 Propter
466 750 516 777 hoc
533 751 594 777 vivo
607 758 668 786 ego,
687 751 753 790 dicit
767 751 872 778 Adonai

79 794 227 828 Dominus,
244 796 296 823 nisi
311 797 338 823 in
358 797 417 824 loco
435 797 516 832 regis,
536 797 582 832 qui
598 805 712 832 regnare
724 797 870 829 feciteum,

701 96 902 124 IIEZECIELIS
914 97 1028 126 CAPUT
1049 98 1140 127 XVIII.

613 154 672 183 Non
698 156 786 186 scitis.
813 156 877 190 quid
894 161 916 186 Α
932 157 958 183 5.
972 156 1039 185 Vivo
1051 166 1112 193 ego.
1133 159 1199 187 dicit
1216 160 1321 188 Adonai
1339 161 1470 190 Dominus
1495 173 1501 190 :
1517 163 1539 191 si
1560 165 1643 192 fuerit
1661 174 1720 194 am-

1651 107 1720 137 27Ιῶ

929 202 1000 236 plius
1012 203 1126 231 dicenda
1139 205 1269 239 parabola
1285 206 1342 234 lucc
1358 207 1384 233 in
1400 207 1514 241 lsraele;
1528 208 1555 235 4.
1582 211 1646 244 quia
1660 220 1720 239 om-

928 257 976 276 nes
994 250 1091 278 animm
1105 259 1171 278 mem
1185 258 1258 284 sunt,
1272 254 1502 288 quemadmodum
1522 256 1612 283 anima
1623 260 1718 292 patris,

928 296 963 323 ita
977 301 1001 323 et
1020 297 1109 324 anima
1125 298 1184 331 ﬁlii,
1203 307 1270 327 mea:
1285 304 1348 327 sunt
1363 310 1368 327 :
1386 301 1489 328 anima‘
1503 310 1564 337 qua:
1587 311 1718 338 peccave-

928 343 973 374 rit,
988 343 1018 378 (ἱ)
1036 344 1094 378 ipsa
1120 345 1263 372 morietur.
1286 347 1312 373 5.
1337 346 1425 374 Homo
1446 354 1547 382 autem,
1566 350 1612 384 qui
1638 350 1719 378 fuerit

925 388 1028 423 justus,
1056 389 1178 424 quifacit
1200 391 1334 426 judicium
1360 393 1550 428 etjustitiam,
1578 395 1604 422 6.
1636 404 1718 431 super

927 434 1067 461 montibus
1082 443 1135 462 non
1153 437 1312 470 comederit,
1328 442 1356 464 et
1368 438 1462 466 oculos
1476 448 1542 468 suos
1556 449 1608 468 non
1625 447 1718 470 sustu-

927 479 988 506 lcrit
1003 479 1036 506 ad
1054 479 1089 515 (It)
1107 481 1287 514 cogitationes
1299 483 1398 510 domus
1414 483 1533 517 lsraelis,
1558 491 1586 513 et
1601 495 1715 515 uxorem

928 525 1045 558 proximi
1058 526 1100 552 sui
1116 534 1170 553 non
1186 527 1323 562 polluerit,
1338 533 1364 556 et
1377 530 1411 556 ad
1427 531 1580 563 mulierem.
1598 542 1659 568 qua
1675 539 1717 561 est

927 571 952 596 in
970 575 1124 602 menstruo,
1145 579 1198 599 non
1214 574 1371 606 accesserit,
1396 574 1421 601 7.
1451 580 1479 602 et
1503 577 1639 604 hominem
1661 586 1715 605 non

925 616 1074 651 subegerit,
1097 617 1194 653 pignus
1207 618 1340 646 debitoris
1361 620 1517 652 reddiderit,
1536 627 1563 649 et
1589 623 1714 658 rapinam

926 670 979 688 non
997 663 1127 696 rapuerit,
1147 671 1244 698 panem
1262 672 1342 691 suum
1356 666 1487 693 esurienti
1495 666 1610 699 dederit,
1625 674 1652 694 et
1665 677 1714 695 nu-

925 709 988 735 dum
1005 709 1142 743 operuerit
1158 715 1244 741 veste,
1277 711 1301 738 8.
1320 716 1347 738 et
1370 717 1513 751 argentum
1532 721 1612 741 suum
1633 722 1716 749 super

926 761 1007 780 usura
1024 761 1077 781 non
1093 754 1207 788 dederit,
1222 761 1249 782 et
1261 757 1429 791 superﬂuum
1451 766 1505 785 non
1522 760 1661 792 sumserit,
1680 760 1715 787 ab

925 799 1060 834 injustitia
1075 802 1204 828 averterit
1218 810 1328 830 manum
1343 811 1432 836 suam,
1446 803 1580 839 judicium
1610 806 1714 840 justum

77 841 126 875 qui
142 841 246 877 sprevit
265 841 484 869 maledictionem
501 850 602 874 meam,
613 847 641 869 et
655 842 702 877 qui
721 847 873 878 transgres—
890 842 909 868 Β
925 843 1021 873 fecerit
1052 846 1123 873 inter
1135 847 1222 874 virum
1237 853 1263 875 et
1294 857 1322 876 ,εν
1347 850 1416 877 inter
1434 851 1444 884 ξ
1471 851 1626 885 proximum
1643 852 1713 886 ejus,

76 896 127 916 sus
143 893 184 915 est
202 893 396 916 testamentum
414 895 517 921 meum,
534 896 596 916 cum
619 896 652 915 eo
668 889 693 915 in
718 889 808 916 medio
820 888 871 915 Ba-

76 934 190 969 bylonis
206 935 349 962 morietur.
370 935 412 961 17.
431 934 465 961 Et
487 943 542 961 non
569 936 596 961 in
625 935 725 962 virtute
760 942 868 970 magna,

75 988 170 1015 tneque
186 980 214 1006 in
234 980 312 1007 turba
328 981 412 1007 multa
440 979 521 1008 faciet
536 981 668 1008 adversus
691 989 752 1008 eum
766 980 871 1008 Pharao

76 1026 192 1059 bellum,
208 1027 234 1053 in
247 1027 322 1061 jactu
336 1027 428 1059 fossae,
441 1031 468 1054 et
489 1027 515 1054 in
532 1032 670 1054 structura
685 1027 831 1054 stationum
845 1032 871 1054 et

75 1072 253 1105 ballistarum,
271 1078 300 1100 ut
316 1073 427 1108 dejiciat
442 1073 546 1101 animas
566 1074 676 1100 multas.
695 1074 737 1100 18.
756 1073 871 1108 Etspre-

76 1118 117 1145 vit
128 1118 327 1153 juramentum,
348 1124 376 1146 ut
392 1120 627 1154 transgrederetur
656 1123 847 1146 testamentum
862 1127 868 1144 :

75 1170 105 1192 et
133 1172 197 1192 ecce
211 1164 246 1199 (c)
257 1164 448 1192 deditmanum
460 1173 549 1197 suam,
559 1170 585 1193 et
596 1166 689 1193 omnia
706 1166 762 1193 haec
771 1165 868 1194 fecit-t—

75 1211 102 1237 ei
117 1211 129 1245 ξ
147 1220 154 1237 :
171 1219 236 1237 num
254 1211 426 1238 salvabitur?
446 1211 487 1238 l9.
512 1211 626 1247 Propter
643 1212 695 1240 hoc
715 1213 759 1240 dic
780 1222 785 1240 :
807 1212 870 1240 Haec

76 1256 146 1284 dicit
158 1256 265 1284 Adonai
280 1256 412 1284 Dominus
427 1266 432 1283 :
451 1257 518 1285 Vivo
533 1265 583 1293 ego
593 1279 599 1290 ,
620 1258 672 1285 nisi
682 1258 868 1293 juramcntum

76 1310 182 1334 meum,
200 1302 274 1336 quod
287 1303 400 1337 sprevit,
413 1307 440 1330 et
460 1307 655 1331 testamentum
677 1312 779 1336 meum,
796 1304 870 1340 quod

76 1353 254 1383 trangressus
269 1352 321 1381 est,
332 1353 359 1375 et
372 1348 442 1375 dabo
454 1348 521 1375 illud
545 1349 572 1375 in
591 1352 673 1384 caput
686 1349 744 1383 ejus
759 1360 765 1376 :
783 1349 826 1376 ΞΟ.
844 1355 870 1377 et

74 1395 225 1423 extendam
241 1402 324 1430 super
341 1402 402 1422 eum
420 1399 476 1422 rete
485 1402 622 1429 meum,et
630 1397 751 1431 capietur
766 1396 792 1423 in
804 1405 869 1432 gyro

73 1442 135 1476 ejus
147 1452 153 1469 :
173 1449 204 1470 -ιν
221 1446 247 1469 et
263 1442 362 1469 ducam
376 1449 438 1469 eum
452 1442 479 1469 in
492 1441 667 1478 Babylonem,
680 1442 868 1477 etdijudicabo

75 1497 139 1516 cum
160 1489 418 1524 eo'ibiinjustitiam
433 1491 503 1524 ejus,
531 1488 613 1524 q'uam
645 1489 746 1524 injuste
766 1490 821 1524 egit
841 1490 868 1516 in

75 1544 120 1563 me
134 1545 141 1563 :
157 1535 204 1563 ς21.
222 1537 260 1571 (d)
275 1541 302 1563 et
320 1543 416 1564 omnes
440 1535 549 1571 profugi
578 1536 638 1571 ejus
653 1536 663 1570 ζ
683 1536 711 1563 in
737 1537 812 1562 omni
828 1536 869 1562 in-

75 1582 232 1610 structione
247 1582 308 1609 belli
322 1582 382 1616 ejus
398 1583 424 1609 in
437 1582 527 1617 gladio
536 1582 648 1609 cadent:
663 1582 730 1617 (c)et
744 1582 869 1609 residuos

75 1635 173 1655 eorum
189 1628 218 1654 in
232 1634 341 1654 omnem
356 1631 467 1654 ventum
495 1627 691 1659 disseminabo,
715 1632 742 1654 et
767 1634 869 1661 cogno-

75 1674 172 1707 scetis,
191 1673 256 1708 quia
273 1680 324 1708 ego
341 1672 473 1700 Dominus
487 1673 594 1699 locutus
610 1680 683 1699 sum.
701 1672 745 1699 22.
757 1672 870 1707 Propter

76 1721 130 1748 hoc
147 1721 207 1747 haec
221 1720 287 1747 dicit
301 1719 407 1746 Adonai
424 1718 555 1746 Dominus
569 1727 576 1744 :
597 1719 629 1745 Et
643 1726 749 1746 sumam
766 1726 816 1754 ego
835 1719 869 1746 de

74 1767 172 1794 electis
188 1766 263 1794 cedri
282 1766 316 1793 de
330 1765 443 1797 vertice,
456 1767 489 1799 3e;
503 1771 529 1792 et
545 1765 616 1792 dabo
630 1765 664 1792 de
675 1765 762 1800 capite
776 1772 869 1799 propa-

75 1812 173 1847 ginum
186 1812 247 1846 ejus
264 1812 295 1846 ζ,
311 1811 393 1839 corda
414 1818 508 1838 eorum
525 1811 680 1844 inlirmabo,
699 1816 726 1838 et
743 1810 869 1845 plantabo

75 1865 130 1893 ego
167 1865 250 1892 super
279 1861 399 1884 montem
430 1857 581 1890 excelsum,
602 1857 687 1884 23.et
703 1857 867 1891 suspendam

74 1909 140 1929 eum
159 1902 186 1929 in
205 1906 298 1929 monte
312 1902 423 1929 sublimi
451 1902 569 1929 lsraelis.
596 1903 628 1928 lit
646 1902 783 1936 plantabo,
797 1902 829 1937 (Γ)
842 1907 868 1930 et

74 1947 197 1982 proferet
204 1955 326 1982 germen,
338 1951 365 1974 et
377 1946 459 1974 faciet
472 1947 601 1979 fructum,
616 1953 642 1974 et
651 1948 703 1974 erit
716 1948 743 1974 in
756 1948 866 1975 cedrum

74 2001 205 2028 magnam
224 2004 230 2020 :
249 1999 276 2020 et
290 1994 444 2028 requiescet
459 1994 511 2021 sub
534 2001 566 2021 ea
585 1994 622 2028 (g)
644 1994 734 2021 omnis
748 1994 816 2026 avis,
842 1999 868 2021 et

72 2047 158 2067 omne
170 2040 280 2067 volatile
294 2041 345 2067 sub
373 2040 470 2067 umbra
487 2040 545 2075 ejus
570 2048 599 2067 +
622 2040 774 2075 requiescet
793 2041 824 2075 ζ,
842 2045 869 2067 et

73 2086 205 2121 palmites
216 2077 278 2121 ejus
292 2087 483 2120 restituentur,
497 2087 542 2113 24.
553 2091 580 2113 et
591 2086 778 2114 scicntomuia
795 2086 867 2121 ligna

72 2132 182 2166 campi;
204 2132 269 2166 quia
280 2140 332 2167 ego
344 2132 488 2164 Dominus,
505 2133 550 2167 qui
569 2124 684 2159 lnitnilio
706 2132 807 2166 lignum
821 2140 868 2159 ex-

927 892 953 919 9.
964 892 1027 919 etin
1040 893 1182 928 praeceptis
1197 894 1264 921 meis
1273 895 1463 928 ambulaverit,
1473 896 1715 931 etjustilicationcs

926 944 1001 963 meas
1025 938 1223 971 custodiverit,
1255 943 1284 965 ut
1309 939 1390 966 faciat
1406 948 1469 973 cas;
1494 941 1587 975 justus
1602 943 1645 969 hic
1661 949 1713 975 est,

926 983 981 1009 vita
996 984 1077 1016 vivet,
1093 983 1159 1011 dicit
1174 985 1276 1011 Adonai
1290 984 1432 1012 Dominus.
1453 987 1495 1013 10.
1509 986 1542 1013 Et
1557 988 1579 1014 si
1591 989 1715 1022 genuerit

926 1029 1011 1057 filium
1027 1030 1058 1066 (ι)
1076 1036 1274 1065 corruptorem,
1291 1031 1473 1060 ellundeutcm
1499 1035 1670 1068 sanguinem,
1687 1041 1714 1062 ct

926 1075 1070 1102 facientem
1091 1081 1212 1111 peccata,
1228 1077 1270 1103 ll.
1287 1076 1313 1103 in
1331 1078 1371 1104 via
1388 1078 1472 1111 patris
1498 1079 1540 1105 sui
1568 1079 1633 1114 justi
1659 1087 1712 1106 nou

925 1122 1083 1154 ambulavit,
1100 1123 1146 1149 sed
1159 1128 1280 1158 etsuper
1301 1124 1439 1151 montibus
1456 1125 1584 1156 comedit,
1602 1131 1629 1152 et
1647 1134 1713 1153 uxo-

925 1175 982 1194 rem
997 1167 1044 1203 (m)
1058 1168 1174 1203 proximi
1188 1169 1229 1195 sui
1246 1169 1352 1203 polluit,
1367 1170 1409 1196 12.
1430 1175 1456 1196 et
1469 1178 1582 1205 egenum
1602 1176 1629 1198 et
1645 1179 1712 1206 pau-

925 1221 1016 1248 perem
1033 1214 1148 1249 subegit,
1168 1220 1195 1241 et
1224 1215 1345 1249 rapinam
1375 1217 1474 1250 rapuit,
1501 1222 1527 1243 et
1539 1217 1637 1251 pignus
1658 1225 1711 1244 non

925 1250 1051 1290 reddidit,
1064 1264 1091 1286 et
1107 1260 1134 1286 in
1149 1260 1220 1287 idola
1238 1261 1329 1294 posuit
1344 1261 1439 1288 oculos
1452 1268 1528 1292 suos,
1540 1250 1712 1296 iniquitatem

925 1305 1000 1338 fecit,
1014 1307 1058 1334 15.
1073 1314 1135 1334 cum
1151 1315 1234 1334 usura
1253 1307 1336 1340 dedit,
1362 1312 1389 1334 et
1405 1307 1573 1344 super-[lpum
1593 1309 1710 1340 sumsit;

924 1354 963 1388 (η)
977 1353 1020 1380 hic
1041 1353 1096 1380 vita
1111 1361 1165 1381 non
1182 1354 1254 1381 vivet
1268 1362 1275 1381 :
1292 1361 1387 1380 omnes
1401 1354 1449 1381 has
1471 1354 1628 1388 iniquitates
1638 1354 1711 1386 fecit,

924 1404 1011 1426 tnorte
1038 1399 1269 1426 morlilicabitur:
1298 1401 1409 1434 sanguis
1432 1400 1492 1434 ejus
1509 1409 1590 1435 super
1620 1401 1710 1434 ipsum

924 1445 985 1472 erit.
1002 1445 1045 1472 M.
1063 1445 1091 1472 Si
1107 1451 1196 1472 autem
1212 1446 1335 1480 genuerit
1351 1445 1435 1472 lilium
1449 1466 1455 1476 ,
1468 1451 1495 1472 et
1512 1447 1609 1474 viderit
1621 1447 1711 1473 omnia

925 1496 1033 1526 peccata
1049 1491 1132 1525 patris
1147 1491 1199 1523 sui,
1214 1499 1274 1525 quae
1295 1490 1367 1523 fecit,
1384 1496 1410 1517 et
1443 1491 1573 1522 timuerit.
1602 1496 1628 1518 et
1657 1500 1710 1518 nou

922 1535 1016 1562 fecerit
1029 1535 1179 1562 secundum
1202 1543 1244 1567 ea,
1266 1534 1307 1561 15.
1334 1543 1416 1568 super
1442 1536 1581 1562 montibus
1596 1543 1649 1562 non
1665 1544 1712 1563 co-

924 1581 1018 1614 medit,
1033 1585 1060 1608 et
1072 1581 1168 1608 oculos
1194 1588 1260 1607 suos
1289 1587 1342 1606 non
1362 1580 1454 1614 posuit
1485 1581 1517 1607 ad
1531 1581 1710 1614 cogitationes

922 1629 1020 1655 domus
1036 1627 1156 1660 Israelis,
1171 1631 1198 1653 et
1213 1634 1324 1653 uxorem
1342 1626 1457 1661 proximi
1473 1626 1514 1652 sui
1532 1634 1584 1652 non
1601 1626 1709 1660 polluit,

924 1672 967 1699 16.
983 1677 1008 1699 et
1025 1672 1161 1698 hominem
1177 1678 1230 1697 non
1243 1671 1359 1704 subegit,
1372 1674 1398 1697 et
1411 1670 1510 1704 pignus
1528 1678 1582 1697 nun
1601 1671 1709 1702 sumsit,

922 1723 950 1746 ει
963 1718 1084 1753 rapinam
1101 1726 1153 1745 non
1170 1717 1270 1752 rapuit,
1285 1724 1381 1751 panem
1395 1725 1474 1743 suum
1489 1717 1709 1749 esurientidedit,

926 1769 952 1792 [ιι
971 1764 1072 1791 nudum
1090 1764 1196 1798 operuit
1221 1764 1254 1797 Χ
1269 1766 1342 1789 veste
1357 1763 1368 1796 ζ
1381 1783 1388 1795 ,
1416 1762 1457 1788 l7.
1479 1767 1505 1789 et
1529 1763 1563 1789 ab
1576 1763 1709 1797 iujustitia

923 1810 1022 1838 avertit
1033 1817 1143 1836 manum
1163 1817 1250 1841 suam,
1283 1816 1395 1835 usuram
1421 1813 1447 1835 et
1473 1808 1638 1843 superﬂuum
1656 1816 1709 1835 non

922 1857 1032 1888 sumsit,
1050 1856 1184 1891 justitiam
1203 1854 1276 1886 fecit,
1296 1859 1323 1881 et
1355 1855 1382 1881 in
1410 1855 1553 1889 praeceptis
1570 1855 1637 1881 meis
1652 1862 1711 1881 am—

922 1903 1043 1935 bulavit;
1063 1902 1106 1928 hic
1131 1909 1185 1928 non
1199 1901 1331 1928 morietur
1354 1901 1381 1928 in
1402 1901 1544 1936 injustitiis
1555 1902 1640 1936 patris
1655 1902 1708 1934 sui,

921 1949 976 1975 vita
992 1948 1074 1975 vivet.
1094 1963 1128 1966 —
1150 1947 1193 1974 18.
1217 1946 1296 1974 Pater
1326 1947 1384 1982 ejus
1397 1952 1486 1974 autem
1519 1947 1540 1974 si
1565 1947 1711 1974 alllictionc

921 1994 1057 2026 aﬂlixerit,
1075 1998 1101 2021 ct
1114 1993 1235 2028 rapuerit
1263 1993 1384 2027 rapinam
1401 1994 1434 2026 ἃ(
1450 1992 1543 2019 fratris
1559 1992 1589 2026 ζ,
1603 1997 1629 2019 et
1645 2000 1711 2019 con-

921 2041 1005 2068 traria
1019 2039 1114 2067 fecerit
1127 2039 1154 2065 in
1177 2038 1265 2065 medio
1281 2038 1372 2072 populi
1382 2038 1451 2071 mei;
1477 2038 1558 2064 etiam
1577 2038 1710 2065 morietur

922 2089 949 2114 in
964 2086 1098 2122 injustitia
1113 2093 1173 2113 sua.
1190 2084 1234 2112 l9.
1252 2084 1288 2120 (ο)
1307 2084 1338 2111 Ει
1355 2084 1446 2111 dicitis
1462 2095 1468 2111 :
1490 2084 1560 2116 Quid
1583 2088 1626 2111 est
1636 2085 1709 2119 quod

921 2141 976 2161 non
996 2133 1056 2160 tulit
1073 2133 1144 2158 lilius
1169 2131 1330 2165 injustitiam
1354 2130 1438 2164 patris
1464 2130 1526 2157 sui?
1546 2129 1616 2162 Quia
1637 2130 1710 2158 ﬁlius

71 2179 193 2210 celsum,
211 2184 238 2206 et
253 2179 344 2205 exalto
357 2179 459 2214 lignum
474 2178 587 2209 humile,
599 2183 624 2205 et
639 2177 866 2212 arefaciolignum
884 2192 910 2221 ι)
924 2178 1138 2206 misericordiam
1157 2182 1183 2204 et
1207 2176 1342 2211 justitiam
1366 2175 1439 2207 fecit.
1470 2177 1561 2203 omnia
1588 2176 1709 2210 legitima

73 2225 174 2256 viride,
191 2230 218 2252 et
235 2225 325 2252 denuo
342 2225 479 2252 virescere
503 2224 604 2251 faciam
624 2223 727 2258 lignum
749 2223 867 2251 aridum.

73 2271 132 2306 Ego
151 2271 284 2298 Dominus
300 2270 409 2298 locutus
422 2277 495 2302 sum,
510 2273 537 2296 et
547 2276 658 2304 quoque
669 2269 777 2296 faciam.

108 2316 189 2344 CAP.
201 2316 294 2344 XVIII.
303 2331 338 2338 -—-
348 2318 372 2344 1.
386 2316 418 2344 Et
427 2316 528 2344 factum
539 2321 580 2343 est
594 2316 820 2343 verbumDomini
833 2316 867 2343 ad

923 2233 984 2253 mea
996 2224 1154 2256 eustodivit,
1169 2228 1195 2251 et
1210 2223 1273 2251 fecit
1294 2230 1326 2250 ea
1342 2232 1347 2250 :
1366 2223 1420 2249 vita
1441 2222 1521 2249 vivet.
1543 2222 1588 2249 ΞΟ.
1610 2223 1708 2250 Anima

922 2276 1012 2298 autem
1027 2278 1144 2306 peccans
1161 2272 1194 2303 χ(
1208 2269 1264 2303 ipsa
1284 2270 1294 2303 ζ
1309 2269 1454 2301 morietur;
1473 2269 1543 2296 ﬁlius
1555 2273 1645 2296 autem
1655 2277 1708 2296 non

920 2317 1036 2352 accipiet
1047 2316 1208 2351 injustitiam
1224 2316 1319 2350 patris,
1341 2323 1428 2350 neque
1451 2321 1527 2350 pater
1540 2315 1653 2349 accipiet
1669 2315 1709 2342 in-

73 2371 118 2390 me
137 2363 235 2391 dicens
257 2372 264 2391 :
281 2364 308 2390 2.
324 2362 375 2390 Fili
398 2362 529 2394 hominis,
555 2362 620 2397 quid
632 2362 710 2390 vobis
738 2361 867 2396 parabola
916 2361 1052 2397 justitiam
1076 2361 1124 2387 lilii
1151 2360 1192 2387 sui
1210 2360 1336 2395 :justitia
1357 2360 1423 2395 justi
1444 2368 1526 2394 super
1542 2360 1631 2394 ipsum
1646 2359 1708 2392 erit,

72 2412 132 2437 haec
147 2411 186 2444 (h)
201 2411 228 2437 in
243 2410 306 2438 ﬁliis
323 2410 443 2442 Israelis,
458 2410 579 2437 dicentes
598 2417 604 2435 :
631 2409 725 2436 Patres
741 2408 866 2435 comede-

73 2461 138 2483 runt
163 2463 231 2483 uvas
241 2456 366 2488 acerbas,
380 2459 407 2482 et
423 2455 517 2483 dentes
531 2455 648 2482 liliorum
669 2459 833 2488 stupuerunt
846 2456 864 2480 '.

919 2413 946 2435 et
963 2407 1093 2442 iniquitas
1109 2405 1194 2440 iniqui
1211 2414 1292 2441 super
1306 2407 1394 2441 ipsum
1420 2407 1481 2433 erit.
1497 2407 1541 2433 21.
1559 2405 1671 2440 Iniquus
1686 2405 1709 2432 si

920 2461 949 2481 se
965 2452 1128 2480 converterit
1145 2452 1179 2479 ab
1204 2452 1333 2480 omnibus
1345 2452 1537 2487 iniquitatibus
1559 2452 1627 2483 suis,
1641 2458 1709 2486 quas

108 2548 147 2583 (ιι)
163 2546 288 2583 Quando.
305 2545 342 2581 (α)
355 2545 397 2583 S_.,
411 2553 460 2580 pro
474 2552 506 2572 eo
514 2545 593 2583 quod
602 2550 675 2583 esset
688 2553 799 2583 regnum
812 2545 965 2583 humile,_ut
979 2552 1012 2571 ne
1024 2552 1053 2571 se
1066 2544 1185 2583 efferret,
1198 2543 1244 2571 sed
1258 2544 1408 2583 custodiret
1418 2544 1512 2583 foedus
1527 2543 1597 2579 ejus,
1615 2548 1709 2583 ut‘sla-

72 2579 162 2611 lueret
177 2579 254 2609 illud.
265 2579 386 2608 Recessit
396 2579 486 2607 autem
496 2581 529 2606 ab
541 2588 583 2610 eo,
593 2580 656 2606 dum
669 2580 742 2615 misit
754 2580 854 2614 legatos
871 2580 898 2606 in
912 2579 1070 2615 Aﬂgyptum,
1081 2584 1107 2606 ut
1116 2580 1248 2606 darentur
1257 2579 1280 2605 ei
1290 2580 1363 2613 equi.
1375 2579 1502 2614 (1))thui
1512 2579 1710 2615 transgreditur

73 2623 280 2647 testamentum,
302 2617 326 2644 si
341 2616 460 2650 ell'ngiet.
499 2616 535 2650 (ι’)
550 2615 629 2650 Dedi,
664 2615 703 2650 (d)
723 2614 766 2647 S.,
783 2619 809 2642 et
824 2622 919 2642 omnes
935 2614 1041 2649 profugi
1056 2615 1116 2649 ejus
1135 2622 1196 2650 cum
1211 2614 1339 2641 omnibus
1356 2614 1539 2650 pennisrejus.
1554 2614 1589 2648 (ε)
1604 2614 1635 2641 Et
1644 2622 1709 2650 om-

73 2662 131 2681 nes.
150 2653 184 2688 (f)
198 2652 241 2683 S.,
257 2657 284 2679 et
301 2648 420 2688 portabit
434 2648 536 2688 ramos.
561 2650 598 2685 (gi
613 2648 831 2688 Ontuesbestiw.
843 2650 895 2688 μ)
914 2648 1002 2685 super
1027 2648 1109 2676 terra.
1120 2649 1156 2688 _(‘)
1179 2649 1427 2688 Perperam_vertit
1447 2648 1568 2683 Norberg
1594 2649 1710 2688 verbum

73 2684 217 2725 Syriacum
245 2684 328 2731 rp'i:
359 2686 385 2713 in
400 2684 580 2720 fulgur-arum.
606 2689 665 2727 p13
686 2686 759 2712 enim
780 2685 914 2719 significat
930 2684 1012 2712 etiam
1036 2685 1155 2718 stupuit;
1179 2689 1245 2711 teste
1263 2684 1372 2711 nomine
1388 2689 1521 2727 Rn1p'l'13,
1539 2689 1633 2718 stupor
1647 2684 1711 2710 den-

73 2736 150 2762 tium.
168 2728 275 2762 Ducti.
309 2734 345 2770 (ἱ)
363 2732 395 2760 Et
412 2731 546 2770 ejuquui
556 2731 705 2770 comederit
720 2738 787 2770 uvas
799 2732 921 2770 acerbas,
933 2731 993 2770 ejus
1007 2732 1201 2770 obstupescent
1212 2731 1321 2770 dentes.
1338 2730 1382 2770 (Α).
1394 2729 1477 2770 ldola.
1518 2729 1548 2764 (l)
1564 2728 1605 2763 S.,
1619 2734 1709 2757 trans-

70 2770 240 2804 gredientem
259 2765 361 2797 limitis.
379 2803 382 2804 ν
400 2765 513 2804 (nos;
535 2766 636 2804 fratris.
675 2767 713 2804 (η)
729 2765 853 2804 S.,_nunt
880 2767 969 2794 vivet?
993 2774 1047 2793 non
1064 2765 1143 2794 vivet.
1184 2767 1220 2803 (ο)
1244 2766 1285 2799 S.,
1308 2771 1334 2793 ct
1358 2765 1466 2793 dixistis
1493 2771 1602 2792 autem:
1626 2772 1711 2799 quare

67 2802 211 2833 sitnulnon
228 2804 349 2840 portavit
371 2803 442 2830 filius
457 2802 628 2837 iniquitatem
644 2802 728 2836 patris
742 2802 802 2828 sui‘!
