1959 3079
265 100 336 129 2715

818 100 931 128 CODES
953 99 1186 128 SYRIACO-IIEX
1193 102 1210 128 Α
1217 101 1348 129 PLARIS.

1826 100 1900 127 9.7M

265 159 340 191 fecit,
360 163 387 185 et
403 157 564 185 custodierit
577 158 668 184 omnia
687 163 822 193 pratcepta
839 164 945 191 mea,et
962 159 1056 187 fecerit
1071 163 1093 190 Α
1110 165 1172 187 runt
1187 168 1248 187 eum
1262 162 1288 187 in
1298 167 1390 191 'camo,
1404 163 1432 186 et
1450 159 1476 186 in
1492 165 1590 186 cavea:
1607 157 1681 185 venit
1692 157 1724 184 ad
1741 164 1832 192 regem
1847 157 1902 183 Ba-

264 204 397 238 justitiam
412 208 438 231 et
449 204 676 236 misericordiam,
704 205 759 232 vita
783 206 865 237 vivet.
887 211 978 234 etnon
995 215 1054 234 mo-

266 251 361 278 rietur:
376 250 421 277 22.
450 250 487 285 (ρ)
516 251 607 277 omnia
629 250 726 277 delicta
738 251 808 285 ejus,
823 259 883 286 qua:
910 252 982 284 fecit,
1001 260 1055 280 non

266 296 554 323 commemorabuntur
580 297 613 329 Χ
639 296 674 326 ei,
703 296 750 322 sed
782 296 835 330 :in
857 297 963 332 justilia
993 306 1053 329 sua,

265 351 347 377 quam
363 342 435 372 fecit,
452 342 531 368 vivet.
544 341 589 368 25.
599 341 735 376 Numquid
749 343 864 370 volendo
879 344 967 370 volam
981 352 1054 371 mor-

266 394 318 415 tem
337 389 433 422 iniqui,
449 388 514 415 dicit
530 387 663 416 Dominus
681 389 824 420 Dominus.
839 390 910 418 sicttt
938 390 963 418 id
980 392 1053 425 quod

265 442 295 461 sc
309 438 448 461 convertat
461 441 476 460 a
492 434 535 460 via
550 442 599 461 sua
618 435 690 462 mala
705 441 732 463 et
747 436 835 464 vivet?
849 437 894 463 24.
908 437 975 465 Cum
988 446 1053 465 vero

264 488 293 507 se
310 481 539 514 averteriljustus
561 489 576 508 a
601 481 709 516 iustitia
728 490 789 514 sua,
818 487 845 510 et
873 483 967 511 fecerit
982 485 1053 519 inju~

262 526 364 552 stitiattt
382 546 390 558 ,
411 527 561 553 sccundutn
576 535 671 555 omnes
699 528 866 563 iniquitates,
894 539 962 565 quas
988 531 1054 558 fecit

262 572 384 606 ittiquus,
404 573 426 599 si
444 573 548 605 fecerit,
562 581 614 600 nun
631 575 713 607 vivet,
742 583 838 603 omnes
851 577 964 611 justitia).
980 579 1051 612 ejus,

261 627 332 652 quas
364 619 438 651 fecit,
463 627 517 646 non
544 622 833 648 commemorabuntur
851 623 873 649 ei
887 631 893 648 2
908 623 934 649 in
952 624 1052 650 delicto

262 673 323 696 suo.
339 666 365 692 in
382 667 453 700 quod
470 667 579 700 cecidit.
594 673 622 694 et
642 668 669 695 in
687 670 806 703 peccatis
829 669 898 702 suis,
915 678 976 704 qua:
989 678 1051 705 pec-

261 712 343 744 cavit,
357 713 384 738 in
397 713 436 739 eis
455 713 593 740 morietur.
607 714 688 741 235E!
708 715 816 742 dixistis
837 725 843 742 :
860 715 918 743 Non
941 721 1012 744 recta
1031 718 1052 744 il.

261 759 304 785 via
322 758 429 786 Domini
447 769 453 786 :
473 760 565 787 audite
582 767 686 792 autent,
701 762 798 789 domus
820 762 947 791 lsraelis:
970 771 1050 790 num-

261 806 325 840 quid
339 806 380 832 via
396 813 455 833 mea
471 815 522 833 l|0|l
540 812 612 834 recta
631 808 671 834 it?
698 807 791 836 Nonne
819 809 861 836 via
884 814 973 837 vestra
996 818 1049 837 non

262 857 334 878 recta
350 852 391 878 it?
407 852 452 878 26.
464 853 532 879 Cum
548 854 677 880 averterit
692 862 720 880 se
731 855 823 889 justus
837 863 851 882 a
864 855 971 890 justitia
988 864 1049 887 Sua,

261 901 288 923 et
305 897 398 924 fecerit
415 898 554 930 delictum,
571 903 596 925 et
609 900 742 926 morietur
758 900 785 926 in
807 901 916 932 delicto,
929 903 1000 935 quod
1015 901 1052 928 fc-

260 943 307 974 cit,
327 944 353 969 in
368 951 399 970 eo
413 945 552 971 morietur.
565 945 608 970 “27.
627 945 658 972 Et
677 953 738 972 cttm
756 947 924 974 averteritse
942 947 1052 982 iniquus

260 989 295 1015 ab
315 989 457 1023 ittiqttitate
472 998 532 1021 sua,
548 999 631 1024 quam
645 990 719 1024 fecit,
747 996 775 1018 et
797 991 891 1019 fecerit
903 993 1050 1027 judicium,

259 1035 443 1068 ctjustitiam,
459 1035 502 1063 ltic
514 1037 633 1063 animant
646 1044 724 1064 suam
748 1038 905 1065 custodivit.
917 1037 1003 1072 ~28.)s{
1020 1039 1052 1066 Et

259 1080 327 1107 vidit
340 1081 351 1114 ζ
368 1101 375 1113 ,
388 1085 415 1107 et
429 1089 458 1107 se
475 1082 572 1108 avertit
588 1082 622 1108 alt
638 1082 767 1109 omnibus
782 1083 967 1117 impietatibus
979 1084 1049 1115 suis,

259 1133 328 1160 quas
347 1126 419 1158 fecit,
433 1127 487 1154 vita
504 1128 585 1161 vivet,
604 1136 656 1155 non
674 1129 815 1156 morietur.
833 1129 879 1155 ἓξ).
899 1129 931 1156 Ει
956 1129 1051 1156 dicunt

258 1171 357 1199 domus
369 1171 486 1204 lsraclis,
504 1172 562 1199 Non
577 1178 650 1200 recta
668 1174 688 1200 it
701 1174 745 1201 via
776 1175 895 1201 Domini.
913 1174 1049 1210 Numquid

258 1219 301 1244 via
315 1225 375 1244 mea
405 1227 459 1246 non
486 1224 558 1246 recta
586 1220 616 1251 it,
631 1220 729 1247 domus
760 1221 886 1248 lsraelis?
898 1221 993 1249 Nonne
1007 1222 1049 1249 via

259 1268 350 1290 vestra
379 1271 432 1290 non
451 1269 524 1291 recta
542 1265 582 1291 it?
608 1265 653 1292 50.
670 1267 703 1299 Χ
723 1265 836 1299 Propter
851 1266 903 1293 hoc
920 1266 931 1300 ζ
949 1275 1049 1294 unum-

260 1316 396 1343 quemque
412 1310 562 1337 secundum
573 1310 643 1337 viam
655 1319 732 1338 suam
745 1311 873 1345 judicalto
884 1319 943 1344 vos,
952 1313 1050 1339 domus

260 1354 380 1387 lsraelis,
406 1355 472 1382 dicit
488 1355 592 1382 Adonai
615 1356 756 1383 Dominus.
786 1357 993 1389 Convertimini,
1023 1363 1050 1385 et

259 1401 374 1427 avertite
386 1408 434 1427 vos
451 1402 484 1427 ab
495 1402 623 1429 omnibus
634 1403 819 1437 impietatibus
835 1404 943 1434 vestris,
959 1408 986 1430 et
997 1412 1049 1431 non

260 1451 340 1472 erunt
356 1446 431 1472 vobis
447 1446 473 1472 in
490 1451 654 1474 tormentum
666 1447 816 1481 injustitim.
829 1448 874 1475 3L
889 1447 1018 1482 Projieite
1033 1457 1049 1476 a

260 1491 338 1518 vobis
371 1499 466 1519 ontncs
500 1493 652 1528 impietates
668 1499 784 1526 vestras,
804 1502 873 1529 quas
889 1495 970 1529 impie
993 1495 1049 1526 cui-

260 1538 310 1564 stis
325 1538 350 1564 in
364 1545 417 1570 me,
435 1543 462 1565 et
495 1538 576 1566 facile
592 1539 670 1566 voltis
687 1547 734 1567 cor
751 1548 863 1572 novum,
878 1547 905 1567 et
924 1541 1050 1574 spiritum

260 1592 370 1616 novum,
389 1590 415 1612 et
429 1585 509 1612 facite
530 1586 620 1612 omnia
647 1591 782 1620 praecepta
812 1594 872 1613 mea
889 1596 895 1613 :
922 1591 949 1614 et
964 1595 1050 1621 quare

258 1630 412 1657 moriemini
425 1651 433 1663 ,
470 1631 568 1658 domus
588 1630 696 1658 lsraeiis
712 1631 723 1658 ?
738 1631 805 1658 dicit
832 1632 973 1658 Dominus.
1005 1631 1049 1659 ΒΞ.

257 1676 328 1710 Quia
344 1685 397 1704 non
414 1677 476 1704 volo
489 1682 604 1704 mortem
618 1677 773 1709 morientis,
786 1678 852 1705 dicit
872 1678 977 1705 Adonai
997 1677 1051 1704 Du-

258 1723 351 1750 minus
367 1733 373 1750 :
397 1724 430 1756 ἂ(
451 1724 686 1756 etconvertimini,
699 1729 725 1751 et
737 1723 819 1751 vivite
836 1724 860 1758 ζ.

294 1769 371 1795 CAP.
387 1769 459 1796 XIX.
474 1784 509 1789 —-
523 1769 548 1796 1.
570 1769 602 1796 Ει
620 1774 647 1796 ιιι
660 1769 696 1796 fili
709 1770 837 1802 hominis,
858 1778 934 1798 sume
948 1771 1051 1798 lamen-

259 1815 388 1841 tationem
410 1815 447 1851 (ᾳ)
457 1823 539 1849 super
558 1815 708 1850 principem
729 1816 847 1848 lsraelis,
872 1817 900 1843 ‘2.
913 1822 938 1844 et
953 1817 1048 1844 dices:

259 1860 349 1894 Quare
361 1866 447 1888 mater
459 1866 504 1888 tua
515 1862 603 1889 catula
628 1862 654 1888 in
686 1863 775 1890 medio
800 1863 907 1889 leonum
926 1864 961 1898 (r)
980 1863 1049 1890 facta

259 1907 318 1935 est?
331 1907 357 1934 in
373 1908 462 1935 medio
476 1908 584 1935 leonum
600 1908 634 1943 (δ)
647 1909 836 1943 multiplicavit
849 1910 954 1937 catttlos
973 1918 1047 1937 suos.

258 1953 286 1979 5.
300 1953 332 1979 Et
345 1953 482 1981 subsilivit
496 1962 570 1981 unus
584 1962 617 1981 ex
631 1954 731 1981 catulis
745 1955 815 1989 cjus,
838 1956 878 1982 leo
895 1955 984 1982 factus
996 1961 1048 1987 est,

257 2004 285 2026 et
299 2000 394 2027 didicit
412 2008 507 2035 rapere
526 2001 638 2036 rapinas
654 2009 660 2026 :
687 2001 812 2028 homines
836 2003 963 2028 comedit.
977 2002 1003 2029 4.
1017 2002 1050 2029 Et

257 2045 404 2072 audierunt
432 2046 463 2080 (ι)
479 2054 559 2081 super
574 2055 607 2074 eo
633 2051 746 2082 gentes:
774 2048 801 2074 in
817 2048 993 2082 corruptione
1004 2056 1049 2075 co-

256 2097 317 2116 rttm
344 2095 439 2125 captus
472 2096 524 2124 est,
547 2096 574 2118 et
601 2092 772 2119 adduxerunt
786 2101 847 2120 cutn
874 2093 900 2119 in
928 2094 1048 2120 camoin

257 2140 358 2162 terram
372 2136 493 2171 (Egypti.
513 2136 539 2163 5.
558 2137 590 2164 Et
604 2138 682 2169 vidit,
697 2138 770 2172 quod
790 2138 916 2173 repuisus
932 2144 1003 2166 esset
1014 2139 1048 2166 ab

257 2188 300 2212 ea,
318 2185 344 2208 et
358 2182 484 2216 periisset
503 2182 543 2218 (tt)
559 2183 711 2210 substantia
723 2184 794 2218 ejus,
806 2190 832 2211 et
853 2186 950 2212 sumsit
963 2186 1046 2212 alium
1064 2176 1085 2203 D

257 2225 292 2252 de
309 2227 406 2254 catulis
421 2228 491 2259 suis,
509 2228 614 2256 leonem
641 2230 782 2257 constituit
800 2238 873 2257 eum.
889 2231 914 2257 6.
937 2231 969 2258 Et
983 2239 1050 2258 con-

257 2272 418 2300 versabatur
431 2274 457 2300 in
473 2275 562 2301 medio
576 2275 684 2302 leonum
699 2285 705 2302 :
721 2276 763 2303 leo
780 2276 869 2304 factus
889 2282 944 2309 est,
966 2284 993 2305 et
1008 2278 1050 2305 di-

256 2317 323 2345 dicit
337 2326 433 2353 rapere
447 2321 560 2354 rapinas
575 2329 580 2346 :
600 2322 726 2349 homines
743 2323 880 2350 comedit:
914 2323 942 2350 7.
957 2328 984 2350 et
1002 2331 1050 2358 pa-

255 2363 386 2390 scebatur
399 2364 425 2391 in
442 2366 554 2392 audacia
567 2373 626 2398 sua,
641 2371 667 2393 et
686 2367 768 2394 urbes
791 2375 887 2395 eorum
905 2369 1048 2401 desolavit,

255 2414 283 2436 et
298 2411 413 2437 vastavit
431 2416 543 2444 terram,
565 2417 591 2438 et
602 2413 797 2446 plenitudinem
812 2415 871 2449 ejus
886 2422 900 2440 a
917 2422 982 2441 voce
1001 2423 1047 2441 ru-

219 2450 222 2451 ν
256 2455 328 2489 gitus
341 2456 395 2483 sui.
411 2456 451 2491 (π)
468 2456 494 2483 8.
509 2456 542 2483 Ει
556 2457 691 2484 dederunt
721 2466 803 2492 super
819 2467 878 2485 etuti
892 2463 985 2494 gentes
997 2467 1048 2486 un-

256 2501 339 2534 dique
354 2509 369 2529 e
387 2502 552 2537 regionibus,
569 2508 595 2530 et
606 2504 796 2538 expanderunt
811 2512 893 2539 super
908 2513 969 2532 eum
981 2506 1047 2532 retia

256 2554 305 2572 sua
320 2557 327 2573 :
347 2548 372 2574 in
385 2550 563 2584 corruptione
579 2557 673 2576 eorunt
686 2556 781 2584 captus
792 2555 842 2578 est.
859 2551 886 2578 9.
902 2552 936 2579 Et
950 2560 1048 2587 posue-

247 2607 255 2668 ἕ
291 2638 328 2678 (1))
341 2637 442 2678 οιξιιιυξ
457 2639 596 2678 ἱιιῇιιειὶιιεε
612 2641 682 2676 ejus.
721 2642 758 2678 (ιι)
777 2642 819 2673 S.,
834 2647 944 2677 propter
962 2643 1109 2678 principes.

255 2674 335 2699 cavit.
375 2674 406 2707 (ι)
422 2674 463 2704 8.,
483 2675 530 2702 ’l‘lt.
553 2676 586 2703 de
597 2674 641 2703 eo.

247 2709 294 2748 ty)
318 2707 360 2747 _S.,
382 2709 408 2735 itt
425 2709 581 2750 Egyptum.
622 2713 647 2772 qs

257 2751 282 2769 ιιι
300 2750 400 2772 tuream
420 2752 530 2772 regiam.
571 2746 605 2772 (ci
637 2747 645 2761 )

256 2743 282 2769 in
300 2744 400 2780 virgam
420 2743 530 2779 regiam.
571 2746 605 2780 (ο)

255 2779 293 2811 (y)
315 2778 357 2810 8..

259 2821 302 2848 ιω·
318 2822 361 2842 ea.

681 2677 718 2714 (_u)
735 2677 776 2714 87..
793 2680 960 2712 exspectatio
982 2680 1052 2714 ejus.

649 2712 657 2746 )
679 2712 720 2743 S.,
734 2713 917 2746 plantatorum
934 2712 1053 2740 cum'ea.
1069 2713 1129 2746 ΤΙι.,
1148 2714 1352 2740 umbrosorum.

637 2747 755 2784 ’cccata;
773 2783 777 2784 γ
799 2747 837 2782 ((1)
856 2749 970 2775 Adonai.
1010 2750 1043 2784 (ε)

1104 2757 1146 2776 us.
1186 2748 1219 2783 (1)
1241 2748 1282 2781 8.,
1305 2755 1331 2775 et
1350 2749 1434 2775 levavi
1462 2757 1570 2776 tnauunt
1589 2757 1638 2783 pro
1654 2747 1763 2777 semine
1780 2751 1883 2777 domus.

382 2787 441 2814 quac
460 2786 502 2807 est
523 2781 603 2807 linter
627 2782 796 2809 adorationis
828 2781 954 2810 omnibus
986 2781 1076 2811 terris.
1103 2784 1163 2816 Tlt.,
1182 2781 1312 2810 toi'titudo
1333 2789 1375 2811 est
1401 2785 1528 2811 omnibus
1555 2781 1645 2811 terris.

1107 207 1225 242 bylonis,
1241 211 1268 234 et
1282 206 1434 234 introduxit
1447 213 1511 233 eum
1527 206 1564 241 (υ)
1583 205 1610 232 in
1633 212 1784 235 carcerem,
1815 209 1844 230 ut
1866 212 1900 230 ne

1107 252 1246 278 audiretur
1259 259 1311 278 vox
1329 251 1389 286 ejus
1401 259 1483 285 snper
1502 255 1608 277 montes
1621 249 1740 276 lsraelis.
1754 249 1798 276 10.
1814 249 1900 275 Mater

1106 303 1151 324 tua
1165 297 1236 325 sicut
1249 298 1320 329 vitis,
1331 298 1402 325 sicut
1421 297 1471 324 llos
1496 297 1523 323 in
1546 297 1747 328 malogranato,
1774 295 1898 330 plantam

1105 344 1132 370 itt
1148 351 1235 378 aqua:
1249 343 1354 371 fructus
1371 343 1441 378 ejus,
1453 348 1480 370 ct
1497 351 1607 378 germen
1618 342 1678 377 ejus
1692 341 1796 369 factum
1812 346 1852 367 est
1866 349 1899 368 ex

1104 398 1175 425 aqua
1191 391 1284 418 multa.
1303 391 1347 418 ll.
1363 391 1394 418 Et
1408 391 1478 417 facta
1503 395 1544 417 est
1559 390 1584 416 ei
1609 389 1684 424 virga
1699 388 1807 415 roboris
1817 395 1858 419 su;
1871 396 1900 414 er

1105 437 1206 464 tributn
1220 437 1332 469 ducum.
1346 442 1374 464 et
1384 437 1502 464 exaltala
1523 441 1565 464 est
1588 436 1615 462 itt
1633 435 1827 470 magnitudine
1836 443 1898 466 sua.

1105 483 1132 510 in
1152 484 1242 511 medio
1257 484 1294 518 (ι)
1320 484 1511 519 propaginum.
1532 483 1563 509 Et
1580 483 1647 510 vidit
1680 482 1899 517 magnitudinem

1104 536 1181 555 suam
1208 529 1234 556 in
1260 529 1435 556 multitudine
1460 529 1604 564 palmitum
1633 535 1771 555 suorum:
1805 527 1848 553 l2.
1873 531 1900 553 ct

1103 573 1242 601 confracta
1260 579 1303 601 est
1318 575 1344 601 in
1362 574 1464 606 furore,
1487 582 1569 608 super
1583 578 1684 601 terram
1703 574 1825 608 projecta
1844 578 1898 604 est,

1103 625 1130 647 ct
1145 625 1243 648 ventus
1259 621 1379 648 uredinis
1394 620 1507 648 arefecit
1531 621 1617 648 electa
1643 620 1702 655 ejus
1718 629 1724 646 :
1753 619 1898 646 vindicate

1103 670 1214 699 sunt,et
1231 671 1398 693 exaruerunt
1415 667 1496 701 virgae
1513 666 1619 693 roboris
1632 665 1692 700 ejus
1709 673 1715 690 :
1742 665 1816 699 ignis
1833 672 1899 690 cott-

1103 713 1202 738 sumsit
1213 719 1273 738 eam
1288 721 1295 739 :
1312 712 1354 738 15.
1372 717 1399 738 et
1410 719 1482 739 nunc
1497 712 1655 746 plantarunt
1667 718 1727 738 eam
1742 711 1770 737 in
1788 710 1899 737 deserto

1104 757 1216 784 interra
1237 757 1296 784 sine
1324 765 1406 793 aqua.
1433 758 1476 785 H.
1491 757 1523 784 Et
1537 758 1620 784 exivit
1644 757 1713 792 ignis
1726 764 1742 783 e
1766 756 1842 791 virga
1862 756 1898 790 (ιι)

1104 803 1252 831 electorum
1269 805 1341 838 ejus,
1358 808 1385 831 et
1398 804 1516 831 comedit
1538 811 1611 836 eam,
1628 808 1655 830 et
1677 810 1731 829 non
1747 807 1809 829 erat
1823 802 1850 828 in
1868 809 1898 827 ea

1103 851 1179 886 virga
1191 851 1298 878 roboris
1313 860 1321 878 :
1337 852 1374 886 (ὁ)
1391 851 1418 878 in
1435 851 1547 883 tribuat,
1566 851 1592 877 iit
1611 849 1774 884 parabolam
1792 848 1898 874 lamen—

1105 898 1216 925 tationis
1233 904 1283 930 est,
1297 902 1323 925 et
1338 898 1389 925 erit
1402 898 1429 924 in
1445 897 1678 924 lamentationem.

1137 943 1212 972 CAP.
1230 944 1352 971 XX.—l.
1367 944 1399 970 Et
1411 943 1511 971 factum
1530 948 1572 971 est
1588 943 1614 970 itt
1637 950 1710 970 anno
1723 942 1855 976 septimo,
1874 941 1898 967 in

1104 998 1198 1017 mcttse
1212 990 1320 1024 quinto,
1337 989 1443 1016 decimo
1452 989 1565 1019 mensis,
1582 993 1716 1014 venerunt
1731 987 1782 1013 viri
1800 994 1831 1013 ex
1853 994 1897 1013 sc-

1104 1035 1228 1062 ttioribus
1242 1035 1341 1061 dotntts
1357 1034 1475 1067 lsraelis,
1487 1034 1521 1061 ad
1552 1033 1780 1068 interrogandum
1806 1031 1900 1057 Domi-

1104 1089 1180 1113 num,
1197 1085 1224 1109 et
1240 1081 1369 1108 sederunt
1386 1086 1450 1107 ante
1465 1080 1562 1107 facient
1583 1087 1681 1106 meam.
1699 1079 1726 1105 2.
1744 1078 1777 1104 Et
1795 1078 1898 1105 factum

1102 1132 1143 1155 cst
1157 1127 1268 1154 verbum
1284 1127 1388 1153 Domini
1399 1127 1432 1153 ad
1444 1134 1496 1158 me,
1513 1126 1607 1153 dicens
1621 1135 1628 1152 :
1649 1125 1676 1152 3.
1696 1124 1746 1151 Fili
1766 1125 1898 1155 hominis,

1103 1174 1215 1209 loquere
1232 1173 1264 1200 ad
1277 1173 1401 1200 seniores
1417 1172 1643 1204 donmslsraelis,
1658 1176 1684 1198 et
1697 1172 1772 1198 dices
1788 1171 1822 1197 ad
1833 1179 1897 1197 eos:

1103 1220 1165 1247 llaec
1184 1220 1250 1246 dicit
1263 1219 1367 1246 Adonai
1384 1218 1516 1245 Dominus
1540 1227 1546 1245 :
1565 1218 1594 1245 Si
1614 1217 1647 1244 ad
1671 1216 1898 1251 interrog-nidum

1102 1273 1145 1292 me
1165 1272 1214 1292 vos
1229 1264 1345 1291 venitis?
1355 1264 1421 1291 Vivo
1433 1272 1493 1298 ego,
1505 1264 1527 1291 si
1540 1263 1707 1298 respondero
1721 1263 1815 1293 vobis,
1831 1262 1900 1289 dicit

1101 1311 1207 1338 Adonai
1223 1311 1365 1343 Dominus,
1381 1311 1409 1338 4.
1427 1310 1449 1337 si
1464 1309 1536 1337 ultus
1554 1309 1631 1336 fuero
1655 1316 1703 1336 eos
1721 1308 1846 1335 ultione:
1863 1308 1898 1334 tiii

1102 1356 1223 1383 hominis
1237 1377 1244 1388 ,
1261 1356 1296 1391 (ε)
1310 1355 1470 1390 iniquitates
1496 1361 1603 1390 patrum
1627 1362 1722 1381 eorum
1739 1358 1898 1381 contestarc

1100 1401 1152 1434 eis,
1167 1401 1194 1428 5.
1207 1405 1234 1428 et
1251 1402 1326 1429 dices
1350 1402 1382 1428 ad
1394 1408 1441 1428 eos
1456 1410 1462 1427 :
1481 1400 1543 1428 lla-c
1562 1400 1629 1427 dicit
1653 1401 1692 1435 (d)
1711 1399 1851 1427 Dotninus
1866 1402 1897 1433 (ε)

1100 1447 1252 1474 Dominus:
1271 1447 1307 1474 Ex
1325 1447 1369 1475 die
1383 1455 1437 1482 quo
1457 1447 1524 1481 elegi
1547 1447 1657 1474 domum
1678 1446 1801 1478 lsraelis,
1828 1447 1898 1481 (Det

1064 1506 1085 1535 ρ
1103 1495 1208 1522 innotui
1219 1494 1315 1522 semini
1329 1495 1426 1521 domus
1443 1493 1548 1524 Jacobi.
1565 1498 1592 1520 et
1607 1494 1712 1520 innotui
1729 1494 1771 1520 eis
1787 1493 1815 1519 in
1827 1498 1898 1521 terra

1102 1539 1222 1575 Egypti,
1238 1545 1266 1566 et
1278 1540 1336 1574 cepi
1354 1547 1402 1567 eos
1417 1547 1498 1566 manu
1513 1547 1581 1571 mea,
1598 1539 1709 1566 dicens:
1726 1537 1785 1573 Ego
1803 1539 1894 1565 Denti-

1104 1594 1156 1613 nus
1173 1585 1244 1613 Deus
1257 1591 1363 1617 vester;
1380 1586 1406 1612 6.
1428 1586 1454 1612 itt
1466 1586 1509 1612 die
1521 1585 1567 1612 illo
1585 1585 1643 1619 cepi
1659 1593 1707 1612 eos
1727 1593 1810 1612 manu
1826 1593 1896 1616 mea,

1102 1636 1132 1657 ut
1146 1631 1289 1658 educerem
1307 1638 1354 1658 eos
1369 1639 1398 1659 ex
1412 1637 1483 1658 terra
1502 1630 1613 1666 A‘ngpti
1631 1630 1658 1657 in
1680 1635 1792 1661 terram,
1813 1639 1895 1665 quant

1101 1677 1193 1711 paravi
1207 1677 1364 1708 eis,terram
1382 1677 1508 1704 (liuentem
1522 1677 1601 1709 lacte,
1616 1681 1642 1703 et
1660 1677 1751 1709 melle,
1771 1676 1896 1711 (g)favus

1101 1727 1143 1750 cst
1158 1723 1218 1757 plus
1231 1731 1312 1758 qttam
1324 1724 1414 1750 otnnis
1427 1728 1509 1750 terra.
1520 1724 1546 1749 7.
1559 1723 1590 1749 Et
1601 1723 1656 1749 dixi
1673 1723 1704 1749 ad
1717 1730 1784 1750 cos:
1802 1723 1895 1750 Unus-

1101 1769 1217 1804 quisque
1240 1769 1458 1796 abominationes
1484 1769 1518 1795 ab
1541 1769 1629 1796 oculis
1643 1769 1701 1796 suis
1716 1769 1854 1804 projieiat,
1871 1775 1895 1795 et

1102 1815 1129 1841 in
1148 1815 1246 1841 studiis
1271 1814 1381 1849 {Egypli
1413 1823 1446 1841 tte
1473 1815 1657 1849 polluamini:
1686 1823 1738 1848 ego
1761 1815 1894 1842 Dominus

1102 1858 1174 1887 Deus
1188 1864 1285 1886 vester.
1305 1859 1332 1887 8.
1346 1859 1378 1886 Et
1396 1864 1569 1887 recesserunt
1591 1868 1604 1886 a
1629 1868 1682 1893 me,
1699 1865 1795 1888 etnon
1817 1862 1895 1888 volu-

1100 1910 1182 1932 erunt
1195 1905 1324 1932 exaudire
1339 1913 1382 1932 me
1396 1915 1403 1933 :
1419 1907 1451 1939 >κ
1467 1906 1658 1948 unusquisque
1673 1914 1743 1933 unus
1758 1907 1768 1939 ζ
1784 1907 1893 1933 abomi-

1102 1951 1225 1978 nationes
1237 1951 1271 1977 ab
1289 1951 1376 1978 oculis
1388 1952 1445 1978 suis
1462 1959 1515 1978 nott
1540 1951 1726 1986 projeeerunt,
1759 1956 1787 1978 et
1804 1952 1893 1978 studia

1102 1997 1211 2032 Egypti
1225 2005 1278 2024 non
1294 1998 1473 2032 reliquerunt.
1494 1997 1525 2024 Et
1541 1998 1645 2027 dixi.et
1658 1998 1797 2024 clfuudam
1817 1999 1892 2025 l'uro-

1101 2051 1158 2070 rem
1176 2052 1266 2071 meum
1281 2052 1362 2078 super
1371 2051 1428 2076 eos,
1442 2044 1475 2070 ad
1489 2044 1655 2078 implendum
1673 2045 1740 2070 iram
1763 2051 1853 2071 meam
1867 2044 1890 2070 in

1099 2090 1141 2116 eis
1157 2090 1183 2116 in
1202 2090 1292 2116 ntedio
1308 2095 1387 2117 terra:
1400 2090 1521 2125 Egypti.
1549 2091 1576 2117 9.
1594 2090 1625 2117 Et
1651 2091 1712 2124 feci,
1744 2095 1775 2117 nt
1793 2099 1889 2117 nomen

1101 2144 1191 2163 mettm
1209 2137 1320 2163 omnino
1337 2144 1389 2163 non
1407 2137 1601 2171 profanare-tur
1630 2144 1722 2163 coram
1751 2137 1889 2171 gentibus.

1100 2190 1216 2217 quarum
1234 2183 1284 2217 ipsi
1301 2188 1363 2210 sunt
1377 2184 1403 2210 in
1419 2183 1507 2210 medio
1522 2191 1627 2216 earum,
1652 2184 1678 2210 in
1695 2184 1798 2218 quibus
1815 2185 1890 2210 inno-

1100 2228 1139 2255 tui
1155 2229 1188 2255 ad
1201 2237 1248 2256 eos
1265 2229 1422 2260 coram'eis,
1450 2235 1478 2255 ut
1503 2229 1645 2256 educerem
1681 2237 1729 2256 eos
1754 2238 1789 2257 ex
1819 2235 1889 2256 terra

1101 2275 1226 2310 Egypti.
1244 2276 1287 2301 10.
1304 2274 1337 2302 Et
1352 2275 1433 2302 eduxi
1449 2282 1496 2302 eos
1511 2283 1545 2302 cx
1572 2280 1642 2302 terra
1673 2276 1794 2311 Egypti,
1805 2281 1832 2302 et
1845 2276 1889 2302 ad-

1100 2321 1163 2349 duxi
1178 2329 1226 2348 eos
1239 2322 1265 2348 itt
1285 2326 1385 2348 terram
1400 2321 1550 2352 desertum,
1568 2321 1610 2348 ll.
1627 2327 1654 2348 et
1675 2322 1736 2348 dedi
1765 2324 1806 2349 eis
1822 2331 1888 2357 prat-

1100 2373 1177 2402 cepta
1196 2375 1265 2398 mea,
1285 2367 1530 2401 ctjustilicationes
1562 2375 1638 2394 meas
1663 2373 1742 2394 notas
1773 2368 1824 2395 feci
1839 2370 1886 2398 eis.

1099 2422 1160 2448 quae
1187 2414 1268 2440 faciet
1292 2422 1322 2440 ea
1349 2414 1440 2445 homo,
1468 2419 1494 2440 et
1515 2415 1552 2449 (lt)
1577 2415 1649 2441 vivet
1678 2415 1705 2440 in
1721 2415 1773 2443 eis.
1801 2415 1844 2442 12.
1860 2414 1888 2440 Et

1099 2460 1212 2486 sabbata
1229 2468 1287 2486 tut-tl
1305 2459 1365 2486 dedi
1378 2460 1428 2491 eis,
1446 2464 1474 2486 ut
1486 2464 1577 2486 essent
1594 2460 1620 2486 in
1638 2460 1746 2493 signum
1764 2461 1835 2486 inter
1849 2467 1887 2485 me

1100 2509 1126 2531 ct
1142 2505 1213 2531 inter
1231 2512 1288 2536 eos,
1301 2509 1330 2531 ut
1345 2505 1446 2531 scirent
1470 2505 1532 2539 quia
1561 2512 1612 2539 ego
1627 2504 1771 2537 Dominus,
1791 2505 1887 2532 sancti-

1099 2553 1183 2579 tieans
1198 2559 1254 2579 eos.
1270 2552 1312 2578 15.
1325 2551 1356 2578 Et
1369 2551 1423 2579 dixi
1440 2552 1472 2578 ad
1484 2552 1594 2578 domum
1605 2551 1713 2580 israclis
1728 2553 1755 2579 in
1769 2553 1885 2580 deserto:

1156 2643 1217 2675 ΤΙι.⁷
1242 2643 1268 2670 in
1290 2643 1434 2679 principes.
1481 2643 1515 2678 (r)
1534 2643 1576 2675 S.,
1592 2644 1672 2671 sedit.
1712 2646 1748 2679 (si
1766 2644 1810 2678 8.,
1825 2645 1885 2672 edu-

1107 2679 1168 2710 Tlt.,
1187 2686 1249 2712 spes
1268 2679 1338 2712 ejus.
1378 2678 1416 2713 (π)
1438 2678 1479 2709 8..
1495 2684 1521 2706 et
1539 2685 1690 2713 posuerunt
1713 2678 1798 2714 super
1815 2688 1883 2707 eunt.

1391 2713 1433 2754 (α).
1446 2714 1504 2746 ΤΙι.,
1519 2722 1658 2741 ramorum
1675 2713 1755 2755 ejus.
1789 2716 1826 2755 ib)
1846 2715 1883 2745 8.,

1703 2786 1742 2821 (It)
1760 2785 1802 2818 8.,
1819 2786 1883 2811 vivet
