1959 3079
118 154 192 182 2717

737 152 941 182 IIEZECIELIS
959 152 1073 181 CAPUT
1096 152 1154 180 XX.

1684 157 1754 186 Si”

119 211 148 238 in
163 210 305 246 praeceptis
318 211 386 238 meis
399 212 548 245 ambulate,
566 216 593 240 et
604 212 816 246 iustificationes
836 218 912 239 meas
927 211 949 239 Α
964 218 1063 243 meam,
1082 215 1112 237 ut
1126 210 1219 237 darem
1231 217 1290 238 eam
1310 210 1373 237 illis.
1386 210 1554 237 Etvideruut
1573 218 1682 242 omnem
1697 215 1755 241 col.

119 256 268 290 custodite,
285 262 314 284 ut
325 257 430 285 faciatis
446 266 504 290 eas,
518 266 587 294 quas
611 258 692 286 faciet
705 265 753 286 eas
779 259 871 289 homo,
889 262 916 285 et

119 303 193 331 vivet
205 303 232 330 in
247 304 298 331 eis.
313 303 346 331 Et
364 304 506 332 irritarunt
521 312 564 332 me
583 306 682 332 domus
697 304 805 332 lsraelis
816 305 843 331 in
860 305 910 331 de-

119 354 197 376 serto
212 357 219 375 :
234 349 261 376 in
281 349 426 384 praeceptis
439 350 507 378 meis
517 357 572 378 non
594 350 778 382 ambttlarunt,
793 354 820 377 et
834 349 915 384 justi-

119 395 265 422 ficationes
281 401 356 422 meas
368 395 537 430 repulerunt,
550 403 619 430 quas
629 395 711 423 faciet
721 402 769 422 eas
785 395 878 427 homo,
887 399 916 422 et

118 443 192 469 vivet
204 443 231 468 in
245 443 285 469 eis
302 450 308 468 :
323 445 352 468 et
367 442 477 469 sabbata
497 449 558 469 mea
579 441 762 477 profanarum
781 441 870 469 valde.
882 441 914 468 Et

118 488 177 515 dixi
197 497 204 516 :
221 488 253 515 Et
267 487 405 514 effundam
417 487 537 514 furorem
550 495 641 515 meum
655 495 737 522 super
755 494 802 514 eos
828 486 854 513 in
867 486 915 514 de-

119 539 208 566 serto,
225 538 254 561 et
272 540 434 561 consumam
461 540 518 560 eos.
541 533 583 560 Η.
615 532 649 560 Et
674 532 736 565 feci,
764 537 793 560 ut
814 540 914 560 nomen

118 587 212 606 meum
227 578 339 606 omnino
353 587 408 606 non
438 579 630 614 profanaretur
659 585 752 606 coram
775 578 912 614 gentibus,

116 632 237 660 quarum
256 624 338 652 eduxi
357 632 405 652 eos
423 629 486 652 ante
501 625 596 652 oculos
612 631 718 652 earnm.
747 623 789 651 15.
814 623 846 651 Ει
862 631 913 658 ego

117 670 209 697 levavi
223 677 335 697 manum
349 678 437 697 meam
451 678 534 705 super
550 677 598 698 eos
625 670 652 697 in
680 670 798 703 deserto,
813 675 843 697 ut
853 677 912 696 om-

118 715 188 742 nino
201 723 257 743 non
271 717 475 744 introducerem
492 724 539 744 eos
569 716 596 744 in
614 720 725 749 terram,
751 724 833 751 quam
851 717 913 744 dedi

117 761 171 792 eis,
193 764 293 788 terram
310 761 440 789 ﬂuentem
460 762 530 789 lacte
553 766 581 789 et
604 761 702 789 melle:
727 762 757 797 (i)
779 762 858 791 favus
872 767 914 791 est

119 805 184 840 plus
203 813 286 841 quam
301 806 392 834 omnis
410 811 492 834 terra.
506 806 549 834 l6.
561 806 614 834 Pro
629 814 662 834 eo
679 807 752 842 quod
779 807 911 842 iustiﬁca-

117 851 211 879 tiones
230 859 305 879 meas
330 853 503 887 repulerunt,
515 857 542 880 et
556 853 583 879 in
613 853 755 888 praeceptis
776 854 844 881 meis
856 862 910 881 non
926 864 947 892 η

116 897 295 925 ambularunt
313 898 340 925 in
358 898 410 930 eis,
430 902 458 926 et
468 899 580 926 sabbata
597 906 657 926 mea
674 899 909 934 profanarunt,(k)

115 949 146 971 et
158 949 221 978 post
235 945 413 979 cogitationes
423 946 547 973 cordium
558 953 671 974 suorum
688 947 905 980 ambulaverunt,

121 989 168 1017 ΓΙ.
187 994 214 1016 et
229 991 350 1025 pepercit
364 991 460 1019 oculus
475 999 553 1020 meus
570 1000 653 1028 super
680 1000 738 1026 eos,
766 993 799 1020 ad
818 993 910 1021 delen-

115 1035 182 1062 dum
201 1042 260 1067 eos,
288 1039 315 1063 et
344 1044 399 1064 non
413 1036 464 1065 feci
479 1045 526 1066 eos
554 1039 581 1065 in
603 1040 865 1066 consummationem
883 1040 910 1066 in

117 1083 239 1110 deserto.
254 1082 297 1110 ts.
308 1083 341 1110 Et
357 1083 412 1111 dixi
425 1084 459 1111 ad
484 1084 554 1112 tilios
568 1092 665 1112 eorum
688 1085 715 1112 in
732 1085 840 1113 deserto
855 1094 862 1112 :
879 1085 909 1113 ln

118 1129 250 1164 legitimis
266 1134 373 1164 patrum
387 1135 542 1158 vestrorum
563 1138 597 1163 ne
621 1131 765 1164 incedatis,
782 1136 809 1160 et
833 1133 911 1167 justi-

121 1174 265 1202 ticationcs
274 1183 369 1203 eorum
384 1183 418 1203 ne
433 1176 604 1210 custodiatis,
620 1181 648 1205 et
660 1177 759 1204 studiis
771 1177 803 1212 (ι)
814 1185 908 1205 eorum

118 1227 153 1247 αε-
167 1228 201 1247 ne
211 1220 293 1247 simul
307 1221 488 1254 misceamini,
500 1227 527 1249 et
544 1223 556 1256 ζ
570 1230 603 1250 ne
616 1223 786 1257 polluamini.
800 1224 842 1251 l9.
853 1223 910 1259 Ego

120 1263 257 1292 Dominus
273 1265 346 1292 Deus
357 1270 467 1293 vester:
483 1266 508 1292 in
519 1266 661 1301 praeceptis
675 1266 745 1294 meis
759 1267 908 1298 ambulate,

118 1315 147 1337 et
164 1311 375 1345 justiticationes
388 1319 462 1339 meas
478 1312 630 1345 custodite,
656 1316 684 1339 et
700 1313 780 1340 facile
790 1320 846 1341 eas.
861 1313 907 1341 20.

119 1356 154 1382 Et
170 1357 284 1384 sabbata
301 1365 361 1384 mea
377 1357 557 1391 sanetillcate,
570 1363 597 1385 et
607 1358 661 1386 sint
676 1359 703 1386 in
719 1359 826 1395 signum
839 1359 910 1388 inter

117 1410 163 1429 me
179 1407 206 1429 et
220 1404 254 1436 Χ
271 1402 341 1429 inter
358 1402 370 1436 ζ
384 1410 443 1435 vos,
463 1407 493 1430 ut
513 1403 616 1435 sciatis,
634 1405 697 1439 quia
714 1412 764 1440 ego
778 1405 909 1435 Dominus

117 1448 190 1476 Deus
200 1453 301 1476 vester.
316 1449 361 1475 2L
377 1448 410 1476 Et
422 1450 635 1477 exarcerbarunt
648 1458 700 1484 me,
727 1458 759 1479 ~1-
783 1456 810 1478 et
828 1451 838 1486 ζ
860 1451 909 1479 filii

115 1501 212 1522 eorum
227 1495 254 1522 in
268 1495 413 1530 praeceptis
426 1496 494 1523 meis
511 1504 564 1523 non
582 1497 766 1529 ambularunt,
783 1502 810 1525 et
828 1498 909 1533 justi-

968 257 1020 284 lem
1036 257 1187 288 excelsum.
1204 262 1232 285 et
1250 265 1359 285 omnem
1388 257 1513 284 arborem
1542 257 1713 290 umbrosam.
1729 268 1755 287 et

967 303 1158 330 sacriﬁcarunt
1181 303 1218 330 ibi
1235 303 1288 331 diis
1310 304 1378 333 suis.
1405 311 1434 331 -ι-
1453 308 1481 330 et
1504 303 1705 332 constituerunt
1719 306 1754 332 ibi

967 347 1133 382 spiraculum
1141 347 1275 375 donorum
1287 354 1400 375 suorum
1412 347 1423 381 ζ
1435 367 1442 379 ,
1451 352 1634 382 etposuerunt
1643 349 1680 376 ibi
1688 350 1755 376 odo-

967 399 1024 419 rem
1043 400 1155 419 suavem
1169 400 1260 425 suum,
1270 397 1297 421 ct
1310 393 1465 421 libaverunt
1486 394 1615 421 libamina
1632 402 1692 422 sua.
1707 395 1753 423 29.

966 437 1000 465 Et
1015 438 1072 465 dixi
1086 439 1119 465 ad
1133 446 1180 466 eos
1191 438 1279 471 :Quid
1293 443 1335 466 est
1352 439 1389 474 (ρ)
1405 439 1509 472 Abans,
1522 441 1595 474 quod
1612 448 1662 469 vos
1670 441 1754 468 intra-

966 483 1001 511 tis
1014 484 1099 512 illuc?
1110 484 1144 511 Et
1158 489 1292 512 vocarunt
1308 493 1406 513 nomen
1419 486 1478 520 ejus
1497 486 1533 521 (ᾳ)
1548 486 1654 519 Abans,
1664 495 1753 522 usque

965 530 997 557 ad
1018 530 1088 558 diem
1106 531 1277 558 hodiernum.
1291 531 1336 558 50.
1350 530 1463 565 Propter
1475 531 1527 559 hoc
1540 532 1584 560 dic
1595 533 1628 559 ad
1641 533 1753 560 domum

965 574 1075 604 lsraelis
1088 586 1095 603 :
1109 576 1172 604 Haec
1186 576 1251 604 dicit
1263 575 1394 603 Dominus
1407 576 1441 611 (r)
1454 575 1601 604 Dominus:
1617 577 1645 604 Si
1659 578 1686 605 in
1699 578 1752 605 ini-

964 622 1114 656 quitatibus
1125 626 1231 657 patrum
1242 625 1396 649 vestrorum
1407 629 1457 649 vos
1468 622 1631 657 polluimini,
1647 627 1675 650 et
1691 628 1754 659 post

964 667 1181 696 abominationes
1193 675 1289 695 eorum
1305 674 1353 695 vos
1361 668 1533 699 scortamini,
1557 668 1600 696 3|.
1612 673 1639 696 et
1652 669 1679 696 in
1696 670 1754 704 pri-

964 713 1049 741 mitiis
1060 721 1205 742 munerum
1231 719 1383 742 vestrorum
1415 715 1442 741 in
1463 716 1683 750 separationibus
1706 724 1753 744 ve-

964 760 1039 792 stris,
1056 767 1118 787 cum
1131 759 1274 788 traducitis
1289 761 1361 788 filios
1377 766 1484 789 vestros
1500 762 1528 788 in
1540 762 1617 797 igne,
1632 770 1681 790 vos
1691 764 1752 798 pol«

963 803 1070 832 luimini
1093 805 1120 832 in
1132 805 1260 832 omnibus
1273 805 1485 840 cogitationibus
1499 806 1599 834 vestris
1615 815 1702 842 usque
1716 808 1752 834 ad

963 850 1034 877 diem
1054 850 1216 878 hodiernum
1231 860 1237 877 :
1251 856 1280 879 et
1293 859 1344 886 ego
1363 852 1535 886 respondebo
1549 853 1637 886 vobis,
1653 853 1752 881 domus

962 896 1087 924 lsraelis?
1112 896 1178 925 Vivo
1203 905 1264 933 ego,
1290 898 1357 925 dicit
1388 898 1492 926 Adonai
1514 899 1657 932 Dominus,
1671 899 1692 927 si
1706 907 1750 926 re-

962 942 1102 977 spondebo
1119 943 1206 977 vobis,
1233 948 1261 971 et
1279 944 1303 971 si
1326 945 1454 972 ascendet
1467 952 1550 980 super
1566 945 1691 980 spiritum
1704 953 1751 972 ve-

962 984 1124 1022 strum'boc,
1141 988 1186 1016 52.
1202 993 1230 1016 et
1240 996 1294 1016 non
1313 989 1376 1022 erit,
1394 990 1626 1025 quemadmodum
1643 998 1692 1018 vos
1710 991 1751 1018 di-

962 1035 1024 1062 citis
1037 1042 1044 1060 :
1063 1034 1172 1062 Erimus
1183 1035 1254 1063 sicut
1264 1040 1368 1070 gentes,
1383 1040 1410 1063 et
1422 1035 1494 1063 sicut
1508 1036 1594 1064 tribus
1612 1040 1702 1069 terrae,
1716 1037 1750 1064 ad

962 1081 1105 1110 colendum
1117 1081 1200 1117 ligna,
1212 1087 1239 1110 et
1249 1083 1363 1117 lapides.
1379 1083 1425 1110 55.
1439 1083 1590 1118 +Propter
1598 1083 1650 1111 hoc
1666 1084 1677 1118 ξ
1690 1084 1750 1111 vivo

961 1135 1022 1162 ego,
1037 1127 1103 1154 dicit
1115 1127 1220 1154 Adonai
1233 1127 1366 1156 Dominus
1378 1149 1385 1161 ,
1403 1129 1456 1156 nisi
1469 1129 1496 1156 in
1508 1137 1590 1156 manu
1602 1129 1751 1164 potenti,et

962 1174 989 1200 in
1007 1174 1121 1201 brachio
1135 1173 1255 1207 excelso,
1276 1179 1304 1202 et
1317 1175 1344 1202 in
1369 1175 1463 1203 furore
1492 1175 1579 1203 eﬂ'uso
1601 1183 1750 1211 regnavero

961 1227 1044 1254 super
1057 1227 1116 1253 vos,
1127 1221 1172 1248 54.
1186 1225 1213 1248 et
1228 1221 1342 1249 educam
1378 1229 1427 1249 vos
1453 1229 1486 1249 ex
1506 1221 1629 1256 populis,
1646 1227 1674 1249 et
1685 1223 1751 1249 reci-

961 1265 1033 1300 piam
1046 1273 1097 1294 vos
1113 1273 1128 1294 e
1140 1266 1307 1302 regionibus,
1325 1267 1427 1301 quibus
1439 1267 1555 1301 dispersi
1567 1268 1634 1295 estis
1658 1267 1684 1294 in
1697 1268 1748 1299 eis,

962 1311 989 1338 in
1003 1319 1087 1340 manu
1102 1313 1217 1348 pOIenti,
1234 1317 1262 1340 et
1274 1312 1302 1340 in
1319 1312 1431 1340 brachio
1446 1312 1566 1345 excelso,
1579 1318 1606 1340 et
1619 1313 1646 1339 in
1657 1312 1748 1340 furore

962 1357 1060 1387 eﬂ‘uso.
1076 1359 1121 1386 55.
1136 1358 1168 1386 Et
1176 1359 1310 1386 adducam
1324 1359 1407 1386 vosin
1422 1358 1558 1386 desertum
1573 1359 1747 1393 populorum,

961 1409 989 1432 et
1000 1405 1105 1440 judicio
1121 1405 1284 1432 contendam
1300 1404 1433 1432 adversus
1443 1411 1492 1432 vos
1515 1404 1553 1431 ibi
1571 1404 1641 1432 facie
1652 1409 1748 1432 contra

961 1452 1069 1479 faciem.
1085 1452 1129 1479 56.
1142 1451 1376 1485 Quemadmodum
1388 1450 1492 1484 judicio
1509 1451 1635 1478 contendi
1655 1451 1750 1478 adver-

961 1505 1008 1525 sus
1021 1502 1111 1532 patres
1123 1502 1227 1524 vestros
1237 1497 1263 1524 in
1275 1497 1392 1528 deserto,
1407 1503 1470 1523 cum
1480 1496 1561 1523 eduxi
1575 1503 1622 1524 eos
1629 1504 1662 1524 ex
1676 1500 1749 1524 terra

115 1540 261 1568 ticationes
288 1548 364 1569 meas
398 1549 451 1569 non
480 1543 682 1575 custodierunt,
704 1544 739 1571 ad
756 1543 910 1572 faciendum
925 1546 948 1577 C
963 1543 1084 1578 Egypti,
1104 1543 1143 1570 sic
1153 1541 1284 1577 iudicabo
1296 1549 1354 1575 V08,
1371 1542 1438 1568 diCit
1462 1541 1593 1570 Dominus
1605 1542 1639 1577 (ε)
1656 1541 1749 1569 Domi-

115 1592 165 1612 eas
176 1592 246 1619 quas
261 1584 345 1613 faciet
372 1587 406 1620 )a(
430 1588 501 1622 eas:
519 1587 616 1620 homo,
632 1592 659 1616 et
684 1589 756 1616 vivet
772 1589 799 1616 in
814 1590 864 1622 eis,
884 1594 912 1618 et

117 1631 233 1658 sabbata
250 1639 311 1659 mea
320 1632 510 1667 profanarum.
522 1633 556 1661 Et
567 1634 624 1662 dixi
635 1634 774 1663 ell‘undere
788 1636 910 1664 furorem

116 1684 210 1704 meum
227 1685 310 1712 super
320 1686 378 1711 eos,
399 1679 432 1706 ad
448 1680 637 1714 complendum
651 1681 719 1708 iram
730 1690 817 1710 meam
830 1690 911 1718 super

115 1731 165 1751 eos
193 1723 221 1750 in
251 1724 370 1752 deserto.
398 1725 442 1752 ἥ.
467 1728 499 1760 )tr
531 1726 563 1754 Et
596 1728 719 1755 converti
742 1729 782 1756 eis
798 1737 910 1757 manum

115 1776 207 1795 meam
226 1769 237 1804 ζ
251 1790 258 1801 ,
273 1775 300 1796 et
318 1769 380 1804 feci,
396 1776 425 1798 ut
444 1779 544 1799 nomen
562 1780 653 1800 meum
667 1781 749 1808 super
762 1782 842 1802 omne
855 1783 909 1802 non

115 1815 310 1850 profanaretur
326 1824 419 1844 coram
430 1817 548 1852 populis,
561 1825 679 1852 quorum
696 1818 777 1846 eduxi
791 1827 838 1847 eos
848 1825 910 1848 ante

115 1861 214 1889 oculos
228 1869 333 1888 eorum.
348 1862 393 1890 25.
401 1862 433 1890 Et
451 1865 484 1897 Ἀ(
501 1863 512 1897 ζ
530 1864 616 1891 levavi
633 1871 744 1892 manum
759 1873 847 1893 meam
863 1874 910 1894 su-

117 1913 166 1940 per
177 1913 225 1934 eos
241 1906 268 1933 in
284 1908 402 1940 deserto,
422 1907 455 1934 ad
472 1908 683 1944 dispergendum
707 1917 753 1938 eos
777 1911 804 1938 in
819 1911 908 1946 genti-

117 1953 181 1985 bus,
196 1957 223 1979 et
239 1952 272 1979 ad
304 1953 537 1981 disseminandum
565 1962 612 1983 eos
632 1955 660 1983 in
679 1957 848 1991 regionibus,
862 1957 906 1984 24.

117 2005 169 2032 pro
183 2006 217 2025 eo
235 2000 308 2033 quod
326 2000 539 2034 justiticationcs
559 2009 634 2029 meas
648 2009 702 2029 non
723 2002 863 2036 fecerunt,
881 2008 908 2030 et

117 2050 254 2080 praecepta
272 2053 331 2073 mea
345 2047 516 2081 repulerunt,
532 2052 559 2074 ct
574 2047 688 2075 sabbata
706 2055 764 2075 mea
779 2048 908 2083 profana-

116 2096 194 2124 runt,
208 2091 257 2127 (ιη)
276 2096 303 2119 et
321 2098 382 2127 post
395 2094 573 2128 cogitationes
587 2098 695 2128 patrum
704 2102 817 2122 suorum
828 2100 907 2122 erant

115 2138 189 2165 oculi
210 2146 317 2165 eorum.
338 2138 384 2166 '25.
408 2138 442 2166 Et
461 2146 513 2175 ego
537 2139 598 2167 dedi
631 2140 672 2167 eis
691 2146 825 2175 praecepta
851 2149 905 2168 non

116 2184 200 2215 bona,
219 2189 246 2212 et
259 2185 480 2220 iustificationes,
498 2187 598 2222 quibus
624 2195 679 2214 non
706 2187 833 2214 viventin
854 2188 903 2215 eis.

114 2230 163 2257 26.
185 2230 219 2257 Et
246 2231 365 2266 polluam
385 2239 432 2259 eos
449 2232 476 2259 in
503 2233 664 2260 muneribus
698 2233 767 2266 suis,
794 2233 904 2268 quando
921 2222 943 2249 θ

116 2276 264 2304 traduxcro
286 2285 367 2305 omne
380 2277 418 2312 (ιι)
432 2279 558 2313 aperiens
576 2283 694 2311 uterum,
711 2282 740 2305 ut
761 2279 797 2313 (υ)
815 2279 907 2307 abole-

113 2329 159 2348 am
170 2329 229 2354 eos,
245 2324 277 2355 Ἀ(
287 2327 316 2349 ιιι
332 2322 343 2356 ζ
358 2323 456 2356 sciant,
473 2323 545 2357 quod
557 2331 608 2358 ego
621 2323 765 2351 Dominus.
780 2323 824 2351 27.
841 2323 908 2351 Pro-

112 2371 175 2401 pter
191 2367 242 2395 hoc
259 2367 371 2402 loquere
388 2368 421 2395 ad
445 2368 555 2395 domum
577 2368 694 2402 Israelis,
723 2369 759 2396 ﬁli
776 2369 905 2401 hominis,

111 2415 140 2438 et
151 2412 228 2439 dices
240 2411 273 2438 ad
291 2419 353 2439 eos:
370 2411 433 2440 ﬂare
446 2413 512 2440 dicit
527 2413 632 2440 Adonai
648 2413 778 2441 Dominus
791 2423 797 2441 :
813 2413 906 2449 Usque

111 2457 146 2484 ad
161 2457 214 2484 hoc
227 2457 261 2484 ad
275 2458 444 2486 iracundiam
465 2463 650 2492 provocat-unt
665 2466 710 2487 me
722 2464 813 2492 patres
822 2460 903 2487 vestri

110 2502 140 2529 in
158 2503 266 2531 delictis
280 2504 349 2538 suis,
366 2504 393 2531 in
407 2505 510 2538 quibus
523 2504 698 2539 deliquerunt
710 2505 798 2533 inme.
812 2505 857 2533 28.
871 2505 904 2532 Et

111 2548 254 2577 introduxi
263 2557 311 2578 eos
324 2550 351 2577 in
369 2554 480 2583 terram,
498 2557 580 2585 super
600 2558 681 2585 quam
695 2551 781 2578 levavi
791 2559 903 2578 manum

964 1597 1027 1616 nus.
1038 1588 1082 1615 '57.
1092 1587 1126 1614 Et
1145 1587 1285 1614 traducam
1306 1595 1356 1615 vos
1371 1587 1423 1615 sub
1443 1587 1518 1622 virga
1539 1594 1610 1620 mea,
1623 1588 1656 1623 (ι)
1669 1592 1696 1615 et
1710 1588 1749 1614 in-

962 1634 1103 1661 troducam
1117 1639 1166 1660 vos
1178 1632 1204 1659 in
1214 1639 1328 1660 numero
1338 1632 1534 1667 Xtestamenti
1549 1632 1560 1665 ζ
1572 1652 1580 1664 ,
1601 1632 1644 1660 58.
1659 1637 1686 1660 et
1700 1633 1750 1660 eli-

961 1686 1023 1714 gam
1034 1686 1049 1706 e
1063 1678 1143 1706 vobis
1158 1682 1296 1713 apostatas
1314 1682 1342 1706 et
1352 1678 1452 1713 impios
1464 1686 1472 1712 ;
1487 1678 1576 1713 quiae
1590 1682 1659 1705 terra
1674 1678 1749 1706 inco-

961 1725 1032 1752 latus
1042 1732 1136 1752 eorum
1147 1724 1261 1752 educam
1276 1731 1338 1757 eos,
1354 1729 1382 1752 et
1396 1724 1423 1751 in
1442 1728 1543 1752 terram
1571 1724 1678 1752 lsraelis
1692 1732 1748 1752 non

960 1771 1157 1806 ingredientur,
1174 1775 1201 1799 ct
1225 1771 1408 1806 cognoscetis,
1436 1770 1509 1805 quod
1526 1777 1577 1804 ego
1605 1769 1746 1797 Dominus.

959 1817 1004 1844 59.
1024 1817 1056 1845 Et
1066 1826 1125 1850 vos,
1141 1817 1240 1845 domus
1253 1817 1373 1850 lsraelis,
1392 1818 1449 1844 haec
1477 1817 1544 1845 dicit
1559 1816 1690 1844 Dominus
1707 1817 1747 1853 (ιι)

960 1863 1110 1890 Dominus:
1135 1861 1328 1897 Unusquisque
1346 1862 1384 1897 (at)
1411 1862 1501 1889 studia
1530 1869 1578 1889 sua
1600 1862 1704 1894 tollite,
1721 1868 1749 1889 et

959 1914 1020 1943 post
1036 1909 1094 1936 haec
1105 1909 1128 1937 si
1139 1917 1188 1937 vos
1199 1917 1252 1936 non
1273 1909 1419 1937 audieritis
1433 1916 1487 1942 me,
1498 1913 1526 1936 et
1537 1917 1635 1938 nomen
1653 1917 1746 1937 meum

959 1958 1084 1982 sanctum
1106 1962 1160 1982 non
1187 1955 1397 1990 profanaveritis
1422 1955 1540 1989 amplius
1567 1956 1595 1982 in
1616 1956 1747 1983 donisve-

958 2001 1034 2034 stris,
1050 2005 1077 2028 et
1092 2001 1122 2028 in
1132 2001 1230 2028 studiis
1256 2000 1376 2033 vestris;
1399 1999 1443 2027 40.
1472 2001 1536 2035 quia
1556 2008 1638 2035 super
1653 2005 1746 2028 monte.

959 2045 1111 2072 sanctitatis
1127 2053 1211 2078 mete;
1226 2053 1309 2080 super
1325 2049 1419 2072 monte
1430 2046 1538 2072 excelso
1551 2045 1746 2078 lsraelis,dicit

958 2092 1090 2119 Dominus
1107 2091 1248 2124 Dominus,
1262 2091 1297 2118 ibi
1311 2091 1401 2118 colent
1421 2091 1562 2118 servitium
1593 2092 1684 2119 omnis
1697 2093 1745 2119 du-

959 2139 1138 2166 muslsraelis
1152 2146 1238 2173 usque
1251 2138 1284 2166 ad
1301 2138 1380 2166 finem
1400 2148 1407 2167 :
1435 2143 1462 2167 et
1481 2139 1516 2167 ibi
1541 2140 1700 2174 suscipiam,
1718 2145 1745 2166 et

958 2183 993 2211 ibi
1006 2184 1122 2211 visitabo
1131 2183 1266 2218 primitias
1279 2189 1393 2215 vestras,
1403 2189 1430 2211 et
1445 2184 1579 2219 primitias
1593 2185 1745 2219 separatio-

959 2237 1023 2256 num
1034 2234 1186 2256 vestrarum
1204 2229 1230 2256 in
1254 2229 1383 2257 omnibus
1403 2229 1670 2257 sanctiﬁcationibus
1697 2238 1744 2258 ve-

958 2274 1032 2302 stris.
1044 2274 1088 2301 41.
1109 2273 1137 2301 In
1158 2274 1243 2302 odore
1270 2275 1347 2302 suavi
1368 2274 1515 2309 suscipiam
1538 2282 1589 2309 ego
1599 2282 1660 2307 vos,
1681 2282 1743 2302 cum

957 2320 1079 2348 eduxere
1090 2327 1138 2347 vos
1151 2327 1183 2347 ex
1196 2320 1333 2356 gentibus,
1351 2325 1378 2348 et
1394 2328 1539 2356 suscepere
1559 2330 1607 2350 vos
1621 2331 1636 2350 θ
1655 2330 1746 2357 regio—

959 2367 1050 2399 nibus,
1064 2366 1164 2401 quibus
1174 2367 1291 2401 dispersi
1305 2367 1372 2394 estis
1393 2367 1419 2394 in
1433 2368 1482 2400 eis,
1502 2374 1529 2396 et
1551 2369 1744 2396 sanctilicabor

958 2413 985 2440 in
999 2413 1076 2440 vobis
1089 2417 1153 2440 ante
1164 2412 1257 2440 oculos
1272 2413 1444 2448 populorum.
1458 2413 1502 2441 42.
1520 2414 1552 2442 Et
1564 2414 1743 2450 cognoscetis,

958 2459 1022 2494 quia
1037 2466 1088 2494 ego
1099 2458 1245 2494 Dominus,
1260 2467 1322 2486 rum
1335 2459 1514 2488 introduxero
1528 2468 1576 2488 vos
1599 2461 1626 2489 in
1643 2465 1743 2488 terram

957 2505 1076 2538 lsraelis,
1093 2505 1120 2532 in
1136 2509 1248 2538 terram,
1266 2513 1349 2540 quam
1366 2506 1450 2533 levavi
1463 2514 1573 2534 manum
1596 2515 1683 2534 meatu
1695 2513 1744 2534 su-

957 2557 1006 2585 per
1023 2549 1136 2582 eam,ad
1149 2549 1268 2578 dandum
1282 2558 1341 2577 eam
1350 2552 1473 2586 patribus
1482 2552 1587 2579 vestris.
1601 2552 1645 2579 45.
1661 2552 1698 2588 (y)
1710 2552 1744 2579 Et

147 2619 180 2656 (i)
192 2618 240 2658 _S.,
254 2627 314 2658 quae
334 2624 377 2647 est
407 2619 490 2647 timor
515 2619 684 2658 adorationis
713 2621 843 2658 omnibus
861 2622 953 2658 terris.
970 2622 1031 2654 Th.,
1047 2620 1179 2658 fortitudo
1194 2625 1250 2658 est__
1268 2621 1396 2658 omnibus
1416 2622 1506 2650 terris.
1545 2621 1581 2658 (It)
1597 2621 1638 2654 S.,
1651 2622 1741 2650 adhae-

111 2656 238 2682 rescebat
268 2655 340 2682 enim
361 2663 409 2683 cor
434 2662 528 2682 eorum
550 2655 630 2683 idolis
648 2663 752 2683 eorum.

110 2694 220 2724 patrum
232 2697 339 2717 eorum.
379 2690 417 2727 (η)
432 2689 493 2721 Tlt.,
506 2691 716 2726 primogenitum
733 2689 826 2718 uteri'.’
853 2692 890 2728 (ο)

110 2729 147 2751 tr)
165 2725 249 2751 Deus.
302 2726 336 2751 (sl
353 2725 433 2751 Deus.
488 2726 520 2751 (tl
542 2724 583 2751 S..
598 2730 626 2751 et
653 2725 804 2751 nuriﬁcabo
819 2734 870 2751 vos

110 2729 147 2759 (ν)
165 2729 249 2765 Deus.
302 2729 336 2760 (δ)
353 2729 407 2753 Deu

110 2760 233 2799 [utdel-is.
262 2760 312 2800 .(u)
329 2761 408 2788 Deus.

799 2657 831 2692 (ι)
864 2657 916 2692 Eg
938 2658 985 2693 pti.
1042 2657 1089 2691 (γη)
1105 2655 1146 2689 S.,
1162 2661 1189 2683 et
1207 2656 1430 2684 adhaerescebant
1449 2658 1520 2685 oculi
1534 2655 1629 2685 eorum
1659 2657 1743 2685 idolis

799 2701 813 2718 ι.
853 2692 890 2720 (ο)
966 2691 1133 2720 delinquont.
1174 2691 1209 2720 (υ)
1225 2691 1348 2718 ΑΒΑΝΑ.
1388 2694 1425 2720 (II)
1440 2691 1520 2720 Hel)..
1534 2692 1617 2720 Bama
1633 2693 1739 2720 BAMA.

966 2691 1133 2727 delinquont.
1156 2726 1159 2727 ν
1174 2691 1348 2727 (pLABANA.
1376 2694 1425 2727 7(q)
1440 2691 1520 2725 Hel).,
1534 2692 1617 2720 Bama
1633 2693 1739 2720 ΒΑΜΑ.

302 2726 336 2760 (s)
353 2724 433 2754 Deus.
488 2726 524 2788 (lg
542 2724 583 2757 S.,
598 2724 626 2753 et
653 2725 804 2761 puriﬁcabo
819 2724 920 2754 voS'iIt
945 2724 1055 2754 annulo’
1067 2724 1187 2754 foederis:
1201 2724 1268 2758 ⁷Τ1ι.,
1284 2731 1311 2753 et
1325 2724 1465 2754 traducant
1478 2735 1526 2754 vos
1547 2728 1573 2754 in
1596 2728 1742 2755 tradilione

305 2761 408 2788 )Dcus.
449 2761 487 2788 (xl
527 2781 546 2788 ..
573 2761 654 2788 idolis
685 2761 743 2788 suis
768 2761 806 2788 ite
832 2763 943 2788 servite.
964 2766 1107 2788 postquam
1124 2769 1179 2788 non
1196 2761 1280 2788 vultis
1296 2762 1392 2788 audire
1410 2770 1463 2788 me.
1513 2762 1551 2788 (ul
1572 2761 1614 2788 S..
1631 2767 1658 2788 et
1677 2770 1740 2788 cum

449 2761 488 2799 (π)
505 2761 654 2799 8.,ηὶναᾳ1ἱδ
685 2761 743 2788 suis
768 2761 810 2799 ite
832 2763 943 2795 servite,
964 2766 1107 2799 postquam
1124 2769 1179 2788 non
1196 2761 1280 2799 vultis
1296 2762 1392 2799 audire
1410 2770 1463 2799 me,

1513 2762 1551 2797 (υ)
1572 2761 1614 2793 8..
1631 2767 1658 2789 et
1677 2770 1740 2789 cum

110 2796 137 2821 in
152 2796 315 2821 memoriam
336 2796 529 2825 revocaveritis
549 2796 585 2823 ibi
597 2796 656 2823 vias
667 2799 693 2824 et
713 2797 830 2823 consilia
845 2801 946 2831 vestra,
967 2797 995 2823 in
1011 2797 1110 2831 quibus
1127 2803 1174 2824 vos
1193 2796 1341 2831 polluistis,
1359 2797 1464 2831 parvuli
1483 2796 1643 2824 videbimini
1657 2798 1683 2823 in
1701 2797 1741 2823 eis

110 2830 173 2864 (vox
195 2831 314 2874 1113,13:
337 2831 385 2863 eis,
408 2832 476 2860 mihi
496 2831 670 2866 transposita,
686 2835 713 2858 et
726 2833 851 2866 proxime
868 2840 883 2859 a
906 2830 1040 2867 polluislis
1061 2830 1217 2859 collocanda
1231 2830 1365 2868 videtur),
1378 2836 1488 2868 propter
1512 2840 1609 2860 omnes
1621 2831 1740 2859 malitias

109 2879 228 2910 vestras,
245 2883 316 2912 quas
332 2876 445 2911 fecistis,
460 2882 488 2905 et
513 2877 616 2910 scietis,
645 2877 718 2912 quod
733 2885 784 2915 ego
802 2877 947 2914 Dominus,
966 2886 1028 2907 cum
1043 2878 1133 2908 fecero
1150 2879 1218 2908 bene
1235 2879 1312 2908 vobis
1327 2884 1438 2915 propter
1456 2887 1555 2908 nomen
1572 2885 1673 2907 meum.

252 2923 388 2954 ΡΑτιιοι..
401 2924 458 2954 Gn.
477 2924 562 2955 XVI.

1545 2924 1582 2955 86
