  <div class='ocr_page' id='page_1' title='image "/cluster/home/n/w/nwhite01/storage/ocr_20150623/16, pt.3/njp.32101010944575/222.png"; bbox 0 0 1959 3079; ppageno 0'>
   <div class='ocr_carea' id='block_1_1' title="bbox 131 136 198 164">
    <p class='ocr_par' dir='ltr' id='par_1_1' title="bbox 131 136 198 164">
     <span class='ocr_line' id='line_1_1' title="bbox 131 136 198 164; baseline -0.015 0"><span class='ocrx_word' id='word_1_1' title='bbox 131 136 198 164; x_wconf 67' lang='lat' dir='ltr'><strong>272i</strong></span> 
     </span>
    </p>
   </div>
   <div class='ocr_carea' id='block_1_2' title="bbox 722 134 1172 164">
    <p class='ocr_par' dir='ltr' id='par_1_2' title="bbox 722 134 1172 164">
     <span class='ocr_line' id='line_1_2' title="bbox 722 134 1172 164; baseline 0.004 -2"><span class='ocrx_word' id='word_1_2' title='bbox 722 134 924 164; x_wconf 76' lang='lat' dir='ltr'><strong>llEZEClELlS</strong></span> <span class='ocrx_word' id='word_1_3' title='bbox 943 135 1057 164; x_wconf 67' lang='lat' dir='ltr'><strong>CAPUT</strong></span> <span class='ocrx_word' id='word_1_4' title='bbox 1090 136 1172 164; x_wconf 76' lang='lat' dir='ltr'><strong>XXII.</strong></span> 
     </span>
    </p>
   </div>
   <div class='ocr_carea' id='block_1_3' title="bbox 1689 142 1760 170">
    <p class='ocr_par' dir='ltr' id='par_1_3' title="bbox 1689 142 1760 170">
     <span class='ocr_line' id='line_1_3' title="bbox 1689 142 1760 170; baseline 0.014 -1"><span class='ocrx_word' id='word_1_5' title='bbox 1689 142 1760 170; x_wconf 70' lang='lat'><strong>2722</strong></span> 
     </span>
    </p>
   </div>
   <div class='ocr_carea' id='block_1_4' title="bbox 129 195 1760 232">
    <p class='ocr_par' dir='ltr' id='par_1_4' title="bbox 129 195 1760 232">
     <span class='ocr_line' id='line_1_4' title="bbox 129 195 1760 232; baseline 0.004 -9"><span class='ocrx_word' id='word_1_6' title='bbox 129 195 193 223; x_wconf 86' lang='lat' dir='ltr'><strong>tasti</strong></span> <span class='ocrx_word' id='word_1_7' title='bbox 205 195 317 223; x_wconf 81' lang='lat' dir='ltr'><strong>humile.</strong></span> <span class='ocrx_word' id='word_1_8' title='bbox 333 195 378 224; x_wconf 81' lang='lat'><strong>27.</strong></span> <span class='ocrx_word' id='word_1_9' title='bbox 390 195 564 232; x_wconf 84' lang='lat' dir='ltr'><strong>lnjustitiam,</strong></span> <span class='ocrx_word' id='word_1_10' title='bbox 580 198 612 230; x_wconf 51' lang='lat'><strong>)5:</strong></span> <span class='ocrx_word' id='word_1_11' title='bbox 626 196 787 231; x_wconf 87' lang='lat' dir='ltr'><strong>injuslitiam</strong></span> <span class='ocrx_word' id='word_1_12' title='bbox 802 197 833 230; x_wconf 72' lang='grc' dir='ltr'><strong>ζ,</strong></span> <span class='ocrx_word' id='word_1_13' title='bbox 851 196 922 230; x_wconf 89' lang='lat' dir='ltr'><strong>inju-</strong></span> <span class='ocrx_word' id='word_1_14' title='bbox 937 201 960 230; x_wconf 73' lang='grc' dir='ltr'>Α</span> <span class='ocrx_word' id='word_1_15' title='bbox 974 197 1059 225; x_wconf 82' lang='lat' dir='ltr'><strong>oblita</strong></span> <span class='ocrx_word' id='word_1_16' title='bbox 1077 206 1119 232; x_wconf 88' lang='lat' dir='ltr'><strong>es,</strong></span> <span class='ocrx_word' id='word_1_17' title='bbox 1139 199 1204 227; x_wconf 85' lang='lat' dir='ltr'><strong>dicit</strong></span> <span class='ocrx_word' id='word_1_18' title='bbox 1226 199 1358 227; x_wconf 78' lang='lat' dir='ltr'><strong>Dominus</strong></span> <span class='ocrx_word' id='word_1_19' title='bbox 1374 200 1518 227; x_wconf 82' lang='lat' dir='ltr'><strong>Dominus.</strong></span> <span class='ocrx_word' id='word_1_20' title='bbox 1543 200 1587 227; x_wconf 79' lang='lat' dir='ltr'><strong>l5.</strong></span> <span class='ocrx_word' id='word_1_21' title='bbox 1615 200 1642 227; x_wconf 88' lang='lat' dir='ltr'><strong>Si</strong></span> <span class='ocrx_word' id='word_1_22' title='bbox 1669 207 1760 229; x_wconf 85' lang='lat' dir='ltr'><strong>autem</strong></span> 
     </span>
    </p>
   </div>
   <div class='ocr_carea' id='block_1_5' title="bbox 130 241 922 276">
    <p class='ocr_par' dir='ltr' id='par_1_5' title="bbox 130 241 922 276">
     <span class='ocr_line' id='line_1_5' title="bbox 130 241 922 276; baseline -0.001 -8"><span class='ocrx_word' id='word_1_23' title='bbox 130 241 236 268; x_wconf 84' lang='lat' dir='ltr'><strong>stitiam</strong></span> <span class='ocrx_word' id='word_1_24' title='bbox 252 248 351 276; x_wconf 89' lang='lat' dir='ltr'><strong>ponatn</strong></span> <span class='ocrx_word' id='word_1_25' title='bbox 372 248 444 274; x_wconf 84' lang='lat' dir='ltr'><strong>eam,</strong></span> <span class='ocrx_word' id='word_1_26' title='bbox 460 249 509 268; x_wconf 87' lang='lat' dir='ltr'><strong>nec</strong></span> <span class='ocrx_word' id='word_1_27' title='bbox 531 241 589 268; x_wconf 72' lang='lat' dir='ltr'><strong>haec</strong></span> <span class='ocrx_word' id='word_1_28' title='bbox 610 241 674 268; x_wconf 82' lang='lat' dir='ltr'><strong>talis</strong></span> <span class='ocrx_word' id='word_1_29' title='bbox 689 241 751 273; x_wconf 86' lang='lat' dir='ltr'><strong>erit,</strong></span> <span class='ocrx_word' id='word_1_30' title='bbox 774 241 861 268; x_wconf 68' lang='lat' dir='ltr'><strong>donec</strong></span> <span class='ocrx_word' id='word_1_31' title='bbox 881 248 922 267; x_wconf 81' lang='lat' dir='ltr'><strong>ve-</strong></span> 
     </span>
    </p>
   </div>
   <div class='ocr_carea' id='block_1_6' title="bbox 129 286 922 320">
    <p class='ocr_par' dir='ltr' id='par_1_6' title="bbox 129 286 922 320">
     <span class='ocr_line' id='line_1_6' title="bbox 129 286 922 320; baseline -0.003 -5"><span class='ocrx_word' id='word_1_32' title='bbox 129 288 201 320; x_wconf 89' lang='lat' dir='ltr'><strong>niat,</strong></span> <span class='ocrx_word' id='word_1_33' title='bbox 221 287 265 314; x_wconf 88' lang='lat' dir='ltr'><strong>cui</strong></span> <span class='ocrx_word' id='word_1_34' title='bbox 279 287 418 319; x_wconf 75' lang='lat' dir='ltr'><strong>convertit,</strong></span> <span class='ocrx_word' id='word_1_35' title='bbox 435 291 462 314; x_wconf 88' lang='lat' dir='ltr'><strong>et</strong></span> <span class='ocrx_word' id='word_1_36' title='bbox 475 287 579 315; x_wconf 79' lang='lat' dir='ltr'><strong>tradam</strong></span> <span class='ocrx_word' id='word_1_37' title='bbox 591 287 627 314; x_wconf 88' lang='lat' dir='ltr'><strong>ei.</strong></span> <span class='ocrx_word' id='word_1_38' title='bbox 641 288 686 315; x_wconf 87' lang='lat'><strong>28.</strong></span> <span class='ocrx_word' id='word_1_39' title='bbox 701 287 734 314; x_wconf 84' lang='lat' dir='ltr'><strong>Et</strong></span> <span class='ocrx_word' id='word_1_40' title='bbox 753 292 781 315; x_wconf 88' lang='lat' dir='ltr'><strong>ttt</strong></span> <span class='ocrx_word' id='word_1_41' title='bbox 792 307 800 320; x_wconf 84' lang='lat'><strong>,</strong></span> <span class='ocrx_word' id='word_1_42' title='bbox 821 287 857 313; x_wconf 86' lang='lat' dir='ltr'><strong>fili</strong></span> <span class='ocrx_word' id='word_1_43' title='bbox 874 286 922 313; x_wconf 92' lang='lat' dir='ltr'><strong>ho-</strong></span> 
     </span>
    </p>
   </div>
   <div class='ocr_carea' id='block_1_7' title="bbox 131 332 922 368">
    <p class='ocr_par' dir='ltr' id='par_1_7' title="bbox 131 332 922 368">
     <span class='ocr_line' id='line_1_7' title="bbox 131 332 922 368; baseline -0.003 -8"><span class='ocrx_word' id='word_1_44' title='bbox 131 333 227 366; x_wconf 85' lang='lat' dir='ltr'><strong>minis,</strong></span> <span class='ocrx_word' id='word_1_45' title='bbox 243 334 389 368; x_wconf 85' lang='lat' dir='ltr'><strong>propheta,</strong></span> <span class='ocrx_word' id='word_1_46' title='bbox 405 339 432 361; x_wconf 90' lang='lat' dir='ltr'><strong>et</strong></span> <span class='ocrx_word' id='word_1_47' title='bbox 449 333 525 361; x_wconf 83' lang='lat' dir='ltr'><strong>dices</strong></span> <span class='ocrx_word' id='word_1_48' title='bbox 545 342 551 360; x_wconf 91' lang='lat'>:</span> <span class='ocrx_word' id='word_1_49' title='bbox 567 333 630 361; x_wconf 62' lang='lat' dir='ltr'><strong>llaec</strong></span> <span class='ocrx_word' id='word_1_50' title='bbox 649 333 715 360; x_wconf 82' lang='lat' dir='ltr'><strong>dicit</strong></span> <span class='ocrx_word' id='word_1_51' title='bbox 733 332 864 360; x_wconf 82' lang='lat' dir='ltr'><strong>Dominus</strong></span> <span class='ocrx_word' id='word_1_52' title='bbox 881 333 922 368; x_wconf 79' lang='grc' dir='ltr'><strong>(ιι)</strong></span> 
     </span>
    </p>
   </div>
   <div class='ocr_carea' id='block_1_8' title="bbox 131 379 922 414">
    <p class='ocr_par' dir='ltr' id='par_1_8' title="bbox 131 379 922 414">
     <span class='ocr_line' id='line_1_8' title="bbox 131 379 922 414; baseline 0 -7"><span class='ocrx_word' id='word_1_53' title='bbox 131 380 266 408; x_wconf 82' lang='lat' dir='ltr'><strong>Dominus</strong></span> <span class='ocrx_word' id='word_1_54' title='bbox 281 380 314 407; x_wconf 88' lang='lat' dir='ltr'><strong>ad</strong></span> <span class='ocrx_word' id='word_1_55' title='bbox 332 380 403 408; x_wconf 89' lang='lat' dir='ltr'><strong>filios</strong></span> <span class='ocrx_word' id='word_1_56' title='bbox 417 381 533 407; x_wconf 80' lang='lat' dir='ltr'><strong>Ammon</strong></span> <span class='ocrx_word' id='word_1_57' title='bbox 546 399 554 412; x_wconf 82' lang='lat'><strong>,</strong></span> <span class='ocrx_word' id='word_1_58' title='bbox 579 385 606 408; x_wconf 88' lang='lat' dir='ltr'><strong>et</strong></span> <span class='ocrx_word' id='word_1_59' title='bbox 624 379 657 407; x_wconf 83' lang='lat' dir='ltr'><strong>ad</strong></span> <span class='ocrx_word' id='word_1_60' title='bbox 683 379 859 414; x_wconf 81' lang='lat' dir='ltr'><strong>opprobrium</strong></span> <span class='ocrx_word' id='word_1_61' title='bbox 874 387 922 407; x_wconf 88' lang='lat' dir='ltr'><strong>co—</strong></span> 
     </span>
    </p>
   </div>
   <div class='ocr_carea' id='block_1_9' title="bbox 131 425 924 462">
    <p class='ocr_par' dir='ltr' id='par_1_9' title="bbox 131 425 924 462">
     <span class='ocr_line' id='line_1_9' title="bbox 131 425 924 462; baseline 0 -9"><span class='ocrx_word' id='word_1_62' title='bbox 131 434 207 458; x_wconf 91' lang='lat' dir='ltr'><strong>rum,</strong></span> <span class='ocrx_word' id='word_1_63' title='bbox 218 430 245 453; x_wconf 88' lang='lat' dir='ltr'><strong>et</strong></span> <span class='ocrx_word' id='word_1_64' title='bbox 258 425 333 454; x_wconf 80' lang='lat' dir='ltr'><strong>dices</strong></span> <span class='ocrx_word' id='word_1_65' title='bbox 350 435 357 454; x_wconf 93' lang='lat'><strong>:</strong></span> <span class='ocrx_word' id='word_1_66' title='bbox 373 425 497 459; x_wconf 83' lang='lat' dir='ltr'><strong>Gladius,</strong></span> <span class='ocrx_word' id='word_1_67' title='bbox 513 425 620 462; x_wconf 77' lang='lat' dir='ltr'><strong>gladius</strong></span> <span class='ocrx_word' id='word_1_68' title='bbox 641 426 801 461; x_wconf 86' lang='lat' dir='ltr'><strong>evaginatus</strong></span> <span class='ocrx_word' id='word_1_69' title='bbox 815 426 848 453; x_wconf 87' lang='lat' dir='ltr'><strong>ad</strong></span> <span class='ocrx_word' id='word_1_70' title='bbox 866 433 924 454; x_wconf 86' lang='lat' dir='ltr'><strong>ma-</strong></span> 
     </span>
    </p>
   </div>
   <div class='ocr_carea' id='block_1_10' title="bbox 131 471 922 506">
    <p class='ocr_par' dir='ltr' id='par_1_10' title="bbox 131 471 922 506">
     <span class='ocr_line' id='line_1_10' title="bbox 131 471 922 506; baseline -0.003 -6"><span class='ocrx_word' id='word_1_71' title='bbox 131 473 280 500; x_wconf 82' lang='lat' dir='ltr'><strong>ctationem</strong></span> <span class='ocrx_word' id='word_1_72' title='bbox 298 493 306 504; x_wconf 94' lang='lat'><strong>,</strong></span> <span class='ocrx_word' id='word_1_73' title='bbox 336 477 364 499; x_wconf 88' lang='lat' dir='ltr'><strong>et</strong></span> <span class='ocrx_word' id='word_1_74' title='bbox 393 472 552 506; x_wconf 76' lang='lat' dir='ltr'><strong>evaginatus</strong></span> <span class='ocrx_word' id='word_1_75' title='bbox 574 471 609 499; x_wconf 82' lang='lat' dir='ltr'><strong>ad</strong></span> <span class='ocrx_word' id='word_1_76' title='bbox 644 471 922 503; x_wconf 85' lang='lat' dir='ltr'><strong>consummationem,</strong></span> 
     </span>
    </p>
   </div>
   <div class='ocr_carea' id='block_1_11' title="bbox 132 518 922 554">
    <p class='ocr_par' dir='ltr' id='par_1_11' title="bbox 132 518 922 554">
     <span class='ocr_line' id='line_1_11' title="bbox 132 518 922 554; baseline -0.001 -9"><span class='ocrx_word' id='word_1_77' title='bbox 132 527 226 554; x_wconf 77' lang='lat' dir='ltr'><strong>surge,</strong></span> <span class='ocrx_word' id='word_1_78' title='bbox 245 523 275 546; x_wconf 90' lang='lat' dir='ltr'><strong>ut</strong></span> <span class='ocrx_word' id='word_1_79' title='bbox 291 518 406 554; x_wconf 80' lang='lat' dir='ltr'><strong>fulgeas,</strong></span> <span class='ocrx_word' id='word_1_80' title='bbox 419 518 464 546; x_wconf 81' lang='lat'><strong>29.</strong></span> <span class='ocrx_word' id='word_1_81' title='bbox 479 519 505 546; x_wconf 88' lang='lat' dir='ltr'><strong>in</strong></span> <span class='ocrx_word' id='word_1_82' title='bbox 519 519 624 546; x_wconf 87' lang='lat' dir='ltr'><strong>visione</strong></span> <span class='ocrx_word' id='word_1_83' title='bbox 641 523 685 544; x_wconf 90' lang='lat' dir='ltr'><strong>tua</strong></span> <span class='ocrx_word' id='word_1_84' title='bbox 700 526 769 545; x_wconf 87' lang='lat' dir='ltr'><strong>vana</strong></span> <span class='ocrx_word' id='word_1_85' title='bbox 781 537 788 550; x_wconf 91' lang='lat'><strong>,</strong></span> <span class='ocrx_word' id='word_1_86' title='bbox 816 524 843 545; x_wconf 88' lang='lat' dir='ltr'><strong>et</strong></span> <span class='ocrx_word' id='word_1_87' title='bbox 862 525 922 544; x_wconf 89' lang='lat' dir='ltr'><strong>eum</strong></span> 
     </span>
    </p>
   </div>
   <div class='ocr_carea' id='block_1_12' title="bbox 131 563 924 600">
    <p class='ocr_par' dir='ltr' id='par_1_12' title="bbox 131 563 924 600">
     <span class='ocr_line' id='line_1_12' title="bbox 131 563 924 600; baseline -0.001 -8"><span class='ocrx_word' id='word_1_88' title='bbox 131 565 271 593; x_wconf 85' lang='lat' dir='ltr'><strong>divinahis</strong></span> <span class='ocrx_word' id='word_1_89' title='bbox 286 564 365 597; x_wconf 85' lang='lat' dir='ltr'><strong>falsa,</strong></span> <span class='ocrx_word' id='word_1_90' title='bbox 380 565 413 592; x_wconf 90' lang='lat' dir='ltr'><strong>ad</strong></span> <span class='ocrx_word' id='word_1_91' title='bbox 431 564 592 592; x_wconf 86' lang='lat' dir='ltr'><strong>tradendum</strong></span> <span class='ocrx_word' id='word_1_92' title='bbox 616 569 642 593; x_wconf 90' lang='lat' dir='ltr'><strong>te</strong></span> <span class='ocrx_word' id='word_1_93' title='bbox 663 572 744 600; x_wconf 87' lang='lat' dir='ltr'><strong>super</strong></span> <span class='ocrx_word' id='word_1_94' title='bbox 768 564 836 592; x_wconf 90' lang='lat' dir='ltr'><strong>colla</strong></span> <span class='ocrx_word' id='word_1_95' title='bbox 851 563 924 592; x_wconf 88' lang='lat' dir='ltr'><strong>occi-</strong></span> 
     </span>
    </p>
   </div>
   <div class='ocr_carea' id='block_1_13' title="bbox 132 610 925 646">
    <p class='ocr_par' dir='ltr' id='par_1_13' title="bbox 132 610 925 646">
     <span class='ocr_line' id='line_1_13' title="bbox 132 610 925 646; baseline -0.001 -8"><span class='ocrx_word' id='word_1_96' title='bbox 132 619 228 638; x_wconf 80' lang='lat' dir='ltr'><strong>sorum</strong></span> <span class='ocrx_word' id='word_1_97' title='bbox 247 611 414 646; x_wconf 91' lang='lat' dir='ltr'><strong>iniquorum,</strong></span> <span class='ocrx_word' id='word_1_98' title='bbox 429 618 546 646; x_wconf 90' lang='lat' dir='ltr'><strong>quorum</strong></span> <span class='ocrx_word' id='word_1_99' title='bbox 570 611 644 638; x_wconf 81' lang='lat' dir='ltr'><strong>venit</strong></span> <span class='ocrx_word' id='word_1_100' title='bbox 660 611 718 638; x_wconf 89' lang='lat' dir='ltr'><strong>dies</strong></span> <span class='ocrx_word' id='word_1_101' title='bbox 744 610 770 637; x_wconf 91' lang='lat' dir='ltr'><strong>in</strong></span> <span class='ocrx_word' id='word_1_102' title='bbox 802 616 925 645; x_wconf 85' lang='lat' dir='ltr'><strong>tempore</strong></span> 
     </span>
    </p>
   </div>
   <div class='ocr_carea' id='block_1_14' title="bbox 133 656 925 692">
    <p class='ocr_par' dir='ltr' id='par_1_14' title="bbox 133 656 925 692">
     <span class='ocr_line' id='line_1_14' title="bbox 133 656 925 692; baseline 0.003 -9"><span class='ocrx_word' id='word_1_103' title='bbox 133 657 197 684; x_wconf 82' lang='lat' dir='ltr'><strong>linis</strong></span> <span class='ocrx_word' id='word_1_104' title='bbox 211 656 361 691; x_wconf 62' lang='lat' dir='ltr'><strong>injustitiat.</strong></span> <span class='ocrx_word' id='word_1_105' title='bbox 377 657 421 685; x_wconf 81' lang='lat'><strong>&#39;50.</strong></span> <span class='ocrx_word' id='word_1_106' title='bbox 435 657 595 689; x_wconf 70' lang='lat' dir='ltr'><strong>Revertere,</strong></span> <span class='ocrx_word' id='word_1_107' title='bbox 609 665 643 684; x_wconf 92' lang='lat' dir='ltr'><strong>ne</strong></span> <span class='ocrx_word' id='word_1_108' title='bbox 659 657 805 692; x_wconf 86' lang='lat' dir='ltr'><strong>hospiteris</strong></span> <span class='ocrx_word' id='word_1_109' title='bbox 822 657 849 684; x_wconf 92' lang='lat' dir='ltr'><strong>in</strong></span> <span class='ocrx_word' id='word_1_110' title='bbox 865 658 925 685; x_wconf 88' lang='lat' dir='ltr'><strong>loco</strong></span> 
     </span>
    </p>
   </div>
   <div class='ocr_carea' id='block_1_15' title="bbox 134 702 921 739">
    <p class='ocr_par' dir='ltr' id='par_1_15' title="bbox 134 702 921 739">
     <span class='ocr_line' id='line_1_15' title="bbox 134 702 921 739; baseline 0.001 -10"><span class='ocrx_word' id='word_1_111' title='bbox 134 703 199 735; x_wconf 91' lang='lat' dir='ltr'><strong>hoc,</strong></span> <span class='ocrx_word' id='word_1_112' title='bbox 212 710 268 738; x_wconf 90' lang='lat' dir='ltr'><strong>quo</strong></span> <span class='ocrx_word' id='word_1_113' title='bbox 288 707 369 730; x_wconf 88' lang='lat' dir='ltr'><strong>natus</strong></span> <span class='ocrx_word' id='word_1_114' title='bbox 383 711 424 735; x_wconf 87' lang='lat' dir='ltr'><strong>es,</strong></span> <span class='ocrx_word' id='word_1_115' title='bbox 440 703 466 730; x_wconf 95' lang='lat' dir='ltr'><strong>in</strong></span> <span class='ocrx_word' id='word_1_116' title='bbox 479 707 551 731; x_wconf 84' lang='lat' dir='ltr'><strong>terra</strong></span> <span class='ocrx_word' id='word_1_117' title='bbox 564 702 604 739; x_wconf 69' lang='grc' dir='ltr'><strong>(ιι)</strong></span> <span class='ocrx_word' id='word_1_118' title='bbox 620 707 665 730; x_wconf 86' lang='lat' dir='ltr'><strong>tua</strong></span> <span class='ocrx_word' id='word_1_119' title='bbox 680 703 810 738; x_wconf 87' lang='lat' dir='ltr'><strong>judicabo</strong></span> <span class='ocrx_word' id='word_1_120' title='bbox 826 706 863 737; x_wconf 90' lang='lat' dir='ltr'><strong>te,</strong></span> <span class='ocrx_word' id='word_1_121' title='bbox 877 703 921 730; x_wconf 80' lang='lat' dir='ltr'><strong>5i.</strong></span> 
     </span>
    </p>
   </div>
   <div class='ocr_carea' id='block_1_16' title="bbox 132 748 926 784">
    <p class='ocr_par' dir='ltr' id='par_1_16' title="bbox 132 748 926 784">
     <span class='ocr_line' id='line_1_16' title="bbox 132 748 926 784; baseline 0.001 -9"><span class='ocrx_word' id='word_1_122' title='bbox 132 753 161 775; x_wconf 86' lang='lat' dir='ltr'><strong>et</strong></span> <span class='ocrx_word' id='word_1_123' title='bbox 175 748 314 776; x_wconf 61' lang='lat' dir='ltr'><strong>eiundam</strong></span> <span class='ocrx_word' id='word_1_124' title='bbox 332 756 414 783; x_wconf 88' lang='lat' dir='ltr'><strong>super</strong></span> <span class='ocrx_word' id='word_1_125' title='bbox 433 753 458 776; x_wconf 90' lang='lat' dir='ltr'><strong>te</strong></span> <span class='ocrx_word' id='word_1_126' title='bbox 474 748 593 776; x_wconf 77' lang='lat' dir='ltr'><strong>furorem</strong></span> <span class='ocrx_word' id='word_1_127' title='bbox 623 756 727 781; x_wconf 83' lang='lat' dir='ltr'><strong>meum,</strong></span> <span class='ocrx_word' id='word_1_128' title='bbox 752 749 779 776; x_wconf 91' lang='lat' dir='ltr'><strong>in</strong></span> <span class='ocrx_word' id='word_1_129' title='bbox 797 749 860 784; x_wconf 78' lang='lat' dir='ltr'><strong>igne</strong></span> <span class='ocrx_word' id='word_1_130' title='bbox 878 749 926 776; x_wconf 82' lang='lat' dir='ltr'><strong>irze</strong></span> 
     </span>
    </p>
   </div>
   <div class='ocr_carea' id='block_1_17' title="bbox 134 793 927 829">
    <p class='ocr_par' dir='ltr' id='par_1_17' title="bbox 134 793 927 829">
     <span class='ocr_line' id='line_1_17' title="bbox 134 793 927 829; baseline -0.001 -7"><span class='ocrx_word' id='word_1_131' title='bbox 134 802 204 822; x_wconf 67' lang='lat' dir='ltr'><strong>mea:</strong></span> <span class='ocrx_word' id='word_1_132' title='bbox 219 793 336 822; x_wconf 82' lang='lat' dir='ltr'><strong>sulliabo</strong></span> <span class='ocrx_word' id='word_1_133' title='bbox 350 802 431 829; x_wconf 87' lang='lat' dir='ltr'><strong>super</strong></span> <span class='ocrx_word' id='word_1_134' title='bbox 443 800 469 822; x_wconf 92' lang='lat' dir='ltr'><strong>te</strong></span> <span class='ocrx_word' id='word_1_135' title='bbox 485 802 491 821; x_wconf 94' lang='lat'><strong>:</strong></span> <span class='ocrx_word' id='word_1_136' title='bbox 506 799 534 822; x_wconf 90' lang='lat' dir='ltr'><strong>et</strong></span> <span class='ocrx_word' id='word_1_137' title='bbox 548 795 653 822; x_wconf 86' lang='lat' dir='ltr'><strong>tradam</strong></span> <span class='ocrx_word' id='word_1_138' title='bbox 678 798 704 822; x_wconf 88' lang='lat' dir='ltr'><strong>te</strong></span> <span class='ocrx_word' id='word_1_139' title='bbox 733 794 759 821; x_wconf 92' lang='lat' dir='ltr'><strong>in</strong></span> <span class='ocrx_word' id='word_1_140' title='bbox 776 802 875 822; x_wconf 90' lang='lat' dir='ltr'><strong>manus</strong></span> <span class='ocrx_word' id='word_1_141' title='bbox 890 794 927 822; x_wconf 88' lang='lat' dir='ltr'><strong>vi-</strong></span> 
     </span>
    </p>
   </div>
   <div class='ocr_carea' id='block_1_18' title="bbox 136 839 927 874">
    <p class='ocr_par' dir='ltr' id='par_1_18' title="bbox 136 839 927 874">
     <span class='ocr_line' id='line_1_18' title="bbox 136 839 927 874; baseline 0.001 -8"><span class='ocrx_word' id='word_1_142' title='bbox 136 848 230 867; x_wconf 91' lang='lat' dir='ltr'><strong>rorum</strong></span> <span class='ocrx_word' id='word_1_143' title='bbox 260 840 439 867; x_wconf 85' lang='lat' dir='ltr'><strong>barbarorum</strong></span> <span class='ocrx_word' id='word_1_144' title='bbox 466 839 642 868; x_wconf 80' lang='lat' dir='ltr'><strong>conflantium</strong></span> <span class='ocrx_word' id='word_1_145' title='bbox 667 840 927 874; x_wconf 88' lang='lat' dir='ltr'><strong>corruptionem.—</strong></span> 
     </span>
    </p>
   </div>
   <div class='ocr_carea' id='block_1_19' title="bbox 135 885 925 921">
    <p class='ocr_par' dir='ltr' id='par_1_19' title="bbox 135 885 925 921">
     <span class='ocr_line' id='line_1_19' title="bbox 135 885 925 921; baseline 0.001 -10"><span class='ocrx_word' id='word_1_146' title='bbox 135 885 182 912; x_wconf 75' lang='lat'><strong>32.</strong></span> <span class='ocrx_word' id='word_1_147' title='bbox 197 885 224 912; x_wconf 91' lang='lat' dir='ltr'><strong>lu</strong></span> <span class='ocrx_word' id='word_1_148' title='bbox 244 885 305 920; x_wconf 84' lang='lat' dir='ltr'><strong>igne</strong></span> <span class='ocrx_word' id='word_1_149' title='bbox 320 886 375 913; x_wconf 89' lang='lat' dir='ltr'><strong>eris</strong></span> <span class='ocrx_word' id='word_1_150' title='bbox 389 885 479 918; x_wconf 83' lang='lat' dir='ltr'><strong>cibus,</strong></span> <span class='ocrx_word' id='word_1_151' title='bbox 504 885 615 921; x_wconf 75' lang='lat' dir='ltr'><strong>sanguis</strong></span> <span class='ocrx_word' id='word_1_152' title='bbox 642 889 706 913; x_wconf 90' lang='lat' dir='ltr'><strong>tuus</strong></span> <span class='ocrx_word' id='word_1_153' title='bbox 729 885 782 912; x_wconf 83' lang='lat' dir='ltr'><strong>erit</strong></span> <span class='ocrx_word' id='word_1_154' title='bbox 794 885 820 912; x_wconf 88' lang='lat' dir='ltr'><strong>in</strong></span> <span class='ocrx_word' id='word_1_155' title='bbox 835 885 925 913; x_wconf 89' lang='lat' dir='ltr'><strong>medio</strong></span> 
     </span>
    </p>
   </div>
   <div class='ocr_carea' id='block_1_20' title="bbox 135 931 926 967">
    <p class='ocr_par' dir='ltr' id='par_1_20' title="bbox 135 931 926 967">
     <span class='ocr_line' id='line_1_20' title="bbox 135 931 926 967; baseline 0.001 -8"><span class='ocrx_word' id='word_1_156' title='bbox 135 936 217 959; x_wconf 85' lang='lat' dir='ltr'><strong>terras</strong></span> <span class='ocrx_word' id='word_1_157' title='bbox 231 938 302 959; x_wconf 69' lang='lat' dir='ltr'><strong>tuae:</strong></span> <span class='ocrx_word' id='word_1_158' title='bbox 316 940 370 959; x_wconf 91' lang='lat' dir='ltr'><strong>non</strong></span> <span class='ocrx_word' id='word_1_159' title='bbox 385 932 437 960; x_wconf 91' lang='lat' dir='ltr'><strong>erit</strong></span> <span class='ocrx_word' id='word_1_160' title='bbox 452 932 583 960; x_wconf 85' lang='lat' dir='ltr'><strong>memoria</strong></span> <span class='ocrx_word' id='word_1_161' title='bbox 597 932 646 964; x_wconf 85' lang='lat' dir='ltr'><strong>tui,</strong></span> <span class='ocrx_word' id='word_1_162' title='bbox 660 931 723 966; x_wconf 84' lang='lat' dir='ltr'><strong>quia</strong></span> <span class='ocrx_word' id='word_1_163' title='bbox 736 939 785 967; x_wconf 79' lang='lat' dir='ltr'><strong>ego</strong></span> <span class='ocrx_word' id='word_1_164' title='bbox 793 931 926 960; x_wconf 88' lang='lat' dir='ltr'><strong>Dominus</strong></span> 
     </span>
    </p>
   </div>
   <div class='ocr_carea' id='block_1_21' title="bbox 135 977 330 1004">
    <p class='ocr_par' dir='ltr' id='par_1_21' title="bbox 135 977 330 1004">
     <span class='ocr_line' id='line_1_21' title="bbox 135 977 330 1004; baseline 0 -1"><span class='ocrx_word' id='word_1_165' title='bbox 135 977 244 1004; x_wconf 87' lang='lat' dir='ltr'><strong>locutus</strong></span> <span class='ocrx_word' id='word_1_166' title='bbox 257 984 330 1004; x_wconf 90' lang='lat' dir='ltr'><strong>sum.</strong></span> 
     </span>
    </p>
   </div>
   <div class='ocr_carea' id='block_1_22' title="bbox 172 1020 926 1050">
    <p class='ocr_par' dir='ltr' id='par_1_22' title="bbox 172 1020 926 1050">
     <span class='ocr_line' id='line_1_22' title="bbox 172 1020 926 1050; baseline 0.003 -2"><span class='ocrx_word' id='word_1_167' title='bbox 172 1021 250 1048; x_wconf 81' lang='lat' dir='ltr'><strong>CAP.</strong></span> <span class='ocrx_word' id='word_1_168' title='bbox 266 1021 385 1049; x_wconf 74' lang='lat' dir='ltr'><strong>XXll.—</strong></span> <span class='ocrx_word' id='word_1_169' title='bbox 400 1022 423 1049; x_wconf 91' lang='lat' dir='ltr'><strong>l.</strong></span> <span class='ocrx_word' id='word_1_170' title='bbox 442 1021 475 1048; x_wconf 89' lang='lat' dir='ltr'><strong>Et</strong></span> <span class='ocrx_word' id='word_1_171' title='bbox 490 1020 590 1048; x_wconf 88' lang='lat' dir='ltr'><strong>factum</strong></span> <span class='ocrx_word' id='word_1_172' title='bbox 598 1027 640 1049; x_wconf 88' lang='lat' dir='ltr'><strong>est</strong></span> <span class='ocrx_word' id='word_1_173' title='bbox 654 1022 766 1050; x_wconf 88' lang='lat' dir='ltr'><strong>verbutn</strong></span> <span class='ocrx_word' id='word_1_174' title='bbox 775 1022 883 1050; x_wconf 89' lang='lat' dir='ltr'><strong>Domini</strong></span> <span class='ocrx_word' id='word_1_175' title='bbox 893 1023 926 1050; x_wconf 88' lang='lat' dir='ltr'><strong>ad</strong></span> 
     </span>
    </p>
   </div>
   <div class='ocr_carea' id='block_1_23' title="bbox 137 1067 926 1103">
    <p class='ocr_par' dir='ltr' id='par_1_23' title="bbox 137 1067 926 1103">
     <span class='ocr_line' id='line_1_23' title="bbox 137 1067 926 1103; baseline 0.001 -9"><span class='ocrx_word' id='word_1_176' title='bbox 137 1075 192 1098; x_wconf 90' lang='lat' dir='ltr'><strong>me,</strong></span> <span class='ocrx_word' id='word_1_177' title='bbox 204 1067 295 1094; x_wconf 84' lang='lat' dir='ltr'><strong>dicens</strong></span> <span class='ocrx_word' id='word_1_178' title='bbox 311 1067 355 1094; x_wconf 81' lang='lat'><strong>:2.</strong></span> <span class='ocrx_word' id='word_1_179' title='bbox 366 1067 397 1095; x_wconf 86' lang='lat' dir='ltr'><strong>Et</strong></span> <span class='ocrx_word' id='word_1_180' title='bbox 406 1072 444 1100; x_wconf 90' lang='lat' dir='ltr'><strong>tu,</strong></span> <span class='ocrx_word' id='word_1_181' title='bbox 462 1067 497 1095; x_wconf 85' lang='lat' dir='ltr'><strong>fili</strong></span> <span class='ocrx_word' id='word_1_182' title='bbox 511 1068 641 1099; x_wconf 90' lang='lat' dir='ltr'><strong>hominis,</strong></span> <span class='ocrx_word' id='word_1_183' title='bbox 654 1068 800 1103; x_wconf 85' lang='lat' dir='ltr'><strong>sijndieas,</strong></span> <span class='ocrx_word' id='word_1_184' title='bbox 816 1073 863 1096; x_wconf 84' lang='lat' dir='ltr'><strong>aut</strong></span> <span class='ocrx_word' id='word_1_185' title='bbox 873 1076 926 1095; x_wconf 87' lang='lat' dir='ltr'><strong>non</strong></span> 
     </span>
    </p>
   </div>
   <div class='ocr_carea' id='block_1_24' title="bbox 133 1111 927 1146">
    <p class='ocr_par' dir='ltr' id='par_1_24' title="bbox 133 1111 927 1146">
     <span class='ocr_line' id='line_1_24' title="bbox 133 1111 927 1146; baseline 0.003 -8"><span class='ocrx_word' id='word_1_186' title='bbox 133 1111 246 1146; x_wconf 87' lang='lat' dir='ltr'><strong>judieas</strong></span> <span class='ocrx_word' id='word_1_187' title='bbox 264 1112 359 1139; x_wconf 87' lang='lat' dir='ltr'><strong>urbem</strong></span> <span class='ocrx_word' id='word_1_188' title='bbox 383 1112 565 1146; x_wconf 81' lang='lat' dir='ltr'><strong>sanguinum?</strong></span> <span class='ocrx_word' id='word_1_189' title='bbox 594 1117 621 1140; x_wconf 92' lang='lat' dir='ltr'><strong>et</strong></span> <span class='ocrx_word' id='word_1_190' title='bbox 647 1113 761 1140; x_wconf 76' lang='lat' dir='ltr'><strong>ostende</strong></span> <span class='ocrx_word' id='word_1_191' title='bbox 782 1113 807 1140; x_wconf 90' lang='lat' dir='ltr'><strong>ei</strong></span> <span class='ocrx_word' id='word_1_192' title='bbox 831 1121 927 1141; x_wconf 84' lang='lat' dir='ltr'><strong>omnes</strong></span> 
     </span>
    </p>
   </div>
   <div class='ocr_carea' id='block_1_25' title="bbox 136 1157 927 1193">
    <p class='ocr_par' dir='ltr' id='par_1_25' title="bbox 136 1157 927 1193">
     <span class='ocr_line' id='line_1_25' title="bbox 136 1157 927 1193; baseline 0.003 -9"><span class='ocrx_word' id='word_1_193' title='bbox 136 1157 298 1192; x_wconf 75' lang='lat' dir='ltr'><strong>iniquitates</strong></span> <span class='ocrx_word' id='word_1_194' title='bbox 311 1165 386 1188; x_wconf 85' lang='lat' dir='ltr'><strong>suas,</strong></span> <span class='ocrx_word' id='word_1_195' title='bbox 403 1158 430 1185; x_wconf 83' lang='lat'><strong>5.</strong></span> <span class='ocrx_word' id='word_1_196' title='bbox 446 1162 473 1185; x_wconf 92' lang='lat' dir='ltr'><strong>et</strong></span> <span class='ocrx_word' id='word_1_197' title='bbox 485 1158 576 1186; x_wconf 81' lang='lat' dir='ltr'><strong>dices:</strong></span> <span class='ocrx_word' id='word_1_198' title='bbox 592 1157 655 1186; x_wconf 70' lang='lat' dir='ltr'><strong>Haec</strong></span> <span class='ocrx_word' id='word_1_199' title='bbox 667 1158 733 1186; x_wconf 89' lang='lat' dir='ltr'><strong>dicit</strong></span> <span class='ocrx_word' id='word_1_200' title='bbox 745 1159 783 1193; x_wconf 86' lang='lat' dir='ltr'><strong>(y)</strong></span> <span class='ocrx_word' id='word_1_201' title='bbox 796 1158 927 1187; x_wconf 89' lang='lat' dir='ltr'><strong>Dominus</strong></span> 
     </span>
    </p>
   </div>
   <div class='ocr_carea' id='block_1_26' title="bbox 139 1203 927 1240">
    <p class='ocr_par' dir='ltr' id='par_1_26' title="bbox 139 1203 927 1240">
     <span class='ocr_line' id='line_1_26' title="bbox 139 1203 927 1240; baseline 0.001 -9"><span class='ocrx_word' id='word_1_202' title='bbox 139 1203 177 1239; x_wconf 70' lang='grc' dir='ltr'><strong>(ι)</strong></span> <span class='ocrx_word' id='word_1_203' title='bbox 195 1204 324 1233; x_wconf 85' lang='lat' dir='ltr'><strong>Dominus</strong></span> <span class='ocrx_word' id='word_1_204' title='bbox 337 1214 344 1231; x_wconf 88' lang='lat'><strong>:</strong></span> <span class='ocrx_word' id='word_1_205' title='bbox 359 1203 381 1231; x_wconf 94' lang='grc' dir='ltr'><strong>Ο</strong></span> <span class='ocrx_word' id='word_1_206' title='bbox 397 1204 462 1232; x_wconf 86' lang='lat' dir='ltr'><strong>urbs</strong></span> <span class='ocrx_word' id='word_1_207' title='bbox 479 1204 621 1232; x_wconf 76' lang='lat' dir='ltr'><strong>effundens</strong></span> <span class='ocrx_word' id='word_1_208' title='bbox 633 1205 780 1240; x_wconf 73' lang='lat' dir='ltr'><strong>sanguines</strong></span> <span class='ocrx_word' id='word_1_209' title='bbox 795 1205 822 1232; x_wconf 89' lang='lat' dir='ltr'><strong>in</strong></span> <span class='ocrx_word' id='word_1_210' title='bbox 838 1205 927 1232; x_wconf 87' lang='lat' dir='ltr'><strong>medio</strong></span> 
     </span>
    </p>
   </div>
   <div class='ocr_carea' id='block_1_27' title="bbox 137 1250 927 1285">
    <p class='ocr_par' dir='ltr' id='par_1_27' title="bbox 137 1250 927 1285">
     <span class='ocr_line' id='line_1_27' title="bbox 137 1250 927 1285; baseline 0.001 -8"><span class='ocrx_word' id='word_1_211' title='bbox 137 1251 193 1283; x_wconf 89' lang='lat' dir='ltr'><strong>sui,</strong></span> <span class='ocrx_word' id='word_1_212' title='bbox 209 1255 239 1278; x_wconf 90' lang='lat' dir='ltr'><strong>ut</strong></span> <span class='ocrx_word' id='word_1_213' title='bbox 254 1250 347 1278; x_wconf 83' lang='lat' dir='ltr'><strong>veniat</strong></span> <span class='ocrx_word' id='word_1_214' title='bbox 359 1255 465 1285; x_wconf 84' lang='lat' dir='ltr'><strong>tempus</strong></span> <span class='ocrx_word' id='word_1_215' title='bbox 480 1250 550 1285; x_wconf 85' lang='lat' dir='ltr'><strong>ejus,</strong></span> <span class='ocrx_word' id='word_1_216' title='bbox 571 1255 598 1278; x_wconf 90' lang='lat' dir='ltr'><strong>et</strong></span> <span class='ocrx_word' id='word_1_217' title='bbox 621 1250 726 1279; x_wconf 83' lang='lat' dir='ltr'><strong>faciens</strong></span> <span class='ocrx_word' id='word_1_218' title='bbox 749 1251 927 1284; x_wconf 70' lang='lat' dir='ltr'><strong>cogitationes</strong></span> 
     </span>
    </p>
   </div>
   <div class='ocr_carea' id='block_1_28' title="bbox 130 1294 928 1330">
    <p class='ocr_par' dir='ltr' id='par_1_28' title="bbox 130 1294 928 1330">
     <span class='ocr_line' id='line_1_28' title="bbox 130 1294 928 1330; baseline 0 -8"><span class='ocrx_word' id='word_1_219' title='bbox 130 1300 235 1327; x_wconf 60' lang='lat' dir='ltr'><strong>contra</strong></span> <span class='ocrx_word' id='word_1_220' title='bbox 251 1294 439 1330; x_wconf 83' lang='lat' dir='ltr'><strong>setnctipsam,</strong></span> <span class='ocrx_word' id='word_1_221' title='bbox 458 1295 492 1322; x_wconf 89' lang='lat' dir='ltr'><strong>ad</strong></span> <span class='ocrx_word' id='word_1_222' title='bbox 512 1294 690 1330; x_wconf 86' lang='lat' dir='ltr'><strong>polluendum</strong></span> <span class='ocrx_word' id='word_1_223' title='bbox 718 1302 756 1322; x_wconf 84' lang='lat' dir='ltr'><strong>se.</strong></span> <span class='ocrx_word' id='word_1_224' title='bbox 777 1295 803 1322; x_wconf 76' lang='grc'><strong>4.</strong></span> <span class='ocrx_word' id='word_1_225' title='bbox 823 1295 850 1321; x_wconf 92' lang='lat' dir='ltr'><strong>lu</strong></span> <span class='ocrx_word' id='word_1_226' title='bbox 865 1303 928 1322; x_wconf 88' lang='lat' dir='ltr'><strong>san-</strong></span> 
     </span>
    </p>
   </div>
   <div class='ocr_carea' id='block_1_29' title="bbox 138 1340 928 1376">
    <p class='ocr_par' dir='ltr' id='par_1_29' title="bbox 138 1340 928 1376">
     <span class='ocr_line' id='line_1_29' title="bbox 138 1340 928 1376; baseline 0.001 -9"><span class='ocrx_word' id='word_1_227' title='bbox 138 1342 268 1376; x_wconf 80' lang='lat' dir='ltr'><strong>guinibus</strong></span> <span class='ocrx_word' id='word_1_228' title='bbox 283 1349 389 1374; x_wconf 88' lang='lat' dir='ltr'><strong>eorum,</strong></span> <span class='ocrx_word' id='word_1_229' title='bbox 405 1349 475 1376; x_wconf 91' lang='lat' dir='ltr'><strong>quos</strong></span> <span class='ocrx_word' id='word_1_230' title='bbox 487 1341 618 1374; x_wconf 72' lang='lat' dir='ltr'><strong>eﬂ‘udisti,</strong></span> <span class='ocrx_word' id='word_1_231' title='bbox 636 1340 757 1368; x_wconf 76' lang='lat' dir='ltr'><strong>cecidisti</strong></span> <span class='ocrx_word' id='word_1_232' title='bbox 774 1350 781 1368; x_wconf 87' lang='lat'><strong>:</strong></span> <span class='ocrx_word' id='word_1_233' title='bbox 798 1344 825 1368; x_wconf 88' lang='lat' dir='ltr'><strong>et</strong></span> <span class='ocrx_word' id='word_1_234' title='bbox 841 1340 868 1367; x_wconf 92' lang='lat' dir='ltr'><strong>in</strong></span> <span class='ocrx_word' id='word_1_235' title='bbox 882 1348 928 1368; x_wconf 88' lang='lat' dir='ltr'><strong>co-</strong></span> 
     </span>
    </p>
   </div>
   <div class='ocr_carea' id='block_1_30' title="bbox 137 1385 929 1421">
    <p class='ocr_par' dir='ltr' id='par_1_30' title="bbox 137 1385 929 1421">
     <span class='ocr_line' id='line_1_30' title="bbox 137 1385 929 1421; baseline 0.001 -9"><span class='ocrx_word' id='word_1_236' title='bbox 137 1385 317 1421; x_wconf 81' lang='lat' dir='ltr'><strong>gitationibus</strong></span> <span class='ocrx_word' id='word_1_237' title='bbox 335 1385 399 1418; x_wconf 87' lang='lat' dir='ltr'><strong>tuis,</strong></span> <span class='ocrx_word' id='word_1_238' title='bbox 425 1393 494 1420; x_wconf 86' lang='lat' dir='ltr'><strong>quas</strong></span> <span class='ocrx_word' id='word_1_239' title='bbox 518 1385 624 1418; x_wconf 82' lang='lat' dir='ltr'><strong>fecisti,</strong></span> <span class='ocrx_word' id='word_1_240' title='bbox 653 1386 753 1421; x_wconf 90' lang='lat' dir='ltr'><strong>polluta</strong></span> <span class='ocrx_word' id='word_1_241' title='bbox 784 1385 882 1413; x_wconf 86' lang='lat' dir='ltr'><strong>fuisti:</strong></span> <span class='ocrx_word' id='word_1_242' title='bbox 901 1391 929 1413; x_wconf 93' lang='lat' dir='ltr'><strong>et</strong></span> 
     </span>
    </p>
   </div>
   <div class='ocr_carea' id='block_1_31' title="bbox 137 1431 928 1467">
    <p class='ocr_par' dir='ltr' id='par_1_31' title="bbox 137 1431 928 1467">
     <span class='ocr_line' id='line_1_31' title="bbox 137 1431 928 1467; baseline 0.001 -9"><span class='ocrx_word' id='word_1_243' title='bbox 137 1432 359 1466; x_wconf 69' lang='lat' dir='ltr'><strong>appropinquare</strong></span> <span class='ocrx_word' id='word_1_244' title='bbox 374 1431 461 1459; x_wconf 77' lang='lat' dir='ltr'><strong>fecisti</strong></span> <span class='ocrx_word' id='word_1_245' title='bbox 477 1432 535 1460; x_wconf 88' lang='lat' dir='ltr'><strong>dies</strong></span> <span class='ocrx_word' id='word_1_246' title='bbox 551 1437 622 1464; x_wconf 85' lang='lat' dir='ltr'><strong>tuos,</strong></span> <span class='ocrx_word' id='word_1_247' title='bbox 637 1435 665 1460; x_wconf 88' lang='lat' dir='ltr'><strong>et</strong></span> <span class='ocrx_word' id='word_1_248' title='bbox 677 1432 814 1460; x_wconf 80' lang='lat' dir='ltr'><strong>adduxisti</strong></span> <span class='ocrx_word' id='word_1_249' title='bbox 823 1436 928 1467; x_wconf 85' lang='lat' dir='ltr'><strong>tempus</strong></span> 
     </span>
    </p>
   </div>
   <div class='ocr_carea' id='block_1_32' title="bbox 138 1478 929 1514">
    <p class='ocr_par' dir='ltr' id='par_1_32' title="bbox 138 1478 929 1514">
     <span class='ocr_line' id='line_1_32' title="bbox 138 1478 929 1514; baseline 0.004 -10"><span class='ocrx_word' id='word_1_250' title='bbox 138 1485 276 1505; x_wconf 87' lang='lat' dir='ltr'><strong>annorum</strong></span> <span class='ocrx_word' id='word_1_251' title='bbox 295 1483 414 1506; x_wconf 90' lang='lat' dir='ltr'><strong>tuorum.</strong></span> <span class='ocrx_word' id='word_1_252' title='bbox 433 1478 549 1514; x_wconf 83' lang='lat' dir='ltr'><strong>Propter</strong></span> <span class='ocrx_word' id='word_1_253' title='bbox 564 1479 616 1506; x_wconf 86' lang='lat' dir='ltr'><strong>hoc</strong></span> <span class='ocrx_word' id='word_1_254' title='bbox 645 1479 707 1506; x_wconf 89' lang='lat' dir='ltr'><strong>dedi</strong></span> <span class='ocrx_word' id='word_1_255' title='bbox 739 1483 765 1506; x_wconf 90' lang='lat' dir='ltr'><strong>te</strong></span> <span class='ocrx_word' id='word_1_256' title='bbox 788 1479 814 1505; x_wconf 94' lang='lat' dir='ltr'><strong>in</strong></span> <span class='ocrx_word' id='word_1_257' title='bbox 830 1486 929 1514; x_wconf 88' lang='lat' dir='ltr'><strong>oppro-</strong></span> 
     </span>
    </p>
   </div>
   <div class='ocr_carea' id='block_1_33' title="bbox 139 1524 928 1560">
    <p class='ocr_par' dir='ltr' id='par_1_33' title="bbox 139 1524 928 1560">
     <span class='ocr_line' id='line_1_33' title="bbox 139 1524 928 1560; baseline 0.001 -9"><span class='ocrx_word' id='word_1_258' title='bbox 139 1524 230 1551; x_wconf 86' lang='lat' dir='ltr'><strong>brium</strong></span> <span class='ocrx_word' id='word_1_259' title='bbox 247 1524 384 1560; x_wconf 73' lang='lat' dir='ltr'><strong>gentibus,</strong></span> <span class='ocrx_word' id='word_1_260' title='bbox 400 1529 427 1552; x_wconf 82' lang='lat' dir='ltr'><strong>ct</strong></span> <span class='ocrx_word' id='word_1_261' title='bbox 442 1525 468 1552; x_wconf 91' lang='lat' dir='ltr'><strong>in</strong></span> <span class='ocrx_word' id='word_1_262' title='bbox 492 1525 646 1553; x_wconf 87' lang='lat' dir='ltr'><strong>irrisionem</strong></span> <span class='ocrx_word' id='word_1_263' title='bbox 665 1525 792 1552; x_wconf 87' lang='lat' dir='ltr'><strong>omnibus</strong></span> <span class='ocrx_word' id='word_1_264' title='bbox 809 1525 928 1560; x_wconf 83' lang='lat' dir='ltr'><strong>regioni-</strong></span> 
     </span>
    </p>
   </div>
   <div class='ocr_carea' id='block_1_34' title="bbox 137 1571 930 1607">
    <p class='ocr_par' dir='ltr' id='par_1_34' title="bbox 137 1571 930 1607">
     <span class='ocr_line' id='line_1_34' title="bbox 137 1571 930 1607; baseline -0.001 -8"><span class='ocrx_word' id='word_1_265' title='bbox 137 1571 202 1604; x_wconf 81' lang='lat' dir='ltr'><strong>bus,</strong></span> <span class='ocrx_word' id='word_1_266' title='bbox 216 1571 246 1597; x_wconf 83' lang='grc'><strong>5.</strong></span> <span class='ocrx_word' id='word_1_267' title='bbox 262 1578 322 1605; x_wconf 66' lang='lat' dir='ltr'><strong>qua:</strong></span> <span class='ocrx_word' id='word_1_268' title='bbox 338 1579 421 1606; x_wconf 74' lang='lat' dir='ltr'><strong>prope</strong></span> <span class='ocrx_word' id='word_1_269' title='bbox 431 1576 495 1599; x_wconf 89' lang='lat' dir='ltr'><strong>sunt</strong></span> <span class='ocrx_word' id='word_1_270' title='bbox 509 1571 542 1598; x_wconf 86' lang='lat' dir='ltr'><strong>ad</strong></span> <span class='ocrx_word' id='word_1_271' title='bbox 557 1575 594 1603; x_wconf 87' lang='lat' dir='ltr'><strong>te,</strong></span> <span class='ocrx_word' id='word_1_272' title='bbox 617 1576 644 1599; x_wconf 92' lang='lat' dir='ltr'><strong>et</strong></span> <span class='ocrx_word' id='word_1_273' title='bbox 657 1579 717 1607; x_wconf 66' lang='lat' dir='ltr'><strong>quae</strong></span> <span class='ocrx_word' id='word_1_274' title='bbox 730 1571 825 1606; x_wconf 90' lang='lat' dir='ltr'><strong>procul</strong></span> <span class='ocrx_word' id='word_1_275' title='bbox 841 1579 930 1598; x_wconf 82' lang='lat' dir='ltr'><strong>remo-</strong></span> 
     </span>
    </p>
   </div>
   <div class='ocr_carea' id='block_1_35' title="bbox 141 1616 928 1652">
    <p class='ocr_par' dir='ltr' id='par_1_35' title="bbox 141 1616 928 1652">
     <span class='ocr_line' id='line_1_35' title="bbox 141 1616 928 1652; baseline -0.001 -8"><span class='ocrx_word' id='word_1_276' title='bbox 141 1622 175 1644; x_wconf 78' lang='lat' dir='ltr'><strong>tae</strong></span> <span class='ocrx_word' id='word_1_277' title='bbox 191 1622 257 1644; x_wconf 82' lang='lat' dir='ltr'><strong>sunt</strong></span> <span class='ocrx_word' id='word_1_278' title='bbox 270 1625 286 1644; x_wconf 91' lang='lat' dir='ltr'><strong>a</strong></span> <span class='ocrx_word' id='word_1_279' title='bbox 302 1621 339 1649; x_wconf 92' lang='lat' dir='ltr'><strong>te,</strong></span> <span class='ocrx_word' id='word_1_280' title='bbox 356 1616 394 1652; x_wconf 87' lang='grc' dir='ltr'><strong>(α)</strong></span> <span class='ocrx_word' id='word_1_281' title='bbox 421 1621 447 1644; x_wconf 87' lang='lat' dir='ltr'><strong>ct</strong></span> <span class='ocrx_word' id='word_1_282' title='bbox 474 1616 589 1644; x_wconf 87' lang='lat' dir='ltr'><strong>illudeut</strong></span> <span class='ocrx_word' id='word_1_283' title='bbox 609 1617 636 1644; x_wconf 95' lang='lat' dir='ltr'><strong>in</strong></span> <span class='ocrx_word' id='word_1_284' title='bbox 665 1621 700 1650; x_wconf 91' lang='lat' dir='ltr'><strong>te,</strong></span> <span class='ocrx_word' id='word_1_285' title='bbox 718 1617 858 1644; x_wconf 87' lang='lat' dir='ltr'><strong>immunda</strong></span> <span class='ocrx_word' id='word_1_286' title='bbox 877 1616 928 1644; x_wconf 89' lang='lat' dir='ltr'><strong>ista</strong></span> 
     </span>
    </p>
   </div>
   <div class='ocr_carea' id='block_1_36' title="bbox 138 1661 929 1697">
    <p class='ocr_par' dir='ltr' id='par_1_36' title="bbox 138 1661 929 1697">
     <span class='ocr_line' id='line_1_36' title="bbox 138 1661 929 1697; baseline 0.001 -8"><span class='ocrx_word' id='word_1_287' title='bbox 138 1663 293 1694; x_wconf 83' lang='lat' dir='ltr'><strong>nominata,</strong></span> <span class='ocrx_word' id='word_1_288' title='bbox 309 1666 337 1689; x_wconf 87' lang='lat' dir='ltr'><strong>et</strong></span> <span class='ocrx_word' id='word_1_289' title='bbox 354 1663 439 1689; x_wconf 87' lang='lat' dir='ltr'><strong>mulla</strong></span> <span class='ocrx_word' id='word_1_290' title='bbox 454 1662 481 1688; x_wconf 94' lang='lat' dir='ltr'><strong>in</strong></span> <span class='ocrx_word' id='word_1_291' title='bbox 505 1662 706 1697; x_wconf 83' lang='lat' dir='ltr'><strong>iniquitatibus.</strong></span> <span class='ocrx_word' id='word_1_292' title='bbox 720 1662 746 1689; x_wconf 85' lang='lat'><strong>6.</strong></span> <span class='ocrx_word' id='word_1_293' title='bbox 762 1661 834 1689; x_wconf 82' lang='lat' dir='ltr'><strong>Ecce</strong></span> <span class='ocrx_word' id='word_1_294' title='bbox 846 1663 929 1690; x_wconf 84' lang='lat' dir='ltr'><strong>duces</strong></span> 
     </span>
    </p>
   </div>
   <div class='ocr_carea' id='block_1_37' title="bbox 137 1707 930 1743">
    <p class='ocr_par' dir='ltr' id='par_1_37' title="bbox 137 1707 930 1743">
     <span class='ocr_line' id='line_1_37' title="bbox 137 1707 930 1743; baseline -0.001 -8"><span class='ocrx_word' id='word_1_295' title='bbox 137 1709 239 1736; x_wconf 83' lang='lat' dir='ltr'><strong>domus</strong></span> <span class='ocrx_word' id='word_1_296' title='bbox 258 1707 376 1741; x_wconf 83' lang='lat' dir='ltr'><strong>lsraelis,</strong></span> <span class='ocrx_word' id='word_1_297' title='bbox 392 1707 579 1742; x_wconf 86' lang='lat' dir='ltr'><strong>unusquisque</strong></span> <span class='ocrx_word' id='word_1_298' title='bbox 589 1707 623 1735; x_wconf 90' lang='lat' dir='ltr'><strong>ad</strong></span> <span class='ocrx_word' id='word_1_299' title='bbox 636 1713 766 1743; x_wconf 82' lang='lat' dir='ltr'><strong>cognatos</strong></span> <span class='ocrx_word' id='word_1_300' title='bbox 786 1714 860 1739; x_wconf 87' lang='lat' dir='ltr'><strong>suos,</strong></span> <span class='ocrx_word' id='word_1_301' title='bbox 879 1707 930 1734; x_wconf 87' lang='lat' dir='ltr'><strong>mi-</strong></span> 
     </span>
    </p>
   </div>
   <div class='ocr_carea' id='block_1_38' title="bbox 140 1751 930 1788">
    <p class='ocr_par' dir='ltr' id='par_1_38' title="bbox 140 1751 930 1788">
     <span class='ocr_line' id='line_1_38' title="bbox 140 1751 930 1788; baseline -0.003 -8"><span class='ocrx_word' id='word_1_302' title='bbox 140 1758 273 1781; x_wconf 81' lang='lat' dir='ltr'><strong>scuerunt</strong></span> <span class='ocrx_word' id='word_1_303' title='bbox 286 1753 350 1780; x_wconf 89' lang='lat' dir='ltr'><strong>sein</strong></span> <span class='ocrx_word' id='word_1_304' title='bbox 366 1758 401 1784; x_wconf 90' lang='lat' dir='ltr'><strong>te,</strong></span> <span class='ocrx_word' id='word_1_305' title='bbox 414 1751 589 1780; x_wconf 84' lang='lat' dir='ltr'><strong>utetl‘undant</strong></span> <span class='ocrx_word' id='word_1_306' title='bbox 596 1752 768 1788; x_wconf 84' lang='lat' dir='ltr'><strong>sanguinem.</strong></span> <span class='ocrx_word' id='word_1_307' title='bbox 778 1752 806 1780; x_wconf 90' lang='grc'><strong>7.</strong></span> <span class='ocrx_word' id='word_1_308' title='bbox 821 1751 930 1779; x_wconf 82' lang='lat' dir='ltr'><strong>Patrem</strong></span> 
     </span>
    </p>
   </div>
   <div class='ocr_carea' id='block_1_39' title="bbox 140 1799 930 1831">
    <p class='ocr_par' dir='ltr' id='par_1_39' title="bbox 140 1799 930 1831">
     <span class='ocr_line' id='line_1_39' title="bbox 140 1799 930 1831; baseline -0.003 -4"><span class='ocrx_word' id='word_1_309' title='bbox 140 1804 167 1826; x_wconf 85' lang='lat' dir='ltr'><strong>et</strong></span> <span class='ocrx_word' id='word_1_310' title='bbox 184 1804 298 1827; x_wconf 84' lang='lat' dir='ltr'><strong>matrem</strong></span> <span class='ocrx_word' id='word_1_311' title='bbox 316 1799 514 1826; x_wconf 83' lang='lat' dir='ltr'><strong>maledicebant</strong></span> <span class='ocrx_word' id='word_1_312' title='bbox 527 1799 554 1826; x_wconf 90' lang='lat' dir='ltr'><strong>in</strong></span> <span class='ocrx_word' id='word_1_313' title='bbox 567 1804 602 1831; x_wconf 87' lang='lat' dir='ltr'><strong>te,</strong></span> <span class='ocrx_word' id='word_1_314' title='bbox 612 1802 639 1825; x_wconf 90' lang='lat' dir='ltr'><strong>et</strong></span> <span class='ocrx_word' id='word_1_315' title='bbox 652 1799 783 1826; x_wconf 84' lang='lat' dir='ltr'><strong>adversus</strong></span> <span class='ocrx_word' id='word_1_316' title='bbox 797 1799 930 1826; x_wconf 79' lang='lat' dir='ltr'><strong>advenam</strong></span> 
     </span>
    </p>
   </div>
   <div class='ocr_carea' id='block_1_40' title="bbox 139 1845 930 1881">
    <p class='ocr_par' dir='ltr' id='par_1_40' title="bbox 139 1845 930 1881">
     <span class='ocr_line' id='line_1_40' title="bbox 139 1845 930 1881; baseline -0.004 -7"><span class='ocrx_word' id='word_1_317' title='bbox 139 1847 378 1875; x_wconf 76' lang='lat' dir='ltr'><strong>conversabantur</strong></span> <span class='ocrx_word' id='word_1_318' title='bbox 393 1846 420 1873; x_wconf 87' lang='lat' dir='ltr'><strong>in</strong></span> <span class='ocrx_word' id='word_1_319' title='bbox 435 1845 578 1881; x_wconf 89' lang='lat' dir='ltr'><strong>injustitiis</strong></span> <span class='ocrx_word' id='word_1_320' title='bbox 599 1846 627 1873; x_wconf 90' lang='lat' dir='ltr'><strong>in</strong></span> <span class='ocrx_word' id='word_1_321' title='bbox 643 1850 686 1873; x_wconf 89' lang='lat' dir='ltr'><strong>te:</strong></span> <span class='ocrx_word' id='word_1_322' title='bbox 703 1845 835 1880; x_wconf 90' lang='lat' dir='ltr'><strong>pupillum</strong></span> <span class='ocrx_word' id='word_1_323' title='bbox 849 1849 877 1872; x_wconf 87' lang='lat' dir='ltr'><strong>et</strong></span> <span class='ocrx_word' id='word_1_324' title='bbox 890 1845 930 1871; x_wconf 87' lang='lat' dir='ltr'><strong>vi-</strong></span> 
     </span>
    </p>
   </div>
   <div class='ocr_carea' id='block_1_41' title="bbox 139 1893 932 1928">
    <p class='ocr_par' dir='ltr' id='par_1_41' title="bbox 139 1893 932 1928">
     <span class='ocr_line' id='line_1_41' title="bbox 139 1893 932 1928; baseline -0.003 -8"><span class='ocrx_word' id='word_1_325' title='bbox 139 1893 225 1920; x_wconf 87' lang='lat' dir='ltr'><strong>duam</strong></span> <span class='ocrx_word' id='word_1_326' title='bbox 241 1893 432 1928; x_wconf 82' lang='lat' dir='ltr'><strong>opprimebant</strong></span> <span class='ocrx_word' id='word_1_327' title='bbox 446 1893 474 1920; x_wconf 89' lang='lat' dir='ltr'><strong>in</strong></span> <span class='ocrx_word' id='word_1_328' title='bbox 493 1898 520 1920; x_wconf 88' lang='lat' dir='ltr'><strong>te</strong></span> <span class='ocrx_word' id='word_1_329' title='bbox 532 1902 539 1920; x_wconf 88' lang='lat'><strong>:</strong></span> <span class='ocrx_word' id='word_1_330' title='bbox 552 1893 579 1920; x_wconf 89' lang='lat'>8.</span> <span class='ocrx_word' id='word_1_331' title='bbox 594 1896 621 1920; x_wconf 89' lang='lat' dir='ltr'><strong>et</strong></span> <span class='ocrx_word' id='word_1_332' title='bbox 636 1893 736 1920; x_wconf 81' lang='lat' dir='ltr'><strong>Sancta</strong></span> <span class='ocrx_word' id='word_1_333' title='bbox 751 1899 811 1920; x_wconf 88' lang='lat' dir='ltr'><strong>mea</strong></span> <span class='ocrx_word' id='word_1_334' title='bbox 824 1899 932 1926; x_wconf 81' lang='lat' dir='ltr'><strong>sperne-</strong></span> 
     </span>
    </p>
   </div>
   <div class='ocr_carea' id='block_1_42' title="bbox 141 1935 932 1972">
    <p class='ocr_par' dir='ltr' id='par_1_42' title="bbox 141 1935 932 1972">
     <span class='ocr_line' id='line_1_42' title="bbox 141 1935 932 1972; baseline -0.001 -8"><span class='ocrx_word' id='word_1_335' title='bbox 141 1938 220 1970; x_wconf 83' lang='lat' dir='ltr'><strong>bant,</strong></span> <span class='ocrx_word' id='word_1_336' title='bbox 244 1943 272 1965; x_wconf 89' lang='lat' dir='ltr'><strong>et</strong></span> <span class='ocrx_word' id='word_1_337' title='bbox 302 1937 416 1965; x_wconf 85' lang='lat' dir='ltr'><strong>sabbata</strong></span> <span class='ocrx_word' id='word_1_338' title='bbox 440 1945 501 1966; x_wconf 89' lang='lat' dir='ltr'><strong>mea</strong></span> <span class='ocrx_word' id='word_1_339' title='bbox 535 1937 694 1972; x_wconf 71' lang='lat' dir='ltr'><strong>polluebant</strong></span> <span class='ocrx_word' id='word_1_340' title='bbox 721 1938 749 1964; x_wconf 92' lang='lat' dir='ltr'><strong>in</strong></span> <span class='ocrx_word' id='word_1_341' title='bbox 775 1941 810 1966; x_wconf 91' lang='lat' dir='ltr'><strong>te.</strong></span> <span class='ocrx_word' id='word_1_342' title='bbox 831 1936 857 1963; x_wconf 92' lang='lat'><strong>9.</strong></span> <span class='ocrx_word' id='word_1_343' title='bbox 873 1935 932 1963; x_wconf 74' lang='lat' dir='ltr'><strong>Viri</strong></span> 
     </span>
    </p>
   </div>
   <div class='ocr_carea' id='block_1_43' title="bbox 142 1983 931 2018">
    <p class='ocr_par' dir='ltr' id='par_1_43' title="bbox 142 1983 931 2018">
     <span class='ocr_line' id='line_1_43' title="bbox 142 1983 931 2018; baseline -0.003 -6"><span class='ocrx_word' id='word_1_344' title='bbox 142 1984 264 2012; x_wconf 87' lang='lat' dir='ltr'><strong>latrones</strong></span> <span class='ocrx_word' id='word_1_345' title='bbox 284 1986 319 2018; x_wconf 63' lang='grc' dir='ltr'><em>χ</em></span> <span class='ocrx_word' id='word_1_346' title='bbox 337 1989 416 2012; x_wconf 91' lang='lat' dir='ltr'><strong>erant</strong></span> <span class='ocrx_word' id='word_1_347' title='bbox 434 1984 445 2018; x_wconf 69' lang='grc' dir='ltr'>ζ</span> <span class='ocrx_word' id='word_1_348' title='bbox 463 1985 489 2011; x_wconf 94' lang='lat' dir='ltr'><strong>in</strong></span> <span class='ocrx_word' id='word_1_349' title='bbox 506 1987 545 2016; x_wconf 79' lang='lat' dir='ltr'><strong>te,</strong></span> <span class='ocrx_word' id='word_1_350' title='bbox 559 1987 588 2011; x_wconf 87' lang='lat' dir='ltr'><strong>ut</strong></span> <span class='ocrx_word' id='word_1_351' title='bbox 606 1983 776 2012; x_wconf 74' lang='lat' dir='ltr'><strong>effunderent</strong></span> <span class='ocrx_word' id='word_1_352' title='bbox 789 1983 816 2010; x_wconf 93' lang='lat' dir='ltr'><strong>in</strong></span> <span class='ocrx_word' id='word_1_353' title='bbox 830 1988 855 2010; x_wconf 90' lang='lat' dir='ltr'><strong>te</strong></span> <span class='ocrx_word' id='word_1_354' title='bbox 869 1991 931 2010; x_wconf 83' lang='lat' dir='ltr'><strong>ssn-</strong></span> 
     </span>
    </p>
   </div>
   <div class='ocr_carea' id='block_1_44' title="bbox 142 2028 932 2066">
    <p class='ocr_par' dir='ltr' id='par_1_44' title="bbox 142 2028 932 2066">
     <span class='ocr_line' id='line_1_44' title="bbox 142 2028 932 2066; baseline -0.004 -8"><span class='ocrx_word' id='word_1_355' title='bbox 142 2031 254 2066; x_wconf 74' lang='lat' dir='ltr'><strong>guinem</strong></span> <span class='ocrx_word' id='word_1_356' title='bbox 267 2040 276 2058; x_wconf 86' lang='lat'><strong>:</strong></span> <span class='ocrx_word' id='word_1_357' title='bbox 300 2035 327 2058; x_wconf 90' lang='lat' dir='ltr'><strong>et</strong></span> <span class='ocrx_word' id='word_1_358' title='bbox 343 2037 424 2066; x_wconf 72' lang='lat' dir='ltr'><strong>Super</strong></span> <span class='ocrx_word' id='word_1_359' title='bbox 436 2031 575 2058; x_wconf 84' lang='lat' dir='ltr'><strong>montibus</strong></span> <span class='ocrx_word' id='word_1_360' title='bbox 595 2029 776 2057; x_wconf 85' lang='lat' dir='ltr'><strong>comedebant</strong></span> <span class='ocrx_word' id='word_1_361' title='bbox 795 2029 822 2056; x_wconf 93' lang='lat' dir='ltr'><strong>in</strong></span> <span class='ocrx_word' id='word_1_362' title='bbox 839 2033 876 2056; x_wconf 91' lang='lat' dir='ltr'><strong>te:</strong></span> <span class='ocrx_word' id='word_1_363' title='bbox 895 2028 932 2063; x_wconf 72' lang='grc' dir='ltr'><strong>(ι)</strong></span> 
     </span>
    </p>
   </div>
   <div class='ocr_carea' id='block_1_45' title="bbox 143 2074 934 2105">
    <p class='ocr_par' dir='ltr' id='par_1_45' title="bbox 143 2074 934 2105">
     <span class='ocr_line' id='line_1_45' title="bbox 143 2074 934 2105; baseline -0.003 -1"><span class='ocrx_word' id='word_1_364' title='bbox 143 2084 200 2104; x_wconf 80' lang='lat' dir='ltr'><strong>non</strong></span> <span class='ocrx_word' id='word_1_365' title='bbox 218 2082 312 2105; x_wconf 86' lang='lat' dir='ltr'><strong>sancta</strong></span> <span class='ocrx_word' id='word_1_366' title='bbox 345 2077 483 2105; x_wconf 88' lang='lat' dir='ltr'><strong>faciebant</strong></span> <span class='ocrx_word' id='word_1_367' title='bbox 509 2077 537 2104; x_wconf 92' lang='lat' dir='ltr'><strong>in</strong></span> <span class='ocrx_word' id='word_1_368' title='bbox 551 2076 641 2104; x_wconf 87' lang='lat' dir='ltr'><strong>medio</strong></span> <span class='ocrx_word' id='word_1_369' title='bbox 673 2076 724 2103; x_wconf 89' lang='lat' dir='ltr'><strong>tui.</strong></span> <span class='ocrx_word' id='word_1_370' title='bbox 743 2075 788 2102; x_wconf 78' lang='lat' dir='ltr'><strong>l0.</strong></span> <span class='ocrx_word' id='word_1_371' title='bbox 805 2074 934 2103; x_wconf 84' lang='lat' dir='ltr'><strong>Pudenda</strong></span> 
     </span>
    </p>
   </div>
   <div class='ocr_carea' id='block_1_46' title="bbox 142 2121 934 2157">
    <p class='ocr_par' dir='ltr' id='par_1_46' title="bbox 142 2121 934 2157">
     <span class='ocr_line' id='line_1_46' title="bbox 142 2121 934 2157; baseline 0 -8"><span class='ocrx_word' id='word_1_372' title='bbox 142 2123 231 2157; x_wconf 77' lang='lat' dir='ltr'><strong>patris</strong></span> <span class='ocrx_word' id='word_1_373' title='bbox 245 2127 400 2151; x_wconf 74' lang='lat' dir='ltr'><strong>retererunt</strong></span> <span class='ocrx_word' id='word_1_374' title='bbox 414 2123 441 2150; x_wconf 92' lang='lat' dir='ltr'><strong>in</strong></span> <span class='ocrx_word' id='word_1_375' title='bbox 454 2127 490 2156; x_wconf 75' lang='lat' dir='ltr'><strong>te,</strong></span> <span class='ocrx_word' id='word_1_376' title='bbox 502 2128 530 2150; x_wconf 89' lang='lat' dir='ltr'><strong>et</strong></span> <span class='ocrx_word' id='word_1_377' title='bbox 546 2123 572 2149; x_wconf 90' lang='lat' dir='ltr'><strong>in</strong></span> <span class='ocrx_word' id='word_1_378' title='bbox 588 2121 768 2150; x_wconf 84' lang='lat' dir='ltr'><strong>immunditiis</strong></span> <span class='ocrx_word' id='word_1_379' title='bbox 778 2125 934 2149; x_wconf 85' lang='lat' dir='ltr'><strong>menstrua-</strong></span> 
     </span>
    </p>
   </div>
   <div class='ocr_carea' id='block_1_47' title="bbox 142 2168 931 2203">
    <p class='ocr_par' dir='ltr' id='par_1_47' title="bbox 142 2168 931 2203">
     <span class='ocr_line' id='line_1_47' title="bbox 142 2168 931 2203; baseline -0.003 -7"><span class='ocrx_word' id='word_1_380' title='bbox 142 2173 202 2196; x_wconf 79' lang='lat' dir='ltr'><strong>tam</strong></span> <span class='ocrx_word' id='word_1_381' title='bbox 219 2169 443 2197; x_wconf 82' lang='lat' dir='ltr'><strong>humiliabantiu</strong></span> <span class='ocrx_word' id='word_1_382' title='bbox 469 2174 508 2197; x_wconf 85' lang='lat' dir='ltr'><strong>te.</strong></span> <span class='ocrx_word' id='word_1_383' title='bbox 535 2169 579 2196; x_wconf 81' lang='grc' dir='ltr'><strong>Η.</strong></span> <span class='ocrx_word' id='word_1_384' title='bbox 603 2168 799 2203; x_wconf 85' lang='lat' dir='ltr'><strong>Unusquisque</strong></span> <span class='ocrx_word' id='word_1_385' title='bbox 819 2174 931 2195; x_wconf 82' lang='lat' dir='ltr'><strong>uxorem</strong></span> 
     </span>
    </p>
   </div>
   <div class='ocr_carea' id='block_1_48' title="bbox 974 245 1760 282">
    <p class='ocr_par' dir='ltr' id='par_1_48' title="bbox 974 245 1760 282">
     <span class='ocr_line' id='line_1_48' title="bbox 974 245 1760 282; baseline 0.004 -11"><span class='ocrx_word' id='word_1_386' title='bbox 974 251 1136 278; x_wconf 67' lang='lat' dir='ltr'><strong>percussero</strong></span> <span class='ocrx_word' id='word_1_387' title='bbox 1152 252 1265 273; x_wconf 80' lang='lat' dir='ltr'><strong>manum</strong></span> <span class='ocrx_word' id='word_1_388' title='bbox 1287 253 1374 272; x_wconf 84' lang='lat' dir='ltr'><strong>meatu</strong></span> <span class='ocrx_word' id='word_1_389' title='bbox 1388 245 1422 272; x_wconf 88' lang='lat' dir='ltr'><strong>ad</strong></span> <span class='ocrx_word' id='word_1_390' title='bbox 1440 253 1550 273; x_wconf 87' lang='lat' dir='ltr'><strong>manum</strong></span> <span class='ocrx_word' id='word_1_391' title='bbox 1563 254 1650 273; x_wconf 81' lang='lat' dir='ltr'><strong>meam</strong></span> <span class='ocrx_word' id='word_1_392' title='bbox 1664 246 1698 282; x_wconf 89' lang='lat' dir='ltr'><strong>(c)</strong></span> <span class='ocrx_word' id='word_1_393' title='bbox 1714 255 1760 274; x_wconf 90' lang='lat' dir='ltr'><strong>su-</strong></span> 
     </span>
    </p>
   </div>
   <div class='ocr_carea' id='block_1_49' title="bbox 973 291 1761 326">
    <p class='ocr_par' dir='ltr' id='par_1_49' title="bbox 973 291 1761 326">
     <span class='ocr_line' id='line_1_49' title="bbox 973 291 1761 326; baseline 0.001 -9"><span class='ocrx_word' id='word_1_394' title='bbox 973 291 1083 324; x_wconf 86' lang='lat' dir='ltr'><strong>periis,</strong></span> <span class='ocrx_word' id='word_1_395' title='bbox 1101 299 1161 325; x_wconf 73' lang='lat' dir='ltr'><strong>quae</strong></span> <span class='ocrx_word' id='word_1_396' title='bbox 1191 291 1398 324; x_wconf 82' lang='lat' dir='ltr'><strong>consummasti,</strong></span> <span class='ocrx_word' id='word_1_397' title='bbox 1424 299 1486 326; x_wconf 71' lang='lat' dir='ltr'><strong>qua:</strong></span> <span class='ocrx_word' id='word_1_398' title='bbox 1512 291 1611 323; x_wconf 87' lang='lat' dir='ltr'><strong>fecisti,</strong></span> <span class='ocrx_word' id='word_1_399' title='bbox 1639 296 1663 318; x_wconf 85' lang='lat' dir='ltr'><strong>et</strong></span> <span class='ocrx_word' id='word_1_400' title='bbox 1680 300 1761 326; x_wconf 83' lang='lat' dir='ltr'><strong>super</strong></span> 
     </span>
    </p>
   </div>
   <div class='ocr_carea' id='block_1_50' title="bbox 974 336 1762 372">
    <p class='ocr_par' dir='ltr' id='par_1_50' title="bbox 974 336 1762 372">
     <span class='ocr_line' id='line_1_50' title="bbox 974 336 1762 372; baseline 0.001 -9"><span class='ocrx_word' id='word_1_401' title='bbox 974 337 1154 372; x_wconf 85' lang='lat' dir='ltr'><strong>sanguinibus</strong></span> <span class='ocrx_word' id='word_1_402' title='bbox 1174 337 1238 370; x_wconf 78' lang='lat' dir='ltr'><strong>tuis,</strong></span> <span class='ocrx_word' id='word_1_403' title='bbox 1255 337 1301 372; x_wconf 92' lang='lat' dir='ltr'><strong>qui</strong></span> <span class='ocrx_word' id='word_1_404' title='bbox 1317 336 1381 364; x_wconf 84' lang='lat' dir='ltr'><strong>facti</strong></span> <span class='ocrx_word' id='word_1_405' title='bbox 1397 342 1459 364; x_wconf 89' lang='lat' dir='ltr'><strong>sunt</strong></span> <span class='ocrx_word' id='word_1_406' title='bbox 1477 338 1503 364; x_wconf 91' lang='lat' dir='ltr'><strong>in</strong></span> <span class='ocrx_word' id='word_1_407' title='bbox 1522 337 1611 365; x_wconf 84' lang='lat' dir='ltr'><strong>medio</strong></span> <span class='ocrx_word' id='word_1_408' title='bbox 1623 337 1671 370; x_wconf 88' lang='lat' dir='ltr'><strong>tui,</strong></span> <span class='ocrx_word' id='word_1_409' title='bbox 1684 338 1727 364; x_wconf 75' lang='grc' dir='ltr'><strong>Μ.</strong></span> <span class='ocrx_word' id='word_1_410' title='bbox 1740 338 1762 366; x_wconf 91' lang='lat' dir='ltr'><strong>si</strong></span> 
     </span>
    </p>
   </div>
   <div class='ocr_carea' id='block_1_51' title="bbox 975 383 1762 412">
    <p class='ocr_par' dir='ltr' id='par_1_51' title="bbox 975 383 1762 412">
     <span class='ocr_line' id='line_1_51' title="bbox 975 383 1762 412; baseline 0.001 -1"><span class='ocrx_word' id='word_1_411' title='bbox 975 383 1122 411; x_wconf 85' lang='lat' dir='ltr'><strong>sustinebit</strong></span> <span class='ocrx_word' id='word_1_412' title='bbox 1141 391 1189 410; x_wconf 87' lang='lat' dir='ltr'><strong>cor</strong></span> <span class='ocrx_word' id='word_1_413' title='bbox 1201 383 1300 411; x_wconf 85' lang='lat' dir='ltr'><strong>tnttm?</strong></span> <span class='ocrx_word' id='word_1_414' title='bbox 1321 383 1343 410; x_wconf 84' lang='lat' dir='ltr'><strong>si</strong></span> <span class='ocrx_word' id='word_1_415' title='bbox 1366 383 1526 411; x_wconf 84' lang='lat' dir='ltr'><strong>detinebunt</strong></span> <span class='ocrx_word' id='word_1_416' title='bbox 1552 392 1650 411; x_wconf 84' lang='lat' dir='ltr'><strong>manus</strong></span> <span class='ocrx_word' id='word_1_417' title='bbox 1664 392 1762 412; x_wconf 72' lang='lat' dir='ltr'><strong>manusl</strong></span> 
     </span>
    </p>
   </div>
   <div class='ocr_carea' id='block_1_52' title="bbox 975 429 1761 465">
    <p class='ocr_par' dir='ltr' id='par_1_52' title="bbox 975 429 1761 465">
     <span class='ocr_line' id='line_1_52' title="bbox 975 429 1761 465; baseline 0.001 -10"><span class='ocrx_word' id='word_1_418' title='bbox 975 434 1030 456; x_wconf 72' lang='lat' dir='ltr'><strong>tuae</strong></span> <span class='ocrx_word' id='word_1_419' title='bbox 1046 429 1072 456; x_wconf 92' lang='lat' dir='ltr'><strong>in</strong></span> <span class='ocrx_word' id='word_1_420' title='bbox 1089 429 1194 462; x_wconf 87' lang='lat' dir='ltr'><strong>diebus,</strong></span> <span class='ocrx_word' id='word_1_421' title='bbox 1210 436 1279 463; x_wconf 90' lang='lat' dir='ltr'><strong>quos</strong></span> <span class='ocrx_word' id='word_1_422' title='bbox 1293 437 1344 464; x_wconf 70' lang='lat' dir='ltr'><strong>ego</strong></span> <span class='ocrx_word' id='word_1_423' title='bbox 1360 429 1430 457; x_wconf 81' lang='lat' dir='ltr'><strong>facio</strong></span> <span class='ocrx_word' id='word_1_424' title='bbox 1451 429 1477 456; x_wconf 89' lang='lat' dir='ltr'><strong>in</strong></span> <span class='ocrx_word' id='word_1_425' title='bbox 1494 429 1539 456; x_wconf 83' lang='lat' dir='ltr'><strong>te?</strong></span> <span class='ocrx_word' id='word_1_426' title='bbox 1557 429 1613 465; x_wconf 84' lang='lat' dir='ltr'><strong>Ego</strong></span> <span class='ocrx_word' id='word_1_427' title='bbox 1632 429 1761 457; x_wconf 70' lang='lat' dir='ltr'><strong>Dominus</strong></span> 
     </span>
    </p>
   </div>
   <div class='ocr_carea' id='block_1_53' title="bbox 975 474 1762 510">
    <p class='ocr_par' dir='ltr' id='par_1_53' title="bbox 975 474 1762 510">
     <span class='ocr_line' id='line_1_53' title="bbox 975 474 1762 510; baseline 0.001 -10"><span class='ocrx_word' id='word_1_428' title='bbox 975 474 1084 502; x_wconf 86' lang='lat' dir='ltr'><strong>locutus</strong></span> <span class='ocrx_word' id='word_1_429' title='bbox 1100 482 1172 506; x_wconf 88' lang='lat' dir='ltr'><strong>sum,</strong></span> <span class='ocrx_word' id='word_1_430' title='bbox 1196 479 1223 501; x_wconf 88' lang='lat' dir='ltr'><strong>et</strong></span> <span class='ocrx_word' id='word_1_431' title='bbox 1245 475 1354 502; x_wconf 79' lang='lat' dir='ltr'><strong>faciam.</strong></span> <span class='ocrx_word' id='word_1_432' title='bbox 1379 475 1422 501; x_wconf 75' lang='lat' dir='ltr'><strong>l5.</strong></span> <span class='ocrx_word' id='word_1_433' title='bbox 1452 475 1486 502; x_wconf 85' lang='lat' dir='ltr'><strong>Et</strong></span> <span class='ocrx_word' id='word_1_434' title='bbox 1512 475 1667 510; x_wconf 80' lang='lat' dir='ltr'><strong>dispergam</strong></span> <span class='ocrx_word' id='word_1_435' title='bbox 1691 481 1716 503; x_wconf 91' lang='lat' dir='ltr'><strong>Ie</strong></span> <span class='ocrx_word' id='word_1_436' title='bbox 1736 476 1762 502; x_wconf 91' lang='lat' dir='ltr'><strong>in</strong></span> 
     </span>
    </p>
   </div>
   <div class='ocr_carea' id='block_1_54' title="bbox 975 520 1766 556">
    <p class='ocr_par' dir='ltr' id='par_1_54' title="bbox 975 520 1766 556">
     <span class='ocr_line' id='line_1_54' title="bbox 975 520 1766 556; baseline 0 -8"><span class='ocrx_word' id='word_1_437' title='bbox 975 520 1114 556; x_wconf 75' lang='lat' dir='ltr'><strong>gentibus,</strong></span> <span class='ocrx_word' id='word_1_438' title='bbox 1127 524 1154 547; x_wconf 86' lang='lat' dir='ltr'><strong>et</strong></span> <span class='ocrx_word' id='word_1_439' title='bbox 1168 520 1355 548; x_wconf 85' lang='lat' dir='ltr'><strong>disseminabo</strong></span> <span class='ocrx_word' id='word_1_440' title='bbox 1369 525 1395 548; x_wconf 84' lang='lat' dir='ltr'><strong>lc</strong></span> <span class='ocrx_word' id='word_1_441' title='bbox 1413 521 1438 548; x_wconf 91' lang='lat' dir='ltr'><strong>in</strong></span> <span class='ocrx_word' id='word_1_442' title='bbox 1458 521 1626 555; x_wconf 77' lang='lat' dir='ltr'><strong>regionibus,</strong></span> <span class='ocrx_word' id='word_1_443' title='bbox 1654 525 1682 548; x_wconf 88' lang='lat' dir='ltr'><strong>et</strong></span> <span class='ocrx_word' id='word_1_444' title='bbox 1698 521 1766 548; x_wconf 88' lang='lat' dir='ltr'><strong>defi-</strong></span> 
     </span>
    </p>
   </div>
   <div class='ocr_carea' id='block_1_55' title="bbox 975 565 1762 600">
    <p class='ocr_par' dir='ltr' id='par_1_55' title="bbox 975 565 1762 600">
     <span class='ocr_line' id='line_1_55' title="bbox 975 565 1762 600; baseline 0.004 -9"><span class='ocrx_word' id='word_1_445' title='bbox 975 565 1028 592; x_wconf 87' lang='lat' dir='ltr'><strong>ciet</strong></span> <span class='ocrx_word' id='word_1_446' title='bbox 1041 565 1214 593; x_wconf 84' lang='lat' dir='ltr'><strong>immunditia</strong></span> <span class='ocrx_word' id='word_1_447' title='bbox 1230 569 1276 592; x_wconf 87' lang='lat' dir='ltr'><strong>tua</strong></span> <span class='ocrx_word' id='word_1_448' title='bbox 1293 573 1309 592; x_wconf 88' lang='lat' dir='ltr'><strong>a</strong></span> <span class='ocrx_word' id='word_1_449' title='bbox 1325 569 1352 592; x_wconf 87' lang='lat' dir='ltr'><strong>te</strong></span> <span class='ocrx_word' id='word_1_450' title='bbox 1368 574 1375 591; x_wconf 76' lang='grc' dir='ltr'><strong><em>τ</em></strong></span> <span class='ocrx_word' id='word_1_451' title='bbox 1395 565 1437 592; x_wconf 80' lang='grc'><strong>16.</strong></span> <span class='ocrx_word' id='word_1_452' title='bbox 1455 566 1494 600; x_wconf 81' lang='lat' dir='ltr'><strong>(d)</strong></span> <span class='ocrx_word' id='word_1_453' title='bbox 1513 570 1543 593; x_wconf 75' lang='lat' dir='ltr'><strong>et</strong></span> <span class='ocrx_word' id='word_1_454' title='bbox 1557 566 1720 593; x_wconf 61' lang='lat' dir='ltr'><strong>haereditabo</strong></span> <span class='ocrx_word' id='word_1_455' title='bbox 1735 567 1762 594; x_wconf 92' lang='lat' dir='ltr'><strong>in</strong></span> 
     </span>
    </p>
   </div>
   <div class='ocr_carea' id='block_1_56' title="bbox 976 611 1762 647">
    <p class='ocr_par' dir='ltr' id='par_1_56' title="bbox 976 611 1762 647">
     <span class='ocr_line' id='line_1_56' title="bbox 976 611 1762 647; baseline 0.001 -9"><span class='ocrx_word' id='word_1_456' title='bbox 976 616 1002 638; x_wconf 86' lang='lat' dir='ltr'><strong>te</strong></span> <span class='ocrx_word' id='word_1_457' title='bbox 1014 615 1077 638; x_wconf 86' lang='lat' dir='ltr'><strong>ante</strong></span> <span class='ocrx_word' id='word_1_458' title='bbox 1091 611 1186 639; x_wconf 89' lang='lat' dir='ltr'><strong>oculos</strong></span> <span class='ocrx_word' id='word_1_459' title='bbox 1206 611 1338 646; x_wconf 81' lang='lat' dir='ltr'><strong>gentium,</strong></span> <span class='ocrx_word' id='word_1_460' title='bbox 1351 616 1376 638; x_wconf 79' lang='lat' dir='ltr'><strong>et</strong></span> <span class='ocrx_word' id='word_1_461' title='bbox 1389 612 1493 643; x_wconf 84' lang='lat' dir='ltr'><strong>scietis,</strong></span> <span class='ocrx_word' id='word_1_462' title='bbox 1523 612 1586 647; x_wconf 86' lang='lat' dir='ltr'><strong>quia</strong></span> <span class='ocrx_word' id='word_1_463' title='bbox 1607 620 1657 646; x_wconf 89' lang='lat' dir='ltr'><strong>ego</strong></span> <span class='ocrx_word' id='word_1_464' title='bbox 1671 613 1762 640; x_wconf 84' lang='lat' dir='ltr'><strong>Domi-</strong></span> 
     </span>
    </p>
   </div>
   <div class='ocr_carea' id='block_1_57' title="bbox 977 657 1762 689">
    <p class='ocr_par' dir='ltr' id='par_1_57' title="bbox 977 657 1762 689">
     <span class='ocr_line' id='line_1_57' title="bbox 977 657 1762 689; baseline 0 -5"><span class='ocrx_word' id='word_1_465' title='bbox 977 664 1039 684; x_wconf 92' lang='lat' dir='ltr'><strong>nus.</strong></span> <span class='ocrx_word' id='word_1_466' title='bbox 1054 657 1097 685; x_wconf 88' lang='lat' dir='ltr'><strong>l7.</strong></span> <span class='ocrx_word' id='word_1_467' title='bbox 1115 657 1149 684; x_wconf 90' lang='lat' dir='ltr'><strong>Et</strong></span> <span class='ocrx_word' id='word_1_468' title='bbox 1162 657 1264 684; x_wconf 81' lang='lat' dir='ltr'><strong>factum</strong></span> <span class='ocrx_word' id='word_1_469' title='bbox 1284 662 1326 684; x_wconf 89' lang='lat' dir='ltr'><strong>est</strong></span> <span class='ocrx_word' id='word_1_470' title='bbox 1339 657 1453 685; x_wconf 78' lang='lat' dir='ltr'><strong>verbum</strong></span> <span class='ocrx_word' id='word_1_471' title='bbox 1479 657 1586 684; x_wconf 88' lang='lat' dir='ltr'><strong>Domini</strong></span> <span class='ocrx_word' id='word_1_472' title='bbox 1603 657 1635 684; x_wconf 85' lang='lat' dir='ltr'><strong>ad</strong></span> <span class='ocrx_word' id='word_1_473' title='bbox 1650 665 1702 689; x_wconf 91' lang='lat' dir='ltr'><strong>me,</strong></span> <span class='ocrx_word' id='word_1_474' title='bbox 1720 657 1762 684; x_wconf 92' lang='lat' dir='ltr'><strong>di-</strong></span> 
     </span>
    </p>
   </div>
   <div class='ocr_carea' id='block_1_58' title="bbox 976 702 1763 736">
    <p class='ocr_par' dir='ltr' id='par_1_58' title="bbox 976 702 1763 736">
     <span class='ocr_line' id='line_1_58' title="bbox 976 702 1763 736; baseline 0 -6"><span class='ocrx_word' id='word_1_475' title='bbox 976 710 1060 731; x_wconf 84' lang='lat' dir='ltr'><strong>cens:</strong></span> <span class='ocrx_word' id='word_1_476' title='bbox 1076 704 1117 730; x_wconf 78' lang='lat' dir='ltr'><strong>ts.</strong></span> <span class='ocrx_word' id='word_1_477' title='bbox 1134 702 1183 730; x_wconf 84' lang='lat' dir='ltr'><strong>Fili</strong></span> <span class='ocrx_word' id='word_1_478' title='bbox 1203 702 1333 736; x_wconf 87' lang='lat' dir='ltr'><strong>hominis,</strong></span> <span class='ocrx_word' id='word_1_479' title='bbox 1346 710 1410 730; x_wconf 86' lang='lat' dir='ltr'><strong>ecce</strong></span> <span class='ocrx_word' id='word_1_480' title='bbox 1423 702 1486 730; x_wconf 86' lang='lat' dir='ltr'><strong>facti</strong></span> <span class='ocrx_word' id='word_1_481' title='bbox 1506 706 1571 730; x_wconf 86' lang='lat' dir='ltr'><strong>sunt</strong></span> <span class='ocrx_word' id='word_1_482' title='bbox 1585 702 1652 729; x_wconf 91' lang='lat' dir='ltr'><strong>mihi</strong></span> <span class='ocrx_word' id='word_1_483' title='bbox 1665 703 1763 731; x_wconf 88' lang='lat' dir='ltr'><strong>domus</strong></span> 
     </span>
    </p>
   </div>
   <div class='ocr_carea' id='block_1_59' title="bbox 975 748 1762 784">
    <p class='ocr_par' dir='ltr' id='par_1_59' title="bbox 975 748 1762 784">
     <span class='ocr_line' id='line_1_59' title="bbox 975 748 1762 784; baseline 0.001 -9"><span class='ocrx_word' id='word_1_484' title='bbox 975 749 1084 776; x_wconf 78' lang='lat' dir='ltr'><strong>lsraelis</strong></span> <span class='ocrx_word' id='word_1_485' title='bbox 1100 749 1136 784; x_wconf 73' lang='grc' dir='ltr'><strong>(ε)</strong></span> <span class='ocrx_word' id='word_1_486' title='bbox 1152 749 1226 776; x_wconf 90' lang='lat' dir='ltr'><strong>misti</strong></span> <span class='ocrx_word' id='word_1_487' title='bbox 1241 756 1337 776; x_wconf 85' lang='lat' dir='ltr'><strong>omnes</strong></span> <span class='ocrx_word' id='word_1_488' title='bbox 1352 757 1416 781; x_wconf 80' lang='lat' dir='ltr'><strong>:erc,</strong></span> <span class='ocrx_word' id='word_1_489' title='bbox 1431 753 1458 776; x_wconf 87' lang='lat' dir='ltr'><strong>ct</strong></span> <span class='ocrx_word' id='word_1_490' title='bbox 1472 748 1554 781; x_wconf 87' lang='lat' dir='ltr'><strong>ferro,</strong></span> <span class='ocrx_word' id='word_1_491' title='bbox 1575 753 1603 777; x_wconf 91' lang='lat' dir='ltr'><strong>et</strong></span> <span class='ocrx_word' id='word_1_492' title='bbox 1617 753 1725 781; x_wconf 85' lang='lat' dir='ltr'><strong>stanno,</strong></span> <span class='ocrx_word' id='word_1_493' title='bbox 1739 754 1762 776; x_wconf 79' lang='lat' dir='ltr'><strong>et</strong></span> 
     </span>
    </p>
   </div>
   <div class='ocr_carea' id='block_1_60' title="bbox 977 793 1763 829">
    <p class='ocr_par' dir='ltr' id='par_1_60' title="bbox 977 793 1763 829">
     <span class='ocr_line' id='line_1_60' title="bbox 977 793 1763 829; baseline 0 -9"><span class='ocrx_word' id='word_1_494' title='bbox 977 793 1088 829; x_wconf 87' lang='lat' dir='ltr'><strong>plumbo</strong></span> <span class='ocrx_word' id='word_1_495' title='bbox 1102 794 1129 821; x_wconf 92' lang='lat' dir='ltr'><strong>in</strong></span> <span class='ocrx_word' id='word_1_496' title='bbox 1143 793 1232 821; x_wconf 87' lang='lat' dir='ltr'><strong>medio</strong></span> <span class='ocrx_word' id='word_1_497' title='bbox 1243 794 1275 827; x_wconf 59' lang='grc' dir='ltr'><strong>ὶδ(</strong></span> <span class='ocrx_word' id='word_1_498' title='bbox 1285 793 1384 820; x_wconf 87' lang='lat' dir='ltr'><strong>camini</strong></span> <span class='ocrx_word' id='word_1_499' title='bbox 1405 793 1461 828; x_wconf 77' lang='grc' dir='ltr'><strong>;(ι”)</strong></span> <span class='ocrx_word' id='word_1_500' title='bbox 1476 793 1549 821; x_wconf 90' lang='lat' dir='ltr'><strong>misti</strong></span> <span class='ocrx_word' id='word_1_501' title='bbox 1567 797 1680 828; x_wconf 80' lang='lat' dir='ltr'><strong>argento</strong></span> <span class='ocrx_word' id='word_1_502' title='bbox 1689 797 1763 820; x_wconf 83' lang='lat' dir='ltr'><strong>sunt.</strong></span> 
     </span>
    </p>
   </div>
   <div class='ocr_carea' id='block_1_61' title="bbox 979 837 1762 874">
    <p class='ocr_par' dir='ltr' id='par_1_61' title="bbox 979 837 1762 874">
     <span class='ocr_line' id='line_1_61' title="bbox 979 837 1762 874; baseline -0.003 -8"><span class='ocrx_word' id='word_1_503' title='bbox 979 839 1023 866; x_wconf 81' lang='lat' dir='ltr'><strong>l9.</strong></span> <span class='ocrx_word' id='word_1_504' title='bbox 1039 839 1153 874; x_wconf 80' lang='lat' dir='ltr'><strong>Propter</strong></span> <span class='ocrx_word' id='word_1_505' title='bbox 1165 840 1217 866; x_wconf 85' lang='lat' dir='ltr'><strong>hoe</strong></span> <span class='ocrx_word' id='word_1_506' title='bbox 1227 838 1287 866; x_wconf 87' lang='lat' dir='ltr'><strong>die:</strong></span> <span class='ocrx_word' id='word_1_507' title='bbox 1301 837 1365 865; x_wconf 63' lang='lat' dir='ltr'><strong>llaec</strong></span> <span class='ocrx_word' id='word_1_508' title='bbox 1383 838 1450 866; x_wconf 84' lang='lat' dir='ltr'><strong>dicit</strong></span> <span class='ocrx_word' id='word_1_509' title='bbox 1465 839 1595 866; x_wconf 89' lang='lat' dir='ltr'><strong>Dominus</strong></span> <span class='ocrx_word' id='word_1_510' title='bbox 1610 838 1741 865; x_wconf 89' lang='lat' dir='ltr'><strong>Dominus</strong></span> <span class='ocrx_word' id='word_1_511' title='bbox 1757 847 1762 863; x_wconf 90' lang='lat'>:</span> 
     </span>
    </p>
   </div>
   <div class='ocr_carea' id='block_1_62' title="bbox 943 871 1764 919">
    <p class='ocr_par' dir='ltr' id='par_1_62' title="bbox 943 871 1764 919">
     <span class='ocr_line' id='line_1_62' title="bbox 943 871 1764 919; baseline -0.002 -7"><span class='ocrx_word' id='word_1_512' title='bbox 943 871 963 898; x_wconf 75' lang='grc' dir='ltr'><strong>Β</strong></span> <span class='ocrx_word' id='word_1_513' title='bbox 976 884 1030 912; x_wconf 89' lang='lat' dir='ltr'><strong>Pro</strong></span> <span class='ocrx_word' id='word_1_514' title='bbox 1044 892 1076 912; x_wconf 89' lang='lat' dir='ltr'><strong>eo</strong></span> <span class='ocrx_word' id='word_1_515' title='bbox 1089 884 1161 919; x_wconf 93' lang='lat' dir='ltr'><strong>quod</strong></span> <span class='ocrx_word' id='word_1_516' title='bbox 1175 883 1239 912; x_wconf 88' lang='lat' dir='ltr'><strong>facti</strong></span> <span class='ocrx_word' id='word_1_517' title='bbox 1254 884 1320 912; x_wconf 85' lang='lat' dir='ltr'><strong>estis</strong></span> <span class='ocrx_word' id='word_1_518' title='bbox 1336 892 1434 912; x_wconf 85' lang='lat' dir='ltr'><strong>omnes</strong></span> <span class='ocrx_word' id='word_1_519' title='bbox 1447 885 1474 911; x_wconf 92' lang='lat' dir='ltr'><strong>in</strong></span> <span class='ocrx_word' id='word_1_520' title='bbox 1490 893 1571 912; x_wconf 92' lang='lat' dir='ltr'><strong>unam</strong></span> <span class='ocrx_word' id='word_1_521' title='bbox 1596 884 1764 912; x_wconf 86' lang='lat' dir='ltr'><strong>commistio-</strong></span> 
     </span>
    </p>
   </div>
   <div class='ocr_carea' id='block_1_63' title="bbox 977 929 1765 964">
    <p class='ocr_par' dir='ltr' id='par_1_63' title="bbox 977 929 1765 964">
     <span class='ocr_line' id='line_1_63' title="bbox 977 929 1765 964; baseline -0.001 -8"><span class='ocrx_word' id='word_1_522' title='bbox 977 937 1049 961; x_wconf 90' lang='lat' dir='ltr'><strong>nem,</strong></span> <span class='ocrx_word' id='word_1_523' title='bbox 1065 933 1176 964; x_wconf 82' lang='lat' dir='ltr'><strong>propter</strong></span> <span class='ocrx_word' id='word_1_524' title='bbox 1189 929 1240 956; x_wconf 91' lang='lat' dir='ltr'><strong>hoc</strong></span> <span class='ocrx_word' id='word_1_525' title='bbox 1257 936 1320 956; x_wconf 89' lang='lat' dir='ltr'><strong>cccc</strong></span> <span class='ocrx_word' id='word_1_526' title='bbox 1348 937 1399 964; x_wconf 84' lang='lat' dir='ltr'><strong>ego</strong></span> <span class='ocrx_word' id='word_1_527' title='bbox 1421 930 1549 964; x_wconf 79' lang='lat' dir='ltr'><strong>recipiam</strong></span> <span class='ocrx_word' id='word_1_528' title='bbox 1565 937 1614 957; x_wconf 87' lang='lat' dir='ltr'><strong>vos</strong></span> <span class='ocrx_word' id='word_1_529' title='bbox 1633 930 1658 957; x_wconf 93' lang='lat' dir='ltr'><strong>in</strong></span> <span class='ocrx_word' id='word_1_530' title='bbox 1675 930 1765 956; x_wconf 87' lang='lat' dir='ltr'><strong>medio</strong></span> 
     </span>
    </p>
   </div>
   <div class='ocr_carea' id='block_1_64' title="bbox 976 974 1765 1010">
    <p class='ocr_par' dir='ltr' id='par_1_64' title="bbox 976 974 1765 1010">
     <span class='ocr_line' id='line_1_64' title="bbox 976 974 1765 1010; baseline -0.001 -7"><span class='ocrx_word' id='word_1_531' title='bbox 976 975 1138 1003; x_wconf 77' lang='lat' dir='ltr'><strong>Jerusalem.</strong></span> <span class='ocrx_word' id='word_1_532' title='bbox 1154 974 1200 1002; x_wconf 71' lang='grc' dir='ltr'><strong>ΞΟ.</strong></span> <span class='ocrx_word' id='word_1_533' title='bbox 1219 974 1294 1002; x_wconf 87' lang='lat' dir='ltr'><strong>Sicut</strong></span> <span class='ocrx_word' id='word_1_534' title='bbox 1314 975 1442 1010; x_wconf 86' lang='lat' dir='ltr'><strong>recipitur</strong></span> <span class='ocrx_word' id='word_1_535' title='bbox 1463 980 1618 1010; x_wconf 74' lang='lat' dir='ltr'><strong>argentum,</strong></span> <span class='ocrx_word' id='word_1_536' title='bbox 1635 980 1660 1003; x_wconf 90' lang='lat' dir='ltr'><strong>et</strong></span> <span class='ocrx_word' id='word_1_537' title='bbox 1676 983 1723 1008; x_wconf 66' lang='lat' dir='ltr'><strong>res,</strong></span> <span class='ocrx_word' id='word_1_538' title='bbox 1739 981 1765 1002; x_wconf 82' lang='lat' dir='ltr'><strong>et</strong></span> 
     </span>
    </p>
   </div>
   <div class='ocr_carea' id='block_1_65' title="bbox 977 1021 1764 1057">
    <p class='ocr_par' dir='ltr' id='par_1_65' title="bbox 977 1021 1764 1057">
     <span class='ocr_line' id='line_1_65' title="bbox 977 1021 1764 1057; baseline 0 -8"><span class='ocrx_word' id='word_1_539' title='bbox 977 1021 1090 1055; x_wconf 85' lang='lat' dir='ltr'><strong>ferrum,</strong></span> <span class='ocrx_word' id='word_1_540' title='bbox 1106 1026 1284 1054; x_wconf 87' lang='lat' dir='ltr'><strong>ctstannum,</strong></span> <span class='ocrx_word' id='word_1_541' title='bbox 1306 1026 1333 1049; x_wconf 90' lang='lat' dir='ltr'><strong>et</strong></span> <span class='ocrx_word' id='word_1_542' title='bbox 1363 1021 1501 1057; x_wconf 88' lang='lat' dir='ltr'><strong>plumbum</strong></span> <span class='ocrx_word' id='word_1_543' title='bbox 1530 1022 1559 1049; x_wconf 91' lang='lat' dir='ltr'><strong>in</strong></span> <span class='ocrx_word' id='word_1_544' title='bbox 1584 1023 1701 1049; x_wconf 89' lang='lat' dir='ltr'><strong>medium</strong></span> <span class='ocrx_word' id='word_1_545' title='bbox 1718 1030 1764 1049; x_wconf 84' lang='lat' dir='ltr'><strong>ca-</strong></span> 
     </span>
    </p>
   </div>
   <div class='ocr_carea' id='block_1_66' title="bbox 977 1068 1763 1104">
    <p class='ocr_par' dir='ltr' id='par_1_66' title="bbox 977 1068 1763 1104">
     <span class='ocr_line' id='line_1_66' title="bbox 977 1068 1763 1104; baseline 0.001 -9"><span class='ocrx_word' id='word_1_546' title='bbox 977 1068 1055 1101; x_wconf 90' lang='lat' dir='ltr'><strong>mini,</strong></span> <span class='ocrx_word' id='word_1_547' title='bbox 1072 1068 1104 1096; x_wconf 88' lang='lat' dir='ltr'><strong>a-.i</strong></span> <span class='ocrx_word' id='word_1_548' title='bbox 1119 1068 1281 1096; x_wconf 84' lang='lat' dir='ltr'><strong>sufﬂandum</strong></span> <span class='ocrx_word' id='word_1_549' title='bbox 1295 1068 1322 1095; x_wconf 94' lang='lat' dir='ltr'><strong>in</strong></span> <span class='ocrx_word' id='word_1_550' title='bbox 1336 1068 1401 1096; x_wconf 91' lang='lat' dir='ltr'><strong>illud</strong></span> <span class='ocrx_word' id='word_1_551' title='bbox 1415 1069 1515 1104; x_wconf 76' lang='lat' dir='ltr'><strong>ignem,</strong></span> <span class='ocrx_word' id='word_1_552' title='bbox 1525 1073 1554 1095; x_wconf 93' lang='lat' dir='ltr'><strong>ut</strong></span> <span class='ocrx_word' id='word_1_553' title='bbox 1567 1069 1709 1101; x_wconf 85' lang='lat' dir='ltr'><strong>conﬂetur,</strong></span> <span class='ocrx_word' id='word_1_554' title='bbox 1728 1069 1763 1096; x_wconf 86' lang='lat' dir='ltr'><strong>ita</strong></span> 
     </span>
    </p>
   </div>
   <div class='ocr_carea' id='block_1_67' title="bbox 978 1115 1765 1150">
    <p class='ocr_par' dir='ltr' id='par_1_67' title="bbox 978 1115 1765 1150">
     <span class='ocr_line' id='line_1_67' title="bbox 978 1115 1765 1150; baseline 0.001 -8"><span class='ocrx_word' id='word_1_555' title='bbox 978 1115 1106 1150; x_wconf 88' lang='lat' dir='ltr'><strong>recipiam</strong></span> <span class='ocrx_word' id='word_1_556' title='bbox 1123 1123 1172 1143; x_wconf 86' lang='lat' dir='ltr'><strong>vos</strong></span> <span class='ocrx_word' id='word_1_557' title='bbox 1183 1115 1209 1142; x_wconf 92' lang='lat' dir='ltr'><strong>in</strong></span> <span class='ocrx_word' id='word_1_558' title='bbox 1227 1115 1267 1143; x_wconf 88' lang='lat' dir='ltr'><strong>ira</strong></span> <span class='ocrx_word' id='word_1_559' title='bbox 1291 1123 1361 1147; x_wconf 88' lang='lat' dir='ltr'><strong>mea,</strong></span> <span class='ocrx_word' id='word_1_560' title='bbox 1379 1117 1446 1150; x_wconf 55' lang='lat' dir='ltr'><strong>Xet</strong></span> <span class='ocrx_word' id='word_1_561' title='bbox 1460 1116 1486 1142; x_wconf 93' lang='lat' dir='ltr'><strong>in</strong></span> <span class='ocrx_word' id='word_1_562' title='bbox 1502 1115 1593 1143; x_wconf 85' lang='lat' dir='ltr'><strong>furore</strong></span> <span class='ocrx_word' id='word_1_563' title='bbox 1606 1116 1617 1150; x_wconf 70' lang='grc' dir='ltr'>ζ</span> <span class='ocrx_word' id='word_1_564' title='bbox 1630 1137 1637 1149; x_wconf 91' lang='grc'><em>,</em></span> <span class='ocrx_word' id='word_1_565' title='bbox 1654 1121 1681 1143; x_wconf 90' lang='lat' dir='ltr'><strong>ct</strong></span> <span class='ocrx_word' id='word_1_566' title='bbox 1699 1124 1765 1143; x_wconf 89' lang='lat' dir='ltr'><strong>con-</strong></span> 
     </span>
    </p>
   </div>
   <div class='ocr_carea' id='block_1_68' title="bbox 977 1160 1763 1196">
    <p class='ocr_par' dir='ltr' id='par_1_68' title="bbox 977 1160 1763 1196">
     <span class='ocr_line' id='line_1_68' title="bbox 977 1160 1763 1196; baseline 0.001 -9"><span class='ocrx_word' id='word_1_567' title='bbox 977 1161 1104 1196; x_wconf 82' lang='lat' dir='ltr'><strong>gregabo,</strong></span> <span class='ocrx_word' id='word_1_568' title='bbox 1117 1164 1144 1188; x_wconf 87' lang='lat' dir='ltr'><strong>et</strong></span> <span class='ocrx_word' id='word_1_569' title='bbox 1153 1160 1277 1188; x_wconf 84' lang='lat' dir='ltr'><strong>conﬂabo</strong></span> <span class='ocrx_word' id='word_1_570' title='bbox 1288 1168 1345 1193; x_wconf 79' lang='lat' dir='ltr'><strong>vos,</strong></span> <span class='ocrx_word' id='word_1_571' title='bbox 1357 1161 1400 1187; x_wconf 82' lang='lat' dir='ltr'><strong>2i.</strong></span> <span class='ocrx_word' id='word_1_572' title='bbox 1418 1162 1452 1194; x_wconf 61' lang='grc' dir='ltr'>Χ</span> <span class='ocrx_word' id='word_1_573' title='bbox 1461 1165 1488 1188; x_wconf 86' lang='lat' dir='ltr'><strong>et</strong></span> <span class='ocrx_word' id='word_1_574' title='bbox 1497 1163 1668 1196; x_wconf 76' lang='lat' dir='ltr'><strong>congregabo</strong></span> <span class='ocrx_word' id='word_1_575' title='bbox 1681 1169 1727 1188; x_wconf 89' lang='lat' dir='ltr'><strong>vos</strong></span> <span class='ocrx_word' id='word_1_576' title='bbox 1740 1163 1763 1196; x_wconf 75' lang='grc' dir='ltr'>ζ,</span> 
     </span>
    </p>
   </div>
   <div class='ocr_carea' id='block_1_69' title="bbox 977 1206 1767 1241">
    <p class='ocr_par' dir='ltr' id='par_1_69' title="bbox 977 1206 1767 1241">
     <span class='ocr_line' id='line_1_69' title="bbox 977 1206 1767 1241; baseline -0.001 -7"><span class='ocrx_word' id='word_1_577' title='bbox 977 1211 1004 1234; x_wconf 90' lang='lat' dir='ltr'><strong>et</strong></span> <span class='ocrx_word' id='word_1_578' title='bbox 1019 1206 1132 1233; x_wconf 86' lang='lat' dir='ltr'><strong>sufilabo</strong></span> <span class='ocrx_word' id='word_1_579' title='bbox 1144 1214 1225 1240; x_wconf 90' lang='lat' dir='ltr'><strong>super</strong></span> <span class='ocrx_word' id='word_1_580' title='bbox 1237 1214 1287 1234; x_wconf 88' lang='lat' dir='ltr'><strong>vos</strong></span> <span class='ocrx_word' id='word_1_581' title='bbox 1304 1207 1330 1233; x_wconf 92' lang='lat' dir='ltr'><strong>in</strong></span> <span class='ocrx_word' id='word_1_582' title='bbox 1359 1207 1419 1241; x_wconf 81' lang='lat' dir='ltr'><strong>igne</strong></span> <span class='ocrx_word' id='word_1_583' title='bbox 1437 1207 1484 1234; x_wconf 72' lang='lat' dir='ltr'><strong>ira:</strong></span> <span class='ocrx_word' id='word_1_584' title='bbox 1502 1215 1578 1239; x_wconf 64' lang='lat' dir='ltr'><strong>meas,</strong></span> <span class='ocrx_word' id='word_1_585' title='bbox 1595 1211 1621 1234; x_wconf 89' lang='lat' dir='ltr'><strong>et</strong></span> <span class='ocrx_word' id='word_1_586' title='bbox 1636 1207 1767 1234; x_wconf 68' lang='lat' dir='ltr'><strong>conllabi-</strong></span> 
     </span>
    </p>
   </div>
   <div class='ocr_carea' id='block_1_70' title="bbox 978 1251 1767 1288">
    <p class='ocr_par' dir='ltr' id='par_1_70' title="bbox 978 1251 1767 1288">
     <span class='ocr_line' id='line_1_70' title="bbox 978 1251 1767 1288; baseline 0 -9"><span class='ocrx_word' id='word_1_587' title='bbox 978 1253 1044 1280; x_wconf 84' lang='lat' dir='ltr'><strong>mitti</strong></span> <span class='ocrx_word' id='word_1_588' title='bbox 1065 1253 1092 1279; x_wconf 93' lang='lat' dir='ltr'><strong>in</strong></span> <span class='ocrx_word' id='word_1_589' title='bbox 1107 1253 1197 1279; x_wconf 88' lang='lat' dir='ltr'><strong>medio</strong></span> <span class='ocrx_word' id='word_1_590' title='bbox 1209 1251 1280 1288; x_wconf 87' lang='lat' dir='ltr'><strong>ejus.</strong></span> <span class='ocrx_word' id='word_1_591' title='bbox 1306 1252 1351 1280; x_wconf 84' lang='lat'><strong>22.</strong></span> <span class='ocrx_word' id='word_1_592' title='bbox 1376 1253 1612 1286; x_wconf 76' lang='lat' dir='ltr'><strong>Quemadmodum</strong></span> <span class='ocrx_word' id='word_1_593' title='bbox 1633 1253 1767 1280; x_wconf 80' lang='lat' dir='ltr'><strong>conflatur</strong></span> 
     </span>
    </p>
   </div>
   <div class='ocr_carea' id='block_1_71' title="bbox 977 1298 1766 1333">
    <p class='ocr_par' dir='ltr' id='par_1_71' title="bbox 977 1298 1766 1333">
     <span class='ocr_line' id='line_1_71' title="bbox 977 1298 1766 1333; baseline 0.001 -8"><span class='ocrx_word' id='word_1_594' title='bbox 977 1302 1119 1333; x_wconf 77' lang='lat' dir='ltr'><strong>argentum</strong></span> <span class='ocrx_word' id='word_1_595' title='bbox 1137 1298 1165 1325; x_wconf 89' lang='lat' dir='ltr'><strong>in</strong></span> <span class='ocrx_word' id='word_1_596' title='bbox 1178 1298 1269 1325; x_wconf 91' lang='lat' dir='ltr'><strong>medio</strong></span> <span class='ocrx_word' id='word_1_597' title='bbox 1284 1298 1395 1331; x_wconf 85' lang='lat' dir='ltr'><strong>camini,</strong></span> <span class='ocrx_word' id='word_1_598' title='bbox 1413 1298 1448 1325; x_wconf 89' lang='lat' dir='ltr'><strong>ita</strong></span> <span class='ocrx_word' id='word_1_599' title='bbox 1465 1298 1648 1326; x_wconf 82' lang='lat' dir='ltr'><strong>conflabimini</strong></span> <span class='ocrx_word' id='word_1_600' title='bbox 1665 1299 1691 1326; x_wconf 89' lang='lat' dir='ltr'><strong>in</strong></span> <span class='ocrx_word' id='word_1_601' title='bbox 1708 1307 1766 1326; x_wconf 87' lang='lat' dir='ltr'><strong>me-</strong></span> 
     </span>
    </p>
   </div>
   <div class='ocr_carea' id='block_1_72' title="bbox 978 1342 1766 1379">
    <p class='ocr_par' dir='ltr' id='par_1_72' title="bbox 978 1342 1766 1379">
     <span class='ocr_line' id='line_1_72' title="bbox 978 1342 1766 1379; baseline 0.003 -10"><span class='ocrx_word' id='word_1_602' title='bbox 978 1342 1024 1370; x_wconf 86' lang='lat' dir='ltr'><strong>dio</strong></span> <span class='ocrx_word' id='word_1_603' title='bbox 1037 1343 1106 1377; x_wconf 88' lang='lat' dir='ltr'><strong>ejus,</strong></span> <span class='ocrx_word' id='word_1_604' title='bbox 1123 1347 1150 1369; x_wconf 85' lang='lat' dir='ltr'><strong>et</strong></span> <span class='ocrx_word' id='word_1_605' title='bbox 1164 1343 1347 1378; x_wconf 76' lang='lat' dir='ltr'><strong>cognoscetis,</strong></span> <span class='ocrx_word' id='word_1_606' title='bbox 1374 1343 1438 1377; x_wconf 90' lang='lat' dir='ltr'><strong>quia</strong></span> <span class='ocrx_word' id='word_1_607' title='bbox 1463 1351 1513 1379; x_wconf 86' lang='lat' dir='ltr'><strong>ego</strong></span> <span class='ocrx_word' id='word_1_608' title='bbox 1540 1343 1670 1371; x_wconf 88' lang='lat' dir='ltr'><strong>Dominus</strong></span> <span class='ocrx_word' id='word_1_609' title='bbox 1685 1344 1766 1371; x_wconf 82' lang='lat' dir='ltr'><strong>effudi</strong></span> 
     </span>
    </p>
   </div>
   <div class='ocr_carea' id='block_1_73' title="bbox 978 1388 1766 1423">
    <p class='ocr_par' dir='ltr' id='par_1_73' title="bbox 978 1388 1766 1423">
     <span class='ocr_line' id='line_1_73' title="bbox 978 1388 1766 1423; baseline 0.001 -7"><span class='ocrx_word' id='word_1_610' title='bbox 978 1388 1097 1416; x_wconf 90' lang='lat' dir='ltr'><strong>furorem</strong></span> <span class='ocrx_word' id='word_1_611' title='bbox 1111 1397 1200 1416; x_wconf 91' lang='lat' dir='ltr'><strong>meum</strong></span> <span class='ocrx_word' id='word_1_612' title='bbox 1220 1396 1302 1423; x_wconf 87' lang='lat' dir='ltr'><strong>super</strong></span> <span class='ocrx_word' id='word_1_613' title='bbox 1314 1396 1371 1417; x_wconf 85' lang='lat' dir='ltr'><strong>vos.</strong></span> <span class='ocrx_word' id='word_1_614' title='bbox 1385 1389 1430 1417; x_wconf 79' lang='lat'><strong>25.</strong></span> <span class='ocrx_word' id='word_1_615' title='bbox 1443 1390 1475 1416; x_wconf 82' lang='lat' dir='ltr'><strong>Et</strong></span> <span class='ocrx_word' id='word_1_616' title='bbox 1486 1389 1587 1417; x_wconf 86' lang='lat' dir='ltr'><strong>factum</strong></span> <span class='ocrx_word' id='word_1_617' title='bbox 1602 1394 1644 1417; x_wconf 85' lang='lat' dir='ltr'><strong>est</strong></span> <span class='ocrx_word' id='word_1_618' title='bbox 1654 1390 1766 1418; x_wconf 89' lang='lat' dir='ltr'><strong>verbum</strong></span> 
     </span>
    </p>
   </div>
   <div class='ocr_carea' id='block_1_74' title="bbox 978 1434 1765 1468">
    <p class='ocr_par' dir='ltr' id='par_1_74' title="bbox 978 1434 1765 1468">
     <span class='ocr_line' id='line_1_74' title="bbox 978 1434 1765 1468; baseline 0.001 -6"><span class='ocrx_word' id='word_1_619' title='bbox 978 1434 1086 1462; x_wconf 89' lang='lat' dir='ltr'><strong>Domini</strong></span> <span class='ocrx_word' id='word_1_620' title='bbox 1102 1435 1135 1462; x_wconf 81' lang='lat' dir='ltr'><strong>ad</strong></span> <span class='ocrx_word' id='word_1_621' title='bbox 1153 1442 1208 1466; x_wconf 89' lang='lat' dir='ltr'><strong>me,</strong></span> <span class='ocrx_word' id='word_1_622' title='bbox 1231 1435 1345 1462; x_wconf 88' lang='lat' dir='ltr'><strong>dicens:</strong></span> <span class='ocrx_word' id='word_1_623' title='bbox 1368 1435 1413 1462; x_wconf 71' lang='lat'><strong>24.</strong></span> <span class='ocrx_word' id='word_1_624' title='bbox 1434 1435 1486 1462; x_wconf 86' lang='lat' dir='ltr'><strong>Fili</strong></span> <span class='ocrx_word' id='word_1_625' title='bbox 1501 1435 1632 1468; x_wconf 87' lang='lat' dir='ltr'><strong>hominis,</strong></span> <span class='ocrx_word' id='word_1_626' title='bbox 1658 1435 1702 1463; x_wconf 93' lang='lat' dir='ltr'><strong>dic</strong></span> <span class='ocrx_word' id='word_1_627' title='bbox 1723 1436 1765 1463; x_wconf 89' lang='lat' dir='ltr'><strong>ci:</strong></span> 
     </span>
    </p>
   </div>
   <div class='ocr_carea' id='block_1_75' title="bbox 979 1480 1767 1517">
    <p class='ocr_par' dir='ltr' id='par_1_75' title="bbox 979 1480 1767 1517">
     <span class='ocr_line' id='line_1_75' title="bbox 979 1480 1767 1517; baseline 0 -9"><span class='ocrx_word' id='word_1_628' title='bbox 979 1480 1020 1508; x_wconf 89' lang='lat' dir='ltr'><strong>Tu</strong></span> <span class='ocrx_word' id='word_1_629' title='bbox 1039 1489 1068 1508; x_wconf 89' lang='lat' dir='ltr'><strong>es</strong></span> <span class='ocrx_word' id='word_1_630' title='bbox 1095 1486 1165 1508; x_wconf 78' lang='lat' dir='ltr'><strong>terra</strong></span> <span class='ocrx_word' id='word_1_631' title='bbox 1182 1481 1218 1516; x_wconf 87' lang='lat' dir='ltr'><strong>(g)</strong></span> <span class='ocrx_word' id='word_1_632' title='bbox 1240 1488 1292 1508; x_wconf 90' lang='lat' dir='ltr'><strong>non</strong></span> <span class='ocrx_word' id='word_1_633' title='bbox 1313 1482 1460 1515; x_wconf 85' lang='lat' dir='ltr'><strong>complula,</strong></span> <span class='ocrx_word' id='word_1_634' title='bbox 1476 1489 1563 1516; x_wconf 80' lang='lat' dir='ltr'><strong>neque</strong></span> <span class='ocrx_word' id='word_1_635' title='bbox 1582 1481 1672 1517; x_wconf 81' lang='lat' dir='ltr'><strong>pluvia</strong></span> <span class='ocrx_word' id='word_1_636' title='bbox 1696 1481 1767 1509; x_wconf 85' lang='lat' dir='ltr'><strong>facta</strong></span> 
     </span>
    </p>
   </div>
   <div class='ocr_carea' id='block_1_76' title="bbox 942 1525 1768 1566">
    <p class='ocr_par' dir='ltr' id='par_1_76' title="bbox 942 1525 1768 1566">
     <span class='ocr_line' id='line_1_76' title="bbox 942 1525 1768 1566; baseline 0 -12"><span class='ocrx_word' id='word_1_637' title='bbox 942 1538 964 1566; x_wconf 72' lang='grc' dir='ltr'><strong>ο</strong></span> <span class='ocrx_word' id='word_1_638' title='bbox 979 1531 1021 1554; x_wconf 88' lang='lat' dir='ltr'><strong>est</strong></span> <span class='ocrx_word' id='word_1_639' title='bbox 1038 1533 1118 1561; x_wconf 87' lang='lat' dir='ltr'><strong>super</strong></span> <span class='ocrx_word' id='word_1_640' title='bbox 1134 1530 1159 1554; x_wconf 89' lang='lat' dir='ltr'><strong>te</strong></span> <span class='ocrx_word' id='word_1_641' title='bbox 1178 1526 1206 1553; x_wconf 93' lang='lat' dir='ltr'><strong>in</strong></span> <span class='ocrx_word' id='word_1_642' title='bbox 1222 1526 1265 1553; x_wconf 90' lang='lat' dir='ltr'><strong>die</strong></span> <span class='ocrx_word' id='word_1_643' title='bbox 1276 1526 1332 1553; x_wconf 64' lang='lat' dir='ltr'><strong>irae.</strong></span> <span class='ocrx_word' id='word_1_644' title='bbox 1350 1526 1395 1553; x_wconf 79' lang='lat'><strong>25.</strong></span> <span class='ocrx_word' id='word_1_645' title='bbox 1412 1525 1498 1560; x_wconf 88' lang='lat' dir='ltr'><strong>Cujus</strong></span> <span class='ocrx_word' id='word_1_646' title='bbox 1526 1527 1610 1554; x_wconf 85' lang='lat' dir='ltr'><strong>duces</strong></span> <span class='ocrx_word' id='word_1_647' title='bbox 1635 1527 1661 1554; x_wconf 93' lang='lat' dir='ltr'><strong>in</strong></span> <span class='ocrx_word' id='word_1_648' title='bbox 1678 1528 1768 1554; x_wconf 86' lang='lat' dir='ltr'><strong>medio</strong></span> 
     </span>
    </p>
   </div>
   <div class='ocr_carea' id='block_1_77' title="bbox 979 1571 1766 1607">
    <p class='ocr_par' dir='ltr' id='par_1_77' title="bbox 979 1571 1766 1607">
     <span class='ocr_line' id='line_1_77' title="bbox 979 1571 1766 1607; baseline 0.001 -8"><span class='ocrx_word' id='word_1_649' title='bbox 979 1572 1049 1607; x_wconf 80' lang='lat' dir='ltr'><strong>ejus,</strong></span> <span class='ocrx_word' id='word_1_650' title='bbox 1074 1572 1146 1600; x_wconf 89' lang='lat' dir='ltr'><strong>sicut</strong></span> <span class='ocrx_word' id='word_1_651' title='bbox 1165 1571 1257 1599; x_wconf 86' lang='lat' dir='ltr'><strong>leones</strong></span> <span class='ocrx_word' id='word_1_652' title='bbox 1285 1572 1422 1607; x_wconf 80' lang='lat' dir='ltr'><strong>rugientes</strong></span> <span class='ocrx_word' id='word_1_653' title='bbox 1437 1592 1445 1604; x_wconf 94' lang='lat'><strong>,</strong></span> <span class='ocrx_word' id='word_1_654' title='bbox 1486 1572 1622 1607; x_wconf 81' lang='lat' dir='ltr'><strong>rapientes</strong></span> <span class='ocrx_word' id='word_1_655' title='bbox 1646 1574 1766 1607; x_wconf 84' lang='lat' dir='ltr'><strong>rapinas.</strong></span> 
     </span>
    </p>
   </div>
   <div class='ocr_carea' id='block_1_78' title="bbox 980 1614 1768 1650">
    <p class='ocr_par' dir='ltr' id='par_1_78' title="bbox 980 1614 1768 1650">
     <span class='ocr_line' id='line_1_78' title="bbox 980 1614 1768 1650; baseline -0.001 -7"><span class='ocrx_word' id='word_1_656' title='bbox 980 1617 1087 1644; x_wconf 82' lang='lat' dir='ltr'><strong>animas</strong></span> <span class='ocrx_word' id='word_1_657' title='bbox 1113 1616 1275 1643; x_wconf 70' lang='lat' dir='ltr'><strong>devorantcs</strong></span> <span class='ocrx_word' id='word_1_658' title='bbox 1307 1616 1334 1642; x_wconf 92' lang='lat' dir='ltr'><strong>in</strong></span> <span class='ocrx_word' id='word_1_659' title='bbox 1361 1614 1494 1650; x_wconf 85' lang='lat' dir='ltr'><strong>potentia,</strong></span> <span class='ocrx_word' id='word_1_660' title='bbox 1520 1619 1546 1642; x_wconf 88' lang='lat' dir='ltr'><strong>et</strong></span> <span class='ocrx_word' id='word_1_661' title='bbox 1578 1616 1664 1650; x_wconf 85' lang='lat' dir='ltr'><strong>pretia</strong></span> <span class='ocrx_word' id='word_1_662' title='bbox 1691 1615 1768 1642; x_wconf 85' lang='lat' dir='ltr'><strong>acci-</strong></span> 
     </span>
    </p>
   </div>
   <div class='ocr_carea' id='block_1_79' title="bbox 980 1661 1768 1697">
    <p class='ocr_par' dir='ltr' id='par_1_79' title="bbox 980 1661 1768 1697">
     <span class='ocr_line' id='line_1_79' title="bbox 980 1661 1768 1697; baseline -0.001 -8"><span class='ocrx_word' id='word_1_663' title='bbox 980 1663 1086 1697; x_wconf 81' lang='lat' dir='ltr'><strong>pientes</strong></span> <span class='ocrx_word' id='word_1_664' title='bbox 1120 1662 1147 1688; x_wconf 87' lang='lat' dir='ltr'><strong>in</strong></span> <span class='ocrx_word' id='word_1_665' title='bbox 1174 1661 1317 1696; x_wconf 81' lang='lat' dir='ltr'><strong>injustitia.</strong></span> <span class='ocrx_word' id='word_1_666' title='bbox 1342 1661 1376 1688; x_wconf 85' lang='lat' dir='ltr'><strong>Et</strong></span> <span class='ocrx_word' id='word_1_667' title='bbox 1392 1661 1480 1688; x_wconf 67' lang='lat' dir='ltr'><strong>viduae.</strong></span> <span class='ocrx_word' id='word_1_668' title='bbox 1508 1665 1561 1687; x_wconf 78' lang='lat' dir='ltr'><strong>tuae</strong></span> <span class='ocrx_word' id='word_1_669' title='bbox 1581 1661 1768 1695; x_wconf 67' lang='lat' dir='ltr'><strong>mulliplicalm</strong></span> 
     </span>
    </p>
   </div>
   <div class='ocr_carea' id='block_1_80' title="bbox 980 1705 1769 1742">
    <p class='ocr_par' dir='ltr' id='par_1_80' title="bbox 980 1705 1769 1742">
     <span class='ocr_line' id='line_1_80' title="bbox 980 1705 1769 1742; baseline -0.005 -6"><span class='ocrx_word' id='word_1_670' title='bbox 980 1714 1045 1736; x_wconf 80' lang='lat' dir='ltr'><strong>sunt</strong></span> <span class='ocrx_word' id='word_1_671' title='bbox 1059 1709 1086 1735; x_wconf 91' lang='lat' dir='ltr'><strong>in</strong></span> <span class='ocrx_word' id='word_1_672' title='bbox 1104 1707 1193 1735; x_wconf 89' lang='lat' dir='ltr'><strong>medio</strong></span> <span class='ocrx_word' id='word_1_673' title='bbox 1209 1707 1259 1734; x_wconf 88' lang='lat' dir='ltr'><strong>tui.</strong></span> <span class='ocrx_word' id='word_1_674' title='bbox 1273 1706 1320 1734; x_wconf 85' lang='lat'><strong>26.</strong></span> <span class='ocrx_word' id='word_1_675' title='bbox 1337 1706 1369 1734; x_wconf 82' lang='lat' dir='ltr'><strong>Et</strong></span> <span class='ocrx_word' id='word_1_676' title='bbox 1389 1706 1544 1733; x_wconf 80' lang='lat' dir='ltr'><strong>sacerdotes</strong></span> <span class='ocrx_word' id='word_1_677' title='bbox 1567 1705 1628 1740; x_wconf 85' lang='lat' dir='ltr'><strong>ejus</strong></span> <span class='ocrx_word' id='word_1_678' title='bbox 1644 1706 1684 1742; x_wconf 74' lang='lat' dir='ltr'><strong>(Ir)</strong></span> <span class='ocrx_word' id='word_1_679' title='bbox 1697 1713 1769 1740; x_wconf 81' lang='lat' dir='ltr'><strong>prac-</strong></span> 
     </span>
    </p>
   </div>
   <div class='ocr_carea' id='block_1_81' title="bbox 980 1752 1767 1789">
    <p class='ocr_par' dir='ltr' id='par_1_81' title="bbox 980 1752 1767 1789">
     <span class='ocr_line' id='line_1_81' title="bbox 980 1752 1767 1789; baseline -0.004 -7"><span class='ocrx_word' id='word_1_680' title='bbox 980 1755 1094 1783; x_wconf 83' lang='lat' dir='ltr'><strong>varicati</strong></span> <span class='ocrx_word' id='word_1_681' title='bbox 1111 1759 1175 1784; x_wconf 90' lang='lat' dir='ltr'><strong>sunt</strong></span> <span class='ocrx_word' id='word_1_682' title='bbox 1190 1755 1241 1789; x_wconf 78' lang='lat' dir='ltr'><strong>legi</strong></span> <span class='ocrx_word' id='word_1_683' title='bbox 1255 1761 1332 1786; x_wconf 67' lang='lat' dir='ltr'><strong>meae,</strong></span> <span class='ocrx_word' id='word_1_684' title='bbox 1350 1758 1377 1781; x_wconf 89' lang='lat' dir='ltr'><strong>et</strong></span> <span class='ocrx_word' id='word_1_685' title='bbox 1399 1753 1557 1788; x_wconf 87' lang='lat' dir='ltr'><strong>polluebant</strong></span> <span class='ocrx_word' id='word_1_686' title='bbox 1579 1752 1679 1780; x_wconf 84' lang='lat' dir='ltr'><strong>Sancta</strong></span> <span class='ocrx_word' id='word_1_687' title='bbox 1691 1760 1767 1780; x_wconf 89' lang='lat' dir='ltr'><strong>mea:</strong></span> 
     </span>
    </p>
   </div>
   <div class='ocr_carea' id='block_1_82' title="bbox 982 1796 1768 1834">
    <p class='ocr_par' dir='ltr' id='par_1_82' title="bbox 982 1796 1768 1834">
     <span class='ocr_line' id='line_1_82' title="bbox 982 1796 1768 1834; baseline -0.008 -6"><span class='ocrx_word' id='word_1_688' title='bbox 982 1801 1052 1828; x_wconf 85' lang='lat' dir='ltr'><strong>inter</strong></span> <span class='ocrx_word' id='word_1_689' title='bbox 1071 1805 1195 1828; x_wconf 84' lang='lat' dir='ltr'><strong>sanctum</strong></span> <span class='ocrx_word' id='word_1_690' title='bbox 1212 1799 1243 1834; x_wconf 76' lang='grc' dir='ltr'><strong>(ἰ)</strong></span> <span class='ocrx_word' id='word_1_691' title='bbox 1264 1802 1291 1825; x_wconf 88' lang='lat' dir='ltr'><strong>et</strong></span> <span class='ocrx_word' id='word_1_692' title='bbox 1318 1798 1462 1833; x_wconf 85' lang='lat' dir='ltr'><strong>profanum</strong></span> <span class='ocrx_word' id='word_1_693' title='bbox 1478 1805 1533 1825; x_wconf 92' lang='lat' dir='ltr'><strong>non</strong></span> <span class='ocrx_word' id='word_1_694' title='bbox 1554 1796 1768 1830; x_wconf 79' lang='lat' dir='ltr'><strong>distinguebant,</strong></span> 
     </span>
    </p>
   </div>
   <div class='ocr_carea' id='block_1_83' title="bbox 981 1843 1768 1878">
    <p class='ocr_par' dir='ltr' id='par_1_83' title="bbox 981 1843 1768 1878">
     <span class='ocr_line' id='line_1_83' title="bbox 981 1843 1768 1878; baseline -0.008 -3"><span class='ocrx_word' id='word_1_695' title='bbox 981 1851 1009 1874; x_wconf 89' lang='lat' dir='ltr'><strong>et</strong></span> <span class='ocrx_word' id='word_1_696' title='bbox 1028 1847 1098 1875; x_wconf 86' lang='lat' dir='ltr'><strong>inter</strong></span> <span class='ocrx_word' id='word_1_697' title='bbox 1113 1845 1284 1874; x_wconf 85' lang='lat' dir='ltr'><strong>immundum</strong></span> <span class='ocrx_word' id='word_1_698' title='bbox 1300 1849 1328 1872; x_wconf 84' lang='lat' dir='ltr'><strong>et</strong></span> <span class='ocrx_word' id='word_1_699' title='bbox 1342 1847 1475 1872; x_wconf 85' lang='lat' dir='ltr'><strong>mundum</strong></span> <span class='ocrx_word' id='word_1_700' title='bbox 1491 1851 1544 1871; x_wconf 84' lang='lat' dir='ltr'><strong>non</strong></span> <span class='ocrx_word' id='word_1_701' title='bbox 1554 1843 1768 1878; x_wconf 86' lang='lat' dir='ltr'><strong>distinguebant,</strong></span> 
     </span>
    </p>
   </div>
   <div class='ocr_carea' id='block_1_84' title="bbox 982 1889 1771 1926">
    <p class='ocr_par' dir='ltr' id='par_1_84' title="bbox 982 1889 1771 1926">
     <span class='ocr_line' id='line_1_84' title="bbox 982 1889 1771 1926; baseline -0.005 -6"><span class='ocrx_word' id='word_1_702' title='bbox 982 1900 998 1920; x_wconf 88' lang='lat' dir='ltr'><strong>a</strong></span> <span class='ocrx_word' id='word_1_703' title='bbox 1013 1892 1134 1920; x_wconf 77' lang='lat' dir='ltr'><strong>sabbatis</strong></span> <span class='ocrx_word' id='word_1_704' title='bbox 1148 1890 1217 1918; x_wconf 87' lang='lat' dir='ltr'><strong>meis</strong></span> <span class='ocrx_word' id='word_1_705' title='bbox 1230 1889 1390 1926; x_wconf 79' lang='lat' dir='ltr'><strong>aperiebant</strong></span> <span class='ocrx_word' id='word_1_706' title='bbox 1407 1890 1503 1917; x_wconf 85' lang='lat' dir='ltr'><strong>oculos</strong></span> <span class='ocrx_word' id='word_1_707' title='bbox 1513 1896 1577 1917; x_wconf 87' lang='lat' dir='ltr'><strong>suos</strong></span> <span class='ocrx_word' id='word_1_708' title='bbox 1592 1899 1599 1916; x_wconf 85' lang='lat'><strong>:</strong></span> <span class='ocrx_word' id='word_1_709' title='bbox 1621 1889 1656 1925; x_wconf 72' lang='lat' dir='ltr'><strong>(lt)</strong></span> <span class='ocrx_word' id='word_1_710' title='bbox 1670 1893 1697 1916; x_wconf 87' lang='lat' dir='ltr'><strong>et</strong></span> <span class='ocrx_word' id='word_1_711' title='bbox 1708 1896 1771 1924; x_wconf 87' lang='lat' dir='ltr'><strong>pro-</strong></span> 
     </span>
    </p>
   </div>
   <div class='ocr_carea' id='block_1_85' title="bbox 983 1929 1768 1970">
    <p class='ocr_par' dir='ltr' id='par_1_85' title="bbox 983 1929 1768 1970">
     <span class='ocr_line' id='line_1_85' title="bbox 983 1929 1768 1970; baseline -0.006 -4"><span class='ocrx_word' id='word_1_712' title='bbox 983 1938 1097 1966; x_wconf 86' lang='lat' dir='ltr'><strong>fanabar</strong></span> <span class='ocrx_word' id='word_1_713' title='bbox 1107 1938 1135 1965; x_wconf 87' lang='lat' dir='ltr'><strong>in</strong></span> <span class='ocrx_word' id='word_1_714' title='bbox 1147 1937 1237 1965; x_wconf 83' lang='lat' dir='ltr'><strong>medio</strong></span> <span class='ocrx_word' id='word_1_715' title='bbox 1252 1945 1360 1964; x_wconf 88' lang='lat' dir='ltr'><strong>eorum.</strong></span> <span class='ocrx_word' id='word_1_716' title='bbox 1376 1936 1422 1963; x_wconf 90' lang='lat'><strong>27.</strong></span> <span class='ocrx_word' id='word_1_717' title='bbox 1437 1929 1578 1970; x_wconf 74' lang='lat' dir='ltr'><strong>Principes</strong></span> <span class='ocrx_word' id='word_1_718' title='bbox 1593 1935 1652 1969; x_wconf 89' lang='lat' dir='ltr'><strong>ejus</strong></span> <span class='ocrx_word' id='word_1_719' title='bbox 1669 1935 1696 1962; x_wconf 90' lang='lat' dir='ltr'><strong>in</strong></span> <span class='ocrx_word' id='word_1_720' title='bbox 1711 1941 1768 1962; x_wconf 88' lang='lat' dir='ltr'><strong>me-</strong></span> 
     </span>
    </p>
   </div>
   <div class='ocr_carea' id='block_1_86' title="bbox 983 1979 1771 2020">
    <p class='ocr_par' dir='ltr' id='par_1_86' title="bbox 983 1979 1771 2020">
     <span class='ocr_line' id='line_1_86' title="bbox 983 1979 1771 2020; baseline -0.006 -8"><span class='ocrx_word' id='word_1_721' title='bbox 983 1985 1029 2012; x_wconf 92' lang='lat' dir='ltr'><strong>dio</strong></span> <span class='ocrx_word' id='word_1_722' title='bbox 1039 1985 1110 2020; x_wconf 85' lang='lat' dir='ltr'><strong>ejus,</strong></span> <span class='ocrx_word' id='word_1_723' title='bbox 1126 1984 1198 2011; x_wconf 90' lang='lat' dir='ltr'><strong>sicut</strong></span> <span class='ocrx_word' id='word_1_724' title='bbox 1213 1982 1267 2018; x_wconf 85' lang='lat' dir='ltr'><strong>lupi</strong></span> <span class='ocrx_word' id='word_1_725' title='bbox 1280 1983 1418 2017; x_wconf 84' lang='lat' dir='ltr'><strong>rapientes</strong></span> <span class='ocrx_word' id='word_1_726' title='bbox 1431 1982 1551 2016; x_wconf 83' lang='lat' dir='ltr'><strong>rapinas.</strong></span> <span class='ocrx_word' id='word_1_727' title='bbox 1575 1981 1608 2008; x_wconf 89' lang='lat' dir='ltr'><strong>ad</strong></span> <span class='ocrx_word' id='word_1_728' title='bbox 1627 1979 1771 2008; x_wconf 67' lang='lat' dir='ltr'><strong>effunden-</strong></span> 
     </span>
    </p>
   </div>
   <div class='ocr_carea' id='block_1_87' title="bbox 982 2026 1771 2064">
    <p class='ocr_par' dir='ltr' id='par_1_87' title="bbox 982 2026 1771 2064">
     <span class='ocr_line' id='line_1_87' title="bbox 982 2026 1771 2064; baseline -0.006 -6"><span class='ocrx_word' id='word_1_729' title='bbox 982 2031 1049 2059; x_wconf 90' lang='lat' dir='ltr'><strong>dum</strong></span> <span class='ocrx_word' id='word_1_730' title='bbox 1071 2029 1243 2064; x_wconf 84' lang='lat' dir='ltr'><strong>sanguinem,</strong></span> <span class='ocrx_word' id='word_1_731' title='bbox 1263 2030 1297 2063; x_wconf 58' lang='grc' dir='ltr'>χ</span> <span class='ocrx_word' id='word_1_732' title='bbox 1323 2028 1356 2055; x_wconf 82' lang='lat' dir='ltr'><strong>ad</strong></span> <span class='ocrx_word' id='word_1_733' title='bbox 1376 2027 1543 2062; x_wconf 85' lang='lat' dir='ltr'><strong>perdendum</strong></span> <span class='ocrx_word' id='word_1_734' title='bbox 1569 2026 1677 2054; x_wconf 82' lang='lat' dir='ltr'><strong>animas</strong></span> <span class='ocrx_word' id='word_1_735' title='bbox 1692 2027 1703 2060; x_wconf 71' lang='grc' dir='ltr'><strong>ε</strong></span> <span class='ocrx_word' id='word_1_736' title='bbox 1716 2047 1723 2058; x_wconf 88' lang='grc'><strong><em>,</em></strong></span> <span class='ocrx_word' id='word_1_737' title='bbox 1741 2032 1771 2053; x_wconf 86' lang='grc' dir='ltr'><strong>ιιι</strong></span> 
     </span>
    </p>
   </div>
   <div class='ocr_carea' id='block_1_88' title="bbox 984 2072 1771 2109">
    <p class='ocr_par' dir='ltr' id='par_1_88' title="bbox 984 2072 1771 2109">
     <span class='ocr_line' id='line_1_88' title="bbox 984 2072 1771 2109; baseline -0.008 -4"><span class='ocrx_word' id='word_1_738' title='bbox 984 2077 1098 2105; x_wconf 84' lang='lat' dir='ltr'><strong>avaritia</strong></span> <span class='ocrx_word' id='word_1_739' title='bbox 1115 2076 1268 2104; x_wconf 85' lang='lat' dir='ltr'><strong>lucrentur.</strong></span> <span class='ocrx_word' id='word_1_740' title='bbox 1279 2074 1325 2102; x_wconf 90' lang='lat'><strong>28.</strong></span> <span class='ocrx_word' id='word_1_741' title='bbox 1337 2074 1370 2101; x_wconf 89' lang='lat' dir='ltr'><strong>Et</strong></span> <span class='ocrx_word' id='word_1_742' title='bbox 1383 2074 1523 2109; x_wconf 74' lang='lat' dir='ltr'><strong>prophetae</strong></span> <span class='ocrx_word' id='word_1_743' title='bbox 1533 2073 1604 2108; x_wconf 86' lang='lat' dir='ltr'><strong>ejus,</strong></span> <span class='ocrx_word' id='word_1_744' title='bbox 1619 2072 1650 2107; x_wconf 87' lang='grc' dir='ltr'><strong>(ι)</strong></span> <span class='ocrx_word' id='word_1_745' title='bbox 1664 2080 1771 2107; x_wconf 82' lang='lat' dir='ltr'><strong>ungen-</strong></span> 
     </span>
    </p>
   </div>
   <div class='ocr_carea' id='block_1_89' title="bbox 985 2118 1769 2156">
    <p class='ocr_par' dir='ltr' id='par_1_89' title="bbox 985 2118 1769 2156">
     <span class='ocr_line' id='line_1_89' title="bbox 985 2118 1769 2156; baseline -0.01 -5"><span class='ocrx_word' id='word_1_746' title='bbox 985 2128 1026 2151; x_wconf 87' lang='lat' dir='ltr'><strong>tes</strong></span> <span class='ocrx_word' id='word_1_747' title='bbox 1037 2130 1096 2156; x_wconf 90' lang='lat' dir='ltr'><strong>eos,</strong></span> <span class='ocrx_word' id='word_1_748' title='bbox 1117 2122 1224 2154; x_wconf 78' lang='lat' dir='ltr'><strong>cadent,</strong></span> <span class='ocrx_word' id='word_1_749' title='bbox 1241 2120 1366 2149; x_wconf 80' lang='lat' dir='ltr'><strong>videntes</strong></span> <span class='ocrx_word' id='word_1_750' title='bbox 1390 2127 1472 2151; x_wconf 85' lang='lat' dir='ltr'><strong>vana,</strong></span> <span class='ocrx_word' id='word_1_751' title='bbox 1487 2118 1640 2146; x_wconf 82' lang='lat' dir='ltr'><strong>divinantes</strong></span> <span class='ocrx_word' id='word_1_752' title='bbox 1654 2119 1688 2152; x_wconf 76' lang='grc' dir='ltr'>&gt;κ</span> <span class='ocrx_word' id='word_1_753' title='bbox 1703 2118 1743 2144; x_wconf 89' lang='lat' dir='ltr'><strong>eis</strong></span> <span class='ocrx_word' id='word_1_754' title='bbox 1758 2118 1769 2151; x_wconf 74' lang='grc' dir='ltr'>ζ</span> 
     </span>
    </p>
   </div>
   <div class='ocr_carea' id='block_1_90' title="bbox 985 2165 1772 2201">
    <p class='ocr_par' dir='ltr' id='par_1_90' title="bbox 985 2165 1772 2201">
     <span class='ocr_line' id='line_1_90' title="bbox 985 2165 1772 2201; baseline -0.008 -4"><span class='ocrx_word' id='word_1_755' title='bbox 985 2168 1139 2201; x_wconf 84' lang='lat' dir='ltr'><strong>mendacia,</strong></span> <span class='ocrx_word' id='word_1_756' title='bbox 1155 2168 1276 2196; x_wconf 83' lang='lat' dir='ltr'><strong>dicentes</strong></span> <span class='ocrx_word' id='word_1_757' title='bbox 1288 2175 1295 2194; x_wconf 90' lang='lat'><em>:</em></span> <span class='ocrx_word' id='word_1_758' title='bbox 1307 2166 1371 2194; x_wconf 66' lang='lat' dir='ltr'><strong>Haec</strong></span> <span class='ocrx_word' id='word_1_759' title='bbox 1384 2165 1450 2193; x_wconf 86' lang='lat' dir='ltr'><strong>dicit</strong></span> <span class='ocrx_word' id='word_1_760' title='bbox 1462 2165 1568 2193; x_wconf 82' lang='lat' dir='ltr'><strong>Adonai</strong></span> <span class='ocrx_word' id='word_1_761' title='bbox 1584 2165 1726 2195; x_wconf 89' lang='lat' dir='ltr'><strong>Dominus,</strong></span> <span class='ocrx_word' id='word_1_762' title='bbox 1745 2169 1772 2191; x_wconf 79' lang='lat' dir='ltr'><strong>et</strong></span> 
     </span>
    </p>
   </div>
   <div class='ocr_carea' id='block_1_91' title="bbox 143 2206 1772 2251">
    <p class='ocr_par' dir='ltr' id='par_1_91' title="bbox 143 2206 1772 2251">
     <span class='ocr_line' id='line_1_91' title="bbox 143 2206 1772 2251; baseline -0.003 -9"><span class='ocrx_word' id='word_1_763' title='bbox 143 2215 266 2250; x_wconf 75' lang='lat' dir='ltr'><strong>proximi</strong></span> <span class='ocrx_word' id='word_1_764' title='bbox 276 2216 319 2243; x_wconf 83' lang='lat' dir='ltr'><strong>sui</strong></span> <span class='ocrx_word' id='word_1_765' title='bbox 332 2217 426 2251; x_wconf 87' lang='lat' dir='ltr'><strong>inique</strong></span> <span class='ocrx_word' id='word_1_766' title='bbox 456 2215 607 2251; x_wconf 84' lang='lat' dir='ltr'><strong>ignominia</strong></span> <span class='ocrx_word' id='word_1_767' title='bbox 624 2214 724 2246; x_wconf 73' lang='lat' dir='ltr'><strong>affecit,</strong></span> <span class='ocrx_word' id='word_1_768' title='bbox 736 2219 763 2242; x_wconf 80' lang='lat' dir='ltr'><strong>et</strong></span> <span class='ocrx_word' id='word_1_769' title='bbox 784 2214 933 2249; x_wconf 84' lang='lat' dir='ltr'><strong>unusquis-</strong></span> <span class='ocrx_word' id='word_1_770' title='bbox 948 2206 971 2234; x_wconf 77' lang='grc'><strong>1)</strong></span> <span class='ocrx_word' id='word_1_771' title='bbox 985 2214 1120 2242; x_wconf 87' lang='lat' dir='ltr'><strong>Dominus</strong></span> <span class='ocrx_word' id='word_1_772' title='bbox 1134 2221 1189 2241; x_wconf 85' lang='lat' dir='ltr'><strong>non</strong></span> <span class='ocrx_word' id='word_1_773' title='bbox 1207 2214 1315 2241; x_wconf 85' lang='lat' dir='ltr'><strong>locutus</strong></span> <span class='ocrx_word' id='word_1_774' title='bbox 1332 2217 1393 2241; x_wconf 88' lang='lat' dir='ltr'><strong>est:</strong></span> <span class='ocrx_word' id='word_1_775' title='bbox 1410 2212 1595 2247; x_wconf 84' lang='lat' dir='ltr'><strong>29.populum</strong></span> <span class='ocrx_word' id='word_1_776' title='bbox 1619 2215 1698 2238; x_wconf 83' lang='lat' dir='ltr'><strong>terrae</strong></span> <span class='ocrx_word' id='word_1_777' title='bbox 1711 2218 1772 2245; x_wconf 88' lang='lat' dir='ltr'><strong>pre-</strong></span> 
     </span>
    </p>
   </div>
   <div class='ocr_carea' id='block_1_92' title="bbox 144 2260 934 2299">
    <p class='ocr_par' dir='ltr' id='par_1_92' title="bbox 144 2260 934 2299">
     <span class='ocr_line' id='line_1_92' title="bbox 144 2260 934 2299; baseline -0.003 -11"><span class='ocrx_word' id='word_1_778' title='bbox 144 2269 200 2296; x_wconf 86' lang='lat' dir='ltr'><strong>que</strong></span> <span class='ocrx_word' id='word_1_779' title='bbox 230 2269 329 2289; x_wconf 84' lang='lat' dir='ltr'><strong>nurum</strong></span> <span class='ocrx_word' id='word_1_780' title='bbox 356 2269 434 2290; x_wconf 85' lang='lat' dir='ltr'><strong>suam</strong></span> <span class='ocrx_word' id='word_1_781' title='bbox 462 2261 659 2289; x_wconf 84' lang='lat' dir='ltr'><strong>contaminavit</strong></span> <span class='ocrx_word' id='word_1_782' title='bbox 686 2261 715 2288; x_wconf 94' lang='lat' dir='ltr'><strong>in</strong></span> <span class='ocrx_word' id='word_1_783' title='bbox 737 2260 889 2295; x_wconf 84' lang='lat' dir='ltr'><strong>impietate,</strong></span> <span class='ocrx_word' id='word_1_784' title='bbox 903 2264 934 2299; x_wconf 85' lang='lat' dir='ltr'><strong>_et</strong></span> 
     </span>
    </p>
   </div>
   <div class='ocr_carea' id='block_1_93' title="bbox 143 2306 936 2343">
    <p class='ocr_par' dir='ltr' id='par_1_93' title="bbox 143 2306 936 2343">
     <span class='ocr_line' id='line_1_93' title="bbox 143 2306 936 2343; baseline -0.003 -8"><span class='ocrx_word' id='word_1_785' title='bbox 143 2308 336 2343; x_wconf 83' lang='lat' dir='ltr'><strong>unusquisque</strong></span> <span class='ocrx_word' id='word_1_786' title='bbox 347 2316 471 2336; x_wconf 80' lang='lat' dir='ltr'><strong>sororem</strong></span> <span class='ocrx_word' id='word_1_787' title='bbox 487 2315 576 2341; x_wconf 90' lang='lat' dir='ltr'><strong>suam,</strong></span> <span class='ocrx_word' id='word_1_788' title='bbox 605 2307 688 2335; x_wconf 77' lang='lat' dir='ltr'><strong>ﬁliam</strong></span> <span class='ocrx_word' id='word_1_789' title='bbox 714 2308 799 2343; x_wconf 78' lang='lat' dir='ltr'><strong>patris</strong></span> <span class='ocrx_word' id='word_1_790' title='bbox 812 2306 866 2339; x_wconf 88' lang='lat' dir='ltr'><strong>sui,</strong></span> <span class='ocrx_word' id='word_1_791' title='bbox 882 2306 936 2333; x_wconf 88' lang='lat' dir='ltr'><strong>hu-</strong></span> 
     </span>
    </p>
   </div>
   <div class='ocr_carea' id='block_1_94' title="bbox 144 2352 936 2389">
    <p class='ocr_par' dir='ltr' id='par_1_94' title="bbox 144 2352 936 2389">
     <span class='ocr_line' id='line_1_94' title="bbox 144 2352 936 2389; baseline -0.001 -9"><span class='ocrx_word' id='word_1_792' title='bbox 144 2354 290 2381; x_wconf 86' lang='lat' dir='ltr'><strong>miliabant</strong></span> <span class='ocrx_word' id='word_1_793' title='bbox 302 2354 330 2382; x_wconf 91' lang='lat' dir='ltr'><strong>in</strong></span> <span class='ocrx_word' id='word_1_794' title='bbox 355 2358 390 2382; x_wconf 86' lang='lat' dir='ltr'><strong>te.</strong></span> <span class='ocrx_word' id='word_1_795' title='bbox 417 2355 461 2382; x_wconf 83' lang='lat' dir='ltr'><strong>l2.</strong></span> <span class='ocrx_word' id='word_1_796' title='bbox 486 2353 585 2381; x_wconf 72' lang='lat' dir='ltr'><strong>Munus</strong></span> <span class='ocrx_word' id='word_1_797' title='bbox 607 2353 778 2389; x_wconf 73' lang='lat' dir='ltr'><strong>accipiebant</strong></span> <span class='ocrx_word' id='word_1_798' title='bbox 806 2352 832 2379; x_wconf 88' lang='lat' dir='ltr'><strong>in</strong></span> <span class='ocrx_word' id='word_1_799' title='bbox 853 2357 888 2385; x_wconf 90' lang='lat' dir='ltr'><strong>te,</strong></span> <span class='ocrx_word' id='word_1_800' title='bbox 905 2355 936 2379; x_wconf 90' lang='lat' dir='ltr'><strong>ut</strong></span> 
     </span>
    </p>
   </div>
   <div class='ocr_carea' id='block_1_95' title="bbox 143 2397 934 2435">
    <p class='ocr_par' dir='ltr' id='par_1_95' title="bbox 143 2397 934 2435">
     <span class='ocr_line' id='line_1_95' title="bbox 143 2397 934 2435; baseline 0.001 -10"><span class='ocrx_word' id='word_1_801' title='bbox 143 2398 317 2427; x_wconf 78' lang='lat' dir='ltr'><strong>effunderent</strong></span> <span class='ocrx_word' id='word_1_802' title='bbox 344 2400 527 2435; x_wconf 81' lang='lat' dir='ltr'><strong>sanguinem:</strong></span> <span class='ocrx_word' id='word_1_803' title='bbox 566 2407 677 2428; x_wconf 79' lang='lat' dir='ltr'><strong>usuram</strong></span> <span class='ocrx_word' id='word_1_804' title='bbox 710 2403 738 2427; x_wconf 85' lang='lat' dir='ltr'><strong>et</strong></span> <span class='ocrx_word' id='word_1_805' title='bbox 766 2397 934 2434; x_wconf 82' lang='lat' dir='ltr'><strong>superfluum</strong></span> 
     </span>
    </p>
   </div>
   <div class='ocr_carea' id='block_1_96' title="bbox 145 2443 934 2480">
    <p class='ocr_par' dir='ltr' id='par_1_96' title="bbox 145 2443 934 2480">
     <span class='ocr_line' id='line_1_96' title="bbox 145 2443 934 2480; baseline -0.003 -8"><span class='ocrx_word' id='word_1_806' title='bbox 145 2446 317 2480; x_wconf 81' lang='lat' dir='ltr'><strong>accipiebant</strong></span> <span class='ocrx_word' id='word_1_807' title='bbox 330 2446 357 2473; x_wconf 90' lang='lat' dir='ltr'><strong>in</strong></span> <span class='ocrx_word' id='word_1_808' title='bbox 372 2451 418 2474; x_wconf 90' lang='lat' dir='ltr'><strong>te:</strong></span> <span class='ocrx_word' id='word_1_809' title='bbox 443 2451 470 2474; x_wconf 90' lang='lat' dir='ltr'><strong>et</strong></span> <span class='ocrx_word' id='word_1_810' title='bbox 491 2447 689 2475; x_wconf 88' lang='lat' dir='ltr'><strong>consummasti</strong></span> <span class='ocrx_word' id='word_1_811' title='bbox 717 2443 934 2473; x_wconf 84' lang='lat' dir='ltr'><strong>consummatio-</strong></span> 
     </span>
    </p>
   </div>
   <div class='ocr_carea' id='block_1_97' title="bbox 145 2491 934 2528">
    <p class='ocr_par' dir='ltr' id='par_1_97' title="bbox 145 2491 934 2528">
     <span class='ocr_line' id='line_1_97' title="bbox 145 2491 934 2528; baseline 0 -10"><span class='ocrx_word' id='word_1_812' title='bbox 145 2499 210 2519; x_wconf 85' lang='lat' dir='ltr'><strong>nem</strong></span> <span class='ocrx_word' id='word_1_813' title='bbox 226 2492 336 2520; x_wconf 72' lang='lat' dir='ltr'><strong>malitia:</strong></span> <span class='ocrx_word' id='word_1_814' title='bbox 349 2497 411 2525; x_wconf 68' lang='lat' dir='ltr'><strong>tuae,</strong></span> <span class='ocrx_word' id='word_1_815' title='bbox 429 2500 488 2528; x_wconf 67' lang='lat' dir='ltr'><strong>qua:</strong></span> <span class='ocrx_word' id='word_1_816' title='bbox 515 2493 541 2520; x_wconf 94' lang='lat' dir='ltr'><strong>in</strong></span> <span class='ocrx_word' id='word_1_817' title='bbox 557 2492 735 2528; x_wconf 86' lang='lat' dir='ltr'><strong>oppressione</strong></span> <span class='ocrx_word' id='word_1_818' title='bbox 752 2499 759 2517; x_wconf 88' lang='lat'>:</span> <span class='ocrx_word' id='word_1_819' title='bbox 777 2491 829 2518; x_wconf 90' lang='lat' dir='ltr'><strong>mei</strong></span> <span class='ocrx_word' id='word_1_820' title='bbox 844 2495 934 2518; x_wconf 79' lang='lat' dir='ltr'><strong>autem</strong></span> 
     </span>
    </p>
   </div>
   <div class='ocr_carea' id='block_1_98' title="bbox 183 2559 1292 2599">
    <p class='ocr_par' dir='ltr' id='par_1_98' title="bbox 183 2559 1292 2599">
     <span class='ocr_line' id='line_1_98' title="bbox 183 2559 1292 2599; baseline -0.003 -11"><span class='ocrx_word' id='word_1_821' title='bbox 183 2562 222 2596; x_wconf 75' lang='grc' dir='ltr'><strong>(ιι)</strong></span> <span class='ocrx_word' id='word_1_822' title='bbox 237 2561 319 2599; x_wconf 63' lang='lat' dir='ltr'><strong>Deus.</strong></span> <span class='ocrx_word' id='word_1_823' title='bbox 359 2563 397 2597; x_wconf 71' lang='lat' dir='ltr'><strong>(at)</strong></span> <span class='ocrx_word' id='word_1_824' title='bbox 411 2561 452 2594; x_wconf 89' lang='lat' dir='ltr'><strong>S.,</strong></span> <span class='ocrx_word' id='word_1_825' title='bbox 466 2570 591 2597; x_wconf 78' lang='lat' dir='ltr'><strong>possessa</strong></span> <span class='ocrx_word' id='word_1_826' title='bbox 609 2566 666 2590; x_wconf 89' lang='lat' dir='ltr'><strong>tua.</strong></span> <span class='ocrx_word' id='word_1_827' title='bbox 684 2561 745 2599; x_wconf 69' lang='grc' dir='ltr'><strong>Τζι.⁷</strong></span> <span class='ocrx_word' id='word_1_828' title='bbox 763 2560 939 2599; x_wconf 77' lang='lat' dir='ltr'><strong>stabilimenti</strong></span> <span class='ocrx_word' id='word_1_829' title='bbox 952 2559 1052 2599; x_wconf 78' lang='lat' dir='ltr'><strong>radicis</strong></span> <span class='ocrx_word' id='word_1_830' title='bbox 1067 2563 1131 2599; x_wconf 69' lang='lat' dir='ltr'><strong>tum.</strong></span> <span class='ocrx_word' id='word_1_831' title='bbox 1156 2559 1209 2599; x_wconf 76' lang='lat' dir='ltr'><strong>_(y)</strong></span> <span class='ocrx_word' id='word_1_832' title='bbox 1225 2559 1292 2599; x_wconf 76' lang='lat' dir='ltr'><strong>Ador</strong></span> 
     </span>
    </p>
   </div>
   <div class='ocr_carea' id='block_1_99' title="bbox 145 2594 1369 2632">
    <p class='ocr_par' dir='ltr' id='par_1_99' title="bbox 145 2594 1369 2632">
     <span class='ocr_line' id='line_1_99' title="bbox 145 2594 1369 2632; baseline -0.002 -9"><span class='ocrx_word' id='word_1_833' title='bbox 145 2594 228 2624; x_wconf 82' lang='lat' dir='ltr'><strong>edere</strong></span> <span class='ocrx_word' id='word_1_834' title='bbox 249 2594 392 2632; x_wconf 68' lang='lat' dir='ltr'><strong>facientes</strong></span> <span class='ocrx_word' id='word_1_835' title='bbox 412 2594 508 2625; x_wconf 74' lang='lat' dir='ltr'><strong>manus</strong></span> <span class='ocrx_word' id='word_1_836' title='bbox 523 2605 605 2632; x_wconf 89' lang='lat' dir='ltr'><strong>super</strong></span> <span class='ocrx_word' id='word_1_837' title='bbox 632 2602 676 2632; x_wconf 61' lang='lat' dir='ltr'><strong>te,</strong></span> <span class='ocrx_word' id='word_1_838' title='bbox 694 2596 852 2632; x_wconf 80' lang='lat' dir='ltr'><strong>clamabunt</strong></span> <span class='ocrx_word' id='word_1_839' title='bbox 865 2595 940 2632; x_wconf 55' lang='lat' dir='ltr'><strong>tibi;</strong></span> <span class='ocrx_word' id='word_1_840' title='bbox 955 2595 1108 2632; x_wconf 85' lang='lat' dir='ltr'><strong>immunda,</strong></span> <span class='ocrx_word' id='word_1_841' title='bbox 1121 2594 1197 2621; x_wconf 84' lang='lat' dir='ltr'><strong>valde</strong></span> <span class='ocrx_word' id='word_1_842' title='bbox 1220 2594 1369 2632; x_wconf 71' lang='lat' dir='ltr'><strong>nominata.</strong></span> 
     </span>
    </p>
   </div>
   <div class='ocr_carea' id='block_1_100' title="bbox 770 2628 1384 2666">
    <p class='ocr_par' dir='ltr' id='par_1_100' title="bbox 770 2628 1384 2666">
     <span class='ocr_line' id='line_1_100' title="bbox 770 2628 1384 2666; baseline -0.005 -8"><span class='ocrx_word' id='word_1_843' title='bbox 770 2631 805 2666; x_wconf 80' lang='lat' dir='ltr'><strong>(c)</strong></span> <span class='ocrx_word' id='word_1_844' title='bbox 820 2631 866 2666; x_wconf 64' lang='grc' dir='ltr'><strong>δη</strong></span> <span class='ocrx_word' id='word_1_845' title='bbox 882 2630 1091 2666; x_wconf 86' lang='lat' dir='ltr'><strong>defraudatione</strong></span> <span class='ocrx_word' id='word_1_846' title='bbox 1107 2634 1163 2661; x_wconf 84' lang='lat' dir='ltr'><strong>tua,</strong></span> <span class='ocrx_word' id='word_1_847' title='bbox 1184 2637 1268 2666; x_wconf 81' lang='lat' dir='ltr'><strong>quam</strong></span> <span class='ocrx_word' id='word_1_848' title='bbox 1286 2628 1384 2666; x_wconf 78' lang='lat' dir='ltr'><strong>fecisti.</strong></span> 
     </span>
    </p>
   </div>
   <div class='ocr_carea' id='block_1_101' title="bbox 457 2665 1087 2702">
    <p class='ocr_par' dir='ltr' id='par_1_101' title="bbox 457 2665 1087 2702">
     <span class='ocr_line' id='line_1_101' title="bbox 457 2665 1087 2702; baseline -0.003 -8"><span class='ocrx_word' id='word_1_849' title='bbox 457 2669 491 2702; x_wconf 79' lang='grc' dir='ltr'><strong>(ρ)</strong></span> <span class='ocrx_word' id='word_1_850' title='bbox 509 2667 550 2699; x_wconf 88' lang='lat' dir='ltr'><strong>S.,</strong></span> <span class='ocrx_word' id='word_1_851' title='bbox 567 2666 707 2702; x_wconf 85' lang='lat' dir='ltr'><strong>permistio</strong></span> <span class='ocrx_word' id='word_1_852' title='bbox 722 2665 804 2702; x_wconf 54' lang='lat' dir='ltr'><strong>tetra.</strong></span> <span class='ocrx_word' id='word_1_853' title='bbox 817 2665 877 2698; x_wconf 82' lang='lat' dir='ltr'><strong>Th.,</strong></span> <span class='ocrx_word' id='word_1_854' title='bbox 896 2667 923 2692; x_wconf 91' lang='lat' dir='ltr'><strong>in</strong></span> <span class='ocrx_word' id='word_1_855' title='bbox 941 2665 1087 2693; x_wconf 82' lang='lat' dir='ltr'><strong>calculum.</strong></span> 
     </span>
    </p>
   </div>
   <div class='ocr_carea' id='block_1_102' title="bbox 468 2698 1774 2738">
    <p class='ocr_par' dir='ltr' id='par_1_102' title="bbox 468 2698 1774 2738">
     <span class='ocr_line' id='line_1_102' title="bbox 468 2698 1774 2738; baseline -0.004 -9"><span class='ocrx_word' id='word_1_856' title='bbox 468 2698 505 2738; x_wconf 64' lang='grc' dir='ltr'><strong>(ξι)</strong></span> <span class='ocrx_word' id='word_1_857' title='bbox 524 2698 641 2737; x_wconf 69' lang='grc' dir='ltr'><strong>8.,’ψιῐε</strong></span> <span class='ocrx_word' id='word_1_858' title='bbox 657 2709 710 2728; x_wconf 90' lang='lat' dir='ltr'><strong>non</strong></span> <span class='ocrx_word' id='word_1_859' title='bbox 722 2701 852 2728; x_wconf 82' lang='lat' dir='ltr'><strong>mundata</strong></span> <span class='ocrx_word' id='word_1_860' title='bbox 868 2704 920 2738; x_wconf 82' lang='lat' dir='ltr'><strong>est,</strong></span> <span class='ocrx_word' id='word_1_861' title='bbox 937 2707 1018 2735; x_wconf 84' lang='lat' dir='ltr'><strong>super</strong></span> <span class='ocrx_word' id='word_1_862' title='bbox 1028 2707 1108 2738; x_wconf 68' lang='lat' dir='ltr'><strong>quam</strong></span> <span class='ocrx_word' id='word_1_863' title='bbox 1126 2698 1213 2738; x_wconf 79' lang='lat' dir='ltr'><strong>hiems</strong></span> <span class='ocrx_word' id='word_1_864' title='bbox 1234 2706 1288 2738; x_wconf 78' lang='lat' dir='ltr'><strong>non</strong></span> <span class='ocrx_word' id='word_1_865' title='bbox 1308 2698 1382 2738; x_wconf 64' lang='lat' dir='ltr'><strong>facta</strong></span> <span class='ocrx_word' id='word_1_866' title='bbox 1394 2702 1446 2738; x_wconf 53' lang='lat' dir='ltr'><strong>est,</strong></span> <span class='ocrx_word' id='word_1_867' title='bbox 1463 2699 1489 2725; x_wconf 91' lang='lat' dir='ltr'><strong>in</strong></span> <span class='ocrx_word' id='word_1_868' title='bbox 1502 2699 1551 2738; x_wconf 39' lang='grc' dir='ltr'><strong>,ὁὶ-ε</strong></span> <span class='ocrx_word' id='word_1_869' title='bbox 1568 2698 1774 2738; x_wconf 71' lang='lat' dir='ltr'><strong>increpationis.</strong></span> 
     </span>
    </p>
   </div>
   <div class='ocr_carea' id='block_1_103' title="bbox 145 2733 1443 2773">
    <p class='ocr_par' dir='ltr' id='par_1_103' title="bbox 145 2733 1443 2773">
     <span class='ocr_line' id='line_1_103' title="bbox 145 2733 1443 2773; baseline -0.003 -9"><span class='ocrx_word' id='word_1_870' title='bbox 145 2736 309 2765; x_wconf 79' lang='lat' dir='ltr'><strong>Juramenta</strong></span> <span class='ocrx_word' id='word_1_871' title='bbox 326 2745 388 2772; x_wconf 63' lang='lat' dir='ltr'><strong>qua</strong></span> <span class='ocrx_word' id='word_1_872' title='bbox 401 2733 525 2773; x_wconf 54' lang='lat' dir='ltr'><strong>simul&quot;(i.</strong></span> <span class='ocrx_word' id='word_1_873' title='bbox 542 2733 566 2773; x_wconf 67' lang='lat' dir='ltr'><strong>e.</strong></span> <span class='ocrx_word' id='word_1_874' title='bbox 581 2733 790 2771; x_wconf 62' lang='lat' dir='ltr'><strong>coniurationes)</strong></span> <span class='ocrx_word' id='word_1_875' title='bbox 806 2733 999 2773; x_wconf 65' lang='lat' dir='ltr'><strong>prophetarum</strong></span> <span class='ocrx_word' id='word_1_876' title='bbox 1016 2733 1075 2771; x_wconf 80' lang='lat' dir='ltr'><strong>ejus</strong></span> <span class='ocrx_word' id='word_1_877' title='bbox 1092 2735 1119 2762; x_wconf 90' lang='lat' dir='ltr'><strong>in</strong></span> <span class='ocrx_word' id='word_1_878' title='bbox 1136 2733 1306 2773; x_wconf 67' lang='lat' dir='ltr'><strong>medioejus.</strong></span> <span class='ocrx_word' id='word_1_879' title='bbox 1396 2733 1443 2773; x_wconf 76' lang='lat'><strong>§.,</strong></span> 
     </span>
    </p>
   </div>
   <div class='ocr_carea' id='block_1_104' title="bbox 809 2769 1305 2806">
    <p class='ocr_par' dir='ltr' id='par_1_104' title="bbox 809 2769 1305 2806">
     <span class='ocr_line' id='line_1_104' title="bbox 809 2769 1305 2806; baseline -0.006 -8"><span class='ocrx_word' id='word_1_880' title='bbox 809 2769 845 2806; x_wconf 65' lang='lat' dir='ltr'><strong>(Ir)</strong></span> <span class='ocrx_word' id='word_1_881' title='bbox 860 2770 892 2798; x_wconf 85' lang='lat' dir='ltr'><strong>Et</strong></span> <span class='ocrx_word' id='word_1_882' title='bbox 910 2771 1022 2798; x_wconf 80' lang='lat' dir='ltr'><strong>sabbata</strong></span> <span class='ocrx_word' id='word_1_883' title='bbox 1031 2769 1096 2797; x_wconf 64' lang='lat' dir='ltr'><strong>&#39;mea</strong></span> <span class='ocrx_word' id='word_1_884' title='bbox 1114 2769 1305 2806; x_wconf 67' lang='lat' dir='ltr'><strong>profanabant.</strong></span> 
     </span>
    </p>
   </div>
   <div class='ocr_carea' id='block_1_105' title="bbox 603 2806 1032 2842">
    <p class='ocr_par' dir='ltr' id='par_1_105' title="bbox 603 2806 1032 2842">
     <span class='ocr_line' id='line_1_105' title="bbox 603 2806 1032 2842; baseline 0 -10"><span class='ocrx_word' id='word_1_885' title='bbox 603 2808 650 2842; x_wconf 78' lang='lat' dir='ltr'><strong>(ni)</strong></span> <span class='ocrx_word' id='word_1_886' title='bbox 666 2807 706 2842; x_wconf 66' lang='lat'><strong>8.,</strong></span> <span class='ocrx_word' id='word_1_887' title='bbox 721 2810 916 2842; x_wconf 82' lang='lat' dir='ltr'><strong>oppresserunt</strong></span> <span class='ocrx_word' id='word_1_888' title='bbox 930 2806 1032 2840; x_wconf 75' lang='lat' dir='ltr'><strong>inique.</strong></span> 
     </span>
    </p>
   </div>
   <div class='ocr_carea' id='block_1_106' title="bbox 148 2631 731 2667">
    <p class='ocr_par' dir='ltr' id='par_1_106' title="bbox 148 2631 731 2667">
     <span class='ocr_line' id='line_1_106' title="bbox 148 2631 731 2667; baseline -0.002 -9"><span class='ocrx_word' id='word_1_889' title='bbox 148 2631 210 2663; x_wconf 81' lang='lat' dir='ltr'><strong>Th.,</strong></span> <span class='ocrx_word' id='word_1_890' title='bbox 225 2631 349 2660; x_wconf 81' lang='lat' dir='ltr'><strong>ZEMMA</strong></span> <span class='ocrx_word' id='word_1_891' title='bbox 364 2632 394 2667; x_wconf 94' lang='lat' dir='ltr'><strong>(i.</strong></span> <span class='ocrx_word' id='word_1_892' title='bbox 412 2640 437 2660; x_wconf 89' lang='lat' dir='ltr'><strong>e.</strong></span> <span class='ocrx_word' id='word_1_893' title='bbox 458 2633 538 2660; x_wconf 88' lang='lat' dir='ltr'><strong>llebr.</strong></span> <span class='ocrx_word' id='word_1_894' title='bbox 555 2631 612 2662; x_wconf 64' lang='grc' dir='ltr'><strong>ξηειτ</strong></span> <span class='ocrx_word' id='word_1_895' title='bbox 625 2631 731 2666; x_wconf 78' lang='lat' dir='ltr'><strong>scelus).</strong></span> 
     </span>
    </p>
   </div>
   <div class='ocr_carea' id='block_1_107' title="bbox 144 2668 404 2702">
    <p class='ocr_par' dir='ltr' id='par_1_107' title="bbox 144 2668 404 2702">
     <span class='ocr_line' id='line_1_107' title="bbox 144 2668 404 2702; baseline 0.008 -9"><span class='ocrx_word' id='word_1_896' title='bbox 144 2674 241 2694; x_wconf 87' lang='lat' dir='ltr'><strong>coram</strong></span> <span class='ocrx_word' id='word_1_897' title='bbox 266 2668 404 2702; x_wconf 86' lang='lat' dir='ltr'><strong>gentibus.</strong></span> 
     </span>
    </p>
   </div>
   <div class='ocr_carea' id='block_1_108' title="bbox 145 2703 423 2731">
    <p class='ocr_par' dir='ltr' id='par_1_108' title="bbox 145 2703 423 2731">
     <span class='ocr_line' id='line_1_108' title="bbox 145 2703 423 2731; baseline 0.004 -2"><span class='ocrx_word' id='word_1_898' title='bbox 145 2703 243 2729; x_wconf 72' lang='lat' dir='ltr'><strong>scoriae</strong></span> <span class='ocrx_word' id='word_1_899' title='bbox 259 2703 337 2730; x_wconf 62' lang='lat' dir='ltr'><strong>facta!</strong></span> <span class='ocrx_word' id='word_1_900' title='bbox 348 2707 423 2731; x_wconf 86' lang='lat' dir='ltr'><strong>sunt.</strong></span> 
     </span>
    </p>
   </div>
   <div class='ocr_carea' id='block_1_109' title="bbox 147 2772 770 2809">
    <p class='ocr_par' dir='ltr' id='par_1_109' title="bbox 147 2772 770 2809">
     <span class='ocr_line' id='line_1_109' title="bbox 147 2772 770 2809; baseline 0 -11"><span class='ocrx_word' id='word_1_901' title='bbox 147 2773 231 2800; x_wconf 76' lang='lat' dir='ltr'><strong>lentia</strong></span> <span class='ocrx_word' id='word_1_902' title='bbox 247 2773 334 2809; x_wconf 74' lang='lat' dir='ltr'><strong>legem</strong></span> <span class='ocrx_word' id='word_1_903' title='bbox 348 2780 446 2809; x_wconf 75' lang='lat' dir='ltr'><strong>meam.</strong></span> <span class='ocrx_word' id='word_1_904' title='bbox 485 2775 515 2808; x_wconf 86' lang='lat' dir='ltr'><strong>(i)</strong></span> <span class='ocrx_word' id='word_1_905' title='bbox 536 2772 577 2804; x_wconf 90' lang='lat' dir='ltr'><strong>S.,</strong></span> <span class='ocrx_word' id='word_1_906' title='bbox 593 2773 770 2809; x_wconf 66' lang='lat' dir='ltr'><strong>mundanum.</strong></span> 
     </span>
    </p>
   </div>
   <div class='ocr_carea' id='block_1_110' title="bbox 147 2808 563 2844">
    <p class='ocr_par' dir='ltr' id='par_1_110' title="bbox 147 2808 563 2844">
     <span class='ocr_line' id='line_1_110' title="bbox 147 2808 563 2844; baseline -0.002 -9"><span class='ocrx_word' id='word_1_907' title='bbox 147 2808 336 2836; x_wconf 78' lang='lat' dir='ltr'><strong>condimento.</strong></span> <span class='ocrx_word' id='word_1_908' title='bbox 357 2808 416 2844; x_wconf 85' lang='lat' dir='ltr'><strong>Th.,</strong></span> <span class='ocrx_word' id='word_1_909' title='bbox 439 2809 563 2837; x_wconf 84' lang='lat' dir='ltr'><strong>stultitia.</strong></span> 
     </span>
    </p>
   </div>
   <div class='ocr_carea' id='block_1_111' title="bbox 985 2258 1772 2295">
    <p class='ocr_par' dir='ltr' id='par_1_111' title="bbox 985 2258 1772 2295">
     <span class='ocr_line' id='line_1_111' title="bbox 985 2258 1772 2295; baseline -0.008 -7"><span class='ocrx_word' id='word_1_910' title='bbox 985 2265 1092 2289; x_wconf 87' lang='lat' dir='ltr'><strong>mentes</strong></span> <span class='ocrx_word' id='word_1_911' title='bbox 1106 2261 1219 2295; x_wconf 79' lang='lat' dir='ltr'><strong>injuste,</strong></span> <span class='ocrx_word' id='word_1_912' title='bbox 1231 2264 1258 2287; x_wconf 90' lang='lat' dir='ltr'><strong>et</strong></span> <span class='ocrx_word' id='word_1_913' title='bbox 1278 2259 1437 2294; x_wconf 86' lang='lat' dir='ltr'><strong>diripienles</strong></span> <span class='ocrx_word' id='word_1_914' title='bbox 1468 2258 1590 2293; x_wconf 84' lang='lat' dir='ltr'><strong>rapinas,</strong></span> <span class='ocrx_word' id='word_1_915' title='bbox 1615 2263 1732 2292; x_wconf 82' lang='lat' dir='ltr'><strong>egenum</strong></span> <span class='ocrx_word' id='word_1_916' title='bbox 1746 2261 1772 2282; x_wconf 88' lang='lat' dir='ltr'><strong>et</strong></span> 
     </span>
    </p>
   </div>
   <div class='ocr_carea' id='block_1_112' title="bbox 985 2302 1772 2342">
    <p class='ocr_par' dir='ltr' id='par_1_112' title="bbox 985 2302 1772 2342">
     <span class='ocr_line' id='line_1_112' title="bbox 985 2302 1772 2342; baseline -0.009 -7"><span class='ocrx_word' id='word_1_917' title='bbox 985 2313 1132 2342; x_wconf 81' lang='lat' dir='ltr'><strong>pauperem</strong></span> <span class='ocrx_word' id='word_1_918' title='bbox 1149 2306 1344 2340; x_wconf 80' lang='lat' dir='ltr'><strong>opprimentes,</strong></span> <span class='ocrx_word' id='word_1_919' title='bbox 1369 2309 1396 2332; x_wconf 85' lang='lat' dir='ltr'><strong>et</strong></span> <span class='ocrx_word' id='word_1_920' title='bbox 1417 2311 1481 2339; x_wconf 81' lang='lat' dir='ltr'><strong>erga</strong></span> <span class='ocrx_word' id='word_1_921' title='bbox 1502 2304 1634 2331; x_wconf 78' lang='lat' dir='ltr'><strong>advenam</strong></span> <span class='ocrx_word' id='word_1_922' title='bbox 1656 2302 1704 2338; x_wconf 90' lang='lat' dir='ltr'><strong>(m)</strong></span> <span class='ocrx_word' id='word_1_923' title='bbox 1718 2309 1772 2329; x_wconf 93' lang='lat' dir='ltr'><strong>non</strong></span> 
     </span>
    </p>
   </div>
   <div class='ocr_carea' id='block_1_113' title="bbox 985 2348 1773 2386">
    <p class='ocr_par' dir='ltr' id='par_1_113' title="bbox 985 2348 1773 2386">
     <span class='ocr_line' id='line_1_113' title="bbox 985 2348 1773 2386; baseline -0.008 -5"><span class='ocrx_word' id='word_1_924' title='bbox 985 2355 1181 2381; x_wconf 82' lang='lat' dir='ltr'><strong>conversantes</strong></span> <span class='ocrx_word' id='word_1_925' title='bbox 1197 2359 1259 2380; x_wconf 93' lang='lat' dir='ltr'><strong>cum</strong></span> <span class='ocrx_word' id='word_1_926' title='bbox 1270 2351 1385 2386; x_wconf 81' lang='lat' dir='ltr'><strong>judicio.</strong></span> <span class='ocrx_word' id='word_1_927' title='bbox 1401 2350 1446 2379; x_wconf 76' lang='lat'><strong>50.</strong></span> <span class='ocrx_word' id='word_1_928' title='bbox 1465 2350 1498 2377; x_wconf 83' lang='lat' dir='ltr'><strong>Et</strong></span> <span class='ocrx_word' id='word_1_929' title='bbox 1513 2349 1668 2385; x_wconf 64' lang='lat' dir='ltr'><strong>quaerebam</strong></span> <span class='ocrx_word' id='word_1_930' title='bbox 1685 2357 1717 2376; x_wconf 88' lang='lat' dir='ltr'><strong>ex</strong></span> <span class='ocrx_word' id='word_1_931' title='bbox 1733 2348 1773 2376; x_wconf 90' lang='lat' dir='ltr'><strong>eis</strong></span> 
     </span>
    </p>
   </div>
   <div class='ocr_carea' id='block_1_114' title="bbox 984 2395 1774 2435">
    <p class='ocr_par' dir='ltr' id='par_1_114' title="bbox 984 2395 1774 2435">
     <span class='ocr_line' id='line_1_114' title="bbox 984 2395 1774 2435; baseline -0.008 -8"><span class='ocrx_word' id='word_1_932' title='bbox 984 2400 1085 2433; x_wconf 82' lang='lat' dir='ltr'><strong>virum,</strong></span> <span class='ocrx_word' id='word_1_933' title='bbox 1102 2399 1140 2435; x_wconf 77' lang='lat' dir='ltr'><strong>(ll)</strong></span> <span class='ocrx_word' id='word_1_934' title='bbox 1157 2399 1202 2433; x_wconf 91' lang='lat' dir='ltr'><strong>qui</strong></span> <span class='ocrx_word' id='word_1_935' title='bbox 1216 2402 1423 2426; x_wconf 84' lang='lat' dir='ltr'><strong>conversarctur</strong></span> <span class='ocrx_word' id='word_1_936' title='bbox 1439 2401 1522 2429; x_wconf 87' lang='lat' dir='ltr'><strong>recte,</strong></span> <span class='ocrx_word' id='word_1_937' title='bbox 1543 2400 1569 2423; x_wconf 91' lang='lat' dir='ltr'><strong>et</strong></span> <span class='ocrx_word' id='word_1_938' title='bbox 1585 2395 1632 2430; x_wconf 90' lang='lat' dir='ltr'><strong>qui</strong></span> <span class='ocrx_word' id='word_1_939' title='bbox 1648 2399 1731 2422; x_wconf 84' lang='lat' dir='ltr'><strong>staret</strong></span> <span class='ocrx_word' id='word_1_940' title='bbox 1741 2402 1774 2421; x_wconf 75' lang='lat' dir='ltr'><strong>ex</strong></span> 
     </span>
    </p>
   </div>
   <div class='ocr_carea' id='block_1_115' title="bbox 989 2441 1772 2478">
    <p class='ocr_par' dir='ltr' id='par_1_115' title="bbox 989 2441 1772 2478">
     <span class='ocr_line' id='line_1_115' title="bbox 989 2441 1772 2478; baseline -0.006 -5"><span class='ocrx_word' id='word_1_941' title='bbox 989 2450 1046 2473; x_wconf 89' lang='lat' dir='ltr'><strong>toto</strong></span> <span class='ocrx_word' id='word_1_942' title='bbox 1062 2449 1124 2473; x_wconf 87' lang='lat' dir='ltr'><strong>ante</strong></span> <span class='ocrx_word' id='word_1_943' title='bbox 1138 2445 1236 2473; x_wconf 87' lang='lat' dir='ltr'><strong>faciem</strong></span> <span class='ocrx_word' id='word_1_944' title='bbox 1252 2452 1339 2472; x_wconf 87' lang='lat' dir='ltr'><strong>meam</strong></span> <span class='ocrx_word' id='word_1_945' title='bbox 1354 2445 1381 2471; x_wconf 87' lang='lat' dir='ltr'><strong>in</strong></span> <span class='ocrx_word' id='word_1_946' title='bbox 1401 2449 1523 2478; x_wconf 87' lang='lat' dir='ltr'><strong>tempore</strong></span> <span class='ocrx_word' id='word_1_947' title='bbox 1538 2442 1574 2478; x_wconf 88' lang='grc' dir='ltr'><strong>(ο)</strong></span> <span class='ocrx_word' id='word_1_948' title='bbox 1590 2442 1645 2474; x_wconf 72' lang='lat' dir='ltr'><strong>irae,</strong></span> <span class='ocrx_word' id='word_1_949' title='bbox 1659 2445 1689 2469; x_wconf 89' lang='lat' dir='ltr'><strong>ut</strong></span> <span class='ocrx_word' id='word_1_950' title='bbox 1704 2441 1772 2469; x_wconf 89' lang='lat' dir='ltr'><strong>nein</strong></span> 
     </span>
    </p>
   </div>
   <div class='ocr_carea' id='block_1_116' title="bbox 989 2486 1774 2522">
    <p class='ocr_par' dir='ltr' id='par_1_116' title="bbox 989 2486 1774 2522">
     <span class='ocr_line' id='line_1_116' title="bbox 989 2486 1774 2522; baseline -0.006 -3"><span class='ocrx_word' id='word_1_951' title='bbox 989 2491 1069 2519; x_wconf 82' lang='lat' dir='ltr'><strong>finem</strong></span> <span class='ocrx_word' id='word_1_952' title='bbox 1085 2491 1202 2519; x_wconf 75' lang='lat' dir='ltr'><strong>delerent</strong></span> <span class='ocrx_word' id='word_1_953' title='bbox 1222 2494 1338 2522; x_wconf 72' lang='lat' dir='ltr'><strong>eam,et</strong></span> <span class='ocrx_word' id='word_1_954' title='bbox 1364 2497 1418 2516; x_wconf 84' lang='lat' dir='ltr'><strong>non</strong></span> <span class='ocrx_word' id='word_1_955' title='bbox 1444 2488 1546 2516; x_wconf 85' lang='lat' dir='ltr'><strong>inveni.</strong></span> <span class='ocrx_word' id='word_1_956' title='bbox 1573 2488 1619 2515; x_wconf 75' lang='lat' dir='ltr'><strong>5L</strong></span> <span class='ocrx_word' id='word_1_957' title='bbox 1647 2487 1679 2515; x_wconf 86' lang='lat' dir='ltr'><strong>Et</strong></span> <span class='ocrx_word' id='word_1_958' title='bbox 1692 2486 1774 2515; x_wconf 76' lang='lat' dir='ltr'><strong>en&#39;udi</strong></span> 
     </span>
    </p>
   </div>
   <div class='ocr_carea' id='block_1_117' title="bbox 1171 2557 1776 2595">
    <p class='ocr_par' dir='ltr' id='par_1_117' title="bbox 1171 2557 1776 2595">
     <span class='ocr_line' id='line_1_117' title="bbox 1171 2557 1776 2595; baseline -0.01 -3"><span class='ocrx_word' id='word_1_959' title='bbox 1171 2559 1209 2595; x_wconf 71' lang='lat' dir='ltr'><strong>(tl)</strong></span> <span class='ocrx_word' id='word_1_960' title='bbox 1225 2558 1338 2595; x_wconf 83' lang='lat' dir='ltr'><strong>Adonai.</strong></span> <span class='ocrx_word' id='word_1_961' title='bbox 1377 2558 1414 2595; x_wconf 62' lang='grc' dir='ltr'><strong>(ι)</strong></span> <span class='ocrx_word' id='word_1_962' title='bbox 1430 2558 1511 2595; x_wconf 85' lang='lat' dir='ltr'><strong>Deus.</strong></span> <span class='ocrx_word' id='word_1_963' title='bbox 1551 2558 1589 2595; x_wconf 74' lang='grc' dir='ltr'><strong>(ᾳ)</strong></span> <span class='ocrx_word' id='word_1_964' title='bbox 1604 2557 1647 2595; x_wconf 65' lang='lat'><strong>8.,</strong></span> <span class='ocrx_word' id='word_1_965' title='bbox 1666 2557 1776 2595; x_wconf 82' lang='lat' dir='ltr'><strong>signum</strong></span> 
     </span>
    </p>
   </div>
   <div class='ocr_carea' id='block_1_118' title="bbox 1426 2594 1774 2629">
    <p class='ocr_par' dir='ltr' id='par_1_118' title="bbox 1426 2594 1774 2629">
     <span class='ocr_line' id='line_1_118' title="bbox 1426 2594 1774 2629; baseline -0.003 -9"><span class='ocrx_word' id='word_1_966' title='bbox 1426 2594 1463 2629; x_wconf 69' lang='grc' dir='ltr'><strong>(ὁ)</strong></span> <span class='ocrx_word' id='word_1_967' title='bbox 1479 2595 1522 2626; x_wconf 89' lang='lat' dir='ltr'><strong>S.,</strong></span> <span class='ocrx_word' id='word_1_968' title='bbox 1545 2594 1774 2621; x_wconf 82' lang='lat' dir='ltr'><strong>abominationes.</strong></span> 
     </span>
    </p>
   </div>
   <div class='ocr_carea' id='block_1_119' title="bbox 1424 2629 1776 2664">
    <p class='ocr_par' dir='ltr' id='par_1_119' title="bbox 1424 2629 1776 2664">
     <span class='ocr_line' id='line_1_119' title="bbox 1424 2629 1776 2664; baseline -0.003 -8"><span class='ocrx_word' id='word_1_969' title='bbox 1424 2629 1464 2664; x_wconf 78' lang='grc'><strong>(1)</strong></span> <span class='ocrx_word' id='word_1_970' title='bbox 1482 2629 1523 2664; x_wconf 77' lang='lat' dir='ltr'><strong>S.,</strong></span> <span class='ocrx_word' id='word_1_971' title='bbox 1545 2633 1572 2656; x_wconf 87' lang='lat' dir='ltr'><strong>ct</strong></span> <span class='ocrx_word' id='word_1_972' title='bbox 1601 2636 1718 2664; x_wconf 77' lang='lat' dir='ltr'><strong>pnngam</strong></span> <span class='ocrx_word' id='word_1_973' title='bbox 1747 2632 1776 2655; x_wconf 80' lang='lat' dir='ltr'><strong>te</strong></span> 
     </span>
    </p>
   </div>
   <div class='ocr_carea' id='block_1_120' title="bbox 1141 2662 1775 2699">
    <p class='ocr_par' dir='ltr' id='par_1_120' title="bbox 1141 2662 1775 2699">
     <span class='ocr_line' id='line_1_120' title="bbox 1141 2662 1775 2699; baseline -0.002 -8"><span class='ocrx_word' id='word_1_974' title='bbox 1141 2665 1175 2699; x_wconf 74' lang='grc' dir='ltr'><strong>(Ω</strong></span> <span class='ocrx_word' id='word_1_975' title='bbox 1190 2662 1232 2697; x_wconf 74' lang='grc'><strong>3.,</strong></span> <span class='ocrx_word' id='word_1_976' title='bbox 1248 2663 1388 2699; x_wconf 89' lang='lat' dir='ltr'><strong>permistio</strong></span> <span class='ocrx_word' id='word_1_977' title='bbox 1408 2662 1487 2691; x_wconf 85' lang='lat' dir='ltr'><strong>tetra.</strong></span> <span class='ocrx_word' id='word_1_978' title='bbox 1503 2662 1564 2696; x_wconf 87' lang='grc' dir='ltr'><strong>ΤΙι.,</strong></span> <span class='ocrx_word' id='word_1_979' title='bbox 1586 2664 1612 2691; x_wconf 92' lang='lat' dir='ltr'><strong>in</strong></span> <span class='ocrx_word' id='word_1_980' title='bbox 1629 2662 1775 2699; x_wconf 67' lang='lat' dir='ltr'><strong>argentum</strong></span> 
     </span>
    </p>
   </div>
   <div class='ocr_carea' id='block_1_121' title="bbox 1462 2733 1775 2767">
    <p class='ocr_par' dir='ltr' id='par_1_121' title="bbox 1462 2733 1775 2767">
     <span class='ocr_line' id='line_1_121' title="bbox 1462 2733 1775 2767; baseline 0.006 -9"><span class='ocrx_word' id='word_1_981' title='bbox 1462 2734 1508 2767; x_wconf 90' lang='lat' dir='ltr'><strong>qui</strong></span> <span class='ocrx_word' id='word_1_982' title='bbox 1523 2733 1660 2761; x_wconf 85' lang='lat' dir='ltr'><strong>ducebant</strong></span> <span class='ocrx_word' id='word_1_983' title='bbox 1674 2734 1701 2760; x_wconf 92' lang='lat' dir='ltr'><strong>in</strong></span> <span class='ocrx_word' id='word_1_984' title='bbox 1717 2733 1775 2761; x_wconf 64' lang='lat' dir='ltr'><strong>vioc</strong></span> 
     </span>
    </p>
   </div>
   <div class='ocr_carea' id='block_1_122' title="bbox 1345 2767 1775 2803">
    <p class='ocr_par' dir='ltr' id='par_1_122' title="bbox 1345 2767 1775 2803">
     <span class='ocr_line' id='line_1_122' title="bbox 1345 2767 1775 2803; baseline 0 -8"><span class='ocrx_word' id='word_1_985' title='bbox 1345 2767 1376 2803; x_wconf 80' lang='grc' dir='ltr'><strong>(ι)</strong></span> <span class='ocrx_word' id='word_1_986' title='bbox 1393 2767 1434 2799; x_wconf 89' lang='lat' dir='ltr'><strong>S.,</strong></span> <span class='ocrx_word' id='word_1_987' title='bbox 1452 2768 1499 2802; x_wconf 88' lang='lat' dir='ltr'><strong>qui</strong></span> <span class='ocrx_word' id='word_1_988' title='bbox 1516 2768 1705 2803; x_wconf 79' lang='lat' dir='ltr'><strong>liuiebanteos</strong></span> <span class='ocrx_word' id='word_1_989' title='bbox 1720 2775 1775 2795; x_wconf 84' lang='lat' dir='ltr'><strong>non</strong></span> 
     </span>
    </p>
   </div>
   <div class='ocr_carea' id='block_1_123' title="bbox 1073 2802 1702 2841">
    <p class='ocr_par' dir='ltr' id='par_1_123' title="bbox 1073 2802 1702 2841">
     <span class='ocr_line' id='line_1_123' title="bbox 1073 2802 1702 2841; baseline -0.003 -10"><span class='ocrx_word' id='word_1_990' title='bbox 1073 2802 1167 2841; x_wconf 56' lang='lat' dir='ltr'><strong>(n)&#39;S.,</strong></span> <span class='ocrx_word' id='word_1_991' title='bbox 1183 2805 1230 2840; x_wconf 85' lang='lat' dir='ltr'><strong>qui</strong></span> <span class='ocrx_word' id='word_1_992' title='bbox 1243 2802 1389 2832; x_wconf 78' lang='lat' dir='ltr'><strong>aedificaret</strong></span> <span class='ocrx_word' id='word_1_993' title='bbox 1403 2811 1506 2839; x_wconf 83' lang='lat' dir='ltr'><strong>sepem.</strong></span> <span class='ocrx_word' id='word_1_994' title='bbox 1547 2804 1583 2838; x_wconf 83' lang='grc' dir='ltr'><strong>(ο)</strong></span> <span class='ocrx_word' id='word_1_995' title='bbox 1602 2802 1702 2831; x_wconf 69' lang='lat' dir='ltr'><strong>Tct‘l‘ar.</strong></span> 
     </span>
    </p>
   </div>
  </div>
