1959 3079
200 158 271 186 1735

757 151 871 181 (ZODEX
891 148 1286 177 SililACOJlEXAPLARlS.

1766 147 1836 175 27ξῦ

201 225 285 252 super
300 224 360 245 eam
374 215 493 244 furorem
511 222 601 243 meum
619 213 645 240 in
668 214 729 248 igne
743 212 792 239 ira:
800 218 867 238 meae
882 210 914 239 ad
924 216 989 236 conv
1005 210 1027 238 Δ
1042 207 1086 236 ἓο.
1104 208 1144 244 (d)
1170 213 1197 236 et
1217 213 1242 235 te
1270 207 1420 243 apposuisti
1446 212 1507 242 post
1539 207 1691 240 Chaldaeos,
1718 214 1836 241 quorum

204 264 395 292 nnmmandum
412 265 446 298 ὴ(
465 271 513 291 eos
530 262 541 296 ζ
554 272 560 289 :
575 262 631 289 vias
643 267 738 288 eorum
753 258 780 286 in
795 257 884 293 capita
897 263 991 283 eorum

204 311 276 343 dedi,
297 310 364 338 dicit
382 309 515 337 Dominus
535 307 677 335 Dominus.

240 356 316 384 CAP.
334 355 492 383 XXlll.—l.
508 354 540 381 Et
550 353 651 381 factum
664 355 706 380 est
718 350 829 379 verbum
841 348 945 376 Domini
958 346 993 374 ad

205 410 258 431 me.
275 402 388 429 dicens:
414 399 442 426 2.
457 399 506 427 Fili
523 398 652 429 hominis,
683 396 744 424 dum
772 394 901 422 mulieres
915 396 994 420 erant

206 447 268 474 ﬁlia:
283 447 376 474 matris
396 446 478 472 unius
489 465 496 477 ,
509 445 534 471 '5.
554 449 580 471 ct
593 443 733 470 fornicata:
743 445 805 469 sunt
822 440 849 467 in
864 438 992 474 Egypto,

205 491 231 518 in
249 490 432 518 adolescentia
453 497 502 516 sua
517 490 550 522 >ξ<
566 488 705 515 Iornioatre
731 491 796 514 sunt
812 486 824 520 ζ
838 495 844 512 :
858 485 894 512 ibi
923 484 995 510 ccci—

204 537 303 564 derunt
319 536 402 564 ubera
415 543 523 566 earum,
535 534 572 570 (ρ)
591 538 618 561 et
630 534 666 561 ibi
682 532 857 567 devirginatre
872 535 995 558 suntnu-

203 583 287 610 trices
303 581 489 617 virginitatum
508 588 613 608 earum.
631 580 658 606 4.
674 578 790 606 Nomina
802 581 891 604 autem
899 583 994 603 earum

204 628 292 657 Ohola
309 628 413 660 senior,
431 631 459 655 et
475 626 591 654 Olioliba
601 633 681 653 soror
697 625 767 660 ejus.
784 623 818 650 Et
832 622 910 650 factae
930 625 995 650 sunt

205 673 283 706 mihi,
299 677 327 700 et
341 676 504 707 pepererunt
522 671 602 703 ﬁlios,
623 675 650 697 et
667 670 735 696 ﬁlias
752 677 758 695 :
780 672 807 695 et
823 667 935 694 nomina
949 674 995 694 c21-

205 724 278 748 rum,
295 716 418 744 Samaria
439 715 535 746 Ohola,
551 719 577 741 ct
587 714 738 742 Jerusalem
767 712 892 740 Olioliba.
920 712 946 739 5.
963 710 996 737 Et

206 761 340 790 fornicata
355 765 397 788 est
421 760 507 788 Obola
533 768 548 788 a
580 767 634 793 me,
658 760 695 795 (ᾳ)
712 763 738 786 et
752 766 781 786 se
795 758 922 793 apposuit
935 760 995 791 post

207 811 344 834 amatores
357 814 432 838 suos,
450 811 511 841 post
525 805 653 840 Assyrios
666 804 770 832 vicinos
784 804 808 831 ei
819 823 826 836 ,
841 803 867 829 6.
883 801 996 829 indutos

207 852 402 888 hyacinthinis,
432 851 578 886 principes,
597 855 624 878 et
651 850 754 877 duces:
773 849 888 884 juvenes
905 848 993 880 electi,

207 905 304 924 omnes
318 897 423 932 equites
445 897 601 931 equitantcs
626 903 709 930 super
728 895 816 930 equis.
832 894 859 920 7.
874 894 907 920 Et
921 893 995 920 dedit

208 943 414 970 fornicationem
444 950 521 970 suam
540 949 622 976 super
637 949 702 968 eos:
722 940 800 968 electi
813 940 858 966 lilii
871 939 997 974 Assyrio-

208 996 267 1016 rum
282 997 388 1021 omnes,
407 993 433 1016 ει
448 996 530 1023 super
546 995 652 1020 omnes,
683 994 767 1022 super
783 994 852 1021 quos
865 994 895 1013 se
909 986 996 1020 impo-

208 1035 281 1062 suit:
298 1034 324 1062 in
343 1034 471 1062 omnibus
486 1033 698 1068 cogitationibus
722 1032 757 1067 (ι’)
784 1039 880 1060 eorum
892 1032 996 1066 polluta

209 1081 278 1108 facta
293 1084 344 1107 est.
361 1080 386 1108 8.
405 1080 438 1107 Et
451 1078 658 1107 fornicationem
674 1086 751 1106 suam
765 1086 798 1106 cx
811 1077 930 1114 Egypto
943 1085 996 1105 non

208 1126 332 1161 reliquit;
349 1126 414 1161 quia
429 1134 491 1154 cum
503 1126 562 1160 ipsa
576 1124 750 1153 dormiebant
766 1124 793 1151 in
808 1124 996 1152 adolescentia

207 1174 278 1209 ejus,
293 1177 320 1200 ct
333 1173 385 1208 ipsi
399 1173 602 1208 devirginarunt
620 1172 655 1208 (ε)
685 1180 757 1204 eam,
775 1175 803 1199 et
823 1170 998 1198 eﬁunderunt

209 1220 416 1247 fornicationem
433 1227 510 1247 suam
526 1227 607 1254 super
622 1226 694 1246 eam.
710 1219 735 1246 9.
750 1218 863 1252 Propter
878 1217 930 1245 hoc
942 1222 998 1245 tra-

208 1265 263 1292 didi
282 1273 342 1292 cam
361 1264 388 1292 in
404 1272 503 1292 manus
521 1269 674 1291 amatorum
687 1264 756 1299 ejus,
773 1264 800 1290 in
815 1270 913 1291 manus
929 1262 1000 1291 ﬁlio-

210 1319 270 1339 rum
289 1311 476 1347 Assyriorum,
491 1318 573 1346 super
587 1317 645 1343 eos,
659 1315 720 1345 post
738 1317 808 1345 quos
819 1317 847 1337 se
862 1309 997 1344 apposuit.

211 1356 313 1385 10.1in
329 1362 486 1385 retexerunt
502 1357 533 1392 (ι)
550 1356 673 1391 pudenda
693 1356 763 1390 ejus,
785 1355 866 1388 ﬁlios,
884 1360 912 1382 et
932 1355 1000 1382 lilias

209 1403 269 1437 ejus
286 1407 455 1435 sumserunt,
468 1407 496 1430 et
509 1410 569 1429 eam
598 1403 624 1429 in
653 1402 744 1437 gladio
771 1402 948 1429 occiderunt:
974 1405 1001 1428 et

210 1449 281 1476 facta
296 1453 338 1476 est
353 1455 445 1476 sermo
458 1447 484 1475 in
499 1448 639 1480 mulieres,
656 1451 683 1475 et
698 1447 829 1474 ultionem
854 1446 892 1482 (ιι)
909 1447 959 1474 feci
973 1447 998 1473 in

209 1500 241 1519 ca
258 1500 288 1521 +
304 1493 330 1519 in
347 1493 417 1521 filias
432 1493 492 1528 ejus
504 1493 527 1527 ζ.
545 1493 587 1521 ιι.
603 1493 637 1520 Ει
646 1492 999 1527 vitlitsororejusOltoliba,

209 1544 236 1567 et
246 1539 580 1574 corrupitimpositiouem
594 1548 672 1568 suam
685 1540 837 1574 plusquam
846 1547 888 1572 ea,
904 1544 929 1566 et
947 1538 1001 1566 lor—

210 1587 373 1614 nicalionem
390 1594 466 1614 suam
481 1587 542 1622 plus
559 1594 640 1621 quam
653 1586 798 1614 fornicatio
810 1586 913 1613 sororis
929 1593 996 1613 sure.

209 1633 252 1660 1'2.
271 1632 335 1660 Post
352 1632 422 1661 ﬁlios
431 1632 610 1668 Assyriorum
626 1640 656 1660 se
666 1632 803 1667 apposuit,
815 1632 962 1667 principes,
972 1635 998 1658 et

209 1678 293 1706 duces
310 1679 415 1706 vicinos
428 1679 465 1711 ei,
482 1678 592 1705 indutos
613 1677 652 1712 (π)
676 1678 871 1713 hyacintliinis,
892 1677 998 1712 equites

209 1724 363 1758 equitantes
375 1731 457 1758 super
468 1731 572 1759 equos:
593 1722 778 1751 adolescentes
797 1723 876 1751 electi
891 1730 998 1750 onmes.

211 1770 254 1797 15.
275 1769 308 1796 Ει
319 1770 384 1802 vidi,
400 1770 474 1804 quod
498 1769 608 1804 pollutae
634 1773 736 1801 essent,
771 1769 814 1797 via
836 1777 889 1804 una
910 1769 1001 1796 amba-

212 1824 272 1844 rum
287 1824 293 1842 :
308 1816 350 1844 Μ.
366 1821 393 1844 et
406 1816 506 1851 adjecit
517 1817 550 1844 ad
565 1816 772 1844 fornicationem
788 1824 878 1850 suam,
893 1820 920 1844 et
934 1816 1002 1844 vidit

212 1863 285 1892 viros
298 1862 421 1897 depictos
436 1870 516 1897 super
531 1863 645 1898 pariete,
663 1862 796 1898 imagines
810 1863 1001 1890 Chaldaeorum

212 1908 334 1943 depictos
352 1908 389 1943 (y)
402 1908 428 1934 in
442 1908 523 1943 stylo,
544 1908 588 1935 15.
606 1908 744 1936 accinctos
761 1908 908 1943 varicgatis
921 1915 1003 1943 super

214 1954 321 1982 lumbos
338 1961 414 1987 suos,
430 1953 467 1989 (ι)
484 1957 511 1981 et
528 1954 592 1989 pilei
608 1954 685 1981 tincti
698 1962 781 1989 super
801 1954 937 1989 capitibus
956 1962 1003 1982 co-

212 2007 284 2032 rum,
303 2000 341 2035 (rt)
354 1999 438 2027 facies
455 1999 549 2034 triplex
562 1999 700 2031 omnium,
717 1999 866 2027 similitudo
886 2000 1003 2027 ﬁliorum

214 2043 369 2079 Babylonis,
384 2048 462 2070 terra:
474 2043 674 2076 Chaldaeorum,
693 2044 811 2079 regionis
831 2044 901 2079 ejus.
913 2044 955 2072 16.
971 2044 1005 2072 Et

212 2097 242 2117 se
255 2089 347 2124 posuit
365 2094 427 2124 post
441 2097 488 2117 eos
504 2090 530 2117 iu
548 2089 679 2125 adspectu
704 2091 847 2118 oculorum
869 2097 1002 2118 suorum:

213 2139 239 2162 et
252 2135 325 2162 misit
333 2135 442 2163 nuntios
453 2135 486 2162 ad
496 2143 543 2163 eos
555 2135 581 2162 in
591 2139 692 2163 terram
702 2135 905 2163 Chaldaeorum.
917 2136 961 2163 17.
972 2136 1006 2163 Et

180 2214 183 2216 η
213 2185 345 2207 venerunt
361 2180 395 2208 ad
411 2187 471 2207 eam
499 2179 547 2207 tllii
564 2180 723 2216 Babylonis,
742 2180 775 2207 ad
792 2180 883 2208 cubile
913 2180 1005 2208 diver-

1045 253 1116 281 sicut
1131 254 1270 282 asinorum
1286 261 1383 281 carnes
1397 260 1492 281 eorum
1505 274 1513 286 ,
1529 257 1556 281 et
1569 253 1686 281 verenda
1702 260 1836 288 equorum

1045 299 1161 327 verenda
1176 307 1271 327 eorum
1286 309 1293 326 :
1306 299 1352 326 ει.
1362 294 1398 326 ἐι
1412 299 1528 327 visitasti
1545 299 1579 334 (e)
1596 299 1754 334 iniquitates
1774 299 1840 325 ado-

1045 345 1180 374 lcsccntite
1193 349 1258 379 tute,
1272 354 1334 382 quae
1349 346 1469 373 faciebas
1485 346 1511 373 in
1524 344 1641 381 Egypto
1653 345 1686 380 (1)
1705 345 1732 372 in
1748 345 1836 372 diver-

1045 392 1119 420 sorio
1139 397 1197 424 tuo.
1214 393 1260 420 ubi
1277 392 1361 420 ubera
1384 392 1575 419 adolescentia:
1592 397 1642 418 tuae
1667 391 1838 419 ceciderunt.

1045 438 1090 465 22.
1106 437 1222 473 Propter
1239 438 1292 466 hoc
1304 437 1430 469 Olioliba,
1448 438 1505 464 haec
1517 437 1584 464 dicit
1599 437 1733 464 Dominus
1747 436 1839 464 Domi-

1046 491 1118 511 nus:
1147 483 1216 512 Ecce
1241 492 1291 517 ego
1303 483 1407 510 suscito
1429 487 1565 510 amatores
1594 489 1656 510 tuos
1674 489 1757 517 super
1773 486 1810 515 te,
1823 490 1839 508 a

1045 530 1146 565 quibus
1162 530 1276 557 recessit
1290 530 1381 557 anima
1397 534 1442 557 tua
1455 530 1489 557 ab
1507 530 1548 557 eis
1568 538 1575 555 :
1598 534 1625 556 et
1643 528 1778 556 adducam
1792 536 1842 556 eos

1046 584 1129 612 super
1142 581 1167 604 te
1182 577 1312 610 undique,
1330 577 1374 604 25.
1407 577 1478 604 filios
1503 576 1660 612 Babylonis,
1689 579 1716 603 et
1743 582 1840 603 omnes

1046 622 1199 656 Chaldaeos,
1224 622 1307 655 Phul,
1335 627 1362 650 et
1384 622 1451 655 Sud,
1470 627 1496 650 et
1522 622 1588 655 Coa,
1612 626 1639 649 et
1657 629 1755 649 omnes
1770 621 1842 648 ﬁlios

1045 669 1219 704 Assyriorum
1235 677 1296 697 cum
1310 670 1360 701 eis,
1373 669 1487 704 juvenes
1499 668 1611 701 electos,
1623 669 1719 698 duces.
1729 672 1756 695 et
1773 675 1842 701 prae-

1047 713 1143 747 fectos,
1160 721 1257 741 omnes
1285 714 1405 747 triarios,
1433 718 1461 741 et
1489 714 1656 745 nominatos,
1684 712 1842 747 equitantcs

1047 767 1128 795 super
1141 760 1220 794 equis
1234 767 1340 787 omnes.
1353 759 1398 786 24.
1416 759 1532 787 Venient
1546 766 1628 793 super
1641 763 1667 785 te
1681 758 1716 784 ab
1734 757 1842 791 aquilo-

1047 813 1091 838 ne,
1104 813 1213 838 currus,
1227 810 1255 832 et
1270 810 1337 832 rotae
1348 813 1411 833 cum
1425 805 1600 832 multitudine
1625 803 1802 839 populorum,
1816 807 1844 829 et

1047 851 1145 886 clypei,
1160 851 1250 886 peltas:
1268 855 1296 878 et
1311 851 1400 878 mittet
1415 851 1565 878 custodiam
1581 857 1663 885 super
1683 854 1708 876 te
1723 849 1844 876 circum-

1048 898 1132 924 circa.
1152 897 1197 925 25.
1212 898 1246 925 Ει
1258 897 1328 925 dabo
1346 902 1408 924 ante
1426 897 1524 924 faciem
1543 903 1639 924 eorum
1653 895 1801 931 judicium,
1815 899 1844 921 ct

1048 943 1214 971 ulciscentur
1231 948 1257 971 te
1273 944 1299 971 in
1312 943 1502 978 jndiciissuis:
1518 947 1546 970 et
1562 943 1632 970 dabo
1645 942 1733 969 zelum
1749 948 1843 968 meum

1049 990 1077 1016 in
1091 995 1127 1022 te,
1144 994 1172 1017 et
1187 989 1288 1018 facient
1305 994 1393 1017 tecum
1411 989 1437 1016 in
1450 989 1490 1016 ira
1499 989 1612 1017 furoiis.
1630 987 1732 1015 Nasum
1750 991 1844 1017 tuum,

1048 1041 1074 1063 et
1092 1043 1172 1063 aures
1189 1040 1250 1063 tuas
1265 1035 1402 1068 auferent,
1428 1039 1455 1062 ct
1482 1035 1606 1062 residuos
1631 1038 1692 1061 tuos
1705 1033 1733 1060 in
1749 1032 1846 1068 gladio

1049 1081 1180 1116 dejicient
1193 1091 1199 1108 :
1213 1082 1257 1109 isti
1277 1081 1347 1109 ﬁlios
1364 1088 1440 1114 tuos;
1454 1085 1481 1108 ct
1506 1081 1576 1108 ﬁlias
1593 1085 1654 1108 tuas
1679 1079 1799 1114 capient,
1819 1083 1846 1105 et

1049 1126 1174 1154 residuos
1191 1130 1253 1154 tuos
1272 1125 1310 1162 (g)
1326 1126 1469 1154 devorabit
1486 1125 1555 1161 ignis
1570 1135 1576 1152 :
1590 1125 1635 1152 26.
1659 1129 1687 1152 et
1703 1129 1806 1152 exuent
1820 1129 1847 1151 to

1049 1173 1171 1201 vestibus
1188 1173 1253 1207 tuis,
1269 1179 1296 1201 et
1307 1173 1416 1208 capient
1436 1180 1502 1200 vasa
1523 1172 1694 1208 gloriationis
1717 1176 1781 1198 tua}.
1797 1171 1845 1198 27.

1049 1219 1089 1254 (Ii)
1098 1219 1132 1246 Et
1147 1223 1267 1247 avertam
1278 1219 1433 1254 impietates
1446 1223 1506 1245 tuas
1518 1225 1532 1245 a
1548 1222 1583 1250 te,
1593 1222 1619 1245 et
1631 1217 1846 1244 fornicationem

1049 1269 1125 1291 tuam
1137 1264 1168 1300 (ἰ)
1186 1264 1220 1292 de
1235 1268 1307 1292 terra
1319 1263 1449 1300 Egypli:
1473 1268 1500 1292 et
1523 1271 1576 1291 non
1604 1263 1724 1291 elevabis
1748 1263 1848 1291 oculos

1049 1314 1115 1338 tuos
1130 1318 1213 1346 super
1229 1318 1288 1344 eos,
1314 1315 1341 1338 et
1364 1310 1473 1345 Aigypti
1495 1317 1550 1338 non
1579 1309 1769 1338 recordaberis
1786 1317 1847 1337 am-

1051 1356 1133 1392 plius.
1147 1356 1192 1383 28.
1206 1354 1275 1389 Quia
1297 1356 1353 1383 haec
1364 1356 1430 1383 dicit
1444 1354 1575 1383 Dominus
1599 1355 1750 1382 Dominus:
1776 1354 1849 1383 Ecce

1051 1408 1103 1437 ego
1117 1401 1195 1428 trado
1210 1401 1274 1428 tein
1288 1408 1385 1428 manus
1412 1408 1520 1432 eorum,
1540 1407 1610 1435 quos
1641 1400 1705 1427 odio
1722 1400 1820 1433 habes,
1833 1407 1847 1427 a

1050 1447 1154 1482 quibus
1171 1448 1283 1475 recessit
1298 1447 1389 1474 anima
1406 1451 1496 1474 vestra
1511 1447 1545 1474 ab
1557 1447 1607 1474 eis.
1622 1446 1666 1474 29.
1694 1446 1727 1474 Et
1745 1446 1849 1474 facient

1052 1491 1079 1517 in
1094 1495 1120 1518 te
1132 1491 1158 1517 in
1171 1491 1245 1524 odio,
1262 1495 1288 1518 et
1301 1496 1410 1519 sument
1434 1498 1530 1519 omnes
1548 1491 1656 1519 labores
1683 1496 1756 1523 tuos,
1772 1498 1806 1519 -ι-
1822 1495 1849 1518 ct

1053 1536 1194 1564 molestias
1210 1541 1270 1565 tuas
1285 1537 1296 1570 ε
1311 1558 1318 1570 ,
1332 1541 1359 1564 et
1370 1537 1426 1564 eris
1440 1537 1523 1569 nuda,
1541 1541 1568 1564 et
1581 1537 1738 1571 ignominiae
1751 1537 1844 1572 plena,

1051 1587 1079 1610 et
1092 1582 1255 1611 revelabitur
1268 1583 1416 1617 ignominia
1430 1582 1619 1611 fornicationis
1636 1583 1745 1618 tuae,(k)
1755 1588 1784 1611 et
1799 1585 1849 1611 im-

1048 1629 1158 1664 pietatis
1169 1628 1436 1657 tuze:etfornicatio
1456 1634 1513 1656 tua.
1541 1629 1585 1656 50.
1616 1629 1681 1657 fecit
1702 1629 1760 1657 llaec
1786 1630 1847 1663 tibi,

1049 1682 1112 1702 cum
1137 1678 1256 1701 scortata
1272 1681 1301 1701 es
1325 1678 1387 1708 post
1407 1678 1509 1708 gentes,
1525 1677 1553 1700 et
1566 1673 1668 1708 polluta
1689 1681 1719 1701 es
1730 1674 1758 1701 in
1773 1674 1850 1710 cogi-

1050 1720 1200 1748 tationibus
1213 1727 1317 1747 earum.
1337 1720 1381 1747 51.
1400 1719 1430 1746 ln
1444 1720 1486 1746 via
1502 1720 1607 1748 sororis
1621 1724 1673 1747 tua:
1685 1720 1847 1752 ambulasti.

1051 1771 1078 1794 et
1092 1766 1164 1794 dabo
1178 1766 1290 1794 calicem
1305 1766 1364 1800 ejus
1380 1766 1407 1793 in
1422 1774 1522 1794 manus
1538 1770 1612 1794 tuas.
1631 1767 1676 1794 52.
1700 1766 1764 1795 Haec
1785 1768 1849 1795 dicit

1051 1812 1185 1840 Dominus
1197 1811 1349 1840 Dominus:
1367 1812 1485 1840 Calicem
1514 1813 1617 1840 sororis
1645 1817 1698 1840 tua:
1714 1813 1804 1846 bibes,
1817 1813 1847 1848 (Ι)

1052 1858 1228 1893 profundum,
1244 1863 1271 1886 et
1298 1858 1394 1890 latum,
1412 1860 1446 1893 Χ
1459 1863 1486 1886 et
1506 1859 1558 1886 erit
1583 1858 1610 1885 in
1630 1859 1764 1890 derisum,
1777 1863 1806 1886 et
1820 1859 1846 1885 in

1053 1903 1203 1931 ludibrium
1221 1904 1244 1938 ζ,
1262 1903 1447 1930 abundantem
1466 1902 1500 1930 ad
1509 1903 1702 1937 complendum
1730 1904 1848 1931 ebrietao

1054 1954 1119 1982 tem,
1130 1950 1174 1976 33.
1184 1953 1212 1976 et
1222 1949 1403 1977 dissolutione
1415 1949 1561 1984 repleberis
1571 1957 1578 1975 :
1589 1949 1701 1976 calicem
1712 1950 1848 1983 Kcorru-

1055 1997 1197 2032 ptionis,et
1207 1997 1217 2031 ζ
1228 1996 1315 2028 exitii,
1324 1996 1435 2024 calicem
1444 1997 1547 2024 sororis
1555 2001 1608 2023 tua:
1617 1996 1814 2029 Samariam“.
1821 2002 1847 2025 et

1055 2042 1132 2069 bibes
1143 2049 1217 2075 eum,
1229 2042 1262 2076 Ἀ(
1273 2041 1443 2076 etexprimes
1453 2050 1515 2070 eum
1534 2043 1557 2077 ε,
1573 2042 1620 2077 (ηι)
1633 2048 1661 2069 et
1672 2041 1846 2075 festivitates,

1055 2091 1082 2114 et
1091 2087 1229 2114 noviluuia
1237 2087 1299 2121 ejus
1310 2090 1443 2120 avertam;
1453 2087 1516 2121 quia
1526 2094 1576 2122 ego
1587 2087 1695 2114 locutus
1705 2087 1847 2120 sum,dicit

1056 2133 1162 2161 Adonai
1174 2132 1313 2160 Dominus.
1326 2133 1371 2161 55.
1387 2132 1501 2167 Propter
1517 2133 1569 2160 hoc
1585 2133 1643 2161 haec
1658 2133 1726 2161 dicit
1738 2132 1844 2160 Adonei

1058 2178 1205 2206 Dominus:
1217 2176 1272 2205 Pro
1279 2184 1312 2205 eo
1321 2177 1393 2212 quod
1406 2177 1490 2204 oblita
1503 2184 1533 2204 es
1543 2177 1606 2210 mei,
1622 2177 1796 2212 etprojecisti
1806 2183 1846 2204 me

214 2226 338 2257 tentium,
351 2230 376 2253 et
390 2225 546 2260 polluebant
561 2233 625 2253 cam
642 2226 669 2253 in
683 2225 866 2254 fornicatione
883 2226 954 2261 ejus,
965 2225 1002 2262 (b)
1018 2235 1041 2264 ι)
1058 2229 1120 2259 past
1135 2231 1234 2258 corpus
1249 2228 1334 2257 tuum,
1348 2229 1376 2251 et
1389 2227 1419 2250 tu
1431 2223 1469 2258 (ιι)
1483 2223 1749 2258 accipeimpietatcm
1759 2228 1844 2254 tuam,

214 2277 239 2299 et
255 2271 356 2307 polluta
373 2275 415 2298 est
428 2272 454 2299 in
470 2271 520 2303 eis.
537 2275 564 2299 et
586 2271 700 2299 recessit
713 2272 804 2299 anima
817 2272 879 2307 ejus
889 2273 924 2299 ab
938 2272 1000 2299 illis.

216 2318 256 2345 l8.
275 2317 308 2344 Et
321 2318 419 2345 retexit
432 2317 637 2346 fornicationem
650 2325 740 2350 suam,
761 2322 788 2346 et
802 2318 902 2346 retexit
917 2318 1003 2353 pudo.

214 2371 281 2392 rem.
300 2363 334 2391 Et
350 2364 463 2391 recessit
477 2363 568 2390 anima
583 2370 643 2391 mea
658 2363 693 2390 ab
708 2371 752 2396 ea,
769 2364 1001 2399 quemadmodum

213 2410 327 2447 recessit
337 2409 429 2437 anima
446 2417 507 2437 mea
524 2417 539 2436 a
552 2416 645 2437 sorore
663 2409 733 2444 ejus.
751 2409 795 2437 l9.
817 2410 850 2437 Et
869 2410 1003 2445 multipli—

214 2457 282 2484 casti
298 2456 503 2484 fornicationem
520 2460 605 2488 tuam,
626 2455 662 2490 (c)
678 2455 711 2482 ad
729 2455 929 2483 recordandutn
943 2455 1002 2483 dies

216 2501 404 2529 adolescentia:
417 2506 481 2535 tute,
495 2501 523 2528 in
537 2501 636 2536 quibus
646 2500 777 2528 fornicata
785 2507 814 2528 es
825 2500 853 2527 in
866 2499 984 2536 [Egypto
997 2510 1003 2528 :

252 2555 292 2595 (pl
308 2556 349 2588 8.,
367 2561 394 2584 et
408 2556 444 2584 ibi
460 2557 647 2595 adoleverunt.
687 2556 728 2595 (q)_
745 2555 786 2589 S.,
799 2561 829 2595 et
841 2564 871 2595 se
881 2557 986 2595 effudit.
1012 2556 1154 2595 i(r)ﬂEjus.

1056 2275 1084 2299 et
1103 2270 1312 2298 fornicationem
1339 2275 1426 2298 tuam.
1457 2269 1500 2297 36.
1528 2269 1562 2296 Et
1580 2269 1648 2296 dixit
1668 2269 1804 2296 Dominus
1814 2269 1844 2296 ad

1057 2309 1121 2345 me:
1137 2316 1188 2344 Fili
1201 2316 1330 2348 hominis,
1343 2316 1380 2351 (ο)
1397 2316 1420 2343 si
1431 2315 1569 2350 judicabis
1583 2315 1699 2343 Oholam
1716 2321 1745 2343 ct
1757 2316 1846 2343 oholi-

1058 2361 1132 2393 bam,
1153 2365 1182 2388 et
1211 2360 1385 2388 annnntiabis
1410 2360 1451 2388 eis
1475 2360 1635 2395 iniquitates
1662 2368 1781 2393 earum;
1803 2360 1844 2386 57.

1058 2406 1123 2442 quia
1139 2405 1361 2439 mmcliabantur,
1378 2411 1405 2434 et
1418 2406 1531 2441 sanguis
1549 2406 1576 2433 in
1597 2406 1726 2434 manibus
1743 2415 1844 2439 earum,

1057 2453 1094 2489 (ρ)
1110 2457 1137 2481 ct
1161 2451 1336 2488 cogitationes
1362 2459 1456 2479 earum
1487 2451 1704 2484 mtechabantur,
1731 2457 1759 2479 et
1780 2451 1845 2479 ﬁlios

1058 2507 1136 2532 suos,
1154 2506 1224 2534 quos
1237 2503 1401 2534 pepererunt
1409 2498 1487 2530 mihi,
1498 2497 1678 2526 traducebaut
1687 2506 1735 2533 per
1747 2499 1843 2534 ignem,

1200 2554 1234 2590 (ε)
1250 2554 1293 2587 8.,
1314 2555 1376 2588 Th.,
1389 2555 1512 2589 virgines
1524 2555 1594 2590 ejus.
1654 2555 1842 2590 (1)Pudorcm.

217 2589 416 2627 (u)’lfecerunt.
455 2592 493 2626 (π)
513 2591 555 2624 S.,
585 2589 756 2626 compositis.
795 2592 833 2627 (ῃ)
851 2591 893 2625 8.,
921 2592 949 2619 in
978 2601 998 2621 Ct

1050 2589 1127 2620 "ibus.
1169 2590 1206 2625 (ι)
1219 2589 1259 2624 8.,
1286 2591 1419 2627 velamen.
1443 2589 1510 2627 Th“
1527 2589 1554 2617 et
1575 2589 1681 2627 cidares
1697 2590 1840 2627 inclinatae.

217 2627 255 2684 Sa)
277 2626 318 2659 S.,
350 2627 496 2661 adspectus
514 2631 653 2654 ternorum
672 2626 817 2655 statorum.

227 2661 256 2684 di
273 2662 314 2684 Ην.
332 2666 358 2684 el
371 2665 396 2684 lo.
406 2661 563 2684 elﬁlndnhns
577 2662 608 2684 ml
623 2669 704 2684 nnpm
721 2670 815 2684 ent-nm

219 2684 226 2695 ι

217 2732 315 2758 faciam
338 2732 568 2759 abominationcm
594 2735 667 2759 tuam
687 2740 702 2758 a
718 2736 753 2760 te.

883 2627 919 2662 (ὁ)
940 2627 982 2660 8.,
999 2634 1026 2656 et
1041 2629 1168 2661 decerpta
1186 2631 1237 2653 est.

227 2661 256 2693 ά)
273 2662 314 2693 8.,
332 2666 358 2688 et
371 2665 396 2688 te
406 2661 563 2689 elfundebas
577 2662 609 2688 ad
623 2669 705 2696 opera
721 2670 827 2689 eortnn.
844 2661 947 2694 Th.,'ct
965 2663 1110 2691 subsiliisti
1128 2668 1211 2696 super
1225 2661 1327 2696 electos
1342 2668 1449 2688 corum.

219 2697 251 2731 (ί)
268 2696 310 2728 8.,
325 2698 552 2732 quandocumque
561 2697 728 2724 adoleverint
740 2697 773 2724 de
788 2697 905 2732 Egypto
926 2699 1049 2726 nutrices
1063 2703 1126 2725 tute.

1303 2626 1337 2661 (c)
1353 2625 1394 2658 8.,
1412 2633 1461 2660 per
1485 2625 1512 2652 id
1542 2626 1615 2661 quod
1639 2627 1782 2653 recordata
1796 2625 1841 2652 sis.

1489 2660 1523 2695 (ε)
1535 2660 1579 2693 8.,
1598 2661 1841 2688 abominationem.

1177 2696 1214 2731 (g)
1234 2695 1404 2723 Consument
1420 2696 1446 2723 in
1464 2696 1536 2731 igne.
1575 2697 1614 2731 (Il)
1629 2695 1674 2728 S.,
1692 2701 1721 2723 ct
1735 2702 1842 2723 cessare

793 2730 878 2768 (ifSI,
895 2740 966 2766 eam,
982 2741 1044 2769 quae
1055 2733 1088 2760 de
1099 2730 1194 2769 terrai
1225 2731 1261 2766 (k)
1276 2730 1316 2769 S_.,
1331 2735 1358 2758 et
1378 2730 1546 2758 abominatio
1573 2735 1630 2764 tua,
1643 2735 1675 2769 et
1702 2730 1842 2769 fornicatio

219 2771 264 2803 Lua
276 2775 286 2803 7:
300 2772 381 2794 erunt
400 2768 457 2794 haec
473 2767 531 2793 tibi.
572 2766 601 2803 (ι)
619 2766 660 2799 8.,
675 2765 821 2802 profunda,
833 2772 860 2795 et
872 2765 1005 2803 spatiosa,
1024 2769 1080 2796 eris
1098 2767 1126 2794 in
1142 2765 1239 2798 risum,
1252 2765 1282 2793 'ct
1293 2767 1319 2803 in
1333 2774 1499 2803 sermonem,
1515 2773 1575 2801 qua!
1591 2765 1694 2803 multos
1705 2766 1838 2803 contines.

220 2800 366 2835 Ebrietate,
382 2806 410 2829 et
426 2809 480 2828 non
507 2802 647 2829 curatione
663 2800 820 2836 repleberis.

220 2836 304 2871 labis;
334 2837 398 2872 quia
427 2843 479 2871 ego
507 2836 614 2864 locutus
630 2844 700 2864 sntn.

219 2879 268 2899 sua
287 2873 505 2902 machabantur.

876 2800 922 2838 (in)
938 2802 981 2836 S.,
1001 2808 1028 2831 et
1047 2807 1132 2831 testas
1145 2802 1204 2836 ejus
1224 2802 1361 2834 comedas,
1374 2802 1446 2838 sicut
1457 2800 1531 2835 ossa,
1545 2805 1572 2829 et
1588 2802 1672 2838 ubera
1698 2806 1751 2838 tua
1769 2800 1841 2838 dapis

754 2838 792 2873 (η)
809 2837 850 2871 8.,
869 2842 946 2873 porta
966 2839 1196 2867 abominationem
1209 2841 1301 2875 tuam.

1349 2837 1387 2872 (ο)
1401 2836 1506 2868 Nonne.
1563 2836 1600 2873 (Ρ)
1615 2835 1657 2874 8.,
1676 2841 1703 2866 et
1719 2836 1753 2865 ad
1774 2836 1842 2864 idola
