1959 3079
193 121 264 150 2727

720 121 835 149 CODEX
856 119 1253 149 SYltlACO-HEXAPLARIS.

1747 117 1816 146 27.3.8

192 179 220 207 in
240 177 372 214 iniustitia
392 183 482 207 vestra
500 180 531 216 (i)
556 180 593 216 (ι)
617 185 644 208 et
667 179 876 209 consolabimini
892 187 978 206 unus—
994 179 1015 208 A
1030 177 1176 206 ldumaaam
1194 179 1222 206 in
1239 186 1322 208 manu
1339 178 1431 214 populi
1454 177 1506 205 mei
1519 177 1627 205 lsraelis
1645 187 1651 204 :
1669 182 1697 204 et
1716 177 1816 205 facient

191 224 311 259 quisque
331 223 441 251 fratrem
463 232 556 252 suum.
579 225 624 251 24.
646 224 679 251 Et
697 224 748 252 erit
762 222 883 251 llezeciel
903 221 979 249 vobis

192 271 219 297 in
236 274 392 305 portentum
404 280 411 298 :
424 271 572 298 secundum
586 271 758 305 omnia,qu;e
771 269 844 300 fecit,
862 268 978 300 facietis,

192 324 255 343 cum
281 317 405 344 venerint
433 317 499 349 hate,
525 321 552 344 et
570 317 751 351 eognosretis,
778 317 907 351 quoniam
929 322 980 351 ego

194 362 298 389 Adonai
314 362 458 390 Dominus.
475 362 520 389 25.
537 362 571 389 Et
583 366 622 395 tu,
641 362 678 389 ﬁli
694 362 826 396 hominis,
843 369 935 389 nonne
951 362 979 389 in

193 406 247 438 die,
270 408 379 443 quando
401 415 525 435 sumsere
549 408 676 442 roburx
691 415 786 435 eorum
805 409 815 442 ζ
832 408 865 435 ab
881 408 931 440 eis,
953 412 981 436 et

193 453 337 479 elationem
362 453 532 488 gloriationis
546 460 652 485 eorum,
674 453 865 481 desiderabilia
887 453 980 480 oculo-

193 505 253 524 rum
285 506 392 530 eorum,
418 502 447 526 et
474 499 619 526 elationem
646 499 742 526 anima:
769 506 876 530 eorum,
908 499 979 527 ﬁlios

192 549 299 574 eorum,
323 548 349 569 et
372 543 442 571 ﬁlias
460 550 567 576 eorum,
581 544 627 571 26.
645 544 671 571 in
691 544 735 571 die
752 543 800 572 illo
815 544 914 577 veniet,
932 545 979 580 qui

193 588 284 615 salvus
298 588 386 617 factus
400 589 492 621 fuerit,
516 590 549 617 ad
573 594 609 623 te,
636 594 666 618 ut
690 590 764 618 dicat
778 590 825 618 tibi
846 591 873 617 in
899 598 980 619 aures

191 634 273 660 tuas?
287 633 332 661 27.
348 634 377 661 In
392 635 436 662 die
448 635 495 663 illo
508 635 644 670 aperietur
658 644 690 664 os
705 641 780 664 tuum
798 637 832 665 ad
844 644 916 670 eum,
932 637 980 672 qui

193 679 285 707 salvus
305 679 394 709 factus
410 680 501 715 fuerit,
525 685 552 709 et
577 681 709 718 loqueris,
736 690 786 711 nec
808 682 981 711 obmutesees

193 725 319 760 amplius,
346 732 373 754 et
386 727 442 755 eris
465 728 506 756 eis
525 729 552 756 in
575 733 741 764 portentum,
758 734 786 758 et
803 734 978 766 cognoscent,

193 771 321 806 quoniam
339 781 389 808 ego
409 773 550 802 Dominus.

228 815 304 845 CAP.
321 817 483 846 XXY.——l.
495 818 582 855 Snper
594 820 665 848 ﬁlios
680 820 808 848 Ammon.
831 820 864 848 Et
877 820 978 848 factum

1031 225 1060 252 in
1082 224 1199 252 ldnmaza
1223 225 1300 260 juxta
1329 225 1398 252 iram
1423 232 1523 257 meatu,
1545 228 1572 252 et
1592 223 1671 258 juxta
1695 223 1815 250 furorem

1029 278 1131 303 meum,
1147 275 1174 298 et
1187 275 1354 307 cognoscent
1366 271 1498 298 ultionem
1513 278 1613 303 meam,
1626 269 1694 297 dicit
1713 269 1817 296 Adonai

1029 315 1173 344 Dominus.
1196 316 1240 343 15.
1257 316 1345 350 Super
1361 315 1538 352 alienigenas.
1553 315 1667 350 Propter
1686 316 1742 343 hoc
1761 315 1818 343 haec

1029 360 1096 388 dicit
1115 361 1221 389 Adonai
1234 361 1366 389 Dominus
1383 370 1390 388 :
1405 360 1459 388 Pro
1478 368 1511 388 eo
1524 361 1597 395 quod
1610 360 1732 388 fecerunt
1749 359 1817 387 alie-

1029 406 1135 441 nigena:
1145 406 1171 433 in
1185 407 1298 440 ultione,
1311 411 1339 434 et
1349 406 1504 434 excitarunt
1514 406 1655 438 ultionem,
1668 405 1819 440 gaudentes

1029 460 1060 480 ex
1077 453 1180 486 anima,
1207 453 1243 488 (ο)
1270 457 1301 480 ut
1322 452 1443 480 delerent
1457 459 1544 487 usque
1557 451 1584 478 in
1600 456 1751 484 atomum;
1775 450 1816 477 l6.

1029 503 1137 534 propter
1151 499 1203 527 hoc
1216 499 1274 526 haec
1290 498 1357 526 dicit
1371 498 1477 526 Adonai
1501 497 1634 525 Dominus
1651 506 1658 524 :
1677 495 1748 524 Ecce
1769 504 1819 531 ego

1029 544 1146 572 extendo
1162 552 1274 572 manum
1287 551 1377 572 meatu
1401 550 1483 578 super
1505 543 1683 577 alienigenas,
1701 546 1729 569 ct
1750 548 1819 575 pes-

1030 590 1155 617 sundabo
1171 589 1210 625 (p)
1227 589 1381 622 Cretenses,
1393 593 1421 616 et
1437 589 1547 624 perdam
1563 587 1727 622 reliquos+
1739 586 1818 614 babi-

1031 639 1118 663 tantes
1133 635 1145 670 ζ
1159 642 1242 670 super
1263 643 1313 663 ora
1340 635 1457 662 marina.
1477 634 1521 661 l7.
1544 633 1577 661 Et
1595 633 1694 661 faciam
1722 633 1750 660 in
1780 632 1821 660 eis

1031 681 1148 709 ultiones
1163 688 1277 716 magnas
1287 680 1357 715 Xin
1373 679 1611 714 redargutionibos
1627 678 1729 706 furoris
1743 679 1755 712 ζ
1771 698 1779 711 ,
1794 683 1821 704 et

1031 731 1204 763 cognoscent,
1219 727 1282 762 quia
1297 734 1347 762 ego
1359 726 1466 754 Adonai
1479 725 1621 757 Dominus,
1638 731 1700 752 cum
1718 723 1822 752 dedero

1031 773 1162 801 ultionem
1179 780 1268 800 meam
1282 780 1364 808 super
1374 779 1432 800 eos.

1065 819 1142 847 CAP.
1167 817 1342 846 XXVl.—l.
1365 817 1454 854 Super
1473 817 1586 853 Tyrum,
1609 817 1643 844 Et
1659 815 1761 843 factum
1779 820 1823 843 est

194 865 235 888 est
247 863 359 891 verbum
384 863 493 892 Domini
514 865 548 892 ad
571 873 625 900 me,
645 867 739 894 dicens
757 876 763 894 :
778 866 806 893 2.
825 866 876 894 Fili
891 867 979 894 homi-
994 852 1015 880 Β
1030 865 1058 893 in
1073 872 1146 893 anno
1160 865 1315 897 undecimo,
1332 872 1385 891 uno
1400 852 1513 896 mensis,
1538 862 1640 890 factum
1653 866 1694 890 est
1706 862 1822 889 verbum

194 907 248 939 nis,
263 908 376 937 obﬁrma
392 909 488 938 faciem
511 915 584 939 tuam
601 919 683 947 super
704 912 775 941 ﬁlios
797 913 925 946 Ammon,
953 917 980 940 et

193 952 326 985 propheta
348 962 431 989 super
450 962 515 988 eos,
545 955 571 983 5.
600 960 627 984 et
650 957 725 985 dices
746 957 810 985 ﬁliis
837 959 953 986 Ammon
971 967 978 986 :

192 996 292 1024 Audite
311 998 424 1027 verbum
441 1001 546 1029 Adonai
561 1001 668 1030 Domini
685 1012 692 1030 :
711 1003 769 1031 haec
789 1004 855 1033 dicit
873 1005 978 1032 Adonai

193 1041 325 1071 Dominus
339 1045 385 1079 (l):
403 1045 455 1073 Pro
470 1054 503 1074 eo
514 1048 587 1082 quod
602 1048 688 1082 gavisi
703 1050 770 1077 estis
784 1057 866 1085 super
879 1051 978 1079 Sancta

191 1095 263 1122 mea,
279 1090 351 1124 quod
369 1091 511 1126 profanata
537 1098 612 1126 sunt,
629 1099 656 1121 et
677 1102 759 1130 super
774 1100 874 1124 terram
889 1097 979 1126 Israe-

192 1134 238 1167 lis,
248 1136 321 1170 quod
333 1136 454 1165 desolata
469 1143 521 1171 est,
539 1144 566 1166 et
582 1148 665 1176 super
679 1141 788 1168 domum
804 1141 890 1174 Judm,
906 1144 979 1178 quod

191 1180 318 1209 abierunt
339 1182 364 1210 in
385 1185 556 1219 captivitate;
581 1186 608 1213 4.
630 1193 741 1222 propter
766 1187 818 1215 hoc
842 1196 905 1216 ecce
929 1197 979 1224 ego

193 1228 271 1255 trado
284 1236 333 1256 vos
350 1230 401 1264 (γη)
419 1231 481 1260 ﬁliis
497 1232 598 1260 Cedcm
617 1234 644 1260 in
665 1234 861 1270 beereditatem,
888 1241 914 1264 et
930 1245 979 1265 ca—

193 1275 430 1304 strametabuntur
443 1277 470 1304 in
488 1279 657 1313 supellectile
674 1288 724 1308 sua
742 1280 770 1308 in
782 1285 818 1314 te,
833 1286 860 1310 et
876 1283 980 1311 dabunt

192 1319 220 1346 in
238 1325 264 1347 te
288 1321 404 1350 tentoria
429 1330 478 1350 sua
496 1332 503 1351 :
521 1324 566 1351 isti
586 1326 729 1355 comedent
744 1327 852 1356 fructus
866 1333 937 1363 tuos,
953 1336 979 1358 et

192 1365 238 1392 isti
254 1365 346 1394 bibent
358 1367 465 1403 adipem
479 1374 564 1397 tuam.
579 1370 606 1397 5.
624 1370 656 1399 Et
672 1372 742 1400 dabo
756 1373 850 1401 urbem
861 1375 977 1403 Ammon

192 1411 218 1438 in
233 1420 364 1447 pascuum
375 1415 554 1448 camelorum,
566 1417 669 1445 ctﬁlios
684 1418 800 1446 Ammon
811 1420 837 1446 in
846 1428 977 1455 pascuum

191 1458 296 1491 ovium,
317 1464 344 1486 et
360 1461 541 1495 cognoscetis,
561 1462 625 1497 quia
649 1471 699 1498 ego
713 1463 817 1492 Adonai
834 1465 977 1493 Dominus.

190 1503 218 1531 6.
235 1503 303 1537 Quia
320 1505 378 1532 haec
401 1505 466 1533 dicit
488 1506 593 1534 Adonai
609 1507 740 1536 Dominus
757 1519 764 1536 :
780 1509 833 1537 Pro
856 1518 889 1538 oo
905 1512 977 1546 quod

1031 1507 1057 1534 7.
1087 1506 1156 1540 Quia
1186 1507 1244 1533 hinc
1265 1505 1331 1532 dicit
1361 1504 1464 1531 Adonai
1495 1503 1625 1530 Dominus
1649 1511 1656 1529 :

191 1550 316 1584 plausisti
333 1559 415 1578 manu
428 1557 483 1586 tua,
499 1557 526 1580 et
542 1554 682 1588 strepuiin
698 1554 766 1589 pede
777 1560 834 1587 tuo,
850 1560 876 1583 et
887 1557 979 1591 gavisa

191 1603 222 1623 es
239 1603 271 1623 ex
284 1597 377 1624 anima
390 1601 436 1625 tua
452 1605 535 1633 super
552 1604 652 1626 terram
667 1599 776 1629 lsraelis
790 1610 797 1635 ;
822 1601 847 1628 7.
867 1608 979 1638 propter

190 1641 242 1669 hoc
253 1643 359 1676 )(ecee
374 1650 423 1678 ego
438 1644 448 1677 ζ
462 1645 605 1672 extendam
621 1653 731 1673 manum
745 1654 831 1675 meam
847 1656 929 1683 super
942 1654 977 1682 te,

189 1689 217 1713 et
235 1685 307 1714 dabo
322 1691 348 1714 te
362 1687 389 1714 in
404 1688 583 1722 direptionem
606 1690 631 1716 in
646 1691 783 1725 gentibus,
798 1696 825 1719 et
838 1692 933 1720 delebo
954 1698 980 1721 te

190 1741 223 1760 ex
240 1734 361 1768 populis,
378 1740 405 1761 et
421 1735 532 1770 perdam
553 1739 580 1762 te
603 1743 619 1764 e
641 1737 799 1771 regionibus
815 1739 978 1773 perditione,

190 1784 219 1806 et
236 1780 418 1812 cognoscetis,
441 1781 505 1815 quia
521 1788 570 1816 ego
593 1781 736 1810 Dominus.
753 1783 780 1810 8.
800 1782 887 1818 Super
902 1784 979 1812 Moab

190 1826 219 1849 et
239 1822 310 1849 Seir.
330 1821 392 1850 llaec
406 1823 472 1851 dicit
489 1824 591 1852 Adonai
610 1825 740 1854 Dominus
757 1834 764 1852 :
780 1826 834 1855 Pro
851 1836 884 1855 co
905 1830 979 1863 quod

190 1867 260 1894 dixit
288 1866 378 1900 Moab,
402 1869 436 1903 >π<
458 1873 484 1896 et
506 1868 566 1896 Seir
582 1869 616 1904 ξε
642 1870 723 1905 Ecce,
750 1873 978 1907 quemadmodum

190 1919 287 1939 omnes
300 1917 403 1947 gentes,
417 1914 514 1941 domus
524 1922 555 1942 -ε-
567 1914 674 1943 lsraclis
691 1921 718 1944 et
730 1916 814 1946 Judze.
831 1918 857 1945 9.
868 1918 979 1955 Propter

191 1957 243 1985 hoc
259 1965 321 1986 ecce
338 1966 387 1993 ego
401 1959 522 1987 dissolvo
546 1961 690 1989 humerum
710 1962 788 1991 Moab
807 1972 840 1991 ex
865 1965 978 1994 urbibus

188 2010 374 2032 extremarum
401 2005 575 2034 altitudinum
610 2007 680 2043 ejus,
714 2013 814 2037 terram
845 2010 976 2045 electam,

189 2051 301 2078 domum
325 2051 391 2079 Belli
417 2053 542 2081 Asimuth
568 2062 651 2089 super
679 2054 783 2083 fontem
803 2057 890 2089 urbis,
918 2066 979 2093 qua:

188 2097 260 2132 apud
275 2106 350 2125 mare
366 2107 371 2125 :
387 2098 430 2126 l0.
453 2099 522 2127 ﬁlios
542 2099 641 2128 Cedem
667 2108 750 2136 super
766 2102 836 2131 ﬁlios
860 2103 977 2132 Ammon

188 2143 250 2171 dedi
276 2144 300 2171 ei
321 2144 360 2180 (η)
384 2145 411 2172 in
434 2145 630 2179 ltaereditatem,
660 2152 690 2174 ut
710 2155 762 2174 non
790 2149 921 2177 memoria
942 2150 978 2178 sit

187 2190 306 2217 ﬁliorum
325 2189 442 2218 Ammon
456 2191 524 2226 )Kin
539 2193 666 2227 gentibus
681 2193 694 2228 ζ
711 2212 718 2220 .
734 2194 778 2221 ll.
797 2194 830 2222 Et
848 2195 874 2222 in
896 2196 976 2224 Moab

187 2236 287 2264 faciam
309 2235 450 2268 ultionem,
468 2243 493 2265 et
510 2243 686 2273 cognoscent,
704 2240 832 2274 quoniam
855 2249 905 2276 ego
922 2241 975 2268 Do-

186 2282 289 2310 minus.
306 2282 349 2309 l2.
365 2282 452 2317 Super
464 2282 620 2311 Idumaeam.
636 2283 698 2312 llaec
713 2285 779 2312 dicit
799 2286 903 2313 Adonai
923 2286 976 2314 Do—

186 2329 278 2356 minus
294 2337 301 2355 :
318 2327 371 2356 Pro
394 2336 428 2356 eo
449 2329 522 2364 quod
546 2330 610 2357 fecit
626 2330 756 2363 ldumaea,
775 2339 838 2359 cum
858 2332 974 2360 ulcisce-

184 2379 282 2402 rentur
305 2375 408 2402 ultione
429 2375 460 2402 in
478 2375 589 2402 domum
618 2375 713 2410 ludat,
738 2382 766 2405 et
787 2378 976 2406 custodierunt

184 2420 454 2453 excandescentiam,
467 2427 494 2448 et
507 2422 557 2448 ulti
573 2426 637 2449 sunt
652 2423 774 2456 ultione;
798 2424 842 2452 l5.
865 2429 975 2459 propter

185 2466 238 2493 hoe
256 2467 313 2494 hzec
329 2467 394 2495 dicit
406 2467 515 2495 Adonai
531 2467 664 2497 Dominus
678 2478 684 2496 :
698 2468 731 2496 Et
751 2470 894 2498 extendam
917 2479 976 2498 rna-

185 2519 251 2538 nnm
265 2519 354 2539 meam
371 2520 452 2548 super
475 2513 632 2548 ldummam,
653 2519 680 2542 et
701 2515 872 2550 pessundabo
893 2515 926 2544 de
946 2523 976 2544 ea

185 2556 325 2583 hominem
344 2561 372 2585 et
383 2557 554 2593 jumentum,
574 2565 602 2587 et
618 2567 716 2595 ponam
732 2569 792 2589 eam
811 2561 946 2590 desertam
967 2572 974 2590 :

184 2606 211 2628 ct
228 2609 260 2629 ex
280 2601 409 2631 Tltmman
431 2608 460 2632 et
484 2605 575 2633 Dadan
603 2607 823 2642 persecutionem
843 2609 976 2643 patientes

184 2647 211 2675 in
232 2648 322 2683 gladio
336 2650 444 2678 cadent.
460 2651 502 2678 14.
516 2651 549 2680 Et
565 2652 636 2681 dabo
649 2653 778 2682 ultionem
793 2662 881 2683 meam
895 2663 977 2690 super

205 2751 252 2791 _(i_)
263 2750 319 2779 Nec
330 2751 400 2791 (haec
419 2759 472 2780 vox
495 2753 528 2780 ad
554 2759 647 2791 notam
663 2756 788 2791 proxime

1032 911 1138 940 Domini
1162 912 1195 938 ad
1219 919 1273 944 me,
1297 911 1392 938 dicens
1409 919 1415 937 :
1430 909 1458 936 2.
1483 908 1535 936 Fili
1559 908 1679 936 ltominis
1694 917 1700 936 :
1717 915 1767 944 pro
1789 915 1822 934 eo

1030 959 1103 993 quod
1119 959 1187 986 dixit
1201 957 1289 993 Tyrus
1306 965 1387 992 Super
1397 956 1547 984 Jerusalem
1567 965 1574 983 :
1591 955 1644 986 Ah,
1661 955 1740 986 bene,
1754 961 1824 981 con-

1030 1006 1117 1034 fracta
1128 1010 1180 1038 est,
1195 1005 1285 1041 periit,
1302 1010 1397 1040 gentes
1410 1010 1550 1032 conversa:
1561 1007 1625 1029 sunt
1641 1001 1673 1029 ad
1688 1008 1743 1033 tne,
1760 1008 1824 1035 quae

1030 1052 1119 1086 plena.
1133 1051 1241 1079 deserta
1253 1055 1292 1078 est
1305 1059 1312 1083 ;
1329 1051 1356 1077 5.
1371 1055 1481 1084 propter
1495 1049 1547 1076 hoc
1562 1048 1619 1075 baac
1633 1047 1699 1075 dicit
1713 1047 1822 1073 Adonai

1030 1099 1164 1127 Dominus
1179 1108 1184 1125 :
1202 1099 1236 1132 >θ<
1250 1096 1319 1125 Ecce
1332 1103 1383 1131 ego
1398 1096 1410 1130 ζ
1426 1103 1509 1130 super
1528 1100 1564 1127 te,
1580 1094 1661 1130 Tyre,
1681 1099 1709 1122 et
1722 1102 1824 1121 ascen-

1029 1145 1093 1173 dere
1112 1144 1209 1172 faciam
1224 1151 1306 1178 super
1324 1147 1349 1169 te
1369 1146 1463 1178 gentes
1482 1141 1592 1173 multas,
1610 1140 1682 1168 sicut
1696 1139 1824 1167 ascendit

1030 1196 1105 1216 mare
1119 1189 1146 1216 in
1160 1188 1288 1216 ﬂuctibus
1301 1186 1369 1214 suis.
1389 1187 1416 1214 4.
1438 1185 1471 1213 Et
1490 1185 1618 1220 dcjicient
1634 1192 1730 1212 muros
1745 1183 1824 1219 Tyri,

1029 1239 1056 1262 et
1070 1234 1198 1269 dejicicnt
1214 1237 1303 1260 turres
1319 1236 1380 1259 tuas
1396 1240 1402 1258 :
1420 1235 1447 1258 et
1458 1230 1596 1257 ventilabo
1608 1228 1748 1263 pulverem
1761 1227 1824 1262 ejus

1029 1280 1063 1308 de
1079 1288 1122 1313 ea,
1142 1284 1169 1308 et
1181 1279 1252 1307 dabo
1265 1285 1325 1306 eam
1343 1278 1370 1305 in
1384 1280 1491 1312 petram
1510 1275 1614 1302 latvem.
1632 1274 1658 1302 5.
1684 1272 1826 1308 Expansio

1031 1327 1128 1354 retium
1148 1326 1201 1353 erit
1215 1326 1241 1352 in
1253 1324 1344 1352 medio
1362 1323 1461 1355 maris;
1483 1322 1548 1357 quia
1561 1328 1613 1356 ego
1623 1321 1732 1348 locutus
1748 1326 1822 1350 sum,

1029 1371 1095 1399 dicit
1116 1370 1249 1398 Dominus
1277 1368 1410 1396 Dominus
1431 1376 1437 1395 :
1455 1371 1482 1394 et
1504 1367 1557 1394 erit
1586 1366 1614 1393 in
1639 1364 1822 1399 direptionem

1029 1417 1154 1452 gentibus
1171 1425 1177 1443 :
1194 1415 1219 1443 6.
1235 1416 1268 1449 )i(
1280 1419 1306 1442 et
1319 1415 1381 1441 ﬁliae
1396 1413 1456 1448 ejus
1478 1413 1520 1440 ha:
1542 1413 1566 1447 ζ,
1593 1419 1654 1446 qua:
1668 1411 1693 1438 in
1710 1417 1822 1444 eampo,

1029 1463 1119 1498 gladio
1143 1462 1310 1492 occident-tr,
1344 1465 1370 1487 et
1391 1459 1495 1491 scient,
1521 1458 1585 1494 quia
1605 1465 1655 1493 ego
1677 1456 1822 1483 Dominus.

1680 1509 1745 1529 ecce
1772 1509 1824 1535 ego

1031 1552 1136 1580 adduco
1158 1559 1240 1586 super
1261 1555 1296 1583 te,
1317 1550 1397 1586 Tyre,
1411 1549 1710 1577 Nalmcbodonosorem
1730 1555 1822 1582 regem

1031 1597 1178 1633 Babylonis
1194 1597 1229 1624 ab
1244 1596 1381 1632 aquilone,
1398 1603 1444 1622 rex
1466 1603 1558 1630 regum
1579 1598 1629 1626 est,
1644 1601 1707 1621 eum
1731 1593 1821 1628 cquis,

1031 1648 1058 1671 et
1077 1642 1215 1675 curribus,
1231 1646 1260 1669 et
1277 1641 1426 1676 equitibus,
1447 1644 1474 1667 et
1497 1643 1568 1667 coetu
1585 1639 1706 1674 gentium
1721 1639 1822 1664 multa-

1031 1696 1093 1716 rum
1107 1688 1227 1716 +va|de
1244 1688 1268 1723 ζ,
1291 1687 1318 1714 8.
1346 1686 1396 1714 Hic
1413 1686 1484 1713 tilias
1497 1690 1568 1718 tuas,
1586 1693 1648 1720 quae
1663 1685 1690 1712 in
1712 1691 1821 1719 campo,

1031 1735 1121 1770 gladio
1137 1734 1253 1767 occidet,
1269 1737 1296 1761 et
1312 1732 1387 1760 dabit
1409 1739 1491 1767 super
1513 1735 1540 1758 te
1552 1738 1583 1759 -t—
1596 1731 1726 1759 excubias
1741 1731 1751 1765 ζ
1767 1750 1774 1762 ,
1795 1736 1824 1757 et

1030 1780 1175 1808 aedilieabit
1191 1780 1262 1807 circa
1289 1784 1325 1812 te,
1343 1783 1370 1806 et
1392 1778 1474 1805 faciet
1498 1785 1581 1812 super
1607 1781 1633 1804 te
1651 1777 1678 1804 in
1703 1776 1820 1804 circuitu

1031 1826 1144 1860 fossam,
1173 1832 1200 1854 et
1222 1824 1427 1853 tumultuariam
1449 1824 1593 1851 stationem
1615 1830 1768 1855 armorum,
1795 1827 1822 1849 et

1030 1872 1140 1899 lanceas
1155 1879 1219 1898 suas
1233 1875 1328 1898 contra
1341 1876 1366 1898 te
1379 1871 1463 1898 dabit.
1479 1870 1505 1897 9.
1525 1868 1618 1897 Muros
1632 1873 1703 1902 tuos,
1720 1874 1747 1896 et
1763 1873 1821 1895 tur-

1031 1926 1074 1945 res
1091 1921 1152 1944 tuas
1174 1917 1264 1944 diruet
1278 1916 1303 1943 in
1327 1916 1424 1951 gladiis
1447 1916 1514 1943 suis.
1533 1913 1576 1942 10.
1602 1915 1625 1942 A
1647 1914 1822 1942 multitudine

1031 1970 1164 1997 equorum
1197 1962 1257 1997 ejus
1283 1961 1386 1996 operict
1412 1966 1436 1988 te
1458 1961 1548 1995 pulvis
1578 1968 1672 1988 eorum
1691 1967 1729 1987 :a
1755 1967 1822 1986 voce

1030 2009 1152 2044 equitum
1167 2007 1238 2043 ejus,
1259 2012 1285 2034 et
1297 2012 1420 2035 rotarum
1439 2014 1570 2034 curruum
1583 2006 1643 2041 cjus
1657 2005 1820 2033 concutien-

1031 2060 1075 2082 lur
1100 2055 1172 2082 muri
1198 2054 1236 2082 tui
1252 2063 1258 2082 :
1275 2062 1337 2081 cum
1361 2054 1512 2088 ingreditur
1537 2058 1629 2088 portas
1654 2056 1727 2082 tuas,
1748 2051 1821 2079 sicut

1031 2101 1187 2137 ingrediens
1213 2101 1241 2128 in
1264 2101 1360 2128 urbem
1386 2108 1420 2128 ex
1448 2107 1554 2134 campo.
1585 2098 1629 2126 11.
1655 2098 1684 2125 in
1710 2097 1822 2133 ungulis

1029 2155 1163 2185 equorum
1178 2155 1290 2175 suorqu
1307 2146 1612 2174 conculcabuntomncs
1621 2145 1726 2180 plateae
1742 2149 1819 2171 tuas:

994 2183 1017 2211 D
1029 2183 1160 2229 populum
1178 2199 1253 2220 tuum
1269 2193 1359 2229 gladio
1378 2192 1483 2220 occidet
1499 2201 1506 2219 :
1520 2197 1547 2218 et
1566 2191 1749 2219 substantiam
1765 2190 1823 2217 for—

1029 2240 1155 2267 titudinis
1179 2244 1231 2266 tute
1249 2246 1332 2274 super
1349 2242 1447 2266 terram
1466 2237 1590 2265 deducet.
1612 2236 1656 2264 12.
1674 2235 1708 2263 Et
1722 2236 1823 2271 depor-

1029 2286 1097 2313 tabit
1113 2285 1262 2320 potentiam
1280 2290 1365 2317 luam,
1383 2289 1410 2312 et
1426 2284 1553 2319 spoliabit
1568 2291 1629 2318 qum
1642 2282 1777 2318 possides,
1795 2287 1822 2309 et

1025 2332 1111 2367 jacict
1122 2332 1249 2359 deorsum
1266 2338 1359 2357 muros
1376 2335 1436 2357 tuos
1451 2339 1458 2356 :
1474 2334 1502 2357 et
1520 2331 1617 2357 domos
1636 2333 1698 2356 tuas
1715 2329 1821 2356 deside-

1028 2378 1138 2410 rabiles,
1161 2381 1188 2404 et
1204 2376 1307 2411 lapides
1321 2380 1392 2408 tuos,
1409 2380 1436 2402 et
1454 2375 1525 2410 ligna
1547 2379 1604 2406 tua,
1628 2379 1654 2402 et
1679 2374 1820 2409 pulverem

1031 2428 1106 2452 tuum
1134 2424 1162 2451 in
1189 2423 1308 2450 medium
1331 2421 1416 2449 maris
1438 2421 1551 2456 injiciet.
1572 2420 1615 2447 15.
1642 2420 1676 2447 Ει
1699 2420 1822 2447 destruet

1031 2469 1234 2498 multitudinem
1257 2469 1503 2496 instrumentorum
1520 2467 1632 2494 musica:
1650 2471 1712 2496 tuae,
1727 2469 1756 2492 et
1769 2473 1821 2492 vox

1029 2516 1197 2545 eitltararutn
1214 2520 1321 2542 tuarum
1338 2522 1391 2541 non
1407 2514 1533 2540 audietur
1550 2513 1576 2539 in
1594 2516 1618 2539 te
1631 2511 1761 2546 amplius.
1777 2511 1819 2538 14.

1029 2562 1064 2590 Ει
1079 2561 1151 2589 dabo
1173 2565 1199 2588 te
1220 2561 1247 2588 iu
1268 2565 1370 2594 petram
1391 2559 1495 2592 laevent,
1521 2563 1548 2585 ct
1568 2558 1700 2592 expansio
1722 2557 1819 2584 retium

1029 2609 1105 2636 eris:
1122 2615 1174 2634 non
1199 2606 1376 2634 aediﬁcaberis
1393 2605 1521 2639 amplius,
1550 2603 1614 2638 quia
1638 2610 1689 2638 ego
1714 2602 1821 2630 locutus

1029 2663 1103 2688 sum,
1125 2654 1192 2682 dicit
1213 2652 1319 2680 Adonai
1344 2651 1486 2678 Dominus.
1512 2650 1555 2676 15.
1587 2649 1656 2682 Quia
1681 2648 1740 2676 haec
1757 2647 1823 2675 dicit

392 2759 400 2792 ξ
419 2759 472 2780 vox
495 2753 528 2780 ad
554 2759 647 2782 notam
663 2756 788 2791 proxime
814 2759 1004 2787 )raeeedentem
1020 2758 1158 2794 pertinere
1177 2755 1307 2790 videtur).
1346 2755 1384 2789 (It)
1405 2754 1447 2794 5.,
1463 2757 1489 2794 et
1504 2751 1724 2780 censolationem
1741 2752 1814 2779 acci-

392 2795 469 2819 tsque
484 2796 532 2819 per
552 2789 663 2817 fratrem
684 2800 778 2819 suum.
794 2765 855 2819 7111..
875 2798 903 2819 et
919 2794 1042 2819 cometis.
1082 2794 1113 2819 lli
1133 2792 1177 2819 S..
1190 2799 1239 2819 oro
1251 2799 1284 2819 eo
1301 2790 1373 2819 quod
1393 2789 1497 2819 dixisti,
1520 2787 1653 2815 abbeuel
1692 2786 1744 2819 (ιη)
1759 2787 1814 2817 ’Πι-1

484 2796 532 2834 ρξι·
548 2787 671 2834 ξςυιιςεξιί
684 2800 783 2834 suum.
794 2787 855 2834 Τέω
872 2798 903 2834 _et
919 2802 978 2829 gem

1030 2804 1044 2834 ιε
1082 2794 1113 2829 (ι)
1133 2792 1177 2834 S_.,
1190 2799 1239 2834 pro
1251 2787 1653 2834 adquodldixisti,imponet

1692 2786 1744 2822 (in)
1759 2787 1816 2817 Th..

186 2822 250 2849 libis
269 2822 395 2850 orientis.
436 2822 474 2858 (η)
491 2822 533 2858 S.,
548 2824 576 2853 in
596 2825 709 2855 elatum.
749 2827 786 2860 (ο)
807 2822 854 2860 S.,'
872 2829 899 2857 in
920 2822 978 2858 'cort

1030 2822 1128 2858 tionem
1146 2822 1175 2856 in
1190 2822 1337 2856 inimicitia
1355 2830 1466 2853 aeterna.
1506 2823 1544 2859 (ρ)
1560 2822 1603 2858 5.,
1622 2823 1818 2852 destructores.
