1959 3079
120 124 194 154 2729

723 121 927 151 HEZECIELIS
945 120 1060 150 CAPUT
1081 121 1186 150 XXVII.

1676 124 1747 150 2730

120 182 254 210 Dominus
273 180 403 208 Dominus
418 180 490 216 Tyro
505 190 511 207 ι
524 180 619 208 Nonne
635 187 649 208 a
664 188 728 208 voce
742 181 828 208 ruime
843 184 905 210 tum.
922 181 942 209 Α
959 179 987 206 hi
1003 178 1137 207 dederunt
1158 179 1272 213 gloriam
1285 183 1371 206 tuam.
1387 178 1430 206 Η.
1445 178 1505 206 Filii
1522 178 1698 212 Arudiorum,
1720 186 1746 208 et

119 236 181 256 cum
195 227 381 262 ingemuerint
395 227 479 254 occisi
501 227 552 259 tui,
572 235 633 254 cum
650 227 809 263 evaginalus
826 227 908 254 fuerit

119 273 229 309 gladius
244 273 273 300 in
288 273 380 300 medio
395 272 445 305 tui,
463 273 707 300 commovebuntur
723 273 840 300 insulari
863 272 905 300 16.

118 318 150 346 Et
164 318 334 346 descendent
351 319 385 346 de
408 318 484 346 soliis
499 318 557 346 suis
573 325 667 346 omnes
682 319 818 353 principes
831 321 864 353 )K
874 327 906 346 ex

118 364 247 400 gentibus
271 364 282 399 ζ
301 365 396 396 maris,
421 368 448 391 et
471 363 565 391 tollent
591 364 697 392 cidares
721 365 755 392 de
774 364 908 399 capitibus

118 411 185 442 suis,
202 414 231 438 et
243 409 407 437 vestimenta
422 409 497 436 varia
511 417 559 437 sua
575 414 675 437 exuent
694 419 700 436 :
715 414 826 444 stupore
850 414 909 438 stu-

118 457 230 492 pebunt,
262 463 346 490 super
371 459 471 482 terram
493 456 640 489 sedebunt,
668 459 694 483 et
723 455 909 483 formidahunt

118 501 299 536 perditionem
331 507 420 531 suam,
446 503 473 527 et
502 504 610 534 gement
637 507 720 535 super
741 505 789 528 te:
811 501 854 527 l7.
882 505 909 529 et

119 550 260 574 assument
280 553 363 580 super
379 550 405 573 te
421 546 653 578 lamentationem,
671 551 698 573 et
714 546 805 574 dicent
815 547 849 581 χ
860 546 908 574 tibi

123 593 135 626 ζ
154 601 161 619 :
177 592 324 625 Quomodo
339 592 454 627 periisti,
469 596 496 620 et
509 592 642 620 dissoluta
656 600 686 620 es
703 601 736 620 ex
750 593 830 624 mari,
844 593 909 621 urbs

117 638 375 673 celebrata,)t(quae
391 638 461 665 facta
479 642 538 665 erat
560 637 638 666 fortis
655 638 683 665 iu
697 638 778 670 mari,
797 639 867 673 ipsa,
882 643 909 666 et

119 684 304 711 inhabitantes
313 691 373 711 eam
391 684 414 717 ζ,
429 691 490 718 (μω
501 683 575 711 dedit
588 684 713 711 timorem
727 691 806 711 suum
821 684 909 711 omni-

119 730 167 757 bus
184 729 375 756 habitantibus
393 729 482 756 inea?
503 728 546 756 18.
566 729 599 756 Ει
618 729 753 757 timebunt
776 729 872 758 insulae
892 737 908 758 a

118 774 160 801 die
173 773 261 801 ruinae
273 775 414 808 tuae.)(et
432 773 666 808 perturbabantur
681 774 779 802 insulae
793 775 820 801 in
840 775 909 802 mari

122 820 133 854 ζ
149 820 185 855 (q)
200 820 236 847 ab
252 820 329 848 exitu
345 820 445 847 comite
461 820 511 847 tui.
527 820 571 847 19.
584 820 654 853 Quia
667 820 726 848 haec
739 821 805 848 dicit
818 821 908 848 Domi-

119 873 171 893 nus
186 865 321 893 Dominus
331 874 338 892 :
348 865 463 898 Quando
482 865 582 892 dedero
597 869 623 892 te
640 866 735 893 urbem
747 865 907 899 desolatam,

120 911 189 939 sicut
208 911 304 943 urbes,
333 919 394 946 quae
414 918 467 938 non
489 910 656 943 habitantur,
686 919 747 939 cum
772 911 909 939 adduxere

121 963 200 991 super
215 961 242 983 te
252 956 396 991 abyssum,
414 961 441 984 et
450 956 553 991 operiet
571 962 597 984 te
608 964 678 991 aqua
695 957 790 984 multa.
807 957 853 984 ΞΟ.
877 957 910 985 Et

120 1002 283 1029 descendere
309 1001 407 1029 faciam
431 1007 458 1029 te
480 1002 515 1030 ad
544 1009 603 1035 eos,
630 1002 677 1037 qui
695 1003 864 1030 descendunt
881 1003 907 1030 in

120 1047 222 1074 foveam
254 1048 292 1075 ad
317 1047 447 1082 populum
483 1048 698 1083 sempiternum,
730 1052 758 1076 et
785 1048 909 1077 habitare

121 1093 215 1120 faciam
229 1097 256 1120 te
272 1093 302 1120 in
317 1093 457 1128 profundis
467 1098 556 1127 terrae,
567 1094 639 1121 sicut
652 1094 826 1122 solitudinem
841 1102 909 1123 sem-

121 1139 250 1174 piternam
273 1146 338 1166 cum
357 1139 410 1171 his,
434 1139 480 1174 qui
502 1139 671 1167 descendunt
693 1140 720 1167 in
743 1139 860 1173 foveam,
879 1143 909 1168 ut

122 1192 153 1212 ne
167 1184 301 1212 habiteris
315 1185 363 1218 (r),
385 1192 473 1219 neque
495 1193 622 1220 resurgas
644 1192 727 1220 super
743 1190 815 1213 terra
836 1186 908 1214 vitae.

121 1230 163 1257 2t.
179 1229 365 1257 Perditionem
383 1230 453 1257 dabo
467 1234 504 1263 te,
524 1234 552 1258 ct
574 1237 627 1257 non
644 1231 760 1259 exsistcs
780 1232 907 1267 amplius,

123 1277 186 1308 κει
203 1275 366 1310 requireris,
391 1279 418 1302 et
434 1283 488 1303 non
508 1275 655 1304 invenieris
674 1276 696 1311 ζ,
723 1276 750 1304 in
769 1278 910 1313 sempiter-

122 1331 194 1354 num,
210 1323 278 1350 dicit
295 1322 427 1350 Dominus
442 1322 583 1350 Dominus.

153 1368 228 1396 CAP.
246 1367 355 1395 XXVII.
367 1367 433 1395 -1,
451 1367 484 1394 Et
495 1367 596 1395 factum
615 1372 657 1396 est
673 1369 784 1396 verbum
803 1368 909 1396 Domini

122 1414 153 1441 ad
169 1421 220 1447 me,
235 1413 334 1440 dicens
347 1422 353 1440 :
365 1413 392 1439 2.
406 1413 440 1439 Et
453 1417 493 1445 tu,
508 1412 545 1440 fili
557 1413 686 1445 hominis,
705 1421 814 1441 assume
829 1421 910 1448 super

122 1460 219 1496 Tyrum
243 1459 482 1490 lamentationem,
503 1459 529 1486 5.
545 1462 572 1486 ct
588 1459 662 1487 dices
682 1459 752 1495 Tyro
777 1459 910 1488 habitanti

959 225 1077 260 potentia
1101 229 1146 252 tua
1162 233 1245 260 super
1263 225 1350 253 muris
1369 225 1503 260 tuiinn
1522 225 1637 252 circuitu
1652 226 1664 259 ζ
1681 234 1687 253 :
1707 226 1746 259 (ν)

958 271 1085 299 custodes
1109 271 1138 298 in
1167 271 1289 299 turribus
1315 271 1369 298 tuis
1388 275 1483 302 erant,
1516 271 1659 307 pharetras
1682 279 1746 299 suas

958 318 1159 352 suspenderunt
1185 325 1269 352 super
1297 323 1392 352 portus
1418 322 1480 346 tuos
1505 318 1533 345 in
1558 317 1674 345 circuitu
1695 317 1746 345 :hi

958 364 1133 399 perfecerunt
1161 363 1288 391 decorem
1326 367 1412 391 tuum.
1446 363 1489 391 l2.
1517 363 1746 398 Carthaginenses

959 409 1143 444 negotiatores
1166 409 1205 436 tui
1231 417 1246 436 λ
1270 409 1444 437 multitudine
1462 409 1552 437 omnis
1571 408 1678 437 roboris
1695 409 1745 442 tui,

959 459 1111 491 argentum,
1128 460 1155 482 et
1171 463 1277 487 aurum,
1297 459 1324 483 et
1338 463 1385 486 πε,
1400 459 1427 482 et
1442 454 1554 487 ferrum,
1570 459 1596 482 ει
1607 459 1745 488 stannum,

959 506 986 529 et
1008 501 1149 536 plumbum
1166 501 1299 529 dederunt
1321 500 1456 528 nundinas
1474 505 1544 528 tuas.
1566 500 1610 528 15.
1630 500 1743 533 Graecia,

959 551 987 574 et
1000 547 1136 580 universa,
1150 552 1177 574 et
1192 547 1315 582 regiones
1336 551 1464 578 extensae,
1480 547 1524 574 isti
1539 546 1746 581 negotiabantur

960 591 1009 620 tibi
1025 593 1051 619 in
1069 591 1214 619 animabus
1231 591 1383 624 hominum,
1401 595 1427 618 et
1444 599 1509 618 vasa
1532 592 1594 618 atris
1611 591 1745 618 dederunt

959 643 1108 666 mercatum
1123 642 1210 665 tuum.
1235 637 1278 664 14.
1299 637 1319 664 Ε
1337 637 1419 664 domo
1434 635 1587 672 Thorgama
1601 644 1697 672 equos,
1718 643 1750 664 (τι-

959 685 1075 720 equites,
1092 689 1118 712 et
1129 684 1217 712 mulos
1231 683 1365 711 dederunt
1377 683 1514 710 nundinas
1531 687 1603 710 tuas.
1621 683 1664 710 15.
1681 682 1744 710 Filii

960 729 1129 757 Rhodiorum
1151 729 1335 764 negotiatores
1354 728 1394 756 tui
1416 735 1449 756 ex
1470 728 1565 756 insulis
1582 728 1745 764 multiplica-

960 778 1024 801 runt
1046 778 1193 801 mercatum
1219 777 1294 800 tuum
1316 773 1411 801 dentes
1430 772 1628 807 elephantinos,
1652 777 1680 800 et
1702 773 1745 800 his

961 819 1125 846 introductis
1148 818 1281 846 reddebas
1303 818 1441 845 mercedes
1457 822 1529 850 tuas,
1550 817 1593 844 l6.
1609 817 1744 850 homines,

960 869 1109 892 mercatum
1137 870 1213 892 tuum
1239 872 1254 892 a
1275 864 1447 892 multitudine
1474 864 1610 891 commisti
1637 864 1687 896 tui,
1707 865 1745 898 (ι)

959 910 1073 946 beuafeg
1096 909 1194 945 (llcbr.
1214 915 1286 951 -βιι
1300 910 1328 944 ⁹)
1352 913 1464 942 stacten,
1490 913 1518 936 et
1542 909 1688 937 varietates
1712 917 1744 937 ex

960 956 1083 990 Tharsis,
1099 962 1126 984 et
1145 957 1292 989 Damoth",
1305 960 1331 983 et
1346 955 1486 983 Chorchor
1500 955 1633 983 dederunt
1647 956 1747 984 nundi-

959 1011 1008 1031 nas
1028 1007 1099 1030 tuas.
1115 1003 1159 1031 Π.
1173 1002 1253 1036 Juda,
1280 1007 1307 1030 et
1325 1002 1370 1029 filii
1384 1001 1503 1034 lsraelis,
1518 1001 1545 1028 hi
1562 1003 1746 1038 negotiatores

959 1050 998 1077 tui
1018 1049 1046 1076 in
1070 1049 1224 1077 venditione
1250 1048 1390 1082 frumenti,
1414 1052 1441 1076 et
1461 1052 1747 1083 unguentorum,+et

959 1095 1039 1122 casia:
1054 1103 1061 1121 :
1076 1099 1103 1121 et
1127 1094 1180 1121 mel
1206 1094 1323 1129 primum
1349 1094 1373 1128 ζ,
1396 1098 1422 1121 ct
1447 1093 1548 1125 oleum,
1572 1097 1598 1120 et
1626 1093 1744 1120 resinam

959 1138 1092 1166 dederunt
1108 1139 1134 1165 in
1153 1138 1327 1165 commistum
1340 1142 1426 1164 tuum.
1444 1137 1487 1164 18.
1502 1137 1652 1164 Damascus
1667 1143 1746 1171 nego-

960 1184 1072 1212 tiatores
1100 1183 1138 1212 tui
1161 1183 1186 1211 in
1217 1183 1392 1211 multitudine
1415 1191 1527 1218 operum
1551 1188 1678 1216 tuorum,
1711 1190 1745 1209 ex

959 1229 1133 1257 multitudine
1156 1230 1246 1257 omnis
1276 1229 1403 1264 potentiae
1429 1233 1481 1256 tua:
1497 1237 1504 1255 :
1523 1229 1561 1263 (α)
1584 1229 1677 1255 vinum
1710 1236 1743 1255 ex

959 1276 1074 1309 llelbon,
1089 1280 1157 1304 +et
1180 1276 1269 1303 lauant
1294 1283 1326 1303 ex
1353 1275 1454 1308 Mileto,
1478 1280 1505 1303 et
1528 1277 1621 1303 vinum
1636 1276 1661 1309 ζ,
1675 1278 1746 1310 )(et

959 1320 1028 1353 Dan,
1052 1324 1078 1348 et
1092 1319 1177 1347 Javan
1196 1329 1229 1348 ex
1247 1320 1310 1348 Ozel
1328 1321 1339 1355 ζ
1358 1329 1388 1348 -ι-
1400 1322 1425 1348 in
1441 1321 1576 1349 nundinas
1594 1325 1653 1348 tuas
1668 1321 1746 1349 dedo-

959 1371 1024 1394 runt
1041 1368 1064 1401 :.
1078 1366 1119 1394 19.
1136 1366 1174 1393 Ex
1186 1367 1249 1394 Asel
1265 1365 1366 1394 ferrum
1383 1374 1465 1401 opere
1482 1366 1594 1399 factum,
1607 1371 1633 1394 et
1645 1371 1705 1394 rota
1718 1367 1752 1394 in-

960 1412 1104 1439 commisto
1117 1416 1164 1438 tuo
1179 1415 1230 1439 est.
1251 1411 1296 1439 20.
1321 1411 1413 1438 Dadan
1431 1412 1611 1446 negotiatores
1627 1412 1665 1439 tui
1682 1420 1744 1440 cum

959 1458 1082 1493 jumento
1100 1458 1186 1485 electo
1213 1457 1245 1484 ad
1270 1465 1377 1486 currus.
1397 1458 1441 1485 2t.
1469 1458 1578 1490 Arabia,
1605 1462 1632 1486 et
1651 1465 1745 1485 omnes

122 1513 200 1540 super
228 1504 373 1532 introitum
403 1504 498 1536 maris,
535 1505 659 1539 emporio
687 1505 851 1540 populorum
875 1512 909 1532 ex
923 1509 944 1537 c
961 1504 1096 1538 principes
1107 1503 1202 1536 Ccdar,
1219 1503 1245 1530 hi
1262 1504 1446 1539 negotiatores
1463 1511 1512 1538 per
1528 1512 1638 1531 manum
1659 1509 1744 1536 tuam,

121 1551 214 1579 insulis
230 1551 326 1578 multis
340 1559 347 1577 :
362 1549 423 1577 Haec
436 1550 502 1577 dicit
516 1549 649 1578 Dominus
666 1551 796 1578 Dominus
809 1550 881 1586 Tyro
900 1559 907 1577 :

123 1595 159 1624 Tu
175 1597 266 1624 dixisti
287 1605 295 1623 ι
313 1595 370 1630 Ego
384 1596 462 1631 posui
477 1596 544 1624 mihi
563 1596 597 1632 (ε)
619 1597 744 1623 decorem
763 1604 865 1629 meum,
881 1595 907 1622 ι.

123 1642 148 1668 in
167 1642 248 1669 corde
265 1642 353 1669 maris
367 1642 399 1677 (ι)
415 1642 534 1669 Beelimo
551 1651 558 1668 :
576 1641 622 1668 lilii
638 1642 675 1669 tui
690 1646 839 1676 posuerunt
860 1642 909 1668 tibi

124 1688 256 1716 decorem.
275 1688 302 1715 5.
324 1688 428 1715 Codrus
450 1695 483 1715 ex
511 1687 591 1715 Sanir
612 1688 742 1716 aediﬁcata
766 1693 807 1716 est
835 1688 906 1715 tibi:

125 1742 194 1762 zonae,
217 1741 344 1762 asserum
360 1734 478 1769 cypressi
494 1741 526 1760 ex
545 1733 651 1761 Libano
667 1738 763 1761 sumta:
785 1739 858 1766 sunt,
874 1734 908 1762 ad

124 1780 275 1807 faciendum
292 1779 341 1807 tibi
357 1779 442 1807 malos
459 1779 598 1814 abiegnos,
613 1780 639 1806 6.
656 1787 671 1807 e
682 1773 793 1814 regione
808 1779 908 1815 Bajsan

125 1825 242 1854 fecerunt
254 1832 349 1852 remos
361 1829 434 1857 tuos,
453 1825 551 1860 templa
572 1829 617 1852 tua
631 1825 755 1853 fecerunt
765 1833 796 1853 ex
814 1826 906 1859 ebore,

124 1871 214 1898 domos
237 1870 341 1898 densas
360 1877 392 1897 ex
412 1870 508 1897 insulis
532 1870 733 1898 Chcthazorum.
755 1872 781 1898 7.
807 1871 908 1907 Byssus

124 1923 181 1942 cum
192 1914 326 1942 varietate
340 1922 374 1942 ex
389 1914 506 1950 Egypto
525 1914 596 1942 facta
614 1920 653 1943 est
669 1915 716 1943 tibi
732 1920 858 1948 stratum,
873 1917 907 1944 ad

124 1960 276 1992 potiendum
296 1960 343 1987 tibi
366 1959 406 1995 (ιι)
430 1959 556 1994 gloriam,
571 1963 640 1987 +et
668 1961 701 1987 ad
729 1961 907 1995 operiendum

125 2010 150 2031 te
164 2005 175 2039 ξ
190 2004 351 2041 hyacintho,
375 2009 402 2031 et
414 2012 545 2039 purpura,
562 2012 594 2032 ea
617 2005 713 2033 inaulis
727 2005 816 2037 Elisze,
837 2005 907 2033 facta

124 2055 184 2076 sunt
197 2049 367 2084 operimenta
385 2053 440 2076 tua.
457 2048 520 2076 8.+
534 2048 567 2076 Et
583 2049 719 2084 principes
737 2050 775 2077 tui
795 2051 818 2085 ε,
831 2050 907 2078 habi-

124 2099 210 2123 tantes
224 2095 251 2123 in
272 2095 383 2128 Sidone,
398 2100 425 2123 et
440 2095 534 2122 Arudii
548 2094 659 2122 fuerunt
671 2095 799 2123 ductores
817 2103 907 2123 remo-

124 2148 180 2167 rum
193 2146 304 2169 tuorum
319 2150 326 2169 :
342 2141 477 2175 sapientes
500 2141 549 2172 tui,
566 2141 647 2176 Tyre,
662 2141 710 2175 qui
727 2146 805 2168 erant
823 2141 849 2168 in
869 2146 905 2174 te,

124 2185 149 2211 hi
165 2191 252 2214 nautas
263 2187 314 2214 tui.
326 2186 352 2214 9.
369 2186 496 2214 Seniores
509 2187 548 2220 (τε)
562 2185 719 2219 bibliorum,
732 2191 758 2213 et
771 2187 906 2221 sapientes

124 2238 226 2265 eorum,
244 2232 292 2266 qui
308 2235 386 2259 erant
400 2232 426 2259 in
443 2236 479 2264 te,
497 2232 524 2259 hi
535 2232 749 2260 corroborabant
763 2232 908 2260 consilium

124 2281 196 2304 tuum
211 2286 217 2304 :
231 2282 259 2306 et
273 2285 368 2305 omnes
383 2286 466 2306 naves
482 2278 576 2309 maris,
589 2282 616 2305 et
630 2278 755 2306 ductores
771 2285 908 2306 remorum

123 2329 214 2349 earum
244 2322 309 2350 facti
342 2328 406 2350 sunt
430 2323 478 2350 tibi
502 2323 536 2351 ab
559 2331 706 2351 occasuum
732 2331 842 2351 occasu.
865 2324 909 2352 1ο.

123 2366 220 2400 Persae,
237 2373 265 2396 et
280 2368 358 2403 Lydi,
374 2373 401 2396 et
413 2368 511 2404 Libyes
524 2372 602 2396 erant
614 2369 641 2396 in
655 2369 776 2403 potentia
790 2373 845 2402 tua,
859 2369 910 2397 virl

124 2412 266 2441 bellatores
281 2414 320 2441 tui
340 2415 449 2450 clypeos
466 2419 493 2442 et
505 2414 596 2449 galeas
611 2414 813 2450 suspenderunt
826 2414 853 2442 in
869 2419 907 2447 te,

159 2525 195 2560 (q)
211 2525 302 2564 S.._ab
316 2532 350 2554 eo
365 2527 437 2562 quod
450 2534 504 2564 non
522 2528 557 2564 sit
571 2529 664 2564 egredi
677 2537 692 2555 a
710 2533 744 2556 te.
783 2529 818 2564 (r)
835 2530 894 2562 Th.,
908 2535 936 2558 et
948 2530 1020 2558 dabo
1034 2530 1117 2557 robur
1133 2529 1161 2557 in
1179 2534 1250 2557 terra
1268 2529 1428 2556 viventium.

124 2559 228 2588 decore.
247 2560 308 2593 Th.,
325 2559 428 2589 corona
440 2562 556 2591 decoris.

960 1547 1088 1580 camelos,
1103 1551 1130 1575 et
1147 1547 1255 1581 arietes,
1271 1551 1297 1574 et
1312 1555 1408 1583 agnos,
1428 1548 1454 1574 in
1475 1548 1574 1582 quibus
1588 1549 1746 1576 mereaban-

959 1597 1004 1619 tur
1015 1592 1074 1619 tibi.
1089 1592 1134 1619 22.
1147 1591 1335 1626 Negotiatores
1349 1592 1437 1624 Salue,
1449 1597 1475 1620 et
1485 1593 1604 1625 Raamze,
1618 1593 1644 1619 hi
1661 1601 1746 1628 nego-

961 1638 1071 1666 tiatores
1095 1638 1136 1665 tui
1159 1645 1220 1665 cum
1242 1637 1411 1665 aromatibus
1433 1638 1539 1673 primis,
1562 1643 1589 1665 et
1610 1638 1745 1672 lapidibus

959 1682 1048 1715 bonis,
1074 1688 1102 1710 et
1128 1691 1224 1710 aurum
1241 1683 1374 1710 dederunt
1392 1683 1528 1710 nundinas
1543 1688 1612 1710 tuas.
1629 1683 1674 1711 25.
1691 1682 1746 1710 lla-

959 1737 1019 1760 ran,
1035 1734 1060 1756 et
1072 1728 1254 1763 Chanaan,)s(
1265 1733 1290 1756 et
1306 1728 1410 1762 Dadan,
1426 1729 1438 1764 ζ
1456 1736 1485 1757 σε·
1497 1729 1523 1756 hi
1538 1730 1548 1764 ζ
1565 1729 1746 1764 negotiatores

960 1773 997 1800 tui
1013 1782 1019 1800 :
1037 1775 1070 1807 Ἀ(
1085 1772 1155 1800 Saba
1173 1773 1197 1807 ζ,
1222 1772 1318 1805 Assur,
1348 1778 1375 1800 et
1403 1773 1536 1801 Chalmun
1564 1774 1745 1809 negotiatores

959 1819 1009 1850 tui.
1033 1819 1077 1846 21.
1094 1818 1213 1846 ferentes
1235 1823 1382 1846 mercatum
1394 1819 1463 1853 Χία
1487 1819 1642 1852 Machalim,
1667 1825 1694 1847 et
1717 1821 1744 1847 in

959 1865 1062 1892 Galima
1088 1865 1099 1899 ζ
1122 1864 1298 1900 hyacinthum
1316 1866 1350 1899 X
1367 1865 1404 1899 (ὁ)
1424 1870 1450 1893 et
1475 1867 1640 1902 variegatum
1670 1867 1693 1901 ζ,
1719 1872 1746 1894 et

958 1910 1102 1938 thesauros
1126 1910 1239 1943 electos,
1263 1911 1362 1947 ligatos
1387 1908 1508 1945 funibus,
1535 1917 1563 1940 et
1590 1920 1672 1940 naves
1698 1912 1744 1941 25.

958 1964 1152 1990 cupressorum
1173 1957 1202 1984 in
1225 1957 1263 1985 eis
1283 1959 1317 1991 >ιί
1333 1958 1481 1993 negotiatio
1504 1962 1549 1985 tua
1569 1958 1580 1993 ζ
1602 1957 1746 1993 Carthagi-

958 2010 1056 2030 ncnses
1070 2002 1252 2037 negotiatores
1265 2003 1302 2029 tui
1318 2003 1344 2029 in
1357 2003 1531 2030 multitudine
1544 2004 1746 2038 negotiatorum

958 2051 1078 2079 tuorum,
1097 2048 1123 2074 in
1141 2048 1287 2075 commisto
1304 2052 1359 2075 tuo.
1379 2048 1411 2075 Et
1432 2048 1533 2082 repleta
1547 2055 1588 2080 es,
1605 2051 1633 2075 et
1649 2056 1745 2083 aggra—

957 2097 1018 2120 vata
1035 2100 1065 2121 es
1080 2093 1158 2121 valde
1180 2093 1207 2120 in
1226 2093 1307 2120 corde
1323 2093 1407 2121 maris
1423 2102 1430 2120 :
1445 2094 1490 2120 26.
1517 2093 1544 2120 in
1569 2100 1640 2128 aqua
1660 2094 1746 2122 multa

958 2139 1130 2166 adduxerunt
1145 2143 1171 2166 te
1185 2139 1312 2166 ductores
1331 2146 1469 2166 remorum
1486 2144 1606 2173 tuorum,
1631 2139 1745 2174 spiritus

957 2183 1044 2211 austri
1064 2183 1196 2218 confregit
1217 2187 1243 2211 te
1265 2183 1292 2210 in
1309 2185 1391 2211 corde
1408 2185 1511 2212 maris:
1527 2184 1573 2212 27.
1596 2189 1674 2212 erant
1691 2185 1746 2212 vir-

957 2233 1029 2256 tutes
1043 2233 1107 2261 ωδε,
1125 2233 1153 2257 et
1169 2237 1272 2257 merces
1289 2234 1343 2263 Illa,
1359 2235 1385 2257 et
1401 2231 1607 2258 commistorum
1622 2235 1743 2261 tuorum,

957 2279 985 2302 et
997 2274 1123 2302 ductores
1144 2281 1285 2302 remorum
1300 2280 1420 2307 tuorum,
1437 2279 1464 2302 ct
1479 2275 1674 2310 gubernatores
1693 2275 1744 2307 tui,

959 2326 986 2348 et
996 2321 1146 2349 consiliarii
1158 2321 1208 2354 tui,
1223 2325 1250 2349 et
1259 2321 1396 2349 commisti
1410 2321 1449 2349 tui
1465 2329 1497 2349 ex
1515 2321 1666 2348 commistis
1678 2321 1742 2353 tuis,

960 2373 987 2395 et
999 2374 1095 2395 omnes
1110 2367 1254 2396 bellatores
1271 2368 1321 2400 tui,
1334 2368 1381 2403 qui
1398 2369 1424 2395 in
1440 2373 1465 2395 te
1482 2377 1489 2395 :
1504 2372 1530 2396 et
1549 2368 1639 2395 omnis
1656 2371 1745 2395 costus

963 2418 1037 2447 tuus,
1053 2414 1086 2447 )K
1100 2413 1146 2448 qui
1157 2413 1168 2448 ζ
1181 2413 1208 2441 in
1223 2413 1313 2441 medio
1328 2414 1378 2446 tui,
1395 2413 1492 2441 cadent
1502 2413 1530 2441 in
1544 2413 1626 2440 corde
1641 2415 1743 2440 maris:

1467 2529 1501 2563 (δ)
1522 2527 1565 2561 5.,
1581 2527 1700 2564 perfecta
1707 2529 1745 2564 fin

595 2564 628 2600 (ρ)
641 2563 788 2600 νδἹγνίοἰηὶ
809 2566 858 2600 tui,
872 2569 899 2592 et
922 2566 968 2600 qui
996 2565 1131 2593 aedificant
1142 2570 1178 2597 te,
1199 2564 1371 2600 perfecerunt
1381 2564 1507 2600 decorem
1520 2563 1608 2600 tuum.
1644 2565 1686 2600 tu)
1701 2563 1744 2595 8.,

124 2595 247 2636 velum.“
260 2595 379 2636 (sint,
393 2596 539 2631 llebraice;
556 2595 657 2632 Gaib'al,
677 2599 800 2636 FABAA.
823 2595 865 2636 εξ,
884 2595 1021 2628 solventes
1036 2595 1184 2627 mixturam
1200 2595 1292 2636 'tuam.
1329 2599 1367 2634 (y)
1380 2599 1423 2631 8.,
1440 2599 1487 2636 sed
1501 2603 1527 2626 et
1542 2598 1622 2636 Medi.
1636 2595 1702 2636 1/1.,
1718 2604 1747 2626 et

125 2628 209 2656 Guma
221 2628 338 2670 diua},
354 2631 474 2670 sanest,
490 2636 517 2659 et
527 2628 581 2670 non
596 2638 638 2670 est
650 2628 715 2668 (quo
737 2635 794 2661 haec
809 2628 924 2663 obseura
942 2636 1106 2670 pertineant,
1127 2643 1188 2670 non
1210 2628 1379 2670 intelligo)?’
1412 2628 1449 2668 (ι)
1465 2634 1505 2670 8.,
1533 2635 1608 2670 varie
1635 2628 1747 2661 intesta:

125 2664 312 2705 purpurm._(')
328 2671 362 2705 :_
374 2667 401 2693 in
420 2666 502 2705 llebr_.
522 2671 549 2705 et
572 2668 598 2695 in
623 2664 683 2704 Sy'r'.
717 2670 816 2698 servile
827 2674 877 2702 est,
901 2664 1105 2705 signiﬁcatque,
1123 2669 1160 2697 ἱιι.
1177 2664 1356 2705 Theodotius
1373 2669 1401 2695 ὲν
1415 2664 1521 2705 ’νάφέχ-
1535 2668 1576 2696 Cf.
1593 2676 1675 2705 supra
1696 2676 1746 2696 no-

126 2702 178 2742 tam
189 2700 239 2742 “ad
264 2700 456 2742 huneloeum.
484 2701 592 2742 Syriaca
621 2700 672 2730 vox
705 2708 797 2742 textus
826 2700 1003 2742 noStrifnon
1024 2700 1144 2742 béqafeg,
1171 2704 1216 2742 sed
1244 2704 1370 2742 in_nafeg
1399 2700 1529 2742 vertenda
1556 2709 1607 2742 est.
1628 2700 1743 2742 'Dstcu.

189 2733 251 2775 Syr.
266 2735 392 2775 scriptor,
401 2741 438 2775 Διιι
453 2733 532 2775 nobis
546 2738 660 2775 videtu_r,
674 2739 766 2772 posuit
780 2745 797 2768 τ
813 2748 861 2774 pro
871 2747 902 2772 -ι,
919 2733 945 2767 et
963 2739 1079 2767 Ramoth
1091 2733 1371 2775 'legeitdumLDnA'cri'.
1394 2740 1449 2775 7(a)
1465 2739 1507 2771 S.,
1520 2738 1546 2766 in
1560 2739 1621 2766 vino
1639 2739 1743 2774 pingui,

126 2772 151 2807 ςι
167 2771 193 2795 in
210 2771 272 2796 lana
285 2771 436 2807 splendida.
456 2772 496 2807 Et
504 2771 572 2803 Dan,
586 2777 612 2800 et
627 2771 723 2805 lavari,
753 2771 942 2804 vadentes'ad
964 2774 1099 2803 nundinas
1115 2771 1187 2807 tuas,
1208 2774 1369 2802 addiderunt
1389 2771 1492 2803 ferrum
1516 2784 1522 2802 ι
1541 2771 1744 2807 ειδςιείειέδη

127 2801 213 2832 lamus
234 2801 397 2834 commercia
420 2811 466 2835 tua
486 2801 603 2835 fuerunt.
643 2809 680 2843 (ὁ)
695 2801 726 2836 Εἰ
740 2801 882 2845 purpuras.
