1959 3079
190 83 260 125 ’ςγδι

193 154 219 180 In
234 153 279 181 die
294 153 379 181 ruinae
395 158 458 186 tusi,
468 155 512 182 28.
531 154 564 182 ad
581 163 673 182 vocem
690 155 818 182 clamoris
833 155 870 180 tui
883 153 980 188 guber-
994 155 1017 183 Α

192 205 303 226 natores
320 199 359 226 tui
381 199 416 235 (ε)
434 200 553 228 timendo
577 200 720 228 timebunt.
740 200 784 227 29.
811 201 845 228 Et
868 200 980 228 descen-

192 245 257 271 dent
280 245 312 271 de
340 245 453 272 navibus
483 246 541 273 suis
565 253 662 273 omnes
690 246 818 273 ductores
843 253 980 273 remorum

193 294 315 321 tuorum,
329 294 353 317 et
371 290 496 325 epibalm,
511 295 537 317 et
551 291 676 318 sedentes
694 291 720 318 in
733 298 813 326 prora
830 291 908 318 navis
924 299 982 318 ma-

193 335 232 362 ris
246 343 329 370 super
342 340 440 362 terram
458 336 578 369 stabunt,
601 336 645 363 50.
664 341 692 364 et
705 337 846 364 ululabunt
863 345 944 372 super
957 343 982 366 te

193 387 259 408 voce
276 388 336 413 sua,
351 385 378 407 et
393 380 550 408 clamabunt
564 389 667 415 amare,
688 387 715 409 et
726 382 829 417 jacient
842 383 980 418 pulverem

193 432 276 459 super
307 429 388 459 caput
413 433 505 458 suum,
535 430 561 452 et
580 426 699 454 cinerem
714 432 836 454 sternent
850 427 913 454 sibi.
934 427 979 454 3|.

194 471 226 502 χ
239 468 271 496 Et
290 468 470 497 decalvabunt
494 478 576 506 super
598 476 624 499 te
648 472 780 505 calvities,
799 477 826 499 et
840 473 982 507 accingent

193 522 298 548 saccos,
312 520 340 542 ct
355 515 458 544 flebunt
471 524 520 551 pro
541 522 566 545 te
589 518 615 545 in
631 519 860 546 amaritudinibus
871 519 979 550 animae,

191 565 218 588 ct
247 561 385 595 planctum
407 570 531 590 amarum
547 573 554 590 :
570 563 614 590 52.
645 569 753 592 sument
780 573 863 600 super
883 570 908 592 te
934 565 981 592 filii

191 614 286 634 eorum
302 608 532 642 lamentationem,
559 610 707 638 lamentum
728 610 791 646 Tyri
809 621 816 638 :
831 611 893 646 quis
912 611 983 639 sicut

192 651 291 688 Tyrus,
305 661 366 688 quae
382 654 519 682 obmutuit
537 655 564 682 in
586 655 675 683 medio
688 656 789 684 maris?
805 657 815 691 ζ
831 657 876 688 55,
891 656 983 689 Quan-

191 706 261 733 tam,
274 709 357 736 quam
373 702 523 729 mercedem
545 702 671 730 invenisti
692 703 727 730 de
748 703 836 730 mari?
852 703 980 732 saturasti

193 752 287 779 gentes
310 755 344 775 ex
374 747 547 775 multitudine
570 752 628 780 tua.
657 753 684 775 et
716 756 732 775 a
763 749 907 776 commisto
935 754 982 776 tuo

192 793 286 820 ditasti
300 800 397 820 omnes
410 800 487 828 reges
505 797 594 820 terrae.
606 793 650 820 54.
665 792 742 820 Nunc
753 793 893 820 confracta
908 800 939 820 es
954 793 980 820 in

193 839 273 871 mari,
294 839 320 866 in
335 838 470 874 profundo
493 847 570 874 aqua:
583 839 757 867 commistum
781 838 829 872 tui,
845 844 874 867 ct
891 838 982 866 omnis

192 889 281 913 coetus
301 889 364 913 tuus
381 885 408 912 in
431 885 520 913 medio
544 885 592 912 tui.
621 885 664 912 35.
699 884 862 912 Ceciderunt
883 891 980 912 omnes

191 931 321 958 ductores
345 938 485 957 remorum
508 935 628 962 tuorum,
652 938 748 957 omnes
769 930 925 957 habitantes
952 930 978 956 iu

192 976 290 1003 insulis
314 976 467 1003 contristati
488 980 552 1003 sunt
578 982 660 1010 super
678 979 715 1008 te,
734 980 761 1002 et
787 982 864 1010 reges
884 982 978 1002 eorum

190 1025 304 1056 stupore
326 1020 524 1056 obstupuerunt
550 1020 600 1055 (ἀ),
626 1025 653 1047 et
674 1020 812 1047 lacrimata
834 1024 875 1047 est
896 1019 979 1047 facies

189 1075 285 1095 eorum
299 1075 382 1102 super
400 1071 436 1094 te.
454 1067 498 1094 56.
514 1065 702 1101 Negotiatores
715 1074 730 1094 e
746 1066 871 1101 gentibus
886 1066 979 1094 sibila-

189 1118 288 1141 verunt
301 1122 382 1149 super
398 1118 423 1141 te
437 1122 448 1140 :
460 1113 576 1148 perditio
599 1112 670 1140 facta
683 1120 724 1144 es.
747 1117 775 1140 et
790 1120 844 1140 non
860 1113 978 1148 amplius

189 1161 244 1190 eris
257 1162 285 1188 in
301 1161 446 1193 saeculum,
461 1160 527 1188 dicit
541 1160 646 1187 Adonei
661 1159 803 1188 Dominus.

224 1207 299 1235 CAP.
310 1205 591 1241 XXVIHr—LSupcr
601 1206 736 1241 principes
746 1206 820 1240 Tyri.
832 1206 866 1233 Et
877 1205 976 1233 factum

188 1256 230 1279 est
255 1252 368 1279 verbum
391 1250 498 1278 Domini
518 1251 551 1278 ad
569 1258 622 1282 me,
640 1251 734 1278 dicens
751 1259 758 1277 :
773 1250 800 1278 2.
823 1250 857 1278 Et
878 1257 917 1282 tu,
941 1250 977 1277 fili

189 1297 318 1330 hominis,
348 1297 393 1324 dic
419 1296 533 1332 principi
559 1296 645 1331 Tyri:
664 1295 728 1324 Haec
752 1296 819 1324 dicit
844 1296 977 1324 Dominus

187 1343 321 1371 Dominus
337 1351 344 1370 :
363 1343 416 1371 Pro
429 1351 462 1371 eo
477 1343 550 1378 quod
563 1343 696 1371 eleratum
716 1348 757 1370 est
779 1351 827 1371 cor
843 1348 930 1375 tuum,
950 1348 977 1370 et

188 1389 280 1418 dixisti
297 1398 303 1416 :
317 1389 388 1417 Deus
403 1397 464 1417 sum
481 1397 542 1425 ego,
562 1390 745 1418 habitaculum
759 1389 806 1417 Dei
829 1390 976 1417 inhabitavi

188 1436 216 1464 in
228 1436 310 1464 corde
324 1436 418 1468 maris,
435 1441 463 1463 tu
479 1440 568 1463 autem
583 1444 614 1464 es
629 1436 722 1469 homo,
740 1440 767 1464 et
781 1444 835 1464 non
851 1435 933 1466 Deus.
951 1440 977 1463 et

188 1481 285 1509 dedisti
308 1489 356 1509 cor
385 1487 480 1514 tuum,
508 1482 580 1509 sicut
607 1489 655 1510 cor
685 1482 753 1515 Dei;
785 1482 812 1509 5.
843 1481 1011 1520 numquidc

189 1528 298 1563 sapiens
312 1535 342 1555 es
358 1528 418 1563 plus
432 1535 516 1563 quam
529 1528 642 1556 Daniel?
656 1532 704 1556 aut
721 1529 756 1563 (ε)
772 1528 909 1563 sapientes
920 1536 974 1556 non

188 1575 348 1603 erudierunt
362 1579 387 1602 te
398 1574 424 1602 in
440 1574 551 1602 scientia
561 1581 610 1602 sua
619 1575 631 1602 ἓ
641 1574 673 1601 4-
680 1574 808 1609 Nunquid
822 1575 848 1602 in
860 1575 975 1602 scientia

189 1628 246 1652 tua,
262 1626 308 1648 aut
324 1621 352 1648 in
369 1621 517 1656 sagacitate
534 1625 580 1648 tua
600 1621 688 1649 fecisti
706 1620 755 1648 tibi
777 1621 973 1653 fortitudinem,

187 1673 214 1695 ct
235 1667 324 1695 fecisti
347 1675 456 1700 aurum,
480 1671 507 1694 et
526 1671 667 1702 argentum
688 1667 714 1701 in
737 1667 878 1695 thesauris
899 1667 975 1695 tuis?

189 1713 215 1739 5.
239 1717 286 1740 aut
310 1713 337 1740 in
358 1713 472 1741 scientia
492 1717 537 1740 tua
563 1713 660 1746 multa,
687 1717 717 1740 et
739 1713 767 1740 in
793 1713 976 1748 negotiatione

188 1757 373 1792 multiplicasti
401 1758 587 1786 fortitudinem
616 1762 688 1785 tuam
708 1767 715 1785 :
737 1759 837 1786 elatum
861 1764 905 1786 est
929 1766 976 1786 cor

188 1809 267 1831 tuum
284 1803 310 1830 in
328 1803 486 1830 fortitudine
505 1807 561 1830 tua.
582 1803 608 1830 6.
628 1802 740 1838 Propter
765 1804 817 1832 hoc
835 1804 892 1832 haec
910 1805 977 1833 dicit

190 1849 323 1876 Dominus
342 1847 498 1876 Dominus:
514 1848 583 1881 Quia
605 1848 702 1876 dedisti
729 1856 777 1876 cor
795 1854 884 1882 tuum,
904 1850 976 1878 sicut

189 1901 237 1921 cor
250 1893 311 1928 Dei,
330 1894 356 1921 ’1.
384 1901 434 1929 pro
449 1894 502 1922 hoc
515 1901 580 1922 ecce
593 1902 642 1930 ego
660 1894 766 1922 adduco
778 1903 860 1930 super
875 1900 902 1923 te
913 1904 975 1923 eor-

190 1945 314 1975 ruptores
328 1940 432 1968 alienos
448 1948 463 1967 e
477 1940 614 1975 gentibus,
634 1945 661 1968 et
685 1941 855 1970 evacuabunt
872 1942 974 1977 gladios

189 1993 253 2013 suos
264 1992 346 2020 super
366 1989 402 2018 te,
423 1989 450 2012 et
476 1993 559 2020 super
579 1986 703 2013 decorem
725 1986 845 2014 scientia“,
865 1991 928 2020 tuae,
948 1992 975 2014 ct

188 2035 309 2059 sternent
321 2031 446 2058 decorem
459 2035 534 2058 tuum
546 2030 574 2058 in
585 2031 774 2066 perditionem,
784 2031 810 2058 8.
828 2036 854 2059 et
864 2033 976 2060 descen-

187 2078 252 2105 dere
272 2077 373 2105 facient
399 2081 436 2108 te,
456 2081 483 2104 et
503 2076 632 2105 morieris
656 2082 744 2104 morte
766 2078 918 2106 occisorum
946 2079 974 2106 in

188 2123 269 2151 corde
284 2123 378 2150 maris.
392 2122 418 2149 9.
435 2121 574 2157 Numquid
591 2122 706 2150 dicendo
720 2122 794 2151 dices
809 2132 815 2150 :
829 2123 900 2151 Deus
914 2131 973 2151 sum

187 2178 248 2206 ego,
257 2177 349 2198 coram
369 2169 555 2197 occidentibus
571 2169 612 2196 te?
631 2173 659 2196 tu
679 2173 769 2196 autem
790 2177 820 2197 es
839 2169 932 2203 homo,
946 2174 973 2197 et
990 2161 1012 2189 υ

187 2223 241 2244 non
266 2215 338 2244 Deus
364 2216 391 2242 in
423 2215 596 2243 multitudine
622 2215 820 2243 homicidarum
852 2220 972 2244 tuorum.

187 2263 232 2290 10.
247 2262 379 2290 Mortibus
397 2261 650 2290 incircumcisorum
665 2261 791 2289 morieris
804 2261 831 2288 in
847 2261 979 2289 manibus

187 2309 352 2342 alienorum,
380 2308 443 2344 quia
470 2315 526 2343 ego
547 2307 655 2335 locutus
683 2315 757 2341 sum,
778 2307 844 2335 dicit
870 2307 976 2336 Λύσηθὶ

187 2356 328 2383 Dominus.
347 2355 391 2382 ll.
408 2354 440 2382 Et
451 2353 553 2381 factum
567 2358 609 2380 cst
621 2353 735 2380 verbum
752 2353 859 2380 Domini
872 2353 906 2380 ad
921 2361 975 2386 me,

187 2403 280 2430 dicens
305 2411 312 2430 :
338 2402 381 2429 12.
407 2401 458 2428 Fili
488 2399 625 2432 hominis,
657 2407 734 2427 sume
754 2399 975 2428 lamentationem

187 2456 268 2483 super
285 2448 436 2484 principem
453 2447 528 2483 Tyri,
546 2450 574 2474 et
591 2446 635 2473 die
647 2445 672 2473 ei
690 2453 697 2472 :
713 2445 776 2473 Haec
800 2446 866 2474 dicit
880 2446 973 2473 Domi-

187 2501 240 2520 nus
260 2493 392 2521 Dominus
407 2501 416 2520 :
432 2493 473 2522 Tu
495 2500 525 2521 es
547 2491 664 2528 sigillum
680 2491 713 2527 (f)
729 2491 924 2525 similitudinis,
939 2494 973 2526 >ε<

187 2540 282 2574 plenus
306 2540 438 2574 sapientia
458 2540 482 2574 ζ,
496 2543 522 2566 et
544 2546 646 2566 corona
661 2538 767 2566 decoris
790 2539 831 2565 l5.
855 2539 880 2566 in
897 2540 975 2567 volu-

187 2589 261 2619 ptate
275 2583 353 2612 faciei
370 2584 415 2612 Dei
431 2584 516 2616 fuisti,
540 2591 648 2611 omnem
669 2583 784 2618 lapidem
797 2584 897 2612 bonum
913 2585 974 2612 cin-

757 98 868 126 CODEX
885 96 1278 124 SYRIACO-HEXAPLARIS.

1758 97 1834 125 275i

1032 160 1107 187 gens,
1135 154 1271 185 sardium,
1297 157 1324 180 et
1350 153 1501 188 topazium,
1528 157 1555 180 et
1583 153 1771 188 smaragdum.
1802 160 1833 182 et

1033 199 1241 232 carbunculum,
1274 203 1302 226 et
1337 199 1498 234 saphirum,
1535 203 1563 226 et
1593 199 1834 234 jaspidem,+et

1033 250 1186 280 argentum,
1204 250 1231 273 et
1246 253 1342 272 aurum
1358 246 1383 279 ζ,
1397 249 1424 272 et
1446 244 1587 281 ligurium,
1603 249 1631 272 et
1651 245 1781 278 achaten,
1803 250 1834 272 et

1033 291 1227 327 amethystum,
1241 295 1269 318 et
1281 291 1490 326 chrysolithum,
1503 290 1689 326 et-beryllum,
1707 296 1735 318 et
1759 298 1833 325 ony-

1033 340 1121 372 clicm,
1137 344 1164 367 et
1177 347 1245 367 auro
1261 339 1408 374 implevisti
1432 340 1577 366 thesauros
1593 342 1664 371 tuos,
1683 343 1711 365 et
1728 337 1830 364 horrea

1033 390 1079 414 tua
1091 386 1150 414 tibi.
1172 386 1216 413 M.
1236 386 1258 412 Α
1273 385 1328 418 die,
1342 392 1397 420 quo
1413 388 1521 412 creatus
1533 391 1575 416 es,
1590 385 1624 417 Χ
1635 383 1672 418 (g)
1691 390 1831 417 praepara-

1032 437 1097 461 rnnt
1115 433 1125 467 ζ
1142 440 1203 460 cum
1215 433 1249 466 Χ
1260 431 1370 459 Cherub
1384 435 1478 462 uncto,
1493 429 1674 458 commoranti
1695 430 1722 456 in
1735 429 1830 456 taber—

1033 479 1130 506 naculo
1145 479 1156 513 ζ
1175 488 1182 506 :
1199 482 1227 505 et
1239 477 1301 506 dedi
1317 481 1343 504 te
1355 477 1382 503 in
1395 481 1488 504 monte
1504 480 1600 503 sancto
1614 475 1672 507 Dei,
1691 471 1781 503 factus
1797 483 1830 503 es

1033 524 1060 552 in
1071 524 1161 552 medio
1175 523 1296 559 lapidum
1313 523 1467 558 igneorum.
1483 522 1527 549 15.
1543 521 1628 548 Fuisti
1645 521 1706 549 sine
1718 521 1829 548 macula

1033 575 1061 598 tu
1077 570 1104 598 in
1121 569 1217 598 diebus
1231 569 1297 601 tuis,
1316 576 1331 595 a
1350 568 1405 601 die,
1427 575 1483 603 quo
1497 571 1525 594 tu
1541 572 1652 595 creatus
1671 574 1712 600 es,
1739 567 1828 594 donec

1034 617 1150 644 iuventte
1165 614 1379 650 suntinjustitiae
1391 618 1443 641 tua:
1456 614 1482 641 in
1499 617 1534 641 te.
1550 613 1595 640 {6.
1611 613 1632 640 Δ
1649 612 1829 640 multitudine

1033 663 1229 699 negotiationis
1247 667 1300 690 tuae
1314 660 1459 697 implevisti
1474 659 1513 695 (Ιι)
1531 660 1641 688 cellaria
1657 665 1703 687 tua
1720 660 1828 695 iniqui-

1032 713 1099 741 tate,
1121 713 1149 736 et
1162 707 1292 743 peccasti,
1313 712 1340 734 et
1361 713 1507 741 percussus
1523 713 1554 733 es
1572 713 1588 733 a
1607 709 1699 733 monte
1714 705 1763 732 Dei
1780 710 1829 732 :et

1033 754 1146 782 adduxit
1161 759 1186 781 te
1197 753 1306 781 Cheruh
1315 751 1522 786 Xobumbrans
1533 751 1586 784 :de
1597 751 1688 778 medio
1702 750 1828 785 lapidum

1033 800 1187 836 igneorum.
1213 799 1255 826 l7.
1279 798 1386 825 Elatum
1410 801 1451 825 est
1467 804 1516 824 cor
1533 801 1608 824 tuum
1629 804 1713 832 super
1725 796 1828 823 decore

1032 851 1090 879 tuo,
1105 849 1234 880 corrupta
1248 849 1290 872 est
1300 843 1414 872 scicntia
1432 847 1478 870 tua
1502 849 1565 870 cum
1589 843 1687 870 decore
1708 847 1757 870 tuo
1773 849 1827 870 εοε-

1032 897 1142 928 propter
1167 891 1370 919 multitudinem
1393 896 1572 926 peccatorum
1588 894 1697 917 tuorum
1716 889 1829 923 {super

1031 943 1130 966 terram
1148 937 1250 972 proieci
1275 941 1310 970 te,
1327 943 1422 964 coram
1431 936 1541 971 regibus
1555 935 1615 963 dedi
1629 940 1666 967 te,
1682 938 1713 961 ut
1727 933 1828 961 illude—

1030 984 1109 1011 reris.
1133 983 1178 1011 18.
1206 983 1321 1017 Propter
1348 981 1550 1009 multitudinea:
1583 980 1615 1016 (i)
1646 982 1825 1014 peccatorum

1030 1034 1152 1061 tuorum,
1168 1033 1195 1056 et
1207 1027 1404 1063 injustitiarum
1420 1025 1614 1061 negotiationis
1626 1029 1678 1052 tuae
1689 1023 1726 1059 (k)
1738 1023 1827 1058 pollui

1031 1076 1061 1111 (ι)
1077 1084 1156 1104 sacra
1179 1081 1236 1109 tua,
1260 1080 1286 1102 et
1309 1074 1423 1102 educam
1441 1074 1530 1110 ignem
1548 1075 1582 1102 de
1600 1074 1691 1102 medio
1708 1073 1763 1106 tui,
1780 1072 1830 1099 hic

1033 1121 1175 1150 devorabit
1190 1126 1216 1148 te
1230 1130 1237 1148 :
1254 1125 1281 1148 et
1294 1121 1365 1148 dabo
1380 1124 1406 1147 te
1422 1119 1448 1147 in
1463 1119 1581 1148 cinerem
1597 1126 1679 1154 super
1691 1123 1765 1146 terra
1777 1122 1830 1145 tua

1029 1174 1121 1194 coram
1143 1166 1270 1194 omnibus
1285 1164 1439 1192 videntibus
1464 1169 1500 1192 te.
1523 1165 1566 1191 l9.
1588 1165 1621 1191 Et
1644 1171 1754 1198 omnes,
1776 1163 1828 1199 qui

1030 1218 1165 1241 noverunt
1179 1217 1206 1240 te
1220 1212 1247 1239 in
1273 1211 1409 1246 gentibus.
1423 1209 1660 1238 contristabuntur
1676 1216 1759 1244 super
1777 1214 1805 1236 te
1818 1219 1826 1235 :

1029 1257 1143 1293 perditio
1166 1255 1254 1283 factus
1271 1263 1311 1286 es,
1329 1260 1356 1282 et
1375 1262 1428 1282 non
1445 1254 1560 1282 exsistes
1579 1254 1696 1289 amplius
1719 1254 1747 1281 in
1773 1262 1828 1281 sa:-

1029 1304 1131 1331 culum.
1146 1302 1190 1329 20.
1205 1301 1293 1336 Super
1308 1300 1448 1328 Sidonem,
1474 1299 1508 1326 Et
1521 1299 1623 1327 factum
1647 1304 1689 1328 est
1711 1300 1827 1327 verbum

1029 1348 1138 1376 Domini
1167 1347 1201 1374 ad
1222 1354 1276 1378 me,
1304 1346 1399 1374 dicens
1417 1355 1424 1373 :
1439 1346 1484 1373 2|.
1507 1345 1558 1373 Fili
1591 1345 1721 1376 hominis.
1753 1353 1830 1380 pone

1028 1394 1124 1422 faciem
1156 1398 1230 1420 tuam
1261 1399 1342 1426 super
1370 1391 1509 1423 Sidonem,
1533 1395 1561 1418 et
1582 1390 1714 1426 propheta
1739 1397 1827 1425 super

1028 1447 1099 1472 eam,
1114 1439 1159 1466 2'2.
1171 1442 1198 1465 et
1208 1438 1252 1465 dic
1268 1447 1275 1464 :
1291 1436 1354 1464 Hac
1372 1436 1438 1463 dicit
1456 1436 1560 1463 Adouai
1576 1435 1708 1463 Dominus
1723 1445 1730 1461 :
1747 1435 1819 1462 Ecce

1028 1494 1078 1521 ego
1095 1492 1177 1520 Super
1196 1489 1232 1516 te,
1251 1483 1346 1515 Sidon,
1360 1487 1384 1510 et
1399 1482 1572 1517 gloriﬁcabor
1591 1482 1618 1509 in
1634 1486 1672 1514 te,
1692 1486 1719 1509 et
1738 1482 1824 1514 scies,

1026 1533 1089 1567 quia
1112 1537 1280 1566 ego-t-sum
1297 1529 1308 1563 ζ
1324 1528 1467 1561 Dominus,
1490 1528 1600 1563 quando
1622 1528 1713 1556 fecero
1737 1528 1765 1554 in
1794 1533 1822 1555 te

1024 1577 1137 1613 judicia,
1153 1581 1180 1604 et
1194 1575 1385 1604 sanetificabor
1405 1574 1432 1601 in
1453 1579 1488 1602 te.
1505 1574 1550 1601 25.
1569 1573 1601 1600 Et
1616 1573 1721 1600 mittam
1737 1581 1826 1608 super

1028 1629 1053 1651 te
1067 1626 1193 1654 mortem,
1214 1625 1240 1648 et
1262 1621 1423 1655 sanguinem
1442 1620 1468 1647 in
1485 1619 1582 1654 plateis
1601 1619 1666 1652 tuis,
1679 1624 1706 1646 et
1721 1619 1826 1646 cadent

1026 1669 1111 1697 occisi
1123 1670 1156 1703 )9:
1167 1669 1194 1695 in
1209 1667 1299 1694 medio
1314 1666 1374 1701 ejus
1391 1667 1402 1701 ζ
1418 1667 1444 1693 in
1460 1666 1558 1700 gladiis
1575 1665 1602 1692 in
1617 1669 1643 1693 te
1655 1666 1729 1693 circa
1745 1671 1781 1699 te,
1798 1670 1828 1692 et

1027 1715 1124 1747 scient,
1155 1715 1219 1749 quia
1235 1721 1286 1748 ego
1306 1720 1367 1740 sum
1391 1712 1534 1740 Dominus.
1557 1711 1603 1738 26.
1627 1711 1663 1738 Et
1688 1719 1744 1739 non
1771 1711 1826 1738 erit

1029 1760 1148 1795 amplius
1164 1760 1190 1786 in
1206 1759 1288 1786 domo
1302 1757 1412 1785 lsraelis
1427 1757 1554 1785 stimulus
1569 1756 1774 1788 amaritudinis,
1795 1761 1823 1784 et

1029 1807 1107 1841 spina
1121 1805 1238 1833 miseriae
1250 1804 1285 1832 ab
1300 1804 1439 1836 omnibus,
1455 1803 1503 1838 qui
1520 1803 1593 1830 circa
1608 1810 1666 1836 eos,
1684 1803 1731 1838 qui
1750 1810 1826 1838 spreo

1029 1858 1196 1884 verunteos,
1215 1857 1242 1879 et
1262 1851 1359 1883 scient,
1380 1850 1444 1885 quia
1468 1857 1518 1885 ego
1533 1856 1593 1876 sum
1612 1848 1717 1876 Adonai
1732 1848 1826 1875 Domi-

1027 1907 1088 1927 nus.
1104 1898 1149 1926 25.
1163 1897 1227 1925 Haec
1238 1897 1304 1925 dicit
1319 1896 1425 1925 Adonai
1439 1895 1570 1922 Dominus
1587 1903 1594 1921 :
1607 1893 1640 1921 Et
1651 1893 1825 1929 congregaho

1025 1947 1136 1974 domum
1154 1944 1262 1973 lsraelis
1279 1951 1311 1971 ex
1324 1942 1461 1978 gentibus,
1474 1948 1529 1976 quo
1544 1940 1660 1975 dispersi
1674 1944 1739 1968 sunt
1749 1940 1825 1977 illuc.

1025 1999 1052 2020 ct
1075 1991 1266 2020 sanctificahor
1286 1990 1313 2016 in
1333 1989 1375 2017 eis
1395 1995 1487 2016 coram
1510 1987 1637 2022 gentibus
1658 1991 1686 2013 et
1701 1986 1822 2021 populis.

1025 2038 1069 2065 26.
1100 2037 1132 2064 Et
1162 2035 1326 2063 habitabunt
1348 2041 1430 2069 super
1459 2037 1532 2060 terra
1559 2039 1621 2064 sua,
1649 2039 1732 2067 quam
1762 2031 1824 2059 dedi

1026 2091 1107 2112 servo
1127 2089 1188 2109 meo
1203 2081 1316 2111 Iacobo,
1337 2085 1364 2107 et
1386 2078 1551 2106 habitabunt
1574 2085 1657 2112 super
1672 2085 1704 2105 ea
1721 2078 1749 2104 in
1763 2085 1822 2112 spe,

1025 2134 1052 2157 et
1083 2128 1256 2156 aedilicabunt
1278 2126 1384 2157 domos,
1413 2129 1441 2152 et
1469 2123 1636 2159 plantabunt
1663 2123 1769 2155 vineas,
1798 2128 1826 2151 et

1027 2173 1188 2202 habitabunt
1201 2172 1228 2199 in
1243 2179 1300 2206 spe,
1311 2178 1373 2198 cum
1387 2169 1477 2197 fecero
1487 2168 1623 2203 judicium
1637 2168 1665 2195 in
1682 2168 1823 2207 omnibus.

1026 2220 1073 2255 qui
1094 2218 1291 2247 contemserint
1305 2223 1353 2243 eos
1370 2215 1396 2242 in
1412 2214 1529 2242 circuitu
1546 2222 1654 2245 eorum,
1677 2218 1705 2241 et
1723 2214 1820 2246 scient,

1027 2264 1100 2300 quod
1131 2271 1181 2298 ego
1210 2269 1271 2290 sum
1298 2260 1430 2288 Dominus
1459 2259 1530 2287 Deus
1557 2266 1669 2292 eorum,
1694 2263 1721 2287 et
1753 2258 1824 2286 Deus

1029 2313 1136 2345 patrum
1153 2315 1259 2336 eorum.

1065 2355 1143 2382 CAP.
1154 2353 1249 2381 XXIX.
1262 2353 1330 2381 ——L
1343 2353 1431 2386 Super
1440 2353 1585 2389 A‘ngptum
1599 2357 1626 2380 et
1641 2352 1821 2380 Pharaonem.

1030 2401 1059 2429 In
1074 2408 1146 2428 anno
1161 2400 1209 2436 (nt)
1221 2399 1340 2432 decimo,
1358 2399 1385 2426 in
1395 2406 1490 2427 mense
1501 2398 1620 2430 decimo,
1636 2406 1692 2425 uno
1708 2398 1822 2429 mensis,

1029 2448 1130 2476 factum
1154 2451 1195 2475 est
1215 2446 1326 2474 verbum
1346 2445 1455 2473 Domini
1470 2445 1504 2473 ad
1521 2453 1576 2478 me,
1594 2445 1688 2472 dicens
1704 2453 1711 2471 :
1727 2444 1755 2471 2.
1772 2444 1823 2472 Fili

1030 2493 1160 2526 hominis,
1180 2492 1295 2521 obfirma
1316 2491 1412 2520 faciem
1440 2496 1514 2519 tuam
1540 2498 1623 2526 super
1651 2490 1822 2518 Pharaonem

1029 2547 1119 2573 regem
1142 2538 1265 2574 Egypti,
1281 2543 1309 2565 et
1333 2537 1465 2572 propheta
1491 2544 1573 2571 super
1592 2543 1668 2568 eum,
1692 2540 1719 2563 et
1742 2542 1819 2569 super

1029 2585 1176 2621 Egyptum
1201 2591 1322 2615 omnem,
1353 2583 1379 2610 5.
1450 2583 1560 2617 loquere
1597 2587 1624 2609 et
1643 2582 1654 2615 ξ
1672 2581 1716 2608 die
1735 2590 1741 2608 ε
1762 2580 1822 2607 llaec

222 2701 257 2742 (ς)
273 2700 315 2734 S.,
336 2701 593 2742 commovebuntur,
610 2701 655 2742 qui
668 2701 772 2736 procul.
792 2700 859 2742 _Tli.,.
870 2701 1116 2742 commovebuntur
1130 2700 1265 2742 regiones.
1296 2698 1358 2742 .(di
1373 2698 1413 2730 S.,
1431 2697 1661 2742 perrriutabunt‘ur
1674 2695 1822 2742 imagines

188 2740 319 2765 facierum
341 2740 534 2763 mercatorum.

187 2772 221 2805 ιβ
254 2771 313 2804 ΤΙι.,
332 2770 548 2806 prmparalionis.
587 2772 623 2805 (g)
640 2771 679 2803 8.,
698 2772 847 2799 stabilitum
862 2777 913 2799 est.

189 2808 222 2843 (ί)
237 2806 430 2836 Sanetuarium
448 2810 534 2832 tuum.

960 2771 998 2805 (ἡ)

585 2730 677 2770 (ci-8.,
694 2745 774 2764 omne
794 2730 927 2764 ineffabile
944 2744 998 2763 non
1013 2736 1123 2763 transiit
1138 2730 1175 2762 ιρῖ
1193 2734 1221 2761 In
1245 2730 1378 2770 sapientia
1393 2730 1451 2770 tua,
1471 2737 1498 2770 et
1518 2733 1544 2760 in
1566 2730 1745 2770 intelligentia
1766 2735 1821 2770 tua.

1020 2771 1062 2803 S.,
1083 2770 1202 2797 medium
1221 2764 1285 2798 tui.'
1309 2769 1339 2805 (i)
1353 2768 1508 2804 iniquitatis
1522 2772 1584 2795 tuae.
1634 2764 1670 2802 (Η)
1683 2764 1820 2793 Polluisti.

574 2806 620 2840 (ni)
639 2805 810 2840 Duodecimn,
832 2807 857 2833 in
876 2815 968 2835 mense
983 2806 1158 2835 duodecimo.
