1959 3079
128 139 181 167 735

692 130 894 159 llEZEClELIS
911 131 1026 159 CAPUT
1046 131 1131 160 XXX.

1678 132 1751 164 I734

108 199 177 227 die“
189 197 325 225 υοηιίιιιη
337 196 469 225 Dominus
486 196 572 223 εΕοεε
583 203 634 230 θίξο
647 202 729 229 Suller
746 198 780 226 ίθν
791 195 909 242 “afaf”
925 194 948 223 Α
962 211 1022 230 vam
1037 204 1118 233 ducet
1132 205 1318 241 captivitatem
1335 206 1395 242 ejus
1411 215 1418 240 ;
1433 208 1459 234 et
1471 205 1523 233 erit
1537 211 1641 232 merces
1656 203 1750 230 virtuti

110 248 198 281 Xrex
220 244 333 280 Egypti
351 244 376 279 ζ,
390 243 537 271 draconem
561 249 701 278 magnum,
719 241 856 268 sedentem
876 239 903 266 in

110 291 202 320 medio
222 291 366 318 ﬂuminum
390 289 428 325 (η)
453 296 578 321 suorum,
597 289 732 316 dicentem
749 296 756 314 :
772 286 828 313 Mea
842 291 905 313 sunt

109 337 235 368 ﬂumina,
251 341 277 363 et
295 343 346 371 ego
362 335 412 363 feci
425 342 468 362 ea.
486 335 512 361 1.
530 333 562 360 Et
579 341 629 369 ego
640 333 711 361 dabo
723 333 760 367 (ο)
777 333 904 367 laqueum

109 384 137 411 in
154 383 280 410 maxillas
293 387 365 412 tuas,
382 386 409 408 et
430 381 608 416 agglutinaho
626 380 716 414 pisces
729 378 849 405 ﬂuminis
864 377 905 404 tui

109 418 145 455 δἐι
160 428 218 454 alas
238 431 309 459 tuas,
332 429 360 453 et
378 425 493 454 educam
511 430 540 453 te
555 427 587 452 de
610 425 698 452 medio
716 424 837 451 ﬂuminis
854 423 904 455 tui,

109 478 137 500 et
157 481 253 500 omnes
266 473 356 508 pisces
373 471 494 500 ﬂuminis
513 473 635 508 squamis
649 472 703 499 tuis
719 471 905 498 adhaerebunt.

109 520 138 548 5.
164 520 198 548 Et
219 519 360 554 projiciam
384 522 411 545 te
431 518 569 551 velociter,
583 520 616 552 }:{
625 523 651 545 et
673 523 698 545 te
716 518 740 552 ζ,
758 522 783 545 et
809 524 905 545 omnes

110 567 200 602 pisces
216 565 358 593 ﬂuminis:
375 573 456 600 super
478 565 574 593 faciem
593 565 680 599 campi
704 565 742 592 tui
767 563 860 595 cades,
880 567 907 590 et

111 620 166 640 non
182 612 401 648 congregaberis,
422 619 510 647 neque
531 612 666 647 colliget-is
683 620 689 638 :
707 611 802 639 bestiis
817 615 904 642 terrae,

110 664 136 686 et
150 658 308 686 volucribus
331 658 392 686 eceli
413 658 476 685 dedi
496 662 522 685 te
538 658 565 685 in
582 658 685 685 cibum.
711 657 737 684 6.
755 657 789 684 Et
803 664 906 692 cogno-

109 709 189 733 scent
201 713 298 732 omnes
315 704 500 732 inhabitantes
520 704 681 740 Egyptum,
704 705 766 739 quia
781 712 830 739 ego
845 710 905 730 sum

109 749 260 782 Dominus,
281 757 331 784 pro
348 757 381 777 eo
407 749 479 784 quod
501 748 590 777 factus
610 757 639 777 es
664 749 738 784 virga
758 748 907 776 arundinea

108 796 205 824 domui
229 795 339 824 lsraelis
356 805 363 823 :
382 795 407 824 7.
430 803 492 823 cum
513 796 752 831 apprehendcrunt
773 800 798 822 te
824 803 907 822 manu

110 850 171 875 sua,
197 842 356 870 confractus
378 849 419 874 es,
439 846 466 870 et.
488 850 551 869 cum
574 841 716 877 praevaluit
743 848 826 876 super
857 847 905 869 eos

107 888 203 916 omnis
228 896 339 920 manus,
367 892 394 915 et
410 887 521 923 quando
547 888 740 923 requieverunt
764 894 847 922 super
866 893 901 920 te,

109 935 269 963 confractus
281 942 321 968 es,
331 939 357 961 et
366 934 517 962 contrivisti
530 941 639 962 omnem
658 934 780 962 lumbum
796 941 902 962 eorum.

108 980 136 1008 8.
157 979 273 1015 Propter
293 980 347 1007 hoc
363 980 421 1007 ha‘c
439 980 504 1007 dicit
519 979 651 1007 Dominus
670 979 800 1008 Dominus
814 990 820 1008 ε
835 979 904 1007 Ecce

108 1033 160 1061 ego
171 1025 272 1053 induco
286 1033 368 1060 super
379 1030 404 1052 te
415 1025 545 1060 gladium,
563 1030 590 1053 et
603 1025 714 1061 perdam
728 1025 761 1053 de
776 1030 801 1053 te
815 1025 904 1052 horni-

108 1079 159 1099 nes
173 1077 200 1099 et
213 1072 344 1106 iumenta.
360 1071 386 1098 9.
403 1071 436 1098 Et
456 1072 508 1098 erit
524 1075 595 1098 terra
611 1069 722 1107 Egypti
736 1070 862 1106 perditio,
877 1075 904 1098 et

109 1117 230 1146 solitudo
245 1127 252 1146 :
266 1122 294 1146 et
321 1117 418 1150 seient,
441 1117 513 1152 quod
532 1124 583 1152 ego
598 1124 659 1144 sum
683 1117 815 1144 Dominus
831 1125 838 1144 :
854 1123 903 1152 pro

107 1172 143 1192 eo
164 1164 238 1199 quod
256 1163 325 1191 dicis
341 1172 348 1190 :
365 1163 492 1191 Flumina
515 1165 663 1197 meajsunt,
677 1167 705 1190 et
726 1170 777 1199 ego
793 1162 844 1190 feci
860 1170 902 1190 ea.

108 1210 155 1238 10.
171 1209 288 1245 Propter
301 1210 352 1237 hoc
364 1217 427 1238 ecce
445 1218 494 1245 ego
516 1217 597 1244 super
614 1214 650 1242 te,
671 1213 698 1236 et
714 1217 795 1244 super
811 1209 903 1237 omnia

107 1256 221 1285 ﬂumina
236 1262 294 1290 tua,
305 1261 332 1284 et
346 1257 416 1284 dabo
434 1261 534 1284 terram
544 1255 654 1292 Egypti
672 1256 698 1283 in
715 1255 902 1287 solitudinem,

106 1308 136 1332 et
148 1303 176 1330 in
192 1303 323 1339 gladium,
342 1307 369 1330 et
380 1302 407 1329 in
427 1302 618 1337 perditionem,
633 1309 648 1329 a
664 1301 780 1337 Magdol,
798 1306 825 1329 et
839 1301 902 1329 Sui-

107 1357 172 1382 nus,
198 1354 226 1377 et
250 1357 336 1384 usque
361 1348 394 1376 ad
423 1348 555 1376 terminos
580 1347 751 1383 Aithiopum.
771 1349 814 1376 11.
844 1348 902 1376 Νοη

108 1395 240 1423 transibit
264 1395 292 1422 in
315 1403 347 1422 ea
369 1403 416 1430 pes
434 1395 565 1426 hominis,
596 1399 623 1434 et
645 1403 692 1430 pes
706 1395 824 1430 jumcnti
848 1403 902 1422 non

106 1440 238 1469 transibit
250 1448 322 1473 eam,
344 1445 372 1468 et
395 1449 449 1468 non
472 1440 639 1468 habitabitur
654 1441 836 1477 quadraginta
853 1450 904 1469 an-

105 1494 169 1514 nos.
183 1487 229 1513 12.
248 1486 281 1514 Et
296 1487 366 1514 dabo
385 1489 486 1514 terram
501 1486 560 1521 ejus
575 1487 754 1522 perditionem
771 1488 798 1515 in
815 1488 903 1516 medio

955 250 1014 284 ejus
1027 260 1034 278 :
1047 250 1092 279 20.
1110 251 1142 288 (')
1167 260 1215 287 pro
1236 253 1337 281 servitu
1361 253 1433 288 ejus,
1451 260 1505 288 quo
1521 251 1595 279 cultu
1611 249 1752 278 servitutis

956 297 1065 324 servivit
1077 306 1159 333 super
1172 298 1285 335 Tyrum,
1302 299 1366 327 dedi
1377 299 1401 326 ei
1414 303 1513 326 terram
1528 296 1651 332 Egypti,
1661 297 1750 329 κίβτο

957 345 970 380 ζ
986 345 1124 378 omnibus,
1145 352 1204 380 qua:
1225 345 1346 372 fecerunt
1371 344 1448 371 mihi.
1461 351 1491 371 -ε-
1504 342 1567 370 Haec
1582 343 1594 377 ζ
1609 342 1674 369 dicit
1695 340 1749 367 Do-

956 390 1047 418 minus
1063 390 1195 419 Dominus
1213 391 1278 418 :2l.
1291 391 1319 418 In
1334 391 1378 418 die
1393 390 1438 417 illo
1454 389 1558 416 orietur
1575 395 1661 415 cornu
1674 385 1749 413 onmi

957 437 1049 464 domui
1071 436 1190 469 lsraelis,
1215 441 1242 465 et
1266 437 1314 464 tibi
1334 436 1403 464 dabo
1423 444 1453 463 os
1470 439 1593 470 apertum
1612 434 1639 460 in
1660 431 1750 459 medio

955 489 1062 515 eorum,
1077 487 1103 510 et
1121 483 1217 514 scient,
1236 483 1308 518 quod
1320 490 1370 517 ego
1383 490 1443 510 sum
1464 480 1607 508 Dominus.

992 528 1057 563 Cap.
1085 528 1170 556 XXX.
1190 544 1225 549 -—
1251 528 1277 555 1.
1304 528 1335 555 Et
1360 528 1459 555 factum
1484 530 1526 554 est
1551 525 1664 553 verbum
1694 523 1748 550 Do-

957 574 1024 602 mini
1037 575 1070 602 ad
1086 582 1139 607 me,
1155 574 1250 602 dicens
1267 583 1274 601 :
1294 574 1321 602 2.
1340 573 1389 600 Fili
1418 571 1548 604 hominis,
1561 571 1704 606 propheta,
1722 574 1750 597 et

957 620 1000 648 dic
1017 629 1022 648 :
1040 621 1104 648 Haec
1116 620 1181 648 dicit
1192 620 1295 647 Adoaai
1310 617 1501 649 Dominuszo,
1520 625 1537 644 ο
1557 617 1625 649 dies,
1640 616 1667 643 5.
1685 615 1748 650 quia

957 667 1126 702 propinquus
1136 667 1203 698 dies,
1217 671 1244 694 et
1260 665 1430 702 propinquus
1441 664 1499 692 dies
1511 662 1629 695 Domini,
1643 662 1701 689 dies

957 712 1039 740 nubis
1058 713 1081 747 ζ,
1102 712 1165 739 linis
1193 712 1314 747 gentium
1340 710 1401 738 crit.
1418 709 1445 736 4.
1467 708 1501 736 Et
1524 708 1615 735 veniet
1642 707 1750 740 gladius

957 766 1040 793 super
1054 757 1207 793 Egyptios,
1222 761 1249 784 et
1260 756 1311 784 erit
1329 755 1498 792 perturbatio
1518 754 1545 782 in
1557 752 1707 788 Ethiopia,
1721 757 1749 779 et

957 804 1053 832 cadent
1078 804 1162 831 occisi
1194 804 1220 830 in
1244 802 1375 838 Egypto,
1395 802 1429 836 X
1446 805 1473 828 et
1500 799 1607 835 capient
1627 798 1749 826 multitu-

958 850 1049 877 dinem
1063 849 1123 884 ejus
1138 849 1150 884 ζ
1163 869 1169 880 ,
1186 853 1213 876 et
1232 848 1330 876 cadent
1354 847 1436 875 simul
1467 846 1643 873 fundamenta
1677 844 1747 879 ejus.

957 895 985 923 5.
1001 894 1100 927 Persae,
1110 898 1136 922 et
1151 894 1308 927 Cretenses,
1322 898 1348 920 et
1361 892 1438 929 Lydi,
1454 897 1481 919 et
1495 891 1604 927 Libyes,
1615 895 1642 918 et
1653 898 1749 917 omnes

955 940 1103 973 commisti,
1118 945 1145 967 et
1165 940 1284 967 tiliorum
1311 938 1466 966 testamenti
1498 938 1562 969 mei,
1580 937 1640 972 ipso
1655 936 1746 971 gladio

955 986 1062 1013 cadent.
1079 984 1106 1012 6.
1125 986 1160 1020 >θ<
1173 983 1236 1012 Haec
1251 984 1316 1012 dicit
1334 984 1439 1011 Adonai
1463 982 1595 1011 Dominus
1611 983 1623 1018 ζ
1640 992 1647 1010 :
1662 987 1689 1009 et
1701 990 1747 1009 ea-

955 1033 1020 1060 dent
1040 1030 1226 1059 sustentaeula
1242 1030 1361 1066 Egypti,
1375 1034 1402 1057 et
1418 1029 1565 1057 descendet
1583 1029 1747 1056 contumelia

955 1077 1123 1106 fortitudinis
1135 1076 1194 1112 ejus
1207 1084 1222 1104 a
1234 1076 1341 1110 hlagdol
1355 1089 1385 1104 -ι-
1399 1083 1486 1110 usque
1500 1075 1533 1102 ad
1548 1074 1644 1108 Suua:
1659 1074 1748 1109 gladio

955 1122 1052 1149 cadent
1069 1120 1096 1148 in
1111 1129 1154 1153 ea,
1181 1119 1248 1148 dicit
1266 1120 1370 1148 Adonai
1387 1120 1529 1147 Dominus.
1545 1119 1572 1146 7.
1589 1118 1621 1146 Et
1640 1118 1746 1146 desola-

955 1166 1029 1194 bitur
1055 1166 1082 1193 in
1110 1166 1200 1194 medio
1231 1166 1371 1202 regionum
1392 1167 1426 1200 χ
1449 1165 1656 1201 depravatarum
1676 1166 1705 1200 ζ,
1721 1170 1748 1192 ιι

955 1212 1037 1240 urbes
1052 1219 1147 1240 eorum
1164 1213 1192 1239 in
1210 1212 1300 1240 medio
1325 1212 1434 1240 urbium
1451 1211 1637 1239 desolatarum
1653 1215 1747 1244 erunt,

955 1259 982 1288 8.
998 1263 1025 1287 et
1043 1258 1140 1291 scient,
1161 1258 1233 1294 quod
1260 1265 1312 1293 ego
1328 1265 1389 1284 sum
1412 1256 1557 1290 Dominus,
1572 1256 1683 1292 quando
1697 1256 1747 1284 de-

955 1305 1021 1333 dero
1048 1305 1137 1341 ignem
1169 1312 1251 1340 super
1276 1303 1433 1340 Egyptum,
1453 1308 1480 1331 et
1504 1301 1614 1330 contriti
1643 1302 1748 1330 fuerint

955 1360 1061 1384 omnes,
1087 1352 1134 1387 qui
1155 1351 1323 1379 auxiliantur
1339 1351 1374 1378 ei.
1393 1350 1420 1378 9.
1437 1349 1464 1377 ln
1484 1350 1529 1378 die
1544 1349 1591 1376 iilo
1607 1348 1747 1384 egredien-

957 1403 1001 1425 tur
1018 1397 1104 1425 nuntii
1122 1400 1155 1433 χ(
1174 1405 1189 1424 a
1206 1397 1276 1425 facie
1305 1405 1365 1424 mea
1381 1396 1472 1424 Assim
1493 1397 1505 1432 ζ
1521 1396 1681 1423 festinantes
1703 1395 1748 1422 de-

955 1452 1070 1480 pravare
1086 1444 1255 1479 Ethiopian]
1274 1445 1306 1477 >ε<
1321 1443 1370 1479 τὴν
1391 1451 1466 1478 spem
1481 1443 1506 1477 ζ,
1527 1447 1554 1469 et
1568 1442 1621 1470 erit
1641 1445 1748 1476 pertur-

956 1490 1030 1518 batio
1044 1490 1070 1517 in
1087 1490 1127 1518 eis
1140 1490 1165 1517 in
1183 1489 1227 1517 die
1239 1488 1358 1525 Egypti,
1374 1489 1437 1524 quia
1446 1496 1510 1516 ecce
1526 1488 1609 1516 venit.
1627 1487 1670 1515 10.
1686 1488 1749 1514 [huc

106 1538 189 1560 terra:
201 1532 324 1564 desertae,
337 1536 363 1559 et
376 1532 457 1559 urbes
474 1532 533 1566 cjus
547 1532 574 1559 in
588 1532 675 1559 medio
691 1533 799 1560 urbium
811 1533 904 1561 deser-
919 1542 941 1572 ο
958 1536 1023 1564 dicit
1037 1536 1168 1564 Dominus
1180 1534 1369 1562 Dominus:Et
1381 1534 1535 1569 disperdam
1546 1533 1748 1561 multitudinem

106 1583 198 1606 tarum
222 1580 347 1613 erunt,‘,t(
359 1578 525 1614 corruptio:
544 1579 725 1614 quadraginta
750 1587 837 1608 annos
857 1590 864 1608 :
881 1585 908 1607 et

108 1624 297 1653 disseminabo
313 1623 459 1660 Egyptum
477 1625 653 1660 ingentibus,
669 1631 696 1652 et
711 1626 848 1653 ventilabo
859 1634 906 1654 eos

106 1671 135 1699 in
156 1671 294 1706 regiones.
313 1671 356 1699 15.
371 1671 440 1704 Quia
457 1672 515 1698 haec
528 1671 594 1699 dicit
608 1671 737 1699 Dominus
754 1671 905 1700 Dominus:

107 1717 175 1745 Post
195 1717 378 1752 quadraginta
405 1724 493 1744 annos
514 1717 685 1752 congregabo
713 1717 855 1754 Egyptios
873 1727 906 1746 ex

109 1762 250 1798 gentibus,
264 1770 318 1797 quo
333 1762 448 1797 dispersi
471 1767 550 1790 erant
568 1762 633 1790 illuc
649 1772 656 1790 :
674 1762 717 1790 L1.
734 1769 761 1791 et
778 1763 906 1792 reducam

109 1809 296 1844 captivitatem
318 1808 519 1844 Egyptiorum,
544 1814 571 1837 et
594 1809 719 1837 habitare
744 1809 841 1837 faciam
859 1818 907 1839 eos

107 1857 137 1892 in
156 1861 229 1883 terra
244 1854 359 1883 Pathros
375 1855 424 1891 (p),
451 1855 477 1883 in
493 1859 576 1887 terra.
600 1855 671 1883 unde
687 1857 770 1884 sumti
789 1861 862 1889 sunt,
881 1861 908 1884 et

106 1901 255 1935 critXibi
278 1902 478 1936 :principatus
499 1901 610 1929 humilis
636 1911 643 1929 :
665 1902 709 1929 15.
738 1903 800 1937 plus
824 1911 906 1937 quam

107 1953 207 1973 omnes
229 1945 400 1981 principatus
413 1947 506 1980 erit)s(
518 1946 629 1974 humilis
646 1947 670 1982 ζ,
688 1955 741 1974 non
763 1955 793 1975 se
815 1947 908 1975 elTeret

106 1992 228 2026 amplius
245 1999 326 2026 super
338 1996 442 2027 gentes,
459 1996 485 2019 et
497 2000 600 2027 paucos
621 2000 668 2020 eos
684 1992 792 2026 faciam,
809 2002 843 2021 ne
853 1994 908 2021 sint

107 2036 203 2071 plures
217 2037 288 2063 inter
300 2041 393 2071 gentes
409 2036 468 2063 :16.
482 2040 509 2064 et
526 2044 580 2064 non
592 2042 672 2064 erunt
683 2038 800 2073 amplius
813 2038 907 2066 domui

105 2083 217 2111 lsraelis
233 2083 260 2110 in
275 2090 361 2118 spem,
386 2083 413 2110 in
434 2082 593 2110 memoriam
613 2089 785 2111 revocantem
805 2084 908 2120 iniqui-

105 2131 192 2153 tatem
210 2127 259 2162 (q),
285 2134 347 2154 cum
363 2127 554 2155 adhaerescunt
571 2133 632 2162 post
649 2129 731 2155 corda
753 2137 860 2163 eorum,
881 2132 908 2157 et

104 2171 207 2205 scient,
240 2172 313 2206 quod
339 2179 390 2208 ego
415 2180 474 2200 sum
496 2172 602 2200 Adonai
631 2173 774 2202 Dominus.
802 2175 846 2202 17.
873 2175 906 2203 Et

105 2217 212 2244 factum
229 2223 270 2245 est
286 2218 313 2245 in
329 2227 400 2246 anno
420 2219 553 2254 vigesimo
567 2225 593 2247 et
607 2221 734 2255 septimo,
754 2229 808 2249 uno
828 2230 904 2249 men-
923 2213 944 2241 Ῐ)

104 2263 147 2291 sis
159 2263 252 2298 primi,
265 2263 366 2292 factum
376 2270 416 2292 est
429 2266 541 2293 verbum
556 2265 664 2293 Domini
680 2267 713 2294 ad
725 2275 778 2299 me,
791 2268 883 2296 dicens
897 2278 904 2296 :

104 2310 151 2337 18.
168 2309 220 2337 Fili
235 2311 365 2352 hominis,
380 2311 636 2340 Nabuchodonosor
647 2321 694 2341 rex
706 2313 854 2350 Babylonis
869 2315 904 2350 (r)

104 2355 212 2384 servire
223 2356 287 2385 fecit
304 2359 453 2386 exercitum
468 2366 559 2392 suum,
571 2359 699 2386 servitute
716 2368 812 2396 magna
824 2369 906 2396 super

105 2401 223 2437 Tyrum,
245 2403 279 2438 (ε)
295 2411 376 2431 omne
390 2409 472 2440 caput
488 2405 606 2438 calvum,
623 2410 650 2433 et
665 2407 756 2434 omnis
770 2407 903 2436 humerus

105 2448 243 2483 depilatus
261 2458 268 2476 :
287 2454 315 2477 et
331 2457 435 2478 merces
455 2458 508 2477 non
524 2449 575 2478 fuit
596 2451 633 2485 ei,
651 2456 679 2479 et
693 2453 824 2480 exercitui
842 2454 902 2489 ejus

105 2502 191 2530 super
206 2494 320 2531 Tyrum,
343 2501 370 2525 et
391 2497 540 2530 servitutis,
558 2506 640 2533 quam
664 2499 808 2528 coluerunt
821 2509 902 2535 super

105 2548 179 2568 eam.
202 2542 244 2570 19.
258 2544 292 2577 >ον<
303 2541 417 2578 Propter
440 2543 492 2571 hoc
509 2544 520 2579 ζ
538 2544 596 2572 haec
615 2544 683 2572 dicit
701 2545 833 2574 Dominus
849 2546 902 2574 Do-

106 2586 199 2614 minus
219 2597 225 2615 :
247 2587 317 2616 Ecce
331 2590 365 2623 Χ
384 2597 435 2625 ego
454 2590 465 2625 ζ
486 2590 521 2618 do
548 2589 814 2620 Nabuchodonosori
846 2593 902 2629 regi

105 2631 254 2668 Babylonis
266 2635 300 2669 Χ
311 2635 359 2671 τὴν
378 2636 390 2671 ζ
408 2640 508 2664 terram
526 2636 645 2673 Egypti,
662 2642 689 2665 et
707 2643 797 2666 sumet
809 2639 901 2666 multi~

106 2678 230 2706 tudinem
250 2681 320 2715 ejus,
338 2686 365 2710 et
379 2683 544 2718 praedabitur
554 2684 672 2719 pnedam
690 2685 759 2720 ejus,
778 2690 805 2713 et
818 2686 902 2722 capti-

144 2784 185 2817 (η)
202 2783 322 2821 Ᾰίεγριί.
352 2786 399 2821 ν(ο)
418 2786 479 2819 Tlt.,
496 2787 615 2815 frenum.

663 2788 701 2823 (ρ)
717 2788 777 2819 ΤΙι..
792 2789 818 2816 in
838 2793 909 2817 terra
922 2789 1073 2817 nativitatis
1087 2797 1194 2817 eorum.

960 1583 1150 1619 Egyptiorum
1176 1589 1225 1617 per
1242 1588 1355 1608 manum
1370 1578 1650 1607 Nabuchodonosor-is
1677 1578 1750 1614 regis

959 1628 1115 1664 Babylonis,
1131 1627 1175 1654 11.
1192 1627 1289 1662 ipsius,
1304 1630 1330 1653 et
1356 1625 1449 1661 populi
1478 1624 1539 1659 ejus
1556 1625 1591 1658 >ε<
1604 1631 1666 1651 eum
1682 1631 1714 1649 en
1725 1623 1750 1657 ζ.

959 1677 1145 1708 corruptores,
1157 1673 1201 1708 qui
1211 1682 1227 1700 e
1238 1672 1363 1708 gentibus
1373 1671 1451 1699 missi
1463 1675 1527 1698 sunt
1535 1670 1568 1697 ad
1581 1670 1748 1705 perdendum

959 1725 1059 1748 terram
1086 1729 1092 1746 :
1113 1725 1141 1747 et
1167 1718 1340 1746 evacuabunt
1357 1724 1386 1745 νι-
1408 1723 1502 1744 omnes
1521 1715 1531 1750 ζ
1548 1715 1652 1750 gladios
1684 1723 1749 1743 suos

959 1774 1040 1801 super
1055 1765 1213 1802 Egyptum,
1229 1769 1256 1793 et
1270 1764 1417 1800 replebitur
1438 1767 1510 1791 terra
1525 1762 1624 1790 occisis
1640 1769 1647 1787 :
1666 1761 1708 1789 12.
1725 1766 1752 1789 ct

959 1812 1030 1839 dabo
1046 1811 1158 1839 ﬂumina
1176 1819 1272 1839 eorum
1287 1811 1405 1843 deserta,
1424 1810 1459 1844 >ε<
1476 1813 1503 1836 et
1528 1808 1633 1836 tradam
1652 1813 1750 1835 terram

959 1859 986 1886 in
1003 1866 1084 1885 manu
1100 1849 1233 1886 malorum
1256 1858 1288 1893 ζ,
1306 1861 1333 1884 et
1348 1857 1503 1892 disperdam
1525 1861 1637 1886 terram,
1653 1860 1677 1882 et
1695 1855 1752 1889 ple‘

960 1905 1110 1932 nitudinem
1126 1912 1220 1931 eorum
1236 1912 1297 1931 cum
1308 1903 1476 1939 plenitudine
1493 1903 1563 1937 ejus,
1579 1903 1606 1929 in
1625 1901 1752 1929 manibus

960 1951 1123 1982 alienorum,
1139 1950 1203 1985 quia
1217 1957 1267 1986 ego
1280 1948 1411 1977 Dominus
1423 1948 1528 1977 locutus
1541 1948 1666 1975 sum.15.
1683 1947 1752 1981 Quia

960 1997 1019 2024 haec
1038 1995 1105 2024 dicit
1119 1995 1252 2022 Dominus
1270 1995 1401 2022 Dominus
1416 1993 1464 2021 :Et
1480 1993 1590 2029 perdam
1611 1994 1753 2021 abomina-

961 2043 1060 2074 liones,
1079 2045 1107 2069 et
1123 2048 1231 2068 cessare.
1242 2040 1340 2067 faciam
1359 2040 1504 2074 optimates
1516 2041 1549 2066 de
1567 2039 1711 2073 Memphis,
1726 2045 1752 2066 et

960 2087 1097 2123 principes
1111 2087 1145 2115 de
1162 2091 1234 2114 terra
1247 2085 1369 2121 Egypti,
1385 2090 1411 2113 ct
1428 2093 1484 2113 non
1508 2089 1589 2112 erunt
1614 2086 1750 2120 amplius:

960 2134 1029 2168 ἣξει
1043 2133 1113 2161 dabo
1125 2137 1255 2161 terrorem
1270 2139 1303 2160 ex
1314 2137 1385 2159 terra
1400 2131 1591 2168 [EgyptiﬁJL
1604 2131 1636 2159 Et
1648 2131 1752 2166 disper-

960 2182 1021 2208 dam
1043 2186 1143 2207 terram
1165 2179 1292 2211 Pathros,
1308 2184 1334 2206 et
1349 2178 1420 2206 dabo
1441 2179 1530 2213 ignem
1552 2185 1634 2211 super
1652 2177 1752 2209 Tanin,

956 2233 983 2255 et
998 2227 1095 2255 faciam
1113 2226 1244 2253 ultionem
1255 2226 1282 2252 in
1299 2224 1431 2260 Diospoli.
1453 2224 1494 2251 15.
1513 2223 1546 2251 Et
1559 2222 1697 2250 effundam
1715 2222 1753 2249 fa-

955 2281 1046 2301 rorem
1066 2281 1157 2300 meum
1175 2279 1258 2307 super
1284 2271 1350 2299 Sain
1364 2271 1449 2299 robur
1466 2269 1586 2310 Egypti,
1605 2274 1632 2297 et
1647 2270 1752 2304 dispar»-

955 2320 1017 2346 dam
1043 2317 1247 2346 multitudinem
1271 2317 1439 2352 Mempheos,
1460 2317 1503 2343 16.
1519 2320 1547 2343 et
1570 2316 1640 2343 dabo
1662 2314 1750 2349 ignem

955 2371 1038 2398 super
1061 2363 1222 2399 zEgyptum,
1253 2367 1280 2390 et
1302 2362 1508 2398 perturbatione
1544 2359 1751 2396 perturbabitur

958 2410 1030 2442 Sais,
1049 2414 1076 2437 et
1101 2409 1127 2436 in
1149 2409 1270 2444 Diospoli
1296 2409 1348 2437 erit
1369 2409 1501 2439 scissura,
1519 2412 1546 2435 et
1564 2406 1751 2434 diﬂ'undentnr

957 2464 1045 2491 aquae.
1062 2456 1103 2482 17.
1116 2455 1234 2483 Iuvenes
1254 2456 1331 2483 urbis
1347 2456 1424 2488 solis,
1435 2461 1462 2484 et
1475 2454 1597 2486 Bubasti,
1614 2454 1641 2480 in
1661 2452 1752 2488 gladio

956 2502 1064 2534 cadent,
1083 2505 1110 2529 et
1138 2501 1268 2528 mulieres
1298 2501 1324 2528 in
1350 2502 1507 2536 captivitate
1518 2500 1606 2533 ibunt,
1622 2499 1666 2527 18.
1681 2503 1709 2526 et
1722 2498 1750 2525 in

956 2547 1097 2583 Thahphis
1111 2547 1321 2575 obtenebrescet
1331 2547 1400 2580 dies,
1420 2548 1530 2582 quando
1543 2546 1698 2575 conti-ivero
1712 2545 1750 2573 ibi

956 2598 1064 2628 sceptra
1078 2593 1154 2629 regni
1172 2593 1293 2630 Egypti,
1316 2598 1343 2621 et
1360 2594 1459 2629 peribit
1473 2593 1511 2622 ibi
1525 2593 1691 2622 contumelia
1705 2601 1750 2622 ro-

956 2639 1031 2666 boris
1054 2640 1126 2674 ejus,
1147 2644 1175 2667 et
1197 2640 1268 2667 hanc
1294 2640 1381 2667 nubes
1408 2640 1523 2674 operiet,
1550 2643 1578 2667 et
1604 2638 1666 2667 filiae
1688 2638 1750 2674 ejus

957 2685 1072 2720 captiva:
1087 2686 1231 2714 ducentur.
1250 2685 1293 2713 19.
1305 2685 1338 2712 Et
1351 2685 1448 2714 faciam
1462 2685 1566 2721 judicia
1577 2684 1604 2713 in
1617 2684 1749 2721 Egypto,

1233 2790 1270 2824 (q)
1288 2789 1328 2826 8.,
1347 2798 1409 2817 cum
1423 2789 1598 2826 confugiunt,
1610 2793 1639 2816 ut
1654 2789 1745 2826 adhae-

107 2819 252 2862 ‘reantreis.
290 2820 325 2854 (r)
340 2819 379 2853 8.,
391 2819 481 2862 colere
499 2819 732 2862 fecituegtergitum
757 2831 924 2862 stmm__opus
944 2832 1075 2862 magnum
1093 2825 1119 2852 in
1135 2825 1218 2862 Tyro.
1236 2819 1292 2862 "('s)
1307 2825 1394 2862 Omne
1413 2831 1494 2861 caput
1506 2819 1642 2853 calvities.
1657 2825 1688 2859 (‘)
1704 2823 1747 2852 Ab

107 2852 162 2882 hoc
182 2861 264 2882 versu
286 2852 370 2891 usque
392 2857 425 2886 ad
449 2857 515 2893 Cap.
535 2857 632 2892 XXXI,
645 2859 670 2893 7,
686 2867 779 2894 margo
796 2852 897 2889 codicis
913 2868 974 2889 cum
989 2852 1121 2890 omnibus
1142 2852 1427 2895 suis’notis'przecisus
1443 2852 1494 2889 est.
