1959 3079
215 128 286 158 2735

774 131 889 160 CODEX
910 127 1300 157 SYltlACO-llEXAPLARIS.

1799 126 1848 153 ’256

214 191 242 214 et
260 186 359 221 scient,
382 188 456 224 quod
472 196 524 226 ego
550 197 611 218 sum
640 188 780 218 Dominus.
796 189 840 216 20.
855 188 888 216 Et
904 187 1006 215 factum
1022 192 1044 217 Α
1057 194 1120 214 eum
1140 187 1163 221 ζ.
1181 187 1223 213 t2.
1247 186 1279 213 Et
1289 185 1464 221 perdiderunt
1479 192 1551 218 eum,
1564 189 1591 212 et
1604 184 1764 211 deleverunt
1788 191 1849 209 eum

215 237 257 261 est
277 233 304 260 in
327 241 400 261 anno
427 235 582 268 undecimo,
601 236 628 263 in
649 243 740 263 mense
767 235 867 270 primo,
890 235 1007 269 septimo

216 279 330 312 mensis,
344 278 444 308 factum
462 284 504 308 est
522 281 634 308 verbum
653 280 759 308 Domini
776 279 810 307 ad
823 287 876 312 me,
893 279 1006 307 dicens:

215 323 261 350 21.
286 324 337 352 Fili
356 325 486 358 hominis,
503 325 614 353 brachia
640 325 792 353 Pharaonis
806 325 877 360 regis
897 324 1007 360 Egypti

216 369 344 404 contrivi,
359 375 386 398 et
401 378 465 398 ecce
484 378 540 398 non
557 371 694 406 obligatus
717 375 769 403 est,
785 372 819 398 ad
844 371 964 398 dandum
981 371 1007 398 ei

217 415 361 448 medelam,
377 421 406 443 ut
423 417 533 444 daretur
547 425 630 452 super
650 425 712 444 eum
728 417 874 453 malagma,
889 417 923 444 ad
938 417 1007 444 dart—

217 461 282 488 dum
301 462 394 494 robur,
420 468 449 490 ut
473 467 578 491 teneret
605 463 736 500 gladium.
753 463 798 491 22.
818 463 931 498 Propter
955 463 1008 491 hoc

216 507 274 534 hzec
284 507 350 535 dicit
362 507 495 536 Dominus
509 508 643 538 Dominus
656 519 663 537 :
682 509 752 538 Ecce
776 518 826 546 ego
840 518 924 545 super
936 510 1008 538 Pha-

215 561 331 581 raonem
359 561 450 590 regem
468 554 588 591 Egypti,
605 560 633 583 et
648 560 788 584 conteram
809 556 919 584 brachia
948 555 1007 591 ejus

217 597 307 631 fortia,
323 603 350 626 et
369 599 513 635 disposita,
529 603 564 635 »ζ
577 606 605 629 et
622 609 670 630 eos
685 602 697 637 ζ
716 603 762 637 qui
777 602 898 635 contriti,
914 607 942 629 et
959 603 1008 630 de—

215 643 308 678 jiciam
324 645 444 680 gladium
461 646 495 674 de
511 655 594 674 manu
611 648 672 683 ejus
689 648 754 676 :‘25.
771 652 798 676 et
815 648 1006 676 disseminabo

216 690 335 726 )(ﬁjv:
351 691 498 727 Egyptum
526 693 552 720 in
571 698 675 728 gentes,
700 698 728 722 et
752 694 888 722 vcntilabo
913 701 962 722 eos
980 694 1007 720 in

217 735 341 770 regiones
357 736 422 764 :24.
443 741 470 764 et
487 738 671 766 eorroborabo
692 738 804 767 brachia
828 739 900 775 regis
917 739 1007 774 Baby‘

217 781 299 815 Ionis,
323 786 350 809 et
368 782 439 810 dabo
465 783 583 819 gladium
610 792 700 812 meum
718 785 745 812 in
768 793 880 812 manum
895 785 965 820 ejus,
981 789 1009 812 et

217 828 329 856 inducet
345 836 408 856 eum
429 837 510 863 super
525 829 686 866 Egyptum,
707 835 732 858 et
754 831 908 866 deportabit
921 831 1007 866 capti-

1059 231 1139 259 alieni
1155 236 1328 265 corruptores
1351 231 1385 258 de
1411 230 1548 265 gentibus,
1564 236 1592 257 et
1612 229 1775 264 deiecerunt
1787 236 1848 255 eum

1058 285 1140 312 super
1155 277 1295 305 montibus
1311 286 1317 304 :
1330 276 1358 304 in
1372 276 1500 304 omnibus
1512 275 1682 303 convallibus
1691 274 1850 302 ceciderunt

1058 322 1127 349 rami
1141 321 1211 357 ejus,
1225 327 1253 349 et
1274 322 1398 350 contritae
1425 324 1490 349 sunt
1506 321 1670 356 propagines
1689 321 1751 355 ejus
1765 321 1804 354 (α)
1822 319 1848 346 in

1057 368 1132 394 omni
1157 375 1254 403 campo
1279 372 1368 401 terrae,
1396 372 1424 396 et
1448 367 1650 395 descenderunt
1677 366 1713 394 de
1737 366 1849 393 umbra-

1058 413 1120 440 culo
1137 413 1174 449 (b)
1191 414 1251 449 ejus
1269 421 1364 441 omnes
1376 418 1470 449 gentes
1479 413 1652 448 populorum,
1666 412 1702 448 (ι)
1717 417 1745 439 et
1757 412 1849 439 dirue-

1057 463 1123 486 runt
1150 467 1223 487 eum.
1251 459 1296 487 l5.
1322 459 1411 494 Super
1437 459 1545 486 ruinam
1568 459 1629 494 ejus
1657 459 1851 494 requieverunt

1057 510 1154 532 omnes
1168 504 1295 532 volucres
1306 503 1379 535 cteli,
1394 507 1422 530 et
1434 510 1517 538 super
1534 502 1699 537 propagines
1714 501 1777 536 ejus
1791 501 1849 528 fue—

1057 554 1122 577 runt
1133 557 1229 577 omnes
1245 550 1340 578 bestia:
1359 549 1430 581 arvi,
1445 549 1489 576 14.
1505 553 1536 576 ut
1552 556 1586 575 ne
1596 556 1625 576 se
1641 548 1754 575 elIerant
1770 555 1850 582 super

1058 596 1246 631 magnitudine
1258 604 1306 624 sua
1327 595 1420 622 omnia
1438 595 1522 630 ligna,
1534 602 1595 629 quae
1609 594 1636 621 in
1649 602 1720 628 aqua
1735 602 1742 619 :
1755 599 1782 621 et
1798 601 1848 620 non

1057 641 1190 669 dederunt
1210 641 1372 677 principium
1390 649 1469 669 suum
1484 641 1511 668 in
1525 641 1643 668 medium
1661 640 1789 672 nubium,
1802 648 1850 667 nec

1059 692 1193 716 steterunt
1210 689 1243 722 Χ
1264 688 1298 716 ad
1317 695 1348 716 ea
1369 688 1380 722 ζ
1398 688 1426 715 in
1450 687 1593 714 altitudine
1618 695 1669 714 sua
1688 694 1786 714 omnes
1811 686 1850 712 bi-

1058 733 1155 761 bentes
1177 741 1293 768 aquam;
1308 734 1374 768 quia
1390 741 1488 760 omnes
1511 733 1567 760 dati
1584 736 1649 760 sunt
1672 732 1699 759 in
1723 736 1850 764 mortem,

1059 779 1086 806 in
1099 779 1263 814 profundum
1278 784 1356 807 terrae
1372 779 1398 806 in
1417 779 1507 806 medio
1520 778 1807 808 ﬁliorumhominum,
1817 777 1850 804 ad

1059 832 1117 858 eos,
1138 825 1185 858 qui
1203 825 1372 852 descendunt
1387 825 1413 851 in
1437 824 1553 852 foveam.
1573 824 1616 850 l5.
1634 824 1696 850 Haec
1713 823 1781 850 dicit
1799 822 1851 849 Do-

217 874 327 901 vitatetn
345 874 415 909 ejus,
438 879 465 902 et
491 875 656 909 praedabitur
681 877 799 911 prauam
827 876 898 911 ejus,
914 876 959 903 25,
976 875 1009 903 Et
1024 867 1044 895 Β
1059 871 1150 898 minus
1165 871 1203 906 (ά)
1219 870 1352 899 Dominus
1368 879 1375 897 :
1391 871 1420 898 In
1441 870 1557 906 die,quo
1569 870 1709 898 descendit
1725 869 1752 896 in
1769 868 1852 896 infer-

218 919 402 946 corroborabo
425 919 535 947 brachia
561 920 632 955 regis
651 919 817 955 Babylonis;
834 920 945 947 brachia
959 927 1009 946 au-

218 969 272 990 tem
299 964 452 992 Pharaonis
470 965 578 993 cadenti.
602 965 635 992 Et
659 965 758 999 scient,
779 967 852 1002 quod
876 975 927 1002 ego
946 974 1007 994 sum

218 1009 362 1042 Dominus,
383 1018 444 1037 cum
469 1011 570 1038 dedero
601 1011 721 1046 gladium
742 1020 832 1040 meum
855 1013 882 1039 in
910 1020 1009 1040 manus

219 1053 291 1089 regis
323 1054 480 1090 Babylonis,
510 1060 538 1083 et
560 1056 687 1084 eduxerit
707 1065 770 1084 eum
800 1065 883 1092 super
907 1062 1008 1085 terram

218 1098 339 1135 Egypti.
357 1100 402 1128 26.
417 1100 450 1128 Et
469 1101 654 1130 disseminabo
671 1103 704 1137 )t(
715 1103 764 1139 τὴν
782 1103 793 1138 ζ
810 1103 956 1138 Αεεγριυηι
982 1104 1008 1130 in

218 1150 322 1179 gentes,
348 1149 376 1173 et
399 1146 536 1174 ventilabo
552 1155 600 1175 eos
624 1149 651 1174 in
675 1148 811 1183 regiones,
827 1153 854 1175 et
870 1148 957 1176 scient
975 1154 1008 1176 +-

218 1199 315 1218 omncs
329 1190 449 1227 Egyptii
464 1192 488 1227 ζ,
501 1192 573 1227 quod
589 1200 639 1228 ego
649 1201 709 1220 sum
723 1193 867 1221 Dominus.

254 1237 321 1272 Cap.
336 1237 434 1265 XXXI.
447 1238 517 1265 --l.
538 1238 570 1266 Et
591 1245 656 1266 ecce
671 1239 699 1266 in
716 1247 788 1267 anno
808 1240 963 1273 undecimo,
981 1240 1008 1267 in

220 1289 314 1309 mense
326 1282 415 1313 tertio,
434 1291 489 1310 uno
506 1285 620 1316 mensis,
645 1284 747 1312 factum
761 1290 804 1313 est
827 1285 939 1312 verbum
954 1285 1008 1313 Do-

220 1327 286 1354 mini
299 1328 332 1355 ad
347 1336 400 1362 me,
422 1329 538 1357 dicens:
557 1330 584 1357 ‘2.
599 1329 648 1357 Fili
672 1331 802 1363 hominis,
823 1331 868 1358 dic
889 1331 922 1358 ad
937 1331 1008 1358 Pha-

219 1380 330 1400 raonem
353 1380 444 1408 regem
463 1373 584 1410 Egypti,
602 1379 629 1402 et
657 1375 825 1402 multitudini
852 1376 936 1411 ejus:
959 1375 1009 1403 Cui

219 1419 377 1447 assimilasti
395 1425 419 1447 te
437 1420 464 1447 in
479 1421 623 1448 altitudine
636 1425 682 1449 tua
691 1421 735 1449 1’5.
750 1421 819 1449 Ecce
829 1421 916 1450 Assur
928 1429 1009 1457 cypa-

221 1465 307 1493 rissus
321 1466 347 1492 in
361 1465 475 1500 Libano,
493 1471 519 1494 et
533 1467 646 1502 pulcher
673 1468 808 1504 virgultis,
823 1469 857 1503 >θ<
869 1473 895 1496 et
908 1468 1010 1496 densus

219 1510 247 1538 in
276 1512 436 1539 umbraculo
463 1513 487 1547 ζ,
510 1517 537 1540 et
561 1513 685 1541 excelsus
712 1513 907 1550 magnitudine,
928 1519 955 1541 et
982 1515 1008 1540 in

219 1557 311 1584 medio
324 1558 435 1585 nubium
455 1558 556 1586 factum
573 1564 615 1586 est
626 1559 790 1594 principium
803 1559 873 1594 ejus.
887 1559 913 1586 4.
931 1560 1009 1594 Aqua

219 1603 334 1630 nutrivit
345 1612 419 1636 eum,
437 1604 553 1640 abyssus
569 1604 699 1632 exaltavit
726 1612 801 1637 eum,
824 1604 921 1632 ﬂuvios
946 1612 1012 1632 suos

219 1649 313 1676 eduxit
341 1650 415 1677 circa
445 1651 552 1685 plantas
579 1659 654 1684 suas,
679 1655 706 1678 et
730 1651 844 1679 lacunas
875 1650 966 1678 emisit
984 1651 1011 1677 in

220 1694 313 1721 omnia
328 1694 400 1730 ligna
412 1695 510 1729 campi.
531 1695 557 1723 5.
576 1695 689 1731 Propter
705 1696 757 1723 hoc
770 1696 874 1723 elevata
891 1700 933 1723 est
953 1703 1012 1722 ma-

219 1740 334 1775 gnitudo
348 1740 408 1775 ejus
420 1741 491 1775 plus,
511 1749 593 1775 quam
609 1741 702 1774 omnia
722 1741 789 1777 ligni
816 1742 916 1776 campi,
929 1746 956 1768 et
972 1742 1013 1768 di-

223 1785 301 1813 latati
321 1791 387 1813 sunt
401 1786 469 1813 rami
485 1786 555 1821 ejus,
567 1791 594 1814 et
606 1795 636 1814 se
647 1787 804 1814 extulerunt
820 1788 939 1823 virgulta
954 1787 1013 1822 ejus

222 1839 305 1867 super
321 1839 420 1866 aquam
437 1832 561 1865 multam,
572 1833 606 1866 χ
618 1840 680 1860 cum
696 1841 725 1860 se
733 1833 892 1860 extenderet
908 1832 932 1866 ζ.
946 1832 973 1858 6.
984 1831 1012 1858 In

223 1877 348 1914 virgultis
369 1878 428 1914 ejus
443 1878 619 1906 niditiearunt
633 1887 730 1906 omnes
756 1878 882 1907 volucres
897 1879 970 1911 emli,
987 1883 1014 1906 et

223 1924 275 1951 sub
286 1924 371 1951 ramis
386 1925 446 1960 ejus
465 1929 617 1960 genuerunt
637 1932 732 1953 omnes
749 1925 842 1952 bestia:
865 1925 965 1960 campi,
985 1926 1012 1953 in

223 1969 320 1997 umbra
344 1970 404 2004 ejus
435 1970 568 1998 habitavit
592 1971 683 1998 omnis
711 1971 857 1998 multitudo
879 1971 1010 2006 gentium.

225 2015 249 2042 7.
263 2015 296 2043 Et
311 2021 370 2044 erat
383 2016 496 2051 pulcher
511 2017 538 2043 in
554 2017 698 2045 altitudine
719 2025 768 2045 sua
793 2022 904 2052 propter
925 2017 1013 2053 longi-

224 2062 345 2090 tudinem
361 2070 499 2090 ramorum
518 2071 642 2096 suorum,
662 2064 726 2099 quia
743 2068 822 2091 erant
838 2064 944 2092 radices
954 2065 1014 2099 ejus

223 2109 250 2136 in
265 2117 336 2144 aqua
361 2109 458 2137 multa.
477 2109 503 2137 8.
521 2110 552 2137 Et
569 2110 701 2146 cyparissi
721 2119 774 2138 non
789 2111 822 2146 (t)
841 2111 909 2139 tales
923 2111 950 2138 in
966 2119 1014 2146 pa-

223 2154 314 2182 radiso
332 2154 388 2188 Dei,
412 2159 439 2182 et
459 2155 532 2182 cedri
560 2163 614 2182 non
635 2155 741 2182 similes
759 2155 884 2190 virgultis
902 2155 973 2190 ejus,
986 2159 1014 2182 et

1059 924 1136 949 num,
1152 916 1186 951 (e)
1198 916 1249 944 feci
1263 917 1366 952 lugere,
1386 916 1515 944 constitui
1531 924 1614 951 super
1623 923 1684 942 eum
1698 915 1851 950 abyssum:

1059 967 1086 991 et
1100 963 1210 991 cobibui
1233 963 1344 990 ﬂumina
1376 963 1446 998 ejus,
1461 967 1490 990 et
1513 962 1624 990 cohibui
1647 961 1852 989 multitudinem

1060 1017 1162 1044 aquae:
1183 1014 1211 1037 et
1236 1009 1432 1037 obtenebratus
1461 1012 1503 1036 est
1526 1016 1609 1043 super
1631 1015 1694 1035 eum
1718 1007 1852 1039 Libanus,

1060 1055 1153 1083 omnia
1172 1055 1244 1091 ligna
1272 1054 1362 1090 campi
1396 1063 1479 1090 super
1502 1063 1535 1082 eo
1558 1055 1592 1090 (f)
1615 1054 1750 1081 dissoluta
1776 1057 1850 1081 sunt.

1060 1102 1142 1130 16.A
1162 1110 1229 1130 voce
1262 1103 1348 1130 ruinae
1376 1102 1437 1136 ejus
1465 1105 1636 1129 tremuerunt
1666 1104 1774 1134 gentes.
1790 1107 1852 1127 cum

1062 1148 1226 1176 descendere
1250 1147 1370 1175 facerent
1384 1155 1447 1175 cum
1459 1147 1487 1174 in
1507 1146 1644 1174 infernum
1663 1153 1726 1173 cum
1740 1145 1853 1172 descen—

1061 1193 1189 1221 dentibus
1211 1193 1238 1221 in
1258 1193 1364 1221 foveam
1380 1202 1386 1220 :
1406 1193 1444 1228 (g)
1465 1197 1492 1220 et
1509 1192 1724 1220 consolabantur
1745 1198 1808 1218 eum
1825 1190 1852 1217 in

1060 1244 1132 1268 terra
1149 1240 1242 1268 intima
1258 1240 1351 1267 omnia
1378 1240 1450 1275 ligna
1467 1239 1642 1271 deliciarum,
1663 1242 1689 1266 et
1705 1237 1802 1270 electa,
1818 1238 1851 1271 Ἀ

1059 1290 1087 1314 et
1106 1286 1218 1321 pulchra
1237 1286 1248 1321 ζ
1273 1285 1372 1314 Libani
1400 1285 1505 1317 omnia,
1527 1292 1588 1320 quae
1623 1284 1721 1312 bibunt
1741 1290 1853 1318 aquam.

1061 1332 1105 1360 l7.
1123 1332 1232 1359 Etenim
1253 1332 1300 1359 isti
1319 1339 1382 1359 cum
1398 1339 1432 1359 eo
1455 1331 1657 1358 descenderunt
1672 1330 1699 1357 in
1715 1329 1854 1356 infernum

1060 1377 1088 1405 in
1103 1377 1203 1404 occisis
1222 1384 1238 1404 ει
1264 1377 1363 1412 gladio,
1381 1381 1408 1404 et
1433 1384 1528 1404 semen
1544 1376 1614 1410 ejus,
1631 1375 1787 1402 habitantes
1803 1374 1856 1401 sub

1061 1422 1222 1450 umbraculo
1250 1422 1310 1457 ejus
1335 1422 1364 1449 in
1399 1422 1491 1450 medio
1525 1422 1587 1449 vitae
1614 1428 1671 1448 suae
1701 1420 1854 1456 perierunt.

1062 1469 1104 1497 18.
1122 1469 1170 1496 Cui
1188 1468 1356 1497 assimilatus
1380 1475 1409 1495 es
1435 1470 1469 1502 Ἀ(
1487 1467 1551 1500 Th.,
1577 1467 1604 1494 in
1627 1466 1800 1499 fortitudine,
1828 1471 1857 1492 et

1064 1515 1090 1542 in
1104 1515 1200 1549 gloria,
1215 1519 1243 1542 et
1258 1514 1285 1541 in
1303 1513 1491 1549 magnitudine
1511 1514 1539 1541 in
1554 1513 1634 1549 lignis
1650 1512 1827 1540 deliciarum?
1843 1513 1855 1547 ζ

1063 1566 1089 1588 et
1103 1561 1246 1593 descende,
1270 1565 1298 1588 et
1317 1560 1451 1588 deducere
1475 1567 1537 1588 cum
1551 1559 1632 1595 lignis
1650 1559 1812 1587 deliciarum
1827 1559 1856 1585 in

1062 1606 1228 1641 profundum
1255 1609 1334 1633 terra:
1360 1615 1367 1633 :
1388 1605 1416 1633 in
1441 1605 1531 1632 medio
1554 1612 1608 1632 non
1627 1604 1856 1632 circumcisorum

1062 1652 1182 1680 dormies
1201 1659 1263 1679 cum
1288 1652 1388 1679 occisis
1406 1651 1507 1686 gladio.
1525 1650 1570 1678 Sic
1586 1649 1704 1682 Pharao,
1724 1654 1753 1677 et
1769 1648 1859 1676 omnis

1063 1697 1208 1725 multitudo
1224 1705 1256 1725 +
1270 1697 1440 1726 fortitudinis
1459 1697 1470 1731 ί
1485 1697 1556 1732 ejus,
1570 1696 1638 1724 dicit
1653 1696 1789 1723 Dominus
1805 1694 1857 1722 Do-

1063 1743 1164 1771 minus.

1099 1788 1164 1822 Cap.
1180 1788 1289 1816 XXXII.
1305 1803 1340 1809 -—-
1356 1789 1380 1815 Ι.
1399 1788 1431 1815 Ει
1447 1787 1551 1816 factum
1576 1792 1619 1815 est
1647 1786 1674 1814 in
1699 1793 1774 1814 anno
1790 1786 1857 1814 duo-

1063 1834 1182 1868 decimo,
1197 1835 1224 1861 in
1239 1841 1334 1862 mense
1358 1833 1476 1866 decimo,
1491 1841 1546 1860 uno
1566 1833 1679 1864 mensis,
1698 1831 1801 1859 factum
1816 1838 1859 1858 εει

1063 1881 1176 1908 verbum
1202 1880 1311 1908 Domini
1337 1879 1371 1907 ad
1393 1887 1446 1913 me,
1472 1879 1568 1907 dicens
1586 1888 1592 1906 :
1607 1879 1634 1906 2.
1650 1879 1702 1906 Fili
1725 1877 1857 1911 hominis,

1064 1934 1173 1955 assume
1185 1927 1337 1954 lamentum
1349 1934 1433 1961 super
1446 1925 1618 1952 Pharaonem
1633 1932 1723 1958 regem
1735 1924 1858 1960 Egypti,

1063 1978 1090 2001 et
1103 1974 1178 2001 dices
1193 1973 1216 2000 ei
1231 1983 1237 2000 :
1258 1973 1296 2008 (lt)
1309 1972 1393 2000 Leoni
1415 1972 1536 2007 gentium
1553 1972 1722 2000 assimilatus
1733 1980 1766 2000 es
1780 1977 1819 2005 tu,
1831 1977 1859 1999 et

1064 2019 1134 2047 sicut
1145 2019 1228 2047 draco
1240 2019 1267 2046 in
1278 2019 1357 2050 mari,
1373 2021 1400 2046 et
1411 2018 1607 2053 eornupetebas
1616 2017 1777 2045 ﬂuminibus
1794 2017 1858 2049 tuis,

1063 2070 1091 2094 et
1104 2065 1288 2093 conturbabas
1311 2072 1410 2100 aquam
1439 2065 1555 2099 pedibus
1577 2065 1642 2095 tuis,
1659 2063 1690 2099 (ἱ)
1706 2068 1733 2091 et
1746 2063 1859 2091 concul-

1064 2112 1147 2139 cahas
1160 2111 1274 2138 ﬂumina
1295 2114 1350 2139 tua.
1368 2109 1467 2138 illaec
1481 2110 1547 2137 dicit
1561 2109 1694 2137 Dominus
1708 2109 1857 2137 Dominus:

1064 2157 1097 2184 Et
1109 2157 1209 2192 jaciam
1226 2164 1309 2192 super
1319 2160 1344 2184 te
1358 2156 1426 2184 retia
1443 2158 1477 2192 Χ
1493 2164 1563 2189 mea,
1581 2156 1609 2183 in
1624 2160 1696 2184 coetu
1711 2156 1859 2191 zgentium

222 2201 325 2229 abietes
344 2209 396 2228 non
416 2201 525 2228 fuerunt
553 2201 656 2230 similes
685 2201 769 2230 ramis
782 2202 859 2237 ejus:
877 2209 959 2229 omne
982 2201 1013 2229 li-
1029 2203 1051 2231 D
1067 2203 1225 2235 mullarum,
1238 2207 1264 2230 et
1283 2202 1424 2230 extraham
1444 2207 1469 2230 le
1493 2203 1519 2230 in
1539 2203 1620 2230 hamo
1635 2209 1706 2233 meo,
1727 2202 1755 2228 ι.
1776 2201 1813 2237 (Ir)
1834 2207 1861 2230 et

223 2255 306 2281 gnum
319 2248 345 2274 in
366 2248 493 2282 paradiso
508 2247 554 2276 Dei
564 2255 618 2275 non
633 2248 816 2276 assimilatum
828 2253 869 2275 est
878 2249 902 2276 ei
915 2248 941 2275 in
953 2248 1012 2283 pul-

222 2292 378 2320 chritudine
392 2300 453 2324 sua,
467 2293 493 2320 9.
514 2293 553 2328 (ιι)
573 2297 684 2328 propter
701 2293 903 2320 multitudinem
923 2300 1014 2320 ramo.

223 2345 282 2365 rum
296 2338 356 2373 ejus
369 2348 375 2365 :
395 2338 434 2374 (π)
443 2343 470 2365 et
485 2339 612 2366 aemulata
626 2344 689 2366 sunt
699 2347 758 2366 eam
771 2340 861 2366 omnia
879 2339 952 2374 ligna
965 2346 1014 2374 pa-

221 2384 304 2412 radisi
317 2385 538 2420 jucunditalisx
548 2385 622 2419 Deiz.
634 2385 676 2412 10.
690 2385 803 2420 Propter
817 2386 868 2413 hoc
883 2385 1014 2413 haecdieit

223 2429 355 2457 Dominus
367 2429 500 2457 Dominus
517 2439 524 2457 :
546 2430 599 2457 Pro
611 2438 643 2458 eo
654 2431 727 2466 quod
743 2430 831 2458 factus
851 2438 881 2458 es
896 2437 1014 2465 magnus

223 2476 420 2510 inagnitudine,
435 2475 569 2504 ctdcdisti
581 2477 745 2512 principium
762 2481 838 2504 tuum
854 2477 881 2504 in
894 2477 1012 2504 medium

222 2521 261 2555 (ιι)
274 2521 385 2548 nubium
399 2522 447 2557 (ι),
462 2527 489 2549 ct
502 2522 568 2555 vidi,
584 2530 647 2550 cum
666 2523 842 2555 exaltaretur,
856 2523 898 2550 ll.
915 2528 942 2549 et
958 2528 1014 2550 tra-

221 2563 279 2592 didi
296 2574 358 2594 eum
376 2567 404 2594 in
427 2576 526 2596 manus
541 2569 673 2604 principis
688 2569 820 2604 gentium,
832 2574 858 2596 et
872 2569 936 2595 fecit
951 2576 1013 2603 per-

224 2611 355 2639 ditionem
382 2613 444 2648 cjus
468 2622 475 2640 :
495 2614 572 2650 juxta
600 2615 753 2650 impietates
779 2615 838 2650 ejus
856 2616 889 2650 >κ
905 2615 1012 2650 ejiciam

261 2699 370 2737 (t)7Non
393 2708 558 2737 superarunt
575 2712 646 2733 eam.

225 2736 472 2775 aemularentur’ei.
484 2740 547 2775 _(y)
564 2740 605 2771 S.,
621 2736 913 2775 opaea.l'1'lt.,rsplssa.

225 2773 468 2812 consummabunt.
484 2772 544 2807 ΤΙιῇ
561 2775 596 2812 i_n_
605 2772 734 2812 omnibus
752 2772 861 2803 ineuliis
877 2772 966 2803 terra}.

227 2807 262 2848 if)
280 2805 326 2848 ,ξπ
339 2806 508 2848 ΐερίιυεετθ.
538 2805 662 2848 ’ΠΨ-3.,
679 2815 820 2838 mutarunt
841 2812 971 2848 speciem.

227 2842 258 2876 (ί)
276 2841 316 2877 8.,
328 2841 503 2871 calcitrabas.
546 2841 583 2879 (ir)
597 2841 659 2878 Th,
669 2851 694 2872 ct
706 2850 846 2874 conteram
857 2841 893 2875 te.

698 2706 736 2739 (τι)
751 2704 812 2737 ΤΙι.,
843 2706 986 2741 pulchram
1005 2705 1055 2733 feci
1073 2713 1132 2733 eam
1162 2706 1188 2732 in
1202 2704 1379 2732 multitudine
1393 2712 1531 2732 ramorum
1544 2704 1614 2738 ejus.

953 2741 989 2775 (π.)
1003 2741 1036 2767 Et
1050 2741 1150 2768 elatum
1163 2746 1205 2768 est
1226 2748 1272 2768 eor
1291 2740 1350 2774 ejus
1366 2747 1448 2774 super
1461 2740 1604 2767 altitudine
1618 2747 1678 2767 sua.

1025 2776 1062 2810 (b)
1089 2775 1200 2803 Eorum.

1025 2813 1062 2845 (g)
1084 2810 1126 2841 S.,
1150 2811 1404 2838 oteonsolatiunem
1428 2810 1541 2845 accepit.
1581 2810 1619 2844 (lt)
1645 2810 1688 2842 S.,
1717 2809 1860 2845 perditori.

935 2846 964 2882 (Ι)
981 2845 1022 2881 S.,
1036 2844 1196 2875 vermiculis
1215 2846 1279 2873 tuis.
1320 2846 1365 2881 (ιη)
1379 2845 1420 2878 S.,
1440 2844 1545 2874 stercus
1561 2850 1638 2873 tuum
1651 2845 1796 2881 sanguinis
1809 2844 1860 2872 tui.

1066 2250 1211 2277 extendam
1224 2255 1250 2277 te
1267 2257 1348 2285 super
1362 2254 1463 2277 terram
1481 2258 1487 2276 ;
1505 2248 1594 2283 campi
1618 2247 1806 2282 implebuntur
1825 2253 1860 2279 te,

1066 2299 1093 2322 et
1108 2294 1250 2322 subsidere
1270 2293 1369 2322 faciam
1385 2301 1467 2329 super
1482 2299 1507 2320 te
1523 2300 1619 2320 omnes
1636 2293 1765 2320 volucres
1786 2292 1860 2325 cceli,

1066 2345 1093 2369 et
1117 2340 1247 2368 saturabo
1275 2340 1309 2368 de
1333 2346 1361 2367 te
1387 2347 1484 2367 omnes
1515 2338 1618 2366 bestias
1642 2339 1733 2366 onmis
1760 2343 1860 2366 terrae:

1067 2387 1093 2413 5.
1111 2391 1139 2413 et
1153 2386 1223 2413 dabo
1247 2393 1358 2413 carnem
1375 2390 1448 2412 tuam
1467 2392 1549 2419 super
1563 2388 1682 2417 montes,
1695 2389 1723 2411 et
1741 2384 1862 2419 implebo

1067 2433 1101 2466 )3:
1119 2432 1203 2459 valles
1221 2432 1232 2467 ζ
1255 2431 1286 2466 (Ι)
1305 2431 1339 2458 de
1367 2430 1502 2466 sanguine
1530 2435 1587 2462 tuo,
1605 2430 1632 2456 6.
1650 2433 1678 2457 et
1702 2429 1862 2464 irrigabitur

1067 2483 1139 2505 terra
1159 2479 1207 2513 (nt)
1224 2477 1392 2505 stercoribus
1410 2476 1464 2504 tuis
1485 2485 1500 2504 a
1519 2476 1695 2503 multitudine
1715 2480 1762 2502 tua
1779 2482 1862 2510 super

1066 2524 1204 2551 montibus
1227 2533 1233 2550 ε
1251 2523 1336 2550 valles
1350 2522 1469 2557 implebo
1483 2526 1520 2554 te,
1533 2522 1559 2548 7.
1571 2526 1598 2549 et
1610 2521 1783 2556 eooperiam,
1798 2528 1860 2547 cum

1065 2570 1218 2597 exstinctus
1244 2568 1340 2602 lueris,
1366 2569 1478 2600 coelum,
1496 2574 1523 2595 et
1547 2570 1738 2595 tenebrescere
1763 2566 1861 2608 faciam

1066 2615 1158 2643 stellas
1179 2615 1251 2650 ejus,
1267 2617 1352 2642 solent
1382 2615 1410 2642 in
1431 2614 1504 2642 nube
1523 2614 1656 2649 operiam,
1673 2618 1701 2640 et
1727 2613 1792 2640 luna
1808 2620 1862 2639 non

1664 2705 1862 2774 esse

1259 2775 1294 2809 (c)
1313 2775 1346 2802 Et
1365 2776 1523 2809 relinquent
1546 2783 1619 2802 eum.
1675 2775 1714 2809 (ά)
1742 2775 1860 2802 Adonai.
