1959 3079
98 136 172 164 2737

663 136 865 165 IIEZECIELIS
884 138 997 167 CAPUT
1016 137 1134 166 XXXIII.

1661 136 1733 165 2738

101 195 194 224 lucere
206 195 289 223 faciet
305 196 397 225 lumen
406 198 480 232 ejus.
498 197 524 225 8.
544 197 642 225 Omnia
665 197 757 225 lucere
771 197 897 226 facientia
913 201 936 230 Α
950 206 1002 226 non
1027 197 1193 230 circumcisi,
1208 195 1291 224 occisi
1314 203 1329 223 a
1348 194 1447 231 gladio,
1462 193 1507 229 qui
1527 193 1659 222 dederunt
1678 200 1732 222 ter-

102 242 195 270 lumen
214 242 277 270 coeli
290 243 519 270 obtenebrescent
535 251 619 279 super
642 248 678 276 te,
693 249 719 272 et
736 244 806 271 dabo
823 249 898 271 tene-

102 287 169 315 bras
187 295 270 323 super
288 292 389 316 terram
413 293 501 321 tuam,
515 290 584 317 dicit
605 289 738 318 Dominus
750 289 894 318 Dominus.

103 334 132 361 9.
145 333 178 360 Et
190 334 305 362 irritabo
317 342 366 362 eor
376 336 498 370 gentium
516 336 674 367 multarum,
684 343 745 363 cum
759 336 897 364 adduxero

103 378 289 413 captivitatem
313 384 387 408 tuam
413 381 439 408 in
455 385 560 417 gentes,
576 380 603 407 in
622 386 721 408 terram
742 388 824 416 quam
842 388 896 408 non

106 425 220 452 novisti.
235 425 279 453 Io.
296 425 335 461 (η)
353 425 387 453 Et
405 427 644 454 contristabuntur
663 434 745 461 super
763 431 789 454 te
804 431 897 462 gentes

107 471 210 504 multat,
230 475 258 498 et
282 479 359 506 reges
384 479 478 499 eorum
495 473 533 507 (ο)
551 477 663 507 stupore
686 473 720 507 χ
746 480 829 508 super
844 475 894 509 te:

106 521 274 551 stupescent,
288 525 350 545 cum
364 519 495 546 volaverit
505 518 611 554 gladius
626 526 703 547 meus
721 527 802 554 super
813 519 897 548 facies

105 569 214 595 eorum,
228 563 267 598 (ν)
279 568 470 599 exspectantes
489 565 596 592 ruinam
625 572 702 593 suam
717 573 732 592 a
750 565 794 592 die
810 565 897 592 ruinae

108 611 171 634 tuae.
188 608 232 634 Η.
250 609 319 642 Quia
336 610 393 637 haec
412 610 477 638 dicit
500 609 634 639 Dominus
660 610 792 638 Dominus
809 619 817 638 :
833 610 897 638 Gla-

107 653 171 680 dius
187 655 259 689 regis
283 654 428 691 Babylonis
444 656 535 683 veniet
560 656 619 689 tibi,
638 656 682 684 l2.
696 656 723 683 in
738 656 836 692 gladiis
858 657 898 690 gi-

108 703 232 734 gantum,
252 705 281 728 et
300 701 426 736 dejiciam
455 702 640 730 fortitudinem
668 706 742 729 tuam
759 711 766 729 :
785 709 898 737 corrup-

108 749 181 771 tores
198 751 294 773 omnes
317 747 351 774 de
371 746 509 781 gentibus,
527 751 554 775 et
573 747 688 782 perdent
703 748 896 775 contumeliam

109 788 231 824 Egypti,
248 796 275 818 et
290 796 446 819 conteretur
462 793 551 820 omnis
572 792 702 821 fortitudo
716 793 787 829 ejus.
806 794 848 821 15.
864 793 898 821 Ει

109 836 221 870 perdam
235 845 317 866 omne
331 839 484 874 jumentum
499 840 558 874 ejus
569 840 604 867 ab
619 847 690 876 aqua
708 841 803 873 multa,
823 841 860 876 (q)
871 845 898 868 et

109 888 166 908 non
182 873 350 916 perturbabit
359 891 419 911 eam
439 892 486 919 pes
509 873 678 918 hominis,—et
691 873 832 920 vestigium
849 873 897 920 ju»
913 873 934 901 Β

109 928 194 955 tuenti
209 936 263 956 non
281 930 453 958 conculcabit
467 939 538 959 eam.
553 931 597 958 M.
614 938 645 959 -ι-
662 932 729 967 Sic:
742 938 807 959 tunc
819 931 898 966 quie-

109 977 188 1000 scent
202 981 281 1009 aquae
302 983 409 1008 eorum,
424 981 450 1003 et
470 977 582 1009 ﬂumina
597 984 693 1005 eorum
711 977 790 1012 quasi
806 977 895 1004 oleum

109 1017 206 1050 fluent,
233 1020 299 1047 dicit
317 1020 424 1048 Adonai
457 1021 600 1050 Dominus.
631 1023 674 1050 15.
701 1023 768 1050 Cum
795 1024 896 1052 dedero

111 1062 260 1099 (Egyptum
278 1066 305 1093 in
330 1067 518 1101 perditionem,
540 1073 567 1095 et
586 1073 690 1096 vastata
715 1069 796 1096 fuerit
825 1074 896 1096 terra

111 1117 173 1136 cum
191 1111 359 1144 plenitudine
375 1120 434 1145 sua,
449 1120 510 1140 eum
536 1113 690 1148 dispersero
705 1114 898 1142 omnes-habi-

112 1160 201 1183 tantes
226 1156 253 1183 in
279 1164 322 1189 ea,
339 1162 367 1185 et
391 1158 488 1191 scient,
507 1159 571 1193 quia
595 1166 646 1194 ego
673 1167 734 1186 sum
755 1159 896 1188 Dominus.

112 1202 157 1229 I6.
174 1201 347 1230 Lamentatio
360 1209 410 1237 est,
425 1209 451 1232 et
473 1204 698 1232 lamentabuntur
712 1212 783 1237 eam,
795 1211 822 1232 et
838 1206 898 1233 tiliae

113 1248 233 1282 gentium
257 1249 480 1278 lamentabuntur
504 1258 563 1278 eam
584 1258 666 1285 super
694 1250 851 1286 Egyptum,
872 1256 899 1279 ct

113 1301 198 1327 super
228 1301 338 1321 omnem
368 1295 558 1324 fortitudinem
592 1297 651 1330 ejus
678 1297 900 1325 lamentabuntur

112 1347 185 1371 cam,
201 1340 267 1367 dicit
283 1340 413 1369 Dominus
431 1342 572 1370 Dominus.
589 1343 631 1369 17.
651 1341 684 1369 Ει
697 1342 797 1371 factum
811 1348 852 1371 cst
870 1344 898 1371 in

113 1392 187 1412 anno
209 1385 386 1420 duodecimo,
414 1387 440 1415 in
474 1396 568 1415 mense
596 1388 694 1423 primo,
725 1389 898 1424 quindecimo

113 1431 228 1464 mensis,
242 1431 344 1460 factum
359 1437 400 1460 est
414 1433 525 1460 verbum
542 1432 650 1460 Domini
668 1433 702 1460 ad
723 1441 774 1468 me,
788 1434 898 1462 dicens:

113 1478 157 1506 18.
177 1478 228 1506 Fili
242 1479 370 1510 hominis,
378 1480 413 1515 (ν)
426 1480 574 1508 lamentare
584 1481 803 1509 lamentationem
818 1488 900 1516 super

112 1523 304 1552 fortitudinem
327 1525 448 1561 Egypti,
469 1529 496 1553 ct
519 1526 686 1554 descendere
703 1526 804 1554 facient
829 1527 899 1554 ﬁlias

111 1568 172 1603 ejus
187 1574 284 1603 gentes
301 1575 423 1598 martuas
441 1570 468 1597 in
493 1571 657 1605 profundum
679 1576 767 1605 terras,
787 1572 821 1599 ad
840 1579 898 1604 eos,

112 1614 159 1649 qui
175 1615 346 1642 descendunt
360 1615 387 1642 in
402 1615 517 1644 foveam.
531 1617 575 1644 I9.
587 1618 620 1651 Χ
634 1617 674 1644 ΑΙ)
688 1618 766 1652 aquis
779 1617 901 1652 pulchris

112 1659 212 1686 decore
231 1659 242 1694 ζ
259 1659 403 1692 descende,
423 1664 450 1687 et
467 1661 556 1688 dormi
573 1669 635 1688 cum
649 1669 703 1689 non
721 1662 901 1695 circumcisis,

112 1704 140 1732 in
156 1705 248 1733 medio
267 1706 421 1733 occisorum
440 1707 530 1742 gladio
555 1707 653 1735 cadent
672 1715 734 1735 cum
754 1716 798 1742 eo,
814 1708 859 1736 20.
876 1713 903 1737 et

112 1747 232 1775 dormiet
260 1755 342 1777 omne
373 1749 459 1777 robur
477 1751 547 1785 ejus.
566 1751 611 1778 21.
632 1751 666 1779 Ει
689 1752 782 1780 dicent
794 1753 842 1780 tibi
862 1754 903 1788 gi-

113 1798 209 1828 gantes
224 1803 232 1821 :
249 1793 280 1822 In
300 1795 437 1829 profundo
461 1796 546 1824 foveat
563 1802 623 1826 esto
641 1807 648 1824 :
669 1806 724 1833 quo
737 1799 833 1826 melior
852 1799 903 1827 es?

113 1839 260 1873 descende,
278 1845 305 1868 et
318 1842 407 1869 dormi
424 1849 486 1870 cum
511 1850 566 1870 non
585 1843 754 1871 circumcisis
769 1845 796 1871 in
814 1845 904 1872 medio

114 1887 271 1915 occisorum
283 1888 391 1923 gladiis.
407 1888 451 1915 22.
471 1889 509 1916 Ibi
524 1889 621 1922 Assur,
634 1893 661 1917 et
677 1890 768 1918 omnis
787 1898 903 1925 congre-

115 1933 188 1968 gatio
206 1933 280 1968 ejus,
301 1941 331 1961 +
346 1942 442 1962 omnes
458 1935 470 1969 ζ
484 1935 568 1963 occisi
588 1935 624 1962 ibi
638 1935 694 1964 dati
712 1940 784 1968 sunt,
805 1940 833 1963 et
858 1943 903 1964 se-

114 1979 243 2013 pulcrum
258 1987 354 2007 eorum
369 1980 395 2007 in
416 1980 551 2015 profundo
569 1980 652 2008 foveae
667 1990 674 2008 :
691 1986 719 2008 et
733 1980 805 2009 facta
815 1986 857 2010 est
871 1989 903 2010 σι-

115 2024 293 2060 congregatio
314 2024 374 2060 ejus
393 2025 417 2060 ζ,
433 2025 504 2053 circa
532 2026 689 2061 sepulcrum
718 2026 778 2061 ejus
808 2035 904 2056 omnes

116 2070 213 2104 occisi,
228 2070 277 2105 qui
299 2071 456 2099 ceciderunt
469 2071 559 2107 gladio
579 2081 587 2099 :
605 2072 650 2098 25.
664 2073 698 2106 >εί
709 2072 756 2107 qui
772 2072 906 2100 dederunt

116 2119 245 2153 sepulcra
263 2118 323 2153 ejus
337 2119 366 2146 in
388 2119 519 2147 lateribus
533 2119 638 2147 foveae:
659 2120 693 2156 (ι)
712 2125 740 2148 et
761 2121 850 2149 factus
864 2127 906 2149 est

116 2168 207 2192 cintus
219 2165 293 2193 circa
310 2165 465 2200 sepulcrum
480 2165 540 2199 ejus
555 2175 561 2193 :
578 2173 674 2194 omnes
693 2165 788 2198 occisi,
804 2166 905 2194 caden-

950 252 1039 272 rorem
1055 251 1134 272 suum
1156 250 1238 278 super
1250 247 1321 269 terra
1337 242 1408 268 vitae.
1419 240 1465 267 2'].
1481 241 1514 274 Χ
1529 238 1562 266 Ει
1575 246 1628 266 non
1644 239 1733 273 :dor-

949 290 1069 317 mierunt
1081 297 1142 316 cum
1160 287 1325 324 gigantibus,
1339 286 1386 321 qui
1400 285 1558 314 ceciderunt
1571 284 1605 311 ab
1621 288 1732 315 aeterno,

947 337 994 372 qui
1013 336 1213 364 descenderunt
1226 334 1252 361 in
1268 333 1405 361 infernum
1421 332 1449 359 in
1460 331 1544 359 armis
1560 331 1593 365 χ
1611 338 1705 357 eorum
1720 329 1731 362 ζ

948 382 1065 414 bellicis,
1079 381 1111 416 (ι)
1128 385 1155 407 et
1175 383 1326 415 pOsuerunt
1339 377 1443 413 gladios
1458 384 1522 404 suos
1535 376 1587 404 sub
1599 375 1734 410 capitibus

948 427 1016 459 suis,
1032 430 1058 454 et
1075 426 1152 453 factm
1168 429 1232 453 sunt
1251 424 1407 459 iniquitates
1421 430 1517 450 eorum
1530 429 1612 457 super
1625 421 1733 448 ossibus

947 480 1054 504 eorum,
1075 471 1138 506 quia
1151 473 1306 498 terruerunt
1325 468 1409 496 fortes
1420 468 1447 495 in
1461 468 1513 494 vita
1533 465 1646 495 sua.28.
1659 465 1693 492 Et
1705 469 1734 492 tu

947 517 975 545 in
1003 517 1093 544 medio
1119 523 1174 543 non
1204 513 1428 542 circumcisorum
1449 512 1484 545 Χ
1497 510 1646 538 contereris
1664 509 1692 544 ζ,
1707 513 1736 536 et

947 563 1067 592 dormies
1083 570 1145 590 cum
1159 561 1258 589 occisis
1273 560 1372 594 gladio.
1387 558 1433 586 9.9.
1449 557 1487 584 lbi
1505 557 1545 592 (ιι)
1559 555 1657 586 Edom,
1667 555 1735 588 χει

947 617 1024 645 reges
1038 609 1098 644 ejus
1112 608 1141 644 ζ,
1155 612 1182 635 et
1191 613 1287 634 omnes
1301 604 1438 640 principes
1448 603 1519 638 ejus,
1535 602 1583 637 qui
1599 600 1736 628 dederunt

947 655 1033 682 robur
1052 661 1132 682 suum
1156 653 1183 680 in
1210 650 1415 687 percussionem
1428 648 1531 684 gladii:
1547 647 1591 674 isti
1611 654 1672 674 cum
1689 654 1735 674 oc-
1755 686 1757 688 γ

947 700 1014 728 cisis
1035 699 1217 730 dormierunt,
1237 705 1300 725 eum
1324 694 1550 724 descendentibus
1574 693 1601 720 in
1618 692 1735 720 foveam.

946 746 991 774 50.
1007 745 1046 773 lbi
1060 745 1100 780 (π)
1119 744 1256 779 principes
1269 741 1415 778 aquilonis,
1430 747 1525 768 omnes
1540 739 1627 766 duces
1638 739 1735 769 Assur,

947 792 1144 820 descendentes
1165 789 1249 817 occisi
1270 788 1309 824 (ιι)
1324 794 1386 816 cum
1407 791 1510 814 terrore
1522 792 1583 817 suo,
1596 790 1622 812 et
1642 783 1669 810 in
1690 791 1736 810 ro-

948 838 1014 865 bore
1027 844 1078 865 suo
1096 838 1130 871 x
1150 834 1259 863 confusi
1283 835 1295 870 ζ
1314 833 1485 861 dormierunt
1506 839 1561 858 non
1580 829 1735 857 circumcisi

949 892 1010 912 cum
1024 883 1121 912 occisis
1132 882 1233 917 gladio,
1248 885 1275 909 et
1293 883 1456 915 acceperunt
1476 880 1640 906 tormentum
1654 883 1734 903 suum

948 937 1012 957 cum
1036 928 1264 956 descendentibus
1292 926 1319 954 in
1347 925 1463 953 foveam.
1490 924 1536 951 5t.
1557 922 1611 950 Eos
1636 921 1736 949 videbit

949 975 1066 1006 Pharao,
1083 979 1111 1001 et
1136 973 1350 1001 consolationem
1371 970 1485 1005 aecipiet
1515 976 1577 996 cum
1603 968 1677 994 omni
1691 975 1736 994 ro-

950 1023 1017 1050 bore
1039 1028 1145 1054 eorum,
1161 1021 1194 1054 )K
1209 1019 1291 1047 occisi
1316 1017 1405 1053 gladio
1423 1015 1585 1046 Pharaonis,
1600 1019 1627 1041 et
1645 1013 1737 1040 omnis

951 1067 1069 1103 potentia
1085 1066 1145 1101 ejus
1161 1065 1190 1099 ζ,
1203 1065 1268 1092 dicit
1290 1063 1423 1090 Dominus
1441 1060 1585 1087 Dominus.
1602 1058 1646 1086 5‘2.
1666 1057 1735 1090 Quia

950 1112 1011 1140 dedi
1035 1116 1136 1138 metum
1154 1110 1214 1144 ejus
1237 1116 1319 1143 super
1345 1112 1416 1135 terra
1434 1106 1504 1138 vitae,
1522 1109 1549 1132 et
1572 1103 1689 1131 dormiet
1708 1103 1735 1129 in

951 1158 1041 1186 medio
1056 1165 1110 1185 non
1125 1156 1350 1184 circumcisorum
1370 1161 1432 1181 cum
1447 1151 1546 1180 occisis
1561 1151 1650 1186 gladio
1663 1149 1734 1175 Pha-

950 1211 1010 1235 rao,
1030 1208 1057 1231 et
1082 1203 1172 1230 omnis
1191 1200 1334 1229 multitudo
1353 1199 1424 1234 ejus,
1451 1198 1517 1226 dicit
1537 1196 1668 1224 Dominus
1680 1194 1735 1222 Do-

951 1249 1053 1276 minus.

986 1295 1052 1329 Cap.
1069 1291 1188 1319 XXXIII.
1199 1306 1234 1311 —
1248 1291 1272 1318 1.
1286 1291 1319 1319 Et
1331 1289 1432 1318 factum
1447 1291 1489 1317 est
1500 1287 1614 1316 verbum
1629 1285 1738 1312 Domini

952 1340 985 1367 ad
1001 1347 1053 1373 me,
1070 1339 1163 1367 dicens
1180 1347 1187 1365 :
1205 1337 1232 1364 2.
1249 1336 1300 1364 Fili
1327 1335 1457 1368 hominis,
1485 1335 1596 1369 loquere
1613 1331 1676 1359 filiis
1691 1338 1739 1365 po-

951 1385 1007 1421 puli
1021 1385 1070 1417 tui,
1095 1389 1122 1412 et
1138 1383 1212 1412 dices
1237 1383 1270 1410 ad
1290 1390 1359 1409 eos:
1375 1380 1468 1412 Terra,
1493 1387 1575 1414 super
1596 1385 1676 1413 quam
1694 1377 1738 1404 in-

952 1432 1057 1459 duxero
1073 1431 1203 1466 gladium,
1227 1433 1255 1457 et
1274 1428 1403 1456 sumserit
1430 1426 1547 1462 populus
1573 1425 1633 1459 ejus
1660 1427 1740 1451 terra:

953 1477 1089 1505 hominem
1106 1484 1189 1504 unum
1204 1475 1241 1511 (ι)
1255 1483 1287 1503 ex
1305 1475 1356 1506 eis,
1372 1477 1400 1501 et
1418 1473 1542 1500 dederint
1559 1479 1621 1498 eum
1638 1470 1690 1498 sibi
1710 1469 1738 1496 in

952 1524 1162 1559 speculatorem.
1174 1523 1201 1550 3.
1215 1526 1242 1549 et
1256 1521 1352 1548 viderit
1361 1520 1480 1555 gladium
1491 1518 1642 1545 venientem
1656 1523 1739 1551 super

951 1575 1062 1602 terram,
1081 1573 1108 1597 et
1129 1567 1262 1596 clanxerit
1284 1567 1359 1599 tuba,
1379 1570 1406 1593 et
1421 1563 1615 1600 significaverit
1627 1563 1738 1598 populo,

951 1615 978 1642 4.
994 1620 1021 1642 et
1034 1614 1169 1641 audiverit
1187 1612 1303 1640 audiens
1318 1619 1411 1639 vocem
1428 1609 1510 1641 tubae,
1523 1612 1550 1635 ct
1569 1615 1625 1635 non
1646 1614 1675 1634 se
1692 1614 1739 1633 cu-

952 1660 1104 1692 stodiverit,
1118 1663 1145 1687 et
1160 1658 1264 1686 venerit
1286 1665 1369 1692 super
1384 1663 1447 1683 eum
1460 1653 1577 1690 gladius,
1597 1657 1624 1680 et
1644 1659 1740 1687 appre-

952 1704 1077 1732 henderit
1091 1711 1166 1737 eum,
1184 1702 1297 1738 sanguis
1310 1701 1370 1736 ejus
1383 1708 1465 1736 super
1475 1704 1557 1734 caput
1571 1698 1657 1732 ipsius
1672 1696 1738 1729 erit;

953 1751 980 1778 5.
993 1751 1059 1786 quia
1070 1758 1162 1778 vocem
1178 1750 1251 1777 tubae
1268 1756 1330 1776 cum
1344 1747 1457 1779 audivit,
1468 1753 1522 1773 non
1538 1752 1567 1773 se
1581 1743 1737 1774 custodivit,

953 1795 1064 1831 sanguis
1075 1795 1135 1830 ejus
1150 1802 1231 1829 super
1244 1801 1306 1821 eum
1326 1793 1378 1820 erit
1395 1800 1402 1819 :
1418 1797 1445 1818 et
1461 1790 1514 1822 hic,
1527 1789 1592 1825 quia
1605 1795 1635 1816 se
1647 1791 1740 1815 custo~

953 1843 1032 1874 divit,
1052 1842 1171 1868 animam
1188 1847 1265 1867 suam
1287 1837 1423 1866 liberavit.
1442 1837 1469 1863 6.
1491 1835 1523 1863 Et
1545 1835 1700 1870 speculator
1717 1833 1740 1860 si

954 1888 1051 1915 viderit
1065 1887 1185 1922 gladium
1198 1885 1362 1916 venientem,
1376 1888 1404 1910 et
1421 1890 1473 1910 non
1488 1879 1681 1916 signiﬁcaverit
1695 1885 1741 1913 per

955 1934 1058 1966 tubam,
1074 1938 1101 1960 et
1115 1932 1230 1967 populus
1242 1938 1296 1958 non
1307 1937 1337 1957 se
1346 1928 1534 1960 custodiverit.
1548 1931 1576 1955 et
1588 1933 1650 1954 cum
1668 1924 1742 1952 venit

954 1981 1070 2017 gladius,
1086 1980 1179 2007 tulerit
1197 1987 1230 2006 ex
1248 1978 1288 2006 eis
1303 1978 1434 2009 animam,
1449 1975 1495 2002 illa
1512 1978 1623 2009 propter
1639 1971 1741 2006 iniqui-

955 2033 1036 2056 tatem
1052 2034 1130 2054 suam
1144 2029 1222 2060 capta
1237 2028 1292 2057 est,
1313 2027 1341 2051 et
1360 2022 1521 2057 sanguinem
1545 2027 1560 2047 e
1580 2026 1662 2046 manu
1683 2024 1742 2052 spe-

955 2072 1086 2100 culatoris
1101 2071 1251 2106 requiram.
1266 2069 1291 2096 7.
1312 2068 1345 2095 Et
1358 2072 1396 2100 tu,
1412 2067 1450 2094 Illi
1467 2065 1595 2097 hominis,
1618 2063 1742 2098 specula-

956 2124 1042 2146 torem
1055 2117 1118 2145 dedi
1133 2122 1159 2144 te
1169 2115 1263 2143 domui
1281 2114 1401 2146 Israclis,
1417 2116 1444 2140 et
1458 2111 1553 2139 audies
1572 2117 1605 2137 ex
1622 2116 1669 2136 ore
1681 2115 1742 2135 meo

957 2164 1080 2196 verbum,
1096 2164 1130 2198 x
1144 2167 1172 2191 et
1190 2161 1329 2190 custodies
1348 2167 1396 2188 eos
1416 2167 1432 2186 a
1452 2165 1495 2185 me
1516 2157 1539 2192 ζ.
1555 2156 1581 2184 8.
1598 2155 1666 2183 Cum
1682 2153 1743 2181 dico

116 2215 158 2239 tes
173 2211 289 2246 gladio:
303 2211 350 2246 qui
362 2211 495 2240 dederunt
509 2212 632 2240 timorem
649 2220 730 2240 suum
740 2219 822 2247 super
834 2217 905 2240 terra
922 2227 943 2254 Β
957 2210 1093 2245 peccatori
1110 2219 1116 2236 :
1132 2210 1165 2243 Χ
1186 2208 1315 2235 Peccator
1329 2207 1357 2241 ζ,
1377 2209 1466 2254 morte
1489 2203 1627 2254 morieriS,
1637 2205 1674 2253 .et
1689 2207 1745 2226 non

117 2257 192 2285 vitae.
207 2257 254 2284 24.
269 2256 306 2284 Ibi
326 2256 428 2290 (Elam,
444 2262 470 2285 et
486 2257 576 2286 omnis
601 2257 730 2285 fortitudo
753 2258 814 2293 ejus
832 2258 905 2286 circa

117 2302 278 2337 sepulcrum
294 2301 354 2336 ejus
372 2312 378 2330 :
394 2309 491 2331 omnes
502 2303 597 2337 occisi,
616 2304 664 2338 qui
679 2303 836 2331 ceciderunt
846 2304 905 2338 gla-

116 2347 176 2380 dio,
193 2352 222 2375 et
233 2348 280 2383 qui
299 2348 468 2377 descendunt
484 2356 538 2377 non
567 2349 723 2377 circumcisi
740 2349 769 2376 in
793 2349 905 2384 profun-

116 2394 184 2421 dum
199 2398 289 2426 terrae,
303 2395 350 2429 qui
362 2394 495 2422 dederunt
505 2395 630 2422 timorem
644 2403 724 2423 suum
738 2401 821 2430 super
832 2399 904 2422 terra

117 2440 192 2473 vita,
212 2443 240 2467 et
255 2445 420 2475 acceperunt
436 2444 602 2468 tormentum
618 2448 698 2469 suum
720 2448 783 2468 cum
799 2440 844 2472 iis,
861 2440 909 2475 qui

118 2485 289 2513 descendunt
317 2486 345 2513 in
374 2486 480 2513 foveam
499 2485 544 2512 25.
566 2486 594 2513 in
622 2485 712 2513 medio
744 2485 908 2513 occisorum.

118 2532 164 2559 26.
182 2531 222 2559 Ibi
234 2531 290 2559 dati
299 2531 497 2564 suntMosoch,
513 2536 541 2560 et
556 2531 673 2564 'I‘hobel,
690 2535 718 2559 et
733 2538 814 2558 omne
827 2531 910 2558 robur

118 2577 180 2612 ejus
188 2577 263 2605 circa
276 2578 432 2612 sepulcrum
445 2577 517 2613 ejus,
531 2585 628 2606 omnes
637 2577 722 2606 occisi
731 2577 800 2613 ejus,
815 2583 910 2604 omnes

156 2658 195 2695 (in)
217 2657 260 2689 S.,
285 2661 314 2685 et
337 2662 493 2695 stupescere
514 2658 611 2686 faciam
638 2662 801 2694 proptcr'te
831 2664 924 2695 gentes
950 2660 1061 2687 multas.

123 2693 324 2721 inhorreseent.

122 2735 215 2764 suam.
270 2728 307 2762 (q)
322 2727 363 2761 8.,
380 2728 464 2764 itahut
484 2737 537 2756 non
562 2727 711 2764 perturbet.

123 2762 258 2799 prolonga
277 2770 349 2799 cam,
369 2767 396 2799 et
415 2762 485 2791 filias

123 2797 197 2826 circa
211 2797 336 2833 sepulcra
351 2798 421 2833 ejus.
462 2799 494 2833 (ι)

534 2819 552 2832 .,
566 2804 593 2827 et
606 2805 739 2834 ponentur
747 2799 828 2834 gladii
841 2807 935 2827 eorum
950 2799 1000 2826 sub
1013 2799 1146 2834 capitibus
1164 2807 1266 2827 eorum.
1306 2800 1344 2833 (ιι)
1361 2798 1418 2825 Dali
1436 2802 1508 2827 sunt.

959 2257 1066 2284 locutus
1081 2255 1177 2287 fueris,
1195 2258 1225 2282 ut
1249 2261 1280 2281 se
1298 2252 1434 2281 custodiat
1460 2250 1562 2284 impius
1584 2256 1599 2276 a
1619 2247 1661 2275 via
1683 2253 1742 2278 sua,

959 2303 1005 2330 ille
1023 2302 1135 2338 iniquus
1150 2302 1177 2329 in
1192 2301 1336 2336 iniquitate
1352 2305 1401 2326 sua
1416 2297 1564 2329 morietur;
1583 2294 1744 2330 sanguinem

959 2353 1048 2376 autem
1058 2348 1118 2382 ejus
1131 2355 1146 2375 e
1158 2354 1239 2374 manu
1256 2350 1301 2373 tua
1315 2346 1465 2379 requiram.
1479 2343 1554 2371 9.'I‘u
1563 2349 1626 2369 vero
1640 2341 1662 2368 si
1676 2346 1745 2374 prm-

960 2393 1066 2421 veneris
1092 2392 1295 2420 annuntiaveris
1328 2391 1411 2427 impio
1436 2391 1506 2418 viam
1538 2395 1628 2420 suam,
1655 2391 1683 2413 ut
1715 2393 1746 2412 se

958 2443 1062 2467 avertat
1084 2439 1119 2465 ab
1138 2446 1180 2471 ea,
1203 2442 1231 2465 et
1258 2445 1311 2464 non
1328 2445 1358 2465 se
1386 2436 1514 2464 averterit
1529 2442 1544 2461 a
1559 2434 1602 2461 via
1620 2440 1680 2464 sua,
1700 2431 1746 2457 hic

958 2485 1096 2520 impietate
1112 2492 1160 2512 sua
1178 2484 1319 2515 morietur,
1339 2487 1367 2511 et
1390 2489 1418 2510 tu
1441 2482 1560 2509 animam
1584 2484 1658 2507 tuam
1676 2478 1745 2505 libe-

959 2531 1034 2558 rasti.
1052 2531 1094 2558 10.
1114 2531 1148 2558 Ει
1167 2534 1206 2563 ιιι,
1227 2530 1262 2557 lili
1280 2529 1409 2562 hominis,
1433 2528 1477 2556 die
1499 2527 1594 2555 domui
1618 2526 1743 2553 lsraelis:

960 2576 1005 2604 Sic
1016 2577 1099 2605 locuti
1119 2577 1196 2608 estis,
1209 2576 1331 2604 dicentes
1344 2585 1351 2602 :
1363 2575 1476 2603 Errores
1495 2574 1591 2608 nostri,
1605 2578 1632 2601 et
1644 2571 1746 2607 iniqui-

1117 2659 1154 2694 (ο)
1176 2659 1217 2691 S.,
1238 2667 1267 2687 se
1288 2659 1373 2694 eriget
1399 2657 1514 2692 capillus
1543 2663 1667 2694 eorum._
1682 2655 1744 2683 ΤΙι..

375 2691 413 2733 (tt)
441 2692 482 2725 S.,
504 2699 531 2721 et
556 2691 750 2733 obstupescth
768 2691 877 2733 protiter
887 2695 1058 2733 _ltatc,__qu~.c
1078 2691 1170 2733 subito
1186 2696 1264 2733 _ticnt,
1286 2691 1476 2733 unusquisque
1499 2691 1745 2733 propternanlimam

763 2727 798 2765 (ν)
818 2727 863 2762 ’8η
886 2729 946 2762 ΤΙι,,
964 2727 1013 2757 dic'
1023 2729 1158 2765 canticum
1176 2729 1210 2756 de
1237 2727 1546 2765 multitudineIEgypti,
1562 2731 1589 2765 et
1612 2727 1747 2765 inclinans

528 2761 631 2792 eniium
649 2761 774 2792 discerne
789 2761 824 2791 'in
845 2761 971 2792 turmam.
1024 2764 1057 2792 (si
1079 2763 1119 2792 S..
1138 2764 1208 2790 facta
1237 2768 1279 2791 est
1295 2763 1438 2790 multitudo
1454 2761 1513 2792 eius
1532 2761 1654 2792 uniuscth

1024 2764 1057 2799 (δ)
1079 2763 1119 2795 S.,
1138 2764 1208 2790 facta
1237 2768 1279 2791 est
1295 2763 1438 2799 multitudo
1454 2762 1513 2798 ejus
1532 2762 1746 2799 unius_cujusqu_c

1551 2798 1588 2832 (at)
1604 2795 1644 2829 S.,
1660 2795 1745 2823 uncti.

125 2834 162 2868 (ν)
177 2832 218 2866 8.,
237 2832 300 2861 cum
314 2832 376 2862 victi
394 2839 456 2862 sunt
467 2832 489 2862 7a
501 2832 672 2863 robore—suo.
712 2832 760 2870 (zi'
770 2834 827 2868 Th.,
844 2843 857 2861 τι
874 2839 948 2870 parte
962 2832 1064 2863 eorum.
