1959 3079
206 105 276 133 2⁸159
754 94 864 122 CODEX
887 92 979 121 SYRU

1081 91 1284 119 EXAPLARIS.
1768 90 1814 117 97
1822 90 1854 115 tn

208 155 279 179 tates
307 156 410 180 nostr:
427 158 510 188 super
539 159 590 181 nos
612 157 686 185 sunt,
704 153 772 180 etin
791 153 831 180 eis
845 160 897 180 nos
913 152 1000 186 lique-
1015 152 1038 179 Α
1052 159 1111 178 ram
1128 152 1264 179 desertam
1281 154 1307 178 et
1330 149 1491 179 desolatam.
1515 147 1561 183 (ιη)
1579 152 1606 174 et
1620 147 1720 182 peribit
1743 153 1854 175 contu-

207 197 322 230 scimus,
340 202 368 225 et
386 197 524 232 quomodo
548 198 691 226 vivemus?
714 198 756 225 ti.
778 197 822 226 dic
847 199 887 226 eis
906 208 912 226 :
932 198 1000 225 \‘ivo
1052 197 1133 224 melia
1144 197 1251 224 roboris
1272 197 1343 231 ejus,
1357 199 1385 223 et
1398 194 1577 222 vastabantur
1598 199 1706 221 montes
1723 193 1857 222 lsraelis.

207 250 270 278 ego,
284 243 351 272 dicit
360 243 464 272 Adonai
480 244 622 277 Dominus,
640 251 693 271 non
705 242 768 270 volo
779 248 895 271 mortem
910 244 998 279 impii,
1053 248 1165 278 propter
1177 242 1203 269 id
1216 241 1289 277 quod
1305 249 1360 269 non
1375 241 1420 272 sit,
1443 239 1491 273 qui
1508 239 1628 267 ambulet
1640 239 1668 266 in
1681 240 1734 267 eis.
1749 239 1799 267 29.
1821 237 1858 265 Et

209 289 282 317 sicut
295 289 371 322 illud,
385 293 415 316 ut
429 297 459 317 sc
472 293 579 316 avertat
591 289 691 324 impius
704 296 720 316 a
735 288 778 316 via
795 296 855 322 sua,
867 294 894 316 ct
906 289 999 317 vivat:
1052 287 1151 321 scient,
1167 288 1233 323 quia
1252 295 1303 322 ego
1322 294 1383 315 sum
1401 285 1534 313 Dominus
1548 294 1556 312 :
1577 290 1605 313 et
1628 285 1727 313 faciam
1744 290 1857 313 terram

209 336 369 364 revertendo
395 335 564 364 revertimini
584 343 598 362 a
621 335 663 362 via
687 339 776 362 vestra
799 337 833 370 >ῖ<
857 336 928 363 mala
949 345 955 363 :
974 341 1002 364 et
1053 341 1150 362 eorum
1165 333 1312 366 desertam,
1325 337 1354 361 et
1367 332 1520 360 vastabitur
1535 336 1644 366 propter
1658 339 1755 358 omnes
1777 331 1859 358 abo-

210 390 295 417 quare
311 382 464 409 moriemini
488 383 515 417 ζ,
530 382 628 410 domus
654 381 783 410 lsraelis?
798 381 841 409 12.
857 383 891 416 χ
911 381 943 409 Et
959 386 983 410 tu

1086 378 1219 407 inationes
1229 385 1335 411 eorum,
1351 385 1420 413 quas
1435 377 1567 405 fecerunt.
1580 377 1625 404 50.
1641 376 1674 404 Et
1685 382 1725 409 tu,
1739 377 1775 404 lili
1799 377 1859 403 ho—

210 427 248 454 tili
268 426 386 454 hominis
411 427 440 461 ζ,
457 427 501 455 dic
530 427 564 454 ad
590 426 661 453 tilios
686 425 778 461 populi
804 425 845 454 tui
865 434 871 452 :
891 424 1001 453 Iustitia
1055 425 1147 458 minis,
1164 425 1211 452 ﬁlii
1228 424 1321 460 p0puli
1340 424 1379 451 tui
1391 425 1536 458 loquentes
1553 423 1588 451 de
1605 423 1722 458 tejuxta
1738 429 1856 452 muros,

206 473 274 507 justi
294 481 347 500 non
364 473 489 500 liberabit
516 480 579 500 eum
603 472 630 500 in
648 471 703 505 die,
725 481 781 508 quo
793 472 926 500 erraverit
945 480 952 498 :
976 475 1003 499 et
1053 475 1080 498 ct
1097 471 1125 498 in
1149 469 1290 498 liminibus
1315 470 1471 502 domorum,
1499 474 1526 498 et
1545 470 1695 503 loquuntur
1724 476 1797 495 unus
1819 468 1859 502 Χ

211 519 343 553 iniquitas
363 518 401 554 (α)
418 519 505 553 iniqui
526 526 580 546 non
600 518 638 553 (ὁ)
657 519 767 546 nocebit
786 519 811 546 ci
828 518 854 545 in
875 518 930 549 die,
947 524 1002 552 quo
1055 524 1118 545 cum
1130 517 1211 552 uno:
1229 516 1313 544 homo
1328 515 1404 544 fratri
1419 515 1458 551 (η)
1473 522 1580 547 eorum,
1590 515 1714 542 dicentes
1733 524 1739 542 :
1759 515 1858 542 Acce-

211 572 242 592 sc
254 564 419 592 converterit
433 564 468 591 ab
485 564 630 599 iniquitate
644 572 693 592 sua
710 574 717 592 :
732 569 759 591 ct
771 564 862 599 justus
879 571 934 591 non
952 570 1002 598 ρο·
1055 563 1165 595 damus,
1178 568 1205 591 et
1220 562 1365 590 audiamus
1380 563 1414 596 χ(
1432 561 1514 589 verba
1535 561 1546 595 ξ
1562 568 1623 596 qua
1638 560 1825 596 egrediuntur
1839 568 1857 587 a

214 610 277 638 terit
298 609 332 645 (ε)
351 610 449 637 salvari
469 611 503 644 )t(
529 610 557 637 in
581 609 625 636 die
650 610 754 644 peccati
775 610 853 644 suiz.
871 609 912 636 l5.
935 609 1002 636 Cum
1055 609 1183 636 Domino.
1201 609 1246 636 5L
1263 607 1296 636 Et
1309 608 1422 635 veniunt
1450 607 1484 635 ad
1509 612 1545 639 te,
1571 607 1643 635 sicut
1665 606 1739 634 venit
1765 607 1856 634 simul

211 656 306 683 dixero
322 655 414 690 justo,
432 655 491 683 Vita
522 655 609 687 vives.
632 659 660 682 et
685 655 731 682 hic
755 655 895 682 conﬁdens
922 661 1004 689 super
1056 655 1186 690 populus,
1197 659 1224 682 et
1237 655 1438 682 sedentcontra
1458 657 1483 680 te
1500 655 1533 687 χ
1552 653 1668 688 populus
1683 661 1764 680 meus
1781 654 1808 687 ζ.
1828 657 1859 680 et

210 703 319 738 justitia
343 709 404 735 sua,
425 706 453 729 et
467 701 563 729 fecerit
586 702 769 737 iniquitatem,
782 708 876 729 omnes
888 701 1004 735 justitite
1056 702 1172 729 audiunt
1185 702 1268 730 verba
1286 706 1343 735 tua,
1359 706 1385 729 et
1400 708 1496 729 canon
1508 700 1621 733 facient;
1636 700 1674 734 (ο)
1687 700 1754 735 quia
1770 707 1857 726 men-

212 749 273 783 ejus
292 756 346 776 non
376 749 612 781 memorabuntur,
635 749 662 776 in
689 748 822 783 iniustitia
843 755 904 780 sua,
920 755 1003 782 quam
1056 748 1166 777 dacium
1181 749 1209 776 in
1226 756 1274 777 ore
1290 756 1386 776 eorum
1403 750 1437 782 Χ
1454 748 1491 775 illi
1507 747 1611 774 faciunt
1626 748 1650 782 ζ,
1664 753 1691 774 et
1708 751 1770 782 post
1781 747 1858 774 abo-

214 795 289 828 l‘ccit,
306 795 333 822 in
351 802 384 822 ea
405 794 548 822 morietur.
572 795 616 821 Li.
644 794 676 822 Et
697 802 759 822 cum
785 795 881 823 dixero
909 795 1003 830 impio,
1022 821 1041 830 η
1057 796 1221 824 minationes
1230 803 1326 823 eorum
1349 803 1397 823 cor
1412 802 1506 822 eorum
1527 796 1560 828 χ
1577 794 1699 821 ambulat
1717 793 1801 828 3.52.
1822 793 1858 820 Et

212 840 301 868 Morte
322 841 463 874 morieris,
477 847 504 869 et
526 849 555 869 se
578 841 706 868 averterit
727 848 743 868 a
767 845 878 876 peccato
900 848 962 873 suo,
978 845 1005 868 et
1021 840 1042 849 "
1059 842 1097 870 sis
1111 841 1163 874 eis,
1178 841 1249 869 sicut
1272 849 1324 868 vox
1342 841 1455 869 cithara:
1472 842 1565 869 suavis
1584 848 1663 873 sono,
1687 841 1758 868 bene
1786 848 1859 868 con-

214 887 461 922 feceritjudicium.
473 887 656 922 etjustitiam,
670 887 713 914 15.
724 892 750 914 et
759 887 857 922 pignus
870 885 1004 914 debitoris
1058 888 1156 920 cinnata,
1170 892 1197 915 et
1208 888 1319 916 audient
1338 888 1419 915 verba
1437 891 1494 920 tua,
1515 892 1542 914 et
1559 895 1613 914 non
1642 887 1742 914 facient
1759 894 1802 920 ea,
1819 888 1858 920 Χ

215 933 376 966 reddiderit,
401 939 429 961 et
455 934 580 968 rapinam
607 932 778 967 rependerit,
806 932 833 959 in
862 932 1005 966 praeceptis
1057 934 1122 970 quia
1139 934 1311 962 mendacium
1326 934 1353 961 in
1370 941 1418 961 ore
1431 934 1556 968 eorumz.
1577 934 1621 960 55.
1635 933 1668 960 Et
1683 941 1747 960 cum
1766 941 1858 960 vene-

216 979 278 1006 vita:
296 978 488 1010 ambulaverit,
507 983 536 1005 ut
548 986 583 1006 ne
600 977 682 1005 faciat
695 977 837 1011 iniustum,
852 977 907 1004 vita
923 977 1004 1009 vivet,
1058 980 1125 1013 rint,
1145 987 1176 1007 -ι-
1197 980 1288 1008 dicent
1305 980 1329 1015 ξ,
1347 986 1411 1007 ecce
1440 979 1564 1012 veniunt,
1592 983 1620 1006 et
1649 979 1747 1011 scient,
1776 977 1857 1014 quod

213 1029 307 1052 etnon
326 1025 467 1052 morietur.
486 1025 529 1052 16.
546 1023 642 1052 Omnia
656 1027 768 1058 peccata
778 1022 850 1058 ejus,
865 1030 927 1057 qua:
943 1031 1008 1058 pee-
1058 1024 1190 1060 propheta
1209 1029 1269 1051 erat
1279 1024 1306 1051 iu
1320 1024 1409 1052 medio
1420 1031 1525 1051 eorum.

214 1070 297 1103 cavit,
315 1078 369 1098 non
390 1070 616 1098 memorabuntur
632 1071 665 1103 Ἀ(
676 1069 700 1098 ei
715 1071 744 1105 ζε
759 1069 822 1105 quia
832 1069 967 1105 judicium
980 1074 1008 1097 et
1097 1070 1162 1106 Cap.
1178 1069 1379 1098 XXXIV.-—L
1397 1070 1427 1097 Et
1440 1070 1543 1097 factum
1558 1073 1600 1097 "est
1613 1069 1726 1097 verbum
1742 1069 1857 1096 Domini

212 1115 349 1150 justitiam
366 1115 440 1147 fecit,
457 1116 484 1143 in
497 1116 538 1144 eis
553 1116 634 1143 vivet.
646 1116 688 1143 Π.
700 1115 733 1144 ΕΙ.
745 1116 837 1144 dicent
851 1116 899 1144 ﬁlii
915 1116 1008 1151 populi
1060 1119 1093 1146 ad
1119 1126 1172 1151 me,
1190 1118 1285 1146 dicens
1300 1126 1308 1144 :
1328 1117 1356 1145 2.
1371 1117 1422 1144 Fili
1447 1116 1584 1148 hominis,
1612 1116 1745 1150 propheta
1769 1122 1858 1150 super

215 1162 276 1189 tui:
290 1161 330 1198 (ά)
342 1161 402 1189 Non
414 1167 486 1190 recta
503 1162 544 1190 via
555 1161 664 1189 Domini
678 1170 687 1190 :
702 1167 730 1190 et
741 1162 798 1190 haec
812 1162 854 1189 via
866 1170 962 1190 eorum
973 1161 1008 1196 (ε)
1059 1169 1184 1200 pastores
1205 1163 1324 1196 Israelis,
1341 1163 1484 1198 propheta,
1502 1167 1530 1190 et
1547 1163 1591 1190 die
1614 1164 1646 1191 ar
1668 1162 1707 1196 (ρ)
1724 1162 1757 1189 ad
1776 1168 1828 1188 eos
1843 1162 1855 1195 ε

218 1214 272 1235 non
287 1211 371 1234 recta.
383 1208 417 1241 χ
431 1207 531 1235 Audite
550 1212 654 1239 autem,
678 1207 778 1235 domus
795 1206 904 1236 lsraelis
919 1217 926 1234 :
943 1215 1008 1234 num
1061 1211 1217 1246 pastoribus
1227 1219 1235 1239 ι
1247 1209 1310 1238 Haec
1324 1210 1392 1238 dicit
1405 1209 1536 1238 Dominus
1549 1209 1683 1237 Dominus
1699 1218 1705 1236 :
1719 1207 1743 1236 0
1759 1213 1857 1243 pasto-

217 1251 262 1279 via
274 1259 333 1279 mea
348 1259 403 1279 non
414 1256 487 1279 recta
497 1259 550 1279 non
566 1251 637 1279 fuit?
648 1251 699 1279 via
711 1257 807 1280 vestrae
824 1260 877 1279 non
893 1257 974 1280 rectae
984 1252 1008 1286 ξι
1061 1263 1106 1283 res
1121 1255 1241 1288 lsraclis,
1258 1263 1322 1282 num
1335 1255 1400 1290 quid
1409 1258 1525 1290 pascunt
1535 1259 1659 1289 pastores
1670 1253 1860 1289 εεωθιίρδοεῖ

220 1296 264 1325 18.
279 1296 348 1325 Cum
366 1304 397 1325 se
418 1297 546 1325 averterit
571 1297 665 1333 justus
683 1305 699 1325 a
716 1298 822 1333 justitia
846 1306 908 1330 sua,
927 1302 953 1325 et
971 1297 1009 1325 fe-
1062 1309 1154 1330 nonne
1169 1309 1234 1330 oves
1250 1305 1366 1337 pascunt
1382 1301 1526 1336 pastores?
1540 1301 1567 1328 5.
1590 1300 1660 1328 Ecce
1675 1300 1718 1327 lac
1733 1299 1858 1327 comedi-

221 1343 290 1372 cerit
303 1342 335 1378 (0
351 1343 519 1378 iniquitates,
530 1347 557 1370 et
577 1343 710 1371 morietur
726 1344 753 1371 in
770 1344 821 1372 eis.
836 1345 879 1373 i9.
898 1344 931 1371 Et
948 1351 1010 1372 cum
1063 1347 1108 1381 tis,
1126 1352 1154 1375 et
1171 1348 1234 1375 lana
1244 1355 1292 1375 vos
1309 1347 1410 1381 tegitis,
1424 1351 1453 1374 et
1461 1355 1586 1375 crassum
1603 1346 1740 1378 mactatis,
1752 1351 1779 1373 et
1791 1352 1859 1373 oves

220 1395 250 1415 se
264 1387 394 1415 averterit
409 1387 447 1422 ig)
464 1391 592 1422 peccator
602 1389 636 1416 ab
648 1388 793 1423 iniquitate
801 1396 863 1421 sua,
877 1394 904 1416 et
917 1388 1011 1416 iecerit
1062 1400 1138 1421 mea;
1158 1400 1212 1420 non
1229 1392 1362 1428 pascitis?
1381 1392 1407 1420 4.
1420 1392 1498 1426 Quod
1513 1391 1650 1419 inllrmum
1668 1398 1722 1417 non
1743 1389 1859 1417 confor-

219 1432 353 1466 judicium
369 1437 397 1460 et
412 1433 560 1468 justitiam,
575 1433 602 1460 iu
619 1434 660 1461 eis
677 1434 735 1469 ipse
755 1434 835 1462 vivet.
848 1435 891 1462 20.
911 1434 944 1462 Et
960 1435 1011 1462 hoc
1064 1439 1153 1471 tastis,
1168 1440 1201 1472 χ
1214 1443 1242 1466 et
1252 1439 1324 1474 quod
1336 1442 1469 1474 ingratum
1489 1445 1543 1465 non
1560 1437 1679 1465 sanastis
1696 1436 1719 1471 ζ,
1736 1440 1765 1463 et
1780 1435 1858 1471 quod

221 1483 273 1512 est,
287 1478 360 1514 quod
380 1478 488 1506 dixistis
504 1488 510 1506 :
527 1479 586 1506 Non
604 1484 677 1507 recta
697 1481 740 1507 via
758 1479 866 1508 Domini
885 1490 892 1508 :
913 1488 1011 1508 unum-
1025 1490 1049 1522 α
1064 1485 1236 1512 confractum
1255 1493 1308 1512 non
1332 1484 1476 1521 alligastis,
1497 1488 1523 1511 et
1537 1483 1609 1518 quod
1622 1482 1732 1510 errabat
1743 1488 1800 1509 non
1816 1489 1860 1508 re-

222 1532 360 1560 quemque
376 1525 413 1560 (In
432 1525 510 1560 juxta
525 1526 582 1553 vias
606 1526 807 1561 cjusjudicabo
830 1535 887 1559 vos,
913 1527 1012 1554 domus
1063 1530 1192 1563 duxistis,
1214 1535 1241 1558 et
1259 1530 1333 1565 quod
1358 1530 1477 1565 perierat
1498 1537 1552 1556 non
1574 1528 1755 1563 quaesivistis,
1773 1528 1812 1562 (ᾳ)
1831 1531 1860 1554 et

222 1571 339 1598 lsraelis.
357 1571 401 1598 2|.
426 1570 458 1598 Et
475 1571 576 1598 factum
593 1575 634 1599 cst
655 1571 683 1599 in
705 1580 777 1599 anno
797 1572 828 1607 (ἱ)
848 1572 966 1605 decimo,
984 1573 1011 1600 in
1062 1576 1135 1612 quod
1151 1576 1221 1604 forte
1244 1576 1379 1613 fatigastis
1394 1577 1427 1610 )t(
1442 1583 1474 1603 ea
1491 1575 1617 1610 :labore.
1630 1574 1657 1602 5.
1673 1573 1706 1600 Et
1725 1573 1859 1609 dispersa

222 1625 316 1645 mense
341 1617 513 1649 duodecimo,
530 1618 626 1652 quinto
654 1618 757 1645 mensis
783 1618 948 1653 captivitatis
963 1626 1014 1646 no-
1063 1626 1128 1649 sunt
1149 1630 1216 1650 oves
1233 1630 1310 1656 mete,
1325 1623 1390 1658 quia
1408 1630 1462 1649 non
1482 1627 1546 1650 sunt
1569 1625 1705 1656 pastores,
1729 1624 1757 1647 et
1778 1619 1859 1647 facta:

222 1668 298 1696 stt-:e,
315 1664 388 1691 venit
400 1664 434 1691 ad
450 1672 503 1697 me,
521 1665 568 1699 qui
585 1665 707 1692 salvatus
728 1665 780 1692 fuit
801 1665 835 1692 dc
848 1664 1012 1698 Jerusalem,
1064 1671 1130 1695 sunt
1145 1668 1173 1695 in
1196 1668 1287 1695 cibum
1311 1668 1438 1696 omnibus
1459 1667 1554 1695 bestiis
1572 1666 1630 1693 arvi
1655 1666 1702 1701 (r).
1726 1665 1754 1692 6.
1773 1665 1809 1700 (ε)
1826 1664 1859 1692 Et

222 1711 317 1737 dicens
331 1719 338 1736 ί
352 1710 470 1737 Subacta
492 1714 535 1737 est
562 1710 638 1737 urbs.
656 1711 700 1737 22.
725 1711 759 1738 Ει
781 1719 879 1739 manus
905 1711 1014 1738 Domini
1064 1714 1251 1742 disseminata:
1265 1719 1340 1748 sunt,
1362 1715 1434 1748 κει
1451 1721 1506 1742 non
1523 1717 1658 1740 noverunt
1673 1712 1685 1747 ξ
1703 1719 1770 1740 oves
1790 1719 1859 1739 mete

224 1757 294 1783 fama
308 1760 349 1783 εει
363 1763 446 1790 super
467 1763 512 1783 me
542 1764 665 1791 Vespere»
690 1761 834 1791 ιιιιειιυωη
857 1757 970 1790 veniret.
987 1762 1015 1785 ει
1065 1758 1093 1786 in
1113 1761 1304 1793 omnimonte,
1323 1764 1350 1787 et
1363 1767 1446 1794 super
1469 1766 1578 1786 omnem
1592 1758 1689 1786 collem
1706 1757 1858 1789 excelsum,

223 1802 332 1837 “Pcw”
342 1809 373 1829 οε
387 1809 489 1834 meum,
502 1801 590 1829 donec
602 1803 675 1830 νθηίι
690 1803 724 1830 ad
741 1811 784 1830 ιιιθ
798 1811 880 1831 mane
895 1813 902 1831 ε
916 1808 1015 1831 etcum
1067 1813 1101 1846 χ
1115 1815 1142 1838 et
1153 1816 1236 1844 super
1249 1806 1325 1835 omni
1341 1805 1411 1833 facie
1425 1810 1507 1833 terra:
1520 1805 1704 1832 disseminata
1718 1809 1784 1830 sunt
1794 1810 1859 1829 oves

224 1852 348 1882 apertum
363 1851 404 1874 est
426 1855 458 1875 os
479 1855 582 1878 meum,
602 1855 657 1875 non
679 1855 709 1876 se
726 1849 862 1876 continuit
885 1850 1013 1884 amplius.
1066 1864 1134 1885 mea,
1150 1856 1176 1891 ς,
1191 1859 1219 1883 ει
1229 1861 1283 1881 non
1297 1856 1367 1884 εηι,
1386 1851 1433 1886 qui
1459 1850 1622 1885 requiram,
1648 1855 1737 1883 neque
1752 1848 1799 1882 qui
1815 1855 1859 1874 re-

225 1893 270 1920 25.
285 1892 318 1919 Et
335 1892 435 1920 factum
461 1896 503 1919 est
519 1893 633 1920 verbum
651 1892 759 1920 Domini
779 1894 813 1921 ad
829 1902 882 1927 me,
901 1895 995 1923 dicens

1086 1908 1186 1930 uccret.
1204 1902 1231 1928 7.
1251 1899 1365 1934 Propter
1384 1897 1446 1928 boc,
1462 1902 1595 1931 pastores,
1621 1895 1713 1922 audite
1731 1895 1765 1927 Χ
1782 1894 1828 1920 τὸν
1846 1894 1855 1927 ζ

225 1938 270 1964 24.
287 1937 335 1965 Fili
352 1937 481 1970 hominis,
495 1938 543 1973 qui
556 1937 680 1966 habitant
692 1938 718 1965 in
739 1938 856 1966 desertis
870 1940 905 1973 λ
923 1939 984 1966 istis
1002 1939 1013 1973 ζ
1067 1946 1169 1984 (λόγον)
1184 1945 1298 1973 vei-bum
1312 1942 1464 1970 Doniini.8.
1479 1940 1546 1968 Vivo
1558 1948 1618 1976 ego,
1633 1940 1698 1967 dicit
1706 1940 1738 1974 (ι)
1753 1938 1858 1966 Adonai

225 1993 307 2020 super
320 1989 392 2012 terra
405 1983 522 2017 lsraelis,
538 1983 679 2018 dicuntx
693 1984 814 2012 dicentes
825 1985 836 2020 ζ
848 1994 854 2012 :
866 1984 943 2013 Unus
958 1990 1017 2013 erat
1067 1994 1210 2025 Dominus,
1227 1991 1280 2018 nisi
1297 1997 1346 2025 pro
1359 1996 1393 2017 eo
1405 1988 1478 2024 quod
1494 1987 1573 2014 factae
1587 1991 1650 2014 sunt
1667 1993 1733 2013 oves
1744 1992 1813 2012 mea:
1833 1984 1858 2011 in

224 2031 373 2065 Abraham,
389 2036 415 2058 et
425 2030 622 2058 tenuittcrram
635 2039 642 2058 :
654 2034 681 2057 ct
691 2038 743 2058 nos
753 2031 830 2058 multi
843 2037 873 2059 -ι-
886 2032 997 2066 sumus:

1086 2041 1198 2071 raedam,
1212 2043 1240 2066 et
1252 2038 1330 2065 factae
1346 2040 1410 2064 sunt
1421 2042 1486 2063 oves
1501 2041 1567 2061 mea:
1584 2034 1611 2060 in
1626 2033 1718 2060 cibum
1731 2032 1859 2060 omnibus

225 2079 306 2107 nobis
320 2079 384 2107 data
403 2084 445 2106 est
467 2083 540 2105 terra
562 2078 589 2105 in
606 2078 819 2112 possessionem.
841 2077 886 2105 ‘25.
904 2078 1017 2113 Propter
1067 2087 1164 2116 bestiis
1181 2085 1282 2120 campi,
1307 2091 1340 2111 eo
1364 2082 1438 2118 quod
1451 2089 1504 2108 non
1527 2085 1605 2108 erant
1627 2085 1762 2115 pastores,
1782 2078 1820 2114 (υ)
1834 2083 1860 2106 et

226 2127 279 2153 hoc
289 2125 334 2153 die
346 2125 381 2161 (Ir)
397 2125 438 2153 eis
454 2135 462 2153 :
485 2125 548 2152 llaec
574 2125 641 2153 dicit
652 2125 786 2153 Dominus
809 2125 942 2153 Dominus
957 2134 964 2153 :
982 2127 999 2159 )1

1088 2142 1122 2162 on
1143 2132 1310 2168 quaesierunt
1328 2133 1455 2164 pastores
1477 2135 1542 2155 oves
1568 2134 1653 2159 mres,
1676 2130 1703 2153 et
1725 2128 1858 2160 paverunt

226 2171 315 2205 Super
326 2170 460 2205 sanguine
476 2170 629 2202 comeditis,
645 2174 673 2198 et
689 2170 785 2198 oculos
800 2174 906 2198 vestros
921 2170 1016 2198 tollitis
1032 2159 1054 2187 ί)
1069 2159 1194 2216 pasto?“
1221 2159 1396 2210 sen,elil;sos,
1418 2182 1484 2202 oves
1509 2177 1599 2200 ηυιεπ.
1616 2179 1693 2199 mea;
1712 2159 1766 2198 η⁷οη
1784 2178 1859 2206 μη.

225 2217 260 2244 ad
278 2216 350 2244 idola
367 2221 465 2250 vestra,
483 2221 510 2243 ct
523 2216 685 2251 sanguinem
703 2216 842 2243 eil'unditis
857 2220 903 2243 :et
915 2220 998 2244 terra!

1085 2230 1149 2258 unt;
1167 2224 1195 2252 9.
1209 2225 1242 2257 Ἀ(
1257 2229 1307 2257 pro
1331 2222 1393 2253 hoc,
1414 2224 1548 2256 pastores,
1567 2218 1660 2245 audite
1673 2218 1788 2245 verbum
1809 2216 1858 2243 Do-

225 2262 441 2290 hazrcditabitis?
464 2262 511 2289 26.
532 2262 652 2290 Stetistis
675 2269 757 2296 super
783 2261 881 2297 gladiis
906 2262 1015 2295 vestris,
1069 2272 1136 2300 mini
1151 2271 1163 2306 ε
1181 2280 1188 2298 ε
1204 2270 1248 2297 ιο,
1264 2269 1322 2296 haec
1332 2268 1398 2296 dicit
1410 2266 1542 2293 Dominus
1559 2264 1712 2291 Dominus:
1727 2263 1800 2291 Ecce
1812 2270 1860 2298 ego

226 2308 330 2336 fecistis
345 2308 571 2340 abominationes,
581 2312 606 2335 et
623 2307 816 2342 unusquisque
829 2315 940 2335 uxorem
952 2315 1017 2342 pro-
1071 2326 1153 2353 super
1165 2320 1300 2352 pastores,
1313 2319 1340 2342 ει
1353 2314 1491 2348 requiram
1511 2319 1576 2339 oves
1592 2318 1668 2338 meas
1685 2311 1720 2338 de
1734 2310 1860 2337 manibus

228 2355 294 2382 ximi
306 2355 349 2383 sui
365 2355 523 2388 polluistis:
539 2359 566 2381 et
579 2358 680 2381 terram
693 2353 962 2381 lizereditabitis‘i27.
973 2354 1019 2381 Sic
1069 2371 1178 2395 eorum,
1197 2367 1223 2389 ει
1246 2365 1368 2388 avenam
1389 2367 1446 2392 eos,
1470 2365 1504 2385 ne
1522 2361 1636 2392 pascant
1652 2363 1719 2384 oves
1732 2363 1820 2387 meas,
1837 2359 1860 2381 ct

226 2406 337 2436 PTOPle“
351 2401 404 2428 hoc
416 2401 461 2428 δίο
475 2401 506 2436 (ί)
521 2399 554 2427 ad
571 2407 620 2427 eos
638 2409 645 2426 ε
662 2399 725 2427 “me
748 2400 814 2427 diu“
836 2400 940 2427 Ad‘mai
962 2400 1016 2427 θυ-
1070 2418 1123 2437 ιιοη
1136 2413 1249 2444 pasceut
1267 2414 1314 2434 eas
1328 2405 1446 2440 amplius
1456 2408 1579 2439 pastores
1597 2412 1604 2430 :
1618 2407 1644 2430 et
1659 2402 1783 2429 liberabo
1798 2407 1861 2428 oves

227 2447 319 2475 minus
331 2447 361 2482 ﬁ:
380 2447 447 2474 Vivo
461 2454 522 2481 ego,
542 2446 596 2474 nisi
622 2446 668 2481 qui
688 2446 812 2474 habitant
833 2446 859 2473 in
889 2446 1015 2479 desertis,
1069 2464 1146 2484 meas
1158 2463 1190 2483 ex
1206 2462 1254 2482 ore
1275 2461 1382 2485 eorum,
1398 2456 1426 2479 ει
1442 2459 1496 2478 non
1509 2454 1590 2478 erunt
1602 2450 1642 2477 eis
1654 2450 1680 2475 in
1694 2449 1799 2475 cibum.
1819 2447 1858 2473 Η.

226 2493 317 2527 gladio
333 2493 478 2526 cadent,et
488 2493 534 2528 qui
553 2500 637 2528 super
652 2492 721 2520 facie
736 2492 835 2526 campi,
855 2492 948 2521 bestiis
959 2493 1017 2520 arvi
1069 2503 1139 2536 Quia
1153 2502 1210 2529 ιιπιο
1227 2500 1291 2528 dici.
1307 2499 1442 2526 Dominus
1459 2497 1591 2524 Dominus
1612 2495 1700 2522 :Ecce
1723 2495 1757 2528 χ
1777 2486 1833 2528 ipse
1849 2493 1858 2526 ζ

228 2540 366 2568 dabuntur
382 2540 409 2566 in
423 2540 525 2571 cibum,
541 2543 570 2567 et
584 2547 642 2570 eos,
662 2539 709 2574 qui
730 2539 756 2566 in
775 2538 898 2571 munitis,
916 2543 944 2566 et
957 2546 1001 2566 eos

1087 2557 1121 2585 go
1139 2547 1277 2583 requiram
1291 2552 1357 2573 oves
1377 2551 1463 2577 meas,
1480 2547 1508 2571 et
1521 2541 1639 2569 visitabo
1653 2549 1710 2568 eas.
1725 2540 1770 2566 1‘2.
1787 2539 1859 2566 Sicut

228 2586 274 2621 qui
289 2586 315 2614 in
331 2586 478 2621 speluncis,
501 2589 587 2614 morte
604 2585 740 2614 occidam.
760 2585 805 2613 ‘28.
827 2584 860 2612 Et
881 2584 952 2612 dabo
964 2589 1001 2612 ter

1091 2584 1169 2622 uaerit
1185 2596 1276 2629 pastor
1298 2598 1405 2626 gregem
1431 2597 1522 2621 suutn,
1540 2588 1567 2615 in
1587 2587 1631 2615 die
1652 2586 1765 2622 quando
1784 2584 1860 2612 fuerit

265 2679 303 2714 (α)
320 2677 408 2712 impii.
446 2678 484 2714 ib)
498 2677 609 2714 Occidet
627 2685 700 2714 cum.
737 2675 915 2714 {cii/ivero.“
936 2676 974 2714 (ά)
989 2676 1031 2707 8.,
1052 2673 1242 2714 ueniit-mata;
1269 2678 1324 2714 Χ(εέ
1341 2670 1389 2714 Αἶι
1409 2665 1683 2714 Ἶριξεξξξώξξξςλί-ῌίρ

231 2699 408 2750 (θῖἶέιίῆἱὶἷῖἕί
441 2699 609 2750 (‘5)‘_‘s’i.‘..'iff'
625 2699 974 2750 ξὲῖῑίῖιοιι“ἑέῑιίρξ’’ὡςλῇ
988 2699 1392 2750 cos-"(iiibiis“(utilisﬁet
1415 2703 1516 2750 peragi
1540 2699 1858 2750 ξμιῖςςὲἰὰ-ὲῌέχὶξλῖιξ.

230 2737 267 2785 δέ
283 2737 404 2785 ἒξᾚῦῖᾴ
417 2737 950 2785 estita-iiii;’23;..;§;';r/.._L}..;i;.
963 2737 1094 2785 suaviter:
1109 2737 1115 2744 '
1145 2744 1182 2779 (p)
1201 2737 1369 2785 Ρέξιργξξξυε-
1479 2737 1646 2785 ξλῩξ-Ᾱξξιξξπ
1655 2737 1861 2785 Λῐζξνεεείδξῇίξψ

231 2770 554 2820 ;."é.;i;.a;'e“a;.'.i.'.'.3“i;;
570 2770 1012 2820 ;i;.r;;:-.is‘;-.'.‘;:ig.;.;;'intrafa;
1021 2770 1161 2820 gaesos
1174 2770 1354 2820 samaras.
1366 2775 1418 2820 do.)
1429 2770 1467 2801 'E't
1483 2772 1639 2801 volucribus
1653 2771 1728 2799 coeli.
1770 2770 1805 2806 (ε)
1819 2770 1862 2802 ε..

230 2815 258 2848 ξι
276 2828 329 2848 ηοη
358 2822 504 2852 ηονοτυηί»
517 2822 542 2846 ιιι
557 2822 694 2844 (ararum.
734 2818 764 2851 (ι)
783 2816 922 2846 Dominus.
962 2816 1002 2850 (ιι)
1020 2815 1062 2849 S.,
1083 2823 1135 2843 non
1153 2815 1224 2842 cnim
1245 2815 1422 2846 quasicrunt.
