1959 3079
90 119 159 146 ἏΪΗ

685 115 889 144 HEZECIELIS
908 115 1023 144 CAPUT
1044 116 1164 144 XXXVI.

1662 119 1732 147 27F!

91 173 191 210 caligo,
208 177 236 201 et
252 173 341 202 nubes
357 172 398 210 (ε)
412 173 439 201 in
455 173 548 201 medio
561 172 653 200 ovium
674 173 734 208 ejus
746 178 883 208 separata-
901 175 925 205 Α
940 179 1035 200 eorum
1051 174 1084 208 Ἃ(
1099 181 1161 201 cum
1183 173 1224 200 eis
1243 175 1266 208 ζ,
1282 179 1309 202 et
1330 174 1367 202 illi
1384 175 1502 210 populus
1517 183 1595 203 meus
1610 185 1617 203 :
1633 176 1732 204 donius

92 228 167 252 rum,
187 219 228 246 sic
239 219 379 254 requiram
392 226 458 247 oves
468 226 553 251 meas,
567 218 606 254 (υ)
619 223 647 246 et
660 218 774 254 eripiam
791 226 838 246 eas
855 225 889 245 ex

92 266 169 293 omni
189 266 260 298 loco,
275 272 332 300 quo
353 265 486 300 dispersa:
508 270 573 293 sunt
588 265 652 292 illuc
668 265 695 292 in
707 264 752 292 die
767 264 849 292 nubis
863 268 891 291 et

93 311 231 347 caliginis.
255 311 298 339 15.
316 310 349 338 Et
367 311 482 338 educam
498 318 546 338 eos
561 318 595 338 ex
611 310 749 346 gentibus,
763 315 790 338 et
815 310 892 337 colli-

94 366 157 393 gam
169 365 217 384 cos
232 365 265 384 cx
278 357 449 392 regionibus,
463 362 491 384 et
505 356 678 384 introducam
689 364 737 384 eos
753 356 779 383 in
789 361 889 384 terram

94 411 184 436 suam,
204 408 231 430 et
251 411 361 437 pascatn
375 411 424 430 eos
447 410 530 437 super
546 407 654 430 montes
674 403 793 434 lsraelis,
815 407 842 429 et
862 402 890 429 in

95 449 262 480 vallibus,et
277 449 303 474 in
316 448 390 475 omni
406 448 575 475 habitatione
586 452 681 475 terras:
697 448 740 474 M.
751 448 778 474 in
790 454 891 482 pascuo

95 495 170 523 bene
201 502 313 530 pascam
339 501 396 526 eos,
425 493 452 520 in
472 498 565 521 monte
585 493 696 521 excelso
720 493 840 524 lsraelis,
864 496 892 520 et

95 545 178 568 erunt
205 541 290 568 caulae
313 547 409 568 eorum
432 540 481 572 ibi,
503 547 535 567 -ι-
563 545 590 568 et
614 540 762 571 dormient,
775 543 803 567 et
823 539 889 574 ibi:

97 586 273 622 requiesccut
291 587 318 613 in
340 586 447 614 deliciis
472 586 563 618 bonis,
584 590 611 614 et
625 586 651 613 in
676 594 780 621 pascuo
796 585 891 621 pingui

97 637 248 668 pascentur
259 640 342 667 super
360 632 499 660 montibus
512 631 629 660 lsraelis.
642 632 686 659 t5.
706 632 762 668 Ego
777 639 890 666 pascam

98 686 165 707 oves
182 687 268 711 meas,
287 684 315 707 et
336 686 387 715 ego
407 678 505 706 faciam
533 678 705 713 requiescere
724 686 781 712 eas,
807 685 839 706 -ι-
864 682 892 705 et

99 723 198 756 scient,
212 723 286 758 quod
302 731 352 759 ego
370 731 431 751 sum
444 723 577 752 Dominus
594 724 605 758 ζ
627 733 633 751 :
650 724 709 752 haec
720 724 786 751 dicit
797 723 891 752 Domi-

101 779 153 798 nus
170 770 314 799 Dominus.
327 770 371 798 16.
381 770 460 804 Quod
475 770 603 805 perierat,
615 770 766 805 requiram,
782 769 891 805 etquod

99 817 222 849 errabat,
239 816 382 849 reducam,
400 822 428 845 et
454 817 528 852 quod
550 816 736 849 confractum,
761 815 889 851 alligabo,

99 867 128 889 ct
148 862 221 896 quod
238 862 418 895 imbecillum,
437 862 633 894 corroborabo,
655 863 688 896 ῖς(
706 865 733 889 et
747 860 820 896 quod
834 861 895 896 pin—
910 855 931 884 Β

100 917 154 944 gite
173 910 196 944 ζ,
220 914 248 936 et
267 909 340 943 quod
364 908 443 942 forte,
462 909 629 942 custodiam,
652 913 680 937 et
704 915 815 943 pascam
846 916 894 937 eas

103 965 165 983 cum
188 956 305 991 judicio.
326 957 369 985 Π.
385 956 420 984 Et
434 964 494 990 vos,
509 964 573 984 oves
591 964 668 989 mese,
685 957 745 984 iure
757 957 823 984 dicit
840 957 894 984 Do-

102 1003 196 1029 ntinus
211 1001 345 1029 Dominus
358 1011 365 1029 :
381 1009 446 1029 ecce
459 1009 511 1036 ego
525 1001 683 1036 dijudicabo
696 1001 767 1028 inter
778 1009 855 1028 ovem
868 1006 896 1028 et

101 1053 191 1079 ovem,
206 1047 321 1073 arietum
336 1050 364 1073 et
378 1045 528 1074 hircorum.
544 1045 587 1072 18.
599 1045 632 1072 Et
650 1053 742 1073 nonne
754 1045 895 1073 sufficiens

103 1092 193 1125 robis,
213 1092 288 1127 quod
306 1099 440 1127 pascuum
467 1091 614 1127 pulchrum
639 1091 840 1126 depascebatis,
858 1092 895 1127 (ι)

103 1142 130 1164 ct
157 1137 299 1166 residuum
325 1138 420 1173 pascui
439 1137 523 1165 vestri
549 1137 753 1165 conculcabatis
781 1138 896 1172 pedibus

105 1185 215 1217 vestris,
236 1189 264 1212 et
277 1191 377 1219 aquam
393 1183 535 1219 limpidam
552 1183 697 1216 bibebatis,
715 1187 743 1211 et
754 1183 896 1211 residuum

104 1230 219 1266 pedibus
240 1230 338 1258 vestris
361 1229 533 1257 turbabatis?
555 1228 598 1256 l9.
617 1228 650 1256 Et
665 1236 731 1256 oves
746 1237 814 1256 mea:
829 1236 879 1256 con
891 1243 898 1249 -

105 1277 278 1305 culeationes
292 1277 392 1311 pedum
411 1282 566 1303 vestrorum
579 1276 738 1310 pascebant,
755 1279 782 1302 et
797 1283 896 1310 aquam

104 1331 120 1351 ι
135 1323 251 1359 pedibus
266 1322 366 1350 vestris
392 1322 529 1349 turbatam
547 1321 686 1349 bibebant.
713 1321 759 1350 20.
782 1322 898 1356 Propter

106 1370 159 1396 hoc
172 1369 231 1396 hmo
246 1367 313 1396 dicit
326 1367 460 1395 Dominus
473 1367 605 1395 Dominus
621 1368 654 1402 »ς
669 1367 704 1395 ad
718 1375 765 1396 cos
779 1368 791 1402 ζ
803 1377 809 1394 :
828 1367 898 1395 Ecce

104 1422 155 1450 ego
183 1414 342 1450 dijudicabo
364 1414 435 1441 inter
447 1421 525 1441 ovem
553 1413 662 1447 fortem,
683 1419 711 1441 et
734 1414 806 1442 inter
819 1422 896 1442 ovem

106 1462 258 1490 inﬁrmant.
277 1461 324 1489 2t.
344 1460 372 1488 In
393 1459 537 1493 lateribus,
563 1463 590 1487 et
614 1460 642 1487 in
662 1460 785 1488 humeris
800 1461 898 1489 vestris

106 1505 334 1542 prosternebatis,
354 1511 382 1533 et
401 1505 531 1533 cornibus
545 1505 643 1533 vestris
665 1505 895 1540 cornupetebatis,

107 1561 190 1580 omne
209 1552 283 1588 quod
301 1552 402 1580 defecit
419 1553 453 1586 )t(
477 1552 565 1580 donec
590 1552 601 1587 ζ
619 1552 787 1580 contrivistis
801 1559 850 1580 eas
864 1553 899 1587 Χ

107 1600 182 1628 foras
205 1601 230 1635 ζ.
246 1599 293 1627 22.
316 1599 351 1627 Et
368 1599 480 1627 salvabo
503 1606 569 1626 oves
592 1606 680 1631 meas,
696 1603 724 1626 et
746 1606 802 1626 non
819 1603 900 1626 erunt

106 1646 227 1680 amplius
249 1645 276 1673 in
291 1645 421 1680 pradam,
443 1649 471 1673 et
495 1644 625 1680 iudicabo
646 1644 717 1672 inter
740 1644 853 1673 arietem
866 1644 899 1672 ad

106 1693 240 1725 arietem,
265 1692 312 1720 23.
338 1697 363 1720 et
392 1691 559 1720 constituam
583 1699 666 1726 super
690 1699 739 1718 eos
762 1696 899 1726 pastorem

108 1747 206 1770 unum,
229 1743 258 1765 ct
277 1742 370 1773 pascet
384 1745 443 1770 eos,
459 1745 568 1765 servum
588 1745 677 1765 meum
700 1737 828 1765 Davidem
843 1746 850 1765 :
866 1738 901 1771 Χ

109 1784 155 1811 ille
178 1788 273 1818 pascet
295 1791 343 1811 eos
361 1784 385 1819 ξ,
404 1788 432 1810 et
446 1783 498 1810 erit
508 1787 601 1819 pastor
613 1790 708 1811 eorum
722 1791 729 1810 :
749 1783 795 1810 24.
809 1788 835 1811 et
851 1791 901 1817 ego

111 1830 245 1858 Dominus
258 1837 306 1857 ero
313 1831 354 1857 eis
370 1830 396 1857 in
411 1829 509 1863 Deum,
521 1833 548 1857 et
558 1829 642 1857 David
657 1829 685 1857 in
701 1829 790 1857 medio
804 1837 900 1857 eorum

110 1877 249 1912 princeps.
266 1876 322 1912 Ego
339 1876 473 1904 Dominus
486 1876 595 1904 locutus
610 1884 682 1904 sum.
694 1876 740 1903 35.
750 1875 784 1904 Et
798 1876 902 1904 cansti-

111 1928 184 1950 tuam
204 1923 298 1950 Davidi
318 1926 512 1950 testamentum
530 1922 616 1958 pacis,
632 1927 659 1950 et
676 1922 787 1957 perdam
799 1922 901 1950 bestias

112 1969 198 1995 malas
213 1968 247 1995 de
266 1972 349 2001 terra,
366 1972 394 1995 et
411 1968 575 1995 habitabant
590 1968 617 1995 in
633 1968 744 1996 deserto
763 1969 796 2002 »ξ
817 1967 855 2004 (a)
874 1968 900 1995 in

111 2013 277 2041 confidentia
298 2014 322 2048 ζ,
346 2017 375 2040 ct
394 2013 530 2040 dormient
550 2013 577 2040 in
604 2013 691 2041 silvis.
715 2013 761 2041 26.
784 2013 817 2041 Et
832 2014 903 2041 dabo

111 2066 160 2086 eos
173 2059 200 2086 in
215 2059 332 2086 circuitu
345 2059 448 2086 montis
459 2058 513 2086 mei
527 2060 560 2093 Χ
576 2060 613 2094 (b)
629 2058 845 2087 benedictionem
864 2060 875 2095 ζ
894 2068 901 2086 :

110 2109 139 2133 et
159 2105 232 2133 dabo
253 2105 374 2140 pluviam
399 2105 488 2138 vobis,
511 2105 630 2140 pluviam
654 2105 853 2133 benedictionis
869 2108 903 2141 Χ

111 2156 195 2180 erunt
214 2152 240 2185 ζ.
258 2152 304 2178 2⁵1.
322 2151 356 2178 Et
375 2151 448 2186 ligna
469 2158 532 2186 quae
554 2151 581 2178 in
604 2159 712 2186 campo,
728 2152 831 2179 dabunt
848 2152 905 2179 fru-

942 218 1064 251 tsraclis,
1083 219 1150 246 dicit
1167 218 1300 247 Dominus
1319 219 1460 248 Dominus.
1478 221 1523 248 3t.
1551 220 1583 248 Et
1598 228 1647 249 vos
1668 229 1734 249 oves

941 270 1019 295 meae,
1044 268 1073 292 et
1086 272 1151 292 oves
1168 265 1259 299 gregis
1288 266 1352 298 mei,
1380 266 1413 299 Χ
1427 265 1552 294 homines
1574 266 1641 293 estis
1659 266 1683 300 ζ,
1707 271 1735 293 et

941 317 992 345 ego
1007 310 1139 338 Dominus
1156 310 1227 339 Deus
1240 316 1339 344 vester,
1355 311 1420 338 dicit
1436 312 1568 340 Dominus
1588 311 1733 340 Dominus.

978 355 1046 390 Cap.
1069 355 1181 384 XXXV.
1203 371 1238 377 -—
1255 356 1279 383 1.
1306 356 1394 392 Super
1419 356 1490 385 Seir.
1511 357 1543 385 Et
1565 357 1667 386 factum
1693 362 1735 386 est

941 401 1056 428 verbum
1083 401 1190 429 Domini
1211 404 1244 430 ad
1266 410 1321 434 me,
1347 403 1441 430 dicens
1459 413 1465 430 :
1482 404 1509 430 ‘2.
1535 403 1585 431 Fili
1603 404 1734 437 hominis,

942 453 1072 475 converte
1088 448 1184 475 facient
1212 453 1286 475 tuam
1309 457 1392 484 super
1406 454 1524 477 montem
1543 449 1613 482 Seir,
1630 455 1656 478 et
1673 458 1736 485 pro-

941 494 1023 529 pheta
1035 501 1118 529 super
1131 501 1206 527 cum,
1227 494 1254 521 5.
1271 499 1299 522 et
1314 494 1358 522 die
1377 495 1401 522 ei
1418 504 1424 522 :
1444 495 1508 522 Haec
1521 496 1588 524 dicit
1600 495 1736 524 Dominus

943 539 1080 568 Dominus
1096 549 1103 567 :
1120 539 1190 568 Ecce
1203 547 1254 575 ego
1270 549 1352 576 super
1370 546 1404 575 te,
1419 549 1499 569 mons
1516 542 1586 574 Scir,
1603 549 1628 570 et
1639 548 1736 570 exten-

942 586 1004 614 dam
1021 594 1133 614 manum
1154 594 1242 613 meam
1269 594 1352 621 super
1371 591 1406 620 te,
1426 592 1452 614 et
1469 588 1538 615 dabo
1553 593 1578 615 te
1596 588 1629 623 (f)
1642 589 1736 616 descr-

943 637 1010 667 tum,
1029 638 1056 661 et
1072 633 1226 661 vastaberis
1245 643 1251 660 :
1265 634 1292 661 4.
1306 639 1332 661 et
1348 634 1376 661 in
1390 635 1505 662 urbibus
1521 635 1575 662 tuis
1589 635 1737 662 desolatio-

942 686 1005 707 nem
1020 679 1131 711 faciam,
1148 683 1175 706 et
1189 683 1216 706 tu
1232 679 1370 706 desertum
1386 680 1452 712 eris,
1464 684 1491 706 et
1505 680 1586 711 scies,
1600 679 1673 715 quod
1686 687 1738 715 ego

943 733 1005 753 sum
1034 725 1178 753 Dominus.
1202 725 1228 752 5.
1249 725 1304 752 Pro
1327 733 1360 752 eo
1387 725 1460 760 quod
1485 725 1569 753 fueris
1593 726 1737 753 inimicitia

943 772 1122 806 sempiterna,
1140 771 1177 806 (g)
1194 775 1221 798 et
1232 771 1336 798 sederis
1356 772 1382 798 in
1395 771 1477 799 domo
1493 772 1602 800 lsraelis
1618 773 1644 799 in
1661 772 1736 802 dolo,

943 817 970 844 in
983 825 1065 845 manu
1080 817 1254 845 inimicorum
1270 817 1376 853 gladius
1393 817 1420 845 iu
1442 823 1564 853 tempore
1581 818 1739 846 amictiOnis

945 870 1051 896 eorum,
1077 863 1105 891 in
1131 867 1256 898 tempore
1282 862 1319 898 (It)
1345 863 1497 898 injustitize,
1523 865 1555 890 ad
1579 863 1687 891 tinem:
1709 863 1736 890 6.

946 914 1060 945 propter
1071 909 1123 938 hoc
1139 910 1203 938 vivo
1220 917 1281 945 ego,
1294 907 1361 937 dicit
1376 910 1508 938 Dominus
1525 910 1667 942 Dominus,
1683 909 1737 936 nisi

947 956 976 992 (i.
991 963 1030 987 e.,
1046 955 1186 990 quoniam.
1200 956 1234 983 Et
1249 956 1285 983 ita
1298 955 1373 992 mox)
1390 956 1417 983 in
1437 956 1595 991 sanguinem
1606 956 1737 991 peccasti,

946 1007 972 1030 et
988 1003 1101 1038 sanguis
1118 1008 1298 1038 persequetur
1318 1007 1354 1036 te,
1374 1004 1407 1037 3K
1426 1002 1480 1030 nisi
1497 1002 1658 1037 sanguinem
1674 1001 1738 1029 odio

947 1047 1078 1079 habuisti,
1098 1051 1126 1074 ct
1145 1047 1257 1082 sanguis
1272 1052 1452 1082 persequetur
1470 1052 1496 1074 te
1511 1047 1534 1081 ζ.
1560 1046 1586 1073 7.
1610 1045 1642 1073 Et
1667 1046 1738 1073 dabo

947 1098 1067 1121 montem
1085 1093 1147 1121 Seir
1170 1093 1198 1120 in
1218 1093 1357 1121 desertum
1373 1097 1401 1121 et
1422 1097 1570 1123 vastatum.
1587 1096 1615 1120 et
1630 1093 1737 1127 disper-

947 1139 1009 1166 dam
1028 1139 1062 1166 de
1076 1146 1110 1167 eo
1131 1139 1256 1166 homines
1273 1143 1300 1166 et
1320 1138 1455 1174 jumeuta,
1471 1139 1497 1166 8.
1524 1143 1550 1166 et
1572 1136 1690 1174 implebo
1704 1140 1739 1172 Β(

948 1189 1055 1212 montes
1072 1184 1132 1219 ejus
1147 1185 1158 1219 ζ
1178 1184 1277 1212 occisis
1293 1185 1358 1218 tuis,
1376 1189 1403 1212 ct
1418 1185 1500 1213 colles
1517 1190 1588 1218 tuos,
1609 1190 1636 1212 et
1655 1185 1739 1212 \‘allt-s

950 1234 1023 1263 tuas,
1035 1234 1063 1257 et
1077 1230 1104 1256 in
1120 1229 1250 1257 omnibus
1260 1230 1364 1264 campis
1377 1230 1431 1257 tuis
1446 1230 1529 1258 occisi
1541 1230 1631 1266 gladio
1643 1231 1740 1258 callent

949 1276 975 1303 in
995 1281 1030 1302 te.
1043 1276 1069 1303 9.
1087 1275 1230 1303 Desertum
1243 1277 1437 1311 sempiternum
1452 1284 1552 1312 ponam
1570 1282 1603 1309 te,
1620 1281 1646 1304 et
1659 1277 1741 1304 urbes

950 1325 1003 1349 tuae
1019 1330 1072 1349 non
1094 1322 1295 1349 habitabantur
1315 1322 1446 1357 amplius,
1463 1326 1491 1350 et
1504 1323 1585 1355 scies,
1601 1321 1674 1357 quod
1691 1329 1741 1357 ego

948 1375 1010 1395 sum
1026 1367 1172 1395 Dominus.
1189 1367 1233 1395 10.
1246 1367 1315 1401 Quia
1327 1368 1439 1396 dixisti:
1453 1367 1517 1395 Duae
1527 1373 1631 1404 gentes,
1645 1373 1671 1395 et
1681 1368 1741 1395 dua:

949 1413 1077 1448 regiones
1091 1421 1159 1440 meae
1173 1418 1264 1446 erunt,
1280 1418 1307 1440 et
1328 1414 1496 1441 haereditabo
1510 1421 1568 1447 eas,
1590 1414 1623 1450 (ἱ)
1638 1418 1666 1442 et
1687 1415 1742 1442 Do-

949 1460 1042 1488 minus
1061 1460 1098 1487 ibi
1113 1464 1154 1487 est
1169 1469 1176 1487 :
1198 1459 1241 1487 H.
1259 1464 1371 1494 propter
1386 1460 1438 1487 hoc
1452 1460 1514 1488 vivo
1534 1467 1595 1496 ego,
1609 1461 1676 1489 dicit
1689 1461 1744 1490 Do-

950 1506 1042 1534 minus
1058 1504 1202 1538 Dotninus,
1215 1510 1242 1533 et
1258 1505 1358 1533 faciam
1379 1505 1426 1533 tibi
1446 1506 1600 1534 secundum
1623 1506 1746 1536 inimici:-

952 1551 1017 1579 tiam
1041 1557 1126 1584 tuam,
1143 1552 1176 1586 )t(
1200 1554 1228 1578 et
1243 1551 1395 1578 secundum
1424 1551 1512 1578 zelum
1543 1555 1632 1585 tuum,
1660 1560 1744 1589 quem

953 1597 1051 1631 fecisti,
1069 1604 1103 1624 eo
1118 1597 1191 1632 quod
1205 1597 1288 1624 odisti
1306 1596 1334 1624 in
1351 1597 1391 1624 eis
1414 1596 1439 1631 ζ,
1452 1601 1480 1624 et
1498 1596 1667 1626 innotescam
1681 1599 1743 1633 tibi,

952 1650 1015 1670 cum
1039 1642 1200 1678 indicavero
1220 1647 1257 1674 te,
1279 1641 1324 1670 12.
1347 1647 1375 1670 et
1398 1643 1480 1675 scies,
1508 1643 1581 1679 quod
1606 1651 1657 1680 ego
1681 1652 1744 1673 sum

955 1689 1089 1716 Dominus
1109 1698 1115 1715 :
1135 1688 1227 1716 audivi
1249 1696 1345 1716 vocem
1366 1689 1598 1724 blasphemiarum
1622 1694 1744 1725 tuarum,

953 1739 981 1762 ct
1001 1734 1118 1762 dixisti:
1138 1733 1245 1761 Montes
1271 1732 1392 1767 ISraelis,
1418 1734 1452 1768 ῖς(
1474 1734 1569 1763 dicens
1594 1736 1619 1771 ζ,
1643 1735 1745 1764 deserti

957 1781 1038 1810 nobis
1055 1781 1109 1809 dati
1126 1785 1190 1809 sunt
1209 1781 1237 1808 in
1258 1781 1360 1814 cibum,
1377 1781 1421 1808 t3.
1442 1786 1468 1809 et
1485 1782 1603 1817 superbe
1615 1782 1703 1811 elatus
1714 1791 1745 1811 es

956 1836 1038 1864 super
1051 1835 1095 1855 me
1109 1835 1156 1855 ore
1168 1833 1224 1861 tuo,
1236 1829 1270 1862 Ἃ(
1280 1828 1315 1863 (It)
1328 1831 1355 1855 et
1367 1827 1507 1856 clamastis
1516 1836 1598 1864 super
1611 1837 1653 1856 tne
1663 1829 1745 1857 verba

960 1880 1050 1903 vestra
1069 1875 1093 1910 ζ,
1108 1882 1159 1910 ego
1175 1874 1279 1902 audivi.
1289 1867 1334 1902 Ηῗ
1346 1873 1409 1902 llaec
1423 1875 1491 1902 dicit
1506 1875 1637 1904 Dominus
1652 1876 1748 1904 Domi-

960 1930 1011 1949 nus
1025 1931 1031 1948 :
1043 1921 1071 1948 ln
1083 1921 1191 1948 laetitias
1199 1923 1290 1950 omnis
1307 1925 1385 1949 terra:
1400 1922 1537 1949 desertum
1551 1921 1689 1949 tefaciam.
1701 1922 1745 1950 l5.

958 1969 991 2002 Χ
1010 1967 1088 1995 Sicut
1112 1967 1222 2002 gavisus
1242 1975 1271 1994 es
1286 1968 1313 1994 in
1333 1967 1519 1996 lmrcdilatcm
1547 1967 1664 2001 lsraelis,
1682 1969 1747 2004 quia

956 2017 1086 2049 corrupta
1109 2019 1161 2046 est,
1195 2014 1235 2041 sic
1260 2013 1359 2041 faciam
1387 2014 1434 2041 tibi
1455 2015 1492 2049 ξε
1519 2014 1656 2041 desertum
1680 2014 1746 2047 eris,

957 2067 1037 2087 mons
1059 2059 1129 2092 Seir,
1157 2064 1183 2087 et
1211 2060 1302 2087 omnis
1333 2060 1449 2087 ldumaea
1475 2065 1687 2092 eonsumeutur,
1720 2066 1748 2088 et

957 2105 1053 2136 scient,
1074 2105 1146 2139 quod
1165 2111 1215 2139 ego
1231 2112 1291 2132 sum
1307 2103 1440 2132 Dominus
1454 2105 1526 2133 Deus
1541 2113 1648 2133 eorum.

993 2150 1058 2185 Cap.
1074 2150 1196 2177 XXXVI.
1212 2167 1246 2172 —
1264 2151 1288 2177 l.
1304 2150 1336 2178 Et
1351 2156 1390 2183 tu,
1413 2151 1449 2178 ﬁli
1470 2151 1599 2185 hominis,
1615 2153 1748 2188 propheta

112 2201 187 2225 ctum
207 2204 301 2229 suum,
315 2201 342 2224 et
362 2201 436 2225 terra
457 2196 530 2224 dabit
547 2197 674 2224 virtutem
697 2205 776 2224 suam
793 2207 800 2224 ε
818 2202 844 2225 et
857 2199 905 2225 ha-
921 2214 943 2241 Β
958 2204 1041 2232 super
1069 2202 1176 2224 montes
1203 2197 1323 2230 lsraelis,
1343 2202 1368 2224 et
1392 2197 1437 2225 die
1458 2198 1598 2226 montibus
1620 2198 1747 2226 lsraelis:

113 2244 243 2272 bitabunt
256 2251 340 2279 super
354 2248 426 2271 terra
440 2251 490 2271 sua
506 2243 542 2279 (c)
558 2243 584 2270 in
601 2251 648 2278 spe
666 2243 753 2279 pacis,
764 2249 791 2271 et
806 2245 903 2277 scient,

111 2289 187 2325 quod
203 2297 255 2324 ego
271 2296 332 2316 sum
358 2288 500 2322 Dominus,
515 2296 578 2316 eum
595 2289 752 2317 contrivero
767 2289 904 2317 vinculum

110 2336 170 2372 ξιιεί
193 2343 291 2362 eorum
312 2340 360 2362 :et
373 2334 489 2369 eripiam
514 2340 562 2362 eos
579 2333 614 2362 de
634 2342 717 2362 manu
731 2342 839 2367 eorum,
859 2335 905 2371 qui

112 2383 241 2411 fecerunt
264 2382 368 2409 servire
391 2388 450 2409 eos.
463 2380 510 2407 ‘38.
528 2379 562 2407 Et
580 2388 634 2407 non
649 2385 730 2408 erunt
743 2381 861 2416 amplius
878 2382 906 2409 in

111 2429 236 2465 prazdatn
251 2428 391 2463 gentibus,
411 2431 438 2454 et
453 2427 548 2454 bestiae
566 2432 645 2455 terra:
666 2435 720 2455 non
733 2427 851 2463 amplius
866 2428 906 2464 (ά)

112 2474 288 2502 det-orabunt
305 2481 353 2502 eos
367 2483 373 2500 :
388 2477 416 2501 et
433 2473 597 2501 habitabunt
619 2473 647 2501 in
660 2481 719 2508 spe,
733 2477 761 2501 et
774 2481 828 2502 non
844 2474 907 2506 erit,

114 2522 163 2556 qui
180 2525 321 2548 exterreat
331 2527 390 2547 eos.
401 2520 448 2547 29.
461 2520 492 2547 Et
505 2519 647 2547 suscitabo
658 2520 699 2548 eis
711 2519 908 2555 plantatiouem

116 2567 203 2602 pacis,
222 2571 250 2593 et
270 2573 325 2593 non
343 2565 463 2600 amplius
479 2570 560 2593 erunt
575 2570 718 2600 pereuntes
735 2565 806 2593 fame
830 2566 864 2602 (ε)
882 2567 908 2593 in

116 2618 200 2644 terra,
225 2618 316 2646 neque
343 2611 493 2646 portabunt
517 2610 635 2645 amplius
651 2610 828 2645 opprobrium
843 2618 910 2646 gen-

116 2659 197 2690 tium,
217 2658 262 2685 50.
287 2661 314 2685 et
338 2657 436 2690 scient,
453 2656 527 2691 quod
548 2663 598 2691 ego
614 2663 674 2683 sum
693 2655 826 2683 Dominus
841 2657 912 2685 Deus

153 2747 194 2783 (π)
214 2746 276 2780 ΤΙι.,
292 2754 355 2774 cum
375 2752 417 2774 est
447 2746 474 2773 in
498 2746 588 2783 medio
612 2746 705 2783 ovium
722 2746 791 2781 ejus.

117 2781 161 2819 (al
173 2783 216 2819 δέ..
233 2783 295 2810 sine
321 2782 519 2819 sollicitudine._
554 2782 591 2816 (b)
607 2781 649 2812 S.,
664 2782 832 2819 benedictus.

179 2818 413 2860 S.,_corlr‘up't‘t_tm
446 2821 478 2860 et,
501 2817 692 2860 depravatum.

118 2851 157 2882 ibi
185 2858 256 2882 erat.
298 2851 335 2887 (It)
353 2851 384 2880 Et
403 2851 615 2889 multiplicaslis.
657 2851 690 2888 (Ι)
702 2851 735 2881 Et
753 2852 817 2881 facti
833 2853 909 2882 estis.

846 2746 883 2782 (ῃ)
900 2746 933 2774 Et
945 2747 1081 2783 colligant.
1104 2746 1136 2774 Et
1159 2755 1318 2783 persequar.

883 2784 919 2817 (ιι)
936 2783 978 2816 8.,
997 2791 1049 2810 non
1065 2783 1201 2809 timentes.

740 2817 778 2855 (ρ)
793 2817 835 2855 ἔζη
850 2821 881 2855 et
889 2823 1071 2855 congregatus
1087 2826 1126 2846 es.
1166 2818 1204 2854 (Ιι)
1219 2817 1260 2852 S.,
1275 2817 1400 2846 limitato.

960 2243 1058 2270 Audite
1076 2243 1189 2270 verbum
1207 2242 1326 2270 Domini.
1344 2243 1371 2270 ‘2.
1386 2242 1449 2271 Hzec
1468 2244 1534 2271 dicit
1548 2245 1680 2273 Dominus
1695 2245 1749 2273 Do-

961 2289 1072 2316 minus:
1087 2288 1141 2316 Pro
1160 2296 1192 2316 eo
1207 2290 1279 2324 quod
1292 2281 1360 2317 dixit
1377 2289 1504 2318 inimicus
1520 2299 1602 2325 super
1616 2299 1665 2319 vos
1678 2300 1684 2319 :
1697 2292 1749 2324 Ah,

961 2335 1041 2368 bene,
1058 2334 1222 2362 solitudines
1236 2335 1410 2370 sempiterna:
1430 2336 1457 2363 in
1478 2337 1681 2371 possessionem
1697 2345 1749 2365 n0-

960 2385 1045 2408 stram
1058 2380 1136 2408 facta:
1149 2384 1224 2408 sunt.
1236 2381 1262 2408 3.
1279 2380 1395 2416 Propter
1414 2380 1467 2408 hoc
1481 2383 1625 2417 propheta,
1642 2387 1669 2411 et
1683 2383 1726 2411 dic
1741 2393 1748 2410 :

960 2427 1024 2455 llaec
1036 2427 1102 2455 dicit
1118 2426 1251 2454 Dominus
1266 2427 1400 2456 Dominus
1423 2437 1430 2456 :
1451 2427 1505 2456 Pro
1519 2435 1552 2455 eo
1572 2429 1644 2463 quod
1661 2429 1752 2457 fuistis

962 2473 989 2500 iu
1007 2473 1210 2508 corruptionem
1232 2473 1362 2501 omnibus
1385 2473 1525 2508 gentibus,
1549 2475 1582 2509 Χ
1602 2479 1629 2502 et
1650 2482 1700 2510 pro
1719 2482 1752 2503 eo

962 2518 1036 2553 quod
1052 2519 1065 2554 ζ
1078 2517 1198 2554 despecti
1211 2518 1289 2551 estis,
1302 2522 1329 2545 et
1343 2518 1407 2546 odio
1420 2518 1506 2546 habiti
1520 2519 1599 2548 estis.
1614 2519 1649 2547 ab
1665 2520 1753 2547 omni-

964 2565 1016 2592 bus
1031 2565 1168 2599 gentibus,
1178 2572 1239 2599 quae
1251 2564 1325 2592 circa
1336 2572 1395 2598 vos,
1410 2569 1440 2592 ut
1458 2565 1557 2593 essetis
1571 2565 1600 2592 in
1614 2566 1753 2601 possesio-

966 2617 1027 2638 nem
1054 2610 1181 2645 gentibus
1202 2610 1327 2646 reliquis,
1355 2610 1386 2647 (ι)
1409 2614 1435 2638 et
1457 2611 1621 2639 ascendistis
1645 2611 1754 2648 loquela

967 2657 1075 2692 linguae,
1092 2662 1119 2684 ct
1133 2657 1160 2684 in
1178 2656 1356 2692 opprobrium
1375 2657 1512 2693 gentibus,
1527 2657 1554 2685 4.
1569 2662 1681 2693 propter
1691 2658 1754 2691 hoc,

1260 2755 1318 2774 nar.
1375 2746 1411 2782 (π)
1426 2746 1467 2779 S.,
1488 2746 1540 2775 nisi
1555 2751 1583 2775 et
1602 2748 1754 2776 residuum.

1308 2781 1486 2823 videbuntur‘
1503 2783 1554 2823 e_is.
1593 2783 1638 2823 (ι)
1656 2783 1755 2823 Super.

1457 2790 1489 2853 ii)
1503 2790 1554 2852 “s'i'
1573 2785 1757 2847 ειίῖιῗιέἶξίξιῖς
