1959 3079
211 109 282 137 2743

758 108 870 136 CODEX
889 108 1281 138 SYlllACO-HEXAPLAPJS.

1770 111 1839 139 2715

211 171 320 194 montes
343 165 461 199 lsraelis,
482 165 573 193 audite
596 164 708 192 verbum
736 164 840 191 Adonai
858 164 966 191 Domini
989 174 994 190 :
1013 168 1035 195 Α
1049 169 1076 192 et
1089 172 1121 193 ex
1142 169 1213 193 terra
1231 164 1292 200 ejus
1308 164 1411 200 egressi
1437 169 1513 192 sunt.
1535 165 1580 192 2|.
1602 166 1635 192 Et
1659 166 1770 201 peperci
1800 167 1839 194 eis

213 216 272 240 haec
287 213 353 240 dicit
372 212 505 239 Dominus
522 211 654 239 Dominus
667 210 816 244 montibus,
832 215 859 237 et
872 211 999 242 collibus,

212 263 240 286 et
256 258 436 291 torrentibus,
452 263 479 285 et
493 257 618 290 vallibus,
637 261 663 284 et
675 256 799 288 vastatis,
817 262 847 283 +
862 260 888 283 et
902 256 999 290 depra-

187 338 189 342 ι
212 305 283 333 vatis
301 306 325 340 ζ,
344 311 371 332 et
388 305 500 332 urbibus
522 303 668 336 derelictis,
694 310 755 337 qua:
779 302 859 330 facta;
883 306 948 330 sunt
973 303 1001 329 in

185 348 191 359 ’
211 351 405 385 direptionem,
422 350 490 377 etin
513 348 761 380 conculcationem,
786 347 925 383 gentibus,
941 354 1001 382 quae

211 396 313 423 relictas
339 401 403 422 sunt
425 403 473 429 per
501 394 657 422 circuitum.
683 393 710 420 5.
734 393 847 429 Propter
864 393 917 420 hoc
944 393 1002 420 haec

211 442 278 469 dicit
295 441 425 468 Dominus
442 440 575 468 Dominus
591 449 598 468 :
619 439 678 468 Nisi
692 440 719 467 in
742 439 806 475 igne
829 439 931 466 furoris
948 439 1001 466 mei

210 488 320 515 loculus
351 495 412 515 sum
440 495 524 522 super
543 487 675 522 reliquias
702 486 836 522 gentium,
862 490 890 514 et
920 493 1002 521 super

210 532 356 561 ldumaeam
383 541 508 566 omnem;
533 532 596 568 quia
624 533 759 561 dederunt
789 537 890 560 terram
914 539 1002 560 meam

211 579 393 614 sibimetipsis
407 579 434 606 in
452 579 656 614 possessionem
672 586 735 606 cum
750 578 860 614 gaudio,
879 578 927 614 (ιη)
939 585 1002 605 eum

212 629 418 652 contemserunt
438 626 592 657 animas,ut
604 624 846 660 corrumperentin
862 624 961 659 praeda.
974 623 1001 651 6.

211 670 328 705 Propter
347 670 400 697 hoc
415 670 546 705 propheta
562 678 645 706 super
666 674 767 697 terram
783 668 901 703 lsraelis,
919 674 946 696 et
958 669 1004 697 dic

212 716 365 748 montibus,
387 721 416 743 et
438 716 565 749 collibus,
588 720 616 744 et
638 715 790 748 valleculis,
810 719 838 743 et
861 715 976 743 vallibus
994 724 1002 742 :

213 760 278 788 llrec
297 761 363 788 dicit
388 761 523 790 Dominus
542 761 676 789 Dominus
699 770 706 788 :
730 761 801 788 Ecce
825 768 876 796 ego
893 761 919 788 in
944 761 1003 788 zelo

214 815 285 839 meo,
302 811 330 834 et
347 807 374 834 in
394 806 488 835 furore
510 815 570 835 meo
595 808 702 835 locutus
719 815 791 838 sum,
806 814 856 842 pro
877 814 910 834 eo
929 807 1002 842 quod

212 852 392 888 opprobrium
420 853 541 888 gentium
570 853 752 881 sustinuistis.
778 855 804 880 7.
821 852 1002 888 Propterboc

213 900 248 934 >ζ
269 899 326 926 hac
341 899 408 926 dicit
430 899 534 927 Adouai
553 899 686 928 Dominus
704 900 716 935 ζ
732 909 740 927 :
756 908 820 928 ecce
841 908 891 936 ego
906 900 1003 927 levabo

213 953 326 972 manum
342 952 431 972 meam
447 953 527 980 super
541 949 650 980 gentes,
662 953 723 981 quae
737 946 810 973 circa
825 954 890 974 vos:
904 946 930 973 hi
940 953 1002 973 con-

212 995 327 1017 tcmtum
343 998 422 1018 suum
434 991 578 1026 accipient.
592 992 618 1019 8.
636 991 761 1019 Vestram
773 997 878 1025 autem,
892 996 1001 1020 montes

213 1036 333 1069 lsraelis,
356 1036 394 1073 (η)
412 1045 492 1064 uvam
509 1037 621 1070 dabitis,
637 1042 666 1065 et
683 1038 803 1067 fructum
818 1043 939 1066 vestrum
955 1045 1001 1065 co-

212 1084 302 1112 medet
317 1083 432 1118 populus
451 1091 529 1111 meus
544 1084 579 1118 Ξῖ(
600 1083 684 1112 Israel
699 1084 730 1118 ξς
752 1084 817 1119 quia
832 1089 942 1119 sperant
954 1091 1001 1112 ve—

213 1129 318 1157 nire.9.
333 1129 402 1162 Quia
415 1136 480 1156 ecce
495 1137 545 1164 ego
556 1137 639 1165 super
653 1138 711 1164 vos,
725 1134 752 1158 et
762 1130 906 1165 respiciam
920 1137 1002 1165 super

212 1183 272 1208 vos,
295 1179 323 1202 et
340 1175 480 1209 colemini,
495 1181 523 1202 et
541 1175 670 1203 seremini
686 1185 693 1203 :
708 1176 753 1204 10.
772 1181 799 1203 et
812 1176 1001 1211 multiplicabo

213 1229 297 1256 super
317 1229 365 1248 vos
380 1221 517 1255 homines,
535 1228 645 1248 omnem
663 1222 773 1249 domum
791 1221 900 1249 lsraelis
922 1223 948 1250 in
970 1222 1002 1249 ﬁ-

214 1274 287 1298 ncm,
302 1270 329 1293 ct
341 1266 626 1295 habitabuntururbes
636 1271 742 1301 vestrae,
758 1272 785 1295 et
792 1275 853 1302 quae
863 1268 1000 1301 desolatas,

215 1312 434 1339 acditicabuntur.
453 1313 496 1340 11.
512 1313 544 1340 Et
561 1313 750 1349 multiplicabo
766 1322 848 1350 super
859 1322 908 1342 vos
919 1315 1003 1342 horni-

214 1410 259 1432 tur
276 1405 300 1440 ε,
315 1410 342 1432 et
357 1406 479 1433 habitare
494 1404 593 1433 faciam
611 1414 670 1437 vos,
687 1406 758 1434 sicut
767 1406 801 1434 ab
810 1406 888 1434 initio
900 1412 1000 1440 vestro,

213 1456 241 1478 et
260 1451 328 1478 bene
346 1451 444 1479 faciam
461 1451 550 1484 vobis,
576 1451 613 1486 (ο)
630 1451 700 1479 sicut
720 1452 754 1479 ab
770 1452 883 1487 antiquo
900 1458 1000 1487 vestro,
1011 1442 1034 1469 ﬁt

214 1501 242 1524 et
256 1496 359 1531 scietis,
373 1497 446 1532 quod
460 1504 509 1532 ego
521 1505 582 1524 sum
599 1497 744 1525 Dominus.
759 1498 803 1525 12.
821 1498 853 1525 Et
866 1499 1002 1534 generabo

213 1551 296 1580 super
309 1551 359 1572 vos
377 1544 511 1577 homines,
534 1544 665 1580 populum
698 1551 789 1571 meum
816 1544 956 1577 lsraelem,
975 1550 1003 1573 et

213 1589 415 1624 lmreditabuut
429 1596 488 1621 vos,
509 1594 536 1616 et
551 1589 627 1616 eritis
641 1589 682 1617 eis
698 1590 724 1616 in
746 1590 958 1625 possessionem,
974 1594 1002 1618 et

212 1633 269 1662 non
285 1633 392 1662 addetis
415 1634 533 1669 amplius
550 1634 643 1661 orbari
665 1634 700 1661 ab
723 1634 773 1662 eis.
790 1635 832 1662 15.
855 1633 918 1663 Hiec
937 1635 1002 1663 dicit

212 1678 344 1708 Dominus
359 1678 492 1706 Dominus
508 1688 514 1706 :
534 1678 587 1706 Pro
603 1686 637 1706 eo
650 1679 723 1714 quod
734 1679 863 1707 dixerunt
877 1680 925 1708 tibi
940 1689 1003 1716 gen-

215 1729 257 1751 tes
273 1733 280 1750 :
296 1724 454 1752 Devoralrix
467 1725 611 1752 hominum
626 1732 656 1752 es
670 1730 708 1757 tu,
718 1730 745 1753 et
757 1726 824 1754 orba
836 1735 850 1754 a
862 1732 940 1763 gente
955 1732 1002 1757 tua

214 1769 286 1797 facta
297 1777 344 1803 es;
361 1769 404 1796 Η.
422 1770 460 1805 (p)
478 1774 588 1805 propter
605 1771 655 1798 hoc
675 1772 800 1801 homines
814 1781 868 1800 non
885 1775 1001 1810 amplius

214 1814 353 1847 comedcs,
365 1818 392 1841 et
406 1822 473 1850 gens
489 1819 533 1842 tua
548 1823 602 1843 non
619 1816 726 1844 orbabit
738 1822 765 1845 te
783 1819 902 1853 amplius
916 1821 961 1854 ΒΚ,
975 1825 1003 1848 et

215 1868 282 1895 gens
298 1863 344 1887 tua
368 1867 422 1887 non
438 1860 582 1888 orbabitur
598 1861 717 1896 amplius
739 1863 763 1897 ζ,
777 1863 844 1891 dicit
870 1864 1002 1894 Dominus

216 1905 360 1933 Dominus.
378 1906 422 1934 15.
443 1905 477 1933 Et
500 1913 553 1934 non
575 1907 703 1935 audietur
726 1909 844 1944 amplius
859 1918 941 1945 super
953 1919 1002 1939 vos

215 1954 372 1979 contemtus
386 1951 519 1986 gentium,
536 1956 563 1979 et
576 1953 754 1987 opprobrium
769 1955 932 1990 populorum
947 1964 1001 1984 non

215 1996 398 2029 sustinebitis,
417 1997 451 2031 >ε<
463 2002 488 2024 et
502 1997 619 2032 populus
635 2001 700 2026 tuus
715 2006 769 2026 non
780 2000 925 2028 orbabitur
943 2009 1002 2029 am-

214 2041 287 2076 plius
307 2042 330 2076 ζ,
349 2042 415 2070 dicit
430 2041 561 2070 Dominus
574 2042 717 2072 Dominus.
734 2044 777 2072 16.
791 2045 825 2072 Et
841 2045 942 2073 factum
961 2051 1003 2075 est

213 2086 326 2114 verbum
345 2086 454 2114 Domini
476 2087 509 2114 ad
522 2095 575 2120 me,
590 2088 706 2116 dicens:
725 2090 769 2117 17.
795 2090 845 2118 Fili
871 2092 1001 2126 hominis,

213 2132 314 2158 domus
329 2131 438 2159 lsraelis
457 2132 617 2160 habitarunt
632 2141 714 2168 super
735 2138 806 2162 terra
819 2143 880 2168 sua,
894 2140 921 2164 et
933 2144 1001 2164 con-

1051 215 1161 245 propter
1182 218 1282 238 nomen
1308 215 1434 238 sanctum
1460 217 1562 244 meum,
1589 212 1661 246 quod
1683 212 1846 247 polluerunt

1051 257 1149 284 domus
1175 256 1286 284 lsraelis
1311 256 1383 283 inter
1408 261 1523 292 gentes,
1551 265 1605 291 qua
1631 258 1749 292 ingressi
1777 263 1840 286 sunt

1052 301 1127 329 illuc.
1140 301 1185 328 22.
1200 302 1315 337 Propter
1330 302 1381 330 hoc
1396 302 1441 330 die
1450 302 1544 330 domui
1556 302 1665 330 lsraelis
1680 312 1687 330 :
1701 303 1766 331 Haec
1775 304 1841 332 dicit

1052 348 1185 376 Dominus
1209 348 1361 376 Dominus:
1381 347 1441 376 Non
1461 349 1540 376 vobis
1565 356 1616 384 ego
1638 349 1718 383 facio,
1742 350 1841 378 domus

1052 394 1172 426 lsraclis,
1190 393 1242 421 nisi
1258 398 1369 429 propter
1384 401 1484 421 nomen
1501 399 1627 422 sanctum
1647 402 1750 427 meum,
1767 395 1841 430 quod

1053 440 1189 475 polluistis
1202 440 1274 467 inter
1287 444 1392 475 gentes,
1417 447 1472 475 quo
1488 440 1603 476 ingressi
1615 440 1681 468 estis
1704 441 1779 468 illuc.
1795 440 1839 468 25.

1053 487 1087 515 Et
1102 487 1281 515 sanctiﬁcabo
1300 494 1399 514 nomen
1416 494 1507 515 meum
1523 494 1663 522 mlgnum,
1681 488 1756 523 quod
1778 495 1842 523 pro-

1053 533 1175 561 fanatum
1191 537 1234 561 est
1254 534 1325 562 inter
1342 539 1446 569 gentes,
1460 535 1534 569 quod
1549 534 1685 568 polluistis
1701 535 1728 562 iu
1751 535 1841 563 medio

1052 586 1159 611 carum,
1174 584 1201 606 et
1215 579 1302 606 scient
1312 584 1416 614 gentes,
1432 580 1505 614 quod
1520 587 1571 615 ego
1581 587 1641 607 sum
1655 580 1842 615 Dominus,)a(

1053 625 1121 652 dicit
1137 625 1242 652 Adonai
1261 625 1394 653 Dominus
1408 626 1433 660 ξ,
1447 633 1509 653 cum
1522 625 1710 655 sanctiﬁcatus
1722 626 1802 654 fuero
1814 627 1840 654 in

1052 670 1133 698 vobis
1145 675 1207 699 ante
1217 671 1313 699 oculos
1329 678 1436 704 earum,
1454 671 1499 698 21.
1515 676 1542 699 et
1562 672 1654 699 tollam
1671 679 1720 699 vos
1732 672 1842 707 degen-

1055 716 1139 748 tibus,
1164 721 1192 744 et
1213 716 1385 751 congregabo
1403 724 1453 744 vos
1484 725 1518 745 ex
1544 718 1673 746 omnibus
1697 718 1791 752 terris,
1816 724 1843 746 et

1054 762 1225 790 introducam
1241 770 1290 790 vos
1306 762 1333 789 in
1342 766 1443 790 terram
1459 763 1643 796 vestram,25.
1661 767 1687 790 et
1698 771 1842 798 aspergam

1053 816 1135 843 super
1150 815 1201 835 vos
1235 815 1335 843 aquam
1361 808 1502 841 mundam,
1527 812 1554 835 et
1584 808 1786 836 mundabimiui
1809 809 1843 836 ab

1054 854 1183 882 omnibus
1204 854 1386 881 immunditiis
1401 854 1509 887 vestris,
1523 858 1551 881 et
1572 853 1606 880 ab
1621 853 1750 882 omnibus
1764 854 1842 881 idolis

1055 899 1154 928 vestris
1169 900 1306 928 mandabo
1317 908 1376 927 vos.
1385 899 1431 927 26.
1447 899 1480 926 Ει
1494 899 1566 927 dabo
1581 899 1659 927 vobis
1668 907 1716 927 eor
1729 907 1841 932 novum,

1054 949 1082 972 et
1103 945 1230 980 spiritum
1254 953 1354 972 novum
1370 945 1441 973 dabo
1455 945 1483 972 in
1497 945 1586 978 vobis,
1601 949 1628 972 et
1652 945 1775 972 auferam
1795 952 1843 972 cor

1055 991 1192 1026 lapideum
1214 991 1248 1018 de
1261 998 1346 1018 carne
1365 995 1467 1024 vestra,
1490 995 1516 1018 ct
1535 990 1606 1018 dabo
1619 990 1697 1018 vobis
1717 998 1767 1018 cor
1782 997 1844 1018 car-

1054 1045 1147 1070 neum,
1158 1036 1204 1064 27.
1215 1041 1243 1064 et
1259 1037 1385 1072 spiritum
1411 1043 1502 1063 meum
1519 1035 1588 1064 dabo
1604 1036 1631 1063 in
1653 1036 1742 1067 vobis,
1760 1040 1788 1063 et
1801 1036 1844 1063 fa-

1034 1075 1042 1082 ’
1055 1084 1136 1116 ciam,
1152 1087 1184 1110 ut
1194 1083 1222 1111 in
1235 1082 1481 1118 justiticatiouibus
1492 1082 1560 1109 meis
1569 1082 1715 1110 ambuletis
1733 1087 1760 1109 et
1770 1082 1845 1117 judi-

1055 1129 1098 1156 cia
1114 1136 1175 1156 mea
1190 1129 1364 1170 custodiatis,
1377 1133 1405 1155 et
1423 1127 1530 1155 faciatis
1540 1135 1583 1154 ea.
1597 1127 1642 1155 28.
1658 1127 1691 1154 Et
1707 1127 1845 1154 habitabi-

1056 1174 1092 1201 tis
1119 1181 1202 1209 super
1224 1179 1308 1207 terra,
1336 1181 1419 1209 quam
1440 1173 1502 1201 dedi
1529 1172 1656 1208 patribus
1678 1173 1795 1204 vestris,
1817 1176 1845 1200 et

1055 1221 1133 1248 eritis
1147 1221 1214 1248 mihi
1226 1221 1254 1248 iu
1271 1220 1415 1255 populum,
1430 1224 1458 1247 et
1473 1227 1524 1255 ego
1542 1227 1590 1246 ero
1603 1219 1681 1246 vobis
1702 1218 1729 1246 in
1743 1219 1843 1246 Deum.

1055 1267 1100 1295 29.
1114 1266 1147 1294 Et
1155 1266 1268 1294 salvabo
1280 1273 1329 1293 vos
1340 1274 1373 1293 ex
1390 1265 1519 1293 omnibus
1533 1264 1716 1292 immunditiis
1733 1264 1844 1294 vestris.

1030 1307 1038 1341 ἶ
1055 1319 1083 1340 et
1098 1312 1201 1340 vocabo
1221 1311 1399 1344 frumentum,
1416 1311 1460 1338 30.
1475 1315 1503 1339 et
1516 1310 1704 1344 multiplicabo
1725 1310 1803 1341 illud,
1817 1315 1845 1337 et

214 1365 274 1391 nes,
294 1363 321 1385 et
337 1357 472 1393 iumenta,
489 1363 516 1385 et
535 1363 670 1392 crescent,
685 1361 718 1394 Χ
735 1366 762 1387 et
780 1360 1003 1395 multiplicabun-
1024 1350 1039 1399 ξ¹

1056 1367 1110 1387 non
1119 1360 1190 1388 dabo
1203 1365 1286 1394 super
1295 1366 1344 1387 vos
1356 1358 1453 1386 famem
1467 1367 1474 1385 :
1489 1363 1516 1386 et
1529 1356 1715 1392 multiplicabo
1722 1357 1844 1385 fructum

1056 1407 1132 1441 ligni.
1151 1406 1187 1442 (q)
1209 1411 1237 1434 et
1259 1408 1409 1440 proventus
1424 1404 1492 1440 agri.
1507 1408 1537 1431 ut
1557 1411 1591 1431 ne
1607 1403 1721 1438 portatis
1736 1404 1770 1437 »ί
1786 1410 1846 1430 arn-

1056 1453 1129 1488 plius
1146 1453 1158 1487 ξ
1180 1451 1360 1487 opprobrium
1379 1449 1464 1478 famis
1481 1450 1551 1477 inter
1565 1454 1671 1485 gentes.
1686 1449 1733 1476 51.
1749 1448 1782 1476 Et
1801 1455 1846 1476 re-

1056 1497 1237 1526 cordabimini
1253 1497 1359 1525 viarum
1374 1501 1526 1524 vestrarum
1539 1496 1683 1528 malarum,
1699 1499 1728 1522 et
1742 1495 1846 1522 studio-

1055 1552 1115 1572 rum
1136 1547 1289 1571 vestrorum
1313 1550 1368 1570 non
1385 1542 1531 1574 bonorum,
1549 1542 1586 1578 (r)
1609 1545 1637 1569 et
1659 1541 1845 1568 abominabile

1055 1590 1190 1618 eritvobis
1201 1594 1264 1617 ante
1277 1588 1374 1616 faciem
1382 1596 1477 1616 eorum
1491 1588 1722 1623 ininiquitatibus
1733 1590 1843 1622 vestris,

1055 1640 1082 1662 et
1110 1643 1194 1670 super
1219 1634 1470 1662 abominationibus
1507 1634 1541 1669 (ε)
1571 1642 1676 1663 eorum.
1702 1636 1748 1663 52.
1784 1636 1844 1663 Non

1055 1684 1165 1715 propter
1192 1687 1240 1707 vos
1261 1686 1312 1714 ego
1337 1678 1420 1711 facio,
1446 1679 1514 1706 dicit
1538 1679 1670 1708 Dominus
1697 1679 1843 1711 Dominus.

1055 1729 1151 1752 notum
1164 1725 1218 1752 erit
1242 1724 1319 1752 vobis
1331 1732 1340 1750 :
1356 1724 1521 1756 erubescite,
1534 1728 1562 1751 et
1582 1725 1686 1759 pudore
1702 1725 1844 1752 aﬂicimini

1055 1770 1089 1797 de
1112 1769 1164 1797 viis
1179 1769 1288 1802 vestris,
1311 1768 1410 1796 domus
1425 1767 1543 1795 lsraelis.
1566 1767 1611 1795 53.
1634 1767 1698 1795 Haec
1721 1768 1790 1796 dicit
1811 1769 1844 1802 (tl

1055 1815 1161 1843 Adonai
1184 1814 1339 1842 Dominus:
1358 1815 1389 1842 In
1414 1813 1470 1848 die,
1495 1821 1552 1848 quo
1575 1813 1713 1841 mundabo
1736 1822 1786 1842 vos
1809 1814 1844 1841 ab

1054 1861 1182 1889 omnibus
1203 1859 1394 1895 iniquitatibus
1418 1860 1528 1892 vestris,
1547 1863 1575 1887 et
1600 1859 1716 1887 habitari
1743 1859 1844 1887 faciam

1055 1905 1149 1938 urbes,
1166 1910 1193 1933 et
1203 1905 1413 1933 atditicabuntur
1429 1905 1597 1938 infecunda,
1611 1906 1657 1934 54.
1671 1911 1698 1933 et
1709 1911 1784 1933 terra
1797 1906 1844 1933 de-

1056 1955 1170 1987 pravata
1190 1951 1311 1984 coletur,
1332 1958 1382 1985 pro
1402 1957 1436 1978 eo
1455 1951 1530 1985 quod
1553 1950 1675 1978 desolata
1698 1955 1758 1978 erat
1780 1956 1845 1978 ante

1054 1997 1150 2025 oculos
1173 1996 1263 2024 omnis
1285 1996 1411 2029 viatoris,
1428 1996 1473 2024 55.
1501 2000 1528 2023 et
1547 1996 1640 2023 dicent
1659 2003 1666 2022 :
1690 1995 1776 2024 Terra
1799 1996 1843 2023 illa

1054 2043 1200 2078 depravata
1217 2042 1288 2070 facta
1303 2047 1404 2076 est,vut
1418 2043 1514 2070 hortus
1529 2042 1701 2075 deliciarum,
1718 2048 1747 2070 et
1762 2043 1843 2071 urbes

1054 2093 1176 2121 vastata,
1192 2093 1219 2116 et
1237 2088 1400 2124 depravatis,
1422 2093 1450 2116 et
1472 2088 1620 2122 subversa,
1636 2089 1750 2116 munita:
1764 2089 1843 2117 sede-

1054 2139 1129 2161 runt.
1152 2133 1196 2161 56.
1218 2133 1251 2161 Et
1273 2134 1361 2162 scient
1379 2138 1474 2169 gentes
1493 2141 1600 2167 omnes,
1624 2141 1685 2169 quae
1706 2134 1843 2162 derelicta:

215 2176 385 2203 laminarum
400 2184 459 2204 eam
474 2178 500 2204 in
517 2177 568 2205 viis
582 2178 651 2210 suis,
664 2183 692 2206 et
707 2179 733 2206 in
747 2179 828 2208 idolis
843 2181 912 2214 suis,
929 2189 960 2211 -t—
973 2188 1000 2210 et
1016 2190 1040 2219 D
1055 2179 1155 2207 fuerint
1166 2179 1238 2206 circa
1263 2186 1323 2212 νος,
1344 2179 1417 2214 quod
1434 2187 1484 2215 ego
1501 2179 1633 2207 DOMinuS
1648 2179 1782 2207 adiﬁcm‘i
1797 2179 1843 2206 ἀθ-

214 2222 242 2248 in
260 2221 441 2250 immunditiis
458 2222 516 2250 suis
533 2223 545 2258 ζ
562 2223 659 2258 :juxta
678 2224 880 2253 immunditiam
895 2228 1001 2256 consti-

213 2271 280 2294 tuta:
294 2267 321 2294 in
343 2273 484 2295 menstruo
499 2268 570 2296 facta
592 2274 635 2297 est
654 2271 698 2297 via
713 2278 807 2298 eorum
827 2279 920 2300 coram
931 2273 1001 2302 facie

213 2320 291 2340 mea:
309 2313 352 2341 18.
382 2318 410 2341 et
424 2314 507 2342 eﬂ‘edi
527 2314 649 2343 furorem
673 2324 765 2344 meum
790 2325 873 2352 super
890 2327 949 2352 eos,
966 2321 1000 2354 Ἀ(

216 2363 327 2394 propter
345 2360 521 2394 sanguinem,
533 2369 614 2395 quem
629 2361 782 2390 eﬂ‘uderunt
793 2371 875 2399 super
889 2370 999 2398 terram,

210 2409 239 2430 et
254 2405 280 2431 in
297 2405 378 2432 idolis
401 2405 460 2432 suis
475 2406 630 2441 polluerunt
644 2415 704 2435 eam
730 2409 755 2444 ζ,
771 2410 814 2437 19.
832 2415 860 2438 et
874 2411 1000 2439 dissemi-

212 2450 275 2476 navi
300 2458 348 2478 eos
363 2451 390 2478 in
406 2456 512 2486 gentes,
535 2457 561 2480 et
582 2453 712 2481 ventilavi
735 2462 784 2482 eos
807 2456 834 2483 in
849 2456 997 2492 regiones:

214 2495 364 2522 secundum
389 2497 461 2524 viam
489 2504 596 2532 eorum,
627 2504 654 2526 et
681 2500 830 2529 secundum
856 2507 998 2537 peccatum

213 2545 308 2565 eorum
322 2539 441 2574 iudicavi
457 2549 514 2569 eos.
531 2541 576 2569 20.
593 2542 627 2570 Et
640 2543 756 2577 ingressi
768 2549 832 2572 sunt
854 2545 925 2573 inter
934 2555 999 2582 gen-

212 2588 264 2616 tes,
281 2591 336 2619 quo
361 2586 476 2621 ingressi
496 2592 561 2615 sunt
577 2588 651 2621 illuc,
673 2593 699 2617 et
720 2590 876 2624 polluerunt
898 2600 997 2620 nomen

213 2634 339 2659 sactum
355 2639 458 2665 meum,
478 2640 541 2661 cum
558 2634 730 2669 dicebantur,
747 2644 813 2671 gens
833 2637 940 2665 Domini
959 2638 997 2672 bi,

235 2689 298 2741 ρξ’)
316 2695 364 2741 δη
380 2705 430 2741 pro
452 2706 485 2739 eo
508 2700 581 2740 quod
613 2701 760 2741 reprobam‘
778 2701 878 2741 fac_ient
892 2710 964 2738 eam,
980 2709 1001 2732 et

1054 2705 1065 2732 1
1090 2705 1286 2741 diripiendum.
1321 2740 1333 2741 γ
1345 2707 1384 2741 (η)

211 2730 250 2766 (ο)
269 2730 313 2769 ες,
327 2730 399 2769 sicut
413 2741 428 2760 a
442 2730 576 2769 principio
593 2730 695 2764 vestro.

212 2767 436 2794 translationibus
444 2767 520 2795 ratiis.

1053 2228 1182 2256 structas,
1199 2228 1226 2252 et
1244 2224 1363 2259 plantavi
1383 2225 1564 2260 depravatas:
1579 2232 1630 2260 ego
1645 2225 1778 2252 Dominus
1802 2224 1843 2251 lo-

1052 2275 1136 2298 cutus
1151 2279 1223 2302 sum,
1241 2275 1269 2298 et
1282 2270 1342 2299 feci.
1364 2271 1407 2298 37.
1425 2271 1489 2299 Hrec
1511 2271 1577 2299 dicit
1595 2271 1728 2299 Dominus
1747 2271 1843 2299 Domi-

1053 2325 1105 2345 nus
1127 2326 1134 2344 :
1157 2317 1254 2345 Adhuc
1274 2317 1326 2345 hoc
1348 2317 1387 2352 (ιι)
1408 2325 1517 2352 (ψει-ιι·
1547 2318 1639 2345 domui
1666 2317 1786 2350 lsraelis,
1813 2320 1842 2343 ut

1054 2361 1151 2390 faciant
1168 2370 1217 2391 eos
1233 2372 1240 2390 :
1261 2363 1447 2398 multiplicabo
1459 2371 1518 2396 eos,
1529 2363 1600 2391 sicut
1612 2371 1687 2395 ores,
1704 2363 1841 2396 homines,

1053 2409 1098 2436 58.
1115 2409 1186 2436 sicut
1208 2416 1273 2437 oves
1299 2414 1417 2442 sanctas,
1445 2410 1518 2437 sicut
1545 2417 1611 2438 oves
1635 2409 1788 2437 Jerusalem
1813 2410 1840 2436 in

1053 2454 1261 2482 solennitatibus
1273 2454 1332 2489 ejus
1349 2464 1356 2482 ς
1372 2455 1412 2482 sic
1427 2461 1508 2482 erunt
1521 2456 1604 2483 urbes
1615 2459 1738 2487 vastata,
1754 2455 1840 2490 plenae

1053 2500 1144 2527 ovium
1158 2501 1311 2534 hominum,
1322 2505 1349 2528 et
1363 2501 1459 2528 scient.
1472 2501 1546 2536 quod
1563 2509 1613 2537 ego
1627 2501 1772 2528 Dominus.

1086 2546 1152 2581 Cap.
1169 2543 1300 2573 XXXV".
1315 2547 1434 2582 ——1.(.r)
1447 2547 1479 2574 Et
1490 2547 1561 2574 facta
1571 2551 1614 2575 est
1627 2555 1710 2582 super
1725 2555 1769 2574 me
1780 2554 1839 2574 ma-

1052 2600 1104 2619 nus
1119 2591 1236 2624 Domini,
1252 2596 1280 2619 et
1292 2591 1385 2619 eduxit
1395 2599 1438 2619 me
1451 2592 1478 2619 in
1491 2591 1587 2626 spiritu
1610 2591 1729 2624 Domini,
1747 2596 1774 2619 et
1790 2599 1838 2626 μου

1053 2637 1108 2666 suit
1123 2645 1166 2665 me
1183 2638 1210 2665 in
1227 2637 1318 2666 medio
1328 2637 1427 2673 campi,
1444 2641 1472 2665 et
1487 2637 1531 2666 hic
1549 2642 1609 2665 erat
1626 2637 1723 2673 plenus
1736 2638 1839 2664 ossium

1407 2705 1449 2737 S.,
1470 2712 1561 2733 ramos
1590 2709 1695 2732 vestros
1724 2704 1835 2732 dabitis.

752 2737 790 2772 (ρ)
806 2737 868 2771 Th.,
887 2743 918 2775 et
934 2737 988 2775 non
1009 2737 1202 2768 inﬁrmabiiur.
1234 2740 1290 2767 Hoc
1317 2737 1501 2768 Theodotionis
1528 2749 1579 2767 non
1601 2740 1719 2775 positum
1743 2744 1782 2767 est
1799 2740 1835 2775 in

558 2770 650 2811 (‘1)S.,
670 2775 711 2811 ‘ct
739 2770 855 2811 filiolus.
887 2774 946 2811 ΚΑ]
977 2775 1001 2801 Τη

1054 2774 1250 2804 ΓΕΝΗΜΑΤΔ.
1287 2775 1322 2811 (ν)
1337 2777 1379 2809 8.,
1396 2781 1423 2803 et
1448 2770 1638 2803 diminuemini
1668 2782 1761 2803 coram
1782 2773 1833 2802 eis.

212 2801 248 2836 (3)
264 2800 375 2831 Vestris.
415 2804 447 2838 (ι)
461 2800 600 2831 Dominus.
641 2800 679 2841 (υ)
696 2807 740 2839 Α.,
756 2807 798 2840 8.,
815 2807 875 2841 Th.,
888 2800 1001 2843 petitum
1013 2800 1259 2845 poniﬁi1"'i§)’bé
1272 2800 1681 2840 n‘is’uFiécii'onﬁiibiiiiéﬁiml
