  <div class='ocr_page' id='page_1' title='image "/cluster/home/n/w/nwhite01/storage/ocr_20150623/16, pt.3/njp.32101010944575/234.png"; bbox 0 0 1959 3079; ppageno 0'>
   <div class='ocr_carea' id='block_1_1' title="bbox 128 134 181 162">
    <p class='ocr_par' dir='ltr' id='par_1_1' title="bbox 128 134 181 162">
     <span class='ocr_line' id='line_1_1' title="bbox 128 134 181 162; baseline 0.038 -2"><span class='ocrx_word' id='word_1_1' title='bbox 128 134 181 162; x_wconf 68' lang='grc'><strong>785</strong></span> 
     </span>
    </p>
   </div>
   <div class='ocr_carea' id='block_1_2' title="bbox 114 191 349 218">
    <p class='ocr_par' dir='ltr' id='par_1_2' title="bbox 114 191 349 218">
     <span class='ocr_line' id='line_1_2' title="bbox 114 191 349 218; baseline 0.004 -1"><span class='ocrx_word' id='word_1_2' title='bbox 114 197 150 217; x_wconf 76' lang='grc'><strong>-1‹</strong></span> <span class='ocrx_word' id='word_1_3' title='bbox 164 191 349 218; x_wconf 86' lang='lat' dir='ltr'><strong>humanorum</strong></span> 
     </span>
    </p>
   </div>
   <div class='ocr_carea' id='block_1_3' title="bbox 111 236 903 272">
    <p class='ocr_par' dir='ltr' id='par_1_3' title="bbox 111 236 903 272">
     <span class='ocr_line' id='line_1_3' title="bbox 111 236 903 272; baseline -0.001 -9"><span class='ocrx_word' id='word_1_4' title='bbox 111 245 160 272; x_wconf 86' lang='lat' dir='ltr'><strong>per</strong></span> <span class='ocrx_word' id='word_1_5' title='bbox 175 244 270 272; x_wconf 76' lang='lat' dir='ltr'><strong>gyrum</strong></span> <span class='ocrx_word' id='word_1_6' title='bbox 292 237 321 263; x_wconf 92' lang='lat' dir='ltr'><strong>in</strong></span> <span class='ocrx_word' id='word_1_7' title='bbox 336 237 464 268; x_wconf 90' lang='lat' dir='ltr'><strong>circuitu,</strong></span> <span class='ocrx_word' id='word_1_8' title='bbox 482 240 510 264; x_wconf 84' lang='lat' dir='ltr'><strong>et</strong></span> <span class='ocrx_word' id='word_1_9' title='bbox 521 243 586 264; x_wconf 87' lang='lat' dir='ltr'><strong>ecce</strong></span> <span class='ocrx_word' id='word_1_10' title='bbox 608 237 693 263; x_wconf 84' lang='lat' dir='ltr'><strong>multa</strong></span> <span class='ocrx_word' id='word_1_11' title='bbox 721 236 798 264; x_wconf 87' lang='lat' dir='ltr'><strong>valde</strong></span> <span class='ocrx_word' id='word_1_12' title='bbox 820 244 903 270; x_wconf 80' lang='lat' dir='ltr'><strong>super</strong></span> 
     </span>
    </p>
   </div>
   <div class='ocr_carea' id='block_1_4' title="bbox 112 282 902 317">
    <p class='ocr_par' dir='ltr' id='par_1_4' title="bbox 112 282 902 317">
     <span class='ocr_line' id='line_1_4' title="bbox 112 282 902 317; baseline -0.001 -7"><span class='ocrx_word' id='word_1_13' title='bbox 112 283 182 310; x_wconf 80' lang='lat' dir='ltr'><strong>facie</strong></span> <span class='ocrx_word' id='word_1_14' title='bbox 194 282 333 317; x_wconf 88' lang='lat' dir='ltr'><strong>campi,et</strong></span> <span class='ocrx_word' id='word_1_15' title='bbox 349 289 413 310; x_wconf 84' lang='lat' dir='ltr'><strong>ecce</strong></span> <span class='ocrx_word' id='word_1_16' title='bbox 427 283 498 310; x_wconf 69' lang='lat' dir='ltr'><strong>sicut</strong></span> <span class='ocrx_word' id='word_1_17' title='bbox 515 282 671 310; x_wconf 79' lang='lat' dir='ltr'><strong>admodum.</strong></span> <span class='ocrx_word' id='word_1_18' title='bbox 689 283 716 310; x_wconf 75' lang='grc' dir='ltr'><em>ὅ.</em></span> <span class='ocrx_word' id='word_1_19' title='bbox 737 282 768 309; x_wconf 76' lang='lat' dir='ltr'><strong>Et</strong></span> <span class='ocrx_word' id='word_1_20' title='bbox 785 282 852 309; x_wconf 71' lang='lat' dir='ltr'><strong>dixit</strong></span> <span class='ocrx_word' id='word_1_21' title='bbox 869 283 902 309; x_wconf 78' lang='lat' dir='ltr'><strong>ad</strong></span> 
     </span>
    </p>
   </div>
   <div class='ocr_carea' id='block_1_5' title="bbox 112 326 904 360">
    <p class='ocr_par' dir='ltr' id='par_1_5' title="bbox 112 326 904 360">
     <span class='ocr_line' id='line_1_5' title="bbox 112 326 904 360; baseline 0.001 -7"><span class='ocrx_word' id='word_1_22' title='bbox 112 335 174 354; x_wconf 87' lang='lat' dir='ltr'><strong>me:</strong></span> <span class='ocrx_word' id='word_1_23' title='bbox 192 327 242 354; x_wconf 78' lang='lat' dir='ltr'><strong>Fili</strong></span> <span class='ocrx_word' id='word_1_24' title='bbox 259 328 390 360; x_wconf 81' lang='lat' dir='ltr'><strong>hominis,</strong></span> <span class='ocrx_word' id='word_1_25' title='bbox 403 327 426 355; x_wconf 86' lang='lat' dir='ltr'><strong>si</strong></span> <span class='ocrx_word' id='word_1_26' title='bbox 441 328 532 354; x_wconf 77' lang='lat' dir='ltr'><strong>vivent</strong></span> <span class='ocrx_word' id='word_1_27' title='bbox 545 335 607 354; x_wconf 76' lang='lat' dir='ltr'><strong>ossa</strong></span> <span class='ocrx_word' id='word_1_28' title='bbox 624 327 681 354; x_wconf 71' lang='lat' dir='ltr'><strong>haec</strong></span> <span class='ocrx_word' id='word_1_29' title='bbox 693 328 705 354; x_wconf 66' lang='grc' dir='ltr'><strong>’ἔ</strong></span> <span class='ocrx_word' id='word_1_30' title='bbox 719 327 752 354; x_wconf 84' lang='lat' dir='ltr'><strong>Et</strong></span> <span class='ocrx_word' id='word_1_31' title='bbox 763 327 819 354; x_wconf 83' lang='lat' dir='ltr'><strong>dixi</strong></span> <span class='ocrx_word' id='word_1_32' title='bbox 833 337 839 354; x_wconf 93' lang='lat'>:</span> <span class='ocrx_word' id='word_1_33' title='bbox 853 326 904 355; x_wconf 89' lang='lat' dir='ltr'><strong>Do—</strong></span> 
     </span>
    </p>
   </div>
   <div class='ocr_carea' id='block_1_6' title="bbox 112 372 901 406">
    <p class='ocr_par' dir='ltr' id='par_1_6' title="bbox 112 372 901 406">
     <span class='ocr_line' id='line_1_6' title="bbox 112 372 901 406; baseline 0 -8"><span class='ocrx_word' id='word_1_34' title='bbox 112 373 188 399; x_wconf 83' lang='lat' dir='ltr'><strong>mine</strong></span> <span class='ocrx_word' id='word_1_35' title='bbox 204 372 329 405; x_wconf 83' lang='lat' dir='ltr'><strong>Domine,</strong></span> <span class='ocrx_word' id='word_1_36' title='bbox 341 378 369 399; x_wconf 85' lang='lat' dir='ltr'><strong>tu</strong></span> <span class='ocrx_word' id='word_1_37' title='bbox 384 372 455 399; x_wconf 84' lang='lat' dir='ltr'><strong>nosti</strong></span> <span class='ocrx_word' id='word_1_38' title='bbox 469 379 500 400; x_wconf 83' lang='grc'><strong>-1-</strong></span> <span class='ocrx_word' id='word_1_39' title='bbox 519 372 612 406; x_wconf 71' lang='lat' dir='ltr'><strong>lutec1.</strong></span> <span class='ocrx_word' id='word_1_40' title='bbox 625 373 651 398; x_wconf 71' lang='grc'><em>4.</em></span> <span class='ocrx_word' id='word_1_41' title='bbox 670 373 701 399; x_wconf 80' lang='lat' dir='ltr'><strong>Et</strong></span> <span class='ocrx_word' id='word_1_42' title='bbox 715 372 784 399; x_wconf 83' lang='lat' dir='ltr'><strong>dixit</strong></span> <span class='ocrx_word' id='word_1_43' title='bbox 798 372 830 398; x_wconf 89' lang='lat' dir='ltr'><strong>ad</strong></span> <span class='ocrx_word' id='word_1_44' title='bbox 842 379 901 398; x_wconf 89' lang='lat' dir='ltr'><strong>me:</strong></span> 
     </span>
    </p>
   </div>
   <div class='ocr_carea' id='block_1_7' title="bbox 114 418 904 454">
    <p class='ocr_par' dir='ltr' id='par_1_7' title="bbox 114 418 904 454">
     <span class='ocr_line' id='line_1_7' title="bbox 114 418 904 454; baseline 0.001 -9"><span class='ocrx_word' id='word_1_45' title='bbox 114 419 166 446; x_wconf 79' lang='lat' dir='ltr'><strong>Fili</strong></span> <span class='ocrx_word' id='word_1_46' title='bbox 184 419 314 451; x_wconf 85' lang='lat' dir='ltr'><strong>hominis,</strong></span> <span class='ocrx_word' id='word_1_47' title='bbox 334 419 465 454; x_wconf 73' lang='lat' dir='ltr'><strong>propheta</strong></span> <span class='ocrx_word' id='word_1_48' title='bbox 493 426 574 453; x_wconf 83' lang='lat' dir='ltr'><strong>super</strong></span> <span class='ocrx_word' id='word_1_49' title='bbox 591 424 654 446; x_wconf 90' lang='lat' dir='ltr'><strong>ossa</strong></span> <span class='ocrx_word' id='word_1_50' title='bbox 685 418 744 446; x_wconf 83' lang='lat' dir='ltr'><strong>haec</strong></span> <span class='ocrx_word' id='word_1_51' title='bbox 757 438 764 451; x_wconf 89' lang='lat'><strong>,</strong></span> <span class='ocrx_word' id='word_1_52' title='bbox 781 422 809 445; x_wconf 88' lang='lat' dir='ltr'><strong>et</strong></span> <span class='ocrx_word' id='word_1_53' title='bbox 827 418 904 446; x_wconf 80' lang='lat' dir='ltr'><strong>dices</strong></span> 
     </span>
    </p>
   </div>
   <div class='ocr_carea' id='block_1_8' title="bbox 111 463 905 497">
    <p class='ocr_par' dir='ltr' id='par_1_8' title="bbox 111 463 905 497">
     <span class='ocr_line' id='line_1_8' title="bbox 111 463 905 497; baseline 0.001 -6"><span class='ocrx_word' id='word_1_54' title='bbox 111 465 175 492; x_wconf 82' lang='lat' dir='ltr'><strong>eis:</strong></span> <span class='ocrx_word' id='word_1_55' title='bbox 199 464 266 492; x_wconf 83' lang='lat' dir='ltr'><strong>Ossa</strong></span> <span class='ocrx_word' id='word_1_56' title='bbox 294 465 379 497; x_wconf 82' lang='lat' dir='ltr'><strong>arida,</strong></span> <span class='ocrx_word' id='word_1_57' title='bbox 411 465 504 492; x_wconf 92' lang='lat' dir='ltr'><strong>audite</strong></span> <span class='ocrx_word' id='word_1_58' title='bbox 521 465 632 492; x_wconf 85' lang='lat' dir='ltr'><strong>verbum</strong></span> <span class='ocrx_word' id='word_1_59' title='bbox 661 464 779 491; x_wconf 87' lang='lat' dir='ltr'><strong>Domini.</strong></span> <span class='ocrx_word' id='word_1_60' title='bbox 798 464 824 491; x_wconf 88' lang='lat'><strong>5.</strong></span> <span class='ocrx_word' id='word_1_61' title='bbox 842 463 905 492; x_wconf 68' lang='lat' dir='ltr'><strong>Haec</strong></span> 
     </span>
    </p>
   </div>
   <div class='ocr_carea' id='block_1_9' title="bbox 112 509 904 545">
    <p class='ocr_par' dir='ltr' id='par_1_9' title="bbox 112 509 904 545">
     <span class='ocr_line' id='line_1_9' title="bbox 112 509 904 545; baseline 0 -8"><span class='ocrx_word' id='word_1_62' title='bbox 112 510 181 537; x_wconf 88' lang='lat' dir='ltr'><strong>dicit</strong></span> <span class='ocrx_word' id='word_1_63' title='bbox 207 509 339 537; x_wconf 86' lang='lat' dir='ltr'><strong>Dominus</strong></span> <span class='ocrx_word' id='word_1_64' title='bbox 363 509 494 537; x_wconf 87' lang='lat' dir='ltr'><strong>Dominus</strong></span> <span class='ocrx_word' id='word_1_65' title='bbox 509 510 618 537; x_wconf 88' lang='lat' dir='ltr'><strong>ossibus</strong></span> <span class='ocrx_word' id='word_1_66' title='bbox 635 510 677 537; x_wconf 87' lang='lat' dir='ltr'><strong>his</strong></span> <span class='ocrx_word' id='word_1_67' title='bbox 694 517 700 535; x_wconf 91' lang='lat'><strong>:</strong></span> <span class='ocrx_word' id='word_1_68' title='bbox 714 509 784 537; x_wconf 85' lang='lat' dir='ltr'><strong>Ecce</strong></span> <span class='ocrx_word' id='word_1_69' title='bbox 798 517 848 544; x_wconf 84' lang='lat' dir='ltr'><strong>ego</strong></span> <span class='ocrx_word' id='word_1_70' title='bbox 866 509 904 545; x_wconf 83' lang='lat' dir='ltr'><strong>(y)</strong></span> 
     </span>
    </p>
   </div>
   <div class='ocr_carea' id='block_1_10' title="bbox 113 555 904 590">
    <p class='ocr_par' dir='ltr' id='par_1_10' title="bbox 113 555 904 590">
     <span class='ocr_line' id='line_1_10' title="bbox 113 555 904 590; baseline 0 -7"><span class='ocrx_word' id='word_1_71' title='bbox 113 555 174 583; x_wconf 79' lang='lat' dir='ltr'><strong>fero</strong></span> <span class='ocrx_word' id='word_1_72' title='bbox 203 563 285 590; x_wconf 86' lang='lat' dir='ltr'><strong>super</strong></span> <span class='ocrx_word' id='word_1_73' title='bbox 311 563 360 583; x_wconf 88' lang='lat' dir='ltr'><strong>vos</strong></span> <span class='ocrx_word' id='word_1_74' title='bbox 391 556 516 590; x_wconf 86' lang='lat' dir='ltr'><strong>spiritum</strong></span> <span class='ocrx_word' id='word_1_75' title='bbox 545 556 624 588; x_wconf 62' lang='lat' dir='ltr'><strong>vitae,</strong></span> <span class='ocrx_word' id='word_1_76' title='bbox 657 557 682 582; x_wconf 87' lang='lat'><strong>6.</strong></span> <span class='ocrx_word' id='word_1_77' title='bbox 711 560 737 583; x_wconf 86' lang='lat' dir='ltr'><strong>et</strong></span> <span class='ocrx_word' id='word_1_78' title='bbox 767 556 837 584; x_wconf 93' lang='lat' dir='ltr'><strong>dabo</strong></span> <span class='ocrx_word' id='word_1_79' title='bbox 857 564 904 583; x_wconf 92' lang='lat' dir='ltr'><strong>su-</strong></span> 
     </span>
    </p>
   </div>
   <div class='ocr_carea' id='block_1_11' title="bbox 114 601 905 636">
    <p class='ocr_par' dir='ltr' id='par_1_11' title="bbox 114 601 905 636">
     <span class='ocr_line' id='line_1_11' title="bbox 114 601 905 636; baseline -0.001 -7"><span class='ocrx_word' id='word_1_80' title='bbox 114 610 164 636; x_wconf 84' lang='lat' dir='ltr'><strong>per</strong></span> <span class='ocrx_word' id='word_1_81' title='bbox 179 610 229 629; x_wconf 80' lang='lat' dir='ltr'><strong>VOS</strong></span> <span class='ocrx_word' id='word_1_82' title='bbox 248 609 356 634; x_wconf 78' lang='lat' dir='ltr'><strong>nervos,</strong></span> <span class='ocrx_word' id='word_1_83' title='bbox 371 606 398 628; x_wconf 92' lang='lat' dir='ltr'><strong>et</strong></span> <span class='ocrx_word' id='word_1_84' title='bbox 410 601 545 628; x_wconf 77' lang='lat' dir='ltr'><strong>abducam</strong></span> <span class='ocrx_word' id='word_1_85' title='bbox 574 609 656 636; x_wconf 88' lang='lat' dir='ltr'><strong>super</strong></span> <span class='ocrx_word' id='word_1_86' title='bbox 671 609 720 628; x_wconf 86' lang='lat' dir='ltr'><strong>VOS</strong></span> <span class='ocrx_word' id='word_1_87' title='bbox 748 609 856 634; x_wconf 86' lang='lat' dir='ltr'><strong>carnes,</strong></span> <span class='ocrx_word' id='word_1_88' title='bbox 878 606 905 628; x_wconf 78' lang='grc' dir='ltr'><strong>ει</strong></span> 
     </span>
    </p>
   </div>
   <div class='ocr_carea' id='block_1_12' title="bbox 114 647 903 682">
    <p class='ocr_par' dir='ltr' id='par_1_12' title="bbox 114 647 903 682">
     <span class='ocr_line' id='line_1_12' title="bbox 114 647 903 682; baseline 0 -8"><span class='ocrx_word' id='word_1_89' title='bbox 114 648 259 675; x_wconf 73' lang='lat' dir='ltr'><strong>extendam</strong></span> <span class='ocrx_word' id='word_1_90' title='bbox 272 654 355 682; x_wconf 84' lang='lat' dir='ltr'><strong>super</strong></span> <span class='ocrx_word' id='word_1_91' title='bbox 365 654 415 674; x_wconf 87' lang='lat' dir='ltr'><strong>vos</strong></span> <span class='ocrx_word' id='word_1_92' title='bbox 424 647 531 681; x_wconf 87' lang='lat' dir='ltr'><strong>pellem,</strong></span> <span class='ocrx_word' id='word_1_93' title='bbox 547 651 573 673; x_wconf 91' lang='lat' dir='ltr'><strong>et</strong></span> <span class='ocrx_word' id='word_1_94' title='bbox 587 647 657 674; x_wconf 85' lang='lat' dir='ltr'><strong>dabo</strong></span> <span class='ocrx_word' id='word_1_95' title='bbox 672 647 700 674; x_wconf 91' lang='lat' dir='ltr'><strong>in</strong></span> <span class='ocrx_word' id='word_1_96' title='bbox 714 654 763 674; x_wconf 89' lang='lat' dir='ltr'><strong>vos</strong></span> <span class='ocrx_word' id='word_1_97' title='bbox 778 647 903 682; x_wconf 79' lang='lat' dir='ltr'><strong>spiritum</strong></span> 
     </span>
    </p>
   </div>
   <div class='ocr_carea' id='block_1_13' title="bbox 116 694 903 728">
    <p class='ocr_par' dir='ltr' id='par_1_13' title="bbox 116 694 903 728">
     <span class='ocr_line' id='line_1_13' title="bbox 116 694 903 728; baseline -0.003 -6"><span class='ocrx_word' id='word_1_98' title='bbox 116 702 220 725; x_wconf 83' lang='lat' dir='ltr'><strong>meum,</strong></span> <span class='ocrx_word' id='word_1_99' title='bbox 230 699 257 721; x_wconf 90' lang='lat' dir='ltr'><strong>et</strong></span> <span class='ocrx_word' id='word_1_100' title='bbox 268 694 376 725; x_wconf 86' lang='lat' dir='ltr'><strong>vivetis,</strong></span> <span class='ocrx_word' id='word_1_101' title='bbox 385 698 412 721; x_wconf 93' lang='lat' dir='ltr'><strong>et</strong></span> <span class='ocrx_word' id='word_1_102' title='bbox 422 694 524 726; x_wconf 85' lang='lat' dir='ltr'><strong>scietis,</strong></span> <span class='ocrx_word' id='word_1_103' title='bbox 537 694 609 728; x_wconf 84' lang='lat' dir='ltr'><strong>quod</strong></span> <span class='ocrx_word' id='word_1_104' title='bbox 621 701 671 728; x_wconf 76' lang='lat' dir='ltr'><strong>ego</strong></span> <span class='ocrx_word' id='word_1_105' title='bbox 687 701 747 721; x_wconf 89' lang='lat' dir='ltr'><strong>sum</strong></span> <span class='ocrx_word' id='word_1_106' title='bbox 761 694 903 721; x_wconf 88' lang='lat' dir='ltr'><strong>Dominus.</strong></span> 
     </span>
    </p>
   </div>
   <div class='ocr_carea' id='block_1_14' title="bbox 115 739 906 775">
    <p class='ocr_par' dir='ltr' id='par_1_14' title="bbox 115 739 906 775">
     <span class='ocr_line' id='line_1_14' title="bbox 115 739 906 775; baseline 0 -8"><span class='ocrx_word' id='word_1_107' title='bbox 115 740 144 767; x_wconf 85' lang='lat'><strong>7.</strong></span> <span class='ocrx_word' id='word_1_108' title='bbox 160 739 193 767; x_wconf 89' lang='lat' dir='ltr'><strong>Et</strong></span> <span class='ocrx_word' id='word_1_109' title='bbox 205 740 376 775; x_wconf 87' lang='lat' dir='ltr'><strong>prophetavi,</strong></span> <span class='ocrx_word' id='word_1_110' title='bbox 397 740 470 767; x_wconf 81' lang='lat' dir='ltr'><strong>sicut</strong></span> <span class='ocrx_word' id='word_1_111' title='bbox 481 740 609 774; x_wconf 69' lang='lat' dir='ltr'><strong>praecepit</strong></span> <span class='ocrx_word' id='word_1_112' title='bbox 624 740 691 767; x_wconf 87' lang='lat' dir='ltr'><strong>mihi</strong></span> <span class='ocrx_word' id='word_1_113' title='bbox 711 739 852 768; x_wconf 85' lang='lat' dir='ltr'><strong>Dominus.</strong></span> <span class='ocrx_word' id='word_1_114' title='bbox 873 739 906 767; x_wconf 86' lang='lat' dir='ltr'><strong>Et</strong></span> 
     </span>
    </p>
   </div>
   <div class='ocr_carea' id='block_1_15' title="bbox 116 784 906 819">
    <p class='ocr_par' dir='ltr' id='par_1_15' title="bbox 116 784 906 819">
     <span class='ocr_line' id='line_1_15' title="bbox 116 784 906 819; baseline 0.003 -9"><span class='ocrx_word' id='word_1_115' title='bbox 116 784 188 812; x_wconf 84' lang='lat' dir='ltr'><strong>fat-ta</strong></span> <span class='ocrx_word' id='word_1_116' title='bbox 205 790 246 812; x_wconf 87' lang='lat' dir='ltr'><strong>est</strong></span> <span class='ocrx_word' id='word_1_117' title='bbox 261 786 294 817; x_wconf 55' lang='grc' dir='ltr'><strong>χ(</strong></span> <span class='ocrx_word' id='word_1_118' title='bbox 308 792 360 811; x_wconf 81' lang='lat' dir='ltr'><strong>vox</strong></span> <span class='ocrx_word' id='word_1_119' title='bbox 378 785 389 818; x_wconf 99' lang='lat'><strong>1</strong></span> <span class='ocrx_word' id='word_1_120' title='bbox 404 803 411 816; x_wconf 96' lang='lat'><strong>,</strong></span> <span class='ocrx_word' id='word_1_121' title='bbox 429 791 490 811; x_wconf 89' lang='lat' dir='ltr'><strong>cum</strong></span> <span class='ocrx_word' id='word_1_122' title='bbox 511 791 561 818; x_wconf 80' lang='lat' dir='ltr'><strong>ego</strong></span> <span class='ocrx_word' id='word_1_123' title='bbox 581 785 772 819; x_wconf 87' lang='lat' dir='ltr'><strong>prophetarem</strong></span> <span class='ocrx_word' id='word_1_124' title='bbox 784 804 791 816; x_wconf 93' lang='lat'><strong>,</strong></span> <span class='ocrx_word' id='word_1_125' title='bbox 804 788 830 812; x_wconf 90' lang='lat' dir='ltr'><strong>et</strong></span> <span class='ocrx_word' id='word_1_126' title='bbox 844 792 906 812; x_wconf 85' lang='lat' dir='ltr'><strong>ecce</strong></span> 
     </span>
    </p>
   </div>
   <div class='ocr_carea' id='block_1_16' title="bbox 115 831 904 862">
    <p class='ocr_par' dir='ltr' id='par_1_16' title="bbox 115 831 904 862">
     <span class='ocr_line' id='line_1_16' title="bbox 115 831 904 862; baseline -0.001 -4"><span class='ocrx_word' id='word_1_127' title='bbox 115 832 277 862; x_wconf 84' lang='lat' dir='ltr'><strong>commotio,</strong></span> <span class='ocrx_word' id='word_1_128' title='bbox 286 831 441 858; x_wconf 84' lang='lat' dir='ltr'><strong>etadmovit</strong></span> <span class='ocrx_word' id='word_1_129' title='bbox 452 838 514 858; x_wconf 82' lang='lat' dir='ltr'><strong>ossa</strong></span> <span class='ocrx_word' id='word_1_130' title='bbox 524 838 555 857; x_wconf 90' lang='lat' dir='ltr'><strong>os</strong></span> <span class='ocrx_word' id='word_1_131' title='bbox 566 831 599 858; x_wconf 89' lang='lat' dir='ltr'><strong>ad</strong></span> <span class='ocrx_word' id='word_1_132' title='bbox 609 831 806 858; x_wconf 80' lang='lat' dir='ltr'><strong>eonnexionem</strong></span> <span class='ocrx_word' id='word_1_133' title='bbox 816 838 904 858; x_wconf 86' lang='lat' dir='ltr'><strong>suam.</strong></span> 
     </span>
    </p>
   </div>
   <div class='ocr_carea' id='block_1_17' title="bbox 117 876 906 911">
    <p class='ocr_par' dir='ltr' id='par_1_17' title="bbox 117 876 906 911">
     <span class='ocr_line' id='line_1_17' title="bbox 117 876 906 911; baseline 0.001 -9"><span class='ocrx_word' id='word_1_134' title='bbox 117 876 146 904; x_wconf 84' lang='lat'><strong>8.</strong></span> <span class='ocrx_word' id='word_1_135' title='bbox 163 876 196 902; x_wconf 85' lang='lat' dir='ltr'><strong>Et</strong></span> <span class='ocrx_word' id='word_1_136' title='bbox 211 876 265 902; x_wconf 86' lang='lat' dir='ltr'><strong>vidi</strong></span> <span class='ocrx_word' id='word_1_137' title='bbox 282 884 289 901; x_wconf 87' lang='lat'><strong>:</strong></span> <span class='ocrx_word' id='word_1_138' title='bbox 301 880 329 903; x_wconf 86' lang='lat' dir='ltr'><strong>et</strong></span> <span class='ocrx_word' id='word_1_139' title='bbox 340 882 403 902; x_wconf 86' lang='lat' dir='ltr'><strong>ecce</strong></span> <span class='ocrx_word' id='word_1_140' title='bbox 416 883 498 910; x_wconf 85' lang='lat' dir='ltr'><strong>super</strong></span> <span class='ocrx_word' id='word_1_141' title='bbox 510 883 541 902; x_wconf 87' lang='lat' dir='ltr'><strong>ea</strong></span> <span class='ocrx_word' id='word_1_142' title='bbox 558 876 643 909; x_wconf 87' lang='lat' dir='ltr'><strong>nervi,</strong></span> <span class='ocrx_word' id='word_1_143' title='bbox 656 880 683 903; x_wconf 89' lang='lat' dir='ltr'><strong>et</strong></span> <span class='ocrx_word' id='word_1_144' title='bbox 696 883 793 903; x_wconf 82' lang='lat' dir='ltr'><strong>carnes</strong></span> <span class='ocrx_word' id='word_1_145' title='bbox 805 877 906 911; x_wconf 83' lang='lat' dir='ltr'><strong>germi-</strong></span> 
     </span>
    </p>
   </div>
   <div class='ocr_carea' id='block_1_18' title="bbox 117 922 908 957">
    <p class='ocr_par' dir='ltr' id='par_1_18' title="bbox 117 922 908 957">
     <span class='ocr_line' id='line_1_18' title="bbox 117 922 908 957; baseline 0.003 -9"><span class='ocrx_word' id='word_1_146' title='bbox 117 922 230 954; x_wconf 77' lang='lat' dir='ltr'><strong>nabaut,</strong></span> <span class='ocrx_word' id='word_1_147' title='bbox 255 927 282 949; x_wconf 86' lang='lat' dir='ltr'><strong>et</strong></span> <span class='ocrx_word' id='word_1_148' title='bbox 294 922 459 950; x_wconf 82' lang='lat' dir='ltr'><strong>ascendebat</strong></span> <span class='ocrx_word' id='word_1_149' title='bbox 488 929 570 956; x_wconf 82' lang='lat' dir='ltr'><strong>super</strong></span> <span class='ocrx_word' id='word_1_150' title='bbox 586 929 617 949; x_wconf 86' lang='lat' dir='ltr'><strong>ea</strong></span> <span class='ocrx_word' id='word_1_151' title='bbox 638 922 717 957; x_wconf 89' lang='lat' dir='ltr'><strong>pellis</strong></span> <span class='ocrx_word' id='word_1_152' title='bbox 736 922 862 957; x_wconf 83' lang='lat' dir='ltr'><strong>desuper,</strong></span> <span class='ocrx_word' id='word_1_153' title='bbox 881 926 908 950; x_wconf 88' lang='lat' dir='ltr'><strong>et</strong></span> 
     </span>
    </p>
   </div>
   <div class='ocr_carea' id='block_1_19' title="bbox 117 967 907 1003">
    <p class='ocr_par' dir='ltr' id='par_1_19' title="bbox 117 967 907 1003">
     <span class='ocr_line' id='line_1_19' title="bbox 117 967 907 1003; baseline 0.003 -9"><span class='ocrx_word' id='word_1_154' title='bbox 117 968 232 1002; x_wconf 75' lang='lat' dir='ltr'><strong>spiritus</strong></span> <span class='ocrx_word' id='word_1_155' title='bbox 244 975 297 995; x_wconf 92' lang='lat' dir='ltr'><strong>non</strong></span> <span class='ocrx_word' id='word_1_156' title='bbox 311 973 370 995; x_wconf 90' lang='lat' dir='ltr'><strong>erat</strong></span> <span class='ocrx_word' id='word_1_157' title='bbox 380 968 408 995; x_wconf 92' lang='lat' dir='ltr'><strong>in</strong></span> <span class='ocrx_word' id='word_1_158' title='bbox 421 969 471 995; x_wconf 83' lang='lat' dir='ltr'><strong>eis.</strong></span> <span class='ocrx_word' id='word_1_159' title='bbox 483 968 510 996; x_wconf 84' lang='lat'><strong>9.</strong></span> <span class='ocrx_word' id='word_1_160' title='bbox 524 967 557 995; x_wconf 87' lang='lat' dir='ltr'><strong>Et</strong></span> <span class='ocrx_word' id='word_1_161' title='bbox 569 968 638 995; x_wconf 82' lang='lat' dir='ltr'><strong>dixit</strong></span> <span class='ocrx_word' id='word_1_162' title='bbox 650 968 684 995; x_wconf 90' lang='lat' dir='ltr'><strong>ad</strong></span> <span class='ocrx_word' id='word_1_163' title='bbox 698 975 741 995; x_wconf 92' lang='lat' dir='ltr'><strong>me</strong></span> <span class='ocrx_word' id='word_1_164' title='bbox 753 976 760 994; x_wconf 93' lang='lat'>:</span> <span class='ocrx_word' id='word_1_165' title='bbox 772 967 907 1003; x_wconf 81' lang='lat' dir='ltr'><strong>Propheta</strong></span> 
     </span>
    </p>
   </div>
   <div class='ocr_carea' id='block_1_20' title="bbox 117 1014 909 1050">
    <p class='ocr_par' dir='ltr' id='par_1_20' title="bbox 117 1014 909 1050">
     <span class='ocr_line' id='line_1_20' title="bbox 117 1014 909 1050; baseline 0 -8"><span class='ocrx_word' id='word_1_166' title='bbox 117 1022 201 1049; x_wconf 86' lang='lat' dir='ltr'><strong>super</strong></span> <span class='ocrx_word' id='word_1_167' title='bbox 214 1015 353 1049; x_wconf 84' lang='lat' dir='ltr'><strong>spiritum,</strong></span> <span class='ocrx_word' id='word_1_168' title='bbox 371 1015 515 1050; x_wconf 81' lang='lat' dir='ltr'><strong>propheta,</strong></span> <span class='ocrx_word' id='word_1_169' title='bbox 531 1014 567 1042; x_wconf 83' lang='lat' dir='ltr'><strong>Illi</strong></span> <span class='ocrx_word' id='word_1_170' title='bbox 585 1015 716 1047; x_wconf 86' lang='lat' dir='ltr'><strong>hominis,</strong></span> <span class='ocrx_word' id='word_1_171' title='bbox 730 1015 812 1042; x_wconf 90' lang='lat' dir='ltr'><strong>ctdic</strong></span> <span class='ocrx_word' id='word_1_172' title='bbox 827 1015 909 1050; x_wconf 85' lang='lat' dir='ltr'><strong>spiri-</strong></span> 
     </span>
    </p>
   </div>
   <div class='ocr_carea' id='block_1_21' title="bbox 118 1060 908 1097">
    <p class='ocr_par' dir='ltr' id='par_1_21' title="bbox 118 1060 908 1097">
     <span class='ocr_line' id='line_1_21' title="bbox 118 1060 908 1097; baseline 0.001 -9"><span class='ocrx_word' id='word_1_173' title='bbox 118 1062 157 1089; x_wconf 92' lang='lat' dir='ltr'><strong>tui</strong></span> <span class='ocrx_word' id='word_1_174' title='bbox 172 1070 180 1088; x_wconf 90' lang='lat'><strong>:</strong></span> <span class='ocrx_word' id='word_1_175' title='bbox 197 1060 260 1088; x_wconf 68' lang='lat' dir='ltr'><strong>Ilaec</strong></span> <span class='ocrx_word' id='word_1_176' title='bbox 274 1061 343 1088; x_wconf 86' lang='lat' dir='ltr'><strong>dicit</strong></span> <span class='ocrx_word' id='word_1_177' title='bbox 363 1062 495 1089; x_wconf 86' lang='lat' dir='ltr'><strong>Dominus</strong></span> <span class='ocrx_word' id='word_1_178' title='bbox 515 1061 647 1089; x_wconf 88' lang='lat' dir='ltr'><strong>Dominus</strong></span> <span class='ocrx_word' id='word_1_179' title='bbox 665 1061 706 1088; x_wconf 82' lang='lat' dir='ltr'><strong>:A</strong></span> <span class='ocrx_word' id='word_1_180' title='bbox 719 1066 836 1097; x_wconf 79' lang='lat' dir='ltr'><strong>quatuor</strong></span> <span class='ocrx_word' id='word_1_181' title='bbox 851 1062 908 1096; x_wconf 84' lang='lat' dir='ltr'><strong>spi-</strong></span> 
     </span>
    </p>
   </div>
   <div class='ocr_carea' id='block_1_22' title="bbox 117 1106 909 1141">
    <p class='ocr_par' dir='ltr' id='par_1_22' title="bbox 117 1106 909 1141">
     <span class='ocr_line' id='line_1_22' title="bbox 117 1106 909 1141; baseline 0 -8"><span class='ocrx_word' id='word_1_182' title='bbox 117 1107 220 1133; x_wconf 81' lang='lat' dir='ltr'><strong>ritibus</strong></span> <span class='ocrx_word' id='word_1_183' title='bbox 238 1106 309 1139; x_wconf 86' lang='lat' dir='ltr'><strong>veni,</strong></span> <span class='ocrx_word' id='word_1_184' title='bbox 323 1108 356 1141; x_wconf 62' lang='lat' dir='ltr'>x</span> <span class='ocrx_word' id='word_1_185' title='bbox 371 1106 484 1141; x_wconf 85' lang='lat' dir='ltr'><strong>spiritus</strong></span> <span class='ocrx_word' id='word_1_186' title='bbox 509 1106 539 1140; x_wconf 68' lang='grc' dir='ltr'><strong>ξ,</strong></span> <span class='ocrx_word' id='word_1_187' title='bbox 553 1111 580 1134; x_wconf 85' lang='lat' dir='ltr'><strong>et</strong></span> <span class='ocrx_word' id='word_1_188' title='bbox 602 1106 710 1134; x_wconf 79' lang='lat' dir='ltr'><strong>insuIIIa</strong></span> <span class='ocrx_word' id='word_1_189' title='bbox 734 1107 762 1133; x_wconf 90' lang='lat' dir='ltr'><strong>in</strong></span> <span class='ocrx_word' id='word_1_190' title='bbox 787 1110 909 1134; x_wconf 86' lang='lat' dir='ltr'><strong>mortuos</strong></span> 
     </span>
    </p>
   </div>
   <div class='ocr_carea' id='block_1_23' title="bbox 118 1151 909 1187">
    <p class='ocr_par' dir='ltr' id='par_1_23' title="bbox 118 1151 909 1187">
     <span class='ocr_line' id='line_1_23' title="bbox 118 1151 909 1187; baseline 0.001 -8"><span class='ocrx_word' id='word_1_191' title='bbox 118 1152 180 1184; x_wconf 88' lang='lat' dir='ltr'><strong>hos,</strong></span> <span class='ocrx_word' id='word_1_192' title='bbox 199 1157 226 1179; x_wconf 90' lang='lat' dir='ltr'><strong>et</strong></span> <span class='ocrx_word' id='word_1_193' title='bbox 244 1152 347 1179; x_wconf 84' lang='lat' dir='ltr'><strong>vivam.</strong></span> <span class='ocrx_word' id='word_1_194' title='bbox 376 1152 419 1180; x_wconf 83' lang='lat' dir='ltr'><strong>Io.</strong></span> <span class='ocrx_word' id='word_1_195' title='bbox 443 1151 478 1179; x_wconf 89' lang='lat' dir='ltr'><strong>Et</strong></span> <span class='ocrx_word' id='word_1_196' title='bbox 492 1152 652 1187; x_wconf 75' lang='lat' dir='ltr'><strong>prophetavi</strong></span> <span class='ocrx_word' id='word_1_197' title='bbox 668 1172 675 1184; x_wconf 93' lang='lat'><strong>,</strong></span> <span class='ocrx_word' id='word_1_198' title='bbox 693 1152 764 1180; x_wconf 90' lang='lat' dir='ltr'><strong>sicut</strong></span> <span class='ocrx_word' id='word_1_199' title='bbox 780 1153 909 1187; x_wconf 75' lang='lat' dir='ltr'><strong>prmcepit</strong></span> 
     </span>
    </p>
   </div>
   <div class='ocr_carea' id='block_1_24' title="bbox 119 1197 908 1231">
    <p class='ocr_par' dir='ltr' id='par_1_24' title="bbox 119 1197 908 1231">
     <span class='ocr_line' id='line_1_24' title="bbox 119 1197 908 1231; baseline 0.003 -8"><span class='ocrx_word' id='word_1_200' title='bbox 119 1197 187 1223; x_wconf 90' lang='lat' dir='ltr'><strong>mihi</strong></span> <span class='ocrx_word' id='word_1_201' title='bbox 207 1206 214 1224; x_wconf 89' lang='lat'><strong><em>:</em></strong></span> <span class='ocrx_word' id='word_1_202' title='bbox 237 1201 264 1223; x_wconf 92' lang='lat' dir='ltr'><strong>et</strong></span> <span class='ocrx_word' id='word_1_203' title='bbox 280 1197 394 1224; x_wconf 90' lang='lat' dir='ltr'><strong>intravit</strong></span> <span class='ocrx_word' id='word_1_204' title='bbox 419 1198 446 1224; x_wconf 84' lang='lat' dir='ltr'><strong>in</strong></span> <span class='ocrx_word' id='word_1_205' title='bbox 464 1204 512 1224; x_wconf 88' lang='lat' dir='ltr'><strong>eos</strong></span> <span class='ocrx_word' id='word_1_206' title='bbox 523 1197 648 1231; x_wconf 83' lang='lat' dir='ltr'><strong>spiritus,</strong></span> <span class='ocrx_word' id='word_1_207' title='bbox 672 1201 700 1224; x_wconf 89' lang='lat' dir='ltr'><strong>et</strong></span> <span class='ocrx_word' id='word_1_208' title='bbox 723 1197 860 1231; x_wconf 84' lang='lat' dir='ltr'><strong>vixerunt,</strong></span> <span class='ocrx_word' id='word_1_209' title='bbox 882 1203 908 1225; x_wconf 88' lang='lat' dir='ltr'><strong>et</strong></span> 
     </span>
    </p>
   </div>
   <div class='ocr_carea' id='block_1_25' title="bbox 117 1243 908 1278">
    <p class='ocr_par' dir='ltr' id='par_1_25' title="bbox 117 1243 908 1278">
     <span class='ocr_line' id='line_1_25' title="bbox 117 1243 908 1278; baseline 0 -8"><span class='ocrx_word' id='word_1_210' title='bbox 117 1247 252 1270; x_wconf 75' lang='lat' dir='ltr'><strong>steterunt</strong></span> <span class='ocrx_word' id='word_1_211' title='bbox 267 1251 350 1277; x_wconf 89' lang='lat' dir='ltr'><strong>super</strong></span> <span class='ocrx_word' id='word_1_212' title='bbox 367 1243 480 1278; x_wconf 80' lang='lat' dir='ltr'><strong>pedibus</strong></span> <span class='ocrx_word' id='word_1_213' title='bbox 496 1243 566 1274; x_wconf 82' lang='lat' dir='ltr'><strong>suis,</strong></span> <span class='ocrx_word' id='word_1_214' title='bbox 585 1243 622 1277; x_wconf 67' lang='grc' dir='ltr'><strong>(κ)</strong></span> <span class='ocrx_word' id='word_1_215' title='bbox 639 1244 812 1278; x_wconf 73' lang='lat' dir='ltr'><strong>congregatio</strong></span> <span class='ocrx_word' id='word_1_216' title='bbox 824 1243 908 1270; x_wconf 91' lang='lat' dir='ltr'><strong>multa</strong></span> 
     </span>
    </p>
   </div>
   <div class='ocr_carea' id='block_1_26' title="bbox 117 1288 908 1323">
    <p class='ocr_par' dir='ltr' id='par_1_26' title="bbox 117 1288 908 1323">
     <span class='ocr_line' id='line_1_26' title="bbox 117 1288 908 1323; baseline 0 -7"><span class='ocrx_word' id='word_1_217' title='bbox 117 1289 243 1323; x_wconf 57' lang='lat' dir='ltr'><strong>valdex</strong></span> <span class='ocrx_word' id='word_1_218' title='bbox 265 1289 341 1316; x_wconf 90' lang='lat' dir='ltr'><strong>valde</strong></span> <span class='ocrx_word' id='word_1_219' title='bbox 359 1290 383 1323; x_wconf 68' lang='grc' dir='ltr'><em>ζ.</em></span> <span class='ocrx_word' id='word_1_220' title='bbox 405 1289 447 1316; x_wconf 88' lang='grc'><strong>11.</strong></span> <span class='ocrx_word' id='word_1_221' title='bbox 465 1288 496 1316; x_wconf 83' lang='lat' dir='ltr'><strong>Et</strong></span> <span class='ocrx_word' id='word_1_222' title='bbox 521 1289 630 1316; x_wconf 89' lang='lat' dir='ltr'><strong>loculus</strong></span> <span class='ocrx_word' id='word_1_223' title='bbox 655 1293 697 1316; x_wconf 87' lang='lat' dir='ltr'><strong>est</strong></span> <span class='ocrx_word' id='word_1_224' title='bbox 724 1290 855 1317; x_wconf 86' lang='lat' dir='ltr'><strong>Dominus</strong></span> <span class='ocrx_word' id='word_1_225' title='bbox 875 1289 908 1316; x_wconf 91' lang='lat' dir='ltr'><strong>ad</strong></span> 
     </span>
    </p>
   </div>
   <div class='ocr_carea' id='block_1_27' title="bbox 117 1334 909 1368">
    <p class='ocr_par' dir='ltr' id='par_1_27' title="bbox 117 1334 909 1368">
     <span class='ocr_line' id='line_1_27' title="bbox 117 1334 909 1368; baseline 0.001 -6"><span class='ocrx_word' id='word_1_226' title='bbox 117 1342 172 1368; x_wconf 73' lang='lat' dir='ltr'><strong>me,</strong></span> <span class='ocrx_word' id='word_1_227' title='bbox 189 1335 303 1363; x_wconf 88' lang='lat' dir='ltr'><strong>dicens:</strong></span> <span class='ocrx_word' id='word_1_228' title='bbox 321 1334 372 1362; x_wconf 85' lang='lat' dir='ltr'><strong>Fili</strong></span> <span class='ocrx_word' id='word_1_229' title='bbox 393 1335 522 1367; x_wconf 85' lang='lat' dir='ltr'><strong>hominis,</strong></span> <span class='ocrx_word' id='word_1_230' title='bbox 544 1343 607 1363; x_wconf 84' lang='lat' dir='ltr'><strong>ossa</strong></span> <span class='ocrx_word' id='word_1_231' title='bbox 632 1336 689 1363; x_wconf 73' lang='lat' dir='ltr'><strong>haec</strong></span> <span class='ocrx_word' id='word_1_232' title='bbox 708 1337 798 1362; x_wconf 89' lang='lat' dir='ltr'><strong>omnis</strong></span> <span class='ocrx_word' id='word_1_233' title='bbox 810 1336 909 1363; x_wconf 90' lang='lat' dir='ltr'><strong>domus</strong></span> 
     </span>
    </p>
   </div>
   <div class='ocr_carea' id='block_1_28' title="bbox 117 1379 908 1412">
    <p class='ocr_par' dir='ltr' id='par_1_28' title="bbox 117 1379 908 1412">
     <span class='ocr_line' id='line_1_28' title="bbox 117 1379 908 1412; baseline 0 -6"><span class='ocrx_word' id='word_1_234' title='bbox 117 1379 229 1407; x_wconf 82' lang='lat' dir='ltr'><strong>Israelis</strong></span> <span class='ocrx_word' id='word_1_235' title='bbox 251 1385 302 1412; x_wconf 91' lang='lat' dir='ltr'><strong>est,</strong></span> <span class='ocrx_word' id='word_1_236' title='bbox 321 1380 359 1406; x_wconf 86' lang='lat' dir='ltr'><strong>illi</strong></span> <span class='ocrx_word' id='word_1_237' title='bbox 374 1379 490 1408; x_wconf 89' lang='lat' dir='ltr'><strong>dicunt:</strong></span> <span class='ocrx_word' id='word_1_238' title='bbox 511 1381 594 1407; x_wconf 83' lang='lat' dir='ltr'><strong>Arida</strong></span> <span class='ocrx_word' id='word_1_239' title='bbox 618 1380 689 1407; x_wconf 87' lang='lat' dir='ltr'><strong>facta</strong></span> <span class='ocrx_word' id='word_1_240' title='bbox 702 1385 764 1408; x_wconf 89' lang='lat' dir='ltr'><strong>sunt</strong></span> <span class='ocrx_word' id='word_1_241' title='bbox 777 1388 838 1408; x_wconf 90' lang='lat' dir='ltr'><strong>ossa</strong></span> <span class='ocrx_word' id='word_1_242' title='bbox 858 1387 908 1407; x_wconf 91' lang='lat' dir='ltr'><strong>no-</strong></span> 
     </span>
    </p>
   </div>
   <div class='ocr_carea' id='block_1_29' title="bbox 117 1426 909 1461">
    <p class='ocr_par' dir='ltr' id='par_1_29' title="bbox 117 1426 909 1461">
     <span class='ocr_line' id='line_1_29' title="bbox 117 1426 909 1461; baseline 0.001 -9"><span class='ocrx_word' id='word_1_243' title='bbox 117 1431 185 1458; x_wconf 86' lang='lat' dir='ltr'><strong>stra,</strong></span> <span class='ocrx_word' id='word_1_244' title='bbox 203 1427 284 1461; x_wconf 86' lang='lat' dir='ltr'><strong>periit</strong></span> <span class='ocrx_word' id='word_1_245' title='bbox 297 1434 359 1461; x_wconf 85' lang='lat' dir='ltr'><strong>spes</strong></span> <span class='ocrx_word' id='word_1_246' title='bbox 375 1431 479 1460; x_wconf 88' lang='lat' dir='ltr'><strong>nostra,</strong></span> <span class='ocrx_word' id='word_1_247' title='bbox 497 1427 566 1453; x_wconf 87' lang='lat' dir='ltr'><strong>irriti</strong></span> <span class='ocrx_word' id='word_1_248' title='bbox 583 1426 647 1453; x_wconf 87' lang='lat' dir='ltr'><strong>facti</strong></span> <span class='ocrx_word' id='word_1_249' title='bbox 662 1435 769 1454; x_wconf 86' lang='lat' dir='ltr'><strong>sumus.</strong></span> <span class='ocrx_word' id='word_1_250' title='bbox 785 1426 828 1453; x_wconf 67' lang='grc'><em>12.</em></span> <span class='ocrx_word' id='word_1_251' title='bbox 842 1426 909 1453; x_wconf 83' lang='lat' dir='ltr'><strong>Pro-</strong></span> 
     </span>
    </p>
   </div>
   <div class='ocr_carea' id='block_1_30' title="bbox 117 1472 908 1507">
    <p class='ocr_par' dir='ltr' id='par_1_30' title="bbox 117 1472 908 1507">
     <span class='ocr_line' id='line_1_30' title="bbox 117 1472 908 1507; baseline 0.001 -9"><span class='ocrx_word' id='word_1_252' title='bbox 117 1476 180 1507; x_wconf 84' lang='lat' dir='ltr'><strong>pter</strong></span> <span class='ocrx_word' id='word_1_253' title='bbox 192 1473 247 1500; x_wconf 85' lang='lat' dir='ltr'><strong>boc</strong></span> <span class='ocrx_word' id='word_1_254' title='bbox 262 1473 405 1507; x_wconf 80' lang='lat' dir='ltr'><strong>propheta,</strong></span> <span class='ocrx_word' id='word_1_255' title='bbox 421 1478 448 1500; x_wconf 84' lang='lat' dir='ltr'><strong>et</strong></span> <span class='ocrx_word' id='word_1_256' title='bbox 473 1472 520 1500; x_wconf 89' lang='lat' dir='ltr'><strong>die</strong></span> <span class='ocrx_word' id='word_1_257' title='bbox 532 1474 565 1506; x_wconf 54' lang='grc' dir='ltr'>Β(</span> <span class='ocrx_word' id='word_1_258' title='bbox 579 1472 613 1500; x_wconf 90' lang='lat' dir='ltr'><strong>ad</strong></span> <span class='ocrx_word' id='word_1_259' title='bbox 630 1480 678 1500; x_wconf 86' lang='lat' dir='ltr'><strong>eos</strong></span> <span class='ocrx_word' id='word_1_260' title='bbox 702 1473 714 1507; x_wconf 89' lang='lat'><strong>1</strong></span> <span class='ocrx_word' id='word_1_261' title='bbox 729 1482 735 1499; x_wconf 92' lang='lat'><strong>:</strong></span> <span class='ocrx_word' id='word_1_262' title='bbox 762 1472 823 1500; x_wconf 61' lang='lat' dir='ltr'><strong>Haec</strong></span> <span class='ocrx_word' id='word_1_263' title='bbox 843 1472 908 1499; x_wconf 85' lang='lat' dir='ltr'><strong>dicit</strong></span> 
     </span>
    </p>
   </div>
   <div class='ocr_carea' id='block_1_31' title="bbox 118 1517 909 1554">
    <p class='ocr_par' dir='ltr' id='par_1_31' title="bbox 118 1517 909 1554">
     <span class='ocr_line' id='line_1_31' title="bbox 118 1517 909 1554; baseline 0.001 -10"><span class='ocrx_word' id='word_1_264' title='bbox 118 1517 256 1545; x_wconf 84' lang='lat' dir='ltr'><strong>Dominus</strong></span> <span class='ocrx_word' id='word_1_265' title='bbox 272 1518 401 1547; x_wconf 75' lang='lat' dir='ltr'><strong>Dominus</strong></span> <span class='ocrx_word' id='word_1_266' title='bbox 417 1527 423 1546; x_wconf 88' lang='lat'>:</span> <span class='ocrx_word' id='word_1_267' title='bbox 442 1518 512 1546; x_wconf 86' lang='lat' dir='ltr'><strong>Ecce</strong></span> <span class='ocrx_word' id='word_1_268' title='bbox 536 1525 587 1553; x_wconf 85' lang='lat' dir='ltr'><strong>ego</strong></span> <span class='ocrx_word' id='word_1_269' title='bbox 603 1518 695 1553; x_wconf 83' lang='lat' dir='ltr'><strong>aperio</strong></span> <span class='ocrx_word' id='word_1_270' title='bbox 718 1519 842 1554; x_wconf 85' lang='lat' dir='ltr'><strong>sepulcra</strong></span> <span class='ocrx_word' id='word_1_271' title='bbox 862 1526 909 1545; x_wconf 92' lang='lat' dir='ltr'><strong>ve-</strong></span> 
     </span>
    </p>
   </div>
   <div class='ocr_carea' id='block_1_32' title="bbox 123 1565 910 1600">
    <p class='ocr_par' dir='ltr' id='par_1_32' title="bbox 123 1565 910 1600">
     <span class='ocr_line' id='line_1_32' title="bbox 123 1565 910 1600; baseline 0 -7"><span class='ocrx_word' id='word_1_272' title='bbox 123 1570 193 1599; x_wconf 77' lang='lat' dir='ltr'><strong>stra,</strong></span> <span class='ocrx_word' id='word_1_273' title='bbox 207 1571 234 1593; x_wconf 87' lang='lat' dir='ltr'><strong>ct</strong></span> <span class='ocrx_word' id='word_1_274' title='bbox 246 1565 360 1593; x_wconf 86' lang='lat' dir='ltr'><strong>educam</strong></span> <span class='ocrx_word' id='word_1_275' title='bbox 374 1573 422 1593; x_wconf 88' lang='lat' dir='ltr'><strong>vos</strong></span> <span class='ocrx_word' id='word_1_276' title='bbox 432 1573 464 1593; x_wconf 77' lang='lat' dir='ltr'><strong>ex</strong></span> <span class='ocrx_word' id='word_1_277' title='bbox 480 1565 613 1600; x_wconf 78' lang='lat' dir='ltr'><strong>sepulcris</strong></span> <span class='ocrx_word' id='word_1_278' title='bbox 631 1565 745 1598; x_wconf 82' lang='lat' dir='ltr'><strong>vestris,</strong></span> <span class='ocrx_word' id='word_1_279' title='bbox 763 1566 796 1599; x_wconf 61' lang='grc' dir='ltr'><em>χ</em></span> <span class='ocrx_word' id='word_1_280' title='bbox 814 1566 910 1600; x_wconf 89' lang='lat' dir='ltr'><strong>popule</strong></span> 
     </span>
    </p>
   </div>
   <div class='ocr_carea' id='block_1_33' title="bbox 118 1611 911 1646">
    <p class='ocr_par' dir='ltr' id='par_1_33' title="bbox 118 1611 911 1646">
     <span class='ocr_line' id='line_1_33' title="bbox 118 1611 911 1646; baseline -0.001 -7"><span class='ocrx_word' id='word_1_281' title='bbox 118 1611 198 1646; x_wconf 68' lang='grc' dir='ltr'><strong>ωὶζ,</strong></span> <span class='ocrx_word' id='word_1_282' title='bbox 210 1611 421 1639; x_wconf 85' lang='lat' dir='ltr'><strong>etintroducam</strong></span> <span class='ocrx_word' id='word_1_283' title='bbox 436 1619 486 1638; x_wconf 86' lang='lat' dir='ltr'><strong>vos</strong></span> <span class='ocrx_word' id='word_1_284' title='bbox 499 1612 525 1638; x_wconf 91' lang='lat' dir='ltr'><strong>in</strong></span> <span class='ocrx_word' id='word_1_285' title='bbox 537 1616 637 1638; x_wconf 87' lang='lat' dir='ltr'><strong>terram</strong></span> <span class='ocrx_word' id='word_1_286' title='bbox 649 1611 766 1639; x_wconf 82' lang='lat' dir='ltr'><strong>Israelis.</strong></span> <span class='ocrx_word' id='word_1_287' title='bbox 785 1611 828 1639; x_wconf 81' lang='grc'><em>15.</em></span> <span class='ocrx_word' id='word_1_288' title='bbox 843 1613 876 1646; x_wconf 52' lang='grc' dir='ltr'><strong>ὴ(</strong></span> <span class='ocrx_word' id='word_1_289' title='bbox 885 1615 911 1638; x_wconf 87' lang='lat' dir='ltr'><strong>et</strong></span> 
     </span>
    </p>
   </div>
   <div class='ocr_carea' id='block_1_34' title="bbox 118 1656 911 1692">
    <p class='ocr_par' dir='ltr' id='par_1_34' title="bbox 118 1656 911 1692">
     <span class='ocr_line' id='line_1_34' title="bbox 118 1656 911 1692; baseline -0.001 -8"><span class='ocrx_word' id='word_1_290' title='bbox 118 1657 214 1685; x_wconf 78' lang='lat' dir='ltr'><strong>scietis</strong></span> <span class='ocrx_word' id='word_1_291' title='bbox 234 1657 261 1691; x_wconf 84' lang='lat'><strong><em>1,</em></strong></span> <span class='ocrx_word' id='word_1_292' title='bbox 288 1657 362 1692; x_wconf 87' lang='lat' dir='ltr'><strong>quod</strong></span> <span class='ocrx_word' id='word_1_293' title='bbox 379 1665 430 1692; x_wconf 84' lang='lat' dir='ltr'><strong>ego</strong></span> <span class='ocrx_word' id='word_1_294' title='bbox 443 1665 504 1684; x_wconf 89' lang='lat' dir='ltr'><strong>sum</strong></span> <span class='ocrx_word' id='word_1_295' title='bbox 522 1656 665 1689; x_wconf 82' lang='lat' dir='ltr'><strong>Dominus,</strong></span> <span class='ocrx_word' id='word_1_296' title='bbox 696 1664 758 1684; x_wconf 90' lang='lat' dir='ltr'><strong>cum</strong></span> <span class='ocrx_word' id='word_1_297' title='bbox 780 1664 911 1691; x_wconf 85' lang='lat' dir='ltr'><strong>aperuero</strong></span> 
     </span>
    </p>
   </div>
   <div class='ocr_carea' id='block_1_35' title="bbox 118 1702 910 1738">
    <p class='ocr_par' dir='ltr' id='par_1_35' title="bbox 118 1702 910 1738">
     <span class='ocr_line' id='line_1_35' title="bbox 118 1702 910 1738; baseline -0.001 -7"><span class='ocrx_word' id='word_1_298' title='bbox 118 1704 244 1738; x_wconf 81' lang='lat' dir='ltr'><strong>sepulcra</strong></span> <span class='ocrx_word' id='word_1_299' title='bbox 257 1708 360 1736; x_wconf 82' lang='lat' dir='ltr'><strong>vestra,</strong></span> <span class='ocrx_word' id='word_1_300' title='bbox 377 1707 407 1730; x_wconf 87' lang='lat' dir='ltr'><strong>ut</strong></span> <span class='ocrx_word' id='word_1_301' title='bbox 421 1703 535 1730; x_wconf 84' lang='lat' dir='ltr'><strong>educam</strong></span> <span class='ocrx_word' id='word_1_302' title='bbox 552 1709 601 1730; x_wconf 89' lang='lat' dir='ltr'><strong>vos</strong></span> <span class='ocrx_word' id='word_1_303' title='bbox 613 1702 648 1729; x_wconf 86' lang='lat' dir='ltr'><strong>de</strong></span> <span class='ocrx_word' id='word_1_304' title='bbox 658 1702 793 1737; x_wconf 86' lang='lat' dir='ltr'><strong>sepulcris</strong></span> <span class='ocrx_word' id='word_1_305' title='bbox 809 1704 843 1737; x_wconf 62' lang='grc' dir='ltr'>χ</span> <span class='ocrx_word' id='word_1_306' title='bbox 863 1710 910 1730; x_wconf 89' lang='lat' dir='ltr'><strong>ve-</strong></span> 
     </span>
    </p>
   </div>
   <div class='ocr_carea' id='block_1_36' title="bbox 119 1748 911 1784">
    <p class='ocr_par' dir='ltr' id='par_1_36' title="bbox 119 1748 911 1784">
     <span class='ocr_line' id='line_1_36' title="bbox 119 1748 911 1784; baseline -0.001 -8"><span class='ocrx_word' id='word_1_307' title='bbox 119 1749 225 1782; x_wconf 72' lang='lat' dir='ltr'><strong>stris1,</strong></span> <span class='ocrx_word' id='word_1_308' title='bbox 242 1749 340 1784; x_wconf 87' lang='lat' dir='ltr'><strong>popule</strong></span> <span class='ocrx_word' id='word_1_309' title='bbox 356 1749 404 1776; x_wconf 90' lang='lat' dir='ltr'><strong>mi.</strong></span> <span class='ocrx_word' id='word_1_310' title='bbox 430 1749 473 1776; x_wconf 71' lang='lat' dir='ltr'><strong>II.</strong></span> <span class='ocrx_word' id='word_1_311' title='bbox 490 1749 529 1784; x_wconf 81' lang='grc'><em>(11)</em></span> <span class='ocrx_word' id='word_1_312' title='bbox 542 1748 578 1775; x_wconf 83' lang='lat' dir='ltr'><strong>Et</strong></span> <span class='ocrx_word' id='word_1_313' title='bbox 588 1748 660 1775; x_wconf 77' lang='lat' dir='ltr'><strong>dabo</strong></span> <span class='ocrx_word' id='word_1_314' title='bbox 675 1748 802 1782; x_wconf 85' lang='lat' dir='ltr'><strong>spiritum</strong></span> <span class='ocrx_word' id='word_1_315' title='bbox 821 1756 911 1776; x_wconf 93' lang='lat' dir='ltr'><strong>meum</strong></span> 
     </span>
    </p>
   </div>
   <div class='ocr_carea' id='block_1_37' title="bbox 120 1794 911 1829">
    <p class='ocr_par' dir='ltr' id='par_1_37' title="bbox 120 1794 911 1829">
     <span class='ocr_line' id='line_1_37' title="bbox 120 1794 911 1829; baseline -0.003 -7"><span class='ocrx_word' id='word_1_316' title='bbox 120 1795 149 1822; x_wconf 93' lang='lat' dir='ltr'><strong>in</strong></span> <span class='ocrx_word' id='word_1_317' title='bbox 167 1802 227 1826; x_wconf 88' lang='lat' dir='ltr'><strong>vos,</strong></span> <span class='ocrx_word' id='word_1_318' title='bbox 237 1798 265 1821; x_wconf 84' lang='lat' dir='ltr'><strong>et</strong></span> <span class='ocrx_word' id='word_1_319' title='bbox 279 1794 391 1828; x_wconf 88' lang='lat' dir='ltr'><strong>vivetis,</strong></span> <span class='ocrx_word' id='word_1_320' title='bbox 409 1799 436 1821; x_wconf 88' lang='lat' dir='ltr'><strong>et</strong></span> <span class='ocrx_word' id='word_1_321' title='bbox 452 1801 551 1829; x_wconf 79' lang='lat' dir='ltr'><strong>ponam</strong></span> <span class='ocrx_word' id='word_1_322' title='bbox 570 1801 618 1822; x_wconf 75' lang='lat' dir='ltr'><strong>vos</strong></span> <span class='ocrx_word' id='word_1_323' title='bbox 633 1801 718 1829; x_wconf 81' lang='lat' dir='ltr'><strong>super</strong></span> <span class='ocrx_word' id='word_1_324' title='bbox 740 1798 841 1821; x_wconf 85' lang='lat' dir='ltr'><strong>terram</strong></span> <span class='ocrx_word' id='word_1_325' title='bbox 864 1802 911 1821; x_wconf 87' lang='lat' dir='ltr'><strong>ve-</strong></span> 
     </span>
    </p>
   </div>
   <div class='ocr_carea' id='block_1_38' title="bbox 120 1839 909 1875">
    <p class='ocr_par' dir='ltr' id='par_1_38' title="bbox 120 1839 909 1875">
     <span class='ocr_line' id='line_1_38' title="bbox 120 1839 909 1875; baseline -0.003 -7"><span class='ocrx_word' id='word_1_326' title='bbox 120 1846 217 1873; x_wconf 81' lang='lat' dir='ltr'><strong>stram,</strong></span> <span class='ocrx_word' id='word_1_327' title='bbox 234 1845 259 1868; x_wconf 89' lang='lat' dir='ltr'><strong>et</strong></span> <span class='ocrx_word' id='word_1_328' title='bbox 277 1840 382 1874; x_wconf 81' lang='lat' dir='ltr'><strong>scietis,</strong></span> <span class='ocrx_word' id='word_1_329' title='bbox 398 1841 472 1875; x_wconf 90' lang='lat' dir='ltr'><strong>quod</strong></span> <span class='ocrx_word' id='word_1_330' title='bbox 486 1848 536 1875; x_wconf 90' lang='lat' dir='ltr'><strong>ego</strong></span> <span class='ocrx_word' id='word_1_331' title='bbox 557 1839 690 1868; x_wconf 88' lang='lat' dir='ltr'><strong>Dominus</strong></span> <span class='ocrx_word' id='word_1_332' title='bbox 716 1840 823 1868; x_wconf 85' lang='lat' dir='ltr'><strong>locutus</strong></span> <span class='ocrx_word' id='word_1_333' title='bbox 836 1847 909 1872; x_wconf 87' lang='lat' dir='ltr'><strong>sum,</strong></span> 
     </span>
    </p>
   </div>
   <div class='ocr_carea' id='block_1_39' title="bbox 119 1885 910 1919">
    <p class='ocr_par' dir='ltr' id='par_1_39' title="bbox 119 1885 910 1919">
     <span class='ocr_line' id='line_1_39' title="bbox 119 1885 910 1919; baseline -0.001 -6"><span class='ocrx_word' id='word_1_334' title='bbox 119 1891 147 1913; x_wconf 80' lang='lat' dir='ltr'><strong>et</strong></span> <span class='ocrx_word' id='word_1_335' title='bbox 162 1887 274 1919; x_wconf 79' lang='lat' dir='ltr'><strong>faciam,</strong></span> <span class='ocrx_word' id='word_1_336' title='bbox 289 1886 358 1914; x_wconf 88' lang='lat' dir='ltr'><strong>dicit</strong></span> <span class='ocrx_word' id='word_1_337' title='bbox 374 1886 506 1913; x_wconf 86' lang='lat' dir='ltr'><strong>Dominus</strong></span> <span class='ocrx_word' id='word_1_338' title='bbox 529 1885 672 1913; x_wconf 90' lang='lat' dir='ltr'><strong>Dominus.</strong></span> <span class='ocrx_word' id='word_1_339' title='bbox 699 1886 744 1913; x_wconf 80' lang='grc'><em>15.</em></span> <span class='ocrx_word' id='word_1_340' title='bbox 761 1885 794 1912; x_wconf 76' lang='lat' dir='ltr'><strong>Et</strong></span> <span class='ocrx_word' id='word_1_341' title='bbox 809 1885 910 1913; x_wconf 89' lang='lat' dir='ltr'><strong>factum</strong></span> 
     </span>
    </p>
   </div>
   <div class='ocr_carea' id='block_1_40' title="bbox 119 1929 909 1964">
    <p class='ocr_par' dir='ltr' id='par_1_40' title="bbox 119 1929 909 1964">
     <span class='ocr_line' id='line_1_40' title="bbox 119 1929 909 1964; baseline -0.001 -6"><span class='ocrx_word' id='word_1_342' title='bbox 119 1936 162 1958; x_wconf 83' lang='lat' dir='ltr'><strong>cst</strong></span> <span class='ocrx_word' id='word_1_343' title='bbox 176 1931 289 1960; x_wconf 82' lang='lat' dir='ltr'><strong>verbum</strong></span> <span class='ocrx_word' id='word_1_344' title='bbox 310 1931 415 1959; x_wconf 88' lang='lat' dir='ltr'><strong>Domini</strong></span> <span class='ocrx_word' id='word_1_345' title='bbox 428 1931 462 1958; x_wconf 82' lang='lat' dir='ltr'><strong>ad</strong></span> <span class='ocrx_word' id='word_1_346' title='bbox 477 1937 533 1963; x_wconf 83' lang='lat' dir='ltr'><strong>me,</strong></span> <span class='ocrx_word' id='word_1_347' title='bbox 550 1931 644 1959; x_wconf 86' lang='lat' dir='ltr'><strong>dicens</strong></span> <span class='ocrx_word' id='word_1_348' title='bbox 660 1938 667 1956; x_wconf 91' lang='lat'><strong>:</strong></span> <span class='ocrx_word' id='word_1_349' title='bbox 683 1930 727 1957; x_wconf 82' lang='grc'><em>16.</em></span> <span class='ocrx_word' id='word_1_350' title='bbox 746 1932 778 1964; x_wconf 75' lang='grc' dir='ltr'>&gt;κ</span> <span class='ocrx_word' id='word_1_351' title='bbox 794 1929 827 1957; x_wconf 84' lang='lat' dir='ltr'><strong>Et</strong></span> <span class='ocrx_word' id='word_1_352' title='bbox 843 1934 870 1957; x_wconf 91' lang='lat' dir='ltr'><strong>tu</strong></span> <span class='ocrx_word' id='word_1_353' title='bbox 885 1929 909 1963; x_wconf 82' lang='lat'><strong><em>1,</em></strong></span> 
     </span>
    </p>
   </div>
   <div class='ocr_carea' id='block_1_41' title="bbox 121 1976 910 2011">
    <p class='ocr_par' dir='ltr' id='par_1_41' title="bbox 121 1976 910 2011">
     <span class='ocr_line' id='line_1_41' title="bbox 121 1976 910 2011; baseline -0.003 -7"><span class='ocrx_word' id='word_1_354' title='bbox 121 1977 159 2004; x_wconf 83' lang='lat' dir='ltr'><strong>tili</strong></span> <span class='ocrx_word' id='word_1_355' title='bbox 179 1977 311 2009; x_wconf 84' lang='lat' dir='ltr'><strong>hominis.</strong></span> <span class='ocrx_word' id='word_1_356' title='bbox 325 1984 403 2005; x_wconf 84' lang='lat' dir='ltr'><strong>sume</strong></span> <span class='ocrx_word' id='word_1_357' title='bbox 429 1977 586 2011; x_wconf 84' lang='lat' dir='ltr'><strong>tibimetipsi</strong></span> <span class='ocrx_word' id='word_1_358' title='bbox 607 1977 710 2011; x_wconf 84' lang='lat' dir='ltr'><strong>virgam</strong></span> <span class='ocrx_word' id='word_1_359' title='bbox 727 1977 761 2010; x_wconf 77' lang='lat' dir='ltr'><strong>)t(</strong></span> <span class='ocrx_word' id='word_1_360' title='bbox 782 1983 864 2003; x_wconf 86' lang='lat' dir='ltr'><strong>unam</strong></span> <span class='ocrx_word' id='word_1_361' title='bbox 881 1976 910 2010; x_wconf 71' lang='grc' dir='ltr'><strong>ζ,</strong></span> 
     </span>
    </p>
   </div>
   <div class='ocr_carea' id='block_1_42' title="bbox 120 2020 912 2056">
    <p class='ocr_par' dir='ltr' id='par_1_42' title="bbox 120 2020 912 2056">
     <span class='ocr_line' id='line_1_42' title="bbox 120 2020 912 2056; baseline -0.004 -7"><span class='ocrx_word' id='word_1_362' title='bbox 120 2027 148 2050; x_wconf 85' lang='lat' dir='ltr'><strong>et</strong></span> <span class='ocrx_word' id='word_1_363' title='bbox 161 2023 251 2050; x_wconf 88' lang='lat' dir='ltr'><strong>scribe</strong></span> <span class='ocrx_word' id='word_1_364' title='bbox 261 2029 343 2056; x_wconf 88' lang='lat' dir='ltr'><strong>super</strong></span> <span class='ocrx_word' id='word_1_365' title='bbox 353 2029 413 2049; x_wconf 89' lang='lat' dir='ltr'><strong>eam</strong></span> <span class='ocrx_word' id='word_1_366' title='bbox 424 2021 534 2054; x_wconf 70' lang='lat' dir='ltr'><strong>Iudam,</strong></span> <span class='ocrx_word' id='word_1_367' title='bbox 549 2027 577 2048; x_wconf 86' lang='lat' dir='ltr'><strong>et</strong></span> <span class='ocrx_word' id='word_1_368' title='bbox 593 2021 663 2048; x_wconf 83' lang='lat' dir='ltr'><strong>filios</strong></span> <span class='ocrx_word' id='word_1_369' title='bbox 685 2020 795 2048; x_wconf 77' lang='lat' dir='ltr'><strong>Israelis</strong></span> <span class='ocrx_word' id='word_1_370' title='bbox 813 2020 912 2054; x_wconf 79' lang='lat' dir='ltr'><strong>adjun—</strong></span> 
     </span>
    </p>
   </div>
   <div class='ocr_carea' id='block_1_43' title="bbox 121 2066 912 2102">
    <p class='ocr_par' dir='ltr' id='par_1_43' title="bbox 121 2066 912 2102">
     <span class='ocr_line' id='line_1_43' title="bbox 121 2066 912 2102; baseline -0.003 -7"><span class='ocrx_word' id='word_1_371' title='bbox 121 2073 180 2096; x_wconf 86' lang='lat' dir='ltr'><strong>ctos</strong></span> <span class='ocrx_word' id='word_1_372' title='bbox 195 2068 220 2095; x_wconf 85' lang='lat' dir='ltr'><strong>ei</strong></span> <span class='ocrx_word' id='word_1_373' title='bbox 233 2076 239 2094; x_wconf 91' lang='lat'><strong>:</strong></span> <span class='ocrx_word' id='word_1_374' title='bbox 252 2072 279 2095; x_wconf 90' lang='lat' dir='ltr'><strong>et</strong></span> <span class='ocrx_word' id='word_1_375' title='bbox 298 2067 402 2102; x_wconf 77' lang='lat' dir='ltr'><strong>virgam</strong></span> <span class='ocrx_word' id='word_1_376' title='bbox 422 2068 569 2095; x_wconf 76' lang='lat' dir='ltr'><strong>secundum</strong></span> <span class='ocrx_word' id='word_1_377' title='bbox 591 2075 683 2095; x_wconf 86' lang='lat' dir='ltr'><strong>sumes</strong></span> <span class='ocrx_word' id='word_1_378' title='bbox 700 2066 870 2101; x_wconf 87' lang='lat' dir='ltr'><strong>tibimetipsi,</strong></span> <span class='ocrx_word' id='word_1_379' title='bbox 885 2070 912 2093; x_wconf 90' lang='lat' dir='ltr'><strong>et</strong></span> 
     </span>
    </p>
   </div>
   <div class='ocr_carea' id='block_1_44' title="bbox 121 2113 912 2149">
    <p class='ocr_par' dir='ltr' id='par_1_44' title="bbox 121 2113 912 2149">
     <span class='ocr_line' id='line_1_44' title="bbox 121 2113 912 2149; baseline -0.004 -7"><span class='ocrx_word' id='word_1_380' title='bbox 121 2115 228 2142; x_wconf 77' lang='lat' dir='ltr'><strong>scribes</strong></span> <span class='ocrx_word' id='word_1_381' title='bbox 242 2122 302 2141; x_wconf 86' lang='lat' dir='ltr'><strong>eam</strong></span> <span class='ocrx_word' id='word_1_382' title='bbox 317 2113 448 2148; x_wconf 80' lang='lat' dir='ltr'><strong>Josepbo,</strong></span> <span class='ocrx_word' id='word_1_383' title='bbox 464 2114 569 2149; x_wconf 87' lang='lat' dir='ltr'><strong>virgam</strong></span> <span class='ocrx_word' id='word_1_384' title='bbox 586 2113 722 2148; x_wconf 81' lang='lat' dir='ltr'><strong>Ephraem,</strong></span> <span class='ocrx_word' id='word_1_385' title='bbox 739 2117 766 2139; x_wconf 85' lang='lat' dir='ltr'><strong>et</strong></span> <span class='ocrx_word' id='word_1_386' title='bbox 785 2113 912 2140; x_wconf 72' lang='lat' dir='ltr'><strong>omnibus</strong></span> 
     </span>
    </p>
   </div>
   <div class='ocr_carea' id='block_1_45' title="bbox 122 2157 912 2194">
    <p class='ocr_par' dir='ltr' id='par_1_45' title="bbox 122 2157 912 2194">
     <span class='ocr_line' id='line_1_45' title="bbox 122 2157 912 2194; baseline -0.003 -7"><span class='ocrx_word' id='word_1_387' title='bbox 122 2160 188 2188; x_wconf 82' lang='lat' dir='ltr'><strong>ﬁliis</strong></span> <span class='ocrx_word' id='word_1_388' title='bbox 205 2159 326 2192; x_wconf 89' lang='lat' dir='ltr'><strong>lsraelis,</strong></span> <span class='ocrx_word' id='word_1_389' title='bbox 339 2160 386 2194; x_wconf 87' lang='lat' dir='ltr'><strong>qui</strong></span> <span class='ocrx_word' id='word_1_390' title='bbox 400 2159 521 2194; x_wconf 73' lang='lat' dir='ltr'><strong>adiuncti</strong></span> <span class='ocrx_word' id='word_1_391' title='bbox 533 2164 597 2187; x_wconf 83' lang='lat' dir='ltr'><strong>sunt</strong></span> <span class='ocrx_word' id='word_1_392' title='bbox 612 2159 648 2186; x_wconf 88' lang='lat' dir='ltr'><strong>ei.</strong></span> <span class='ocrx_word' id='word_1_393' title='bbox 661 2158 705 2185; x_wconf 84' lang='lat' dir='ltr'><strong>I7.</strong></span> <span class='ocrx_word' id='word_1_394' title='bbox 723 2157 755 2185; x_wconf 82' lang='lat' dir='ltr'><strong>Et</strong></span> <span class='ocrx_word' id='word_1_395' title='bbox 765 2157 912 2192; x_wconf 86' lang='lat' dir='ltr'><strong>conjunges</strong></span> 
     </span>
    </p>
   </div>
   <div class='ocr_carea' id='block_1_46' title="bbox 697 132 1192 162">
    <p class='ocr_par' dir='ltr' id='par_1_46' title="bbox 697 132 1192 162">
     <span class='ocr_line' id='line_1_46' title="bbox 697 132 1192 162; baseline 0.002 -1"><span class='ocrx_word' id='word_1_396' title='bbox 697 132 899 162; x_wconf 78' lang='lat' dir='ltr'><strong>IIEZECIELIS</strong></span> <span class='ocrx_word' id='word_1_397' title='bbox 918 133 1033 161; x_wconf 77' lang='lat' dir='ltr'><strong>CAPUT</strong></span> <span class='ocrx_word' id='word_1_398' title='bbox 1050 133 1069 160; x_wconf 72' lang='grc' dir='ltr'>Χ</span> <span class='ocrx_word' id='word_1_399' title='bbox 1076 132 1192 162; x_wconf 76' lang='lat' dir='ltr'><strong>XXVIII.</strong></span> 
     </span>
    </p>
   </div>
   <div class='ocr_carea' id='block_1_47' title="bbox 370 189 1743 227">
    <p class='ocr_par' dir='ltr' id='par_1_47' title="bbox 370 189 1743 227">
     <span class='ocr_line' id='line_1_47' title="bbox 370 189 1743 227; baseline 0.002 -11"><span class='ocrx_word' id='word_1_400' title='bbox 370 191 381 226; x_wconf 67' lang='grc' dir='ltr'>ζ</span> <span class='ocrx_word' id='word_1_401' title='bbox 396 191 442 218; x_wconf 70' lang='grc'><em>19.</em></span> <span class='ocrx_word' id='word_1_402' title='bbox 459 194 487 218; x_wconf 89' lang='lat' dir='ltr'><strong>et</strong></span> <span class='ocrx_word' id='word_1_403' title='bbox 502 190 686 218; x_wconf 82' lang='lat' dir='ltr'><strong>circumduxit</strong></span> <span class='ocrx_word' id='word_1_404' title='bbox 709 198 754 218; x_wconf 90' lang='lat' dir='ltr'><strong>me</strong></span> <span class='ocrx_word' id='word_1_405' title='bbox 770 193 853 226; x_wconf 76' lang='lat' dir='ltr'><strong>super</strong></span> <span class='ocrx_word' id='word_1_406' title='bbox 872 197 902 217; x_wconf 86' lang='lat' dir='ltr'><strong>ea</strong></span> <span class='ocrx_word' id='word_1_407' title='bbox 919 192 940 219; x_wconf 83' lang='lat' dir='ltr'><strong>A</strong></span> <span class='ocrx_word' id='word_1_408' title='bbox 955 189 989 216; x_wconf 84' lang='lat' dir='ltr'><strong>de</strong></span> <span class='ocrx_word' id='word_1_409' title='bbox 1006 189 1096 217; x_wconf 87' lang='lat' dir='ltr'><strong>medio</strong></span> <span class='ocrx_word' id='word_1_410' title='bbox 1108 190 1239 224; x_wconf 83' lang='lat' dir='ltr'><strong>gentium,</strong></span> <span class='ocrx_word' id='word_1_411' title='bbox 1259 198 1314 225; x_wconf 87' lang='lat' dir='ltr'><strong>quo</strong></span> <span class='ocrx_word' id='word_1_412' title='bbox 1327 190 1464 218; x_wconf 89' lang='lat' dir='ltr'><strong>intrarunt</strong></span> <span class='ocrx_word' id='word_1_413' title='bbox 1487 191 1562 224; x_wconf 85' lang='lat' dir='ltr'><strong>illuc,</strong></span> <span class='ocrx_word' id='word_1_414' title='bbox 1587 196 1614 219; x_wconf 87' lang='lat' dir='ltr'><strong>et</strong></span> <span class='ocrx_word' id='word_1_415' title='bbox 1627 199 1743 227; x_wconf 85' lang='lat' dir='ltr'><strong>congre-</strong></span> 
     </span>
    </p>
   </div>
   <div class='ocr_carea' id='block_1_48' title="bbox 1686 135 1740 164">
    <p class='ocr_par' dir='ltr' id='par_1_48' title="bbox 1686 135 1740 164">
     <span class='ocr_line' id='line_1_48' title="bbox 1686 135 1740 164; baseline -0.019 -3"><span class='ocrx_word' id='word_1_416' title='bbox 1686 135 1740 164; x_wconf 64' lang='grc'><strong>748</strong></span> 
     </span>
    </p>
   </div>
   <div class='ocr_carea' id='block_1_49' title="bbox 955 236 1743 272">
    <p class='ocr_par' dir='ltr' id='par_1_49' title="bbox 955 236 1743 272">
     <span class='ocr_line' id='line_1_49' title="bbox 955 236 1743 272; baseline 0.005 -11"><span class='ocrx_word' id='word_1_417' title='bbox 955 236 1024 270; x_wconf 84' lang='lat' dir='ltr'><strong>gabo</strong></span> <span class='ocrx_word' id='word_1_418' title='bbox 1040 243 1087 262; x_wconf 84' lang='lat' dir='ltr'><strong>eos</strong></span> <span class='ocrx_word' id='word_1_419' title='bbox 1101 243 1133 263; x_wconf 77' lang='lat' dir='ltr'><strong>ex</strong></span> <span class='ocrx_word' id='word_1_420' title='bbox 1146 236 1284 269; x_wconf 87' lang='lat' dir='ltr'><strong>omnibus,</strong></span> <span class='ocrx_word' id='word_1_421' title='bbox 1299 237 1345 272; x_wconf 92' lang='lat' dir='ltr'><strong>qui</strong></span> <span class='ocrx_word' id='word_1_422' title='bbox 1363 237 1389 264; x_wconf 93' lang='lat' dir='ltr'><strong>in</strong></span> <span class='ocrx_word' id='word_1_423' title='bbox 1404 237 1520 264; x_wconf 85' lang='lat' dir='ltr'><strong>circuitu</strong></span> <span class='ocrx_word' id='word_1_424' title='bbox 1537 245 1642 271; x_wconf 85' lang='lat' dir='ltr'><strong>eorum,</strong></span> <span class='ocrx_word' id='word_1_425' title='bbox 1659 243 1685 265; x_wconf 90' lang='lat' dir='ltr'><strong>et</strong></span> <span class='ocrx_word' id='word_1_426' title='bbox 1701 238 1743 265; x_wconf 89' lang='lat' dir='ltr'><strong>in-</strong></span> 
     </span>
    </p>
   </div>
   <div class='ocr_carea' id='block_1_50' title="bbox 952 282 1744 316">
    <p class='ocr_par' dir='ltr' id='par_1_50' title="bbox 952 282 1744 316">
     <span class='ocr_line' id='line_1_50' title="bbox 952 282 1744 316; baseline 0.003 -8"><span class='ocrx_word' id='word_1_427' title='bbox 952 282 1097 309; x_wconf 83' lang='lat' dir='ltr'><strong>troducam</strong></span> <span class='ocrx_word' id='word_1_428' title='bbox 1122 289 1171 310; x_wconf 91' lang='lat' dir='ltr'><strong>eos</strong></span> <span class='ocrx_word' id='word_1_429' title='bbox 1191 282 1218 309; x_wconf 92' lang='lat' dir='ltr'><strong>in</strong></span> <span class='ocrx_word' id='word_1_430' title='bbox 1238 287 1336 309; x_wconf 89' lang='lat' dir='ltr'><strong>terram</strong></span> <span class='ocrx_word' id='word_1_431' title='bbox 1358 283 1476 316; x_wconf 83' lang='lat' dir='ltr'><strong>Israclis,</strong></span> <span class='ocrx_word' id='word_1_432' title='bbox 1493 283 1538 311; x_wconf 66' lang='grc'><strong>22.</strong></span> <span class='ocrx_word' id='word_1_433' title='bbox 1554 288 1581 310; x_wconf 88' lang='lat' dir='ltr'><strong>et</strong></span> <span class='ocrx_word' id='word_1_434' title='bbox 1608 283 1677 310; x_wconf 84' lang='lat' dir='ltr'><strong>dabo</strong></span> <span class='ocrx_word' id='word_1_435' title='bbox 1697 291 1744 310; x_wconf 82' lang='lat' dir='ltr'><strong>eos</strong></span> 
     </span>
    </p>
   </div>
   <div class='ocr_carea' id='block_1_51' title="bbox 955 326 1744 361">
    <p class='ocr_par' dir='ltr' id='par_1_51' title="bbox 955 326 1744 361">
     <span class='ocr_line' id='line_1_51' title="bbox 955 326 1744 361; baseline 0.003 -9"><span class='ocrx_word' id='word_1_436' title='bbox 955 326 981 352; x_wconf 89' lang='lat' dir='ltr'><strong>in</strong></span> <span class='ocrx_word' id='word_1_437' title='bbox 999 330 1105 361; x_wconf 88' lang='lat' dir='ltr'><strong>gentem</strong></span> <span class='ocrx_word' id='word_1_438' title='bbox 1118 335 1201 354; x_wconf 86' lang='lat' dir='ltr'><strong>unam</strong></span> <span class='ocrx_word' id='word_1_439' title='bbox 1215 327 1241 354; x_wconf 93' lang='lat' dir='ltr'><strong>in</strong></span> <span class='ocrx_word' id='word_1_440' title='bbox 1259 332 1328 355; x_wconf 84' lang='lat' dir='ltr'><strong>terra</strong></span> <span class='ocrx_word' id='word_1_441' title='bbox 1344 336 1413 360; x_wconf 71' lang='lat' dir='ltr'><strong>mea,</strong></span> <span class='ocrx_word' id='word_1_442' title='bbox 1428 334 1454 356; x_wconf 84' lang='lat' dir='ltr'><strong>ct</strong></span> <span class='ocrx_word' id='word_1_443' title='bbox 1466 331 1491 355; x_wconf 92' lang='lat' dir='ltr'><strong>in</strong></span> <span class='ocrx_word' id='word_1_444' title='bbox 1505 328 1645 356; x_wconf 83' lang='lat' dir='ltr'><strong>montibus</strong></span> <span class='ocrx_word' id='word_1_445' title='bbox 1659 327 1744 355; x_wconf 75' lang='lat' dir='ltr'><strong>Israc-</strong></span> 
     </span>
    </p>
   </div>
   <div class='ocr_carea' id='block_1_52' title="bbox 955 371 1743 408">
    <p class='ocr_par' dir='ltr' id='par_1_52' title="bbox 955 371 1743 408">
     <span class='ocr_line' id='line_1_52' title="bbox 955 371 1743 408; baseline 0.003 -11"><span class='ocrx_word' id='word_1_446' title='bbox 955 371 1008 398; x_wconf 86' lang='lat' dir='ltr'><strong>lis:</strong></span> <span class='ocrx_word' id='word_1_447' title='bbox 1027 376 1054 399; x_wconf 85' lang='lat' dir='ltr'><strong>et</strong></span> <span class='ocrx_word' id='word_1_448' title='bbox 1072 371 1198 407; x_wconf 83' lang='lat' dir='ltr'><strong>princeps</strong></span> <span class='ocrx_word' id='word_1_449' title='bbox 1214 381 1284 400; x_wconf 86' lang='lat' dir='ltr'><strong>unus</strong></span> <span class='ocrx_word' id='word_1_450' title='bbox 1303 374 1355 400; x_wconf 89' lang='lat' dir='ltr'><strong>erit</strong></span> <span class='ocrx_word' id='word_1_451' title='bbox 1381 381 1475 401; x_wconf 89' lang='lat' dir='ltr'><strong>eorum</strong></span> <span class='ocrx_word' id='word_1_452' title='bbox 1496 375 1530 408; x_wconf 72' lang='grc' dir='ltr'><strong>&gt;1ί</strong></span> <span class='ocrx_word' id='word_1_453' title='bbox 1555 373 1581 400; x_wconf 85' lang='grc'><strong>111</strong></span> <span class='ocrx_word' id='word_1_454' title='bbox 1600 381 1689 408; x_wconf 84' lang='lat' dir='ltr'><strong>regem</strong></span> <span class='ocrx_word' id='word_1_455' title='bbox 1710 374 1743 406; x_wconf 74' lang='grc' dir='ltr'><em>ζ.</em></span> 
     </span>
    </p>
   </div>
   <div class='ocr_carea' id='block_1_53' title="bbox 954 419 1742 455">
    <p class='ocr_par' dir='ltr' id='par_1_53' title="bbox 954 419 1742 455">
     <span class='ocr_line' id='line_1_53' title="bbox 954 419 1742 455; baseline -0.001 -10"><span class='ocrx_word' id='word_1_456' title='bbox 954 422 979 445; x_wconf 89' lang='lat' dir='ltr'><strong>el</strong></span> <span class='ocrx_word' id='word_1_457' title='bbox 995 425 1049 445; x_wconf 90' lang='lat' dir='ltr'><strong>non</strong></span> <span class='ocrx_word' id='word_1_458' title='bbox 1067 422 1146 445; x_wconf 90' lang='lat' dir='ltr'><strong>erunt</strong></span> <span class='ocrx_word' id='word_1_459' title='bbox 1169 419 1288 454; x_wconf 86' lang='lat' dir='ltr'><strong>amplius</strong></span> <span class='ocrx_word' id='word_1_460' title='bbox 1305 419 1332 446; x_wconf 92' lang='lat' dir='ltr'><strong>in</strong></span> <span class='ocrx_word' id='word_1_461' title='bbox 1347 420 1415 446; x_wconf 83' lang='lat' dir='ltr'><strong>duas</strong></span> <span class='ocrx_word' id='word_1_462' title='bbox 1433 424 1536 455; x_wconf 78' lang='lat' dir='ltr'><strong>gentes,</strong></span> <span class='ocrx_word' id='word_1_463' title='bbox 1556 427 1605 447; x_wconf 90' lang='lat' dir='ltr'><strong>nec</strong></span> <span class='ocrx_word' id='word_1_464' title='bbox 1619 419 1742 446; x_wconf 83' lang='lat' dir='ltr'><strong>dividen-</strong></span> 
     </span>
    </p>
   </div>
   <div class='ocr_carea' id='block_1_54' title="bbox 956 464 1744 499">
    <p class='ocr_par' dir='ltr' id='par_1_54' title="bbox 956 464 1744 499">
     <span class='ocr_line' id='line_1_54' title="bbox 956 464 1744 499; baseline 0 -9"><span class='ocrx_word' id='word_1_465' title='bbox 956 468 1000 491; x_wconf 90' lang='lat' dir='ltr'><strong>tur</strong></span> <span class='ocrx_word' id='word_1_466' title='bbox 1014 464 1130 499; x_wconf 88' lang='lat' dir='ltr'><strong>amplius</strong></span> <span class='ocrx_word' id='word_1_467' title='bbox 1147 465 1173 491; x_wconf 93' lang='lat' dir='ltr'><strong>in</strong></span> <span class='ocrx_word' id='word_1_468' title='bbox 1188 464 1243 491; x_wconf 91' lang='lat' dir='ltr'><strong>duo</strong></span> <span class='ocrx_word' id='word_1_469' title='bbox 1257 472 1351 499; x_wconf 84' lang='lat' dir='ltr'><strong>regna,</strong></span> <span class='ocrx_word' id='word_1_470' title='bbox 1368 465 1413 492; x_wconf 73' lang='lat'><strong>25.</strong></span> <span class='ocrx_word' id='word_1_471' title='bbox 1427 469 1456 492; x_wconf 91' lang='lat' dir='ltr'><strong>ut</strong></span> <span class='ocrx_word' id='word_1_472' title='bbox 1477 473 1510 492; x_wconf 84' lang='lat' dir='ltr'><strong>ne</strong></span> <span class='ocrx_word' id='word_1_473' title='bbox 1525 465 1744 492; x_wconf 84' lang='lat' dir='ltr'><strong>contaminemur</strong></span> 
     </span>
    </p>
   </div>
   <div class='ocr_carea' id='block_1_55' title="bbox 955 509 1743 544">
    <p class='ocr_par' dir='ltr' id='par_1_55' title="bbox 955 509 1743 544">
     <span class='ocr_line' id='line_1_55' title="bbox 955 509 1743 544; baseline 0.001 -8"><span class='ocrx_word' id='word_1_474' title='bbox 955 509 1073 544; x_wconf 83' lang='lat' dir='ltr'><strong>amplius</strong></span> <span class='ocrx_word' id='word_1_475' title='bbox 1088 510 1114 536; x_wconf 91' lang='lat' dir='ltr'><strong>in</strong></span> <span class='ocrx_word' id='word_1_476' title='bbox 1127 509 1206 537; x_wconf 87' lang='lat' dir='ltr'><strong>idolis</strong></span> <span class='ocrx_word' id='word_1_477' title='bbox 1217 510 1283 541; x_wconf 90' lang='lat' dir='ltr'><strong>suis.</strong></span> <span class='ocrx_word' id='word_1_478' title='bbox 1294 511 1327 544; x_wconf 73' lang='lat' dir='ltr'><strong>)t(</strong></span> <span class='ocrx_word' id='word_1_479' title='bbox 1337 514 1363 538; x_wconf 88' lang='lat' dir='ltr'><strong>et</strong></span> <span class='ocrx_word' id='word_1_480' title='bbox 1376 511 1402 538; x_wconf 93' lang='lat' dir='ltr'><strong>in</strong></span> <span class='ocrx_word' id='word_1_481' title='bbox 1414 511 1664 538; x_wconf 86' lang='lat' dir='ltr'><strong>abominationibus</strong></span> <span class='ocrx_word' id='word_1_482' title='bbox 1674 511 1743 540; x_wconf 83' lang='lat' dir='ltr'><strong>suis.</strong></span> 
     </span>
    </p>
   </div>
   <div class='ocr_carea' id='block_1_56' title="bbox 955 555 1744 592">
    <p class='ocr_par' dir='ltr' id='par_1_56' title="bbox 955 555 1744 592">
     <span class='ocr_line' id='line_1_56' title="bbox 955 555 1744 592; baseline 0.001 -10"><span class='ocrx_word' id='word_1_483' title='bbox 955 560 982 583; x_wconf 89' lang='lat' dir='ltr'><strong>et</strong></span> <span class='ocrx_word' id='word_1_484' title='bbox 996 555 1022 582; x_wconf 94' lang='lat' dir='ltr'><strong>in</strong></span> <span class='ocrx_word' id='word_1_485' title='bbox 1049 555 1177 583; x_wconf 88' lang='lat' dir='ltr'><strong>omnibus</strong></span> <span class='ocrx_word' id='word_1_486' title='bbox 1197 556 1383 591; x_wconf 86' lang='lat' dir='ltr'><strong>impietatibus</strong></span> <span class='ocrx_word' id='word_1_487' title='bbox 1401 558 1459 584; x_wconf 85' lang='lat' dir='ltr'><strong>suis</strong></span> <span class='ocrx_word' id='word_1_488' title='bbox 1472 558 1482 591; x_wconf 69' lang='grc' dir='ltr'>ζ</span> <span class='ocrx_word' id='word_1_489' title='bbox 1496 567 1502 584; x_wconf 88' lang='lat'>:</span> <span class='ocrx_word' id='word_1_490' title='bbox 1518 561 1545 584; x_wconf 88' lang='lat' dir='ltr'><strong>et</strong></span> <span class='ocrx_word' id='word_1_491' title='bbox 1559 557 1673 592; x_wconf 87' lang='lat' dir='ltr'><strong>eripiam</strong></span> <span class='ocrx_word' id='word_1_492' title='bbox 1697 565 1744 584; x_wconf 78' lang='lat' dir='ltr'><strong>eos</strong></span> 
     </span>
    </p>
   </div>
   <div class='ocr_carea' id='block_1_57' title="bbox 956 602 1744 638">
    <p class='ocr_par' dir='ltr' id='par_1_57' title="bbox 956 602 1744 638">
     <span class='ocr_line' id='line_1_57' title="bbox 956 602 1744 638; baseline 0 -9"><span class='ocrx_word' id='word_1_493' title='bbox 956 609 989 629; x_wconf 80' lang='lat' dir='ltr'><strong>ex</strong></span> <span class='ocrx_word' id='word_1_494' title='bbox 1001 602 1129 630; x_wconf 91' lang='lat' dir='ltr'><strong>omnibus</strong></span> <span class='ocrx_word' id='word_1_495' title='bbox 1144 603 1179 637; x_wconf 79' lang='grc' dir='ltr'><strong>(ε)</strong></span> <span class='ocrx_word' id='word_1_496' title='bbox 1194 603 1385 638; x_wconf 81' lang='lat' dir='ltr'><strong>iniquitatibus</strong></span> <span class='ocrx_word' id='word_1_497' title='bbox 1410 611 1517 636; x_wconf 85' lang='lat' dir='ltr'><strong>eorum,</strong></span> <span class='ocrx_word' id='word_1_498' title='bbox 1533 603 1633 638; x_wconf 88' lang='lat' dir='ltr'><strong>quibus</strong></span> <span class='ocrx_word' id='word_1_499' title='bbox 1648 609 1744 638; x_wconf 71' lang='lat' dir='ltr'><strong>pecca~</strong></span> 
     </span>
    </p>
   </div>
   <div class='ocr_carea' id='block_1_58' title="bbox 956 648 1745 682">
    <p class='ocr_par' dir='ltr' id='par_1_58' title="bbox 956 648 1745 682">
     <span class='ocr_line' id='line_1_58' title="bbox 956 648 1745 682; baseline -0.003 -7"><span class='ocrx_word' id='word_1_500' title='bbox 956 653 1020 675; x_wconf 90' lang='lat' dir='ltr'><strong>runt</strong></span> <span class='ocrx_word' id='word_1_501' title='bbox 1035 648 1062 675; x_wconf 87' lang='lat' dir='ltr'><strong>in</strong></span> <span class='ocrx_word' id='word_1_502' title='bbox 1074 648 1124 680; x_wconf 88' lang='lat' dir='ltr'><strong>eis,</strong></span> <span class='ocrx_word' id='word_1_503' title='bbox 1140 653 1165 675; x_wconf 88' lang='lat' dir='ltr'><strong>et</strong></span> <span class='ocrx_word' id='word_1_504' title='bbox 1179 648 1316 675; x_wconf 87' lang='lat' dir='ltr'><strong>mundabo</strong></span> <span class='ocrx_word' id='word_1_505' title='bbox 1329 655 1386 679; x_wconf 90' lang='lat' dir='ltr'><strong>eos,</strong></span> <span class='ocrx_word' id='word_1_506' title='bbox 1401 652 1428 675; x_wconf 93' lang='lat' dir='ltr'><strong>et</strong></span> <span class='ocrx_word' id='word_1_507' title='bbox 1439 652 1519 675; x_wconf 91' lang='lat' dir='ltr'><strong>erunt</strong></span> <span class='ocrx_word' id='word_1_508' title='bbox 1534 648 1600 675; x_wconf 89' lang='lat' dir='ltr'><strong>mihi</strong></span> <span class='ocrx_word' id='word_1_509' title='bbox 1617 648 1643 674; x_wconf 94' lang='lat' dir='ltr'><strong>in</strong></span> <span class='ocrx_word' id='word_1_510' title='bbox 1660 655 1745 682; x_wconf 89' lang='lat' dir='ltr'><strong>popu-</strong></span> 
     </span>
    </p>
   </div>
   <div class='ocr_carea' id='block_1_59' title="bbox 956 693 1744 730">
    <p class='ocr_par' dir='ltr' id='par_1_59' title="bbox 956 693 1744 730">
     <span class='ocr_line' id='line_1_59' title="bbox 956 693 1744 730; baseline -0.003 -9"><span class='ocrx_word' id='word_1_511' title='bbox 956 694 1024 727; x_wconf 89' lang='lat' dir='ltr'><strong>lum,</strong></span> <span class='ocrx_word' id='word_1_512' title='bbox 1038 698 1064 721; x_wconf 89' lang='lat' dir='ltr'><strong>et</strong></span> <span class='ocrx_word' id='word_1_513' title='bbox 1084 702 1133 730; x_wconf 87' lang='lat' dir='ltr'><strong>ego</strong></span> <span class='ocrx_word' id='word_1_514' title='bbox 1147 702 1195 722; x_wconf 90' lang='lat' dir='ltr'><strong>ero</strong></span> <span class='ocrx_word' id='word_1_515' title='bbox 1212 694 1250 722; x_wconf 93' lang='lat' dir='ltr'><strong>eis</strong></span> <span class='ocrx_word' id='word_1_516' title='bbox 1278 694 1304 720; x_wconf 91' lang='lat' dir='ltr'><strong>in</strong></span> <span class='ocrx_word' id='word_1_517' title='bbox 1331 693 1426 721; x_wconf 85' lang='lat' dir='ltr'><strong>Deum.</strong></span> <span class='ocrx_word' id='word_1_518' title='bbox 1443 694 1488 721; x_wconf 68' lang='lat'><strong>24.</strong></span> <span class='ocrx_word' id='word_1_519' title='bbox 1506 693 1537 720; x_wconf 85' lang='lat' dir='ltr'><strong>Et</strong></span> <span class='ocrx_word' id='word_1_520' title='bbox 1557 700 1652 720; x_wconf 89' lang='lat' dir='ltr'><strong>servus</strong></span> <span class='ocrx_word' id='word_1_521' title='bbox 1667 700 1744 720; x_wconf 86' lang='lat' dir='ltr'><strong>meus</strong></span> 
     </span>
    </p>
   </div>
   <div class='ocr_carea' id='block_1_60' title="bbox 958 737 1745 773">
    <p class='ocr_par' dir='ltr' id='par_1_60' title="bbox 958 737 1745 773">
     <span class='ocr_line' id='line_1_60' title="bbox 958 737 1745 773; baseline -0.001 -8"><span class='ocrx_word' id='word_1_522' title='bbox 958 739 1039 766; x_wconf 91' lang='lat' dir='ltr'><strong>David</strong></span> <span class='ocrx_word' id='word_1_523' title='bbox 1053 739 1179 773; x_wconf 87' lang='lat' dir='ltr'><strong>princeps</strong></span> <span class='ocrx_word' id='word_1_524' title='bbox 1195 739 1222 766; x_wconf 90' lang='lat' dir='ltr'><strong>in</strong></span> <span class='ocrx_word' id='word_1_525' title='bbox 1235 739 1324 766; x_wconf 85' lang='lat' dir='ltr'><strong>medio</strong></span> <span class='ocrx_word' id='word_1_526' title='bbox 1335 745 1441 771; x_wconf 89' lang='lat' dir='ltr'><strong>eorum,</strong></span> <span class='ocrx_word' id='word_1_527' title='bbox 1463 742 1490 765; x_wconf 88' lang='lat' dir='ltr'><strong>et</strong></span> <span class='ocrx_word' id='word_1_528' title='bbox 1502 743 1598 773; x_wconf 83' lang='lat' dir='ltr'><strong>pastor</strong></span> <span class='ocrx_word' id='word_1_529' title='bbox 1610 746 1681 765; x_wconf 90' lang='lat' dir='ltr'><strong>unus</strong></span> <span class='ocrx_word' id='word_1_530' title='bbox 1693 737 1745 764; x_wconf 91' lang='lat' dir='ltr'><strong>erit</strong></span> 
     </span>
    </p>
   </div>
   <div class='ocr_carea' id='block_1_61' title="bbox 956 783 1745 819">
    <p class='ocr_par' dir='ltr' id='par_1_61' title="bbox 956 783 1745 819">
     <span class='ocr_line' id='line_1_61' title="bbox 956 783 1745 819; baseline -0.003 -8"><span class='ocrx_word' id='word_1_531' title='bbox 956 785 1077 811; x_wconf 89' lang='lat' dir='ltr'><strong>omnium</strong></span> <span class='ocrx_word' id='word_1_532' title='bbox 1090 786 1123 819; x_wconf 60' lang='grc' dir='ltr'><strong>Β(</strong></span> <span class='ocrx_word' id='word_1_533' title='bbox 1137 792 1232 812; x_wconf 86' lang='lat' dir='ltr'><strong>eorum</strong></span> <span class='ocrx_word' id='word_1_534' title='bbox 1250 784 1274 817; x_wconf 73' lang='grc' dir='ltr'><strong>ζ,</strong></span> <span class='ocrx_word' id='word_1_535' title='bbox 1285 784 1348 819; x_wconf 90' lang='lat' dir='ltr'><strong>quia</strong></span> <span class='ocrx_word' id='word_1_536' title='bbox 1365 784 1391 811; x_wconf 93' lang='lat' dir='ltr'><strong>in</strong></span> <span class='ocrx_word' id='word_1_537' title='bbox 1405 785 1547 819; x_wconf 70' lang='lat' dir='ltr'><strong>praaceplis</strong></span> <span class='ocrx_word' id='word_1_538' title='bbox 1563 784 1632 811; x_wconf 89' lang='lat' dir='ltr'><strong>meis</strong></span> <span class='ocrx_word' id='word_1_539' title='bbox 1649 783 1745 810; x_wconf 89' lang='lat' dir='ltr'><strong>ambu-</strong></span> 
     </span>
    </p>
   </div>
   <div class='ocr_carea' id='block_1_62' title="bbox 958 829 1744 865">
    <p class='ocr_par' dir='ltr' id='par_1_62' title="bbox 958 829 1744 865">
     <span class='ocr_line' id='line_1_62' title="bbox 958 829 1744 865; baseline -0.003 -8"><span class='ocrx_word' id='word_1_540' title='bbox 958 830 1063 862; x_wconf 86' lang='lat' dir='ltr'><strong>labunt,</strong></span> <span class='ocrx_word' id='word_1_541' title='bbox 1081 835 1108 858; x_wconf 86' lang='lat' dir='ltr'><strong>et</strong></span> <span class='ocrx_word' id='word_1_542' title='bbox 1122 830 1224 865; x_wconf 82' lang='lat' dir='ltr'><strong>judicia</strong></span> <span class='ocrx_word' id='word_1_543' title='bbox 1237 837 1297 857; x_wconf 89' lang='lat' dir='ltr'><strong>mea</strong></span> <span class='ocrx_word' id='word_1_544' title='bbox 1312 830 1476 863; x_wconf 69' lang='lat' dir='ltr'><strong>custodierit,</strong></span> <span class='ocrx_word' id='word_1_545' title='bbox 1489 835 1516 857; x_wconf 88' lang='lat' dir='ltr'><strong>et</strong></span> <span class='ocrx_word' id='word_1_546' title='bbox 1527 829 1626 858; x_wconf 88' lang='lat' dir='ltr'><strong>facient</strong></span> <span class='ocrx_word' id='word_1_547' title='bbox 1640 837 1682 861; x_wconf 85' lang='lat' dir='ltr'><strong>ea,</strong></span> <span class='ocrx_word' id='word_1_548' title='bbox 1697 829 1744 856; x_wconf 74' lang='lat'><strong>23.</strong></span> 
     </span>
    </p>
   </div>
   <div class='ocr_carea' id='block_1_63' title="bbox 959 875 1746 912">
    <p class='ocr_par' dir='ltr' id='par_1_63' title="bbox 959 875 1746 912">
     <span class='ocr_line' id='line_1_63' title="bbox 959 875 1746 912; baseline -0.005 -8"><span class='ocrx_word' id='word_1_549' title='bbox 959 883 984 904; x_wconf 74' lang='lat' dir='ltr'><strong>ei</strong></span> <span class='ocrx_word' id='word_1_550' title='bbox 996 876 1160 904; x_wconf 84' lang='lat' dir='ltr'><strong>habitabunt</strong></span> <span class='ocrx_word' id='word_1_551' title='bbox 1172 884 1255 911; x_wconf 87' lang='lat' dir='ltr'><strong>super</strong></span> <span class='ocrx_word' id='word_1_552' title='bbox 1269 881 1340 904; x_wconf 88' lang='lat' dir='ltr'><strong>terra</strong></span> <span class='ocrx_word' id='word_1_553' title='bbox 1355 884 1414 909; x_wconf 83' lang='lat' dir='ltr'><strong>sua,</strong></span> <span class='ocrx_word' id='word_1_554' title='bbox 1430 884 1511 911; x_wconf 90' lang='lat' dir='ltr'><strong>quam</strong></span> <span class='ocrx_word' id='word_1_555' title='bbox 1528 883 1578 912; x_wconf 88' lang='lat' dir='ltr'><strong>ego</strong></span> <span class='ocrx_word' id='word_1_556' title='bbox 1592 875 1653 903; x_wconf 86' lang='lat' dir='ltr'><strong>dedi</strong></span> <span class='ocrx_word' id='word_1_557' title='bbox 1666 883 1746 903; x_wconf 84' lang='lat' dir='ltr'><strong>servo</strong></span> 
     </span>
    </p>
   </div>
   <div class='ocr_carea' id='block_1_64' title="bbox 957 923 1747 959">
    <p class='ocr_par' dir='ltr' id='par_1_64' title="bbox 957 923 1747 959">
     <span class='ocr_line' id='line_1_64' title="bbox 957 923 1747 959; baseline -0.001 -9"><span class='ocrx_word' id='word_1_558' title='bbox 957 931 1020 950; x_wconf 91' lang='lat' dir='ltr'><strong>meo</strong></span> <span class='ocrx_word' id='word_1_559' title='bbox 1042 923 1156 956; x_wconf 81' lang='lat' dir='ltr'><strong>Jacoho,</strong></span> <span class='ocrx_word' id='word_1_560' title='bbox 1183 931 1238 959; x_wconf 89' lang='lat' dir='ltr'><strong>quo</strong></span> <span class='ocrx_word' id='word_1_561' title='bbox 1263 923 1422 950; x_wconf 88' lang='lat' dir='ltr'><strong>habitarunt</strong></span> <span class='ocrx_word' id='word_1_562' title='bbox 1445 923 1481 950; x_wconf 93' lang='lat' dir='ltr'><strong>ibi</strong></span> <span class='ocrx_word' id='word_1_563' title='bbox 1495 928 1584 957; x_wconf 86' lang='lat' dir='ltr'><strong>patres</strong></span> <span class='ocrx_word' id='word_1_564' title='bbox 1597 929 1703 954; x_wconf 81' lang='lat' dir='ltr'><strong>eorum,</strong></span> <span class='ocrx_word' id='word_1_565' title='bbox 1719 927 1747 948; x_wconf 79' lang='lat' dir='ltr'><strong>et</strong></span> 
     </span>
    </p>
   </div>
   <div class='ocr_carea' id='block_1_65' title="bbox 957 967 1747 1004">
    <p class='ocr_par' dir='ltr' id='par_1_65' title="bbox 957 967 1747 1004">
     <span class='ocr_line' id='line_1_65' title="bbox 957 967 1747 1004; baseline -0.004 -8"><span class='ocrx_word' id='word_1_566' title='bbox 957 969 1119 996; x_wconf 84' lang='lat' dir='ltr'><strong>habitabunt</strong></span> <span class='ocrx_word' id='word_1_567' title='bbox 1134 977 1216 1004; x_wconf 88' lang='lat' dir='ltr'><strong>super</strong></span> <span class='ocrx_word' id='word_1_568' title='bbox 1231 976 1261 996; x_wconf 86' lang='lat' dir='ltr'><strong>ea</strong></span> <span class='ocrx_word' id='word_1_569' title='bbox 1278 969 1340 1004; x_wconf 82' lang='lat' dir='ltr'><strong>ipsi,</strong></span> <span class='ocrx_word' id='word_1_570' title='bbox 1352 974 1379 996; x_wconf 90' lang='lat' dir='ltr'><strong>et</strong></span> <span class='ocrx_word' id='word_1_571' title='bbox 1394 969 1440 996; x_wconf 86' lang='lat' dir='ltr'><strong>Illii</strong></span> <span class='ocrx_word' id='word_1_572' title='bbox 1456 976 1561 999; x_wconf 87' lang='lat' dir='ltr'><strong>eorum.</strong></span> <span class='ocrx_word' id='word_1_573' title='bbox 1578 972 1604 995; x_wconf 90' lang='lat' dir='ltr'><strong>et</strong></span> <span class='ocrx_word' id='word_1_574' title='bbox 1614 968 1661 995; x_wconf 84' lang='lat' dir='ltr'><strong>filii</strong></span> <span class='ocrx_word' id='word_1_575' title='bbox 1677 967 1747 994; x_wconf 89' lang='lat' dir='ltr'><strong>filio-</strong></span> 
     </span>
    </p>
   </div>
   <div class='ocr_carea' id='block_1_66' title="bbox 957 1013 1746 1049">
    <p class='ocr_par' dir='ltr' id='par_1_66' title="bbox 957 1013 1746 1049">
     <span class='ocr_line' id='line_1_66' title="bbox 957 1013 1746 1049; baseline -0.001 -8"><span class='ocrx_word' id='word_1_576' title='bbox 957 1022 1018 1041; x_wconf 88' lang='lat' dir='ltr'><strong>rum</strong></span> <span class='ocrx_word' id='word_1_577' title='bbox 1032 1022 1138 1047; x_wconf 88' lang='lat' dir='ltr'><strong>eorum,</strong></span> <span class='ocrx_word' id='word_1_578' title='bbox 1150 1022 1237 1049; x_wconf 91' lang='lat' dir='ltr'><strong>usque</strong></span> <span class='ocrx_word' id='word_1_579' title='bbox 1250 1014 1276 1041; x_wconf 93' lang='lat' dir='ltr'><strong>in</strong></span> <span class='ocrx_word' id='word_1_580' title='bbox 1287 1015 1498 1049; x_wconf 88' lang='lat' dir='ltr'><strong>sempiternum:</strong></span> <span class='ocrx_word' id='word_1_581' title='bbox 1513 1018 1539 1042; x_wconf 90' lang='lat' dir='ltr'><strong>et</strong></span> <span class='ocrx_word' id='word_1_582' title='bbox 1555 1013 1638 1041; x_wconf 90' lang='lat' dir='ltr'><strong>David</strong></span> <span class='ocrx_word' id='word_1_583' title='bbox 1650 1020 1746 1041; x_wconf 75' lang='lat' dir='ltr'><strong>servus</strong></span> 
     </span>
    </p>
   </div>
   <div class='ocr_carea' id='block_1_67' title="bbox 958 1059 1744 1095">
    <p class='ocr_par' dir='ltr' id='par_1_67' title="bbox 958 1059 1744 1095">
     <span class='ocr_line' id='line_1_67' title="bbox 958 1059 1744 1095; baseline -0.003 -8"><span class='ocrx_word' id='word_1_584' title='bbox 958 1068 1036 1088; x_wconf 91' lang='lat' dir='ltr'><strong>meus</strong></span> <span class='ocrx_word' id='word_1_585' title='bbox 1050 1060 1176 1095; x_wconf 89' lang='lat' dir='ltr'><strong>princeps</strong></span> <span class='ocrx_word' id='word_1_586' title='bbox 1191 1067 1284 1086; x_wconf 92' lang='lat' dir='ltr'><strong>eorum</strong></span> <span class='ocrx_word' id='word_1_587' title='bbox 1298 1061 1331 1093; x_wconf 55' lang='grc' dir='ltr'>κ</span> <span class='ocrx_word' id='word_1_588' title='bbox 1344 1059 1396 1086; x_wconf 90' lang='lat' dir='ltr'><strong>crit</strong></span> <span class='ocrx_word' id='word_1_589' title='bbox 1411 1060 1422 1094; x_wconf 70' lang='grc' dir='ltr'>ζ</span> <span class='ocrx_word' id='word_1_590' title='bbox 1439 1059 1466 1086; x_wconf 86' lang='grc'><strong>111</strong></span> <span class='ocrx_word' id='word_1_591' title='bbox 1481 1060 1687 1094; x_wconf 86' lang='lat' dir='ltr'><strong>sempiternum.</strong></span> <span class='ocrx_word' id='word_1_592' title='bbox 1699 1059 1744 1085; x_wconf 73' lang='lat'><strong>26.</strong></span> 
     </span>
    </p>
   </div>
   <div class='ocr_carea' id='block_1_68' title="bbox 958 1105 1745 1141">
    <p class='ocr_par' dir='ltr' id='par_1_68' title="bbox 958 1105 1745 1141">
     <span class='ocr_line' id='line_1_68' title="bbox 958 1105 1745 1141; baseline -0.004 -7"><span class='ocrx_word' id='word_1_593' title='bbox 958 1105 992 1133; x_wconf 86' lang='lat' dir='ltr'><strong>Et</strong></span> <span class='ocrx_word' id='word_1_594' title='bbox 1016 1114 1115 1141; x_wconf 89' lang='lat' dir='ltr'><strong>ponam</strong></span> <span class='ocrx_word' id='word_1_595' title='bbox 1141 1106 1180 1133; x_wconf 90' lang='lat' dir='ltr'><strong>eis</strong></span> <span class='ocrx_word' id='word_1_596' title='bbox 1199 1110 1392 1133; x_wconf 83' lang='lat' dir='ltr'><strong>testamentum</strong></span> <span class='ocrx_word' id='word_1_597' title='bbox 1418 1105 1512 1140; x_wconf 81' lang='lat' dir='ltr'><strong>pacis,</strong></span> <span class='ocrx_word' id='word_1_598' title='bbox 1540 1109 1745 1135; x_wconf 82' lang='lat' dir='ltr'><strong>testamentum.</strong></span> 
     </span>
    </p>
   </div>
   <div class='ocr_carea' id='block_1_69' title="bbox 958 1151 1745 1187">
    <p class='ocr_par' dir='ltr' id='par_1_69' title="bbox 958 1151 1745 1187">
     <span class='ocr_line' id='line_1_69' title="bbox 958 1151 1745 1187; baseline -0.003 -8"><span class='ocrx_word' id='word_1_599' title='bbox 958 1153 1030 1187; x_wconf 89' lang='lat' dir='ltr'><strong>quod</strong></span> <span class='ocrx_word' id='word_1_600' title='bbox 1051 1152 1078 1179; x_wconf 91' lang='lat' dir='ltr'><strong>in</strong></span> <span class='ocrx_word' id='word_1_601' title='bbox 1095 1152 1204 1184; x_wconf 73' lang='lat' dir='ltr'><strong>szecula,</strong></span> <span class='ocrx_word' id='word_1_602' title='bbox 1223 1152 1275 1179; x_wconf 88' lang='lat' dir='ltr'><strong>erit</strong></span> <span class='ocrx_word' id='word_1_603' title='bbox 1294 1159 1356 1179; x_wconf 92' lang='lat' dir='ltr'><strong>cum</strong></span> <span class='ocrx_word' id='word_1_604' title='bbox 1374 1152 1413 1178; x_wconf 88' lang='lat' dir='ltr'><strong>eis</strong></span> <span class='ocrx_word' id='word_1_605' title='bbox 1428 1159 1434 1177; x_wconf 91' lang='lat'><strong>:</strong></span> <span class='ocrx_word' id='word_1_606' title='bbox 1456 1153 1489 1185; x_wconf 58' lang='grc' dir='ltr'><strong>χ(</strong></span> <span class='ocrx_word' id='word_1_607' title='bbox 1506 1151 1545 1186; x_wconf 85' lang='lat' dir='ltr'><strong>(d)</strong></span> <span class='ocrx_word' id='word_1_608' title='bbox 1562 1155 1589 1178; x_wconf 86' lang='lat' dir='ltr'><strong>et</strong></span> <span class='ocrx_word' id='word_1_609' title='bbox 1604 1151 1673 1178; x_wconf 78' lang='lat' dir='ltr'><strong>dabo</strong></span> <span class='ocrx_word' id='word_1_610' title='bbox 1687 1158 1745 1180; x_wconf 81' lang='lat' dir='ltr'><strong>eos.</strong></span> 
     </span>
    </p>
   </div>
   <div class='ocr_carea' id='block_1_70' title="bbox 959 1196 1745 1233">
    <p class='ocr_par' dir='ltr' id='par_1_70' title="bbox 959 1196 1745 1233">
     <span class='ocr_line' id='line_1_70' title="bbox 959 1196 1745 1233; baseline -0.004 -8"><span class='ocrx_word' id='word_1_611' title='bbox 959 1202 985 1225; x_wconf 90' lang='lat' dir='ltr'><strong>et</strong></span> <span class='ocrx_word' id='word_1_612' title='bbox 997 1198 1181 1233; x_wconf 90' lang='lat' dir='ltr'><strong>multiplicabo</strong></span> <span class='ocrx_word' id='word_1_613' title='bbox 1194 1205 1242 1225; x_wconf 89' lang='lat' dir='ltr'><strong>eos</strong></span> <span class='ocrx_word' id='word_1_614' title='bbox 1261 1198 1273 1232; x_wconf 88' lang='lat'><strong>1</strong></span> <span class='ocrx_word' id='word_1_615' title='bbox 1288 1206 1294 1224; x_wconf 92' lang='lat'><strong>:</strong></span> <span class='ocrx_word' id='word_1_616' title='bbox 1307 1201 1334 1225; x_wconf 85' lang='lat' dir='ltr'><strong>et</strong></span> <span class='ocrx_word' id='word_1_617' title='bbox 1349 1204 1447 1232; x_wconf 88' lang='lat' dir='ltr'><strong>ponam</strong></span> <span class='ocrx_word' id='word_1_618' title='bbox 1462 1197 1560 1224; x_wconf 83' lang='lat' dir='ltr'><strong>Sancta</strong></span> <span class='ocrx_word' id='word_1_619' title='bbox 1574 1204 1634 1223; x_wconf 85' lang='lat' dir='ltr'><strong>mea</strong></span> <span class='ocrx_word' id='word_1_620' title='bbox 1650 1196 1676 1223; x_wconf 93' lang='lat' dir='ltr'><strong>in</strong></span> <span class='ocrx_word' id='word_1_621' title='bbox 1689 1203 1745 1222; x_wconf 92' lang='lat' dir='ltr'><strong>mc-</strong></span> 
     </span>
    </p>
   </div>
   <div class='ocr_carea' id='block_1_71' title="bbox 959 1242 1745 1278">
    <p class='ocr_par' dir='ltr' id='par_1_71' title="bbox 959 1242 1745 1278">
     <span class='ocr_line' id='line_1_71' title="bbox 959 1242 1745 1278; baseline -0.005 -7"><span class='ocrx_word' id='word_1_622' title='bbox 959 1244 1004 1271; x_wconf 89' lang='lat' dir='ltr'><strong>dio</strong></span> <span class='ocrx_word' id='word_1_623' title='bbox 1018 1251 1113 1271; x_wconf 86' lang='lat' dir='ltr'><strong>eorum</strong></span> <span class='ocrx_word' id='word_1_624' title='bbox 1125 1244 1152 1270; x_wconf 93' lang='lat' dir='ltr'><strong>in</strong></span> <span class='ocrx_word' id='word_1_625' title='bbox 1165 1243 1371 1278; x_wconf 86' lang='lat' dir='ltr'><strong>sempiternum,</strong></span> <span class='ocrx_word' id='word_1_626' title='bbox 1382 1243 1427 1270; x_wconf 71' lang='grc'><strong>27.</strong></span> <span class='ocrx_word' id='word_1_627' title='bbox 1440 1247 1466 1269; x_wconf 92' lang='lat' dir='ltr'><strong>ct</strong></span> <span class='ocrx_word' id='word_1_628' title='bbox 1477 1242 1528 1270; x_wconf 83' lang='lat' dir='ltr'><strong>erit</strong></span> <span class='ocrx_word' id='word_1_629' title='bbox 1542 1242 1745 1270; x_wconf 83' lang='lat' dir='ltr'><strong>tabernaculum</strong></span> 
     </span>
    </p>
   </div>
   <div class='ocr_carea' id='block_1_72' title="bbox 960 1287 1747 1321">
    <p class='ocr_par' dir='ltr' id='par_1_72' title="bbox 960 1287 1747 1321">
     <span class='ocr_line' id='line_1_72' title="bbox 960 1287 1747 1321; baseline -0.005 -5"><span class='ocrx_word' id='word_1_630' title='bbox 960 1297 1049 1316; x_wconf 86' lang='lat' dir='ltr'><strong>meum</strong></span> <span class='ocrx_word' id='word_1_631' title='bbox 1066 1291 1092 1316; x_wconf 95' lang='lat' dir='ltr'><strong>in</strong></span> <span class='ocrx_word' id='word_1_632' title='bbox 1108 1291 1159 1321; x_wconf 88' lang='lat' dir='ltr'><strong>eis,</strong></span> <span class='ocrx_word' id='word_1_633' title='bbox 1176 1293 1202 1316; x_wconf 90' lang='lat' dir='ltr'><strong>et</strong></span> <span class='ocrx_word' id='word_1_634' title='bbox 1216 1296 1262 1315; x_wconf 87' lang='lat' dir='ltr'><strong>cro</strong></span> <span class='ocrx_word' id='word_1_635' title='bbox 1276 1288 1315 1315; x_wconf 89' lang='lat' dir='ltr'><strong>eis</strong></span> <span class='ocrx_word' id='word_1_636' title='bbox 1331 1287 1413 1320; x_wconf 87' lang='lat' dir='ltr'><strong>Deus,</strong></span> <span class='ocrx_word' id='word_1_637' title='bbox 1428 1289 1453 1315; x_wconf 84' lang='lat' dir='ltr'><strong>‘ct</strong></span> <span class='ocrx_word' id='word_1_638' title='bbox 1472 1287 1508 1314; x_wconf 91' lang='lat' dir='ltr'><strong>illi</strong></span> <span class='ocrx_word' id='word_1_639' title='bbox 1525 1291 1605 1314; x_wconf 88' lang='lat' dir='ltr'><strong>erunt</strong></span> <span class='ocrx_word' id='word_1_640' title='bbox 1621 1287 1685 1313; x_wconf 89' lang='lat' dir='ltr'><strong>mihi</strong></span> <span class='ocrx_word' id='word_1_641' title='bbox 1698 1294 1747 1321; x_wconf 89' lang='lat' dir='ltr'><strong>po-</strong></span> 
     </span>
    </p>
   </div>
   <div class='ocr_carea' id='block_1_73' title="bbox 960 1332 1745 1369">
    <p class='ocr_par' dir='ltr' id='par_1_73' title="bbox 960 1332 1745 1369">
     <span class='ocr_line' id='line_1_73' title="bbox 960 1332 1745 1369; baseline -0.001 -8"><span class='ocrx_word' id='word_1_642' title='bbox 960 1335 1048 1369; x_wconf 87' lang='lat' dir='ltr'><strong>pulus.</strong></span> <span class='ocrx_word' id='word_1_643' title='bbox 1060 1334 1103 1362; x_wconf 71' lang='lat'><strong>28.</strong></span> <span class='ocrx_word' id='word_1_644' title='bbox 1120 1334 1152 1361; x_wconf 89' lang='lat' dir='ltr'><strong>Et</strong></span> <span class='ocrx_word' id='word_1_645' title='bbox 1162 1335 1248 1361; x_wconf 86' lang='lat' dir='ltr'><strong>scient</strong></span> <span class='ocrx_word' id='word_1_646' title='bbox 1261 1337 1364 1369; x_wconf 85' lang='lat' dir='ltr'><strong>gentes,</strong></span> <span class='ocrx_word' id='word_1_647' title='bbox 1379 1333 1452 1368; x_wconf 89' lang='lat' dir='ltr'><strong>quod</strong></span> <span class='ocrx_word' id='word_1_648' title='bbox 1466 1341 1515 1368; x_wconf 84' lang='lat' dir='ltr'><strong>ego</strong></span> <span class='ocrx_word' id='word_1_649' title='bbox 1527 1341 1585 1360; x_wconf 86' lang='lat' dir='ltr'><strong>sum</strong></span> <span class='ocrx_word' id='word_1_650' title='bbox 1603 1332 1745 1366; x_wconf 88' lang='lat' dir='ltr'><strong>Dominus,</strong></span> 
     </span>
    </p>
   </div>
   <div class='ocr_carea' id='block_1_74' title="bbox 960 1379 1674 1415">
    <p class='ocr_par' dir='ltr' id='par_1_74' title="bbox 960 1379 1674 1415">
     <span class='ocr_line' id='line_1_74' title="bbox 960 1379 1674 1415; baseline -0.003 -7"><span class='ocrx_word' id='word_1_651' title='bbox 960 1381 1134 1408; x_wconf 81' lang='lat' dir='ltr'><strong>sanctificans</strong></span> <span class='ocrx_word' id='word_1_652' title='bbox 1153 1388 1210 1412; x_wconf 84' lang='lat' dir='ltr'><strong>cos,</strong></span> <span class='ocrx_word' id='word_1_653' title='bbox 1232 1380 1342 1415; x_wconf 76' lang='lat' dir='ltr'><strong>quando</strong></span> <span class='ocrx_word' id='word_1_654' title='bbox 1370 1379 1471 1406; x_wconf 80' lang='lat' dir='ltr'><strong>fuerint</strong></span> <span class='ocrx_word' id='word_1_655' title='bbox 1487 1379 1584 1406; x_wconf 88' lang='lat' dir='ltr'><strong>Sancta</strong></span> <span class='ocrx_word' id='word_1_656' title='bbox 1605 1387 1674 1406; x_wconf 89' lang='lat' dir='ltr'><strong>mea.</strong></span> 
     </span>
    </p>
   </div>
   <div class='ocr_carea' id='block_1_75' title="bbox 995 1423 1748 1461">
    <p class='ocr_par' dir='ltr' id='par_1_75' title="bbox 995 1423 1748 1461">
     <span class='ocr_line' id='line_1_75' title="bbox 995 1423 1748 1461; baseline -0.001 -8"><span class='ocrx_word' id='word_1_657' title='bbox 995 1427 1061 1461; x_wconf 85' lang='lat' dir='ltr'><strong>Cap.</strong></span> <span class='ocrx_word' id='word_1_658' title='bbox 1077 1425 1221 1452; x_wconf 69' lang='lat' dir='ltr'><strong>XXXVIII.</strong></span> <span class='ocrx_word' id='word_1_659' title='bbox 1237 1441 1272 1445; x_wconf 98' lang='lat'>—</span> <span class='ocrx_word' id='word_1_660' title='bbox 1288 1425 1313 1452; x_wconf 92' lang='grc'><strong>1.</strong></span> <span class='ocrx_word' id='word_1_661' title='bbox 1340 1425 1429 1460; x_wconf 89' lang='lat' dir='ltr'><strong>Super</strong></span> <span class='ocrx_word' id='word_1_662' title='bbox 1455 1423 1513 1459; x_wconf 85' lang='lat' dir='ltr'><strong>Gog</strong></span> <span class='ocrx_word' id='word_1_663' title='bbox 1539 1429 1566 1452; x_wconf 90' lang='lat' dir='ltr'><strong>ct</strong></span> <span class='ocrx_word' id='word_1_664' title='bbox 1593 1424 1697 1460; x_wconf 76' lang='lat' dir='ltr'><strong>Magog.</strong></span> <span class='ocrx_word' id='word_1_665' title='bbox 1714 1424 1748 1452; x_wconf 82' lang='lat' dir='ltr'><strong>Et</strong></span> 
     </span>
    </p>
   </div>
   <div class='ocr_carea' id='block_1_76' title="bbox 961 1470 1746 1501">
    <p class='ocr_par' dir='ltr' id='par_1_76' title="bbox 961 1470 1746 1501">
     <span class='ocr_line' id='line_1_76' title="bbox 961 1470 1746 1501; baseline -0.003 -2"><span class='ocrx_word' id='word_1_666' title='bbox 961 1472 1060 1499; x_wconf 85' lang='lat' dir='ltr'><strong>factum</strong></span> <span class='ocrx_word' id='word_1_667' title='bbox 1075 1476 1117 1498; x_wconf 90' lang='lat' dir='ltr'><strong>est</strong></span> <span class='ocrx_word' id='word_1_668' title='bbox 1136 1472 1248 1498; x_wconf 81' lang='lat' dir='ltr'><strong>verbum</strong></span> <span class='ocrx_word' id='word_1_669' title='bbox 1274 1471 1380 1497; x_wconf 86' lang='lat' dir='ltr'><strong>Domini</strong></span> <span class='ocrx_word' id='word_1_670' title='bbox 1401 1470 1434 1497; x_wconf 87' lang='lat' dir='ltr'><strong>ad</strong></span> <span class='ocrx_word' id='word_1_671' title='bbox 1453 1477 1506 1501; x_wconf 85' lang='lat' dir='ltr'><strong>me,</strong></span> <span class='ocrx_word' id='word_1_672' title='bbox 1526 1470 1679 1498; x_wconf 62' lang='lat' dir='ltr'><strong>dicenszﬁ.</strong></span> <span class='ocrx_word' id='word_1_673' title='bbox 1696 1470 1746 1497; x_wconf 83' lang='lat' dir='ltr'><strong>Fili</strong></span> 
     </span>
    </p>
   </div>
   <div class='ocr_carea' id='block_1_77' title="bbox 961 1515 1748 1553">
    <p class='ocr_par' dir='ltr' id='par_1_77' title="bbox 961 1515 1748 1553">
     <span class='ocr_line' id='line_1_77' title="bbox 961 1515 1748 1553; baseline -0.003 -8"><span class='ocrx_word' id='word_1_674' title='bbox 961 1518 1090 1548; x_wconf 80' lang='lat' dir='ltr'><strong>hominis.</strong></span> <span class='ocrx_word' id='word_1_675' title='bbox 1105 1519 1139 1553; x_wconf 90' lang='lat' dir='ltr'><strong>(e)</strong></span> <span class='ocrx_word' id='word_1_676' title='bbox 1150 1525 1220 1552; x_wconf 88' lang='lat' dir='ltr'><strong>pone</strong></span> <span class='ocrx_word' id='word_1_677' title='bbox 1236 1517 1333 1544; x_wconf 87' lang='lat' dir='ltr'><strong>faciem</strong></span> <span class='ocrx_word' id='word_1_678' title='bbox 1350 1521 1422 1544; x_wconf 89' lang='lat' dir='ltr'><strong>tuam</strong></span> <span class='ocrx_word' id='word_1_679' title='bbox 1440 1515 1593 1552; x_wconf 86' lang='lat' dir='ltr'><strong>superGog,</strong></span> <span class='ocrx_word' id='word_1_680' title='bbox 1607 1521 1634 1543; x_wconf 93' lang='lat' dir='ltr'><strong>ct</strong></span> <span class='ocrx_word' id='word_1_681' title='bbox 1647 1520 1748 1544; x_wconf 85' lang='lat' dir='ltr'><strong>terram</strong></span> 
     </span>
    </p>
   </div>
   <div class='ocr_carea' id='block_1_78' title="bbox 962 1561 1749 1600">
    <p class='ocr_par' dir='ltr' id='par_1_78' title="bbox 962 1561 1749 1600">
     <span class='ocr_line' id='line_1_78' title="bbox 962 1561 1749 1600; baseline -0.004 -8"><span class='ocrx_word' id='word_1_682' title='bbox 962 1564 1066 1600; x_wconf 79' lang='lat' dir='ltr'><strong>Magog,</strong></span> <span class='ocrx_word' id='word_1_683' title='bbox 1084 1565 1233 1599; x_wconf 88' lang='lat' dir='ltr'><strong>principem</strong></span> <span class='ocrx_word' id='word_1_684' title='bbox 1260 1563 1324 1594; x_wconf 71' lang='lat' dir='ltr'><strong>nos,</strong></span> <span class='ocrx_word' id='word_1_685' title='bbox 1348 1566 1375 1590; x_wconf 84' lang='lat' dir='ltr'><strong>et</strong></span> <span class='ocrx_word' id='word_1_686' title='bbox 1398 1561 1519 1598; x_wconf 80' lang='lat' dir='ltr'><strong>Mosoch,</strong></span> <span class='ocrx_word' id='word_1_687' title='bbox 1545 1567 1572 1590; x_wconf 88' lang='lat' dir='ltr'><strong>et</strong></span> <span class='ocrx_word' id='word_1_688' title='bbox 1592 1561 1707 1595; x_wconf 73' lang='lat' dir='ltr'><strong>&#39;I‘hobei,</strong></span> <span class='ocrx_word' id='word_1_689' title='bbox 1721 1567 1749 1590; x_wconf 79' lang='lat' dir='ltr'><strong>et</strong></span> 
     </span>
    </p>
   </div>
   <div class='ocr_carea' id='block_1_79' title="bbox 962 1605 1749 1644">
    <p class='ocr_par' dir='ltr' id='par_1_79' title="bbox 962 1605 1749 1644">
     <span class='ocr_line' id='line_1_79' title="bbox 962 1605 1749 1644; baseline -0.003 -8"><span class='ocrx_word' id='word_1_690' title='bbox 962 1609 1091 1644; x_wconf 80' lang='lat' dir='ltr'><strong>propheta</strong></span> <span class='ocrx_word' id='word_1_691' title='bbox 1107 1615 1188 1642; x_wconf 85' lang='lat' dir='ltr'><strong>super</strong></span> <span class='ocrx_word' id='word_1_692' title='bbox 1204 1615 1277 1640; x_wconf 91' lang='lat' dir='ltr'><strong>eum,</strong></span> <span class='ocrx_word' id='word_1_693' title='bbox 1291 1608 1318 1634; x_wconf 77' lang='lat'><strong>3.</strong></span> <span class='ocrx_word' id='word_1_694' title='bbox 1337 1611 1365 1634; x_wconf 89' lang='lat' dir='ltr'><strong>et</strong></span> <span class='ocrx_word' id='word_1_695' title='bbox 1382 1607 1424 1634; x_wconf 88' lang='lat' dir='ltr'><strong>dic</strong></span> <span class='ocrx_word' id='word_1_696' title='bbox 1435 1606 1460 1634; x_wconf 91' lang='lat' dir='ltr'><strong>ei</strong></span> <span class='ocrx_word' id='word_1_697' title='bbox 1475 1614 1482 1632; x_wconf 92' lang='lat'>:</span> <span class='ocrx_word' id='word_1_698' title='bbox 1501 1607 1563 1634; x_wconf 74' lang='lat' dir='ltr'><strong>llzcc</strong></span> <span class='ocrx_word' id='word_1_699' title='bbox 1576 1606 1641 1634; x_wconf 89' lang='lat' dir='ltr'><strong>dicit</strong></span> <span class='ocrx_word' id='word_1_700' title='bbox 1655 1605 1749 1634; x_wconf 55' lang='lat' dir='ltr'><strong>Domi;</strong></span> 
     </span>
    </p>
   </div>
   <div class='ocr_carea' id='block_1_80' title="bbox 962 1648 1748 1687">
    <p class='ocr_par' dir='ltr' id='par_1_80' title="bbox 962 1648 1748 1687">
     <span class='ocr_line' id='line_1_80' title="bbox 962 1648 1748 1687; baseline -0.004 -5"><span class='ocrx_word' id='word_1_701' title='bbox 962 1662 1014 1682; x_wconf 84' lang='lat' dir='ltr'><strong>nus</strong></span> <span class='ocrx_word' id='word_1_702' title='bbox 1038 1653 1168 1681; x_wconf 88' lang='lat' dir='ltr'><strong>Dominus</strong></span> <span class='ocrx_word' id='word_1_703' title='bbox 1186 1662 1192 1680; x_wconf 74' lang='grc' dir='ltr'>ε</span> <span class='ocrx_word' id='word_1_704' title='bbox 1219 1652 1287 1680; x_wconf 88' lang='lat' dir='ltr'><strong>Ecce</strong></span> <span class='ocrx_word' id='word_1_705' title='bbox 1304 1660 1353 1687; x_wconf 86' lang='lat' dir='ltr'><strong>ego</strong></span> <span class='ocrx_word' id='word_1_706' title='bbox 1368 1659 1451 1687; x_wconf 90' lang='lat' dir='ltr'><strong>super</strong></span> <span class='ocrx_word' id='word_1_707' title='bbox 1469 1655 1496 1679; x_wconf 86' lang='lat' dir='ltr'><strong>te</strong></span> <span class='ocrx_word' id='word_1_708' title='bbox 1508 1648 1582 1687; x_wconf 75' lang='lat' dir='ltr'><strong>Gog,</strong></span> <span class='ocrx_word' id='word_1_709' title='bbox 1597 1651 1748 1687; x_wconf 84' lang='lat' dir='ltr'><strong>principem</strong></span> 
     </span>
    </p>
   </div>
   <div class='ocr_carea' id='block_1_81' title="bbox 961 1698 1749 1733">
    <p class='ocr_par' dir='ltr' id='par_1_81' title="bbox 961 1698 1749 1733">
     <span class='ocr_line' id='line_1_81' title="bbox 961 1698 1749 1733; baseline -0.003 -6"><span class='ocrx_word' id='word_1_710' title='bbox 961 1700 1028 1732; x_wconf 82' lang='lat' dir='ltr'><strong>Ros,</strong></span> <span class='ocrx_word' id='word_1_711' title='bbox 1047 1699 1193 1727; x_wconf 80' lang='lat' dir='ltr'><strong>Mosocliet</strong></span> <span class='ocrx_word' id='word_1_712' title='bbox 1207 1698 1320 1730; x_wconf 89' lang='lat' dir='ltr'><strong>Thobel,</strong></span> <span class='ocrx_word' id='word_1_713' title='bbox 1334 1698 1359 1724; x_wconf 72' lang='grc'><em>4.</em></span> <span class='ocrx_word' id='word_1_714' title='bbox 1379 1699 1412 1732; x_wconf 58' lang='grc' dir='ltr'><strong>&gt;ο&lt;</strong></span> <span class='ocrx_word' id='word_1_715' title='bbox 1426 1702 1453 1726; x_wconf 87' lang='lat' dir='ltr'><strong>et</strong></span> <span class='ocrx_word' id='word_1_716' title='bbox 1465 1698 1648 1733; x_wconf 76' lang='lat' dir='ltr'><strong>circumagam</strong></span> <span class='ocrx_word' id='word_1_717' title='bbox 1665 1701 1702 1730; x_wconf 82' lang='lat' dir='ltr'><strong>te,</strong></span> <span class='ocrx_word' id='word_1_718' title='bbox 1720 1702 1749 1725; x_wconf 86' lang='lat' dir='ltr'><strong>et</strong></span> 
     </span>
    </p>
   </div>
   <div class='ocr_carea' id='block_1_82' title="bbox 962 1743 1748 1780">
    <p class='ocr_par' dir='ltr' id='par_1_82' title="bbox 962 1743 1748 1780">
     <span class='ocr_line' id='line_1_82' title="bbox 962 1743 1748 1780; baseline -0.004 -6"><span class='ocrx_word' id='word_1_719' title='bbox 962 1747 1032 1774; x_wconf 83' lang='lat' dir='ltr'><strong>dabo</strong></span> <span class='ocrx_word' id='word_1_720' title='bbox 1047 1745 1154 1773; x_wconf 90' lang='lat' dir='ltr'><strong>frenum</strong></span> <span class='ocrx_word' id='word_1_721' title='bbox 1179 1745 1206 1772; x_wconf 90' lang='lat' dir='ltr'><strong>in</strong></span> <span class='ocrx_word' id='word_1_722' title='bbox 1225 1745 1350 1772; x_wconf 77' lang='lat' dir='ltr'><strong>maxillas</strong></span> <span class='ocrx_word' id='word_1_723' title='bbox 1364 1748 1424 1771; x_wconf 88' lang='lat' dir='ltr'><strong>tuas</strong></span> <span class='ocrx_word' id='word_1_724' title='bbox 1442 1744 1467 1778; x_wconf 69' lang='grc' dir='ltr'><strong>ζ,</strong></span> <span class='ocrx_word' id='word_1_725' title='bbox 1482 1748 1509 1771; x_wconf 86' lang='lat' dir='ltr'><strong>et</strong></span> <span class='ocrx_word' id='word_1_726' title='bbox 1523 1743 1694 1780; x_wconf 81' lang='lat' dir='ltr'><strong>cungregabo</strong></span> <span class='ocrx_word' id='word_1_727' title='bbox 1710 1748 1748 1776; x_wconf 85' lang='lat' dir='ltr'><strong>te,</strong></span> 
     </span>
    </p>
   </div>
   <div class='ocr_carea' id='block_1_83' title="bbox 961 1790 1750 1826">
    <p class='ocr_par' dir='ltr' id='par_1_83' title="bbox 961 1790 1750 1826">
     <span class='ocr_line' id='line_1_83' title="bbox 961 1790 1750 1826; baseline -0.001 -8"><span class='ocrx_word' id='word_1_728' title='bbox 961 1796 988 1819; x_wconf 85' lang='lat' dir='ltr'><strong>et</strong></span> <span class='ocrx_word' id='word_1_729' title='bbox 1003 1798 1112 1818; x_wconf 90' lang='lat' dir='ltr'><strong>omnem</strong></span> <span class='ocrx_word' id='word_1_730' title='bbox 1128 1791 1254 1818; x_wconf 86' lang='lat' dir='ltr'><strong>virtutem</strong></span> <span class='ocrx_word' id='word_1_731' title='bbox 1269 1794 1353 1822; x_wconf 82' lang='lat' dir='ltr'><strong>tuam,</strong></span> <span class='ocrx_word' id='word_1_732' title='bbox 1367 1797 1463 1826; x_wconf 89' lang='lat' dir='ltr'><strong>equos,</strong></span> <span class='ocrx_word' id='word_1_733' title='bbox 1478 1794 1505 1817; x_wconf 91' lang='lat' dir='ltr'><strong>et</strong></span> <span class='ocrx_word' id='word_1_734' title='bbox 1514 1790 1620 1825; x_wconf 86' lang='lat' dir='ltr'><strong>equites</strong></span> <span class='ocrx_word' id='word_1_735' title='bbox 1636 1790 1750 1818; x_wconf 86' lang='lat' dir='ltr'><strong>vestitos</strong></span> 
     </span>
    </p>
   </div>
   <div class='ocr_carea' id='block_1_84' title="bbox 962 1835 1749 1870">
    <p class='ocr_par' dir='ltr' id='par_1_84' title="bbox 962 1835 1749 1870">
     <span class='ocr_line' id='line_1_84' title="bbox 962 1835 1749 1870; baseline -0.001 -7"><span class='ocrx_word' id='word_1_736' title='bbox 962 1836 1055 1863; x_wconf 87' lang='lat' dir='ltr'><strong>loricis</strong></span> <span class='ocrx_word' id='word_1_737' title='bbox 1067 1843 1173 1869; x_wconf 90' lang='lat' dir='ltr'><strong>omnes,</strong></span> <span class='ocrx_word' id='word_1_738' title='bbox 1190 1835 1427 1870; x_wconf 78' lang='lat' dir='ltr'><strong>congregationem</strong></span> <span class='ocrx_word' id='word_1_739' title='bbox 1446 1835 1573 1866; x_wconf 82' lang='lat' dir='ltr'><strong>multam,</strong></span> <span class='ocrx_word' id='word_1_740' title='bbox 1586 1835 1705 1870; x_wconf 85' lang='lat' dir='ltr'><strong>clypeos,</strong></span> <span class='ocrx_word' id='word_1_741' title='bbox 1721 1839 1749 1862; x_wconf 83' lang='lat' dir='ltr'><strong>et</strong></span> 
     </span>
    </p>
   </div>
   <div class='ocr_carea' id='block_1_85' title="bbox 962 1880 1749 1917">
    <p class='ocr_par' dir='ltr' id='par_1_85' title="bbox 962 1880 1749 1917">
     <span class='ocr_line' id='line_1_85' title="bbox 962 1880 1749 1917; baseline -0.004 -7"><span class='ocrx_word' id='word_1_742' title='bbox 962 1883 1062 1917; x_wconf 88' lang='lat' dir='ltr'><strong>galeas,</strong></span> <span class='ocrx_word' id='word_1_743' title='bbox 1074 1887 1100 1909; x_wconf 91' lang='lat' dir='ltr'><strong>et</strong></span> <span class='ocrx_word' id='word_1_744' title='bbox 1114 1882 1228 1916; x_wconf 87' lang='lat' dir='ltr'><strong>gladios,</strong></span> <span class='ocrx_word' id='word_1_745' title='bbox 1239 1883 1273 1916; x_wconf 60' lang='grc' dir='ltr'>Χ</span> <span class='ocrx_word' id='word_1_746' title='bbox 1285 1889 1379 1908; x_wconf 90' lang='lat' dir='ltr'><strong>omnes</strong></span> <span class='ocrx_word' id='word_1_747' title='bbox 1393 1881 1420 1908; x_wconf 92' lang='lat' dir='ltr'><strong>hi</strong></span> <span class='ocrx_word' id='word_1_748' title='bbox 1430 1882 1443 1917; x_wconf 84' lang='lat'><strong>1</strong></span> <span class='ocrx_word' id='word_1_749' title='bbox 1454 1881 1480 1908; x_wconf 88' lang='grc'><em>5.</em></span> <span class='ocrx_word' id='word_1_750' title='bbox 1490 1880 1589 1913; x_wconf 60' lang='lat' dir='ltr'><strong>Persae,</strong></span> <span class='ocrx_word' id='word_1_751' title='bbox 1603 1886 1629 1908; x_wconf 91' lang='lat' dir='ltr'><strong>et</strong></span> <span class='ocrx_word' id='word_1_752' title='bbox 1641 1880 1749 1908; x_wconf 56' lang='lat' dir='ltr'><strong>{Ethio-</strong></span> 
     </span>
    </p>
   </div>
   <div class='ocr_carea' id='block_1_86' title="bbox 963 1925 1748 1962">
    <p class='ocr_par' dir='ltr' id='par_1_86' title="bbox 963 1925 1748 1962">
     <span class='ocr_line' id='line_1_86' title="bbox 963 1925 1748 1962; baseline -0.005 -7"><span class='ocrx_word' id='word_1_753' title='bbox 963 1936 1020 1962; x_wconf 90' lang='lat' dir='ltr'><strong>pes,</strong></span> <span class='ocrx_word' id='word_1_754' title='bbox 1036 1932 1062 1955; x_wconf 87' lang='lat' dir='ltr'><strong>et</strong></span> <span class='ocrx_word' id='word_1_755' title='bbox 1074 1927 1152 1962; x_wconf 79' lang='lat' dir='ltr'><strong>Lydi,</strong></span> <span class='ocrx_word' id='word_1_756' title='bbox 1167 1931 1193 1954; x_wconf 86' lang='lat' dir='ltr'><strong>et</strong></span> <span class='ocrx_word' id='word_1_757' title='bbox 1203 1926 1301 1962; x_wconf 89' lang='lat' dir='ltr'><strong>Libyes</strong></span> <span class='ocrx_word' id='word_1_758' title='bbox 1315 1927 1349 1961; x_wconf 47' lang='grc' dir='ltr'><strong>ἢ(</strong></span> <span class='ocrx_word' id='word_1_759' title='bbox 1366 1933 1428 1953; x_wconf 91' lang='lat' dir='ltr'><strong>cum</strong></span> <span class='ocrx_word' id='word_1_760' title='bbox 1442 1927 1482 1953; x_wconf 91' lang='lat' dir='ltr'><strong>eis</strong></span> <span class='ocrx_word' id='word_1_761' title='bbox 1496 1926 1507 1959; x_wconf 80' lang='lat'><strong>1</strong></span> <span class='ocrx_word' id='word_1_762' title='bbox 1525 1935 1531 1953; x_wconf 90' lang='lat'>:</span> <span class='ocrx_word' id='word_1_763' title='bbox 1549 1933 1643 1952; x_wconf 89' lang='lat' dir='ltr'><strong>omnes</strong></span> <span class='ocrx_word' id='word_1_764' title='bbox 1654 1925 1748 1960; x_wconf 85' lang='lat' dir='ltr'><strong>galeis,</strong></span> 
     </span>
    </p>
   </div>
   <div class='ocr_carea' id='block_1_87' title="bbox 962 1971 1751 2008">
    <p class='ocr_par' dir='ltr' id='par_1_87' title="bbox 962 1971 1751 2008">
     <span class='ocr_line' id='line_1_87' title="bbox 962 1971 1751 2008; baseline -0.004 -7"><span class='ocrx_word' id='word_1_765' title='bbox 962 1978 989 2001; x_wconf 85' lang='lat' dir='ltr'><strong>et</strong></span> <span class='ocrx_word' id='word_1_766' title='bbox 1000 1973 1113 2008; x_wconf 85' lang='lat' dir='ltr'><strong>clypeis,</strong></span> <span class='ocrx_word' id='word_1_767' title='bbox 1125 1973 1152 1999; x_wconf 86' lang='lat'><strong>6.</strong></span> <span class='ocrx_word' id='word_1_768' title='bbox 1165 1971 1276 2004; x_wconf 85' lang='lat' dir='ltr'><strong>Gomer,</strong></span> <span class='ocrx_word' id='word_1_769' title='bbox 1284 1975 1311 1998; x_wconf 85' lang='lat' dir='ltr'><strong>et</strong></span> <span class='ocrx_word' id='word_1_770' title='bbox 1324 1979 1420 1998; x_wconf 92' lang='lat' dir='ltr'><strong>omnes</strong></span> <span class='ocrx_word' id='word_1_771' title='bbox 1431 1971 1477 2006; x_wconf 92' lang='lat' dir='ltr'><strong>qui</strong></span> <span class='ocrx_word' id='word_1_772' title='bbox 1489 1971 1559 2005; x_wconf 91' lang='lat' dir='ltr'><strong>apud</strong></span> <span class='ocrx_word' id='word_1_773' title='bbox 1568 1979 1641 2002; x_wconf 80' lang='lat' dir='ltr'><strong>etim,</strong></span> <span class='ocrx_word' id='word_1_774' title='bbox 1651 1971 1751 1998; x_wconf 83' lang='lat' dir='ltr'><strong>domus</strong></span> 
     </span>
    </p>
   </div>
   <div class='ocr_carea' id='block_1_88' title="bbox 963 2016 1749 2053">
    <p class='ocr_par' dir='ltr' id='par_1_88' title="bbox 963 2016 1749 2053">
     <span class='ocr_line' id='line_1_88' title="bbox 963 2016 1749 2053; baseline -0.003 -8"><span class='ocrx_word' id='word_1_775' title='bbox 963 2018 1115 2053; x_wconf 78' lang='lat' dir='ltr'><strong>Thergama</strong></span> <span class='ocrx_word' id='word_1_776' title='bbox 1130 2017 1164 2045; x_wconf 87' lang='lat' dir='ltr'><strong>ab</strong></span> <span class='ocrx_word' id='word_1_777' title='bbox 1182 2021 1304 2044; x_wconf 80' lang='lat' dir='ltr'><strong>extremo</strong></span> <span class='ocrx_word' id='word_1_778' title='bbox 1317 2017 1453 2052; x_wconf 83' lang='lat' dir='ltr'><strong>aquilonis</strong></span> <span class='ocrx_word' id='word_1_779' title='bbox 1465 2037 1473 2050; x_wconf 94' lang='lat'><strong>,</strong></span> <span class='ocrx_word' id='word_1_780' title='bbox 1491 2016 1529 2052; x_wconf 82' lang='grc' dir='ltr'><strong>(Ῑ)</strong></span> <span class='ocrx_word' id='word_1_781' title='bbox 1546 2021 1573 2044; x_wconf 90' lang='lat' dir='ltr'><strong>et</strong></span> <span class='ocrx_word' id='word_1_782' title='bbox 1588 2023 1682 2043; x_wconf 88' lang='lat' dir='ltr'><strong>omnes</strong></span> <span class='ocrx_word' id='word_1_783' title='bbox 1702 2016 1749 2050; x_wconf 85' lang='lat' dir='ltr'><strong>qui</strong></span> 
     </span>
    </p>
   </div>
   <div class='ocr_carea' id='block_1_89' title="bbox 963 2061 1749 2099">
    <p class='ocr_par' dir='ltr' id='par_1_89' title="bbox 963 2061 1749 2099">
     <span class='ocr_line' id='line_1_89' title="bbox 963 2061 1749 2099; baseline -0.005 -8"><span class='ocrx_word' id='word_1_784' title='bbox 963 2065 1034 2099; x_wconf 90' lang='lat' dir='ltr'><strong>apud</strong></span> <span class='ocrx_word' id='word_1_785' title='bbox 1057 2070 1138 2096; x_wconf 86' lang='lat' dir='ltr'><strong>eum,</strong></span> <span class='ocrx_word' id='word_1_786' title='bbox 1160 2067 1187 2090; x_wconf 89' lang='lat' dir='ltr'><strong>et</strong></span> <span class='ocrx_word' id='word_1_787' title='bbox 1199 2068 1292 2098; x_wconf 88' lang='lat' dir='ltr'><strong>gentes</strong></span> <span class='ocrx_word' id='word_1_788' title='bbox 1307 2063 1399 2089; x_wconf 80' lang='lat' dir='ltr'><strong>multae</strong></span> <span class='ocrx_word' id='word_1_789' title='bbox 1417 2062 1452 2096; x_wconf 85' lang='lat' dir='ltr'><strong>(g)</strong></span> <span class='ocrx_word' id='word_1_790' title='bbox 1464 2070 1524 2089; x_wconf 90' lang='lat' dir='ltr'><strong>cum</strong></span> <span class='ocrx_word' id='word_1_791' title='bbox 1539 2069 1582 2088; x_wconf 91' lang='lat' dir='ltr'><strong>eo.</strong></span> <span class='ocrx_word' id='word_1_792' title='bbox 1601 2061 1625 2088; x_wconf 90' lang='lat'><strong>7.</strong></span> <span class='ocrx_word' id='word_1_793' title='bbox 1644 2061 1749 2096; x_wconf 59' lang='grc'><em>1⁵111³1111-</em></span> 
     </span>
    </p>
   </div>
   <div class='ocr_carea' id='block_1_90' title="bbox 963 2106 1749 2143">
    <p class='ocr_par' dir='ltr' id='par_1_90' title="bbox 963 2106 1749 2143">
     <span class='ocr_line' id='line_1_90' title="bbox 963 2106 1749 2143; baseline -0.006 -6"><span class='ocrx_word' id='word_1_794' title='bbox 963 2117 1035 2142; x_wconf 82' lang='lat' dir='ltr'><strong>rare,</strong></span> <span class='ocrx_word' id='word_1_795' title='bbox 1045 2115 1165 2143; x_wconf 69' lang='lat' dir='ltr'><strong>praepara</strong></span> <span class='ocrx_word' id='word_1_796' title='bbox 1178 2108 1362 2142; x_wconf 85' lang='lat' dir='ltr'><strong>temetipsum,</strong></span> <span class='ocrx_word' id='word_1_797' title='bbox 1376 2112 1415 2140; x_wconf 89' lang='lat' dir='ltr'><strong>tu,</strong></span> <span class='ocrx_word' id='word_1_798' title='bbox 1430 2113 1456 2134; x_wconf 86' lang='lat' dir='ltr'><strong>et</strong></span> <span class='ocrx_word' id='word_1_799' title='bbox 1471 2106 1561 2134; x_wconf 85' lang='lat' dir='ltr'><strong>omnis</strong></span> <span class='ocrx_word' id='word_1_800' title='bbox 1574 2107 1749 2141; x_wconf 80' lang='lat' dir='ltr'><strong>congregatio</strong></span> 
     </span>
    </p>
   </div>
   <div class='ocr_carea' id='block_1_91' title="bbox 964 2151 1750 2189">
    <p class='ocr_par' dir='ltr' id='par_1_91' title="bbox 964 2151 1750 2189">
     <span class='ocr_line' id='line_1_91' title="bbox 964 2151 1750 2189; baseline -0.006 -6"><span class='ocrx_word' id='word_1_801' title='bbox 964 2160 1020 2187; x_wconf 91' lang='lat' dir='ltr'><strong>tua,</strong></span> <span class='ocrx_word' id='word_1_802' title='bbox 1036 2155 1081 2189; x_wconf 90' lang='lat' dir='ltr'><strong>qui</strong></span> <span class='ocrx_word' id='word_1_803' title='bbox 1099 2154 1204 2182; x_wconf 90' lang='lat' dir='ltr'><strong>collecti</strong></span> <span class='ocrx_word' id='word_1_804' title='bbox 1220 2158 1283 2181; x_wconf 87' lang='lat' dir='ltr'><strong>sunt</strong></span> <span class='ocrx_word' id='word_1_805' title='bbox 1297 2157 1398 2186; x_wconf 75' lang='lat' dir='ltr'><strong>tecum,</strong></span> <span class='ocrx_word' id='word_1_806' title='bbox 1413 2157 1440 2180; x_wconf 93' lang='lat' dir='ltr'><strong>et</strong></span> <span class='ocrx_word' id='word_1_807' title='bbox 1460 2153 1514 2180; x_wconf 88' lang='lat' dir='ltr'><strong>eris</strong></span> <span class='ocrx_word' id='word_1_808' title='bbox 1529 2151 1594 2178; x_wconf 88' lang='lat' dir='ltr'><strong>mihi</strong></span> <span class='ocrx_word' id='word_1_809' title='bbox 1618 2152 1645 2178; x_wconf 92' lang='lat' dir='ltr'><strong>in</strong></span> <span class='ocrx_word' id='word_1_810' title='bbox 1656 2155 1750 2178; x_wconf 88' lang='lat' dir='ltr'><strong>custo-</strong></span> 
     </span>
    </p>
   </div>
   <div class='ocr_carea' id='block_1_92' title="bbox 121 2197 1750 2240">
    <p class='ocr_par' dir='ltr' id='par_1_92' title="bbox 121 2197 1750 2240">
     <span class='ocr_line' id='line_1_92' title="bbox 121 2197 1750 2240; baseline -0.007 -5"><span class='ocrx_word' id='word_1_811' title='bbox 121 2206 300 2237; x_wconf 62' lang='lat' dir='ltr'><strong>easiaviccm</strong></span> <span class='ocrx_word' id='word_1_812' title='bbox 316 2206 475 2240; x_wconf 85' lang='lat' dir='ltr'><strong>tibimetipsi</strong></span> <span class='ocrx_word' id='word_1_813' title='bbox 490 2206 517 2232; x_wconf 93' lang='lat' dir='ltr'><strong>in</strong></span> <span class='ocrx_word' id='word_1_814' title='bbox 529 2206 634 2240; x_wconf 87' lang='lat' dir='ltr'><strong>virgam</strong></span> <span class='ocrx_word' id='word_1_815' title='bbox 651 2212 745 2237; x_wconf 89' lang='lat' dir='ltr'><strong>unam,</strong></span> <span class='ocrx_word' id='word_1_816' title='bbox 760 2211 791 2232; x_wconf 79' lang='lat'><strong>+</strong></span> <span class='ocrx_word' id='word_1_817' title='bbox 805 2209 834 2231; x_wconf 94' lang='lat' dir='ltr'><strong>ut</strong></span> <span class='ocrx_word' id='word_1_818' title='bbox 847 2204 913 2238; x_wconf 74' lang='lat' dir='ltr'><strong>ligcs</strong></span> <span class='ocrx_word' id='word_1_819' title='bbox 929 2199 951 2227; x_wconf 88' lang='lat' dir='ltr'><strong>D</strong></span> <span class='ocrx_word' id='word_1_820' title='bbox 965 2201 1048 2229; x_wconf 85' lang='lat' dir='ltr'><strong>diam.</strong></span> <span class='ocrx_word' id='word_1_821' title='bbox 1060 2201 1087 2228; x_wconf 91' lang='lat'><strong>8.</strong></span> <span class='ocrx_word' id='word_1_822' title='bbox 1104 2200 1127 2226; x_wconf 83' lang='lat' dir='ltr'><strong>A</strong></span> <span class='ocrx_word' id='word_1_823' title='bbox 1141 2199 1237 2226; x_wconf 89' lang='lat' dir='ltr'><strong>diebus</strong></span> <span class='ocrx_word' id='word_1_824' title='bbox 1252 2199 1344 2225; x_wconf 89' lang='lat' dir='ltr'><strong>multis</strong></span> <span class='ocrx_word' id='word_1_825' title='bbox 1357 2198 1564 2233; x_wconf 62' lang='lat' dir='ltr'><strong>praeparabitur,</strong></span> <span class='ocrx_word' id='word_1_826' title='bbox 1581 2197 1646 2225; x_wconf 91' lang='lat' dir='ltr'><strong>etin</strong></span> <span class='ocrx_word' id='word_1_827' title='bbox 1660 2202 1750 2224; x_wconf 75' lang='lat' dir='ltr'><strong>extre-</strong></span> 
     </span>
    </p>
   </div>
   <div class='ocr_carea' id='block_1_93' title="bbox 122 2249 914 2286">
    <p class='ocr_par' dir='ltr' id='par_1_93' title="bbox 122 2249 914 2286">
     <span class='ocr_line' id='line_1_93' title="bbox 122 2249 914 2286; baseline -0.004 -7"><span class='ocrx_word' id='word_1_828' title='bbox 122 2257 174 2279; x_wconf 76' lang='lat' dir='ltr'><strong>eae</strong></span> <span class='ocrx_word' id='word_1_829' title='bbox 189 2251 202 2286; x_wconf 72' lang='grc' dir='ltr'>ζ</span> <span class='ocrx_word' id='word_1_830' title='bbox 215 2269 224 2283; x_wconf 86' lang='grc'><em>,</em></span> <span class='ocrx_word' id='word_1_831' title='bbox 239 2255 267 2278; x_wconf 90' lang='lat' dir='ltr'><strong>et</strong></span> <span class='ocrx_word' id='word_1_832' title='bbox 284 2255 366 2278; x_wconf 88' lang='lat' dir='ltr'><strong>erunt</strong></span> <span class='ocrx_word' id='word_1_833' title='bbox 376 2251 403 2278; x_wconf 94' lang='lat' dir='ltr'><strong>in</strong></span> <span class='ocrx_word' id='word_1_834' title='bbox 418 2258 500 2278; x_wconf 89' lang='lat' dir='ltr'><strong>manu</strong></span> <span class='ocrx_word' id='word_1_835' title='bbox 514 2255 571 2278; x_wconf 87' lang='lat' dir='ltr'><strong>tua.</strong></span> <span class='ocrx_word' id='word_1_836' title='bbox 584 2250 628 2277; x_wconf 86' lang='grc'><em>18.</em></span> <span class='ocrx_word' id='word_1_837' title='bbox 644 2250 677 2277; x_wconf 89' lang='grc' dir='ltr'>Ει</span> <span class='ocrx_word' id='word_1_838' title='bbox 690 2250 753 2281; x_wconf 87' lang='lat' dir='ltr'><strong>erit,</strong></span> <span class='ocrx_word' id='word_1_839' title='bbox 766 2257 826 2276; x_wconf 91' lang='lat' dir='ltr'><strong>cum</strong></span> <span class='ocrx_word' id='word_1_840' title='bbox 840 2249 914 2276; x_wconf 84' lang='lat' dir='ltr'><strong>dixe-</strong></span> 
     </span>
    </p>
   </div>
   <div class='ocr_carea' id='block_1_94' title="bbox 111 2295 915 2332">
    <p class='ocr_par' dir='ltr' id='par_1_94' title="bbox 111 2295 915 2332">
     <span class='ocr_line' id='line_1_94' title="bbox 111 2295 915 2332; baseline -0.002 -8"><span class='ocrx_word' id='word_1_841' title='bbox 111 2295 181 2324; x_wconf 56' lang='lat' dir='ltr'><strong>‘rint</strong></span> <span class='ocrx_word' id='word_1_842' title='bbox 195 2296 229 2324; x_wconf 89' lang='lat' dir='ltr'><strong>ad</strong></span> <span class='ocrx_word' id='word_1_843' title='bbox 245 2301 272 2324; x_wconf 92' lang='lat' dir='ltr'><strong>te</strong></span> <span class='ocrx_word' id='word_1_844' title='bbox 286 2297 333 2324; x_wconf 89' lang='grc'><em>11111</em></span> <span class='ocrx_word' id='word_1_845' title='bbox 349 2297 442 2332; x_wconf 88' lang='lat' dir='ltr'><strong>populi</strong></span> <span class='ocrx_word' id='word_1_846' title='bbox 467 2297 505 2324; x_wconf 90' lang='lat' dir='ltr'><strong>tui</strong></span> <span class='ocrx_word' id='word_1_847' title='bbox 519 2316 527 2329; x_wconf 90' lang='lat'><strong>,</strong></span> <span class='ocrx_word' id='word_1_848' title='bbox 551 2298 584 2331; x_wconf 74' lang='grc' dir='ltr'>&gt;κ</span> <span class='ocrx_word' id='word_1_849' title='bbox 598 2297 719 2324; x_wconf 87' lang='lat' dir='ltr'><strong>dicentes</strong></span> <span class='ocrx_word' id='word_1_850' title='bbox 736 2296 747 2330; x_wconf 88' lang='lat'><strong>1</strong></span> <span class='ocrx_word' id='word_1_851' title='bbox 766 2305 773 2322; x_wconf 89' lang='lat'><strong>:</strong></span> <span class='ocrx_word' id='word_1_852' title='bbox 789 2295 849 2323; x_wconf 86' lang='lat' dir='ltr'><strong>Non</strong></span> <span class='ocrx_word' id='word_1_853' title='bbox 865 2303 915 2322; x_wconf 85' lang='lat' dir='ltr'><strong>an-</strong></span> 
     </span>
    </p>
   </div>
   <div class='ocr_carea' id='block_1_95' title="bbox 122 2341 916 2377">
    <p class='ocr_par' dir='ltr' id='par_1_95' title="bbox 122 2341 916 2377">
     <span class='ocr_line' id='line_1_95' title="bbox 122 2341 916 2377; baseline 0.001 -8"><span class='ocrx_word' id='word_1_854' title='bbox 122 2343 238 2370; x_wconf 82' lang='lat' dir='ltr'><strong>nuutias</strong></span> <span class='ocrx_word' id='word_1_855' title='bbox 254 2343 344 2375; x_wconf 92' lang='lat' dir='ltr'><strong>nobis,</strong></span> <span class='ocrx_word' id='word_1_856' title='bbox 362 2343 426 2377; x_wconf 89' lang='lat' dir='ltr'><strong>quid</strong></span> <span class='ocrx_word' id='word_1_857' title='bbox 447 2342 502 2371; x_wconf 87' lang='lat' dir='ltr'><strong>sint</strong></span> <span class='ocrx_word' id='word_1_858' title='bbox 519 2343 576 2370; x_wconf 69' lang='lat' dir='ltr'><strong>haec</strong></span> <span class='ocrx_word' id='word_1_859' title='bbox 600 2342 667 2370; x_wconf 78' lang='lat' dir='ltr'><strong>tibi?</strong></span> <span class='ocrx_word' id='word_1_860' title='bbox 683 2342 724 2369; x_wconf 88' lang='lat' dir='ltr'><strong>I9.</strong></span> <span class='ocrx_word' id='word_1_861' title='bbox 748 2341 780 2369; x_wconf 85' lang='lat' dir='ltr'><strong>Et</strong></span> <span class='ocrx_word' id='word_1_862' title='bbox 792 2342 867 2370; x_wconf 88' lang='lat' dir='ltr'><strong>dices</strong></span> <span class='ocrx_word' id='word_1_863' title='bbox 882 2342 916 2370; x_wconf 76' lang='lat' dir='ltr'><strong>ad</strong></span> 
     </span>
    </p>
   </div>
   <div class='ocr_carea' id='block_1_96' title="bbox 122 2387 916 2422">
    <p class='ocr_par' dir='ltr' id='par_1_96' title="bbox 122 2387 916 2422">
     <span class='ocr_line' id='line_1_96' title="bbox 122 2387 916 2422; baseline -0.003 -6"><span class='ocrx_word' id='word_1_864' title='bbox 122 2396 172 2416; x_wconf 84' lang='lat' dir='ltr'><strong>eos</strong></span> <span class='ocrx_word' id='word_1_865' title='bbox 190 2396 196 2413; x_wconf 93' lang='lat'>:</span> <span class='ocrx_word' id='word_1_866' title='bbox 214 2387 278 2416; x_wconf 73' lang='lat' dir='ltr'><strong>Haec</strong></span> <span class='ocrx_word' id='word_1_867' title='bbox 294 2389 362 2416; x_wconf 86' lang='lat' dir='ltr'><strong>dicit</strong></span> <span class='ocrx_word' id='word_1_868' title='bbox 378 2388 509 2416; x_wconf 87' lang='lat' dir='ltr'><strong>Dominus</strong></span> <span class='ocrx_word' id='word_1_869' title='bbox 526 2388 659 2415; x_wconf 80' lang='lat' dir='ltr'><strong>Dominus</strong></span> <span class='ocrx_word' id='word_1_870' title='bbox 676 2396 682 2414; x_wconf 89' lang='lat'>:</span> <span class='ocrx_word' id='word_1_871' title='bbox 698 2387 768 2414; x_wconf 82' lang='lat' dir='ltr'><strong>Ecce</strong></span> <span class='ocrx_word' id='word_1_872' title='bbox 791 2395 842 2422; x_wconf 86' lang='lat' dir='ltr'><strong>ego</strong></span> <span class='ocrx_word' id='word_1_873' title='bbox 868 2395 916 2415; x_wconf 88' lang='lat' dir='ltr'><strong>su-</strong></span> 
     </span>
    </p>
   </div>
   <div class='ocr_carea' id='block_1_97' title="bbox 124 2432 915 2468">
    <p class='ocr_par' dir='ltr' id='par_1_97' title="bbox 124 2432 915 2468">
     <span class='ocr_line' id='line_1_97' title="bbox 124 2432 915 2468; baseline -0.003 -7"><span class='ocrx_word' id='word_1_874' title='bbox 124 2441 198 2462; x_wconf 87' lang='lat' dir='ltr'><strong>mam</strong></span> <span class='ocrx_word' id='word_1_875' title='bbox 222 2434 324 2461; x_wconf 83' lang='lat' dir='ltr'><strong>tribum</strong></span> <span class='ocrx_word' id='word_1_876' title='bbox 351 2433 464 2468; x_wconf 70' lang='lat' dir='ltr'><strong>Ioseph,</strong></span> <span class='ocrx_word' id='word_1_877' title='bbox 492 2433 594 2468; x_wconf 58' lang='lat' dir='ltr'><strong>quain</strong></span> <span class='ocrx_word' id='word_1_878' title='bbox 616 2440 698 2460; x_wconf 84' lang='lat' dir='ltr'><strong>manu</strong></span> <span class='ocrx_word' id='word_1_879' title='bbox 727 2432 863 2467; x_wconf 73' lang='lat' dir='ltr'><strong>Ephraem,</strong></span> <span class='ocrx_word' id='word_1_880' title='bbox 887 2436 915 2460; x_wconf 88' lang='lat' dir='ltr'><strong>et</strong></span> 
     </span>
    </p>
   </div>
   <div class='ocr_carea' id='block_1_98' title="bbox 123 2477 914 2514">
    <p class='ocr_par' dir='ltr' id='par_1_98' title="bbox 123 2477 914 2514">
     <span class='ocr_line' id='line_1_98' title="bbox 123 2477 914 2514; baseline -0.004 -7"><span class='ocrx_word' id='word_1_881' title='bbox 123 2480 216 2507; x_wconf 86' lang='lat' dir='ltr'><strong>tribus</strong></span> <span class='ocrx_word' id='word_1_882' title='bbox 226 2479 345 2511; x_wconf 88' lang='lat' dir='ltr'><strong>Israelis,</strong></span> <span class='ocrx_word' id='word_1_883' title='bbox 355 2487 415 2513; x_wconf 63' lang='lat' dir='ltr'><strong>quae</strong></span> <span class='ocrx_word' id='word_1_884' title='bbox 429 2479 565 2514; x_wconf 60' lang='lat' dir='ltr'><strong>adjuncta:</strong></span> <span class='ocrx_word' id='word_1_885' title='bbox 575 2483 640 2506; x_wconf 83' lang='lat' dir='ltr'><strong>sunt</strong></span> <span class='ocrx_word' id='word_1_886' title='bbox 653 2479 688 2511; x_wconf 87' lang='lat' dir='ltr'><strong>ei,</strong></span> <span class='ocrx_word' id='word_1_887' title='bbox 699 2478 737 2511; x_wconf 70' lang='lat' dir='ltr'><strong>(Iv)</strong></span> <span class='ocrx_word' id='word_1_888' title='bbox 750 2482 776 2505; x_wconf 85' lang='lat' dir='ltr'><strong>et</strong></span> <span class='ocrx_word' id='word_1_889' title='bbox 786 2477 856 2505; x_wconf 71' lang='lat' dir='ltr'><strong>dabo</strong></span> <span class='ocrx_word' id='word_1_890' title='bbox 867 2484 914 2504; x_wconf 85' lang='lat' dir='ltr'><strong>cos</strong></span> 
     </span>
    </p>
   </div>
   <div class='ocr_carea' id='block_1_99' title="bbox 123 2524 915 2560">
    <p class='ocr_par' dir='ltr' id='par_1_99' title="bbox 123 2524 915 2560">
     <span class='ocr_line' id='line_1_99' title="bbox 123 2524 915 2560; baseline -0.004 -8"><span class='ocrx_word' id='word_1_891' title='bbox 123 2533 207 2560; x_wconf 86' lang='lat' dir='ltr'><strong>super</strong></span> <span class='ocrx_word' id='word_1_892' title='bbox 221 2526 322 2553; x_wconf 89' lang='lat' dir='ltr'><strong>tribum</strong></span> <span class='ocrx_word' id='word_1_893' title='bbox 337 2524 424 2558; x_wconf 74' lang='lat' dir='ltr'><strong>Judae,</strong></span> <span class='ocrx_word' id='word_1_894' title='bbox 443 2529 470 2552; x_wconf 83' lang='lat' dir='ltr'><strong>et</strong></span> <span class='ocrx_word' id='word_1_895' title='bbox 485 2530 566 2552; x_wconf 86' lang='lat' dir='ltr'><strong>erunt</strong></span> <span class='ocrx_word' id='word_1_896' title='bbox 578 2525 605 2551; x_wconf 80' lang='lat' dir='ltr'><strong>in</strong></span> <span class='ocrx_word' id='word_1_897' title='bbox 620 2524 724 2559; x_wconf 86' lang='lat' dir='ltr'><strong>virgam</strong></span> <span class='ocrx_word' id='word_1_898' title='bbox 739 2531 834 2556; x_wconf 83' lang='lat' dir='ltr'><strong>unam,</strong></span> <span class='ocrx_word' id='word_1_899' title='bbox 845 2525 915 2557; x_wconf 70' lang='lat' dir='ltr'><strong>)(et</strong></span> 
     </span>
    </p>
   </div>
   <div class='ocr_carea' id='block_1_100' title="bbox 123 2569 913 2606">
    <p class='ocr_par' dir='ltr' id='par_1_100' title="bbox 123 2569 913 2606">
     <span class='ocr_line' id='line_1_100' title="bbox 123 2569 913 2606; baseline -0.004 -7"><span class='ocrx_word' id='word_1_900' title='bbox 123 2576 206 2599; x_wconf 83' lang='lat' dir='ltr'><strong>erunt</strong></span> <span class='ocrx_word' id='word_1_901' title='bbox 220 2579 305 2599; x_wconf 90' lang='lat' dir='ltr'><strong>unum</strong></span> <span class='ocrx_word' id='word_1_902' title='bbox 325 2572 337 2606; x_wconf 86' lang='lat'><strong>1</strong></span> <span class='ocrx_word' id='word_1_903' title='bbox 361 2571 389 2598; x_wconf 92' lang='lat' dir='ltr'><strong>in</strong></span> <span class='ocrx_word' id='word_1_904' title='bbox 405 2579 488 2598; x_wconf 87' lang='lat' dir='ltr'><strong>manu</strong></span> <span class='ocrx_word' id='word_1_905' title='bbox 502 2570 590 2598; x_wconf 59' lang='lat' dir='ltr'><strong>«Iudae.</strong></span> <span class='ocrx_word' id='word_1_906' title='bbox 604 2570 650 2598; x_wconf 68' lang='lat'><strong>20.</strong></span> <span class='ocrx_word' id='word_1_907' title='bbox 671 2570 706 2597; x_wconf 85' lang='lat' dir='ltr'><strong>Et</strong></span> <span class='ocrx_word' id='word_1_908' title='bbox 727 2574 806 2597; x_wconf 85' lang='lat' dir='ltr'><strong>erunt</strong></span> <span class='ocrx_word' id='word_1_909' title='bbox 821 2569 913 2604; x_wconf 63' lang='lat' dir='ltr'><strong>virgae,</strong></span> 
     </span>
    </p>
   </div>
   <div class='ocr_carea' id='block_1_101' title="bbox 124 2616 913 2653">
    <p class='ocr_par' dir='ltr' id='par_1_101' title="bbox 124 2616 913 2653">
     <span class='ocr_line' id='line_1_101' title="bbox 124 2616 913 2653; baseline -0.003 -9"><span class='ocrx_word' id='word_1_910' title='bbox 124 2626 210 2652; x_wconf 86' lang='lat' dir='ltr'><strong>super</strong></span> <span class='ocrx_word' id='word_1_911' title='bbox 223 2618 327 2653; x_wconf 86' lang='lat' dir='ltr'><strong>quibus</strong></span> <span class='ocrx_word' id='word_1_912' title='bbox 347 2623 376 2646; x_wconf 89' lang='lat' dir='ltr'><strong>tu</strong></span> <span class='ocrx_word' id='word_1_913' title='bbox 392 2617 526 2652; x_wconf 78' lang='lat' dir='ltr'><strong>scripsisti</strong></span> <span class='ocrx_word' id='word_1_914' title='bbox 549 2624 633 2651; x_wconf 79' lang='lat' dir='ltr'><strong>super</strong></span> <span class='ocrx_word' id='word_1_915' title='bbox 649 2616 700 2648; x_wconf 90' lang='lat' dir='ltr'><strong>eis,</strong></span> <span class='ocrx_word' id='word_1_916' title='bbox 721 2616 749 2643; x_wconf 89' lang='lat' dir='ltr'><strong>in</strong></span> <span class='ocrx_word' id='word_1_917' title='bbox 769 2623 852 2643; x_wconf 86' lang='lat' dir='ltr'><strong>manu</strong></span> <span class='ocrx_word' id='word_1_918' title='bbox 867 2619 913 2642; x_wconf 84' lang='lat' dir='ltr'><strong>tua</strong></span> 
     </span>
    </p>
   </div>
   <div class='ocr_carea' id='block_1_102' title="bbox 123 2660 915 2690">
    <p class='ocr_par' dir='ltr' id='par_1_102' title="bbox 123 2660 915 2690">
     <span class='ocr_line' id='line_1_102' title="bbox 123 2660 915 2690; baseline -0.003 -1"><span class='ocrx_word' id='word_1_919' title='bbox 123 2669 218 2689; x_wconf 85' lang='lat' dir='ltr'><strong>coram</strong></span> <span class='ocrx_word' id='word_1_920' title='bbox 239 2662 291 2690; x_wconf 88' lang='lat' dir='ltr'><strong>eis.</strong></span> <span class='ocrx_word' id='word_1_921' title='bbox 307 2661 353 2688; x_wconf 77' lang='lat'><strong>‘21.</strong></span> <span class='ocrx_word' id='word_1_922' title='bbox 382 2661 416 2688; x_wconf 88' lang='lat' dir='ltr'><strong>Et</strong></span> <span class='ocrx_word' id='word_1_923' title='bbox 440 2662 515 2689; x_wconf 89' lang='lat' dir='ltr'><strong>dices</strong></span> <span class='ocrx_word' id='word_1_924' title='bbox 533 2662 574 2690; x_wconf 89' lang='lat' dir='ltr'><strong>eis</strong></span> <span class='ocrx_word' id='word_1_925' title='bbox 592 2669 599 2687; x_wconf 89' lang='lat'><strong>:</strong></span> <span class='ocrx_word' id='word_1_926' title='bbox 616 2660 679 2689; x_wconf 69' lang='lat' dir='ltr'><strong>Haec</strong></span> <span class='ocrx_word' id='word_1_927' title='bbox 692 2661 759 2689; x_wconf 88' lang='lat' dir='ltr'><strong>dicit</strong></span> <span class='ocrx_word' id='word_1_928' title='bbox 782 2660 915 2688; x_wconf 84' lang='lat' dir='ltr'><strong>Dominus</strong></span> 
     </span>
    </p>
   </div>
   <div class='ocr_carea' id='block_1_103' title="bbox 127 2705 915 2743">
    <p class='ocr_par' dir='ltr' id='par_1_103' title="bbox 127 2705 915 2743">
     <span class='ocr_line' id='line_1_103' title="bbox 127 2705 915 2743; baseline -0.003 -8"><span class='ocrx_word' id='word_1_929' title='bbox 127 2707 258 2736; x_wconf 87' lang='lat' dir='ltr'><strong>Dominus</strong></span> <span class='ocrx_word' id='word_1_930' title='bbox 271 2717 278 2735; x_wconf 88' lang='lat'><strong>:</strong></span> <span class='ocrx_word' id='word_1_931' title='bbox 293 2707 364 2735; x_wconf 88' lang='lat' dir='ltr'><strong>Ecce</strong></span> <span class='ocrx_word' id='word_1_932' title='bbox 379 2714 430 2743; x_wconf 91' lang='lat' dir='ltr'><strong>ego</strong></span> <span class='ocrx_word' id='word_1_933' title='bbox 444 2715 523 2735; x_wconf 81' lang='lat' dir='ltr'><strong>sumo</strong></span> <span class='ocrx_word' id='word_1_934' title='bbox 539 2715 647 2735; x_wconf 84' lang='lat' dir='ltr'><strong>omnem</strong></span> <span class='ocrx_word' id='word_1_935' title='bbox 671 2707 782 2735; x_wconf 89' lang='lat' dir='ltr'><strong>domum</strong></span> <span class='ocrx_word' id='word_1_936' title='bbox 808 2705 915 2734; x_wconf 88' lang='lat' dir='ltr'><strong>Israelis</strong></span> 
     </span>
    </p>
   </div>
   <div class='ocr_carea' id='block_1_104' title="bbox 154 2784 909 2823">
    <p class='ocr_par' dir='ltr' id='par_1_104' title="bbox 154 2784 909 2823">
     <span class='ocr_line' id='line_1_104' title="bbox 154 2784 909 2823; baseline -0.017 1"><span class='ocrx_word' id='word_1_937' title='bbox 154 2786 196 2823; x_wconf 69' lang='grc' dir='ltr'><strong>(ν)</strong></span> <span class='ocrx_word' id='word_1_938' title='bbox 223 2785 374 2823; x_wconf 80' lang='lat' dir='ltr'><strong>Introduco</strong></span> <span class='ocrx_word' id='word_1_939' title='bbox 388 2785 415 2823; x_wconf 84' lang='lat' dir='ltr'><strong>i_n</strong></span> <span class='ocrx_word' id='word_1_940' title='bbox 429 2794 488 2823; x_wconf 74' lang='lat' dir='ltr'><strong>yos.</strong></span> <span class='ocrx_word' id='word_1_941' title='bbox 521 2785 610 2823; x_wconf 54' lang='grc' dir='ltr'><strong>(ἢδη</strong></span> <span class='ocrx_word' id='word_1_942' title='bbox 632 2786 693 2818; x_wconf 86' lang='grc' dir='ltr'><em>’1Ἰι.,</em></span> <span class='ocrx_word' id='word_1_943' title='bbox 707 2786 804 2823; x_wconf 85' lang='lat' dir='ltr'><strong>virtus.</strong></span> <span class='ocrx_word' id='word_1_944' title='bbox 845 2784 909 2823; x_wconf 45' lang='lat'><strong>(11)“!</strong></span> 
     </span>
    </p>
   </div>
   <div class='ocr_carea' id='block_1_105' title="bbox 961 2784 1111 2823">
    <p class='ocr_par' dir='ltr' id='par_1_105' title="bbox 961 2788 1111 2823">
     <span class='ocr_line' id='line_1_105' title="bbox 961 2788 1111 2823; baseline -0.02 -13"><span class='ocrx_word' id='word_1_945' title='bbox 961 2788 985 2810; x_wconf 83' lang='lat' dir='ltr'><strong>et</strong></span> <span class='ocrx_word' id='word_1_946' title='bbox 1000 2788 1111 2823; x_wconf 43' lang='lat' dir='ltr'><strong>ponanm.</strong></span> 
     </span>
    </p>
   </div>
   <div class='ocr_carea' id='block_1_106' title="bbox 857 2816 1251 2854">
    <p class='ocr_par' dir='ltr' id='par_1_106' title="bbox 857 2816 1251 2854">
     <span class='ocr_line' id='line_1_106' title="bbox 857 2816 1251 2854; baseline -0.01 -9"><span class='ocrx_word' id='word_1_947' title='bbox 857 2820 895 2854; x_wconf 89' lang='lat' dir='ltr'><strong>(d)</strong></span> <span class='ocrx_word' id='word_1_948' title='bbox 909 2819 948 2848; x_wconf 72' lang='lat'><strong>8..</strong></span> <span class='ocrx_word' id='word_1_949' title='bbox 966 2824 991 2845; x_wconf 87' lang='lat' dir='ltr'><strong>et</strong></span> <span class='ocrx_word' id='word_1_950' title='bbox 1001 2816 1178 2854; x_wconf 65' lang='lat' dir='ltr'><strong>confirmabo</strong></span> <span class='ocrx_word' id='word_1_951' title='bbox 1195 2822 1251 2842; x_wconf 84' lang='lat' dir='ltr'><strong>eos.</strong></span> 
     </span>
    </p>
   </div>
   <div class='ocr_carea' id='block_1_107' title="bbox 717 2851 1204 2890">
    <p class='ocr_par' dir='ltr' id='par_1_107' title="bbox 717 2851 1204 2890">
     <span class='ocr_line' id='line_1_107' title="bbox 717 2851 1204 2890; baseline -0.012 -8"><span class='ocrx_word' id='word_1_952' title='bbox 717 2856 754 2890; x_wconf 77' lang='grc'><em>(11)</em></span> <span class='ocrx_word' id='word_1_953' title='bbox 771 2856 811 2888; x_wconf 70' lang='lat'><strong>8.,</strong></span> <span class='ocrx_word' id='word_1_954' title='bbox 830 2851 930 2882; x_wconf 77' lang='lat' dir='ltr'><strong>subito.</strong></span> <span class='ocrx_word' id='word_1_955' title='bbox 952 2853 1011 2886; x_wconf 77' lang='lat' dir='ltr'><strong>&#39;I&#39;Ii.,</strong></span> <span class='ocrx_word' id='word_1_956' title='bbox 1031 2853 1101 2880; x_wconf 81' lang='lat' dir='ltr'><strong>sicut</strong></span> <span class='ocrx_word' id='word_1_957' title='bbox 1114 2851 1204 2878; x_wconf 86' lang='lat' dir='ltr'><strong>turbo.</strong></span> 
     </span>
    </p>
   </div>
   <div class='ocr_carea' id='block_1_108' title="bbox 123 2819 817 2858">
    <p class='ocr_par' dir='ltr' id='par_1_108' title="bbox 123 2819 817 2858">
     <span class='ocr_line' id='line_1_108' title="bbox 123 2819 817 2858; baseline -0.006 -8"><span class='ocrx_word' id='word_1_958' title='bbox 123 2819 274 2858; x_wconf 62' lang='lat' dir='ltr'><strong>gai&#39;trihus</strong></span> <span class='ocrx_word' id='word_1_959' title='bbox 295 2821 371 2858; x_wconf 78' lang='lat' dir='ltr'><strong>regia</strong></span> <span class='ocrx_word' id='word_1_960' title='bbox 385 2819 472 2858; x_wconf 67' lang='lat' dir='ltr'><strong>Iudae.</strong></span> <span class='ocrx_word' id='word_1_961' title='bbox 512 2819 601 2858; x_wconf 59' lang='grc' dir='ltr'>(ἢδη</span> <span class='ocrx_word' id='word_1_962' title='bbox 616 2821 817 2858; x_wconf 75' lang='lat' dir='ltr'><strong>aversionibus.</strong></span> 
     </span>
    </p>
   </div>
   <div class='ocr_carea' id='block_1_109' title="bbox 122 2856 675 2891">
    <p class='ocr_par' dir='ltr' id='par_1_109' title="bbox 122 2856 675 2891">
     <span class='ocr_line' id='line_1_109' title="bbox 122 2856 675 2891; baseline -0.004 -6"><span class='ocrx_word' id='word_1_963' title='bbox 122 2856 164 2886; x_wconf 76' lang='lat' dir='ltr'><strong>uia</strong></span> <span class='ocrx_word' id='word_1_964' title='bbox 183 2856 379 2885; x_wconf 75' lang='lat' dir='ltr'><strong>SuStcutacula</strong></span> <span class='ocrx_word' id='word_1_965' title='bbox 394 2856 461 2890; x_wconf 76' lang='lat' dir='ltr'><strong>ejus.</strong></span> <span class='ocrx_word' id='word_1_966' title='bbox 503 2857 619 2891; x_wconf 80' lang='lat' dir='ltr'><strong>(glCum</strong></span> <span class='ocrx_word' id='word_1_967' title='bbox 640 2860 675 2884; x_wconf 89' lang='lat' dir='ltr'><strong>te.</strong></span> 
     </span>
    </p>
   </div>
   <div class='ocr_carea' id='block_1_110' title="bbox 964 2243 1750 2278">
    <p class='ocr_par' dir='ltr' id='par_1_110' title="bbox 964 2243 1750 2278">
     <span class='ocr_line' id='line_1_110' title="bbox 964 2243 1750 2278; baseline -0.006 -4"><span class='ocrx_word' id='word_1_968' title='bbox 964 2254 1010 2274; x_wconf 91' lang='lat' dir='ltr'><strong>mo</strong></span> <span class='ocrx_word' id='word_1_969' title='bbox 1020 2253 1154 2273; x_wconf 89' lang='lat' dir='ltr'><strong>annorum</strong></span> <span class='ocrx_word' id='word_1_970' title='bbox 1169 2245 1270 2277; x_wconf 88' lang='lat' dir='ltr'><strong>veniet,</strong></span> <span class='ocrx_word' id='word_1_971' title='bbox 1287 2248 1313 2271; x_wconf 82' lang='lat' dir='ltr'><strong>et</strong></span> <span class='ocrx_word' id='word_1_972' title='bbox 1330 2243 1455 2271; x_wconf 85' lang='lat' dir='ltr'><strong>venietin</strong></span> <span class='ocrx_word' id='word_1_973' title='bbox 1473 2247 1583 2275; x_wconf 87' lang='lat' dir='ltr'><strong>terram,</strong></span> <span class='ocrx_word' id='word_1_974' title='bbox 1606 2251 1666 2278; x_wconf 75' lang='lat' dir='ltr'><strong>qua:</strong></span> <span class='ocrx_word' id='word_1_975' title='bbox 1688 2250 1750 2277; x_wconf 90' lang='lat' dir='ltr'><strong>per-</strong></span> 
     </span>
    </p>
   </div>
   <div class='ocr_carea' id='block_1_111' title="bbox 963 2287 1749 2326">
    <p class='ocr_par' dir='ltr' id='par_1_111' title="bbox 963 2287 1749 2326">
     <span class='ocr_line' id='line_1_111' title="bbox 963 2287 1749 2326; baseline -0.008 -6"><span class='ocrx_word' id='word_1_976' title='bbox 963 2299 1042 2320; x_wconf 85' lang='lat' dir='ltr'><strong>versa</strong></span> <span class='ocrx_word' id='word_1_977' title='bbox 1054 2295 1096 2319; x_wconf 88' lang='lat' dir='ltr'><strong>est</strong></span> <span class='ocrx_word' id='word_1_978' title='bbox 1110 2299 1124 2318; x_wconf 91' lang='lat' dir='ltr'><strong>a</strong></span> <span class='ocrx_word' id='word_1_979' title='bbox 1142 2291 1240 2326; x_wconf 78' lang='lat' dir='ltr'><strong>gladio,</strong></span> <span class='ocrx_word' id='word_1_980' title='bbox 1257 2293 1448 2325; x_wconf 77' lang='lat' dir='ltr'><strong>congregatam</strong></span> <span class='ocrx_word' id='word_1_981' title='bbox 1461 2296 1493 2316; x_wconf 83' lang='lat' dir='ltr'><strong>ex</strong></span> <span class='ocrx_word' id='word_1_982' title='bbox 1507 2288 1633 2323; x_wconf 87' lang='lat' dir='ltr'><strong>gentibus</strong></span> <span class='ocrx_word' id='word_1_983' title='bbox 1645 2287 1749 2320; x_wconf 88' lang='lat' dir='ltr'><strong>multis,</strong></span> 
     </span>
    </p>
   </div>
   <div class='ocr_carea' id='block_1_112' title="bbox 965 2334 1750 2374">
    <p class='ocr_par' dir='ltr' id='par_1_112' title="bbox 965 2334 1750 2374">
     <span class='ocr_line' id='line_1_112' title="bbox 965 2334 1750 2374; baseline -0.009 -8"><span class='ocrx_word' id='word_1_984' title='bbox 965 2346 1048 2374; x_wconf 87' lang='lat' dir='ltr'><strong>super</strong></span> <span class='ocrx_word' id='word_1_985' title='bbox 1057 2343 1158 2365; x_wconf 87' lang='lat' dir='ltr'><strong>terram</strong></span> <span class='ocrx_word' id='word_1_986' title='bbox 1170 2336 1287 2368; x_wconf 87' lang='lat' dir='ltr'><strong>Israelis,</strong></span> <span class='ocrx_word' id='word_1_987' title='bbox 1301 2343 1361 2370; x_wconf 66' lang='lat' dir='ltr'><strong>qua:</strong></span> <span class='ocrx_word' id='word_1_988' title='bbox 1374 2334 1445 2362; x_wconf 84' lang='lat' dir='ltr'><strong>facta</strong></span> <span class='ocrx_word' id='word_1_989' title='bbox 1457 2339 1500 2361; x_wconf 88' lang='lat' dir='ltr'><strong>est</strong></span> <span class='ocrx_word' id='word_1_990' title='bbox 1508 2334 1614 2361; x_wconf 82' lang='lat' dir='ltr'><strong>deserta</strong></span> <span class='ocrx_word' id='word_1_991' title='bbox 1625 2334 1750 2365; x_wconf 88' lang='lat' dir='ltr'><strong>omnino,</strong></span> 
     </span>
    </p>
   </div>
   <div class='ocr_carea' id='block_1_113' title="bbox 964 2380 1751 2419">
    <p class='ocr_par' dir='ltr' id='par_1_113' title="bbox 964 2380 1751 2419">
     <span class='ocr_line' id='line_1_113' title="bbox 964 2380 1751 2419; baseline -0.009 -7"><span class='ocrx_word' id='word_1_992' title='bbox 964 2389 992 2412; x_wconf 81' lang='lat' dir='ltr'><strong>et</strong></span> <span class='ocrx_word' id='word_1_993' title='bbox 1007 2384 1052 2412; x_wconf 88' lang='lat' dir='ltr'><strong>hic</strong></span> <span class='ocrx_word' id='word_1_994' title='bbox 1064 2391 1097 2411; x_wconf 82' lang='lat' dir='ltr'><strong>ex</strong></span> <span class='ocrx_word' id='word_1_995' title='bbox 1112 2383 1239 2419; x_wconf 84' lang='lat' dir='ltr'><strong>gentibus</strong></span> <span class='ocrx_word' id='word_1_996' title='bbox 1253 2382 1338 2409; x_wconf 77' lang='lat' dir='ltr'><strong>exivit</strong></span> <span class='ocrx_word' id='word_1_997' title='bbox 1349 2401 1357 2414; x_wconf 94' lang='lat'><strong>,</strong></span> <span class='ocrx_word' id='word_1_998' title='bbox 1372 2386 1399 2408; x_wconf 91' lang='lat' dir='ltr'><strong>et</strong></span> <span class='ocrx_word' id='word_1_999' title='bbox 1415 2380 1578 2408; x_wconf 77' lang='lat' dir='ltr'><strong>habitabant</strong></span> <span class='ocrx_word' id='word_1_1000' title='bbox 1591 2387 1673 2413; x_wconf 87' lang='lat' dir='ltr'><strong>super</strong></span> <span class='ocrx_word' id='word_1_1001' title='bbox 1686 2386 1751 2413; x_wconf 82' lang='lat' dir='ltr'><strong>pace</strong></span> 
     </span>
    </p>
   </div>
   <div class='ocr_carea' id='block_1_114' title="bbox 968 2425 1752 2462">
    <p class='ocr_par' dir='ltr' id='par_1_114' title="bbox 968 2425 1752 2462">
     <span class='ocr_line' id='line_1_114' title="bbox 968 2425 1752 2462; baseline -0.009 -4"><span class='ocrx_word' id='word_1_1002' title='bbox 968 2437 1074 2459; x_wconf 83' lang='lat' dir='ltr'><strong>omnes.</strong></span> <span class='ocrx_word' id='word_1_1003' title='bbox 1089 2429 1116 2456; x_wconf 85' lang='lat'><strong>9.</strong></span> <span class='ocrx_word' id='word_1_1004' title='bbox 1134 2429 1168 2456; x_wconf 88' lang='lat' dir='ltr'><strong>Et</strong></span> <span class='ocrx_word' id='word_1_1005' title='bbox 1185 2427 1320 2455; x_wconf 82' lang='lat' dir='ltr'><strong>ascendes</strong></span> <span class='ocrx_word' id='word_1_1006' title='bbox 1342 2427 1381 2462; x_wconf 87' lang='grc'><em>(11)</em></span> <span class='ocrx_word' id='word_1_1007' title='bbox 1403 2427 1473 2454; x_wconf 86' lang='lat' dir='ltr'><strong>sicut</strong></span> <span class='ocrx_word' id='word_1_1008' title='bbox 1498 2425 1600 2460; x_wconf 78' lang='lat' dir='ltr'><strong>pluvia,</strong></span> <span class='ocrx_word' id='word_1_1009' title='bbox 1623 2429 1650 2452; x_wconf 87' lang='lat' dir='ltr'><strong>et</strong></span> <span class='ocrx_word' id='word_1_1010' title='bbox 1659 2425 1752 2452; x_wconf 82' lang='lat' dir='ltr'><strong>venies</strong></span> 
     </span>
    </p>
   </div>
   <div class='ocr_carea' id='block_1_115' title="bbox 968 2469 1752 2507">
    <p class='ocr_par' dir='ltr' id='par_1_115' title="bbox 968 2469 1752 2507">
     <span class='ocr_line' id='line_1_115' title="bbox 968 2469 1752 2507; baseline -0.01 -4"><span class='ocrx_word' id='word_1_1011' title='bbox 968 2475 1040 2503; x_wconf 90' lang='lat' dir='ltr'><strong>sicut</strong></span> <span class='ocrx_word' id='word_1_1012' title='bbox 1053 2474 1149 2506; x_wconf 85' lang='lat' dir='ltr'><strong>nubes,</strong></span> <span class='ocrx_word' id='word_1_1013' title='bbox 1167 2477 1194 2500; x_wconf 86' lang='lat' dir='ltr'><strong>et</strong></span> <span class='ocrx_word' id='word_1_1014' title='bbox 1208 2472 1316 2507; x_wconf 83' lang='lat' dir='ltr'><strong>operies</strong></span> <span class='ocrx_word' id='word_1_1015' title='bbox 1330 2476 1440 2503; x_wconf 88' lang='lat' dir='ltr'><strong>terram,</strong></span> <span class='ocrx_word' id='word_1_1016' title='bbox 1454 2475 1481 2498; x_wconf 89' lang='lat' dir='ltr'><strong>et</strong></span> <span class='ocrx_word' id='word_1_1017' title='bbox 1495 2469 1578 2497; x_wconf 86' lang='lat' dir='ltr'><strong>cades</strong></span> <span class='ocrx_word' id='word_1_1018' title='bbox 1590 2474 1629 2501; x_wconf 91' lang='lat' dir='ltr'><strong>tu,</strong></span> <span class='ocrx_word' id='word_1_1019' title='bbox 1645 2473 1672 2496; x_wconf 92' lang='lat' dir='ltr'><strong>et</strong></span> <span class='ocrx_word' id='word_1_1020' title='bbox 1692 2476 1752 2496; x_wconf 90' lang='lat' dir='ltr'><strong>om-</strong></span> 
     </span>
    </p>
   </div>
   <div class='ocr_carea' id='block_1_116' title="bbox 968 2513 1752 2554">
    <p class='ocr_par' dir='ltr' id='par_1_116' title="bbox 968 2513 1752 2554">
     <span class='ocr_line' id='line_1_116' title="bbox 968 2513 1752 2554; baseline -0.008 -6"><span class='ocrx_word' id='word_1_1021' title='bbox 968 2528 1027 2553; x_wconf 82' lang='lat' dir='ltr'><strong>nes,</strong></span> <span class='ocrx_word' id='word_1_1022' title='bbox 1043 2520 1089 2554; x_wconf 90' lang='lat' dir='ltr'><strong>qui</strong></span> <span class='ocrx_word' id='word_1_1023' title='bbox 1104 2519 1174 2554; x_wconf 80' lang='lat' dir='ltr'><strong>apud</strong></span> <span class='ocrx_word' id='word_1_1024' title='bbox 1189 2523 1225 2549; x_wconf 86' lang='lat' dir='ltr'><strong>te,</strong></span> <span class='ocrx_word' id='word_1_1025' title='bbox 1243 2522 1270 2545; x_wconf 88' lang='lat' dir='ltr'><strong>et</strong></span> <span class='ocrx_word' id='word_1_1026' title='bbox 1283 2521 1376 2552; x_wconf 85' lang='lat' dir='ltr'><strong>gentes</strong></span> <span class='ocrx_word' id='word_1_1027' title='bbox 1393 2516 1485 2543; x_wconf 62' lang='lat' dir='ltr'><strong>multa!</strong></span> <span class='ocrx_word' id='word_1_1028' title='bbox 1499 2523 1562 2543; x_wconf 87' lang='lat' dir='ltr'><strong>eum</strong></span> <span class='ocrx_word' id='word_1_1029' title='bbox 1579 2519 1614 2542; x_wconf 90' lang='lat' dir='ltr'><strong>te.</strong></span> <span class='ocrx_word' id='word_1_1030' title='bbox 1631 2514 1672 2542; x_wconf 90' lang='lat' dir='ltr'><strong>I0.</strong></span> <span class='ocrx_word' id='word_1_1031' title='bbox 1690 2513 1752 2542; x_wconf 62' lang='lat' dir='ltr'><strong>Hac</strong></span> 
     </span>
    </p>
   </div>
   <div class='ocr_carea' id='block_1_117' title="bbox 967 2561 1754 2594">
    <p class='ocr_par' dir='ltr' id='par_1_117' title="bbox 967 2561 1754 2594">
     <span class='ocr_line' id='line_1_117' title="bbox 967 2561 1754 2594; baseline -0.01 0"><span class='ocrx_word' id='word_1_1032' title='bbox 967 2567 1033 2594; x_wconf 91' lang='lat' dir='ltr'><strong>dicit</strong></span> <span class='ocrx_word' id='word_1_1033' title='bbox 1047 2565 1180 2593; x_wconf 83' lang='lat' dir='ltr'><strong>Dominus</strong></span> <span class='ocrx_word' id='word_1_1034' title='bbox 1192 2563 1325 2592; x_wconf 90' lang='lat' dir='ltr'><strong>Dominus</strong></span> <span class='ocrx_word' id='word_1_1035' title='bbox 1342 2562 1393 2589; x_wconf 84' lang='lat' dir='ltr'><strong>:Et</strong></span> <span class='ocrx_word' id='word_1_1036' title='bbox 1407 2562 1459 2589; x_wconf 89' lang='lat' dir='ltr'><strong>erit</strong></span> <span class='ocrx_word' id='word_1_1037' title='bbox 1471 2561 1499 2588; x_wconf 91' lang='lat' dir='ltr'><strong>in</strong></span> <span class='ocrx_word' id='word_1_1038' title='bbox 1516 2562 1559 2589; x_wconf 87' lang='lat' dir='ltr'><strong>die</strong></span> <span class='ocrx_word' id='word_1_1039' title='bbox 1575 2561 1640 2592; x_wconf 92' lang='lat' dir='ltr'><strong>illo,</strong></span> <span class='ocrx_word' id='word_1_1040' title='bbox 1656 2567 1754 2588; x_wconf 74' lang='lat' dir='ltr'><strong>escen-</strong></span> 
     </span>
    </p>
   </div>
   <div class='ocr_carea' id='block_1_118' title="bbox 967 2607 1753 2646">
    <p class='ocr_par' dir='ltr' id='par_1_118' title="bbox 967 2607 1753 2646">
     <span class='ocr_line' id='line_1_118' title="bbox 967 2607 1753 2646; baseline -0.01 -6"><span class='ocrx_word' id='word_1_1041' title='bbox 967 2614 1032 2641; x_wconf 89' lang='lat' dir='ltr'><strong>dent</strong></span> <span class='ocrx_word' id='word_1_1042' title='bbox 1046 2612 1128 2640; x_wconf 81' lang='lat' dir='ltr'><strong>verba</strong></span> <span class='ocrx_word' id='word_1_1043' title='bbox 1145 2619 1227 2646; x_wconf 88' lang='lat' dir='ltr'><strong>super</strong></span> <span class='ocrx_word' id='word_1_1044' title='bbox 1237 2618 1284 2638; x_wconf 91' lang='lat' dir='ltr'><strong>cor</strong></span> <span class='ocrx_word' id='word_1_1045' title='bbox 1293 2615 1381 2642; x_wconf 86' lang='lat' dir='ltr'><strong>tuum,</strong></span> <span class='ocrx_word' id='word_1_1046' title='bbox 1391 2613 1418 2637; x_wconf 86' lang='lat' dir='ltr'><strong>et</strong></span> <span class='ocrx_word' id='word_1_1047' title='bbox 1432 2607 1564 2644; x_wconf 82' lang='lat' dir='ltr'><strong>cogitabis</strong></span> <span class='ocrx_word' id='word_1_1048' title='bbox 1574 2607 1753 2642; x_wconf 80' lang='lat' dir='ltr'><strong>cogitationes</strong></span> 
     </span>
    </p>
   </div>
   <div class='ocr_carea' id='block_1_119' title="bbox 968 2651 1756 2689">
    <p class='ocr_par' dir='ltr' id='par_1_119' title="bbox 968 2651 1756 2689">
     <span class='ocr_line' id='line_1_119' title="bbox 968 2651 1756 2689; baseline -0.008 -5"><span class='ocrx_word' id='word_1_1049' title='bbox 968 2658 1065 2689; x_wconf 85' lang='lat' dir='ltr'><strong>malas,</strong></span> <span class='ocrx_word' id='word_1_1050' title='bbox 1081 2656 1124 2684; x_wconf 87' lang='grc'><strong>11.</strong></span> <span class='ocrx_word' id='word_1_1051' title='bbox 1141 2660 1169 2683; x_wconf 90' lang='lat' dir='ltr'><strong>et</strong></span> <span class='ocrx_word' id='word_1_1052' title='bbox 1178 2655 1252 2683; x_wconf 84' lang='lat' dir='ltr'><strong>dices</strong></span> <span class='ocrx_word' id='word_1_1053' title='bbox 1265 2665 1273 2683; x_wconf 91' lang='lat'><strong>:</strong></span> <span class='ocrx_word' id='word_1_1054' title='bbox 1286 2654 1437 2684; x_wconf 80' lang='lat' dir='ltr'><strong>Aseeudam</strong></span> <span class='ocrx_word' id='word_1_1055' title='bbox 1451 2660 1533 2688; x_wconf 87' lang='lat' dir='ltr'><strong>super</strong></span> <span class='ocrx_word' id='word_1_1056' title='bbox 1543 2657 1642 2680; x_wconf 86' lang='lat' dir='ltr'><strong>terram</strong></span> <span class='ocrx_word' id='word_1_1057' title='bbox 1659 2651 1756 2687; x_wconf 79' lang='lat' dir='ltr'><strong>expul-</strong></span> 
     </span>
    </p>
   </div>
   <div class='ocr_carea' id='block_1_120' title="bbox 968 2697 1754 2736">
    <p class='ocr_par' dir='ltr' id='par_1_120' title="bbox 968 2697 1754 2736">
     <span class='ocr_line' id='line_1_120' title="bbox 968 2697 1754 2736; baseline -0.011 -4"><span class='ocrx_word' id='word_1_1058' title='bbox 968 2711 1039 2736; x_wconf 85' lang='lat' dir='ltr'><strong>sam,</strong></span> <span class='ocrx_word' id='word_1_1059' title='bbox 1055 2702 1162 2730; x_wconf 80' lang='lat' dir='ltr'><strong>veniam</strong></span> <span class='ocrx_word' id='word_1_1060' title='bbox 1177 2709 1259 2736; x_wconf 90' lang='lat' dir='ltr'><strong>super</strong></span> <span class='ocrx_word' id='word_1_1061' title='bbox 1273 2701 1445 2736; x_wconf 80' lang='lat' dir='ltr'><strong>quieecentcs</strong></span> <span class='ocrx_word' id='word_1_1062' title='bbox 1458 2699 1487 2727; x_wconf 88' lang='lat' dir='ltr'><strong>in</strong></span> <span class='ocrx_word' id='word_1_1063' title='bbox 1510 2699 1612 2734; x_wconf 85' lang='lat' dir='ltr'><strong>quiete,</strong></span> <span class='ocrx_word' id='word_1_1064' title='bbox 1635 2702 1662 2725; x_wconf 86' lang='lat' dir='ltr'><strong>et</strong></span> <span class='ocrx_word' id='word_1_1065' title='bbox 1675 2697 1754 2725; x_wconf 86' lang='lat' dir='ltr'><strong>habi-</strong></span> 
     </span>
    </p>
   </div>
   <div class='ocr_carea' id='block_1_121' title="bbox 1155 2775 1754 2814">
    <p class='ocr_par' dir='ltr' id='par_1_121' title="bbox 1155 2775 1754 2814">
     <span class='ocr_line' id='line_1_121' title="bbox 1155 2775 1754 2814; baseline -0.013 -7"><span class='ocrx_word' id='word_1_1066' title='bbox 1155 2779 1191 2814; x_wconf 82' lang='lat' dir='ltr'><strong>(b)</strong></span> <span class='ocrx_word' id='word_1_1067' title='bbox 1213 2779 1255 2810; x_wconf 87' lang='lat' dir='ltr'><strong>S.,</strong></span> <span class='ocrx_word' id='word_1_1068' title='bbox 1267 2783 1293 2806; x_wconf 92' lang='lat' dir='ltr'><strong>et</strong></span> <span class='ocrx_word' id='word_1_1069' title='bbox 1309 2778 1379 2806; x_wconf 83' lang='lat' dir='ltr'><strong>dabo</strong></span> <span class='ocrx_word' id='word_1_1070' title='bbox 1393 2786 1440 2805; x_wconf 87' lang='lat' dir='ltr'><strong>eas</strong></span> <span class='ocrx_word' id='word_1_1071' title='bbox 1457 2785 1520 2805; x_wconf 87' lang='lat' dir='ltr'><strong>cum</strong></span> <span class='ocrx_word' id='word_1_1072' title='bbox 1535 2777 1641 2814; x_wconf 73' lang='lat' dir='ltr'><strong>illa,___ut</strong></span> <span class='ocrx_word' id='word_1_1073' title='bbox 1654 2775 1754 2801; x_wconf 57' lang='grc'><em>11111111-</em></span> 
     </span>
    </p>
   </div>
   <div class='ocr_carea' id='block_1_122' title="bbox 1292 2811 1753 2848">
    <p class='ocr_par' dir='ltr' id='par_1_122' title="bbox 1292 2811 1753 2848">
     <span class='ocr_line' id='line_1_122' title="bbox 1292 2811 1753 2848; baseline -0.011 -9"><span class='ocrx_word' id='word_1_1074' title='bbox 1292 2814 1324 2848; x_wconf 81' lang='lat' dir='ltr'><strong>(e)</strong></span> <span class='ocrx_word' id='word_1_1075' title='bbox 1342 2813 1500 2845; x_wconf 88' lang='lat' dir='ltr'><strong>S.,ordina.</strong></span> <span class='ocrx_word' id='word_1_1076' title='bbox 1539 2811 1642 2845; x_wconf 76' lang='grc' dir='ltr'><strong>([)ΊἸι.,</strong></span> <span class='ocrx_word' id='word_1_1077' title='bbox 1656 2815 1681 2836; x_wconf 90' lang='lat' dir='ltr'><strong>et</strong></span> <span class='ocrx_word' id='word_1_1078' title='bbox 1695 2817 1753 2836; x_wconf 62' lang='lat' dir='ltr'><strong>om.</strong></span> 
     </span>
    </p>
   </div>
  </div>
