1959 3079
200 106 267 136 27,57

746 101 858 130 CODEX
880 99 1272 129 SYRIACO-HEXAPL.\RIS.

1757 101 1827 130 27η

199 170 288 193 tantes
309 172 390 200 super
408 170 491 199 pace.
508 170 603 192 omnes
629 162 814 190 inhabitantes
830 165 942 192 terram,
959 160 985 186 in
1001 162 1024 190 Α
1038 159 1132 187 dextra
1144 165 1202 191 tua,
1219 164 1246 186 ct
1259 158 1384 194 dejieiam
1402 163 1427 187 te
1437 158 1464 187 4.
1481 166 1562 194 super
1579 163 1686 188 montes
1706 158 1826 196 lsraelis,

199 219 253 247 qua
268 219 322 238 non
336 215 494 243 estmurus,
508 217 596 244 neque
610 212 712 242 vectes,
720 211 748 236 et
758 211 843 242 porta:
858 213 912 233 non
923 210 987 233 sunt

198 258 250 291 eis,
267 257 310 284 l2.
326 256 359 284 ad
388 256 580 293 captivandum
608 254 802 290 captivitatem,
822 257 849 280 et
869 252 901 280 ad
918 259 987 287 prae-

199 303 319 330 dandum
340 302 583 337 praedamleorum,
598 300 633 327 ad
645 298 858 327 convertendum
875 305 985 324 manum

200 356 288 376 meam
307 350 332 375 in
351 353 451 374 terram
475 345 640 377 desolatam,
668 352 729 379 quae
748 343 871 371 habitata
888 348 946 376 est,
960 348 988 370 et

200 402 282 430 super
295 398 401 428 gentem
417 397 608 427 congregatam
619 399 653 418 ex
669 390 795 426 gentibus
815 390 919 421 multis,
939 389 986 424 qui

201 440 325 467 fecerunt
341 438 540 474 possessiones,
553 438 586 471 χ
603 441 630 464 et
645 436 853 471 acquisitionem
869 436 893 471 ζ,
909 435 987 462 habi-

200 491 287 513 tantes
300 493 382 519 super
397 485 557 512 umbilicum
577 489 665 511 terras.
682 483 725 511 l5.
743 482 825 516 Saba,
843 488 869 510 et
883 482 986 513 Dadan,

199 536 227 558 et
247 532 427 566 negotiatores
451 530 679 566 Carthaginenses
692 549 700 561 ,
715 530 746 565 (ἱ)
761 533 788 557 et
808 537 903 557 omnes
919 529 988 556 villae

200 585 296 605 eorum
312 578 403 605 dicent
415 577 461 604 tibi
473 586 479 604 :
493 577 680 611 Captivitatem
695 576 727 603 ad
742 576 876 610 captivam
890 575 990 603 ducen-

201 624 261 650 dam
280 628 308 650 tu
320 623 407 654 venis,
426 629 452 649 ct
469 622 500 649 ad
524 620 701 656 praedandum
717 620 834 655 praedam
848 628 855 645 :
874 627 988 654 congre-

201 669 270 703 gasti
285 668 522 702 congregationem
537 672 622 698 tuam,
636 666 669 693 ad
681 665 829 692 tollendum
845 669 986 700 argentum

200 719 347 746 claurum,
363 713 395 740 ad
411 713 607 748 acquirendum
620 711 846 746 acquisitionem,
865 711 898 738 ad
917 717 987 745 pra:—

200 759 318 786 tlandum
337 758 454 793 praedam
473 759 507 792 χ(
519 757 555 793 (k)
576 764 700 792 magnam
715 758 739 791 ζ.
756 757 799 784 Η.
812 755 924 790 Propter
937 755 988 782 hoc

200 806 340 840 propheta,
359 805 396 832 lili
421 805 548 836 hominis,
567 809 593 831 ct
614 804 657 831 dic
680 804 712 830 ad
742 802 820 837 Gog:
844 801 908 829 Haec
922 801 988 829 dicit

1037 210 1065 233 et
1081 205 1162 233 cades
1180 210 1220 237 tu,
1233 210 1259 233 et
1275 212 1381 237 Omnes.
1394 205 1440 240 qui
1453 206 1525 241 apud
1541 211 1577 238 te,
1593 210 1620 234 et
1636 210 1742 241 gentes,
1767 215 1826 242 qua

1037 257 1100 276 eum
1117 254 1143 277 te
1155 270 1162 281 ,
1187 249 1326 277 dabuntur
1347 250 1374 277 in
1393 250 1596 279 multitudinem
1617 252 1708 279 avium
1722 271 1731 284 ,
1752 253 1826 280 omni

1039 295 1152 327 volucri,
1165 299 1192 322 et
1202 295 1330 323 omnibus
1344 295 1439 323 bestiis
1457 297 1546 331 campi
1561 297 1623 324 dedi
1647 301 1675 325 te
1696 298 1731 325 ad
1746 298 1825 325 devo-

1039 340 1165 367 randum.
1179 341 1205 368 5.
1221 340 1309 375 Super
1328 341 1398 370 facie
1414 342 1502 377 campi
1519 342 1613 374 cades.
1638 344 1703 378 quia
1715 351 1768 379 ego
1788 343 1827 372 lo-

1038 390 1118 413 cutus
1135 393 1208 419 sum,
1223 386 1289 414 dicit
1309 385 1444 415 Dominus
1459 387 1601 415 Dominus.
1618 389 1645 416 ϐ.
1669 388 1703 416 Et
1719 389 1825 416 mittam

1039 430 1128 465 ignem
1142 438 1225 465 super
1247 430 1353 466 Magog,
1370 435 1398 459 et
1418 432 1614 460 habitabuntur
1636 433 1733 460 insulae
1745 442 1826 469 super

1038 483 1114 510 pace,
1130 481 1158 503 et
1174 476 1270 509 scient,
1283 476 1354 511 quod
1369 484 1420 512 ego
1439 485 1500 505 sum
1519 479 1662 506 Dominus.
1682 479 1709 506 7.
1725 479 1760 506 Ει
1777 488 1826 508 no-

1040 529 1099 548 men
1112 527 1237 549 sanctum
1249 530 1339 550 meum
1353 523 1504 552 innotescet
1520 525 1548 552 in
1567 526 1656 552 medio
1667 526 1762 560 populi
1773 527 1825 554 mei

1039 566 1157 600 lsraelis,
1169 573 1195 595 et
1214 576 1267 595 non
1293 569 1430 604 polluetur
1458 577 1558 597 nomen
1583 575 1708 598 sanctum
1735 580 1825 600 meum

1039 615 1166 649 amplius,
1186 619 1213 642 et
1229 614 1316 642 scient
1332 614 1368 651 (ο)
1385 620 1488 650 gentes,
1497 617 1568 650 quod
1584 625 1634 652 ego
1657 626 1718 646 sum
1732 618 1827 646 Domi-

1040 667 1091 686 nus
1106 665 1218 687 sanctus
1234 659 1351 688 Israelis.
1368 661 1395 688 8.
1411 661 1480 689 Ecce
1498 663 1581 695 venit,
1598 668 1626 690 et
1651 664 1732 697 scies,
1753 665 1826 698 quod

1039 707 1100 737 erit,
1121 706 1187 734 dicit
1205 706 1242 742 (p)
1259 706 1390 735 Dominus
1410 708 1550 736 Dominus.
1569 709 1619 736 llic
1643 715 1687 738 est
1711 711 1782 743 dies,
1800 712 1827 739 in

1039 760 1094 787 quo
1112 753 1217 780 locutus
1228 761 1299 781 sum.
1309 753 1335 780 9.
1350 753 1529 789 Egredientur
1542 755 1697 784 habitantes
1707 756 1734 783 in
1751 757 1827 784 urbi<

1040 799 1091 827 bus
1107 799 1226 832 Israelis.,
1243 801 1276 834 Χ
1294 804 1323 826 et
1336 800 1481 828 incendent
1500 801 1510 835 ζ
1529 805 1556 829 et
1570 802 1733 829 comburent
1743 802 1771 829 in
1784 810 1828 829 ar-

201 851 333 879 liominus
350 850 483 878 Dominus
501 858 508 876 :
522 849 616 877 Nonne
635 849 661 876 in
675 850 718 876 die
736 849 790 883 illo,
808 856 869 876 eum
883 847 989 874 habita—
1005 842 1026 870 Β
1040 844 1102 877 mis,
1126 845 1152 872 in
1175 845 1287 880 clypeis,
1303 850 1330 872 et
1346 846 1372 873 in
1395 846 1508 879 lanceis,
1523 851 1550 874 et
1565 847 1592 874 in
1608 848 1738 881 arcubus,
1754 853 1782 876 et
1799 849 1826 876 in

201 898 270 924 verit
283 897 397 931 populus
413 903 489 923 meus
508 895 588 922 Israel
614 902 695 929 super
716 901 793 929 pace,
812 893 926 929 surges?
946 893 986 919 15.

199 941 234 969 Et
247 941 338 969 venies
352 949 384 969 ex
399 941 458 969 loco
475 945 521 968 tuo
539 941 573 967 ab
585 945 707 976 extremo
719 939 865 975 aquilonis,
881 943 908 966 et
922 945 989 973 gen-

199 991 242 1015 ιρε
268 986 360 1014 multae
384 994 446 1014 cum
465 991 510 1014 te:
539 993 699 1013 θςεεηεοτεδ
721 993 855 1020 equorum
880 991 986 1017 omnes,

198 1032 374 1068 congregatio
390 1039 498 1067 magna,
508 1037 534 1059 et
547 1031 633 1058 virtus
646 1031 741 1058 multa.
753 1031 796 1058 l6.
808 1030 842 1058 Et
857 1030 988 1057 ascendes

199 1086 282 1113 super
303 1077 431 1113 populum
459 1085 549 1104 meum
578 1077 722 1109 lsraelem,
747 1076 819 1103 sicut
835 1075 932 1108 nubes,
958 1079 988 1103 ut

198 1125 307 1159 operias
329 1128 428 1151 terram
443 1131 450 1150 :
468 1124 496 1150 in
511 1128 635 1151 extremo
654 1123 759 1151 dierum
774 1123 836 1155 erit,
859 1126 888 1149 et
901 1121 988 1149 addu-

199 1179 258 1198 cam
273 1175 298 1198 te
312 1177 395 1206 super
410 1176 509 1197 terram
527 1174 612 1202 tuam,
628 1173 658 1196 ut
672 1169 761 1197 sciant
782 1175 878 1196 omnes
892 1171 987 1203 gentes

201 1224 253 1246 me.
282 1223 345 1243 cum
377 1215 564 1243 sanctilicatus
592 1214 669 1242 fuero
701 1214 728 1241 in
758 1218 784 1241 te
807 1220 899 1241 coram
927 1213 987 1245 eis,

200 1265 233 1297 >ε<
249 1263 306 1297 Gog
323 1263 345 1297 ζ.
365 1262 406 1288 l7.
429 1261 491 1289 "th
514 1261 581 1289 dicit
605 1261 737 1288 Dominus
757 1260 890 1287 Dominus
909 1267 940 1287 σιμ
953 1259 987 1286 ad

199 1309 258 1344 Gog
272 1308 298 1343 ξε
315 1308 354 1335 Tu
370 1315 410 1340 es,
423 1308 456 1335 de
471 1316 525 1343 quo
539 1308 646 1336 loeutus
657 1314 717 1335 sum
731 1311 793 1333 ante
809 1306 876 1339 dies,
897 1305 988 1341 quiab

199 1357 322 1390 antiquo,
333 1363 380 1390 per
393 1362 503 1382 manum
531 1361 673 1381 servorum
692 1360 814 1380 meorum
843 1352 988 1387 propheta-

200 1409 261 1429 rum
277 1401 394 1433 lsraelis,
409 1402 443 1435 )K
459 1400 506 1435 qui
521 1400 532 1435 ζ
546 1399 743 1434 prophetarum
758 1398 785 1425 in
806 1398 903 1426 diebus
915 1398 986 1430 istis,

199 1452 226 1474 tt
241 1449 331 1479 annis,
352 1451 382 1474 ut
401 1446 563 1473 adducerem
585 1449 611 1472 te
622 1453 704 1479 super
719 1452 778 1472 eos.
791 1444 834 1471 l8.
850 1444 883 1471 Et
897 1444 950 1471 erit
961 1444 986 1471 in

199 1493 244 1520 die
263 1490 310 1519 illo
323 1512 330 1525 ,
356 1492 383 1518 in
401 1491 445 1518 dic
460 1511 467 1523 ,
494 1498 549 1526 quo
566 1490 670 1517 venerit
689 1489 746 1523 Gog
775 1496 858 1523 super
888 1493 986 1515 terram

201 1538 318 1568 lsraelis.
336 1537 403 1564 dicit
427 1536 559 1563 Dominus
588 1535 731 1567 Dominus,
761 1534 888 1561 ascendet
912 1533 989 1560 furor

201 1592 278 1613 meus
289 1585 323 1618 Χ
333 1584 360 1611 in
377 1583 417 1610 ira
429 1590 489 1610 mea
502 1581 526 1616 ζ.
537 1581 580 1609 l9.
593 1585 620 1608 ct
636 1581 712 1608 zelus
727 1587 816 1613 meus,
827 1580 853 1607 in
867 1579 929 1615 igne
942 1579 990 1606 ira:

200 1639 268 1658 meae
290 1630 399 1657 locutus
415 1636 486 1661 sum,
503 1627 555 1655 nisi
571 1626 599 1654 in
621 1626 665 1654 die
689 1626 737 1654 illo
765 1626 818 1654 erit
841 1625 989 1653 commotio

201 1681 299 1710 magna
312 1681 394 1708 super
408 1677 479 1700 terra
491 1671 609 1704 Israelis,
624 1671 670 1699 ‘20.
681 1674 708 1697 et
719 1671 964 1698 commovebuntur
973 1677 990 1697 a

201 1720 269 1747 facie
284 1719 314 1754 (Ι)
333 1726 392 1746 mea
416 1719 504 1753 pisces
516 1717 610 1748 maris,
624 1721 651 1744 et
665 1716 788 1743 volucres
807 1715 879 1749 cceli,
899 1720 927 1743 et
941 1715 990 1743 be-

201 1765 260 1793 stia:
276 1764 375 1799 campi,
391 1768 417 1791 et
433 1770 513 1790 omne
525 1762 630 1797 reptile,
645 1762 718 1796 quod
730 1762 799 1796 repit
813 1769 895 1797 super
906 1767 989 1795 terra,

201 1817 228 1839 ct
244 1818 339 1838 omnes
351 1809 485 1841 homines,
500 1809 546 1843 qui
563 1816 643 1843 super
657 1807 726 1836 [acie
736 1812 825 1841 terrae,
843 1814 870 1836 et
885 1809 989 1836 discer-

202 1862 300 1892 pentur
313 1859 429 1888 montes,
442 1859 468 1881 et
482 1854 580 1882 cadent
592 1855 639 1888 (ιη)
655 1854 747 1888 valles,
759 1855 882 1882 elomnis
895 1863 989 1882 murus

203 1910 284 1937 super
301 1907 400 1928 terram
415 1900 493 1927 cadet
511 1900 575 1928 :‘ll.
598 1905 624 1927 et
640 1900 743 1927 vocabo
760 1908 841 1935 super
853 1908 915 1928 eum
929 1908 990 1927 om-

204 1956 263 1975 nem
287 1947 460 1975 formidinem
493 1947 573 1982 gladii
589 1948 623 1981 χ(
646 1947 674 1974 in
698 1947 826 1974 omnibus
852 1947 992 1974 montibus

203 1995 271 2022 meis
289 1994 313 2028 ζ,
335 1994 401 2021 dicit
424 1993 556 2020 Dominus
574 1993 724 2020 Dominus:
745 1993 850 2028 gladius
871 1992 990 2020 hominis

203 2048 285 2075 super
298 2039 410 2066 l‘ratrcm
420 2048 499 2067 suum
511 2039 572 2066 erit.
583 2038 628 2066 22.
641 2038 673 2065 Et
678 2039 807 2074 judicabo
819 2047 881 2066 cutn
891 2044 989 2072 morte,

202 2093 230 2115 et
244 2087 387 2123 sanguine,
404 2091 430 2114 et
445 2086 535 2121 pluvia
549 2085 708 2119 inundante,
721 2089 748 2113 et
761 2085 896 2120 lapidibus
907 2094 989 2121 gran-

202 2136 277 2164 dinis
305 2137 333 2160 et
356 2133 458 2167 ignem,
482 2136 509 2159 et
528 2131 643 2166 sulphur
661 2131 755 2166 pluere
781 2131 880 2159 faciam
908 2139 991 2166 super

1039 890 1155 925 sagittis,
1171 895 1197 918 et
1208 891 1234 918 in
1251 891 1356 919 baculis
1368 899 1509 925 manuum,
1524 899 1551 920 et
1563 893 1589 920 in
1603 894 1701 927 hastis,
1721 898 1749 922 et
1764 902 1828 922 suc-

1039 937 1155 964 cendent
1166 937 1192 964 in
1208 936 1248 964 eis
1263 937 1352 972 ignem
1371 942 1474 973 septem
1489 940 1580 972 annis,
1599 940 1642 967 l0.
1666 945 1693 967 et
1708 948 1764 968 non
1779 948 1828 968 su-

1039 987 1112 1010 ment
1129 983 1201 1018 ligna
1213 990 1246 1010 ex
1268 990 1377 1019 campo,
1390 991 1479 1019 neque
1494 984 1599 1012 caedent
1615 993 1648 1012 ex
1672 986 1760 1018 silvis,
1779 986 1827 1014 sed

1039 1035 1113 1055 arma
1131 1029 1293 1056 comburent
1306 1029 1384 1064 igne:
1401 1035 1428 1057 et
1441 1030 1563 1065 captivos
1579 1031 1679 1059 ducent
1701 1032 1763 1064 hos,
1778 1032 1827 1067 qui

1039 1075 1161 1109 captivos
1185 1074 1326 1102 duxerunt
1350 1082 1408 1108 eos,
1426 1081 1453 1103 et
1479 1076 1674 1111 prmdabuntur
1689 1077 1751 1109 hos,
1778 1077 1826 1112 qui

1038 1121 1150 1156 praedati
1169 1126 1235 1149 sunt
1249 1129 1307 1154 eos,
1331 1122 1398 1150 dicit
1422 1122 1555 1150 Dominus
1575 1123 1716 1151 Dominus.
1732 1123 1776 1151 ll.
1795 1124 1828 1151 Et

1038 1166 1090 1194 erit
1103 1166 1131 1194 in
1147 1166 1193 1194 die
1208 1167 1264 1198 illo,
1280 1167 1351 1194 dabo
1365 1167 1422 1202 Gog
1437 1168 1526 1195 locum
1540 1169 1721 1203 nominatum,
1734 1171 1827 1205 sepul-

1039 1218 1116 1238 crum
1130 1211 1157 1238 in
1174 1211 1273 1239 lsraele
1285 1212 1321 1247 (q)
1346 1213 1469 1247 sepulcra
1483 1221 1589 1247 eorum,
1609 1215 1655 1250 qui
1669 1216 1828 1244 ceciderunt

1039 1265 1121 1293 super
1139 1267 1198 1288 eam
1215 1267 1275 1295 quae
1287 1258 1358 1293 apud
1375 1267 1461 1292 mare,
1478 1259 1688 1288 etaadilicabunt
1699 1262 1828 1290 obstacu-

1039 1305 1095 1333 lum
1112 1306 1153 1334 ori
1165 1307 1254 1334 vallis.
1268 1307 1310 1333 l2.
1328 1307 1363 1342 (r)
1375 1308 1408 1334 Et
1421 1307 1559 1336 defodient
1575 1316 1638 1337 eum
1660 1309 1698 1336 ibi
1712 1309 1786 1344 Gog,
1800 1314 1828 1337 et

1039 1358 1146 1378 omnem
1169 1352 1369 1380 multitudinem
1384 1354 1454 1388 ejus,
1469 1359 1497 1381 et
1521 1355 1664 1382 vocabitur
1685 1355 1769 1382 Terra
1784 1362 1830 1383 se-

1039 1397 1126 1432 pulcri
1142 1397 1210 1433 Gog.
1229 1397 1271 1426 l5.
1287 1398 1320 1426 Et
1333 1397 1473 1427 defodieut
1488 1407 1536 1428 eos
1550 1400 1646 1428 domus
1659 1400 1779 1434 lsraelis,
1797 1406 1830 1430 ut

1040 1444 1186 1471 mundetur
1201 1448 1274 1472 terra
1295 1444 1323 1472 in
1337 1449 1440 1480 septem
1467 1447 1620 1479 mensibus,
1645 1451 1672 1474 et
1688 1447 1831 1475 defodient

1040 1496 1088 1517 eos
1100 1491 1191 1518 omnis
1206 1491 1322 1526 populus
1334 1495 1423 1523 terrae.
1436 1496 1465 1520 et
1473 1493 1527 1520 crit
1542 1493 1583 1520 eis
1597 1493 1624 1520 in
1641 1493 1829 1521 celebritatem

1040 1535 1109 1568 dies,
1122 1543 1177 1571 quo
1191 1536 1358 1571 glorilieatus
1370 1545 1443 1569 sum,
1460 1538 1526 1566 dicit
1540 1538 1673 1566 Dominus
1684 1539 1829 1568 Dominus.

1042 1581 1085 1608 M.
1101 1580 1134 1609 Et
1143 1582 1216 1610 viros
1228 1590 1335 1617 semper
1351 1589 1504 1618 secernent,
1519 1585 1566 1619 qui
1583 1584 1760 1613 circumeunt
1772 1589 1833 1614 tu-

1040 1633 1111 1659 ram,
1131 1630 1161 1653 ut
1185 1627 1318 1662 sepeliant
1337 1629 1371 1662 κ(
1394 1636 1456 1656 cum
1480 1629 1717 1658 circumeuntibus
1739 1629 1842 1666 ξέοι..

1040 1672 1087 1706 qui
1101 1673 1281 1701 remanserint
1293 1681 1374 1708 super
1387 1673 1456 1702 facie
1470 1680 1559 1709 terra,
1581 1681 1611 1704 ut
1623 1676 1840 1705 mundenleallf

1040 1723 1100 1753 post
1115 1723 1217 1753 septem
1233 1727 1351 1751 mensos,
1362 1724 1390 1747 et
1403 1725 1535 1755 quaerent.
1557 1720 1601 1748 l5.
1621 1720 1722 1749 Omnes
1738 1727 1831 1750 trans-

1040 1769 1137 1792 euntes
1152 1769 1263 1798 terram,
1279 1770 1307 1793 et
1319 1773 1383 1794 cum
1399 1767 1497 1794 viderit
1515 1775 1546 1795 os
1562 1767 1694 1800 hominis,
1711 1768 1830 1796 aediﬁca-

1040 1810 1080 1838 bit
1099 1811 1170 1846 apud
1187 1811 1262 1838 illum
1277 1812 1397 1846 signum,
1414 1812 1501 1840 donec
1515 1813 1647 1848 sepeliant
1662 1813 1728 1841 illud
1752 1821 1831 1849 sepe-

1042 1857 1138 1885 lientes
1147 1857 1173 1884 in
1183 1857 1266 1885 Terra
1280 1858 1398 1893 sepulcri
1409 1858 1476 1893 Gog.
1492 1858 1535 1886 16.
1551 1858 1656 1886 Etenim
1670 1867 1771 1887 nomen
1784 1867 1830 1887 ur-

1040 1903 1083 1931 bis
1097 1905 1131 1938 (s)
1147 1903 1306 1938 Sepulcrum
1324 1913 1331 1931 :
1347 1908 1375 1931 et
1389 1904 1566 1932 mandabitur
1581 1910 1662 1933 terra.
1680 1906 1724 1932 l1.
1740 1905 1774 1933 Et
1789 1912 1828 1938 tu,

1042 1949 1079 1976 liii
1092 1950 1222 1981 hominis,
1236 1950 1293 1978 haec
1306 1950 1372 1978 dicit
1382 1950 1514 1978 Dominus
1528 1951 1661 1978 Dominus
1674 1959 1680 1977 :
1694 1951 1744 1979 Dic
1754 1951 1828 1978 omni

1041 1994 1084 2022 avi
1101 1994 1214 2027 volatili,
1227 1999 1254 2022 et
1270 1994 1304 2022 ad
1323 2002 1418 2022 omnes
1431 1995 1534 2023 bestias
1551 1996 1638 2030 campi
1655 2004 1662 2022 :
1678 1995 1831 2031 Congrega-

1041 2040 1119 2071 mini,
1138 2045 1165 2068 et
1181 2041 1281 2073 venite,
1297 2041 1500 2076 congregamini
1513 2042 1548 2068 ab
1558 2042 1697 2073 omnibus,
1710 2049 1772 2076 quae
1784 2049 1830 2076 per

1041 2086 1196 2118 circuitum,
1211 2093 1293 2121 super
1308 2086 1446 2114 victimam
1460 2094 1559 2120 meam,
1575 2095 1656 2122 quam
1667 2095 1718 2123 ego
1729 2088 1830 2115 immo-

1042 2132 1095 2159 lavi
1113 2133 1201 2164 vobis,
1221 2132 1359 2159 victimam
1377 2140 1502 2167 magnam
1519 2141 1602 2167 super
1616 2139 1726 2161 montes
1742 2134 1832 2161 istae-

204 2186 277 2210 eum,
293 2183 320 2206 et
330 2186 413 2213 super
432 2185 539 2210 omnes,
555 2177 599 2212 qui
616 2184 677 2204 cum
690 2185 733 2209 eo,
751 2181 778 2204 et
794 2185 876 2212 super
895 2182 990 2212 gentes
1006 2178 1028 2204 D
1043 2179 1087 2211 lis,
1106 2183 1134 2206 et
1147 2179 1297 2206 comedetis
1316 2186 1426 2211 carnes,
1441 2185 1468 2206 et
1483 2179 1579 2207 bibetis
1591 2180 1766 2215 sanguinem.
1787 2180 1830 2208 18.

206 2224 305 2252 multas
321 2231 383 2251 cum
397 2232 439 2251 eo.
455 2223 499 2250 25.
514 2222 547 2249 Et
565 2222 770 2257 magniﬁcabor,
796 2228 822 2250 et
836 2223 990 2251 sanctiﬁca-

205 2272 263 2302 bor,
281 2277 313 2298 +
326 2275 353 2297 et
369 2269 543 2305 glorilicabor
557 2269 580 2303 ζ,
596 2273 623 2296 et
638 2269 806 2296 innotescam
817 2277 909 2297 coram
925 2277 990 2306 gen-

204 2319 277 2346 tibus
291 2317 395 2348 multis,
411 2321 438 2343 et
455 2316 552 2349 scient,
569 2316 641 2351 quod
664 2324 715 2351 ego
728 2324 789 2343 sum
812 2316 954 2344 Dominus.

238 2365 306 2400 Cap.
322 2362 445 2391 XXXIX.
461 2377 496 2382 —
511 2362 536 2389 l.
561 2362 594 2389 Et
608 2368 647 2395 tu,
662 2362 699 2389 lili
711 2362 840 2396 hominis,
858 2363 989 2398 propheta

204 2418 287 2446 super
301 2409 370 2444 Gog.
388 2414 415 2436 ct
428 2409 472 2436 dic
488 2418 494 2436 :
512 2407 576 2435 Haec
594 2407 660 2435 dicit
685 2407 818 2435 Dominus
831 2408 964 2437 Dominus
980 2417 987 2435 :

204 2457 274 2484 Ecce
290 2464 340 2490 ego
351 2463 434 2490 super
447 2460 483 2487 te,
496 2455 563 2488 Gog,
576 2453 725 2489 principem
745 2453 812 2486 Rus,
828 2453 949 2487 Nosocli,
964 2459 991 2482 et

205 2501 319 2534 Thobel,
337 2502 363 2528 2.
382 2505 411 2527 et
429 2501 599 2536 congregabo
613 2504 649 2534 te,
663 2505 689 2528 et
703 2500 838 2528 deducam
853 2506 893 2533 te,
909 2506 936 2529 et
948 2500 990 2528 ia-

206 2547 276 2574 ciam
289 2547 435 2575 ascendere
446 2551 472 2574 te
483 2547 517 2574 ab
525 2552 647 2574 extremo
662 2546 808 2581 aquilonis,
819 2552 846 2574 et
858 2547 990 2575 adducam

207 2597 234 2620 te
255 2599 337 2626 super
361 2597 467 2619 montes
483 2591 599 2620 Israelis.
616 2593 643 2620 5.
659 2593 699 2627 (η)
716 2592 749 2619 Ει
771 2593 881 2628 perdam
896 2602 990 2621 arcum

208 2643 284 2665 tuum
295 2637 329 2665 de
339 2644 421 2664 manu
432 2642 477 2664 tua
490 2638 611 2670 sinistra,
625 2643 652 2665 et
664 2638 778 2673 sagittas
791 2643 852 2666 tuas
864 2639 898 2666 de
909 2646 992 2666 manu

243 2694 275 2730 (5)
293 2693 335 2726 5.,
356 2698 384 2721 et
399 2701 494 2721 omnes
508 2694 654 2729 perniciosi
670 2695 763 2722 leones
777 2695 847 2730 ejus.

209 2728 297 2764 (n)'S.,
312 2734 339 2756 et
353 2728 513 2756 exctttiann
539 2729 576 2763 (ο)
586 2732 696 2757 Omnes.

210 2765 352 2791 transitus.
406 2766 441 2799 (r)
460 2765 491 2790 Et
503 2765 633 2798 sepelierit
656 2773 728 2793 cum.

208 2800 398 2840 pulchrorum.

750 2733 786 2767 (p)
801 2732 916 2767 Adonai.

896 2696 933 2731 (Β)
949 2696 990 2729 8.,
1011 2698 1108 2733 multa.
1146 2698 1178 2733 (Ι)
1198 2696 1316 2724 Domini.

962 2734 999 2767 (q)
1012 2732 1053 2766 S.,
1071 2733 1166 2760 vallem
1187 2734 1350 2760 transiturum
1367 2733 1402 2759 ab
1418 2734 1523 2760 oriente
1541 2734 1634 2765 maris,

777 2770 810 2801 (ε)
835 2765 876 2799 S.,
899 2765 1051 2796 multitudo;
1068 2767 1129 2800 T/t.,
1150 2767 1350 2805 lleb._Amona.

1043 2226 1145 2254 Carnes
1162 2226 1301 2261 gigantum
1319 2225 1477 2258 comedetis,
1497 2231 1525 2253 et
1549 2227 1710 2262 sanguinem
1728 2227 1831 2262 princi-
1849 2243 1863 2262 _:

1043 2280 1107 2307 pum
1123 2276 1203 2299 terrae
1217 2272 1327 2304 bibetis,
1342 2273 1453 2303 arietes,
1478 2276 1505 2299 et
1517 2272 1628 2304 vitulos,
1644 2276 1673 2301 et
1685 2272 1788 2306 hircos,
1803 2278 1838 2302 et

1043 2326 1144 2354 agnos,
1163 2319 1194 2354 (ι)
1212 2323 1238 2346 et
1254 2318 1461 2354 vituli-pingues
1477 2325 1583 2351 omnes,
1598 2318 1641 2347 l9.
1658 2323 1688 2346 et
1703 2322 1833 2347 comede-

1043 2365 1079 2393 tis
1096 2365 1204 2400 adipem
1221 2365 1255 2392 ad
1268 2365 1449 2397 saturitatem,
1463 2369 1490 2392 et
1504 2365 1604 2392 bibetis
1621 2366 1784 2400 sanguinem
1801 2366 1834 2394 ad

1044 2410 1204 2438 ebrietatem
1220 2410 1254 2437 de
1264 2410 1374 2437 victima
1393 2417 1464 2442 mea,
1487 2418 1568 2445 quam
1585 2411 1726 2438 immolavi
1744 2412 1834 2439 vobis.

1044 2457 1089 2485 20.
1099 2456 1317 2492 Etimplebimini
1327 2464 1409 2491 super
1420 2463 1513 2484 mensa
1526 2464 1597 2488 mea,
1610 2464 1724 2492 equum.
1739 2464 1835 2485 ascen-

1045 2510 1145 2535 sorem,
1173 2502 1329 2534 robustum,
1355 2505 1383 2529 ct
1411 2509 1520 2529 omnem
1546 2502 1636 2528 virum
1660 2502 1834 2535 bellatorem.

1045 2548 1111 2576 dicit
1122 2548 1253 2576 Dominus
1267 2547 1410 2575 Dominus.
1424 2547 1470 2575 2i.
1485 2547 1519 2575 Et
1534 2548 1605 2575 dabo
1615 2548 1731 2582 gloriam
1745 2556 1835 2576 meam

1045 2594 1073 2621 in
1088 2594 1175 2627 vobis,
1185 2599 1211 2621 ct
1222 2594 1352 2621 videbunt
1367 2601 1462 2621 omnes
1472 2593 1712 2629 gentesjudicium
1731 2602 1836 2628 meum,

1048 2640 1121 2674 quod
1134 2639 1196 2671 feci,
1207 2645 1235 2667 et
1245 2647 1356 2666 manum
1368 2647 1469 2673 meam,
1483 2647 1565 2674 quam
1577 2639 1672 2667 induxi
1687 2648 1772 2676 super
1779 2648 1835 2674 eos,

1369 2697 1417 2732 (ιη)
1431 2697 1474 2730 S.,
1491 2698 1640 2725 vallccnlzc.
1663 2698 1727 2730 Tlt.,
1744 2706 1834 2733 senes.

1400 2744 1402 2756 ι
1418 2735 1523 2760 oriente
1541 2735 1634 2765 maris,
1655 2741 1718 2770 qua:
1733 2735 1836 2762 claudit

1400 2767 1433 2803 (tl
1453 2767 1495 2802 S.,
1516 2769 1664 2797 vitulorum
1679 2770 1834 2798 cibatormn
