1959 3079
117 113 184 142 2.759

727 113 928 142 llEZlZCIELlS
947 113 1062 144 CAPUT
1082 114 1138 142 XL.

1672 115 1704 143 Ξῖ
1709 115 1742 143 50

114 172 160 198 22.
180 176 209 198 et
223 171 313 199 scient
328 173 428 200 domus
444 173 562 206 lsraelis,
579 173 651 208 quod
664 180 714 208 ego
729 181 790 201 sum
814 172 906 200 Domi-
921 174 942 202 A
959 171 1031 200 Thee
1046 173 1177 208 aqualem
1193 173 1298 200 calamo
1314 173 1492 208 longitudine,
1510 177 1537 200 et
1548 174 1678 208 aqualem
1696 183 1742 202 ca-

114 226 167 245 uus
182 219 254 247 Deus
268 226 364 246 eorum
375 227 390 247 a
401 220 444 247 die
458 221 519 251 hoc,
531 220 704 254 ctdciuceps.
721 220 766 247 23.
780 219 811 246 Et
821 219 907 247 scient

113 273 210 293 omnes
225 270 322 300 gentes
337 285 344 297 ,
370 266 442 300 quod
463 271 574 301 propter
593 271 702 301 peccata
732 273 781 293 sua
806 265 905 300 captivi

112 313 186 340 ducti
201 312 314 340 fuerttnt
332 312 432 339 domus
446 312 566 344 lsraelis,
581 320 631 347 pro
646 319 679 339 eo
694 312 766 347 quod
778 312 906 346 praevari-

111 359 164 385 cati
195 363 261 386 sunt
287 358 314 384 in
333 365 386 390 me,
402 362 431 384 et
452 358 538 385 averti
550 357 648 384 facient
667 365 755 384 meam
769 357 803 384 ab
815 357 866 388 eis,
880 361 906 384 et

111 405 212 432 tradidi
229 412 277 432 eos
292 405 320 431 in
337 411 451 431 manum
468 403 642 431 inimicorum
668 411 775 435 eorum,
791 408 817 430 et
835 403 906 430 ccci-

113 451 319 486 dcruntgladio
341 457 449 477 omnes.
468 450 511 476 25.
537 449 691 477 Secundum
717 449 905 477 immunditias

110 505 219 529 eorum,
238 501 264 523 et
279 495 430 524 secundum
445 496 604 530 iniquitates
624 503 718 522 eorum
743 495 795 523 feci
815 496 865 527 eis,
878 500 905 522 et

109 542 196 570 averti
211 542 311 569 faciem
327 549 416 569 meam
433 542 468 569 ab
476 541 526 569 eis.
539 542 586 569 ‘25.
599 542 710 576 Propter
724 542 775 569 hoc
790 542 846 569 hac
861 542 903 568 di-

110 589 145 615 cit
159 588 295 615 Dominus
313 587 446 614 Dominus
461 596 467 614 :
486 587 562 615 Nunc
579 587 705 614 reducam
721 587 903 622 captivitatem

109 632 218 665 Jacobi,
235 640 261 661 et
275 635 426 661 miserebor
443 633 542 661 domus
557 633 676 666 lsraelis,
690 634 728 668 (tt)
740 639 767 661 et
784 634 842 660 zelo
852 633 906 661 alli-

109 681 168 708 ciar
182 684 294 715 propter
310 688 409 707 nomen
423 685 548 707 sanctum
570 687 673 706 mcutn.
690 679 734 706 ‘26.
753 679 786 706 Et
797 679 905 714 capiettt

110 726 293 760 ignominiam
312 733 402 758 suam,
423 731 448 752 et
473 725 647 759 injuSIitiam,
662 733 715 760 qua
729 725 832 759 injuste
846 732 906 761 ege-

110 775 186 800 runt.
203 779 267 798 cum
286 772 469 799 habitaverint
491 772 528 798 illi
548 780 630 806 super
647 776 747 798 terram
766 779 842 798 suam
859 780 906 799 su-

110 825 160 852 per
171 825 249 852 pace,
265 822 359 844 etnon
374 818 435 849 erit,
452 819 497 853 qui
515 822 660 850 exterreat,
674 818 720 845 27.
736 826 798 845 cutn
822 818 904 844 redu-

110 871 178 891 xero
194 871 241 891 eos
254 871 286 891 ex
304 864 441 898 gentibus,
458 868 484 891 ct
497 871 698 899 congregavero
713 871 760 892 eos
773 871 805 891 ex
822 863 904 898 regio.

110 909 194 937 nibus
208 910 331 943 gentium
347 918 354 937 :
375 915 401 937 et
416 910 609 937 sanctificabor
622 911 649 937 in
674 910 714 938 eis
730 918 822 938 coram
839 918 904 945 gen-

110 957 198 984 tibus.
213 956 258 983 28.
274 957 306 984 Et
319 957 416 988 scient,
432 957 505 991 quod
526 965 576 992 ego
603 965 663 984 sum
685 957 816 985 Dominus
832 957 904 985 Deus

110 1010 220 1033 eorum,
249 1010 312 1029 cum
329 1010 481 1037 apparuere
493 1003 534 1030 eis
558 1004 583 1030 in
600 1003 736 1038 gentibus,
757 1005 790 1037 >ι²<
804 1009 831 1030 et
843 1011 904 1031 con-

111 1047 234 1082 gregabo
249 1055 296 1074 eos
318 1049 330 1082 ζ
347 1056 430 1082 super
447 1053 546 1074 terram
564 1056 670 1079 eorum,
689 1049 722 1083 Ἀ(
736 1054 762 1076 et
782 1056 835 1075 non
862 1057 904 1075 re—

111 1094 236 1128 linquam
253 1093 370 1128 amplius
383 1094 417 1120 ab
432 1094 471 1121 eis
488 1095 523 1120 ibi
538 1094 549 1128 ζ
567 1104 574 1121 :
593 1094 638 1121 29.
667 1099 694 1121 et
716 1103 768 1121 tton
782 1100 903 1123 avertam

110 1140 230 1174 amplius
246 1139 344 1167 faciem
361 1147 448 1167 meam
469 1140 503 1167 ab
516 1141 565 1172 eis,
585 1141 624 1176 (at)
641 1148 690 1175 pro
702 1148 734 1168 eo
748 1141 820 1175 quod
841 1141 905 1168 ellu-

109 1185 199 1213 derim
215 1185 336 1213 furerent
353 1194 442 1213 meum
461 1194 543 1221 super
557 1187 667 1215 domttm
693 1186 801 1214 lsraelis
815 1207 821 1219 ,
839 1188 905 1215 dicit

110 1231 247 1258 Dominus
263 1231 403 1259 Dominus.

145 1278 216 1313 Cap.
234 1277 291 1304 XL.
307 1293 342 1299 —-
354 1279 378 1306 Ι.
393 1279 424 1306 Ει
434 1278 537 1307 factum
551 1284 593 1307 est
610 1280 636 1307 in
649 1287 720 1308 anno
735 1281 868 1315 vigesimo
878 1286 905 1309 et

109 1323 208 1359 quinto
222 1324 389 1359 captivitatis
403 1330 513 1358 nostrae,
531 1326 569 1361 (y)
584 1326 610 1353 itt
625 1334 718 1354 mense
744 1327 843 1361 primo,
859 1327 905 1354 de-

109 1371 186 1398 cimo
198 1371 312 1403 mensis,
329 1371 355 1397 in
371 1379 443 1398 anno
459 1378 555 1406 quarto
571 1373 685 1405 decitno,
700 1379 761 1408 post
775 1374 904 1409 subjuga-

109 1416 215 1444 tionem
230 1417 318 1450 urbis,
335 1417 363 1444 in
378 1418 421 1445 die
437 1418 484 1444 illo
505 1418 575 1445 facta
591 1423 633 1447 est
650 1428 733 1454 super
751 1428 794 1448 me
807 1429 904 1449 manus

109 1460 233 1492 Domini,
245 1466 272 1489 et
288 1462 400 1490 adduxit
414 1471 456 1490 me
468 1464 501 1497 >;<
519 1463 584 1491 illuc
598 1464 621 1498 ζ,
642 1464 668 1490 2.
684 1465 710 1491 in
722 1465 828 1492 visione
845 1465 902 1498 Dei,

959 219 1030 246 latno
1046 219 1198 251 latitudine,
1211 224 1237 246 et
1253 219 1342 246 Ailam
1361 219 1388 245 in
1401 218 1490 245 medio
1504 218 1617 245 Thelam
1638 220 1730 247 cubito

958 274 1018 292 rum
1036 273 1100 292 sex:
1118 269 1145 292 et
1156 265 1229 292 Thes
1241 264 1389 292 secundum
1406 265 1538 299 aqualem
1560 265 1665 291 calamo
1685 265 1741 292 lati-

958 312 1060 344 tudine,
1076 316 1102 339 et
1120 312 1251 346 aqualem
1268 311 1372 338 calamo
1393 311 1576 346 longitudine,
1593 315 1620 337 et
1638 310 1682 337 [Et
1697 319 1744 338 cu-

957 358 1075 385 bitorum
1092 358 1223 392 quinque,
1240 362 1267 385 ct
1281 357 1354 386 Thee
1366 358 1474 384 tertium
1489 357 1619 391 aqualem
1637 357 1744 384 calamo

957 403 1139 437 longitudine,
1159 407 1186 430 et
1205 403 1336 437 aqualem
1359 403 1466 430 calamo
1486 402 1639 434 latitudine,
1660 407 1685 429 et
1700 401 1745 428 A51

958 448 1060 475 liminis
1073 443 1214 483 e'rcgione
1237 448 1326 475 [Elam
1345 453 1438 482 porta,
1456 453 1518 476 octo
1532 448 1700 480 cubitorum,
1716 448 1743 475 9.

957 494 990 529 (e)
1001 499 1024 520 et
1036 495 1101 521 ΕΙου
1116 494 1231 522 duorum
1244 495 1407 527 cubitorum,
1418 495 1449 529 (Π
1463 501 1488 522 et
1502 495 1592 522 Ailam
1601 501 1686 530 porta
1701 495 1744 522 in-

957 541 1112 573 trinsecus;
1131 539 1173 566 10.
1198 545 1224 567 et
1238 540 1311 567 Thee
1336 547 1420 574 porta
1435 548 1450 568 e
1467 541 1576 575 regione
1589 541 1663 576 ejus‘,
1690 545 1744 568 tres

957 587 1028 618 hinc,
1042 591 1130 614 ettrcs
1141 586 1255 620 imle;et
1267 595 1394 614 mensura
1409 595 1462 613 ttna
1472 587 1567 620 tribus,
1579 592 1606 614 et
1615 595 1742 615 utensura

956 641 1009 659 una
1024 632 1113 659 Ailam
1131 633 1194 660 hinc
1209 637 1235 660 ct
1247 632 1320 659 inde.
1336 632 1378 659 ll.
1395 632 1428 659 Et
1439 641 1550 659 mensus
1565 638 1606 660 est
1619 633 1743 661 latitudi-

956 686 1018 706 nem
1039 682 1124 713 porta
1136 678 1248 705 luminis
1262 698 1269 709 ,
1284 678 1377 705 decem
1396 677 1562 708 cubitorum,
1580 682 1606 705 et
1619 678 1743 705 latitudi-

956 732 1018 751 nem
1035 728 1130 759 porta,
1147 723 1278 750 tredecim
1294 723 1461 755 cubitorum,
1481 723 1524 750 12.
1544 723 1578 758 (g)
1593 728 1620 750 et
1634 724 1743 752 cubitus

956 770 1168 798 contrahebatur
1179 777 1275 796 versus
1286 769 1381 796 faciem
1393 769 1499 801 Thcim,
1511 771 1543 803 >t(
1556 770 1640 797 cubiti
1650 771 1741 803 unius,

955 820 982 843 et
994 815 1076 842 cubili
1091 815 1181 847 unius,
1195 815 1326 841 terminus
1342 814 1405 841 hinc
1415 818 1441 841 et
1456 814 1519 841 inde
1534 815 1557 848 ζ,
1575 815 1612 850 (Ιι)
1628 820 1653 842 et
1664 814 1740 842 Thau

957 862 1110 889 cubitorum
1129 869 1176 888 sex
1193 861 1266 892 hinc,
1281 865 1307 887 et
1324 860 1479 888 cubitorum
1494 869 1540 888 sex
1557 861 1631 888 inde.
1646 861 1688 888 l3.
1710 860 1742 888 Et

956 915 1068 935 mensus
1080 912 1121 934 est
1134 912 1238 941 portatu
1251 915 1266 934 a
1281 914 1359 934 muro
1375 907 1448 935 Thee
1463 915 1551 942 usque
1564 908 1598 935 ad
1611 907 1741 943 parietem

956 953 1042 985 Thee,
1063 946 1234 980 latitudinem
1251 952 1346 987 viginti
1373 957 1400 979 et
1417 953 1539 987 quinque
1557 952 1716 980 cubitorum
1733 961 1740 980 :

955 999 1014 1026 hac
1029 1002 1106 1033 porta
1123 1005 1205 1032 super
1222 1002 1338 1032 portam,
1357 997 1399 1023 Μ.
1416 997 1449 1032 (ὅ)
1464 1002 1492 1024 et
1513 997 1638 1024 subdiale
1650 997 1741 1024 Elam

955 1049 1048 1079 porta,
1062 1044 1202 1078 sexaginta
1219 1045 1248 1076 >ίε
1266 1048 1293 1070 et
1305 1043 1425 1078 quinque
1439 1044 1449 1076 ζ
1462 1043 1547 1070 cubili
1558 1043 1741 1075 extrinsecus,

954 1094 981 1116 et
1000 1089 1095 1115 Tlteim
1112 1088 1172 1115 atrii
1189 1092 1271 1123 porta:
1288 1095 1336 1122 per
1350 1087 1505 1119 circuitum,
1525 1087 1569 1114 15.
1585 1087 1621 1122 (It)
1638 1093 1663 1115 et
1676 1088 1739 1115 sub-

955 1135 1026 1162 diale
1042 1134 1072 1170 (ι)
1090 1134 1152 1161 atrii
1169 1134 1340 1161 extrinsecus
1351 1153 1358 1165 ,
1374 1133 1400 1160 in
1416 1133 1539 1160 subdiale
1558 1133 1645 1160 {Elam
1657 1139 1743 1168 porta

955 1181 1137 1213 intrinsecus,
1153 1180 1351 1215 quinquaginta
1375 1180 1539 1207 cubitorum.
1566 1180 1608 1207 l6.
1638 1180 1685 1215 (in)
1710 1179 1743 1207 Et
1779 1187 1786 1194 '

956 1227 1081 1254 fenestra
1101 1226 1267 1254 abscondita
1280 1233 1360 1261 super
1380 1225 1474 1252 Tlteim
1486 1246 1493 1258 ,
1514 1230 1540 1253 et
1554 1234 1635 1260 super
1650 1226 1741 1253 JElam

956 1274 1027 1301 intra
1046 1277 1152 1308 portam
1173 1272 1234 1299 atrii
1254 1280 1301 1307 per
1315 1271 1460 1298 circuitum
1477 1281 1483 1298 :
1497 1276 1525 1299 et
1539 1271 1664 1298 similiter
1675 1272 1742 1306 ipsis

956 1320 1044 1347 Elam
1059 1324 1086 1346 et
1099 1318 1227 1346 fenestra
1242 1325 1289 1352 per
1302 1317 1446 1345 circuitum
1461 1318 1494 1350 >ε<
1512 1325 1558 1352 per
1570 1317 1713 1345 circuitum
1728 1318 1740 1352 ζ

956 1366 1131 1396 intrinsecus,
1147 1368 1174 1391 et
1185 1371 1268 1398 super
1280 1363 1368 1391 {Elatn
1381 1363 1477 1396 palma
1488 1363 1552 1390 hinc
1564 1367 1591 1390 et
1606 1362 1678 1390 inde.
1696 1361 1740 1388 l7.

956 1411 989 1439 Et
1008 1411 1159 1438 introduxit
1182 1417 1226 1437 me
1246 1409 1273 1436 in
1293 1409 1392 1436 atrium
1416 1409 1532 1436 interius
1545 1428 1551 1440 ,
1572 1413 1599 1436 et
1625 1415 1687 1436 ecce
1703 1409 1741 1444 (π)

955 1459 1076 1490 exedra,
1104 1462 1130 1484 et
1156 1455 1366 1484 intercolumnia
1393 1455 1427 1488 χ(
1454 1454 1524 1481 facta
1547 1455 1557 1488 ζ
1577 1455 1604 1482 in
1624 1454 1742 1482 circuitu

109 1511 138 1534 ει
148 1507 261 1534 adduxit
272 1515 316 1534 tne
328 1512 418 1534 autem
431 1508 457 1535 in
472 1513 571 1536 terram
582 1509 688 1537 lsraelis
699 1530 706 1542 ,
722 1511 758 1544 (ι)
774 1515 799 1538 ει
814 1512 904 1545 posui;
917 1511 940 1542 α
956 1505 1029 1536 atrii,
1042 1504 1152 1539 triginta
1163 1503 1270 1530 exedra
1283 1501 1509 1534 intercolumniis,
1522 1501 1565 1528 18.
1579 1506 1606 1528 et
1621 1501 1741 1535 porticus

111 1560 156 1580 me
183 1560 265 1593 super
290 1560 408 1580 montem
429 1554 566 1580 excelsutn
592 1555 689 1588 valde,
719 1559 746 1582 et
773 1564 855 1590 super
870 1563 903 1583 eo

109 1599 192 1634 quasi
204 1599 347 1626 adificium
365 1599 441 1626 urbis
453 1599 515 1634 (a)e
530 1601 638 1635 regione
654 1600 718 1628 mei.
733 1601 759 1628 5.
773 1601 806 1628 Ει
817 1602 904 1628 intro-

109 1646 192 1672 duxit
217 1652 262 1672 me
286 1645 373 1672 illuc:
401 1650 427 1672 et
452 1653 516 1673 ecce
543 1647 594 1678 vir,
619 1651 646 1674 et
672 1647 818 1682 adspectus
842 1649 904 1676 aris

109 1692 147 1727 Χ
162 1692 331 1726 splendentis
345 1693 368 1726 ζ,
383 1697 410 1718 et
425 1697 482 1719 erat
500 1692 638 1719 funiculus
653 1693 864 1720 architectorum
877 1693 903 1720 in

107 1745 197 1765 manu
214 1738 284 1772 ejus,
300 1741 326 1765 et
343 1738 467 1765 calamus
479 1740 648 1773 mensurax
659 1739 685 1765 in
699 1747 780 1766 manu
797 1740 856 1774 ejus
869 1741 880 1774 ζ
895 1748 902 1766 :

110 1787 140 1809 et
154 1783 213 1816 ipse
225 1782 316 1809 stabat
330 1790 411 1816 super
432 1787 521 1817 porta.
540 1784 567 1810 4.
587 1783 619 1810 Et
631 1783 701 1811 dixit
724 1785 756 1811 ad
779 1793 821 1811 me
840 1786 880 1812 vir
896 1794 902 1812 :

113 1834 147 1856 4-
163 1827 261 1854 Vidisti
278 1828 302 1862 ζ,
323 1828 360 1854 fili
376 1828 505 1861 hominis,
527 1829 587 1856 vide
603 1829 630 1856 in
647 1831 735 1858 oculis
753 1831 817 1864 tuis,
832 1836 858 1858 et
875 1831 903 1858 in

111 1873 228 1901 auribus
244 1874 299 1901 tuis
310 1874 384 1906 audi,
397 1879 423 1901 et
437 1874 551 1909 dispone
565 1876 599 1910 3K
615 1876 642 1902 in
660 1877 671 1911 ζ
687 1884 734 1903 cor
754 1881 828 1904 tuum
843 1885 903 1904 om-

111 1919 170 1951 nia,
181 1927 242 1953 qua
258 1926 310 1953 ego
328 1919 471 1947 ostendero
482 1920 551 1954 tibi;
567 1921 603 1956 (b)
619 1921 682 1956 quia
706 1923 791 1956 gratia
813 1928 904 1949 osten-

112 1963 195 1991 dendi
213 1964 273 1996 tibi,
293 1965 432 1998 ingressus
455 1972 485 1991 es
502 1964 566 1997 huc,
592 1969 619 1992 et
647 1966 775 1993 ostendes
799 1967 902 2000 omnia,

111 2017 174 2044 qua
182 2013 212 2036 tu
226 2009 312 2040 vides,
323 2010 416 2036 domui
431 2009 550 2037 lsraelis.
565 2010 591 2037 5.
605 2010 637 2037 Et
648 2018 710 2037 ecce
723 2011 902 2046 sepimentum

110 2060 190 2082 extra
210 2054 323 2081 domum
339 2062 386 2089 per
400 2063 506 2090 gyrum,
525 2055 559 2090 (ε)
576 2059 602 2082 et
618 2055 644 2092 in
660 2063 741 2083 manu
763 2057 810 2083 viri
828 2057 902 2084 cala-

111 2107 176 2127 mus
190 2108 326 2128 mensura
348 2108 396 2128 sex
411 2101 567 2128 cubitorqu
587 2102 614 2128 in
639 2102 731 2129 cubito
744 2106 771 2129 et
783 2102 900 2136 palmus.

110 2145 146 2172 Et
171 2154 284 2173 mensus
309 2151 351 2174 est
366 2148 545 2181 antemurale,
573 2147 742 2175 latitudinem
771 2149 900 2183 aequalem

109 2192 229 2224 calamo,
245 2198 272 2220 et
284 2192 455 2221 altitudinem
471 2194 530 2228 ejus
545 2194 677 2229 aqualem
694 2195 810 2223 calamo.
827 2195 853 2222 6.
869 2195 901 2223 Et
919 2186 941 2213 ι)

94 2237 253 2282 ἵὶιιεῐεξεευε
268 2243 309 2265 est
324 2238 350 2265 in
363 2243 481 2273 portam,
495 2240 685 2274 respicientem
701 2248 797 2268 versus
808 2242 900 2269 orien-

107 2285 166 2310 tem
187 2283 214 2311 in
229 2288 330 2318 septem
346 2284 486 2320 gradibus,
502 2289 529 2312 et
543 2293 654 2313 mensus
663 2290 704 2313 est
713 2286 751 2321 (Δ)
769 2287 842 2314 Tbee
853 2295 900 2315 sex

106 2333 136 2357 et
152 2337 212 2362 sex,
238 2333 265 2356 et
281 2328 371 2357 Elam
390 2335 474 2365 portae
500 2331 632 2366 aqualem
657 2333 772 2365 calamo,
786 2332 812 2365 7,
828 2333 856 2361 8.
872 2338 900 2360 et

957 1552 990 1578 ad
1009 1554 1132 1577 austrum
1147 1548 1184 1584 (0)
1201 1551 1352 1583 portarum,
1372 1546 1521 1574 secundum
1541 1546 1742 1581 longitudinem

955 1601 1093 1632 portarum
1119 1593 1355 1622 intercolumnium
1379 1591 1504 1620 inferius.
1522 1592 1566 1619 19.
1581 1591 1614 1619 Et
1629 1599 1742 1620 mensus

955 1647 997 1670 est
1010 1641 1180 1669 latitudinem
1194 1639 1274 1670 atrii,
1290 1639 1328 1672 (ρ)
1341 1646 1355 1665 a
1372 1638 1487 1665 subdiali
1500 1643 1584 1672 porta
1597 1637 1742 1665 exterioris

954 1688 1120 1715 intrinsecus
1136 1693 1217 1720 super
1233 1684 1356 1712 subdiale
1369 1688 1455 1718 porta
1467 1683 1639 1717 respicientis
1655 1682 1741 1716 foras.

953 1734 1060 1761 cubitos
1077 1736 1186 1760 centum
1201 1730 1371 1765 respicientis
1387 1730 1413 1756 in
1431 1730 1564 1756 orientem
1586 1738 1592 1756 :
1611 1733 1636 1756 et
1658 1729 1742 1756 intro-

954 1780 1033 1808 duxit
1057 1787 1102 1806 me
1117 1785 1199 1812 super
1228 1775 1383 1811 aquilonem
1395 1795 1402 1807 ,
1419 1775 1464 1802 20.
1482 1779 1509 1802 et
1524 1782 1587 1803 ecce
1604 1780 1680 1809 porta
1696 1783 1740 1802 re~

954 1825 1073 1860 spiciens
1086 1825 1112 1851 in
1127 1823 1282 1857 aquilonem
1298 1821 1367 1848 atrio
1381 1820 1521 1854 exteriori,
1536 1825 1562 1848 et
1573 1828 1685 1849 mensus
1699 1825 1742 1848 est

953 1879 1024 1904 eam,
1037 1868 1232 1904 longitudinem
1249 1868 1319 1902 ejus,
1335 1871 1361 1894 et
1377 1866 1544 1894 latitudinem
1562 1866 1632 1900 ejus,
1643 1865 1688 1893 2|.
1703 1866 1740 1902 (q)

955 1918 1029 1946 'l‘hee
1043 1918 1103 1953 ejus
1113 1922 1167 1944 tres
1183 1915 1257 1948 hinc,
1274 1919 1300 1942 et
1315 1919 1370 1942 tres
1386 1914 1457 1946 inde,
1478 1913 1513 1948 (r)
1529 1917 1556 1940 et
1570 1913 1648 1940 AZleu
1666 1912 1699 1946 (s)
1713 1917 1742 1939 et

953 1965 1103 1996 Elammo,
1117 1966 1144 1990 et
1157 1962 1262 1997 palmas
1277 1961 1336 1995 ejus
1350 1970 1358 1988 :
1373 1963 1401 1987 et
1414 1959 1515 1986 factutn
1532 1963 1574 1986 est
1590 1958 1739 1986 secundum

954 2016 1096 2038 mensuras
1102 2008 1164 2036 atrii
1173 2006 1342 2042 respicientis
1351 2006 1376 2032 in
1386 2007 1528 2037 orientem,
1543 2004 1740 2039 quinquaginta

954 2055 1107 2083 cubitorum
1116 2052 1256 2087 longitudo
1265 2052 1325 2086 ejus
1338 2061 1344 2078 ε
1356 2055 1385 2078 et
1394 2050 1506 2077 latitudo
1517 2049 1576 2084 ejus
1584 2050 1738 2076 cubitorum

953 2101 1047 2137 viginti
1060 2104 1086 2128 et
1096 2100 1226 2135 quinque,
1237 2097 1279 2124 22.
1293 2102 1319 2124 et
1332 2096 1456 2124 fenestra
1467 2095 1536 2130 ejus,
1548 2099 1574 2122 et
1590 2094 1737 2125 Elammo,

953 2153 980 2176 et
994 2147 1090 2182 palma
1103 2147 1162 2180 ejus
1176 2165 1183 2178 ,
1195 2145 1265 2172 sicut
1279 2147 1357 2178 porta
1372 2142 1523 2176 respiciens
1537 2141 1563 2168 in
1580 2141 1711 2168 orientem
1729 2149 1736 2167 :

954 2199 982 2222 et
996 2194 1023 2221 in
1037 2197 1138 2228 septem
1152 2190 1281 2226 gradibus
1291 2189 1370 2217 scalae
1381 2187 1562 2216 ascendebant
1571 2193 1652 2221 super
1663 2193 1737 2218 eum,

954 2245 981 2269 et
995 2239 1133 2268 Ailammo
1157 2237 1323 2264 intrincecus
1341 2243 1347 2260 :
1362 2234 1407 2261 23.
1431 2238 1458 2260 et
1481 2237 1559 2268 porta
1575 2233 1645 2260 atrio
1669 2233 1739 2259 inle-

954 2287 1019 2314 riori
1047 2284 1194 2318 respiciens
1207 2288 1290 2316 super
1308 2284 1413 2314 portam
1437 2278 1589 2313 aquilonis,
1606 2277 1738 2312 quemad-

954 2331 1064 2360 modum
1083 2337 1114 2357 +
1137 2333 1214 2364 porta
1237 2328 1261 2361 ζ,
1279 2333 1340 2361 qua
1361 2325 1470 2360 respicit
1486 2325 1514 2352 in
1539 2324 1669 2352 orientem
1689 2333 1696 2351 :
1712 2329 1738 2352 et

144 2440 185 2474 (ιι)
199 2439 242 2472 S.,
255 2441 312 2478 zelo
327 2441 440 2478 affectus
449 2450 509 2469 sutn
523 2441 594 2470 enim
610 2449 659 2478 pro
668 2443 777 2471 nomine
789 2448 885 2471 sancto
897 2451 966 2472 meo.
983 2443 1016 2470 Et
1027 2444 1173 2478 portarunt
1182 2439 1359 2478 ignominiam
1371 2445 1460 2478 suam,
1471 2441 1601 2478 etomttes
1616 2436 1738 2478 incurias

106 2470 183 2502 suas.
206 2470 244 2515 (at)
258 2475 299 2506 S.,
312 2481 338 2503 et
350 2476 486 2503 effundam
502 2470 627 2511 spiritum
643 2486 732 2505 meum
748 2470 831 2514 super
844 2470 1086 2506 domum'lsrat'alis.
1107 2470 1242 2515 (y)S.,'in.
1257 2481 1351 2515 mense
1362 2474 1468 2508 quinto.
1491 2472 1528 2534 qi.)
1545 2470 1587 2504 S.,
1601 2475 1629 2498 et
1642 2472 1737 2511 quies:

106 2518 171 2534 cere
185 2510 249 2534 feeit
265 2519 317 2534 me.
339 2511 423 2534 {msh
442 2512 477 2534 ah
492 2517 584 2534 unum
616 2513 652 2534 (hi
667 2512 694 2534 S,
727 2520 835 2534 nrnntar
848 2514 920 2534 anim
938 2514 963 2534 id
991 2517 1020 2534 ut
1030 2511 1254 2534 nctamlnlurtiht.
1270 2509 1442 2534 lnll'OdllClllS
1453 2515 1483 2534 es
1519 2514 1561 2534 uc.
1582 2507 1617 2534 (Ci
1634 2505 1676 2534 8..
1688 2515 1735 2534 (Im

105 2518 171 2537 cere
184 2510 249 2553 fecit
261 2519 317 2551 tne.
339 2509 594 2553 (utSt..abIatistro.
616 2513 652 2547 (b)
667 2512 708 2553 Si,
727 2509 835 2548 propter
848 2514 920 2553 enim
938 2514 974 2545 id,
991 2517 1020 2541 ut
1030 2509 1254 2553 ostendat'urtibi,
1270 2509 1442 2553 lnil‘Odlllfll‘lS
1453 2515 1483 2553 eis:

1519 2505 1561 2534 uc.
1582 2507 1617 2541 (ο)
1634 2505 1676 2538 8.,
1688 2506 1735 2540 qui

106 2552 173 2580 vero
189 2551 247 2572 erat
260 2546 286 2572 in
297 2542 379 2573 manu
389 2547 438 2574 viri
453 2548 574 2576 calamus
584 2542 746 2578 mensorius.
763 2542 808 2575 s'ex
822 2542 976 2576 cubitorum
987 2553 1044 2575 erat
1053 2556 1085 2575 ex
1094 2548 1187 2575 cubito
1198 2551 1225 2574 et
1236 2545 1334 2580 palmo.
1357 2543 1449 2580 (ἄλει,
1469 2542 1560 2569 Ιὶῐηθιι-
1581 2542 1616 2577 (ε)
1633 2542 1733 2568 ΕΛΕΥ-

107 2579 149 2619 3;.
164 2581 315 2619 quodaputl
331 2581 532 2619 illud,duorum
541 2583 706 2610 cubitorum.
727 2583 760 2619 (Γ)
771 2583 811 2615 S.,
825 2584 907 2611 limen
918 2592 981 2611 vero
990 2588 1073 2618 porta
1085 2579 1264 2619 intrinsecus;
1282 2579 1439 2619 parastades
1448 2582 1537 2604 autem
1547 2582 1734 2619 portaversus

106 2616 179 2642 viam
193 2616 366 2649 orientalem,
385 2622 440 2644 tres
456 2618 530 2649 hinc,
546 2623 573 2645 et
589 2624 643 2646 tres
658 2615 830 2650 inde,"unius
853 2615 996 2646 mensura'
1007 2623 1063 2645 tres
1084 2618 1146 2651 illa,
1164 2623 1196 2645 ’θ-
1211 2621 1239 2644 et
1253 2623 1268 2643 e
1290 2615 1429 2651 contrario
1444 2620 1584 2651 Incensura
1601 2615 1692 2651 unius,
1707 2615 1734 2638 et

105 2659 237 2687 mensura
251 2659 303 2678 una
319 2651 422 2679 liminis
437 2653 500 2679 ltinc
515 2657 542 2680 et
553 2654 615 2681 inde
633 2654 655 2687 ζ.

104 2693 155 2713 sex
170 2686 326 2713 cubitorum
344 2687 378 2713 ab
392 2688 466 2714 omni
482 2688 573 2716 latere.

694 2653 730 2688 (g)
748 2652 794 2691 8.,
804 2659 831 2691 et
851 2654 995 2691 terminum
1010 2658 1072 2680 ante
1083 2653 1252 2691 parastades.
1293 2652 1330 2684 (It)
1345 2652 1481 2691 tantum,
1491 2652 1682 2691 parastattes‘v

615 2682 645 2723 (ἣ
670 2682 759 2720 δίζόι
782 2682 846 2716 fecit
875 2689 1021 2723 peristases
1040 2682 1143 2721 septem
1159 2682 1325 2723 cubitorum,
1339 2688 1366 2711 et
1384 2684 1416 2723 in
1428 2683 1481 2723 his,
1503 2690 1563 2723 qua
1578 2682 1616 2723 ad
1632 2682 1732 2722 atrium

1293 2650 1330 2684 (lt)
1345 2647 1481 2684 θΑΥηδη
1491 2647 1651 2684 parastades
1668 2653 1733 2684 vero

104 2727 192 2755 porta
206 2729 253 2754 per
261 2722 416 2749 circuitum.
457 2722 492 2784 Vt)
510 2723 552 2755 8.,
565 2717 659 2751 versus
673 2717 767 2751 faciem
782 2732 848 2751 vero
860 2717 946 2758 porta
963 2717 1082 2757 antiqua
1097 2726 1192 2749 contra
1220 2720 1316 2747 faciem
1340 2718 1466 2746 vestibuli
1478 2722 1563 2752 porta
1581 2717 1731 2757 interimis.

104 2755 137 2784 (ll
150 2757 251 2783 Porta.
290 2756 338 2784 (ml
357 2756 398 2784 ὃ..
414 2762 441 2784 et
467 2764 581 2784 euestraa
597 2759 714 2784 obliqua
726 2759 759 2784 ad
776 2760 943 2784 narastades.
964 2763 990 2784 et
1007 2759 1040 2784 ad
1053 2758 1209 2784 oeristases.
1244 2755 1282 2784 (nl
1297 2753 1337 2781 3-.
1352 2754 1469 2784 exedm.
1492 2757 1518 2779 el
1534 2755 1731 2784 DaVlmenlum-

104 2755 137 2827 ξι)
150 2757 251 2783 Porta.

116 2793 142 2827 ο)
153 2792 251 2818 Colum

103 2827 139 2863 (ι)
155 2827 197 2861 8.,
212 2831 278 2854 ante
294 2832 399 2861 portam
420 2827 448 2864 (ἰ.
465 2837 489 2855 e.
500 2827 678 2864 vestibulum).

268 2873 406 2906 PATBOL.
439 2875 498 2906 GR.
517 2876 602 2908 XVI.

290 2756 338 2790 (ιη)
357 2756 398 2790 8.,
414 2762 441 2784 et
457 2756 581 2786 fenestra
597 2759 714 2793 obliqua
726 2759 760 2786 ad
776 2756 943 2794 parastades,
964 2763 990 2785 et
1007 2759 1044 2794 ad
1053 2758 1210 2794 peristases.
1230 2756 1282 2794 λη)

116 2787 142 2863 εἰς
153 2787 364 2819 Columnarum.
392 2787 438 2828 ’(ρ)
454 2793 495 2825 S.,
510 2794 543 2820 ab
556 2802 588 2821 eo
603 2787 675 2828 quod
687 2798 758 2822 ante.
776 2787 816 2830 '(q)
833 2793 910 2829 S.,et
920 2787 1078 2829 parastades
1090 2793 1158 2828 ejus.
1179 2791 1214 2827 (r)
1226 2787 1311 2822 S.,et
1326 2788 1419 2822 limen,
1430 2787 1503 2824 quod
1518 2795 1602 2822 supra
1615 2791 1731 2821 Pomm-

116 2834 128 2853 ι
155 2827 197 2861 8.,
212 2831 278 2854 ante
294 2832 399 2861 portam
420 2829 448 2863 (ἰ.
465 2837 489 2855 e.
500 2830 678 2863 vestibulum).

1244 2755 1282 2790 (rt)
1297 2753 1341 2790 8..
1352 2754 1469 2785 exedra,
1492 2757 1518 2790 et
1534 2752 1731 2786 pavimentum.

1535 2865 1574 2897 87
