1959 3079
207 127 274 153 Ἥὲὲί
758 118 870 148 CODEX

901 117 1298 146 SYRlACO-HEXAPLARIS.
1761 115 1830 143 9.759

207 190 319 210 mensus
340 185 382 209 est
398 179 495 207 atrium
513 186 527 206 a
543 182 620 213 porta
644 177 676 204 ad
693 181 799 211 portam
818 180 928 202 centum
945 183 993 202 cn-
1009 177 1029 205 Α
1045 174 1217 201 victimarum
1246 180 1329 207 super
1348 179 1417 206 quas
1441 171 1607 206 jngulabnnt
1635 169 1761 197 victimas
1786 179 1793 197 :
1817 177 1831 198 ε

208 229 289 255 bitos.
306 227 351 254 24.
377 226 408 253 Et
421 226 498 253 duxit
523 233 566 252 me
587 224 619 251 ad
636 229 777 255 austrum,
793 227 819 249 et
835 229 898 249 ecce
915 227 992 256 porta

209 274 359 308 respiciens
385 272 417 299 ad
446 275 588 302 austrum,
612 274 640 297 et
668 275 779 295 mensus
805 273 847 295 est
872 275 949 299 eam,
968 271 995 293 et

210 319 294 350 Tbce,
312 319 342 353 (ι)
357 323 382 345 ct
399 317 490 349 IElcu,
512 320 539 343 et
552 315 699 346 ALIammo,
720 313 870 341 secundum
885 321 994 340 mensu-

209 373 255 392 ras
269 365 328 391 has.
351 363 395 389 25.
414 363 445 388 Et
461 362 584 388 fenestrae
597 359 666 394 ejus,
682 363 708 386 ct
723 358 994 385 [Eiammo‘circum-

206 403 292 441 'circa,
302 409 371 435 sicut
384 407 508 434 fenestrzr
518 404 619 436 Hilam,
633 403 829 438 quinquaginta
842 402 993 429 cubitoruut

210 453 350 488 longitudo
365 453 434 487 ejus,
448 457 474 478 ct
488 450 602 478 latitudo
614 450 674 484 ejus
690 449 844 476 cubitorum
861 448 953 482 viginti
969 453 996 475 et

209 499 339 533 quinque,
364 496 408 523 26.
428 500 454 522 et
479 495 580 530 gradus
600 494 680 521 scalae
696 498 797 528 septem
817 493 876 527 ejus
889 513 896 524 ,
914 494 953 527 (α)
969 497 996 519 et

209 544 346 572 Elammo
366 542 542 571 intrinsecus,
556 544 583 566 et
599 540 696 574 palma:
709 539 784 573 ejus,
801 546 854 565 una
873 539 936 565 hinc
947 559 954 570 ,
968 542 996 564 et

209 597 264 618 una
286 589 349 616 inde
366 595 398 615 σιν
415 594 496 622 super
514 586 594 613 Aileu
617 586 640 620 ζ.
666 585 712 612 27.
727 585 761 611 Et
778 589 856 619 porta
870 585 907 619 (ac)
922 591 937 611 e
951 591 996 611 re-

210 636 290 670 gione
303 638 387 668 portm
402 633 463 660 atrii
480 631 617 659 interioris
632 631 665 658 ad
681 636 803 657 austrum
822 639 827 656 :
847 634 874 656 et
884 637 995 657 mensus

211 685 253 708 est
272 680 371 707 atrium
389 686 404 705 a
421 681 498 712 porta
513 677 546 704 ad
567 682 688 711 portam,
706 675 874 703 latitudinem
889 675 994 702 cubitos

211 731 319 753 centum
330 725 363 752 ad
381 728 516 751 austrum.
531 723 576 750 28.
589 723 622 750 Et
635 721 788 749 introduxit
798 729 842 749 me
858 721 884 748 in
897 721 994 748 atrium

211 772 326 799 interius
343 775 437 805 portat,
450 777 510 804 qua:
522 769 554 796 ad
567 773 702 801 austrum,
716 772 743 795 et
756 775 869 795 mensus
882 771 921 794 est
935 774 997 801 por-

638 815 648 827 ο

211 823 266 845 tam
279 839 286 851 ,
301 817 334 851 >4<
358 824 419 852 quae
438 817 470 844 ad
485 816 617 843 orientem
638 815 661 849 ζ,
681 814 830 842 secundum
853 820 996 840 mensuras

1046 220 1157 255 regione
1173 219 1217 246 42.
1235 223 1261 246 et
1277 223 1396 253 quatuor
1412 225 1512 244 mensa:
1528 216 1752 243 bolocaustorum
1769 216 1831 250 lapi»

1044 266 1100 292 deae
1123 265 1238 297 dolatae,
1264 263 1405 298 longitudo
1429 271 1462 289 ex
1484 262 1576 289 cubito
1597 269 1652 288 uno
1681 265 1706 288 rt
1720 261 1833 288 dimidio

1043 311 1113 345 ejus,
1131 315 1157 337 et
1177 310 1295 337 latitudo
1313 317 1345 336 ex
1363 309 1457 336 cui-ito
1472 316 1526 335 uno
1540 313 1566 335 et
1582 308 1696 335 dimidio
1712 308 1772 341 ejus
1783 328 1791 339 ,
1807 312 1833 334 et

1045 364 1129 391 super
1145 357 1266 383 cubitum
1282 357 1316 390 x
1331 363 1414 382 unum
1435 357 1445 390 ζ
1463 355 1577 381 altitudo
1597 363 1603 381 ε
1625 361 1707 388 super
1723 361 1770 380 eas
1786 353 1834 380 im-

1046 406 1148 437 ponent
1165 409 1240 433 vasa,
1254 402 1280 428 in
1299 402 1399 436 quibus
1418 401 1546 436 jugulnnt
1561 391 1596 427 ibi
1614 400 1792 431 holocausta,
1807 403 1834 426 et

1044 448 1180 474 victimas.
1206 448 1251 474 43.
1269 448 1303 482 (ε)
1331 446 1363 473 Ει
1378 447 1453 481 gisus
1469 447 1575 481 palmus
1597 451 1679 472 erunt.
1703 446 1744 472 eis
1757 465 1765 476 ,
1783 445 1834 472 do-

1046 494 1120 521 latus
1134 493 1298 520 intrinsecus
1311 501 1359 527 per
1375 492 1519 519 circuitum
1533 493 1567 525 β
1583 499 1630 526 per
1643 491 1788 518 circuitum
1809 491 1833 524 ζ,

1044 545 1071 568 et
1087 547 1168 575 super
1185 547 1295 566 mensas
1309 539 1425 573 desuper
1442 542 1510 565 tecta
1523 559 1529 570 ,
1547 541 1575 564 nt
1590 537 1750 571 operiuntur
1769 537 1801 569 Ἀ(
1818 544 1834 563 a

1045 585 1152 620 pluvia,
1174 589 1201 612 et
1224 592 1239 611 a
1263 583 1385 612 siccitate
1403 583 1426 616 ε.
1445 582 1490 609 44.
1511 581 1544 609 Et
1569 578 1722 609 introduxit
1744 589 1788 607 me
1807 581 1833 607 in

1037 631 1143 658 .atrium
1160 630 1286 662 interius,
1302 633 1328 656 et
1342 636 1405 656 ecec
1420 628 1528 656 exedra:
1541 628 1573 663 (Γ)
1592 628 1652 655 dum
1666 628 1692 654 in
1707 628 1778 654 atrio
1794 628 1835 654 in-

1040 677 1138 704 rteriori
1152 696 1159 708 ,
1175 684 1228 703 una
1243 676 1277 703 ab
1294 680 1390 703 austro
1404 679 1502 710 portat,
1519 674 1689 709 respicientis
1700 674 1733 700 ad
1754 674 1835 708 aqui-

1046 722 1155 754 lonem,
1179 729 1239 756 quae
1263 720 1316 748 fert
1337 720 1370 747 ad
1395 724 1516 747 austrum
1531 738 1538 750 ,
1560 723 1587 746 ct
1613 726 1668 745 una
1689 718 1723 744 ab
1742 721 1836 744 austro

1047 772 1147 801 portae,
1165 773 1226 798 qua:
1241 766 1274 792 ad
1289 769 1423 796 austrum,
1440 764 1611 799 respicientis
1626 770 1692 790 vero
1703 763 1736 789 ad
1752 762 1834 796 aqui-

1048 813 1150 840 lonem.
1179 812 1225 839 45.
1254 811 1286 838 Et
1313 811 1383 838 dixit
1405 811 1439 838 ad
1465 818 1509 837 me
1532 809 1659 837 :Exedra
1685 810 1752 840 haec,
1775 816 1837 842 quae

211 865 272 892 has.
292 864 337 891 29.
354 863 388 890 Et
403 863 486 895 Tltee,
501 867 527 888 et
539 861 630 893 Elea,
647 865 673 888 et
688 860 835 893 Ailammo,
850 860 999 888 secundum
1016 862 1037 891 η
1053 857 1164 892 respicit
1192 856 1225 884 ad
1242 860 1378 887 austrum,
1399 855 1588 883 sacerdotibus
1617 853 1835 882 custodientibus

212 915 357 936 mensuras
376 907 425 934 bas
440 925 447 938 ,
466 910 493 933 et
516 905 642 933 fenestrae
665 905 742 940 ejus,
768 909 795 932 et
815 904 952 932 Elammo
969 904 997 931 in

213 955 329 983 circuitu
344 955 376 987 )s(
391 953 416 980 in
433 953 550 980 circuitu
568 952 579 986 ζ
598 961 604 979 :
620 952 820 986 quinquaginta
838 951 922 978 cubiti
940 951 997 978 lon-

212 999 305 1034 gitudo
321 998 379 1032 ejus
392 1018 398 1028 ,
415 1001 440 1024 et
454 997 568 1024 latitudo
585 997 668 1023 cubiti
683 997 799 1031 vinginti
819 1002 845 1023 et
863 996 995 1031 quinque.

212 1044 256 1071 50.
279 1044 316 1078 (y)
336 1042 368 1069 Et
385 1041 476 1069 Ailam
493 1042 519 1068 in
536 1042 650 1069 circuitu
669 1043 702 1075 >ε<
719 1042 745 1068 in
765 1042 880 1068 circuitu
900 1043 923 1076 ξ,
937 1042 997 1068 lon-

212 1090 305 1125 gitudo
329 1089 448 1124 quinque
464 1093 491 1115 ct
515 1087 611 1122 viginti
638 1088 792 1115 cubitorum
807 1107 815 1118 ,
837 1091 863 1114 et
882 1087 998 1114 latitudo

212 1135 333 1170 quinque
351 1130 386 1166 Χ
400 1134 555 1162 cubitorum
581 1133 592 1167 ζ
612 1142 618 1160 :
638 1133 684 1160 3i.
706 1133 742 1168 (ι)
757 1137 784 1160 et
809 1132 946 1161 Elammo
969 1133 997 1160 in

213 1182 312 1209 atrium
332 1181 469 1212 exterius,
492 1184 519 1207 et
535 1180 631 1214 palmze
653 1179 691 1214 ((ι)
709 1179 759 1213 ipsi
774 1179 854 1206 Ailcu
869 1199 876 1210 ,
892 1183 918 1206 et
936 1183 998 1206 octo

213 1227 314 1262 gradus
332 1227 411 1253 scala:
429 1228 462 1259 >ε<
476 1233 606 1252 ascensus
621 1225 681 1259 ejus
700 1225 723 1259 ζ.
738 1225 782 1252 52.
801 1225 833 1252 Et
848 1225 999 1253 introduxit

214 1280 257 1300 me
272 1273 298 1299 in
317 1276 421 1310 portam
432 1270 621 1305 respicientem
638 1271 672 1303 Χ
685 1270 757 1296 viam
777 1270 787 1304 ζ
802 1269 836 1296 ad
853 1271 996 1302 orientem,

213 1324 239 1346 et
251 1310 363 1346 menses
374 1323 415 1345 cst
426 1325 485 1345 eam
501 1316 649 1344 secundum
665 1323 809 1343 mensuras
825 1315 885 1348 has,
900 1317 944 1344 55.
960 1316 997 1352 (b)

213 1369 240 1391 et
255 1364 337 1396 Thee,
354 1368 381 1391 et
395 1363 484 1395 Eleu,
500 1363 533 1397 (ε)
551 1361 739 1394 οιιλΕΙιιῐηηιο,
757 1361 907 1389 secundum
922 1369 996 1389 men-

214 1418 293 1437 suras
310 1410 358 1436 bas
370 1429 377 1443 ,
394 1414 421 1436 ct
439 1408 563 1435 fenestrae
577 1407 613 1438 ei,
632 1412 659 1434 et
675 1406 813 1443 IElammo
839 1407 866 1434 in
882 1408 997 1435 circuitu

214 1457 249 1490 Χ
259 1456 286 1482 in
301 1440 415 1482 circuitu
432 1453 551 1488 :,cubiti
563 1440 759 1487 quinquaginta
772 1453 913 1488 longitudo
928 1453 998 1488 ejus,

214 1506 241 1529 ct
255 1501 367 1528 latitudo
377 1501 461 1528 cubiti
473 1499 564 1534 viginti
577 1504 605 1526 ct
616 1500 746 1534 quinqtte.
759 1499 802 1526 54.
818 1500 851 1527 Et
861 1499 999 1526 (Elammo

216 1549 242 1574 in
257 1547 355 1577 atriqu
368 1547 491 1577 interius,
506 1550 534 1572 et
545 1545 641 1580 palma.-
652 1549 713 1572 ante
723 1544 800 1572 Elcu
815 1546 879 1573 hinc
890 1550 917 1572 et
927 1545 999 1577 inde,

214 1599 242 1622 et
255 1599 316 1621 octo
339 1593 439 1628 gradus
465 1592 545 1619 scala:
558 1592 592 1618 ci.
614 1590 659 1619 35.
679 1590 712 1618 Et
735 1591 886 1619 introduxit
902 1599 945 1618 me
966 1592 1000 1620 ad

215 1645 320 1674 portam
331 1660 338 1672 ,
356 1646 416 1673 qum
431 1639 463 1666 ad
479 1638 634 1672 aquilonem
649 1657 656 1669 ,
675 1641 702 1663 et
720 1644 831 1664 mensus
845 1641 887 1665 est
901 1645 999 1665 secun-

215 1685 280 1712 dum
308 1691 451 1711 mensuras
476 1684 534 1710 has.
565 1683 609 1710 56.
636 1682 668 1708 Et
697 1681 782 1714 'l‘hee,
811 1687 839 1710 et
856 1682 953 1715 Eleu,
974 1687 1002 1711 et

215 1730 366 1762 JElammo,
377 1729 537 1756 etfcnestrae
549 1728 573 1755 ei
583 1729 610 1754 in
621 1728 736 1755 circuitu
750 1730 782 1762 >ε<
796 1729 822 1755 in
839 1729 954 1756 circuitu
968 1730 979 1763 ζ
993 1738 1000 1756 :

216 1781 243 1804 et
262 1775 409 1806 Elammo,
426 1775 566 1808 longitudo
579 1774 637 1807 ejus
653 1774 852 1809 quinquaginta
869 1775 963 1806 cubiti,
976 1779 1003 1803 et

215 1822 331 1849 latitudo
350 1821 471 1856 quinque
488 1824 514 1847 ct
530 1820 624 1854 viginti
646 1820 742 1853 cubiti,
759 1820 804 1847 57.
820 1824 846 1848 et
865 1819 1002 1848 Elammo

216 1868 244 1894 in
260 1867 358 1894 atrium
374 1867 505 1897 exterius,
519 1870 546 1892 et
561 1865 657 1900 palma:
671 1865 750 1892 [Eleu
770 1865 833 1893 hinc
846 1870 873 1893 et
887 1866 959 1898 inde,
977 1870 1004 1894 et

217 1918 279 1940 octo
290 1913 388 1947 gradus
403 1912 482 1938 scala:
498 1912 534 1938 ei.
614 1911 647 1938 Et
662 1911 769 1938 exedra:
783 1912 842 1945 ejus
856 1933 863 1944 ,
879 1916 905 1939 et
921 1910 1004 1946 portae

218 1959 277 1994 ejus
291 1979 298 1990 ,
315 1963 340 1986 et
360 1958 497 1985 Atilammo
514 1958 573 1992 ejus
588 1965 669 1992 super
691 1959 786 1993 portis,
805 1965 835 1985 -:—
854 1958 890 1985 ibi
912 1958 1005 1985 lavant

219 2005 409 2032 holocaustum
426 2005 448 2039 ζ.
462 2005 506 2032 59.
524 2005 552 2031 ln
566 2004 654 2031 Aliam
668 2009 758 2031 autem
781 2007 865 2039 portae
879 2005 1004 2032 secundae

218 2049 307 2077 exitus
318 2057 396 2084 aqua:
409 2050 468 2077 dua:
482 2057 582 2077 mensa:
595 2050 658 2076 hinc
672 2050 696 2083 ζ,
709 2054 737 2077 et
747 2050 807 2078 dum
815 2058 916 2078 mensae
933 2051 1004 2084 inde,

219 2099 249 2122 ut
269 2095 410 2122 immolent
429 2097 455 2122 in
469 2102 499 2122 ea
522 2097 555 2130 »ε
575 2095 765 2123 holocaustum
779 2117 785 2129 ,
802 2101 829 2123 et
853 2097 864 2131 ζ
884 2105 945 2131 quae
965 2097 1004 2133 (ά)

220 2149 268 2176 pro
285 2145 406 2176 peccato,
430 2146 456 2168 et
469 2149 530 2176 qua:
543 2149 593 2176 pro
610 2142 777 2176 ignorantia.
796 2142 840 2168 40.
860 2142 892 2169 Et
907 2143 940 2170 ad
955 2151 1005 2170 au-

220 2191 306 2213 strum
331 2187 410 2213 rivuli
435 2187 656 2214 holocaustorum
668 2207 674 2218 ,
691 2188 723 2220 ᾖ(
740 2188 766 2213 in
782 2187 874 2214 limine
888 2193 973 2223 porta:
992 2189 1002 2222 ζ

220 2232 390 2266 respicientis
405 2232 437 2258 ad
451 2233 615 2266 aquilonem,
630 2233 691 2260 duze
707 2241 808 2260 mensze
821 2235 852 2260 ad
872 2235 1004 2261 orientem

220 2280 246 2305 in
260 2284 382 2306 austrum
399 2279 520 2311 alterius,
534 2284 562 2306 et
578 2279 666 2306 Ailam
683 2284 767 2314 portae
782 2281 843 2308 duae
858 2289 959 2309 mensae
973 2283 1007 2309 ad

221 2325 366 2350 orientem.
392 2324 436 2350 4i.
467 2323 592 2356 Quatuor
622 2331 723 2351 mensa:
740 2324 813 2357 hinc,
837 2331 864 2352 et
890 2331 1007 2360 quatuor

222 2378 322 2397 mensae
341 2369 404 2396 inde
422 2369 454 2396 ad
467 2373 591 2396 austrum
607 2373 691 2403 portae
703 2370 842 2402 australis,
859 2379 960 2399 mensae
973 2379 1004 2399 +

222 2507 249 2525 111
278 2506 307 2523 ea

222 2533 395 2559 vestibulum.
435 2533 472 2567 (7.)
489 2532 531 2563 8.,
544 2533 707 2560 vestibulum
720 2541 793 2561 vero.

268 2464 300 2498 (ι)
331 2462 372 2494 8.,
401 2470 462 2497 quae
491 2462 562 2505 apud
587 2470 657 2505 eam,
688 2464 907 2505 etuvestib'nlum
931 2465 998 2500 ejus.

1051 2469 1077 2502 ιι)
1109 2467 1152 2499 S.,
1189 2473 1217 2495 et
1250 2469 1415 2505 vestibulum
1441 2469 1500 2503 ejus
1528 2477 1620 2497 coram
1645 2469 1696 2496 cis.

315 2517 336 2538 ,ν
353 2505 413 2531 quae
437 2498 508 2538 apud
537 2498 732 2538 portam‘atrii
755 2498 952 2538 interioris,_et
968 2498 1051 2538 super
1068 2498 1156 2535 'eam,
1182 2511 1243 2538 quae
1265 2504 1440 2537 intrinsecus,
1455 2498 1500 2531 'in
1523 2510 1657 2532 austrum.

833 2535 871 2569 (α)
898 2535 938 2573 8.,
960 2536 993 2573 ad
1009 2544 1052 2568 ea,
1068 2545 1128 2573 quae
1151 2535 1222 2573 apud
1237 2547 1308 2566 eam.

1051 902 1203 931 custodiam
1220 902 1318 929 domus
1338 910 1344 915 ·
1368 901 1411 928 46.
1433 905 1460 928 et
1483 901 1583 928 exedra
1598 921 1604 932 ,
1630 900 1779 934 respiciens
1801 899 1836 926 ad

1051 949 1230 984 aquilonem,
1265 947 1457 975 sacerdotilms
1490 946 1707 974 custodientibus
1743 949 1837 972 custo-

1050 997 1122 1023 diam
1145 995 1238 1023 altaris
1256 1003 1275 1022 ει
1288 995 1316 1021 bi
1339 999 1403 1022 sunt
1418 994 1465 1020 ﬁlii
1489 993 1598 1020 Saddnc
1612 1013 1619 1024 ,
1645 994 1691 1027 qui
1703 992 1836 1019 aecednnt

1050 1036 1084 1069 de
1099 1041 1163 1068 Levi
1184 1041 1217 1068 ad
1236 1041 1391 1073 Dominum,
1406 1040 1438 1067 ad
1465 1038 1673 1067 ministrandum
1689 1038 1724 1064 ei.
1745 1037 1788 1064 47.
1805 1037 1838 1064 Et

1051 1093 1163 1113 mensus
1174 1090 1215 1112 est
1230 1087 1341 1117 atrium,
1352 1084 1494 1120 longitudo
1505 1084 1660 1111 cubitorum
1673 1087 1797 1113 centum,
1810 1085 1838 1108 ct

1052 1132 1168 1159 latitudo
1181 1131 1337 1158 cubitorum
1363 1135 1472 1158 centum
1484 1149 1492 1162 ,
1506 1137 1588 1164 super
1606 1134 1724 1164 quatuor
1744 1132 1838 1162 partes

1050 1178 1127 1213 ejus,
1145 1182 1172 1205 et
1187 1177 1272 1204 altare
1288 1185 1304 1204 e
1326 1177 1436 1211 regione
1453 1177 1563 1204 domus.
1579 1175 1623 1202 48.
1639 1175 1672 1202 Et
1689 1173 1838 1202 introduxit

1051 1233 1095 1252 me
1111 1225 1148 1259 (g)
1166 1225 1193 1251 in
1208 1223 1297 1251 IElam
1312 1223 1409 1250 domus
1423 1232 1430 1251 :
1447 1227 1473 1249 et
1491 1229 1603 1249 mensus
1617 1225 1659 1248 est
1673 1220 1774 1252 Ailam,
1788 1227 1838 1247 cu-

1051 1271 1169 1298 bitorum
1183 1270 1304 1305 quinque
1335 1277 1361 1296 νε-
1380 1269 1494 1296 latitudo
1510 1268 1521 1302 ζ
1537 1268 1599 1295 hinc
1611 1286 1619 1300 ,
1639 1272 1666 1294 et
1682 1266 1839 1294 cubitorum

1051 1317 1172 1352 quinque
1189 1316 1262 1347 inde,
1280 1320 1307 1343 et
1320 1315 1437 1342 latitudo
1452 1321 1534 1349 porta
1554 1321 1585 1341 -ιι
1599 1313 1755 1341 cubitorum
1772 1319 1839 1346 qua-

1051 1362 1215 1393 tuordecim,
1229 1366 1256 1389 et
1267 1362 1351 1389 latera
1364 1366 1448 1396 porta:
1459 1361 1548 1388 Aliam
1564 1360 1575 1394 ζ
1587 1359 1667 1386 trium
1684 1359 1839 1386 cubitorum

1052 1407 1131 1440 hinc,
1153 1411 1181 1434 et.
1203 1407 1284 1434 trium
1310 1408 1465 1434 cubitorum
1490 1406 1563 1433 inde.
1579 1405 1624 1432 49.
1646 1404 1679 1431 Et
1695 1403 1840 1438 longitudo

1051 1454 1142 1481 Elam
1158 1453 1252 1488 viginti
1268 1453 1434 1485 cubitorum,
1451 1457 1477 1480 et
1489 1451 1604 1478 latitudo
1618 1451 1774 1478 cubitorum
1790 1455 1841 1475 un-

1051 1499 1139 1527 decim
1159 1507 1165 1525 ε
1181 1504 1207 1526 et
1229 1506 1310 1533 super
1327 1498 1420 1525 decem
1441 1497 1541 1532 gradus
1555 1495 1740 1523 ascendebant
1758 1500 1841 1528 super

1013 1541 1034 1570 C
1051 1544 1116 1572 illud
1127 1564 1134 1577 ,
1149 1547 1176 1571 et
1190 1544 1325 1571 columnae
1339 1547 1417 1570 erant
1436 1542 1474 1577 (ὸ)
1488 1549 1569 1576 super
1581 1541 1671 1568 fElam
1690 1546 1744 1584 una
1759 1539 1835 1572 hinc,

1051 1591 1078 1614 et
1092 1593 1145 1613 una
1156 1585 1229 1612 inde.

1086 1626 1151 1662 Cap.
1174 1625 1242 1653 XLI.
1263 1639 1298 1645 —
1315 1625 1339 1651 l.
1359 1625 1392 1652 Et
1411 1625 1565 1652 introduxit
1582 1631 1626 1651 me
1643 1624 1670 1650 in
1691 1623 1839 1658 templum,

1052 1671 1096 1698 cui
1104 1678 1215 1698 mensus
1224 1675 1265 1697 est
1273 1669 1536 1702 [Elam,cubitorum
1548 1676 1594 1696 sex
1607 1668 1721 1695 latitudo
1730 1667 1838 1701 binc,2.

1052 1723 1078 1745 ct
1089 1717 1243 1745 cubitorum
1255 1715 1650 1750 sexlatitudoindexlatitudo
1662 1713 1840 1746 tabernaculi,

1052 1768 1079 1790 et
1099 1763 1110 1797 ζ
1127 1762 1244 1789 latitudo
1264 1763 1326 1790 estii
1343 1761 1498 1789 cubitorum
1513 1761 1606 1788 decem
1620 1780 1626 1792 ,
1638 1763 1665 1787 ct
1680 1759 1764 1787 latera
1777 1759 1840 1787 ostii

1053 1809 1174 1842 quinque
1185 1807 1336 1834 cubitorum
1348 1807 1420 1838 hinc,
1431 1810 1458 1834 et
1466 1805 1589 1841 quinque
1600 1806 1754 1833 cubitorum
1768 1805 1839 1832 inde.

1054 1853 1087 1880 Et
1101 1861 1213 1880 mensus
1233 1859 1276 1880 est
1296 1852 1492 1888 longitudinem
1518 1851 1579 1886 ejus
1601 1851 1755 1878 cubitorum
1773 1858 1842 1885 qua-

1053 1899 1188 1933 draginta,
1209 1903 1237 1926 et
1256 1899 1428 1926 latitudinem
1452 1897 1606 1925 cubitorum
1633 1898 1739 1932 viginti.
1766 1898 1793 1924 5.
1809 1896 1843 1924 Et

1054 1944 1197 1977 ingressus
1218 1948 1259 1970 est
1277 1944 1303 1970 in
1323 1944 1422 1970 atrium
1447 1943 1571 1976 interius,
1587 1948 1614 1970 et
1630 1951 1741 1970 mensus
1754 1947 1797 1970 est
1812 1944 1842 1977 (ί)

1057 1988 1101 2015 [El
1122 1993 1207 2023 portae
1219 2009 1227 2021 ,
1243 1989 1359 2016 duorum
1376 1989 1529 2016 cubitorum
1542 2009 1548 2020 .
1575 1990 1607 2022 3K
1630 1993 1656 2016 et
1673 1993 1780 2023 portam
1797 1996 1843 2016 sex

1058 2035 1176 2067 cubitos,
1208 2035 1232 2067 ζ,
1254 2041 1281 2061 et
1299 2035 1382 2061 latera
1401 2039 1485 2068 portae
1501 2034 1655 2062 cubitorum
1682 2038 1785 2068 septem
1810 2040 1842 2062 +

1056 2080 1120 2107 hinc
1138 2101 1145 2113 ,
1164 2085 1191 2107 et
1214 2081 1368 2108 cubitorum
1393 2085 1495 2115 septem
1519 2080 1581 2106 inde
1605 2081 1628 2115 ζ.
1643 2080 1670 2108 4.
1685 2079 1718 2107 Et
1733 2087 1844 2107 mensus

1060 2126 1101 2148 est
1130 2103 1333 2155 longitudinem
1362 2103 1501 2155 portarum
1531 2103 1638 2149 cubitos
1668 2121 1704 2156 (Ir)
1729 2121 1842 2155 viginti,

1059 2166 1087 2188 et
1114 2162 1284 2189 latitudinem
1312 2163 1466 2190 cubitorum
1495 2163 1720 2197 viginti,versus
1747 2162 1845 2189 faciem

1023 2214 1043 2240 D
1059 2204 1161 2237 templi.
1176 2203 1208 2230 Et
1225 2203 1293 2230 dixit
1307 2206 1340 2238 Χ
1359 2204 1391 2231 ad
1406 2212 1449 2231 me
1464 2205 1475 2238 ζ
1492 2212 1497 2229 :
1511 2203 1567 2231 lluc
1584 2203 1714 2230 Sanctum
1728 2202 1843 2230 Sancto-

1061 2255 1131 2274 rum.
1153 2247 1180 2273 5.
1195 2247 1228 2274 Et
1252 2255 1364 2275 mensus
1377 2253 1418 2275 est
1432 2249 1561 2283 parietem
1578 2249 1676 2275 domus
1692 2249 1846 2275 cubitorum

1061 2299 1119 2323 sex,
1129 2291 1330 2319 etlatitudinem
1342 2292 1434 2320 lateris
1441 2293 1593 2320 cubitorum
1601 2298 1718 2327 quatuor
1728 2293 1846 2320 circum-

1060 2343 1133 2362 circa
1149 2337 1182 2370 >ξ<
1202 2335 1295 2363 domui
1309 2344 1356 2371 per
1377 2337 1521 2364 circuitum
1537 2338 1560 2372 ζ,
1581 2338 1607 2364 6.
1625 2342 1651 2364 et
1673 2338 1756 2364 latera
1777 2338 1847 2364 latus

1061 2386 1143 2413 super
1159 2379 1230 2406 latus
1244 2380 1356 2414 triginta
1369 2385 1396 2408 ct
1410 2381 1461 2408 tria
1475 2381 1581 2408 duabus
1597 2381 1713 2412 vicibus,
1723 2382 1753 2417 (ι)
1766 2386 1793 2408 ct
1808 2382 1848 2408 in-

1750 2469 1789 2504 (π)
1807 2470 1845 2502 5-.

1713 2505 1750 2541 (ει)
1768 2505 1809 2537 5.,
1824 2510 1848 2532 et

1348 2539 1385 2574 (b)
1402 2540 1443 2569 5.,
1464 2544 1491 2566 et
1508 2540 1678 2574 parastades,
1695 2539 1768 2567 et'ca
1789 2547 1848 2574 quae

222 2569 379 2610 aptn‘teauj,
397 2567 574 2610 etivestilbula
585 2568 675 2610 ejus.‘
698 2570 732 2604 (ρ)
751 2569 794 2610 S_.,
808 2567 841 2596 et
854 2567 998 2610 vestibula.
1039 2567 1217 2608 (d)'Propier.
1258 2574 1290 2609 (ε)
1310 2567 1357 2606 8.ξ
1375 2567 1409 2601 ἐι
1431 2567 1604 2608 labia-palmi
1624 2567 1718 2603 unius.-
1757 2567 1847 2610 (n.8,,

223 2602 412 2642 laudatoribus
428 2602 454 2628 in
467 2603 537 2629 atrio
549 2603 688 2644 exteriori,
701 2602 772 2638 quod
785 2612 866 2638 super
891 2606 963 2644 latus
987 2602 1082 2641 portae,
1109 2602 1170 2643 quz'e
1183 2602 1288 2637 versus,
1297 2602 1509 2644 septentrionem
1550 2609 1636 2637 facies
1649 2602 1739 2637 autem
1753 2602 1848 2636 eali-nui

223 2644 319 2680 versus
332 2644 486 2680 viain,nquaa
502 2645 596 2680 versus
613 2642 823 2680 ausu-unitu’na
839 2647 921 2674 super
934 2641 1005 2668 latus
1020 2648 1104 2676 portae
1117 2641 1273 2680 orientalis,
1286 2641 1345 2680 quae
1358 2649 1463 2678 spectat
1476 2641 1572 2672 versus
1593 2646 1664 2672 viam
1681 2645 1848 2680 septentrio-

225 2671 344 2715 qalem.‘A
358 2670 496 2715 (g)”S|.',nin
511 2673 686 2715 vestibulum.
715 2674 764 2715 ill)
781 2670 920 2715 S.,snper
935 2683 967 2702 ea
985 2670 1045 2715 qua:
1058 2678 1129 2712 apud
1148 2670 1224 2715 illud.
1237 2670 1848 2715 riii)‘5.,unodﬁapudﬁportam.“(uidua-

224 2706 430 2750 dragir'ita.rkjlj
444 2706 488 2750 78.,
505 2712 532 2750 et
542 2706 1055 2750 circumibanttransituspropter-hoc
1075 2706 1123 2747 per
1148 2706 1401 2748 parietem'domiis
1425 2706 1507 2750 super
1531 2706 1614 2742 la'tera
1636 2706 1685 2750 per
1701 2706 1797 2750 ἀείκιιῶ
1813 2715 1848 2742 ad

504 2747 580 2789 lie
594 2743 784 2778 contingerent
799 2740 940 2789 pariet-eun
953 2746 1051 2774 domus
1068 2740 1114 2788 :l‘et
1129 2740 1217 2782 piatea
1226 2740 1285 2776 erat
1299 2740 1469 2777 circumiens
1479 2740 1730 2784 Ascéii’déﬁs’sipé’r"
1739 2740 1848 2789 illius;

225 2776 354 2819 quoniam
369 2775 493 2819 cingebat
508 2777 618 2819 domum
631 2775 773 2818 ascensus,
800 2775 919 2819 'ed-ucens
934 2789 1044 2819 sursum
1061 2775 1138 2819 eirea
1160 2775 1283 2811 domum.
1303 2775 1849 2819 ribii’é’r‘inié‘énii'éi'iaiitiiiio’abinhi

226 2817 355 2846 superne.
372 2810 417 2837 Sic
428 2811 509 2846 igitur
525 2811 559 2838 ab
572 2811 695 2840 inferiori
713 2815 909 2842 ascendebatur
926 2817 958 2842 ad
975 2818 1103 2852 superius
1117 2818 1176 2852 ejus
1190 2810 1279 2854 usque
1290 2810 1472 2848 adiutre'dium.
