1959 3079
147 114 219 144 2755

754 115 956 144 HEZECIELIS
975 115 1088 143 CAPUT
1109 115 1187 143 XLII.

1700 117 1770 144 2754

147 171 292 199 tervallum
308 178 393 198 unum
407 171 503 206 parieti
517 172 614 199 domus
628 171 655 199 in
676 172 807 199 lateribus
821 179 869 207 per
882 172 936 199 cir—
951 173 975 202 Α
989 179 1066 204 rum,
1082 173 1114 205 Χ
1129 175 1156 199 et
1174 171 1287 199 latitudo
1306 173 1316 207 ζ
1333 173 1486 201 cubitorum
1505 173 1621 200 duorum
1640 183 1646 200 :
1663 178 1690 201 et
1709 182 1771 201 cor-

146 215 253 243 cuitum
269 216 304 249 χ
315 222 363 250 per
376 215 520 243 circuitum
539 215 564 249 ζ,
582 219 612 242 ut
625 220 697 242 esset
710 214 939 250 apprehendenti-

146 261 199 288 bus
218 261 251 288 ad
267 260 424 292 videndum,
443 265 474 287 ut
487 261 600 288 omnino
616 268 671 288 non
685 261 873 296 contingerent
889 267 937 294 pa-

147 307 231 334 rietes
246 307 356 333 domus.
372 307 396 333 7.
413 305 447 333 Et
460 306 576 335 latitudo
588 306 681 334 lateris
698 306 849 341 superioris
860 305 938 340 juxta

147 351 368 378 additamentum
386 351 502 378 laterum
525 358 557 378 ex
575 351 678 385 pariete
693 351 726 378 ad
744 351 871 386 superius
888 357 938 384 per

148 397 294 423 circuitum
316 397 349 430 )t(
368 404 417 431 per
442 396 588 423 circuitum
607 397 618 430 1
639 396 748 427 domus,
767 400 796 423 ut
809 396 939 423 dilatetur

147 442 248 469 domus
266 442 394 476 desuper,
409 446 437 468 et
451 449 484 469 ex
500 441 622 469 inferiori
639 441 789 469 ascendant
803 441 835 468 ad
854 448 937 474 supe-

148 487 232 517 riora,
246 490 273 513 ct
284 494 317 514 ex
331 486 427 514 mediis
436 494 517 521 super
532 493 563 514 σε·
579 486 709 514 habentia
725 487 776 514 tria
787 490 857 513 tecta
871 485 899 512 8.
912 489 940 512 et

148 531 249 558 Tln'acl
268 531 280 565 1
297 531 396 559 domus
410 531 525 558 altitudo
541 539 588 566 per
604 532 749 559 circuitum
767 533 800 566 >ε<
821 538 870 566 per
886 532 940 558 cir-

150 577 255 604 cuitum
271 575 297 610 1,
308 576 356 611 (m)
371 580 398 603 et
408 577 580 604 intervallum
595 577 710 604 laterum
720 578 823 613 aequale
833 577 939 605 calamo

150 622 306 649 cubitorum
324 629 390 654 sex,
411 623 449 657 (η)
468 622 651 650 intervallum.
669 623 695 650 9.
713 623 745 650 Et
759 623 874 651 latitudo
889 631 938 658 pa-

150 667 225 694 rietis
238 667 332 694 lateris
353 673 385 695 -t—
401 667 428 694 in
445 668 478 695 iis
493 668 504 703 1
517 676 577 703 qua:
589 669 760 696 extrinsecus
777 670 933 697 cubitorum

151 712 272 747 quinque
283 732 290 745 ,
307 712 344 747 (ο)
358 717 385 740 et
400 713 505 748 reliqua
525 714 595 741 inter
615 714 700 741 latera
718 714 815 742 domus
828 735 835 747 ,
857 715 898 742 iO.
913 718 939 742 et

152 758 223 785 inter
235 758 360 790 excdras,
375 759 489 786 latitudo
501 760 656 786 cubitorum
676 760 780 795 viginti,
793 760 938 787 circumte-

151 803 239 829 rentia
247 801 339 829 domui
351 810 398 837 per
406 803 550 830 circuitum
560 805 594 838 χ
605 811 651 838 per
657 804 800 831 circuitum
810 805 833 839 1.
843 805 884 831 Η.
899 804 937 840 (ρ)

151 845 186 873 Et
198 851 284 882 portae
297 848 458 874 exedrarum
475 856 556 883 super
568 849 708 884 _reliquum
730 854 815 883 porta:
837 849 936 883 unius,
952 847 973 875 Β

150 900 212 927 quae
230 892 263 919 ad
278 893 435 927 aquilonem
452 903 458 921 ε
477 898 504 921 et
520 894 621 921 ostium
649 902 732 922 unum
747 895 779 922 ad
796 899 933 927 austrum,

149 943 178 965 et
193 938 308 965 latitudo
322 938 433 966 luminis
452 940 552 974 reliqui
570 941 621 967 loci
642 941 766 973 oratorii,
783 933 936 968 cubitorum

151 984 273 1018 quinque
291 991 322 1011 +
342 984 455 1012 latitudo
469 985 646 1013 circumcirca
667 985 691 1018 1.
711 985 752 1012 l2.
765 986 802 1021 (q)
820 986 852 1013 Et
865 987 938 1020 quod

152 1034 261 1064 separat
276 1035 338 1058 ante
354 1030 449 1058 faciem
465 1031 562 1065 reliqui
575 1033 608 1065 )K
620 1032 664 1058 via
683 1032 694 1066 1
712 1031 783 1058 sicut
799 1031 832 1058 ad
850 1039 936 1064 mare,

151 1076 186 1108 x
208 1075 361 1103 latitudinis
390 1075 403 1109 1
428 1076 583 1103 cubitorum
607 1077 776 1111 septuaginta
803 1076 938 1109 latitudo,

150 1120 263 1154 parietis
279 1121 431 1154 separantis
445 1120 598 1148 cubitorum
614 1121 734 1155 quinque
749 1120 866 1147 latitudo
882 1121 938 1148 cir-

150 1166 300 1197 cumcirca,
308 1171 334 1193 et
343 1166 481 1201 longitudo
491 1166 550 1201 ejus
561 1167 707 1201 nonaginta
716 1166 881 1193 cubitorum.
893 1167 936 1193 15.

151 1211 186 1238 Ει
201 1219 314 1239 mensus
327 1216 368 1239 est
383 1213 416 1246 Χ
431 1217 526 1239 contra
547 1213 557 1246 1
575 1212 686 1239 domum
704 1221 710 1239 :
730 1211 873 1247 longitudo
890 1219 938 1239 cu-

150 1258 270 1285 bitorum
297 1263 406 1285 centum
419 1277 427 1291 ,
446 1257 481 1293 (r)
498 1261 525 1285 et
542 1257 664 1292 reliqua,
688 1262 716 1285 et
730 1258 897 1292 separantia,
913 1263 939 1286 et

155 1305 273 1339 parietes
281 1312 386 1337 eorum,
396 1304 536 1339 longitudo
543 1303 698 1331 cubitorum
709 1308 829 1331 centum.
849 1305 893 1332 14.
905 1304 939 1334 Et

152 1352 268 1379 latitudo
292 1356 354 1383 ante
371 1351 467 1378 faciem
492 1351 608 1384 domus,
633 1352 714 1387 (s).et
739 1351 861 1386 reliqua,
879 1358 939 1386 quae

150 1403 259 1429 contra,
274 1397 428 1424 cubitorum
448 1401 567 1424 centum.
587 1397 630 1424 l5.
647 1397 679 1424 Et
695 1404 808 1425 mensus
823 1401 866 1424 est
879 1397 939 1424 lon-

150 1443 301 1479 gitudinem
318 1443 471 1478 separantis
494 1447 557 1470 ante
579 1442 676 1470 faciem
701 1443 801 1478 reliqui
822 1450 938 1476 eorum,

149 1496 212 1524 quae
226 1493 288 1523 post
304 1489 415 1515 domum
435 1488 508 1515 illam
519 1507 526 1520 ,
557 1492 584 1515 et
600 1487 706 1522 reliqua
723 1488 786 1515 hinc
808 1492 835 1515 et
851 1487 914 1515 inde
926 1509 933 1520 ,

148 1535 305 1563 cubitorum
319 1539 427 1562 centum
448 1541 477 1562 ομ
495 1534 639 1570 longitudo
653 1535 665 1568 ζ
682 1543 690 1561 :
706 1538 732 1561 et
749 1535 893 1570 templum,
909 1539 936 1562 et

149 1580 256 1616 anguli,
277 1580 309 1616 (ι)
324 1586 351 1608 et
372 1579 462 1608 Elam
485 1581 604 1608 exterius
619 1602 626 1614 ,
645 1581 817 1608 obumbrata.
844 1581 886 1608 16.
903 1581 936 1608 Et

150 1628 278 1655 fenestra:
299 1627 397 1654 retium
412 1627 581 1654 sublucentia
597 1634 645 1662 per
667 1627 810 1654 circuitum
832 1627 914 1654 trium
926 1646 933 1659 ,

150 1674 224 1700 sicut
238 1673 269 1700 ad
284 1672 503 1708 prospiciendum
519 1682 524 1699 :
542 1678 568 1700 et
583 1673 681 1699 domus
693 1693 700 1705 ,
714 1676 741 1699 et
755 1680 815 1706 quae
828 1671 855 1698 in
872 1679 934 1706 pro-

150 1719 255 1754 pinquo
272 1719 389 1745 obducta
403 1718 484 1752 lignis
503 1725 550 1752 per
565 1717 709 1745 circuitum
726 1719 759 1752 Ἀ(
775 1725 822 1752 per
836 1717 936 1745 circui-

151 1771 209 1792 tum
225 1765 249 1798 1,
263 1771 294 1791 -i-
309 1769 336 1791 et
350 1770 449 1791 terram
462 1764 559 1791 domus
577 1764 601 1798 ζ,
617 1768 644 1790 et
658 1771 672 1789 a
688 1769 761 1790 terra
775 1763 873 1790 domus
888 1770 934 1790 us-

149 1819 205 1846 que
222 1810 256 1837 ad
273 1809 406 1838 fenestras
424 1819 431 1836 :
448 1814 475 1837 et
490 1809 618 1836 fenestrae
634 1813 757 1844 patentes
781 1809 934 1844 triplicitcr,

150 1857 224 1884 sicut
237 1856 271 1884 ad
282 1856 513 1891 prospiciendum,
527 1856 572 1882 l7.
586 1861 612 1883 et
627 1863 715 1890 usque
725 1855 759 1882 ad
772 1855 882 1882 domum
895 1854 935 1888 (u)

149 1903 331 1937 propinquant
346 1902 494 1935 interioris,
510 1906 538 1929 et
554 1910 640 1937 usque
656 1902 690 1928 ad
707 1902 870 1929 exteriorem
887 1910 893 1927 :
910 1905 937 1927 et

150 1955 235 1983 super
253 1956 361 1975 omnem
385 1948 515 1983 parietem
535 1956 582 1982 per
597 1948 742 1975 circuitum
768 1949 803 1981 X
822 1955 869 1982 per
882 1947 936 1974 cir-

149 1993 255 2021 cuitum
277 1993 479 2028 1intrinsecus,
497 1997 524 2020 et
543 1993 712 2020 extrinsecus
731 1994 766 2027 Χ
788 2000 933 2024 mensurae,

151 2039 196 2066 18.
214 2039 267 2073 et1
284 2039 431 2066 Cherubim
449 2039 551 2071 caelata,
563 2043 590 2065 et
607 2039 712 2074 palmm,
725 2044 752 2065 et
763 2039 851 2074 palma
867 2039 937 2065 inter

150 2085 262 2112 Cherub
276 2089 303 2112 et
318 2084 426 2112 Clierub
443 2093 451 2110 :
467 2085 525 2111 dua:
540 2084 624 2112 facies
636 2084 761 2112 Cherubo
774 2106 780 2117 ,
796 2084 838 2111 19.
854 2084 936 2111 facies

150 2130 269 2158 hominis
283 2125 446 2164 ad'palmam
461 2130 523 2157 hinc
535 2134 561 2156 et
577 2130 651 2162 hinc,
665 2133 693 2157 et
707 2129 791 2157 facies
806 2129 891 2157 leonis
903 2130 936 2156 ad

991 225 1044 244 nua
1057 222 1134 244 erant
1147 218 1172 245 ei
1185 237 1191 249 ,
1211 222 1238 244 et
1253 218 1326 246 basis
1340 219 1399 254 ejus
1412 239 1419 252 ,
1435 224 1462 246 et
1475 219 1592 254 parietes
1605 219 1665 254 ejus
1680 220 1771 255 lignei.

990 263 1024 290 Et
1040 264 1108 290 dixit
1135 264 1168 290 ad
1183 271 1226 291 me
1247 273 1254 291 :
1276 263 1338 292 Haec
1362 272 1457 292 mensa
1475 285 1481 296 .
1505 272 1565 300 quae
1584 272 1675 292 coram
1702 266 1770 293 facie

990 308 1098 336 Domini
1119 319 1125 336 :
1146 314 1173 336 et
1187 309 1248 337 duae
1267 309 1340 338 fores
1366 311 1466 346 templo
1480 332 1487 344 ,
1505 315 1533 338 et
1551 311 1715 338 Sanctuario
1733 312 1771 347 (a)

990 354 1050 381 dua:
1068 353 1150 387 fores,
1167 354 1212 381 23.
1229 354 1273 381 24.
1291 355 1396 382 duabus
1415 355 1522 382 foribus
1538 355 1772 383 circumeuntibus

990 407 1071 434 super
1082 400 1238 427 cardinibus
1250 408 1257 427 :
1269 400 1329 427 dua:
1340 400 1413 428 fores
1426 401 1482 434 uni,
1500 406 1526 428 et
1538 401 1598 428 dure
1605 401 1678 428 fores
1689 407 1773 436 portas

990 446 1116 473 secundae
1134 455 1140 472 :
1156 445 1201 473 25.
1219 450 1247 473 et
1263 447 1390 474 caelatura
1407 455 1488 482 super
1501 448 1552 479 eis,
1565 451 1591 474 et
1604 455 1685 482 super
1700 447 1772 474 fores

990 491 1082 526 templi
1101 491 1259 525 Clterubim,
1284 496 1311 519 et
1325 493 1421 526 palma:
1434 493 1511 527 juxta
1530 494 1686 520 carlaturam
1703 493 1773 519 San-

990 536 1151 570 ctorum,(b)
1165 537 1267 571 etligna
1280 537 1451 570 impudentia:
1459 541 1553 564 contra
1566 537 1661 565 faciem
1679 537 1770 564 Elam

989 581 1153 613 forinsecus,
1166 581 1211 608 26.
1223 586 1255 609 .et
1271 581 1399 609 fenestrae
1414 582 1582 609 abscondita:
1597 592 1603 610 :
1618 587 1646 610 et
1660 590 1772 610 mensus

988 630 1029 653 est
1042 626 1105 653 hinc
1119 631 1146 653 et
1163 627 1225 654 inde
1237 646 1244 659 ,
1262 627 1289 654 in
1309 627 1446 661 laquearia
1465 626 1554 654 AElam
1570 647 1577 659 ,
1592 627 1627 662 (ε)
1645 632 1671 654 et
1687 627 1771 654 latera

989 672 1087 699 domus
1100 672 1236 706 copulata.

1023 717 1090 752 Cap.
1106 717 1186 745 XLII.
1203 732 1236 738 —
1251 719 1277 745 L
1294 718 1327 746 Et
1344 718 1496 746 introduxit
1509 725 1552 745 mc
1573 718 1599 744 in
1614 718 1714 744 atrium
1732 718 1770 744 in-

990 763 1074 791 terius
1092 770 1123 791 -ί-
1143 771 1239 792 versus
1250 764 1380 791 orientem
1397 765 1409 799 1
1426 768 1518 792 contra
1534 768 1650 798 portam,
1664 771 1724 798 qua:
1737 764 1772 791 ad

989 810 1142 844 aquilonem
1160 819 1166 837 :
1185 815 1212 837 et
1231 810 1380 838 introduxit
1400 818 1443 837 me
1455 830 1462 841 ,
1482 814 1509 837 ct
1531 817 1595 837 ecce
1616 810 1723 837 exedra:
1739 817 1771 837 -θ-

987 856 1107 891 quinque
1125 855 1137 890 1
1155 855 1313 890 propinquae
1337 856 1442 890 reliquo
1454 876 1462 889 ,
1480 860 1507 882 et
1522 856 1682 890 propinqua:
1697 863 1772 890 sepa-

987 902 1057 929 ranti
1067 902 1100 929 ad
1113 901 1279 936 aquilonem,
1295 901 1322 928 2.
1339 902 1372 935 >ε<
1385 901 1422 936 (d)
1438 909 1533 929 versus
1550 902 1647 929 faciem
1668 901 1772 935 1supcr

987 946 1093 974 CUIIllOS
1113 951 1222 973 centum
1236 946 1376 981 longitudo
1389 947 1422 974 ad
1437 946 1603 981 aquilonem,
1618 950 1644 972 et
1659 946 1772 973 latitudo

987 991 1182 1027 quinquaginta
1206 992 1360 1019 cubitorum
1390 1001 1398 1018 :
1417 992 1444 1019 '5.
1465 991 1606 1026 descriptae
1618 1011 1624 1022 ,
1641 991 1772 1026 quemad-

988 1037 1097 1064 modum
1117 1041 1202 1071 portae
1219 1037 1281 1064 atrii
1305 1037 1443 1064 interioris
1456 1056 1464 1068 ,
1488 1041 1516 1064 et
1536 1037 1769 1071 quemadmodum

988 1082 1196 1109 intercolumnia
1220 1082 1282 1108 atrii
1306 1082 1450 1109 exterioris
1466 1082 1597 1109 ordinatae
1617 1086 1710 1108 contra
1733 1081 1773 1108 fa-

988 1127 1056 1154 ciem
1072 1129 1113 1155 sui
1126 1128 1240 1155 invicem
1255 1128 1376 1162 porticus
1394 1127 1470 1155 trina:
1486 1136 1492 1154 :
1514 1128 1541 1154 ι.
1560 1131 1587 1154 et
1601 1132 1695 1154 contra
1710 1134 1773 1154 exe-

988 1174 1052 1200 dras
1074 1173 1261 1201 ambulacrum
1287 1173 1440 1200 cubitorum
1466 1173 1558 1200 decem
1582 1173 1712 1204 latitudo,
1740 1179 1772 1199 ψ

988 1226 1071 1254 super
1083 1219 1191 1246 subitos
1201 1224 1310 1246 centum
1321 1218 1461 1253 longitudo
1477 1219 1501 1253 ζ,
1522 1220 1554 1252 >ς<
1571 1218 1604 1253 (e)
1619 1219 1645 1244 in
1658 1218 1772 1245 interius

992 1266 1004 1300 1
1023 1266 1092 1292 viam
1113 1265 1184 1292 ulna:
1196 1265 1279 1292 unius
1291 1285 1298 1296 ,
1313 1269 1340 1293 et
1356 1265 1426 1292 ostia
1440 1272 1535 1292 earum
1551 1264 1583 1291 ad
1596 1264 1752 1298 aquilonem
1763 1284 1772 1297 ,

1044 1315 1071 1338 et
1091 1311 1248 1338 ambulacra
1271 1311 1412 1346 superiora
1428 1310 1554 1338 similiter
1572 1318 1578 1335 :
1603 1310 1666 1344 quia
1682 1310 1774 1337 exibat

989 1355 1227 1383 intercolumnium
1241 1375 1248 1387 ,
1266 1363 1298 1383 ex
1319 1363 1351 1383 eo
1365 1375 1372 1388 ,
1394 1363 1427 1382 ex
1454 1355 1574 1382 inferiori
1600 1362 1632 1382 νε-
1656 1354 1773 1383 interco-

988 1401 1112 1434 lumnio,
1143 1406 1170 1428 et
1190 1402 1361 1428 intervallum
1384 1402 1394 1436 1
1418 1411 1424 1428 :
1446 1402 1486 1428 sic
1509 1400 1749 1428 intercolumnium
1763 1420 1772 1431 ,

988 1451 1014 1474 ct
1038 1447 1207 1474 interrallum
1221 1468 1229 1480 ,
1251 1446 1278 1474 6.
1294 1454 1324 1474 -ξ-
1350 1451 1377 1474 et
1397 1447 1437 1474 sic
1463 1446 1585 1482 porticus
1601 1446 1612 1480 1
1630 1446 1715 1481 :quia
1740 1447 1773 1482 (ί)

988 1492 1107 1527 triplices
1121 1497 1209 1525 erant,
1224 1497 1250 1519 et
1265 1493 1398 1520 columnae
1408 1500 1462 1519 non
1477 1497 1555 1520 erant
1572 1493 1623 1524 eis,
1643 1492 1714 1520 sicut
1726 1500 1771 1520 co-

986 1537 1085 1565 lumnae
1096 1538 1260 1565 exteriorum
1274 1546 1280 1564 :
1298 1543 1407 1572 propter
1419 1539 1470 1565 hoc
1482 1538 1517 1573 (g)
1531 1538 1641 1565 exibant
1652 1538 1725 1566 foras
1737 1539 1771 1566 ab

986 1582 1160 1610 inferioribus
1170 1602 1177 1614 ,
1192 1586 1219 1609 et
1231 1582 1328 1610 mediis
1341 1590 1357 1610 e
1380 1587 1451 1610 terra
1472 1585 1505 1616 Ξ(
1534 1583 1732 1618 quinquaginta
1747 1584 1771 1618 1.

987 1628 1011 1655 7.
1038 1628 1071 1655 Et
1086 1628 1177 1654 lumen
1201 1627 1375 1660 forinsecus,
1406 1628 1635 1662 quemadmodum
1667 1629 1773 1656 exedra:

985 1675 1046 1701 atrii
1059 1674 1213 1706 exterioris,
1227 1673 1405 1708 respicientes
1416 1679 1510 1700 contra
1525 1673 1650 1706 exedras,
1668 1681 1698 1701 -ε-
1712 1681 1773 1708 qua:

985 1721 1019 1748 ad
1047 1720 1203 1755 aquilonem
1235 1720 1259 1754 ζ,
1284 1719 1424 1754 longitudo
1448 1719 1604 1746 cubitorum
1634 1720 1771 1755 quinqua-

985 1767 1069 1802 ginta.
1086 1766 1112 1794 8.
1128 1766 1197 1799 Quia
1220 1765 1360 1802 longitudo
1384 1765 1544 1793 exedi-arum
1570 1765 1771 1800 respicientiqu

986 1813 1012 1840 in
1031 1813 1130 1840 atrium
1147 1812 1267 1840 exterius
1279 1816 1336 1839 erat
1347 1812 1500 1839 cubitorum
1516 1811 1712 1847 quinquaginta
1724 1832 1730 1844 ,
1745 1816 1772 1839 et

986 1859 1028 1886 hat
1039 1862 1102 1886 sunt
1123 1862 1218 1885 contra
1234 1857 1331 1885 faciem
1346 1857 1389 1884 his
1407 1867 1412 1884 :
1437 1865 1517 1884 omne
1535 1858 1691 1884 cubitorum
1707 1864 1771 1884 cen-

987 1909 1055 1930 tum.
1069 1903 1095 1930 9.
1111 1902 1144 1929 Et
1157 1907 1242 1938 portat
1260 1903 1422 1930 exedrarum
1444 1903 1540 1929 harum
1553 1923 1560 1935 ,
1577 1903 1704 1930 introitus
1728 1902 1772 1937 qui

986 1949 1020 1976 ad
1034 1949 1182 1981 orientem,
1208 1949 1278 1976 sicut
1293 1951 1327 1975 ad
1354 1948 1560 1982 ingrediendum
1586 1955 1666 1982 super
1682 1948 1716 1975 iis
1739 1955 1772 1975 ex

987 1995 1056 2023 atrio
1067 1994 1206 2026 exteriori,
1221 1994 1265 2021 10.
1283 2001 1378 2021 versus
1391 1994 1498 2027 lumen,
1516 1994 1587 2028 quod
1600 1994 1627 2020 in
1638 1994 1772 2029 principio

987 2041 1137 2068 ambulacri
1152 2049 1159 2071 ;
1176 2045 1203 2067 et
1221 2048 1282 2074 quae
1298 2039 1331 2066 ad
1347 2044 1471 2066 austrum
1488 2047 1584 2067 versus
1600 2039 1697 2067 faciem
1720 2047 1770 2066 au-

987 2088 1052 2119 stri,
1071 2094 1166 2114 versus
1182 2085 1277 2113 faciem
1289 2085 1397 2119 reliqui,
1417 2092 1448 2112 -z—
1470 2089 1496 2112 et
1509 2093 1604 2113 versus
1621 2085 1716 2113 faciem
1731 2094 1770 2113 se-

988 2133 1111 2167 parantis
1135 2132 1159 2165 1,
1183 2136 1211 2159 et
1225 2131 1331 2158 exedra:
1343 2151 1350 2163 ,
1368 2131 1411 2158 ll.
1428 2135 1455 2158 et
1469 2131 1656 2158 ambulacrum
1678 2138 1772 2159 contra

149 2177 269 2211 palmam
285 2176 347 2203 inde
367 2181 394 2204 et
412 2176 474 2203 inde
487 2197 494 2209 ,
516 2176 609 2203 caelata
625 2180 681 2203 tota
697 2177 794 2203 domus
815 2176 936 2203 circum-
951 2182 974 2211 ο
988 2178 1083 2204 faciem
1095 2178 1284 2212 earum,juxta
1293 2184 1436 2205 mensuras
1446 2177 1605 2204 exedrarum
1620 2179 1654 2211 Χ
1666 2178 1692 2204 in
1701 2178 1772 2205 viam

150 2222 235 2249 circa.
252 2221 296 2249 20.
309 2221 331 2248 A
345 2226 417 2248 terra
432 2222 471 2256 (τι)
484 2228 572 2255 usque
583 2221 615 2248 ad
629 2221 768 2255 laqueare,
780 2221 938 2254 Cherubim,

149 2271 179 2295 et
196 2267 294 2302 palma:
309 2267 410 2294 caelata:
430 2266 480 2301 (y).
497 2266 542 2293 21.
559 2265 592 2292 Et
616 2267 815 2298 sanctuarium,
830 2271 856 2293 et
871 2270 939 2293 tem-

150 2313 226 2348 plum
237 2313 274 2348 (τ)
290 2318 384 2347 patens
395 2312 623 2347 quadrangulum.
636 2316 699 2339 ante
709 2311 806 2340 faciem
822 2311 939 2339 Sancto-

150 2367 213 2386 rum
225 2359 307 2392 visio,
330 2359 403 2386 sicut
419 2357 496 2385 frons
510 2358 555 2384 22.
572 2358 666 2385 altaris
685 2357 764 2393 ligni,
784 2358 937 2385 cubitorum

151 2404 236 2431 trium
261 2403 376 2430 altitudo
396 2402 474 2438 ejus,
487 2407 515 2429 et
535 2402 675 2437 longitudo
699 2403 853 2430 cubitorum
867 2403 936 2430 duo-

991 2223 1002 2256 1
1021 2230 1081 2257 quae
1095 2223 1128 2249 ad
1144 2223 1298 2258 aquilonem
1311 2242 1318 2254 ,
1335 2222 1484 2250 secundum
1506 2222 1703 2258 longitudinem
1723 2231 1771 2250 ea-

987 2276 1059 2299 rum,
1074 2274 1100 2295 et
1120 2268 1270 2295 secundmn
1285 2268 1454 2295 latitudinem
1465 2275 1570 2302 earum,
1582 2274 1608 2295 et
1623 2269 1772 2296 secundum

988 2322 1083 2342 omnes
1099 2315 1188 2342 exitus
1205 2322 1298 2341 earum
1311 2336 1318 2347 ,
1336 2318 1362 2341 et
1379 2314 1526 2341 secundum
1554 2321 1650 2342 omnes
1670 2315 1773 2342 reditus

987 2366 1092 2391 earum,
1107 2358 1144 2394 (It)
1159 2360 1342 2386 etsecundum
1356 2360 1459 2386 lumina
1471 2367 1575 2392 earum,
1590 2363 1614 2386 et
1624 2360 1772 2387 secundum

989 2405 1059 2433 ostia
1071 2412 1178 2438 earum,
1192 2405 1235 2432 l2.
1247 2406 1432 2438 -exedrarum,
1443 2413 1504 2440 quae
1525 2410 1619 2433 contra
1639 2409 1772 2438 austrum,

187 2526 236 2561 (νη)
251 2525 293 2558 8.,
307 2533 323 2553 a
339 2526 516 2555 fundamento
535 2526 675 2554 lateribus.
714 2526 753 2560 (nl
771 2527 812 2560 8.,
830 2527 907 2562 juxta
919 2527 1051 2560 cubitum,
1066 2528 1111 2555 illa
1128 2527 1252 2555 latitudo.
1291 2527 1328 2561 (ο)
1348 2527 1393 2559 Α.,
1413 2527 1579 2555 intrinsecus
1590 2535 1654 2555 vero
1677 2527 1774 2556 domus

151 2561 236 2588 latera
251 2562 359 2588 domus.
381 2562 441 2593 T/t.,
466 2567 492 2589 et
509 2563 579 2597 quod
594 2566 636 2588 est
648 2562 737 2597 quies,
758 2561 836 2589 locus
850 2563 964 2589 laterum
978 2563 1086 2590 domus.

1136 2563 1173 2598 (ρ)
1190 2563 1233 2596 8.,
1263 2567 1340 2598 porta
1353 2567 1453 2598 autem,
1472 2562 1549 2589 lateri
1561 2563 1597 2598 Vin
1611 2563 1773 2590 orationem.

152 2597 189 2630 (q)
209 2597 252 2632 8.,
265 2597 377 2624 latitudo
385 2602 474 2624 autem
490 2596 541 2625 loci
553 2597 694 2624 orationis.
710 2596 770 2628 Th.,
785 2598 894 2632 quietis.
931 2597 966 2632 (r)
984 2597 1044 2629 ΤΙι..
1057 2596 1205 2631 ctGaiera,
1216 2601 1244 2625 et
1256 2597 1328 2632 quod
1339 2598 1365 2623 in
1375 2597 1475 2623 medio.
1503 2597 1538 2632 (a)
1553 2597 1632 2630 S.,et
1644 2598 1774 2625 sectionis

151 2631 187 2671 ad
202 2631 343 2671 orientem.
380 2631 468 2671 (t)_S.,
485 2637 512 2659 et
527 2633 633 2671 exedra;
648 2632 709 2671 atrii
731 2631 993 2671 superliminarium.
1033 2634 1071 2671 (ιι)
1097 2633 1192 2671 Prope.
1224 2631 1272 2671 μὶ
1299 2631 1360 2663 ΤΙι.,
1388 2631 1526 2671 usque
1555 2640 1637 2671 supra
1656 2637 1774 2671 portant.

151 2666 190 2701 (ν)
216 2665 260 2701 8.,
282 2667 353 2693 sicut
364 2668 453 2701 paries
467 2668 570 2701 templi.

151 2769 192 2804 (li)
208 2769 250 2802 S.,
263 2775 325 2798 ante
339 2772 533 2805 longitudinem
544 2776 650 2799 centum
672 2769 836 2798 cubitorum.

625 2666 661 2702 (ι)
682 2666 722 2698 S.,
743 2668 952 2701 superliminare
969 2666 1203 2702 quadrangulum;
1222 2666 1304 2694 facies
1324 2671 1414 2702 autem
1435 2666 1774 2702 sitnilitudo’Sanctuarii.

151 2703 192 2734 (al
208 2700 250 2737 δ..
263 2700 378 2728 duarum
397 2710 462 2729 vero
478 2700 616 2737 portarum
629 2700 799 2736 unaquaeque
815 2708 890 2736 porta
911 2700 1046 2730 erat-duae
1062 2700 1184 2736 patentes
1196 2703 1321 2729 invicem.

150 2736 225 2771 quod
246 2740 309 2762 ante
325 2736 488 2763 vestibulum
506 2737 667 2769 forinsecus,
690 2745 771 2771 super
786 2745 840 2771 quo
853 2737 988 2765 fenestrae.

885 2773 920 2806 (e)
939 2772 978 2802 S..
998 2773 1030 2799 ad
1046 2773 1175 2800 interiora
1196 2772 1354 2806 respiciens.

150 2806 225 2832 enim
238 2810 325 2843 erant.
363 2807 399 2842 (ει)
416 2806 473 2839 ΤΙι.,
488 2806 682 2843 colligebantur
698 2807 778 2843 simul
790 2807 849 2842 plus
865 2807 1050 2842 inferioribus,
1071 2812 1098 2835 et
1117 2808 1177 2843 plus
1195 2807 1301 2835 mediis.

151 2847 217 2868 vero
234 2844 261 2868 et
278 2841 344 2869 tales
358 2847 441 2876 portae
456 2849 548 2870 carum
563 2842 711 2870 secundum
726 2842 794 2870 ostia
805 2843 975 2870 exedrarum.

1380 2700 1415 2736 (b)
1431 2701 1472 2733 S.,
1487 2706 1514 2728 et
1525 2703 1678 2729 crassitudo
1696 2703 1773 2737 ligni,

1041 2737 1075 2772 (ε)
1088 2737 1128 2769 S.,
1141 2738 1289 2765 secundum
1306 2738 1388 2764 latera
1402 2738 1511 2772 domus,
1526 2741 1553 2763 ct
1568 2738 1773 2764 crassitudines.

1396 2771 1429 2805 (Γ)
1442 2771 1483 2803 8.,
1502 2772 1625 2799 habentia
1641 2773 1692 2799 tria
1706 2777 1775 2798 tecta

1342 2806 1379 2842 (Ic)
1403 2806 1443 2840 S.,
1468 2812 1496 2834 et
1518 2807 1611 2834 talium
1631 2808 1774 2834 modorum
