1959 3079
197 111 267 139 2755

748 106 861 135 CODEX
884 104 1282 132 SYRIACO<llEX;\Pl.AftlS.

1756 106 1827 134 2'56

197 176 224 197 ct
240 169 387 197 secundum
406 169 435 203 (ἱ)
452 167 531 199 ostia,
551 174 610 201 qua:
632 174 646 193 a
667 166 800 200 principio
823 165 983 196 ambulacri,
1000 167 1021 194 Α
1038 164 1085 190 dio
1104 163 1202 190 domus
1219 161 1326 190 lsraelis
1344 161 1370 188 in
1384 161 1591 196 sempiternum.
1607 160 1640 188 Et
1661 169 1715 189 non
1729 164 1822 198 profa-

199 222 287 250 usque
298 215 330 241 ad
344 214 434 241 lumen
449 211 693 242 momcnlicalami,
706 217 730 238 ct
747 218 843 237 versus
852 210 984 236 orientem

199 261 231 287 ad
255 260 460 294 ingredienthnn
487 266 567 293 super
587 257 630 284 iis.
651 257 692 283 15.
712 256 742 282 Et
757 256 826 282 dixit
853 255 886 282 ad
915 263 957 282 tne
976 264 982 282 :

200 306 312 333 Exedraa
328 313 388 340 qua:
404 305 437 332 ad
452 304 607 338 aquilonem
623 323 629 334 ,
647 307 672 328 et
689 302 794 328 exedra:
808 308 869 335 quae
888 301 920 327 ad
935 309 984 327 au-

199 358 286 379 strum
300 372 306 383 ,
321 359 381 386 qua:
399 355 462 377 sunt
477 357 571 376 versus
587 347 685 375 facient
703 347 908 374 intervallorum
920 367 927 378 ,
943 347 983 373 hat

199 401 261 424 sunt
280 397 384 423 exedra:
409 394 562 422 Sanctuarii
576 414 583 425 ,
603 394 629 420 in
652 393 751 428 quibus
777 393 921 420 comedent
946 392 983 419 ibi

198 443 364 474 sacerdotes,
382 442 426 467 ﬁlii
443 440 560 472 Sadduc,
579 440 827 474 appropinquantes
839 439 872 466 ad
890 438 981 466 Domi-

199 495 272 519 num,
289 487 317 513 in
347 491 438 514 sancta
454 484 616 512 Sanctorum
630 504 636 516 ,
652 490 678 512 et
699 484 734 512 ἰ.ιί
758 489 859 518 ponent
882 484 982 511 Sancta

204 537 371 565 sanctorum,
389 537 415 559 ct
431 532 594 559 sacrilicium
607 552 613 563 ,
626 535 653 558 et
670 539 730 565 qure
745 538 793 565 pro
810 535 933 565 peccato,
955 534 982 557 et

197 587 258 612 qua:
287 586 336 613 pro
358 578 527 613 ignorantia,
553 578 618 613 quia
641 578 718 604 locus
736 580 848 604 sanctus
862 581 916 603 est.
936 576 979 603 M.

197 622 256 651 Non
269 624 455 659 ingredientur
470 624 533 650 illuc
547 627 642 658 pra-ter
657 623 822 654 sacerdotes,
838 629 891 648 nou
903 628 981 656 egre-

198 670 306 697 dientur
330 678 360 696 ex
383 669 544 696 Sanctitario
571 669 598 695 in
617 669 716 695 atrium
739 667 876 700 exterius,
892 674 923 694 σι-
952 671 982 694 ιιι

198 725 304 751 semper
317 717 404 744 sancti
414 717 478 749 sint,
491 716 536 751 qui
548 716 665 743 oll‘erunt
679 716 690 750 ζ
703 724 708 741 :
726 715 760 750 (Ιί)
771 721 797 741 et
810 721 862 741 non
872 717 982 749 tangent

197 765 282 791 stolas
297 771 405 795 eorum,
418 763 517 797 quibus
530 762 686 788 ministrant
699 762 725 787 in
743 761 792 791 eis,
809 760 872 795 quia
888 765 979 787 sancta

197 814 261 837 sunt
280 818 286 835 :
308 814 334 836 et
356 810 467 836 induent
479 809 640 835 vestimenta
657 807 709 834 alia
721 827 730 840 ,
744 807 853 841 quando
871 811 981 841 tangent

199 855 337 890 populum.
348 854 391 882 15.
404 854 437 880 Ει
452 858 639 881 consummata
650 857 691 879 est
703 852 869 879 mensuratio
883 851 980 878 domus

198 901 370 927 intrinsecus.
390 899 422 926 Et
437 899 529 926 eduxit
544 905 587 925 mc
604 905 685 932 super
709 897 751 924 via
770 901 855 931 porta:
867 917 874 929 ,
892 896 980 931 respi-

197 946 292 974 cientis
310 946 342 972 ad
362 946 492 972 orientem
507 965 513 976 ,
534 948 561 971 et
585 951 695 970 mensus
709 948 749 970 est
764 943 916 977 exemplum
933 942 982 969 d0-

198 999 257 1018 mus
280 989 456 1017 circumcirca
483 989 509 1015 in
534 988 638 1015 ordine.
669 988 711 1014 16.
738 987 768 1014 Et
787 988 860 1014 stetit
886 994 980 1014 versus

195 1041 317 1063 :mstrum
331 1039 425 1070 portae,
436 1034 611 1068 respicientis
622 1034 654 1060 ad
669 1033 813 1065 orientem,
828 1037 854 1059 et
869 1039 981 1059 mensus

195 1087 236 1108 est
252 1081 414 1116 quingentos
432 1080 460 1106 in
480 1079 585 1106 calamo
600 1086 744 1106 mensulae.
764 1078 806 1105 17.
827 1077 858 1104 Ει
874 1085 902 1105 se
918 1085 980 1104 ver-

197 1127 229 1153 tit
243 1126 274 1153 ad
291 1125 461 1160 aquilonem,
472 1129 498 1151 ct
510 1131 621 1151 mensus
630 1129 671 1151 est
685 1123 795 1158 id-quod
807 1127 869 1150 ante
885 1123 980 1150 faciem

195 1171 329 1206 aquilonis
342 1191 350 1204 ,
367 1172 474 1199 cubitos
489 1172 653 1206 quingentos
668 1172 695 1199 in
712 1172 817 1198 calamo
834 1178 970 1198 mensura:

196 1218 239 1244 18.
258 1218 290 1244 Et
309 1225 339 1244 se
353 1218 432 1244 vertit
444 1217 476 1244 ad
497 1225 570 1244 mare
582 1238 590 1250 ,
606 1222 632 1244 et
648 1225 758 1244 mensus
775 1221 816 1244 cst
829 1217 899 1251 quod
922 1224 981 1243 ver-

196 1270 244 1289 sus
261 1261 356 1289 l’aciem
375 1263 458 1288 maris
471 1281 477 1293 ,
501 1262 664 1297 quingentos
681 1262 708 1288 in
729 1262 833 1289 calamo
847 1269 981 1289 mensura:

195 1309 229 1342 ζ(
247 1315 293 1342 per
311 1307 456 1334 circuitum
477 1307 503 1340 ζ.
524 1307 567 1334 19.
587 1307 618 1334 Ει
642 1315 670 1335 se
688 1308 768 1334 vertit
783 1308 816 1334 ad
839 1312 979 1340 austrum,

195 1357 223 1380 ct
235 1359 346 1380 mensus
354 1356 394 1379 est
407 1360 501 1379 versus
511 1357 646 1385 austrum,
659 1352 822 1387 quingentos
838 1353 865 1379 in
877 1353 981 1380 calamo

196 1405 332 1425 mensurae
347 1417 353 1429 ,
370 1397 414 1424 20.
438 1397 464 1424 in
480 1401 595 1432 quatuor
617 1405 682 1424 vero
700 1402 791 1431 partes
812 1405 924 1425 mensus
940 1403 982 1425 est

195 1444 290 1470 eodem
305 1442 409 1470 calamo
423 1451 429 1468 :
444 1447 470 1468 et
485 1442 618 1476 disposuit
631 1442 730 1477 ipsutn,
743 1447 769 1470 et
783 1450 872 1477 sepem
886 1451 980 1470 eorum

195 1497 243 1523 per
260 1488 416 1520 circuitum,
433 1488 644 1523 quingentorum
662 1488 817 1515 cubitorum
836 1489 869 1516 ad
886 1489 979 1516 orien—
994 1502 1015 1531 ο

196 1540 266 1567 tem,
286 1540 312 1561 et
333 1534 543 1568 quingentorum
560 1533 712 1560 cubitorum
738 1533 928 1566 latitudinem,
947 1535 979 1561 ad

196 1579 416 1614 distinguendum
436 1579 507 1606 inter
528 1578 626 1606 Sancta
645 1583 671 1605 et
696 1578 767 1606 inter
790 1579 978 1611 antemuralc,

195 1626 267 1660 quod
283 1624 386 1652 ordinis
404 1625 512 1651 domus.

230 1672 297 1706 Cap.
313 1670 404 1698 XLIII.
422 1686 458 1691 -—
478 1670 502 1697 1.
522 1670 555 1696 Et
578 1670 692 1697 adduxit
712 1678 755 1697 me
771 1678 853 1706 super
874 1676 979 1706 portam

196 1717 385 1750 respicientem
410 1716 436 1742 iu
453 1716 597 1747 orientem,
611 1722 647 1743 ι-ι-
661 1719 687 1742 ct
702 1716 779 1743 duxit
802 1724 844 1743 me
864 1716 887 1749 ζ.
904 1715 930 1743 2.
947 1716 980 1743 Ει

196 1769 260 1788 eae
278 1761 363 1796 gloria
390 1760 435 1788 Dei
460 1760 566 1787 lsraelis
589 1761 713 1788 veniebat
731 1769 812 1796 super
831 1763 874 1788 via
896 1767 980 1797 portae

197 1807 369 1842 respicientis
391 1815 485 1834 versus
517 1807 666 1839 orientem,
692 1812 717 1834 ct
735 1815 786 1834 vos
815 1812 979 1841 castrorum,

197 1853 269 1880 sicut
282 1858 332 1878 vox
351 1852 497 1878 multorum
513 1849 707 1886 d'uplicautium
728 1858 774 1880 :et
787 1858 857 1880 terra
875 1855 980 1882 lucebat

196 1898 266 1926 sicut
281 1897 408 1932 splendor
423 1905 438 1924 a
463 1897 546 1931 gloria
568 1896 677 1924 Domini
700 1897 887 1931 circumcirca,
910 1900 936 1926 5.
954 1904 981 1927 et

198 1942 277 1975 visio,
291 1949 371 1977 quam
386 1942 447 1974 vidi,
462 1942 611 1969 secundum
624 1943 766 1976 visionem,
780 1952 862 1978 quam
872 1945 936 1977 vidi,
948 1945 979 1980 (ι)

195 1997 279 2023 quum
298 1989 452 2024 ingrederer
470 1989 501 2015 ad
517 1989 669 2024 ungendum
688 1989 792 2016 urbem.
810 1989 844 2017 Et
859 1991 927 2018 visio
947 1998 978 2019 -ι-

195 2043 291 2062 currus
309 2035 319 2068 ζ
336 2042 418 2068 quem
435 2035 499 2067 vidi,
512 2035 660 2062 secundum
675 2035 817 2068 visionem,
833 2043 914 2070 quam
926 2037 979 2064 vidi

195 2088 277 2114 super
286 2079 400 2107 ﬂuvium
410 2079 520 2107 Chobar
534 2085 572 2108 :et
588 2080 656 2108 cado
673 2088 755 2115 super
769 2080 865 2108 faciem
878 2090 977 2114 meam,

194 2125 222 2153 4.
241 2131 267 2152 et
287 2125 371 2160 gloria
386 2124 495 2152 Domini
522 2125 643 2160 ingressa
659 2130 701 2153 est
714 2126 740 2152 in
753 2126 865 2153 domum
880 2147 887 2158 ,
899 2135 980 2162 super

1037 208 1139 235 nabunt
1170 207 1286 241 amplius
1312 207 1410 234 domus
1439 207 1545 234 lsraelis
1571 215 1668 234 nomen
1698 214 1823 236 sanctqu

1037 262 1139 286 meum,
1158 254 1220 287 ipsi,
1237 257 1263 280 et
1275 253 1357 280 duces
1369 260 1462 280 eorum
1477 253 1503 280 in
1522 254 1686 281 scortatione
1700 262 1761 287 sua,
1777 256 1824 288 (m)

1035 305 1061 326 et
1077 300 1102 325 in
1117 299 1237 325 caedibus
1254 298 1354 325 ducum
1375 298 1402 324 in
1419 298 1508 325 medio
1525 298 1578 330 sui,
1596 299 1622 325 8.
1639 303 1665 326 ct
1680 300 1726 334 qui
1739 307 1822 335 pone-

1036 344 1103 371 bant
1119 343 1202 371 limen
1216 351 1306 370 meum
1320 343 1345 370 in
1358 343 1497 370 liminibus
1512 344 1581 376 suis,
1592 348 1618 371 et
1632 345 1823 379 superlimiua-

1034 389 1074 416 ria
1101 397 1159 417 mea
1177 390 1329 424 propinqua
1348 389 1604 423 superliminaribus
1627 391 1684 417 suis
1706 400 1712 417 :
1733 396 1761 418 et
1776 392 1824 418 de-

1034 435 1133 462 derunt
1149 435 1278 470 parietem
1304 443 1394 462 meum
1410 435 1481 462 sicut
1504 436 1700 463 conuersionem
1723 437 1775 463 mei
1796 443 1822 465 et

1035 481 1088 511 sui,
1103 486 1129 507 ct
1150 480 1331 515 profanarum
1347 488 1444 508 nomen
1462 486 1588 508 sanctum
1614 489 1704 509 meum
1719 482 1746 509 in
1766 483 1819 509 iui~

1033 525 1183 560 quitatihus
1200 526 1275 558 suis,
1293 534 1361 561 quas
1385 526 1520 554 faciebant
1535 533 1542 554 :
1559 531 1586 554 et
1612 528 1753 554 consumsi
1775 535 1823 555 eos

1034 573 1060 598 in
1078 571 1169 599 lurore
1185 580 1255 605 meo,
1270 579 1301 600 -ἰ-
1319 577 1346 600 et
1361 573 1386 600 in
1404 573 1542 601 occisione
1556 574 1579 608 ζ.
1598 573 1624 600 9.
1643 573 1722 602 Nune
1738 575 1822 609 repel-

1032 617 1089 645 lant
1105 618 1297 646 scortationem
1309 626 1398 652 suam,
1411 624 1438 647 et
1455 619 1542 646 caedes
1558 619 1656 647 ducum
1673 628 1785 648 suorum
1806 630 1821 650 a

1032 671 1084 695 me,
1094 668 1120 690 et
1129 665 1319 692 commorabor
1328 665 1355 691 in
1369 664 1458 691 medio
1467 671 1561 691 eorum
1575 664 1601 691 in
1612 665 1820 700 sempiternum.

1033 708 1075 735 10.
1092 708 1126 736 Et
1140 714 1180 742 tu,
1198 710 1235 736 Illi
1252 709 1390 742 hominis,
1410 709 1523 736 ostende
1535 709 1628 736 domui
1646 709 1752 737 lsraelis
1770 710 1821 737 do-

1031 763 1116 787 mum,
1131 759 1157 782 et
1171 762 1201 782 se
1213 755 1379 782 cohibebuut
1391 762 1406 781 a
1422 754 1540 789 peccatis
1553 755 1610 782 suis
1623 763 1630 783 :
1646 755 1684 791 (η)
1697 760 1724 782 et
1736 755 1821 783 visio-

1032 809 1092 827 nem
1111 801 1180 835 ejus,
1196 805 1223 827 et
1237 801 1359 828 ordinem
1371 799 1443 834 ejus,
1464 801 1505 827 11.
1521 805 1547 828 et
1564 801 1601 827 illi
1616 801 1750 836 accipient
1763 806 1820 828 tor-

1032 850 1151 873 mentum
1165 838 1244 873 suum
1261 854 1309 881 pro
1321 846 1448 873 omnibus
1461 865 1467 877 ,
1485 853 1545 880 quae
1565 846 1697 874 fecerunt.
1722 846 1755 873 Et
1771 848 1819 874 de—

1031 892 1134 920 scribes
1145 892 1268 924 domum,
1282 893 1314 926 x
1329 896 1355 919 et
1367 892 1589 927 praeparationem
1606 892 1666 926 ejus
1685 893 1709 926 ζ,
1721 898 1747 919 et
1760 893 1820 920 exi-

1032 942 1075 965 tus
1090 935 1160 971 ejus,
1181 939 1214 972 >ε<
1231 943 1256 965 et
1279 938 1406 965 introitus
1425 938 1484 970 ejus
1508 938 1518 972 ζ
1539 938 1575 973 (ο)
1593 943 1620 965 et
1635 938 1819 965 substantiam

1030 984 1100 1018 ejus,
1122 989 1148 1011 et
1167 985 1258 1011 omnia
1281 988 1414 1020 praecepta
1439 983 1497 1018 ejus
1511 1003 1518 1015 ,
1533 990 1560 1011 et
1588 984 1681 1011 omnia
1696 984 1817 1019 legitima

1032 1030 1090 1064 ejus
1105 1051 1111 1062 ,
1127 1033 1161 1064 κ(
1178 1034 1205 1057 et
1222 1037 1316 1057 omnes
1334 1030 1407 1065 leges
1431 1030 1490 1064 ejus
1515 1030 1526 1063 ζ
1545 1037 1710 1065 cognoscere
1734 1030 1819 1058 facies

1031 1083 1088 1108 eos,
1101 1080 1128 1103 et
1138 1076 1275 1103 describes
1286 1083 1376 1104 coram
1392 1076 1442 1109 eis,
1456 1081 1481 1103 et
1491 1076 1645 1103 custodient
1668 1077 1760 1104 omnia
1774 1077 1820 1111 ju-

1032 1121 1210 1148 stiﬁcationes
1222 1129 1306 1152 meas,
1319 1125 1345 1148 et
1357 1121 1448 1148 omnia
1457 1126 1589 1156 prtecepta
1598 1129 1668 1154 mea.
1680 1127 1707 1149 et
1719 1122 1820 1150 facient

1032 1173 1063 1192 ca
1081 1174 1087 1192 ;
1102 1166 1145 1192 12.
1162 1171 1188 1193 et
1202 1166 1412 1200 descriptionem
1430 1166 1527 1194 domus
1536 1175 1617 1202 super
1627 1168 1728 1195 vertice
1740 1177 1820 1196 mon-

1033 1211 1077 1242 tis,
1096 1219 1191 1239 omnes
1216 1212 1323 1239 termini
1342 1212 1400 1246 ejus
1419 1213 1597 1240 circumcirca
1613 1212 1714 1241 Sancta
1731 1213 1820 1241 Sanc-

1033 1261 1120 1283 torum
1139 1258 1172 1290 }'r<
1187 1261 1250 1284 Slllll
1265 1266 1271 1283 :
1290 1257 1347 1284 lucc
1363 1257 1405 1284 lex
1426 1258 1522 1285 domus
1535 1259 1558 1293 ζ.
1574 1258 1616 1285 15.
1631 1258 1663 1285 Et
1674 1259 1731 1286 lucc
1744 1267 1820 1286 mett-

1032 1310 1103 1329 sura:
1118 1303 1211 1329 altaris
1227 1303 1252 1329 in
1269 1303 1362 1330 cubito
1377 1303 1460 1330 cubiti
1475 1305 1508 1338 χ
1525 1309 1551 1332 et
1566 1305 1649 1332 cubiti
1666 1305 1698 1340 ζ,
1719 1309 1745 1332 et
1763 1305 1820 1339 pal-

1033 1348 1069 1374 mi
1085 1347 1122 1382 (p)
1147 1348 1222 1375 sinus
1237 1348 1408 1382 profunditas
1426 1357 1506 1384 super
1519 1350 1653 1382 cubitum,
1670 1355 1698 1377 et
1709 1351 1820 1378 eul-ilus

1033 1393 1157 1424 latitudo,
1172 1400 1198 1419 ct
1211 1394 1286 1428 gisus
1297 1401 1377 1428 super
1386 1394 1457 1421 labio
1469 1395 1528 1429 ejus
1542 1395 1720 1423 circumcirca
1736 1396 1818 1430 palmi

1031 1440 1066 1472 λ(
1083 1438 1163 1466 unius
1182 1440 1205 1473 ζ.
1224 1438 1256 1465 Et
1275 1439 1333 1466 haec
1347 1440 1461 1467 altitudo
1479 1440 1572 1468 altaris
1588 1441 1630 1468 11.
1652 1448 1668 1468 a
1681 1441 1818 1475 profundo

1032 1484 1137 1511 exordii
1155 1484 1348 1519 profunditatis
1372 1486 1431 1519 ejus
1447 1486 1481 1513 ad
1500 1486 1720 1521 propitiatorium
1745 1495 1820 1522 mag-

1033 1538 1098 1557 num
1111 1550 1117 1560 .
1134 1531 1186 1557 hoc
1208 1531 1312 1563 subter,
1332 1531 1486 1559 cubitorum
1502 1532 1618 1559 duorum
1627 1552 1639 1562 .,
1653 1536 1680 1560 et
1704 1533 1817 1560 latitudo

1032 1577 1117 1603 cubiti
1143 1585 1149 1603 :
1170 1582 1196 1603 et
1213 1585 1228 1604 a
1245 1577 1435 1612 propitiatorio
1451 1585 1535 1612 parvo
1552 1586 1634 1613 super
1657 1578 1818 1613 propitiato-

1032 1623 1103 1650 rium
1120 1630 1259 1658 magnum,
1277 1623 1363 1651 cubiti
1376 1627 1508 1658 quatuor,
1527 1628 1554 1651 et
1565 1624 1680 1651 latitudo
1696 1624 1815 1652 cubitus.

1032 1668 1076 1696 15.
1091 1668 1124 1696 Et
1138 1669 1211 1696 Ariel
1224 1669 1377 1696 cubitorum
1392 1674 1520 1704 quatuor,
1533 1675 1559 1697 et
1570 1669 1686 1697 abAriel
1699 1675 1726 1698 et
1738 1678 1819 1705 super

1032 1722 1135 1742 cornua
1164 1714 1283 1742 cubitus.
1311 1714 1355 1741 16.
1386 1715 1418 1741 Ει
1435 1715 1522 1750 ipsum
1554 1715 1646 1748 Ariel,
1663 1716 1818 1743 cubitorum

1032 1760 1176 1788 duodecim
1199 1760 1354 1795 longitudo,
1372 1768 1453 1795 super
1467 1761 1573 1788 cul‘itos
1592 1761 1737 1788 duodecim
1754 1762 1817 1788 lati-

1032 1806 1107 1838 tudo,
1122 1805 1341 1841 quadrangulum
1354 1813 1436 1840 super
1452 1811 1674 1841 quatuor-partes
1684 1808 1756 1842 ejus.
1777 1808 1818 1835 17.

1032 1852 1063 1880 Et
1079 1853 1308 1887 propitiatorium,
1324 1853 1481 1880 cubitorum
1505 1855 1712 1887 quatuordecim
1730 1854 1818 1889 longi-

1032 1899 1118 1932 tudo,
1135 1907 1216 1933 super
1236 1899 1344 1926 cubitos
1365 1899 1571 1933 quatuordecim
1595 1900 1726 1932 latitudo,
1750 1908 1818 1935 qua-

1031 1945 1193 1979 drangulum
1211 1951 1293 1978 super
1306 1948 1425 1978 quatuor
1442 1949 1535 1979 partes
1550 1944 1610 1979 ejus
1628 1954 1634 1972 :
1652 1945 1689 1979 (ᾳ)
1703 1950 1729 1972 ct
1743 1946 1819 1980 gisus

1031 1990 1091 2023 ejus
1105 1989 1285 2017 circumcirca
1298 1996 1398 2024 gyrans
1413 1989 1479 2016 illud
1496 1990 1640 2017 dimidium
1657 1991 1742 2018 cubiti
1760 2000 1767 2017 :
1783 1991 1817 2026 (r)

1031 2039 1058 2062 et
1067 2035 1198 2062 circuitus
1209 2035 1269 2069 ejus
1278 2035 1388 2062 cubitus
1402 2035 1593 2067 circumcirca,
1607 2037 1743 2070 etgradus
1758 2037 1817 2071 ejus

1031 2081 1208 2115 respicientes
1222 2088 1315 2108 versus
1331 2081 1476 2108 orientem.
1503 2081 1545 2108 18.
1562 2081 1595 2108 Ει
1613 2082 1682 2108 dixit
1697 2082 1729 2109 ad
1747 2090 1790 2109 me
1808 2091 1816 2109 :

1031 2127 1080 2153 Fili
1100 2127 1237 2159 hominis,
1252 2126 1310 2153 haec
1324 2127 1389 2153 dicit
1413 2126 1545 2154 Dominus
1570 2126 1704 2154 Dominus
1723 2137 1730 2154 :
1754 2126 1817 2154 Hauc

197 2172 238 2198 via
259 2177 342 2206 porta:
365 2171 535 2205 respicientis
551 2172 577 2198 in
597 2171 741 2199 orientem.
769 2171 795 2199 5.
816 2172 848 2199 lit
869 2173 978 2200 sustulit
993 2176 1017 2206 ι)
1030 2177 1162 2207 praecepta
1173 2172 1298 2199 allarisin
1311 2172 1354 2199 die
1366 2171 1515 2200 eﬂ‘ectionis
1527 2172 1596 2207 ejus,
1609 2173 1641 2200 ad
1649 2173 1815 2200 ollerendum

195 2224 239 2243 me
266 2215 390 2250 spiritus,
409 2219 436 2242 et
453 2215 602 2242 introduxit
617 2223 660 2242 me
676 2216 702 2242 in
718 2215 817 2242 atrium
840 2217 953 2243 interius
972 2226 977 2243 :

195 2267 223 2289 et
235 2270 298 2288 ecce
318 2262 396 2296 plena
419 2261 511 2296 gloriae
526 2260 634 2288 Domini
658 2261 765 2288 domus.
783 2261 808 2287 6.
826 2269 855 2288 -ξ-
870 2261 903 2288 Et
918 2263 979 2290 steti

197 2308 221 2343 ξ,
237 2312 264 2334 et
279 2314 343 2334 ecce
357 2314 409 2333 vox
426 2307 563 2341 loquentis
579 2306 612 2333 ad
630 2313 673 2333 me
688 2313 706 2333 e
717 2306 809 2339 domo,
825 2311 851 2333 et
867 2307 909 2333 vir
925 2312 980 2334 sta-

193 2354 240 2380 bat
255 2360 338 2388 prope
350 2353 383 2379 ad
401 2360 454 2384 me,
471 2352 495 2378 7.
511 2356 539 2380 et
552 2352 622 2379 dixit
640 2351 672 2378 ad
688 2359 731 2378 me
749 2361 755 2378 :
772 2351 823 2378 Fili
838 2352 957 2379 hominis
972 2372 980 2384 ,

195 2401 285 2428 \‘idlsli
304 2400 394 2427 locum
416 2399 507 2426 throni
528 2399 590 2430 mei,
604 2403 630 2426 et
648 2398 738 2425 locum
755 2399 861 2433 vestigii
878 2399 978 2433 pedum

194 2445 337 2473 meorumi
356 2446 383 2472 in
399 2446 498 2480 quibus
515 2444 649 2472 habitabit
659 2451 757 2471 nomen
773 2452 863 2472 meum
876 2444 902 2471 in
919 2452 976 2471 me-

1031 2225 1113 2252 supcr
1130 2225 1162 2244 eo
1175 2217 1209 2253 (ι)
1223 2217 1392 2249 holocausta,
1406 2222 1433 2244 ct
1448 2218 1481 2244 ad
1494 2217 1687 2245 eﬂ‘undeudum
1701 2220 1734 2246 ad
1751 2220 1817 2247 illud

1031 2263 1202 2297 sanguinem.
1229 2262 1273 2289 19.
1289 2261 1320 2289 Et
1337 2262 1416 2290 dabis
1433 2263 1621 2290 sacerdotibus
1638 2262 1752 2297 Levitis,
1770 2265 1815 2299 qui

1031 2316 1064 2336 ex
1082 2308 1185 2336 semine
1199 2307 1318 2339 Sadduc,
1336 2308 1619 2343 appropinquantibus
1631 2309 1664 2335 ad
1681 2317 1736 2342 me,
1752 2310 1817 2337 dicit

1031 2354 1165 2381 Dominus
1181 2352 1325 2387 Dominus,
1347 2357 1374 2380 et
1392 2354 1546 2381 ministrent
1565 2354 1632 2382 mihi
1652 2355 1769 2382 vitulum
1784 2364 1826 2397 ex,

1033 2401 1119 2428 bobus
1134 2408 1182 2435 pro
1192 2405 1303 2435 peccato
1319 2410 1325 2427 :
1339 2400 1383 2427 20.
1395 2405 1422 2428 et
1433 2405 1541 2428 sument
1551 2409 1583 2428 ex
1597 2402 1730 2438 sanguine
1746 2402 1824 2437 ejus,'

1030 2451 1057 2474 et
1072 2451 1173 2482 ponent
1186 2454 1268 2482 super
1287 2451 1404 2482 quatuor
1419 2446 1451 2483 (ι)
1465 2455 1568 2475 cornua
1579 2448 1684 2481 altaris,
1697 2452 1725 2475 et
1735 2456 1814 2483 super

229 2525 262 2564 _(i)
279 2524 320 2564 8.,
334 2524 433 2564 ostium
464 2524 491 2564 in
515 2523 650 2564 principio
664 2522 725 2564 viae,
749 2530 810 2564 quia?
840 2523 883 2564 via
904 2527 968 2564 erat
989 2527 1064 2563 ante.
1080 2527 1186 2558 septum
1212 2523 1324 2564 domus“
1338 2524 1729 2564 transmigrationis,_versus
1742 2526 1813 2553 viam

195 2558 354 2587 orientalem
383 2558 554 2593 ingredienti.

195 2594 375 2628 rumpendum
401 2592 516 2628 portam.
549 2592 610 2624 ΤΙι.,
639 2601 723 2628 quum
747 2593 942 2628 ingrederetur.

195 2627 352 2656 stratorum.
402 2627 448 2662 ’(n)
465 2627 506 2661 S.,
531 2632 561 2655 ut
588 2633 761 2655 mensuretur
781 2627 860 2654 exem

611 2558 646 2592 (k)
665 2558 705 2590 S.,
723 2564 749 2584 et
775 2558 812 2585 ibi
837 2558 972 2592 deponent
998 2558 1158 2585 vestimenta
1183 2566 1244 2586 sua.

998 2592 1045 2629 (nt)
1074 2592 1186 2630 firmet
1215 2593 1242 2620 in
1268 2592 1445 2630 cadaveribus
1477 2592 1570 2629 regan
1603 2602 1717 2622 suorum
1749 2604 1814 2630 pru-

1295 2559 1327 2594 (ζ)
1342 2558 1382 2590 8.,
1403 2558 1487 2593 quum
1516 2560 1673 2594 ingrederer
1696 2560 1730 2587 ad
1753 2569 1815 2588 cor—

892 2635 941 2660 ar,
976 2628 1161 2663 etrpoznitebit
1189 2635 1237 2655 eos
1263 2629 1404 2660 omnium,
1440 2628 1651 2663 quaz’fecerunt
1682 2628 1813 2658 :descri-

195 2633 352 2656 stratorum.
410 2628 448 2662 (η)
465 2628 506 2661 S.,
531 2632 561 2655 ut
588 2633 761 2655 mensuretur
784 2628 941 2688 exemplar,
976 2633 1002 2655 et
1020 2628 1161 2662 paenitebit
1189 2635 1237 2655 eos
1263 2629 1404 2660 omnium,
1440 2628 1651 2663 quaz’fecerunt
1682 2628 1813 2658 :descri-

195 2664 315 2698 ptiouem
330 2662 439 2694 domus,
456 2668 482 2689 et
498 2662 701 2698 perfectionem,
716 2669 776 2697 qua:
791 2663 861 2690 simu
876 2684 883 2695 ,
897 2663 967 2696 ejus.
997 2662 1058 2696 ΤΙι.,
1083 2667 1109 2690 et
1128 2663 1275 2690 metiantur
1299 2670 1362 2690 cum
1391 2664 1538 2698 exemplari
1560 2671 1621 2696 suo,
1651 2669 1679 2691 et
1699 2669 1814 2693 erubes—

195 2697 259 2725 cant
273 2698 305 2724 de
318 2698 456 2729 omnibus,
476 2705 536 2731 qua:
552 2697 682 2731 fecerunt,
695 2705 709 2724 a
726 2698 817 2724 furore
842 2698 851 2732 (

195 2733 373 2772 gendum-sit)
384 2733 492 2772 domus,
507 2736 534 2772 et
549 2733 775 2772 a_przepara_tioue
788 2733 855 2772 ejus.

854 2705 967 2734 anceps_
981 2698 1078 2729 luereo,
1096 2705 1187 2734 annon
1206 2702 1297 2728 mmn
1316 2698 1501 2725 determinatio
1519 2706 1568 2733 pro
1579 2703 1668 2729 unm
1682 2699 1758 2734 furor
1773 2701 1813 2727 Ie-

895 2733 931 2767 (o)
949 2732 990 2763 8.,
1007 2738 1033 2760 et
1048 2733 1248 2766 descriptiones
1265 2733 1336 2767 ejus,
1352 2738 1481 2760 etomues
1496 2732 1627 2761 terminos
1635 2732 1695 2762 cum
1708 2734 1814 2762 descri-

196 2766 332 2804 ptionibus
344 2768 416 2804 ejus.
454 2766 490 2804 (ρ)
508 2767 550 2804 S_.,
567 2767 595 2793 in
607 2766 868 2804 inclusionc,_cuhiti
882 2766 1017 2804 etgcuhiti
1032 2768 1168 2804 latitudo,
1184 2771 1210 2794 et
1232 2766 1373 2804 terminus
1389 2769 1423 2795 ad
1437 2768 1626 2804 labium_ejus.
1666 2768 1702 2804 (q)
1725 2769 1768 2803 S.,
1786 2775 1813 2798 et

194 2801 330 2832 terminus
343 2801 370 2829 iu
385 2802 502 2829 circuitu
512 2802 582 2837 ejus.
622 2803 657 2836 (r)
673 2801 714 2836 S.,
730 2807 756 2829 et
772 2802 888 2830 inclusio
903 2802 962 2837 ejus
976 2802 1136 2831 cubituliua.
1178 2803 1211 2838 (ε)
1227 2802 1267 2836 8.,
1279 2803 1457 2832 oblationem.
1494 2802 1526 2839 (ι)
1536 2801 1632 2830 Partes
