  <div class='ocr_page' id='page_1' title='image "/cluster/home/n/w/nwhite01/storage/ocr_20150623/16, pt.3/njp.32101010944575/240.png"; bbox 0 0 1959 3079; ppageno 0'>
   <div class='ocr_carea' id='block_1_1' title="bbox 135 169 204 194">
    <p class='ocr_par' dir='ltr' id='par_1_1' title="bbox 135 169 204 194">
     <span class='ocr_line' id='line_1_1' title="bbox 135 169 204 194; baseline -0.014 0"><span class='ocrx_word' id='word_1_1' title='bbox 135 169 204 194; x_wconf 70' lang='lat'><strong>2757</strong></span> 
     </span>
    </p>
   </div>
   <div class='ocr_carea' id='block_1_2' title="bbox 727 173 1171 202">
    <p class='ocr_par' dir='ltr' id='par_1_2' title="bbox 727 173 1171 202">
     <span class='ocr_line' id='line_1_2' title="bbox 727 173 1171 202; baseline 0.005 -2"><span class='ocrx_word' id='word_1_2' title='bbox 727 173 926 200; x_wconf 61' lang='lat' dir='ltr'><strong>lli‘lZElllELlS</strong></span> <span class='ocrx_word' id='word_1_3' title='bbox 952 174 1065 202; x_wconf 63' lang='lat' dir='ltr'><strong>CAPUT</strong></span> <span class='ocrx_word' id='word_1_4' title='bbox 1081 175 1171 202; x_wconf 83' lang='lat' dir='ltr'><strong>.\LlV.</strong></span> 
     </span>
    </p>
   </div>
   <div class='ocr_carea' id='block_1_3' title="bbox 1707 178 1760 205">
    <p class='ocr_par' dir='ltr' id='par_1_3' title="bbox 1707 178 1760 205">
     <span class='ocr_line' id='line_1_3' title="bbox 1707 178 1760 205; baseline 0.038 -2"><span class='ocrx_word' id='word_1_5' title='bbox 1707 178 1760 205; x_wconf 69' lang='lat'><strong>75$</strong></span> 
     </span>
    </p>
   </div>
   <div class='ocr_carea' id='block_1_4' title="bbox 133 225 1756 268">
    <p class='ocr_par' dir='ltr' id='par_1_4' title="bbox 133 225 1756 268">
     <span class='ocr_line' id='line_1_4' title="bbox 133 225 1756 268; baseline 0.007 -17"><span class='ocrx_word' id='word_1_6' title='bbox 133 229 253 260; x_wconf 86' lang='lat' dir='ltr'><strong>quatuor</strong></span> <span class='ocrx_word' id='word_1_7' title='bbox 272 225 387 260; x_wconf 80' lang='lat' dir='ltr'><strong>angulos</strong></span> <span class='ocrx_word' id='word_1_8' title='bbox 409 227 609 263; x_wconf 89' lang='lat' dir='ltr'><strong>propitiatorii,</strong></span> <span class='ocrx_word' id='word_1_9' title='bbox 628 234 654 257; x_wconf 93' lang='lat' dir='ltr'><strong>et</strong></span> <span class='ocrx_word' id='word_1_10' title='bbox 671 239 753 266; x_wconf 90' lang='lat' dir='ltr'><strong>super</strong></span> <span class='ocrx_word' id='word_1_11' title='bbox 779 232 856 259; x_wconf 84' lang='lat' dir='ltr'><strong>basin</strong></span> <span class='ocrx_word' id='word_1_12' title='bbox 876 241 924 268; x_wconf 90' lang='lat' dir='ltr'><strong>per</strong></span> <span class='ocrx_word' id='word_1_13' title='bbox 938 239 960 267; x_wconf 73' lang='grc' dir='ltr'><strong>Α</strong></span> <span class='ocrx_word' id='word_1_14' title='bbox 977 232 1136 266; x_wconf 82' lang='lat' dir='ltr'><strong>iniustitiam</strong></span> <span class='ocrx_word' id='word_1_15' title='bbox 1148 241 1236 265; x_wconf 86' lang='lat' dir='ltr'><strong>suam,</strong></span> <span class='ocrx_word' id='word_1_16' title='bbox 1253 234 1294 261; x_wconf 88' lang='lat' dir='ltr'><strong>ll.</strong></span> <span class='ocrx_word' id='word_1_17' title='bbox 1310 239 1339 261; x_wconf 85' lang='lat' dir='ltr'><strong>ct-</strong></span> <span class='ocrx_word' id='word_1_18' title='bbox 1354 238 1434 262; x_wconf 88' lang='lat' dir='ltr'><strong>erunt</strong></span> <span class='ocrx_word' id='word_1_19' title='bbox 1450 233 1477 260; x_wconf 89' lang='lat' dir='ltr'><strong>in</strong></span> <span class='ocrx_word' id='word_1_20' title='bbox 1495 234 1602 261; x_wconf 84' lang='lat' dir='ltr'><strong>Sanctis</strong></span> <span class='ocrx_word' id='word_1_21' title='bbox 1618 235 1685 261; x_wconf 86' lang='lat' dir='ltr'><strong>meis</strong></span> <span class='ocrx_word' id='word_1_22' title='bbox 1705 235 1756 261; x_wconf 88' lang='lat' dir='ltr'><strong>mi-</strong></span> 
     </span>
    </p>
   </div>
   <div class='ocr_carea' id='block_1_5' title="bbox 132 271 921 315">
    <p class='ocr_par' dir='ltr' id='par_1_5' title="bbox 132 271 921 315">
     <span class='ocr_line' id='line_1_5' title="bbox 132 271 921 315; baseline 0.013 -18"><span class='ocrx_word' id='word_1_23' title='bbox 132 271 292 303; x_wconf 88' lang='lat' dir='ltr'><strong>circuitum,</strong></span> <span class='ocrx_word' id='word_1_24' title='bbox 307 273 341 307; x_wconf 75' lang='lat' dir='ltr'><strong>)t(</strong></span> <span class='ocrx_word' id='word_1_25' title='bbox 358 277 385 299; x_wconf 90' lang='lat' dir='ltr'><strong>et</strong></span> <span class='ocrx_word' id='word_1_26' title='bbox 400 273 548 309; x_wconf 82' lang='lat' dir='ltr'><strong>adsperges</strong></span> <span class='ocrx_word' id='word_1_27' title='bbox 568 283 650 310; x_wconf 88' lang='lat' dir='ltr'><strong>super</strong></span> <span class='ocrx_word' id='word_1_28' title='bbox 667 277 733 304; x_wconf 88' lang='lat' dir='ltr'><strong>illud</strong></span> <span class='ocrx_word' id='word_1_29' title='bbox 748 279 772 313; x_wconf 74' lang='grc' dir='ltr'><strong>ζ,</strong></span> <span class='ocrx_word' id='word_1_30' title='bbox 785 284 812 306; x_wconf 92' lang='lat' dir='ltr'><strong>et</strong></span> <span class='ocrx_word' id='word_1_31' title='bbox 827 279 921 315; x_wconf 86' lang='lat' dir='ltr'><strong>expia-</strong></span> 
     </span>
    </p>
   </div>
   <div class='ocr_carea' id='block_1_6' title="bbox 133 317 920 360">
    <p class='ocr_par' dir='ltr' id='par_1_6' title="bbox 133 317 920 360">
     <span class='ocr_line' id='line_1_6' title="bbox 133 317 920 360; baseline 0.013 -16"><span class='ocrx_word' id='word_1_32' title='bbox 133 317 203 345; x_wconf 89' lang='lat' dir='ltr'><strong>bunt</strong></span> <span class='ocrx_word' id='word_1_33' title='bbox 218 317 284 345; x_wconf 90' lang='lat' dir='ltr'><strong>illud</strong></span> <span class='ocrx_word' id='word_1_34' title='bbox 298 318 362 351; x_wconf 59' lang='grc' dir='ltr'><strong>ςῖι.</strong></span> <span class='ocrx_word' id='word_1_35' title='bbox 376 324 404 347; x_wconf 92' lang='lat' dir='ltr'><strong>et</strong></span> <span class='ocrx_word' id='word_1_36' title='bbox 414 326 521 348; x_wconf 89' lang='lat' dir='ltr'><strong>sument</strong></span> <span class='ocrx_word' id='word_1_37' title='bbox 532 322 659 354; x_wconf 91' lang='lat' dir='ltr'><strong>vitulum,</strong></span> <span class='ocrx_word' id='word_1_38' title='bbox 673 324 718 358; x_wconf 87' lang='lat' dir='ltr'><strong>qui</strong></span> <span class='ocrx_word' id='word_1_39' title='bbox 733 333 783 359; x_wconf 83' lang='lat' dir='ltr'><strong>pro</strong></span> <span class='ocrx_word' id='word_1_40' title='bbox 798 331 920 360; x_wconf 88' lang='lat' dir='ltr'><strong>peccato,</strong></span> 
     </span>
    </p>
   </div>
   <div class='ocr_carea' id='block_1_7' title="bbox 131 364 918 402">
    <p class='ocr_par' dir='ltr' id='par_1_7' title="bbox 131 364 918 402">
     <span class='ocr_line' id='line_1_7' title="bbox 131 364 918 402; baseline 0.014 -13"><span class='ocrx_word' id='word_1_41' title='bbox 131 368 159 390; x_wconf 86' lang='lat' dir='ltr'><strong>et</strong></span> <span class='ocrx_word' id='word_1_42' title='bbox 170 364 348 392; x_wconf 90' lang='lat' dir='ltr'><strong>comburetur</strong></span> <span class='ocrx_word' id='word_1_43' title='bbox 362 365 388 392; x_wconf 91' lang='lat' dir='ltr'><strong>in</strong></span> <span class='ocrx_word' id='word_1_44' title='bbox 400 366 459 394; x_wconf 91' lang='lat' dir='ltr'><strong>loco</strong></span> <span class='ocrx_word' id='word_1_45' title='bbox 471 373 598 402; x_wconf 88' lang='lat' dir='ltr'><strong>separato</strong></span> <span class='ocrx_word' id='word_1_46' title='bbox 606 370 704 398; x_wconf 86' lang='lat' dir='ltr'><strong>domus</strong></span> <span class='ocrx_word' id='word_1_47' title='bbox 716 376 791 398; x_wconf 76' lang='lat' dir='ltr'><strong>extra</strong></span> <span class='ocrx_word' id='word_1_48' title='bbox 808 372 918 400; x_wconf 89' lang='lat' dir='ltr'><strong>Sancta.</strong></span> 
     </span>
    </p>
   </div>
   <div class='ocr_carea' id='block_1_8' title="bbox 132 408 919 452">
    <p class='ocr_par' dir='ltr' id='par_1_8' title="bbox 132 408 919 452">
     <span class='ocr_line' id='line_1_8' title="bbox 132 408 919 452; baseline 0.014 -17"><span class='ocrx_word' id='word_1_49' title='bbox 132 409 177 436; x_wconf 64' lang='lat'><strong>22.</strong></span> <span class='ocrx_word' id='word_1_50' title='bbox 196 408 226 436; x_wconf 86' lang='lat' dir='ltr'><strong>Et</strong></span> <span class='ocrx_word' id='word_1_51' title='bbox 241 410 286 437; x_wconf 86' lang='lat' dir='ltr'><strong>die</strong></span> <span class='ocrx_word' id='word_1_52' title='bbox 306 412 428 439; x_wconf 88' lang='lat' dir='ltr'><strong>secundo</strong></span> <span class='ocrx_word' id='word_1_53' title='bbox 444 419 553 441; x_wconf 90' lang='lat' dir='ltr'><strong>sument</strong></span> <span class='ocrx_word' id='word_1_54' title='bbox 571 414 664 442; x_wconf 64' lang='lat' dir='ltr'><strong>haedos</strong></span> <span class='ocrx_word' id='word_1_55' title='bbox 684 416 753 445; x_wconf 90' lang='lat' dir='ltr'><strong>duos</strong></span> <span class='ocrx_word' id='word_1_56' title='bbox 775 425 919 452; x_wconf 87' lang='lat' dir='ltr'><strong>caprarum</strong></span> 
     </span>
    </p>
   </div>
   <div class='ocr_carea' id='block_1_9' title="bbox 133 455 920 495">
    <p class='ocr_par' dir='ltr' id='par_1_9' title="bbox 133 455 920 495">
     <span class='ocr_line' id='line_1_9' title="bbox 133 455 920 495; baseline 0.014 -14"><span class='ocrx_word' id='word_1_57' title='bbox 133 455 192 482; x_wconf 90' lang='lat' dir='ltr'><strong>sine</strong></span> <span class='ocrx_word' id='word_1_58' title='bbox 209 457 317 484; x_wconf 78' lang='lat' dir='ltr'><strong>macula</strong></span> <span class='ocrx_word' id='word_1_59' title='bbox 327 465 377 492; x_wconf 88' lang='lat' dir='ltr'><strong>pro</strong></span> <span class='ocrx_word' id='word_1_60' title='bbox 392 464 515 493; x_wconf 77' lang='lat' dir='ltr'><strong>peccato,</strong></span> <span class='ocrx_word' id='word_1_61' title='bbox 525 465 552 487; x_wconf 92' lang='lat' dir='ltr'><strong>et</strong></span> <span class='ocrx_word' id='word_1_62' title='bbox 563 462 711 495; x_wconf 77' lang='lat' dir='ltr'><strong>expiabunt</strong></span> <span class='ocrx_word' id='word_1_63' title='bbox 727 463 830 492; x_wconf 83' lang='lat' dir='ltr'><strong>altare.</strong></span> <span class='ocrx_word' id='word_1_64' title='bbox 846 462 920 492; x_wconf 81' lang='lat' dir='ltr'><strong>sicut</strong></span> 
     </span>
    </p>
   </div>
   <div class='ocr_carea' id='block_1_10' title="bbox 133 501 919 542">
    <p class='ocr_par' dir='ltr' id='par_1_10' title="bbox 133 501 919 542">
     <span class='ocr_line' id='line_1_10' title="bbox 133 501 919 542; baseline 0.013 -15"><span class='ocrx_word' id='word_1_65' title='bbox 133 501 280 536; x_wconf 88' lang='lat' dir='ltr'><strong>expiarunt</strong></span> <span class='ocrx_word' id='word_1_66' title='bbox 295 503 323 530; x_wconf 93' lang='lat' dir='ltr'><strong>in</strong></span> <span class='ocrx_word' id='word_1_67' title='bbox 336 503 434 532; x_wconf 86' lang='lat' dir='ltr'><strong>vitulo.</strong></span> <span class='ocrx_word' id='word_1_68' title='bbox 454 505 498 532; x_wconf 72' lang='lat'><strong>25.</strong></span> <span class='ocrx_word' id='word_1_69' title='bbox 514 505 546 532; x_wconf 87' lang='lat' dir='ltr'><strong>Et</strong></span> <span class='ocrx_word' id='word_1_70' title='bbox 562 511 704 542; x_wconf 78' lang='lat' dir='ltr'><strong>postquam</strong></span> <span class='ocrx_word' id='word_1_71' title='bbox 722 509 762 542; x_wconf 79' lang='grc' dir='ltr'>(ιι)</span> <span class='ocrx_word' id='word_1_72' title='bbox 778 509 919 537; x_wconf 87' lang='lat' dir='ltr'><strong>absolvisti</strong></span> 
     </span>
    </p>
   </div>
   <div class='ocr_carea' id='block_1_11' title="bbox 133 548 918 584">
    <p class='ocr_par' dir='ltr' id='par_1_11' title="bbox 133 548 918 584">
     <span class='ocr_line' id='line_1_11' title="bbox 133 548 918 584; baseline 0.013 -10"><span class='ocrx_word' id='word_1_73' title='bbox 133 548 334 583; x_wconf 76' lang='lat' dir='ltr'><strong>expiationem,</strong></span> <span class='ocrx_word' id='word_1_74' title='bbox 361 549 475 578; x_wconf 78' lang='lat' dir='ltr'><strong>oﬁerent</strong></span> <span class='ocrx_word' id='word_1_75' title='bbox 494 551 607 580; x_wconf 87' lang='lat' dir='ltr'><strong>vitulum</strong></span> <span class='ocrx_word' id='word_1_76' title='bbox 625 553 683 580; x_wconf 85' lang='lat' dir='ltr'><strong>sine</strong></span> <span class='ocrx_word' id='word_1_77' title='bbox 700 555 806 582; x_wconf 82' lang='lat' dir='ltr'><strong>macula</strong></span> <span class='ocrx_word' id='word_1_78' title='bbox 821 555 855 583; x_wconf 91' lang='lat' dir='ltr'><strong>de</strong></span> <span class='ocrx_word' id='word_1_79' title='bbox 869 555 918 584; x_wconf 90' lang='lat' dir='ltr'><strong>bo-</strong></span> 
     </span>
    </p>
   </div>
   <div class='ocr_carea' id='block_1_12' title="bbox 131 593 918 632">
    <p class='ocr_par' dir='ltr' id='par_1_12' title="bbox 131 593 918 632">
     <span class='ocr_line' id='line_1_12' title="bbox 131 593 918 632; baseline 0.011 -12"><span class='ocrx_word' id='word_1_80' title='bbox 131 593 194 625; x_wconf 85' lang='lat' dir='ltr'><strong>bus,</strong></span> <span class='ocrx_word' id='word_1_81' title='bbox 202 598 230 622; x_wconf 90' lang='lat' dir='ltr'><strong>et</strong></span> <span class='ocrx_word' id='word_1_82' title='bbox 239 595 351 622; x_wconf 80' lang='lat' dir='ltr'><strong>arietem</strong></span> <span class='ocrx_word' id='word_1_83' title='bbox 364 595 423 624; x_wconf 88' lang='lat' dir='ltr'><strong>sine</strong></span> <span class='ocrx_word' id='word_1_84' title='bbox 433 597 538 624; x_wconf 84' lang='lat' dir='ltr'><strong>macula</strong></span> <span class='ocrx_word' id='word_1_85' title='bbox 547 598 580 625; x_wconf 91' lang='lat' dir='ltr'><strong>de</strong></span> <span class='ocrx_word' id='word_1_86' title='bbox 590 599 696 632; x_wconf 80' lang='lat' dir='ltr'><strong>ovibus,</strong></span> <span class='ocrx_word' id='word_1_87' title='bbox 706 599 751 626; x_wconf 71' lang='grc'><strong>24.</strong></span> <span class='ocrx_word' id='word_1_88' title='bbox 761 605 788 627; x_wconf 91' lang='lat' dir='ltr'><strong>et</strong></span> <span class='ocrx_word' id='word_1_89' title='bbox 797 601 918 630; x_wconf 81' lang='lat' dir='ltr'><strong>offeretis</strong></span> 
     </span>
    </p>
   </div>
   <div class='ocr_carea' id='block_1_13' title="bbox 132 641 917 682">
    <p class='ocr_par' dir='ltr' id='par_1_13' title="bbox 132 641 917 682">
     <span class='ocr_line' id='line_1_13' title="bbox 132 641 917 682; baseline 0.011 -16"><span class='ocrx_word' id='word_1_90' title='bbox 132 647 225 667; x_wconf 88' lang='lat' dir='ltr'><strong>coram</strong></span> <span class='ocrx_word' id='word_1_91' title='bbox 245 641 361 668; x_wconf 85' lang='lat' dir='ltr'><strong>Domino</strong></span> <span class='ocrx_word' id='word_1_92' title='bbox 381 651 388 669; x_wconf 88' lang='lat'><strong>:</strong></span> <span class='ocrx_word' id='word_1_93' title='bbox 407 646 434 670; x_wconf 90' lang='lat' dir='ltr'><strong>et</strong></span> <span class='ocrx_word' id='word_1_94' title='bbox 453 649 597 678; x_wconf 79' lang='lat' dir='ltr'><strong>aspergent</strong></span> <span class='ocrx_word' id='word_1_95' title='bbox 611 646 768 674; x_wconf 85' lang='lat' dir='ltr'><strong>sacerdotes</strong></span> <span class='ocrx_word' id='word_1_96' title='bbox 783 655 866 682; x_wconf 88' lang='lat' dir='ltr'><strong>super</strong></span> <span class='ocrx_word' id='word_1_97' title='bbox 886 656 917 675; x_wconf 81' lang='lat' dir='ltr'><strong>ra</strong></span> 
     </span>
    </p>
   </div>
   <div class='ocr_carea' id='block_1_14' title="bbox 132 685 916 727">
    <p class='ocr_par' dir='ltr' id='par_1_14' title="bbox 132 685 916 727">
     <span class='ocr_line' id='line_1_14' title="bbox 132 685 916 727; baseline 0.008 -13"><span class='ocrx_word' id='word_1_98' title='bbox 132 685 188 717; x_wconf 84' lang='lat' dir='ltr'><strong>sal,</strong></span> <span class='ocrx_word' id='word_1_99' title='bbox 208 690 235 713; x_wconf 89' lang='lat' dir='ltr'><strong>et</strong></span> <span class='ocrx_word' id='word_1_100' title='bbox 250 687 366 715; x_wconf 76' lang='lat' dir='ltr'><strong>oﬁ‘ercnt</strong></span> <span class='ocrx_word' id='word_1_101' title='bbox 380 696 411 716; x_wconf 88' lang='lat' dir='ltr'><strong>ea</strong></span> <span class='ocrx_word' id='word_1_102' title='bbox 428 689 586 717; x_wconf 78' lang='lat' dir='ltr'><strong>holocausta</strong></span> <span class='ocrx_word' id='word_1_103' title='bbox 603 689 728 718; x_wconf 90' lang='lat' dir='ltr'><strong>Domino.</strong></span> <span class='ocrx_word' id='word_1_104' title='bbox 745 691 790 719; x_wconf 74' lang='lat'><strong>25.</strong></span> <span class='ocrx_word' id='word_1_105' title='bbox 808 691 916 727; x_wconf 82' lang='lat' dir='ltr'><strong>Septem</strong></span> 
     </span>
    </p>
   </div>
   <div class='ocr_carea' id='block_1_15' title="bbox 131 730 917 770">
    <p class='ocr_par' dir='ltr' id='par_1_15' title="bbox 131 730 917 770">
     <span class='ocr_line' id='line_1_15' title="bbox 131 730 917 770; baseline 0.009 -13"><span class='ocrx_word' id='word_1_106' title='bbox 131 730 228 758; x_wconf 86' lang='lat' dir='ltr'><strong>diebus</strong></span> <span class='ocrx_word' id='word_1_107' title='bbox 242 732 325 759; x_wconf 85' lang='lat' dir='ltr'><strong>facies</strong></span> <span class='ocrx_word' id='word_1_108' title='bbox 345 733 448 760; x_wconf 67' lang='lat' dir='ltr'><strong>haedum</strong></span> <span class='ocrx_word' id='word_1_109' title='bbox 462 741 511 768; x_wconf 91' lang='lat' dir='ltr'><strong>pro</strong></span> <span class='ocrx_word' id='word_1_110' title='bbox 527 739 637 768; x_wconf 88' lang='lat' dir='ltr'><strong>peccato</strong></span> <span class='ocrx_word' id='word_1_111' title='bbox 653 736 785 770; x_wconf 84' lang='lat' dir='ltr'><strong>quotidie,</strong></span> <span class='ocrx_word' id='word_1_112' title='bbox 807 741 835 764; x_wconf 89' lang='lat' dir='ltr'><strong>et</strong></span> <span class='ocrx_word' id='word_1_113' title='bbox 847 738 917 764; x_wconf 74' lang='lat' dir='ltr'><strong>vitu~</strong></span> 
     </span>
    </p>
   </div>
   <div class='ocr_carea' id='block_1_16' title="bbox 131 776 917 811">
    <p class='ocr_par' dir='ltr' id='par_1_16' title="bbox 131 776 917 811">
     <span class='ocr_line' id='line_1_16' title="bbox 131 776 917 811; baseline 0.01 -8"><span class='ocrx_word' id='word_1_114' title='bbox 131 776 186 804; x_wconf 88' lang='lat' dir='ltr'><strong>lum</strong></span> <span class='ocrx_word' id='word_1_115' title='bbox 202 785 234 804; x_wconf 88' lang='lat' dir='ltr'><strong>ex</strong></span> <span class='ocrx_word' id='word_1_116' title='bbox 252 778 349 810; x_wconf 87' lang='lat' dir='ltr'><strong>bobus,</strong></span> <span class='ocrx_word' id='word_1_117' title='bbox 365 785 392 806; x_wconf 91' lang='lat' dir='ltr'><strong>et</strong></span> <span class='ocrx_word' id='word_1_118' title='bbox 406 779 516 807; x_wconf 85' lang='lat' dir='ltr'><strong>arietem</strong></span> <span class='ocrx_word' id='word_1_119' title='bbox 528 788 560 808; x_wconf 90' lang='lat' dir='ltr'><strong>ex</strong></span> <span class='ocrx_word' id='word_1_120' title='bbox 574 781 670 808; x_wconf 84' lang='lat' dir='ltr'><strong>ovibus</strong></span> <span class='ocrx_word' id='word_1_121' title='bbox 683 783 742 810; x_wconf 87' lang='lat' dir='ltr'><strong>sine</strong></span> <span class='ocrx_word' id='word_1_122' title='bbox 757 784 862 811; x_wconf 82' lang='lat' dir='ltr'><strong>macula</strong></span> <span class='ocrx_word' id='word_1_123' title='bbox 878 783 917 811; x_wconf 84' lang='lat' dir='ltr'><strong>fa-</strong></span> 
     </span>
    </p>
   </div>
   <div class='ocr_carea' id='block_1_17' title="bbox 129 821 916 862">
    <p class='ocr_par' dir='ltr' id='par_1_17' title="bbox 129 821 916 862">
     <span class='ocr_line' id='line_1_17' title="bbox 129 821 916 862; baseline 0.008 -13"><span class='ocrx_word' id='word_1_124' title='bbox 129 821 203 850; x_wconf 89' lang='lat' dir='ltr'><strong>cient</strong></span> <span class='ocrx_word' id='word_1_125' title='bbox 221 823 268 850; x_wconf 78' lang='lat'><strong>26.</strong></span> <span class='ocrx_word' id='word_1_126' title='bbox 293 829 394 858; x_wconf 89' lang='lat' dir='ltr'><strong>septem</strong></span> <span class='ocrx_word' id='word_1_127' title='bbox 414 826 510 854; x_wconf 84' lang='lat' dir='ltr'><strong>diebus</strong></span> <span class='ocrx_word' id='word_1_128' title='bbox 531 836 538 853; x_wconf 90' lang='lat'><strong>:</strong></span> <span class='ocrx_word' id='word_1_129' title='bbox 564 832 590 854; x_wconf 88' lang='lat' dir='ltr'><strong>et</strong></span> <span class='ocrx_word' id='word_1_130' title='bbox 605 828 754 862; x_wconf 83' lang='lat' dir='ltr'><strong>expiabunt</strong></span> <span class='ocrx_word' id='word_1_131' title='bbox 769 828 854 855; x_wconf 85' lang='lat' dir='ltr'><strong>altare</strong></span> <span class='ocrx_word' id='word_1_132' title='bbox 868 850 874 861; x_wconf 93' lang='lat'><strong>,</strong></span> <span class='ocrx_word' id='word_1_133' title='bbox 890 834 916 856; x_wconf 92' lang='lat' dir='ltr'><strong>et</strong></span> 
     </span>
    </p>
   </div>
   <div class='ocr_carea' id='block_1_18' title="bbox 130 868 915 909">
    <p class='ocr_par' dir='ltr' id='par_1_18' title="bbox 130 868 915 909">
     <span class='ocr_line' id='line_1_18' title="bbox 130 868 915 909; baseline 0.01 -14"><span class='ocrx_word' id='word_1_134' title='bbox 130 868 301 898; x_wconf 70' lang='lat' dir='ltr'><strong>nnundabnnt</strong></span> <span class='ocrx_word' id='word_1_135' title='bbox 317 871 392 903; x_wconf 90' lang='lat' dir='ltr'><strong>illud,</strong></span> <span class='ocrx_word' id='word_1_136' title='bbox 410 875 436 899; x_wconf 88' lang='lat' dir='ltr'><strong>&#39;et</strong></span> <span class='ocrx_word' id='word_1_137' title='bbox 448 872 599 907; x_wconf 88' lang='lat' dir='ltr'><strong>implebunt</strong></span> <span class='ocrx_word' id='word_1_138' title='bbox 618 881 715 902; x_wconf 86' lang='lat' dir='ltr'><strong>manus</strong></span> <span class='ocrx_word' id='word_1_139' title='bbox 729 882 803 902; x_wconf 91' lang='lat' dir='ltr'><strong>suas.</strong></span> <span class='ocrx_word' id='word_1_140' title='bbox 821 875 865 902; x_wconf 72' lang='grc'><strong>27,</strong></span> <span class='ocrx_word' id='word_1_141' title='bbox 883 876 915 909; x_wconf 73' lang='grc' dir='ltr'><strong>&gt;ε&lt;</strong></span> 
     </span>
    </p>
   </div>
   <div class='ocr_carea' id='block_1_19' title="bbox 129 913 951 959">
    <p class='ocr_par' dir='ltr' id='par_1_19' title="bbox 129 913 951 959">
     <span class='ocr_line' id='line_1_19' title="bbox 129 913 951 959; baseline 0.012 -19"><span class='ocrx_word' id='word_1_142' title='bbox 129 913 162 940; x_wconf 85' lang='lat' dir='ltr'><strong>Et</strong></span> <span class='ocrx_word' id='word_1_143' title='bbox 188 917 417 944; x_wconf 84' lang='lat' dir='ltr'><strong>consummabunt</strong></span> <span class='ocrx_word' id='word_1_144' title='bbox 431 918 489 946; x_wconf 90' lang='lat' dir='ltr'><strong>dies</strong></span> <span class='ocrx_word' id='word_1_145' title='bbox 513 919 538 953; x_wconf 66' lang='grc' dir='ltr'><strong>ζ,</strong></span> <span class='ocrx_word' id='word_1_146' title='bbox 555 924 580 946; x_wconf 91' lang='lat' dir='ltr'><strong>et</strong></span> <span class='ocrx_word' id='word_1_147' title='bbox 596 920 648 947; x_wconf 87' lang='lat' dir='ltr'><strong>erit</strong></span> <span class='ocrx_word' id='word_1_148' title='bbox 662 927 676 947; x_wconf 87' lang='lat' dir='ltr'><strong>a</strong></span> <span class='ocrx_word' id='word_1_149' title='bbox 694 920 737 947; x_wconf 88' lang='lat' dir='ltr'><strong>die</strong></span> <span class='ocrx_word' id='word_1_150' title='bbox 758 927 853 949; x_wconf 82' lang='lat' dir='ltr'><strong>octavo</strong></span> <span class='ocrx_word' id='word_1_151' title='bbox 865 942 872 953; x_wconf 83' lang='lat'><strong>,</strong></span> <span class='ocrx_word' id='word_1_152' title='bbox 889 923 916 949; x_wconf 81' lang='lat' dir='ltr'><strong>et</strong></span> <span class='ocrx_word' id='word_1_153' title='bbox 931 932 951 959; x_wconf 74' lang='grc' dir='ltr'><strong><em>Β</em></strong></span> 
     </span>
    </p>
   </div>
   <div class='ocr_carea' id='block_1_20' title="bbox 128 960 912 1000">
    <p class='ocr_par' dir='ltr' id='par_1_20' title="bbox 128 960 912 1000">
     <span class='ocr_line' id='line_1_20' title="bbox 128 960 912 1000; baseline 0.013 -14"><span class='ocrx_word' id='word_1_154' title='bbox 128 960 267 996; x_wconf 89' lang='lat' dir='ltr'><strong>deinceps,</strong></span> <span class='ocrx_word' id='word_1_155' title='bbox 283 961 382 990; x_wconf 78' lang='lat' dir='ltr'><strong>facient</strong></span> <span class='ocrx_word' id='word_1_156' title='bbox 392 964 547 992; x_wconf 82' lang='lat' dir='ltr'><strong>sacerdotes</strong></span> <span class='ocrx_word' id='word_1_157' title='bbox 557 973 639 1000; x_wconf 86' lang='lat' dir='ltr'><strong>super</strong></span> <span class='ocrx_word' id='word_1_158' title='bbox 651 966 736 994; x_wconf 88' lang='lat' dir='ltr'><strong>altare</strong></span> <span class='ocrx_word' id='word_1_159' title='bbox 754 967 912 997; x_wconf 84' lang='lat' dir='ltr'><strong>holocausta</strong></span> 
     </span>
    </p>
   </div>
   <div class='ocr_carea' id='block_1_21' title="bbox 127 1008 911 1048">
    <p class='ocr_par' dir='ltr' id='par_1_21' title="bbox 127 1008 911 1048">
     <span class='ocr_line' id='line_1_21' title="bbox 127 1008 911 1048; baseline 0.015 -17"><span class='ocrx_word' id='word_1_160' title='bbox 127 1009 232 1037; x_wconf 81' lang='lat' dir='ltr'><strong>vestra.</strong></span> <span class='ocrx_word' id='word_1_161' title='bbox 250 1011 277 1034; x_wconf 91' lang='lat' dir='ltr'><strong>et</strong></span> <span class='ocrx_word' id='word_1_162' title='bbox 295 1015 355 1042; x_wconf 82' lang='lat' dir='ltr'><strong>quae</strong></span> <span class='ocrx_word' id='word_1_163' title='bbox 370 1008 465 1037; x_wconf 86' lang='lat' dir='ltr'><strong>salutis</strong></span> <span class='ocrx_word' id='word_1_164' title='bbox 483 1015 579 1039; x_wconf 81' lang='lat' dir='ltr'><strong>vestrae</strong></span> <span class='ocrx_word' id='word_1_165' title='bbox 601 1020 608 1038; x_wconf 85' lang='lat'>:</span> <span class='ocrx_word' id='word_1_166' title='bbox 633 1016 660 1039; x_wconf 85' lang='lat' dir='ltr'><strong>et</strong></span> <span class='ocrx_word' id='word_1_167' title='bbox 678 1013 824 1048; x_wconf 85' lang='lat' dir='ltr'><strong>suscipiam</strong></span> <span class='ocrx_word' id='word_1_168' title='bbox 843 1023 892 1043; x_wconf 90' lang='lat' dir='ltr'><strong>vos</strong></span> <span class='ocrx_word' id='word_1_169' title='bbox 904 1035 911 1048; x_wconf 91' lang='lat'><strong>,</strong></span> 
     </span>
    </p>
   </div>
   <div class='ocr_carea' id='block_1_22' title="bbox 127 1050 505 1083">
    <p class='ocr_par' dir='ltr' id='par_1_22' title="bbox 127 1050 505 1083">
     <span class='ocr_line' id='line_1_22' title="bbox 127 1050 505 1083; baseline 0.016 -6"><span class='ocrx_word' id='word_1_170' title='bbox 127 1050 193 1078; x_wconf 88' lang='lat' dir='ltr'><strong>dicit</strong></span> <span class='ocrx_word' id='word_1_171' title='bbox 211 1051 343 1080; x_wconf 90' lang='lat' dir='ltr'><strong>Dominus</strong></span> <span class='ocrx_word' id='word_1_172' title='bbox 363 1053 505 1083; x_wconf 88' lang='lat' dir='ltr'><strong>Dominus.</strong></span> 
     </span>
    </p>
   </div>
   <div class='ocr_carea' id='block_1_23' title="bbox 162 1096 911 1141">
    <p class='ocr_par' dir='ltr' id='par_1_23' title="bbox 162 1096 911 1141">
     <span class='ocr_line' id='line_1_23' title="bbox 162 1096 911 1141; baseline 0.019 -19"><span class='ocrx_word' id='word_1_173' title='bbox 162 1096 228 1131; x_wconf 87' lang='lat' dir='ltr'><strong>Cap.</strong></span> <span class='ocrx_word' id='word_1_174' title='bbox 253 1097 345 1126; x_wconf 85' lang='lat' dir='ltr'><strong>XLIV.</strong></span> <span class='ocrx_word' id='word_1_175' title='bbox 361 1115 395 1121; x_wconf 88' lang='lat'><strong>—</strong></span> <span class='ocrx_word' id='word_1_176' title='bbox 417 1101 442 1128; x_wconf 76' lang='lat' dir='ltr'><strong>t.</strong></span> <span class='ocrx_word' id='word_1_177' title='bbox 462 1101 494 1129; x_wconf 87' lang='lat' dir='ltr'><strong>Et</strong></span> <span class='ocrx_word' id='word_1_178' title='bbox 517 1105 650 1132; x_wconf 87' lang='lat' dir='ltr'><strong>eonvertit</strong></span> <span class='ocrx_word' id='word_1_179' title='bbox 667 1113 710 1133; x_wconf 91' lang='lat' dir='ltr'><strong>me</strong></span> <span class='ocrx_word' id='word_1_180' title='bbox 733 1115 815 1141; x_wconf 88' lang='lat' dir='ltr'><strong>super</strong></span> <span class='ocrx_word' id='word_1_181' title='bbox 840 1108 911 1135; x_wconf 86' lang='lat' dir='ltr'><strong>viam</strong></span> 
     </span>
    </p>
   </div>
   <div class='ocr_carea' id='block_1_24' title="bbox 126 1143 912 1186">
    <p class='ocr_par' dir='ltr' id='par_1_24' title="bbox 126 1143 912 1186">
     <span class='ocr_line' id='line_1_24' title="bbox 126 1143 912 1186; baseline 0.017 -17"><span class='ocrx_word' id='word_1_182' title='bbox 126 1148 212 1177; x_wconf 66' lang='lat' dir='ltr'><strong>portat</strong></span> <span class='ocrx_word' id='word_1_183' title='bbox 237 1143 400 1173; x_wconf 89' lang='lat' dir='ltr'><strong>Sanctorum</strong></span> <span class='ocrx_word' id='word_1_184' title='bbox 430 1149 594 1182; x_wconf 77' lang='lat' dir='ltr'><strong>exterioris,</strong></span> <span class='ocrx_word' id='word_1_185' title='bbox 618 1151 790 1186; x_wconf 88' lang='lat' dir='ltr'><strong>respicientis</strong></span> <span class='ocrx_word' id='word_1_186' title='bbox 816 1161 912 1182; x_wconf 79' lang='lat' dir='ltr'><strong>versus</strong></span> 
     </span>
    </p>
   </div>
   <div class='ocr_carea' id='block_1_25' title="bbox 125 1189 912 1228">
    <p class='ocr_par' dir='ltr' id='par_1_25' title="bbox 125 1189 912 1228">
     <span class='ocr_line' id='line_1_25' title="bbox 125 1189 912 1228; baseline 0.017 -13"><span class='ocrx_word' id='word_1_187' title='bbox 125 1189 277 1224; x_wconf 86' lang='lat' dir='ltr'><strong>orientem,</strong></span> <span class='ocrx_word' id='word_1_188' title='bbox 296 1196 323 1218; x_wconf 91' lang='lat' dir='ltr'><strong>et</strong></span> <span class='ocrx_word' id='word_1_189' title='bbox 342 1194 398 1219; x_wconf 66' lang='lat' dir='ltr'><strong>time</strong></span> <span class='ocrx_word' id='word_1_190' title='bbox 415 1198 473 1220; x_wconf 90' lang='lat' dir='ltr'><strong>erat</strong></span> <span class='ocrx_word' id='word_1_191' title='bbox 489 1194 593 1223; x_wconf 88' lang='lat' dir='ltr'><strong>clausa.</strong></span> <span class='ocrx_word' id='word_1_192' title='bbox 615 1196 642 1223; x_wconf 71' lang='grc'><strong>2.</strong></span> <span class='ocrx_word' id='word_1_193' title='bbox 669 1196 702 1224; x_wconf 83' lang='lat' dir='ltr'><strong>Et</strong></span> <span class='ocrx_word' id='word_1_194' title='bbox 725 1198 798 1226; x_wconf 74' lang='lat' dir='ltr'><strong>dixit</strong></span> <span class='ocrx_word' id='word_1_195' title='bbox 811 1199 843 1226; x_wconf 90' lang='lat' dir='ltr'><strong>ad</strong></span> <span class='ocrx_word' id='word_1_196' title='bbox 869 1208 912 1228; x_wconf 91' lang='lat' dir='ltr'><strong>me</strong></span> 
     </span>
    </p>
   </div>
   <div class='ocr_carea' id='block_1_26' title="bbox 127 1234 910 1280">
    <p class='ocr_par' dir='ltr' id='par_1_26' title="bbox 127 1234 910 1280">
     <span class='ocr_line' id='line_1_26' title="bbox 127 1234 910 1280; baseline 0.017 -19"><span class='ocrx_word' id='word_1_197' title='bbox 127 1234 260 1263; x_wconf 90' lang='lat' dir='ltr'><strong>Dominus</strong></span> <span class='ocrx_word' id='word_1_198' title='bbox 282 1245 287 1263; x_wconf 90' lang='lat'>:</span> <span class='ocrx_word' id='word_1_199' title='bbox 303 1237 383 1265; x_wconf 87' lang='lat' dir='ltr'><strong>Porta</strong></span> <span class='ocrx_word' id='word_1_200' title='bbox 401 1239 458 1266; x_wconf 75' lang='lat' dir='ltr'><strong>haec</strong></span> <span class='ocrx_word' id='word_1_201' title='bbox 488 1240 582 1268; x_wconf 87' lang='lat' dir='ltr'><strong>clausa</strong></span> <span class='ocrx_word' id='word_1_202' title='bbox 596 1242 648 1269; x_wconf 83' lang='lat' dir='ltr'><strong>erit</strong></span> <span class='ocrx_word' id='word_1_203' title='bbox 659 1265 672 1275; x_wconf 64' lang='lat'><strong>,,</strong></span> <span class='ocrx_word' id='word_1_204' title='bbox 683 1251 736 1271; x_wconf 91' lang='lat' dir='ltr'><strong>non</strong></span> <span class='ocrx_word' id='word_1_205' title='bbox 762 1246 910 1280; x_wconf 84' lang='lat' dir='ltr'><strong>aperietur,</strong></span> 
     </span>
    </p>
   </div>
   <div class='ocr_carea' id='block_1_27' title="bbox 124 1281 911 1322">
    <p class='ocr_par' dir='ltr' id='par_1_27' title="bbox 124 1281 911 1322">
     <span class='ocr_line' id='line_1_27' title="bbox 124 1281 911 1322; baseline 0.017 -15"><span class='ocrx_word' id='word_1_206' title='bbox 124 1288 177 1308; x_wconf 87' lang='lat' dir='ltr'><strong>nec</strong></span> <span class='ocrx_word' id='word_1_207' title='bbox 199 1281 261 1317; x_wconf 85' lang='lat' dir='ltr'><strong>quis</strong></span> <span class='ocrx_word' id='word_1_208' title='bbox 286 1283 412 1311; x_wconf 85' lang='lat' dir='ltr'><strong>transibit</strong></span> <span class='ocrx_word' id='word_1_209' title='bbox 433 1293 480 1319; x_wconf 89' lang='lat' dir='ltr'><strong>per</strong></span> <span class='ocrx_word' id='word_1_210' title='bbox 500 1294 576 1320; x_wconf 88' lang='lat' dir='ltr'><strong>eam,</strong></span> <span class='ocrx_word' id='word_1_211' title='bbox 598 1288 662 1322; x_wconf 85' lang='lat' dir='ltr'><strong>quia</strong></span> <span class='ocrx_word' id='word_1_212' title='bbox 684 1290 816 1319; x_wconf 82' lang='lat' dir='ltr'><strong>Dominus</strong></span> <span class='ocrx_word' id='word_1_213' title='bbox 840 1291 911 1320; x_wconf 87' lang='lat' dir='ltr'><strong>Deus</strong></span> 
     </span>
    </p>
   </div>
   <div class='ocr_carea' id='block_1_28' title="bbox 123 1326 910 1371">
    <p class='ocr_par' dir='ltr' id='par_1_28' title="bbox 123 1326 910 1371">
     <span class='ocr_line' id='line_1_28' title="bbox 123 1326 910 1371; baseline 0.017 -18"><span class='ocrx_word' id='word_1_214' title='bbox 123 1326 231 1355; x_wconf 83' lang='lat' dir='ltr'><strong>lsraelis</strong></span> <span class='ocrx_word' id='word_1_215' title='bbox 249 1328 415 1362; x_wconf 81' lang='lat' dir='ltr'><strong>ingredietur</strong></span> <span class='ocrx_word' id='word_1_216' title='bbox 429 1338 476 1365; x_wconf 90' lang='lat' dir='ltr'><strong>per</strong></span> <span class='ocrx_word' id='word_1_217' title='bbox 490 1339 549 1359; x_wconf 87' lang='lat' dir='ltr'><strong>eam</strong></span> <span class='ocrx_word' id='word_1_218' title='bbox 561 1353 568 1362; x_wconf 89' lang='lat'><strong>.</strong></span> <span class='ocrx_word' id='word_1_219' title='bbox 581 1338 607 1361; x_wconf 89' lang='lat' dir='ltr'><strong>et</strong></span> <span class='ocrx_word' id='word_1_220' title='bbox 616 1335 668 1361; x_wconf 89' lang='lat' dir='ltr'><strong>erit</strong></span> <span class='ocrx_word' id='word_1_221' title='bbox 681 1336 785 1364; x_wconf 87' lang='lat' dir='ltr'><strong>clausa.</strong></span> <span class='ocrx_word' id='word_1_222' title='bbox 802 1337 828 1364; x_wconf 78' lang='lat'><strong>3.</strong></span> <span class='ocrx_word' id='word_1_223' title='bbox 842 1337 910 1371; x_wconf 87' lang='lat' dir='ltr'><strong>Quia</strong></span> 
     </span>
    </p>
   </div>
   <div class='ocr_carea' id='block_1_29' title="bbox 122 1373 911 1419">
    <p class='ocr_par' dir='ltr' id='par_1_29' title="bbox 122 1373 911 1419">
     <span class='ocr_line' id='line_1_29' title="bbox 122 1373 911 1419; baseline 0.016 -20"><span class='ocrx_word' id='word_1_224' title='bbox 122 1373 178 1400; x_wconf 87' lang='lat' dir='ltr'><strong>dux</strong></span> <span class='ocrx_word' id='word_1_225' title='bbox 194 1375 229 1408; x_wconf 62' lang='grc' dir='ltr'><strong><em>χ</em></strong></span> <span class='ocrx_word' id='word_1_226' title='bbox 245 1374 369 1410; x_wconf 73' lang='lat' dir='ltr'><strong>princeps</strong></span> <span class='ocrx_word' id='word_1_227' title='bbox 385 1376 442 1410; x_wconf 85' lang='lat' dir='ltr'><strong>ipse</strong></span> <span class='ocrx_word' id='word_1_228' title='bbox 461 1378 565 1406; x_wconf 86' lang='lat' dir='ltr'><strong>sedebit</strong></span> <span class='ocrx_word' id='word_1_229' title='bbox 577 1379 602 1406; x_wconf 92' lang='lat' dir='ltr'><strong>in</strong></span> <span class='ocrx_word' id='word_1_230' title='bbox 621 1388 662 1413; x_wconf 87' lang='lat' dir='ltr'><strong>ea,</strong></span> <span class='ocrx_word' id='word_1_231' title='bbox 681 1386 709 1408; x_wconf 94' lang='lat' dir='ltr'><strong>ut</strong></span> <span class='ocrx_word' id='word_1_232' title='bbox 725 1383 849 1411; x_wconf 87' lang='lat' dir='ltr'><strong>comedat</strong></span> <span class='ocrx_word' id='word_1_233' title='bbox 863 1392 911 1419; x_wconf 87' lang='lat' dir='ltr'><strong>pa-</strong></span> 
     </span>
    </p>
   </div>
   <div class='ocr_carea' id='block_1_30' title="bbox 121 1420 910 1465">
    <p class='ocr_par' dir='ltr' id='par_1_30' title="bbox 121 1420 910 1465">
     <span class='ocr_line' id='line_1_30' title="bbox 121 1420 910 1465; baseline 0.018 -21"><span class='ocrx_word' id='word_1_234' title='bbox 121 1426 185 1446; x_wconf 88' lang='lat' dir='ltr'><strong>nem</strong></span> <span class='ocrx_word' id='word_1_235' title='bbox 204 1427 296 1447; x_wconf 89' lang='lat' dir='ltr'><strong>coram</strong></span> <span class='ocrx_word' id='word_1_236' title='bbox 311 1420 430 1449; x_wconf 88' lang='lat' dir='ltr'><strong>Domino</strong></span> <span class='ocrx_word' id='word_1_237' title='bbox 447 1432 454 1449; x_wconf 89' lang='lat'><strong><em>:</em></strong></span> <span class='ocrx_word' id='word_1_238' title='bbox 474 1431 556 1458; x_wconf 86' lang='lat' dir='ltr'><strong>super</strong></span> <span class='ocrx_word' id='word_1_239' title='bbox 570 1425 639 1453; x_wconf 86' lang='lat' dir='ltr'><strong>viam</strong></span> <span class='ocrx_word' id='word_1_240' title='bbox 658 1427 696 1462; x_wconf 65' lang='grc' dir='ltr'><strong>(ι)</strong></span> <span class='ocrx_word' id='word_1_241' title='bbox 714 1428 805 1456; x_wconf 69' lang='lat' dir='ltr'><strong>Aﬁlam</strong></span> <span class='ocrx_word' id='word_1_242' title='bbox 825 1435 910 1465; x_wconf 69' lang='lat' dir='ltr'><strong>portae</strong></span> 
     </span>
    </p>
   </div>
   <div class='ocr_carea' id='block_1_31' title="bbox 122 1465 911 1507">
    <p class='ocr_par' dir='ltr' id='par_1_31' title="bbox 122 1465 911 1507">
     <span class='ocr_line' id='line_1_31' title="bbox 122 1465 911 1507; baseline 0.016 -16"><span class='ocrx_word' id='word_1_243' title='bbox 122 1465 302 1500; x_wconf 77' lang='lat' dir='ltr'><strong>ingredietur,</strong></span> <span class='ocrx_word' id='word_1_244' title='bbox 322 1472 350 1494; x_wconf 86' lang='lat' dir='ltr'><strong>et</strong></span> <span class='ocrx_word' id='word_1_245' title='bbox 372 1476 454 1503; x_wconf 85' lang='lat' dir='ltr'><strong>super</strong></span> <span class='ocrx_word' id='word_1_246' title='bbox 473 1469 543 1497; x_wconf 81' lang='lat' dir='ltr'><strong>viam</strong></span> <span class='ocrx_word' id='word_1_247' title='bbox 563 1471 622 1506; x_wconf 87' lang='lat' dir='ltr'><strong>ejus</strong></span> <span class='ocrx_word' id='word_1_248' title='bbox 638 1474 802 1507; x_wconf 82' lang='lat' dir='ltr'><strong>egredietur.</strong></span> <span class='ocrx_word' id='word_1_249' title='bbox 826 1476 853 1503; x_wconf 74' lang='grc'><strong>4.</strong></span> <span class='ocrx_word' id='word_1_250' title='bbox 877 1477 911 1504; x_wconf 84' lang='lat' dir='ltr'><strong>Et</strong></span> 
     </span>
    </p>
   </div>
   <div class='ocr_carea' id='block_1_32' title="bbox 121 1511 909 1558">
    <p class='ocr_par' dir='ltr' id='par_1_32' title="bbox 121 1511 909 1558">
     <span class='ocr_line' id='line_1_32' title="bbox 121 1511 909 1558; baseline 0.016 -20"><span class='ocrx_word' id='word_1_251' title='bbox 121 1511 273 1539; x_wconf 88' lang='lat' dir='ltr'><strong>introduxit</strong></span> <span class='ocrx_word' id='word_1_252' title='bbox 285 1521 328 1540; x_wconf 87' lang='lat' dir='ltr'><strong>me</strong></span> <span class='ocrx_word' id='word_1_253' title='bbox 344 1515 382 1548; x_wconf 78' lang='grc' dir='ltr'><strong>(ῃ)</strong></span> <span class='ocrx_word' id='word_1_254' title='bbox 396 1522 479 1550; x_wconf 87' lang='lat' dir='ltr'><strong>super</strong></span> <span class='ocrx_word' id='word_1_255' title='bbox 492 1517 562 1544; x_wconf 79' lang='lat' dir='ltr'><strong>viam</strong></span> <span class='ocrx_word' id='word_1_256' title='bbox 576 1523 672 1553; x_wconf 68' lang='lat' dir='ltr'><strong>portre,</strong></span> <span class='ocrx_word' id='word_1_257' title='bbox 685 1528 746 1555; x_wconf 67' lang='lat' dir='ltr'><strong>qua:</strong></span> <span class='ocrx_word' id='word_1_258' title='bbox 757 1522 789 1549; x_wconf 85' lang='lat' dir='ltr'><strong>ad</strong></span> <span class='ocrx_word' id='word_1_259' title='bbox 803 1524 909 1558; x_wconf 84' lang='lat' dir='ltr'><strong>aquilo-</strong></span> 
     </span>
    </p>
   </div>
   <div class='ocr_carea' id='block_1_33' title="bbox 119 1559 909 1604">
    <p class='ocr_par' dir='ltr' id='par_1_33' title="bbox 119 1559 909 1604">
     <span class='ocr_line' id='line_1_33' title="bbox 119 1559 909 1604; baseline 0.018 -21"><span class='ocrx_word' id='word_1_260' title='bbox 119 1564 182 1584; x_wconf 88' lang='lat' dir='ltr'><strong>nem</strong></span> <span class='ocrx_word' id='word_1_261' title='bbox 201 1563 296 1586; x_wconf 86' lang='lat' dir='ltr'><strong>contra</strong></span> <span class='ocrx_word' id='word_1_262' title='bbox 317 1560 426 1588; x_wconf 93' lang='lat' dir='ltr'><strong>domum</strong></span> <span class='ocrx_word' id='word_1_263' title='bbox 447 1570 454 1588; x_wconf 90' lang='lat'><strong>:</strong></span> <span class='ocrx_word' id='word_1_264' title='bbox 470 1566 498 1589; x_wconf 88' lang='lat' dir='ltr'><strong>et</strong></span> <span class='ocrx_word' id='word_1_265' title='bbox 518 1563 571 1590; x_wconf 79' lang='lat' dir='ltr'><strong>vidi</strong></span> <span class='ocrx_word' id='word_1_266' title='bbox 584 1585 591 1597; x_wconf 88' lang='lat'><strong>,</strong></span> <span class='ocrx_word' id='word_1_267' title='bbox 606 1570 633 1592; x_wconf 90' lang='lat' dir='ltr'><strong>et</strong></span> <span class='ocrx_word' id='word_1_268' title='bbox 645 1559 709 1594; x_wconf 83' lang='lat' dir='ltr'><strong>ecce</strong></span> <span class='ocrx_word' id='word_1_269' title='bbox 723 1568 801 1602; x_wconf 87' lang='lat' dir='ltr'><strong>plena</strong></span> <span class='ocrx_word' id='word_1_270' title='bbox 815 1569 909 1604; x_wconf 59' lang='lat' dir='ltr'><strong>gloriae</strong></span> 
     </span>
    </p>
   </div>
   <div class='ocr_carea' id='block_1_34' title="bbox 974 278 1755 315">
    <p class='ocr_par' dir='ltr' id='par_1_34' title="bbox 974 278 1755 315">
     <span class='ocr_line' id='line_1_34' title="bbox 974 278 1755 315; baseline 0.004 -12"><span class='ocrx_word' id='word_1_271' title='bbox 974 278 1130 308; x_wconf 77' lang='lat' dir='ltr'><strong>nistrautes.</strong></span> <span class='ocrx_word' id='word_1_272' title='bbox 1151 280 1256 306; x_wconf 88' lang='lat' dir='ltr'><strong>ostiarii</strong></span> <span class='ocrx_word' id='word_1_273' title='bbox 1274 287 1356 315; x_wconf 85' lang='lat' dir='ltr'><strong>super</strong></span> <span class='ocrx_word' id='word_1_274' title='bbox 1373 280 1458 315; x_wconf 87' lang='lat' dir='ltr'><strong>portis</strong></span> <span class='ocrx_word' id='word_1_275' title='bbox 1472 279 1581 311; x_wconf 84' lang='lat' dir='ltr'><strong>domus,</strong></span> <span class='ocrx_word' id='word_1_276' title='bbox 1598 285 1624 306; x_wconf 87' lang='lat' dir='ltr'><strong>et</strong></span> <span class='ocrx_word' id='word_1_277' title='bbox 1640 279 1755 306; x_wconf 86' lang='lat' dir='ltr'><strong>ministri</strong></span> 
     </span>
    </p>
   </div>
   <div class='ocr_carea' id='block_1_35' title="bbox 972 322 1756 358">
    <p class='ocr_par' dir='ltr' id='par_1_35' title="bbox 972 322 1756 358">
     <span class='ocr_line' id='line_1_35' title="bbox 972 322 1756 358; baseline 0.004 -10"><span class='ocrx_word' id='word_1_278' title='bbox 972 322 1063 349; x_wconf 85' lang='lat' dir='ltr'><strong>domui</strong></span> <span class='ocrx_word' id='word_1_279' title='bbox 1081 332 1088 350; x_wconf 86' lang='lat'><strong>:</strong></span> <span class='ocrx_word' id='word_1_280' title='bbox 1114 323 1158 350; x_wconf 88' lang='lat' dir='ltr'><strong>isti</strong></span> <span class='ocrx_word' id='word_1_281' title='bbox 1186 324 1365 352; x_wconf 87' lang='lat' dir='ltr'><strong>immolabunt</strong></span> <span class='ocrx_word' id='word_1_282' title='bbox 1381 325 1559 358; x_wconf 81' lang='lat' dir='ltr'><strong>holocausta,</strong></span> <span class='ocrx_word' id='word_1_283' title='bbox 1575 329 1602 352; x_wconf 89' lang='lat' dir='ltr'><strong>et</strong></span> <span class='ocrx_word' id='word_1_284' title='bbox 1621 324 1756 352; x_wconf 90' lang='lat' dir='ltr'><strong>sacriﬁcia</strong></span> 
     </span>
    </p>
   </div>
   <div class='ocr_carea' id='block_1_36' title="bbox 971 369 1757 406">
    <p class='ocr_par' dir='ltr' id='par_1_36' title="bbox 971 369 1757 406">
     <span class='ocr_line' id='line_1_36' title="bbox 971 369 1757 406; baseline 0.004 -11"><span class='ocrx_word' id='word_1_285' title='bbox 971 369 1080 403; x_wconf 89' lang='lat' dir='ltr'><strong>populo,</strong></span> <span class='ocrx_word' id='word_1_286' title='bbox 1095 375 1121 396; x_wconf 92' lang='lat' dir='ltr'><strong>et</strong></span> <span class='ocrx_word' id='word_1_287' title='bbox 1137 369 1182 397; x_wconf 90' lang='lat' dir='ltr'><strong>isti</strong></span> <span class='ocrx_word' id='word_1_288' title='bbox 1199 371 1308 398; x_wconf 88' lang='lat' dir='ltr'><strong>stabunt</strong></span> <span class='ocrx_word' id='word_1_289' title='bbox 1322 376 1385 398; x_wconf 89' lang='lat' dir='ltr'><strong>ante</strong></span> <span class='ocrx_word' id='word_1_290' title='bbox 1400 371 1541 406; x_wconf 90' lang='lat' dir='ltr'><strong>populum,</strong></span> <span class='ocrx_word' id='word_1_291' title='bbox 1554 375 1583 397; x_wconf 91' lang='lat' dir='ltr'><strong>ut</strong></span> <span class='ocrx_word' id='word_1_292' title='bbox 1601 371 1757 398; x_wconf 89' lang='lat' dir='ltr'><strong>ministrent</strong></span> 
     </span>
    </p>
   </div>
   <div class='ocr_carea' id='block_1_37' title="bbox 970 415 1756 451">
    <p class='ocr_par' dir='ltr' id='par_1_37' title="bbox 970 415 1756 451">
     <span class='ocr_line' id='line_1_37' title="bbox 970 415 1756 451; baseline 0.004 -11"><span class='ocrx_word' id='word_1_293' title='bbox 970 415 1027 446; x_wconf 91' lang='lat' dir='ltr'><strong>eis,</strong></span> <span class='ocrx_word' id='word_1_294' title='bbox 1047 415 1090 441; x_wconf 76' lang='grc'><strong>12.</strong></span> <span class='ocrx_word' id='word_1_295' title='bbox 1103 422 1152 450; x_wconf 92' lang='lat' dir='ltr'><strong>pro</strong></span> <span class='ocrx_word' id='word_1_296' title='bbox 1169 423 1202 443; x_wconf 90' lang='lat' dir='ltr'><strong>eo</strong></span> <span class='ocrx_word' id='word_1_297' title='bbox 1219 416 1291 451; x_wconf 89' lang='lat' dir='ltr'><strong>quod</strong></span> <span class='ocrx_word' id='word_1_298' title='bbox 1313 417 1506 444; x_wconf 79' lang='lat' dir='ltr'><strong>ministrabant</strong></span> <span class='ocrx_word' id='word_1_299' title='bbox 1526 417 1567 444; x_wconf 87' lang='lat' dir='ltr'><strong>eis</strong></span> <span class='ocrx_word' id='word_1_300' title='bbox 1580 421 1642 444; x_wconf 89' lang='lat' dir='ltr'><strong>ante</strong></span> <span class='ocrx_word' id='word_1_301' title='bbox 1660 416 1756 444; x_wconf 87' lang='lat' dir='ltr'><strong>faciem</strong></span> 
     </span>
    </p>
   </div>
   <div class='ocr_carea' id='block_1_38' title="bbox 970 458 1754 494">
    <p class='ocr_par' dir='ltr' id='par_1_38' title="bbox 970 458 1754 494">
     <span class='ocr_line' id='line_1_38' title="bbox 970 458 1754 494; baseline 0.003 -8"><span class='ocrx_word' id='word_1_302' title='bbox 970 458 1105 487; x_wconf 88' lang='lat' dir='ltr'><strong>idolorum</strong></span> <span class='ocrx_word' id='word_1_303' title='bbox 1123 467 1254 494; x_wconf 88' lang='lat' dir='ltr'><strong>suorum;</strong></span> <span class='ocrx_word' id='word_1_304' title='bbox 1269 466 1296 489; x_wconf 86' lang='lat' dir='ltr'><strong>et</strong></span> <span class='ocrx_word' id='word_1_305' title='bbox 1315 461 1416 489; x_wconf 78' lang='lat' dir='ltr'><strong>factum</strong></span> <span class='ocrx_word' id='word_1_306' title='bbox 1431 466 1473 490; x_wconf 91' lang='lat' dir='ltr'><strong>est</strong></span> <span class='ocrx_word' id='word_1_307' title='bbox 1491 462 1585 489; x_wconf 88' lang='lat' dir='ltr'><strong>domui</strong></span> <span class='ocrx_word' id='word_1_308' title='bbox 1603 462 1709 489; x_wconf 89' lang='lat' dir='ltr'><strong>lsraelis</strong></span> <span class='ocrx_word' id='word_1_309' title='bbox 1727 461 1754 488; x_wconf 92' lang='lat' dir='ltr'><strong>in</strong></span> 
     </span>
    </p>
   </div>
   <div class='ocr_carea' id='block_1_39' title="bbox 969 506 1753 542">
    <p class='ocr_par' dir='ltr' id='par_1_39' title="bbox 969 506 1753 542">
     <span class='ocr_line' id='line_1_39' title="bbox 969 506 1753 542; baseline 0.001 -10"><span class='ocrx_word' id='word_1_310' title='bbox 969 508 1135 533; x_wconf 87' lang='lat' dir='ltr'><strong>tormentum</strong></span> <span class='ocrx_word' id='word_1_311' title='bbox 1159 506 1310 541; x_wconf 49' lang='lat' dir='ltr'><strong>iniustitiae.</strong></span> <span class='ocrx_word' id='word_1_312' title='bbox 1326 508 1439 542; x_wconf 79' lang='lat' dir='ltr'><strong>Propter</strong></span> <span class='ocrx_word' id='word_1_313' title='bbox 1462 508 1513 534; x_wconf 87' lang='lat' dir='ltr'><strong>hoc</strong></span> <span class='ocrx_word' id='word_1_314' title='bbox 1535 507 1619 534; x_wconf 78' lang='lat' dir='ltr'><strong>levavi</strong></span> <span class='ocrx_word' id='word_1_315' title='bbox 1641 515 1753 534; x_wconf 84' lang='lat' dir='ltr'><strong>manum</strong></span> 
     </span>
    </p>
   </div>
   <div class='ocr_carea' id='block_1_40' title="bbox 969 552 1754 586">
    <p class='ocr_par' dir='ltr' id='par_1_40' title="bbox 969 552 1754 586">
     <span class='ocr_line' id='line_1_40' title="bbox 969 552 1754 586; baseline 0.003 -10"><span class='ocrx_word' id='word_1_316' title='bbox 969 558 1057 578; x_wconf 87' lang='lat' dir='ltr'><strong>meam</strong></span> <span class='ocrx_word' id='word_1_317' title='bbox 1081 559 1165 586; x_wconf 87' lang='lat' dir='ltr'><strong>super</strong></span> <span class='ocrx_word' id='word_1_318' title='bbox 1176 559 1235 585; x_wconf 85' lang='lat' dir='ltr'><strong>eos,</strong></span> <span class='ocrx_word' id='word_1_319' title='bbox 1254 552 1320 579; x_wconf 88' lang='lat' dir='ltr'><strong>dicit</strong></span> <span class='ocrx_word' id='word_1_320' title='bbox 1342 552 1474 580; x_wconf 87' lang='lat' dir='ltr'><strong>Dominus</strong></span> <span class='ocrx_word' id='word_1_321' title='bbox 1497 553 1582 585; x_wconf 88' lang='lat' dir='ltr'><strong>Deus,</strong></span> <span class='ocrx_word' id='word_1_322' title='bbox 1598 554 1630 586; x_wconf 65' lang='grc' dir='ltr'><strong>&gt;ε&lt;</strong></span> <span class='ocrx_word' id='word_1_323' title='bbox 1645 557 1671 580; x_wconf 91' lang='lat' dir='ltr'><strong>et</strong></span> <span class='ocrx_word' id='word_1_324' title='bbox 1683 552 1754 579; x_wconf 85' lang='lat' dir='ltr'><strong>acci-</strong></span> 
     </span>
    </p>
   </div>
   <div class='ocr_carea' id='block_1_41' title="bbox 969 595 1753 632">
    <p class='ocr_par' dir='ltr' id='par_1_41' title="bbox 969 595 1753 632">
     <span class='ocr_line' id='line_1_41' title="bbox 969 595 1753 632; baseline 0.003 -10"><span class='ocrx_word' id='word_1_325' title='bbox 969 595 1042 630; x_wconf 90' lang='lat' dir='ltr'><strong>pient</strong></span> <span class='ocrx_word' id='word_1_326' title='bbox 1056 596 1226 632; x_wconf 87' lang='lat' dir='ltr'><strong>iniquitatem</strong></span> <span class='ocrx_word' id='word_1_327' title='bbox 1244 605 1323 625; x_wconf 90' lang='lat' dir='ltr'><strong>suam</strong></span> <span class='ocrx_word' id='word_1_328' title='bbox 1342 598 1353 632; x_wconf 73' lang='grc' dir='ltr'>ζ</span> <span class='ocrx_word' id='word_1_329' title='bbox 1371 607 1377 624; x_wconf 87' lang='lat'>:</span> <span class='ocrx_word' id='word_1_330' title='bbox 1403 598 1448 624; x_wconf 80' lang='grc'><strong>15.</strong></span> <span class='ocrx_word' id='word_1_331' title='bbox 1462 603 1490 625; x_wconf 89' lang='lat' dir='ltr'><strong>et</strong></span> <span class='ocrx_word' id='word_1_332' title='bbox 1503 605 1556 625; x_wconf 94' lang='lat' dir='ltr'><strong>nou</strong></span> <span class='ocrx_word' id='word_1_333' title='bbox 1575 598 1706 625; x_wconf 81' lang='lat' dir='ltr'><strong>accedent</strong></span> <span class='ocrx_word' id='word_1_334' title='bbox 1719 597 1753 624; x_wconf 84' lang='lat' dir='ltr'><strong>ad</strong></span> 
     </span>
    </p>
   </div>
   <div class='ocr_carea' id='block_1_42' title="bbox 968 642 1752 677">
    <p class='ocr_par' dir='ltr' id='par_1_42' title="bbox 968 642 1752 677">
     <span class='ocr_line' id='line_1_42' title="bbox 968 642 1752 677; baseline 0.004 -11"><span class='ocrx_word' id='word_1_335' title='bbox 968 648 1021 673; x_wconf 90' lang='lat' dir='ltr'><strong>me,</strong></span> <span class='ocrx_word' id='word_1_336' title='bbox 1049 645 1079 667; x_wconf 89' lang='lat' dir='ltr'><strong>ut</strong></span> <span class='ocrx_word' id='word_1_337' title='bbox 1097 642 1251 669; x_wconf 90' lang='lat' dir='ltr'><strong>sacerdotio</strong></span> <span class='ocrx_word' id='word_1_338' title='bbox 1268 642 1417 676; x_wconf 81' lang='lat' dir='ltr'><strong>fungantur</strong></span> <span class='ocrx_word' id='word_1_339' title='bbox 1431 643 1516 674; x_wconf 91' lang='lat' dir='ltr'><strong>mihi,</strong></span> <span class='ocrx_word' id='word_1_340' title='bbox 1535 650 1623 677; x_wconf 88' lang='lat' dir='ltr'><strong>neque</strong></span> <span class='ocrx_word' id='word_1_341' title='bbox 1642 647 1671 669; x_wconf 92' lang='lat' dir='ltr'><strong>ut</strong></span> <span class='ocrx_word' id='word_1_342' title='bbox 1685 642 1752 670; x_wconf 77' lang='lat' dir='ltr'><strong>oﬂe-</strong></span> 
     </span>
    </p>
   </div>
   <div class='ocr_carea' id='block_1_43' title="bbox 967 687 1753 722">
    <p class='ocr_par' dir='ltr' id='par_1_43' title="bbox 967 687 1753 722">
     <span class='ocr_line' id='line_1_43' title="bbox 967 687 1753 722; baseline 0.003 -10"><span class='ocrx_word' id='word_1_343' title='bbox 967 691 1029 713; x_wconf 91' lang='lat' dir='ltr'><strong>rant</strong></span> <span class='ocrx_word' id='word_1_344' title='bbox 1045 687 1077 713; x_wconf 86' lang='lat' dir='ltr'><strong>ad</strong></span> <span class='ocrx_word' id='word_1_345' title='bbox 1091 687 1182 714; x_wconf 90' lang='lat' dir='ltr'><strong>omnia</strong></span> <span class='ocrx_word' id='word_1_346' title='bbox 1199 687 1297 715; x_wconf 90' lang='lat' dir='ltr'><strong>Sancta</strong></span> <span class='ocrx_word' id='word_1_347' title='bbox 1319 695 1349 716; x_wconf 73' lang='grc' dir='ltr'><strong>σι-</strong></span> <span class='ocrx_word' id='word_1_348' title='bbox 1370 687 1488 715; x_wconf 83' lang='lat' dir='ltr'><strong>ﬁliorum</strong></span> <span class='ocrx_word' id='word_1_349' title='bbox 1500 688 1608 715; x_wconf 83' lang='lat' dir='ltr'><strong>lsraelis</strong></span> <span class='ocrx_word' id='word_1_350' title='bbox 1622 688 1645 722; x_wconf 72' lang='grc' dir='ltr'><strong>ζ,</strong></span> <span class='ocrx_word' id='word_1_351' title='bbox 1658 695 1707 715; x_wconf 83' lang='lat' dir='ltr'><strong>nec</strong></span> <span class='ocrx_word' id='word_1_352' title='bbox 1719 687 1753 714; x_wconf 91' lang='lat' dir='ltr'><strong>ad</strong></span> 
     </span>
    </p>
   </div>
   <div class='ocr_carea' id='block_1_44' title="bbox 968 731 1752 769">
    <p class='ocr_par' dir='ltr' id='par_1_44' title="bbox 968 731 1752 769">
     <span class='ocr_line' id='line_1_44' title="bbox 968 731 1752 769; baseline 0.003 -11"><span class='ocrx_word' id='word_1_353' title='bbox 968 731 1067 759; x_wconf 82' lang='lat' dir='ltr'><strong>Sancta</strong></span> <span class='ocrx_word' id='word_1_354' title='bbox 1084 732 1249 760; x_wconf 89' lang='lat' dir='ltr'><strong>Sanctorum</strong></span> <span class='ocrx_word' id='word_1_355' title='bbox 1272 741 1396 761; x_wconf 87' lang='lat' dir='ltr'><strong>meorum</strong></span> <span class='ocrx_word' id='word_1_356' title='bbox 1417 743 1423 760; x_wconf 92' lang='lat'>:</span> <span class='ocrx_word' id='word_1_357' title='bbox 1441 739 1467 761; x_wconf 89' lang='lat' dir='ltr'><strong>et</strong></span> <span class='ocrx_word' id='word_1_358' title='bbox 1485 734 1619 769; x_wconf 90' lang='lat' dir='ltr'><strong>accipient</strong></span> <span class='ocrx_word' id='word_1_359' title='bbox 1635 734 1752 769; x_wconf 79' lang='lat' dir='ltr'><strong>ignomi-</strong></span> 
     </span>
    </p>
   </div>
   <div class='ocr_carea' id='block_1_45' title="bbox 967 778 1751 814">
    <p class='ocr_par' dir='ltr' id='par_1_45' title="bbox 967 778 1751 814">
     <span class='ocr_line' id='line_1_45' title="bbox 967 778 1751 814; baseline 0.003 -10"><span class='ocrx_word' id='word_1_360' title='bbox 967 778 1040 804; x_wconf 91' lang='lat' dir='ltr'><strong>niam</strong></span> <span class='ocrx_word' id='word_1_361' title='bbox 1056 785 1133 805; x_wconf 89' lang='lat' dir='ltr'><strong>suam</strong></span> <span class='ocrx_word' id='word_1_362' title='bbox 1146 778 1172 805; x_wconf 89' lang='lat' dir='ltr'><strong>in</strong></span> <span class='ocrx_word' id='word_1_363' title='bbox 1183 786 1286 810; x_wconf 90' lang='lat' dir='ltr'><strong>errore,</strong></span> <span class='ocrx_word' id='word_1_364' title='bbox 1298 787 1353 814; x_wconf 91' lang='lat' dir='ltr'><strong>quo</strong></span> <span class='ocrx_word' id='word_1_365' title='bbox 1365 784 1503 807; x_wconf 88' lang='lat' dir='ltr'><strong>errarunt.</strong></span> <span class='ocrx_word' id='word_1_366' title='bbox 1518 780 1559 806; x_wconf 75' lang='grc' dir='ltr'><strong>Η.</strong></span> <span class='ocrx_word' id='word_1_367' title='bbox 1575 779 1609 813; x_wconf 81' lang='lat' dir='ltr'><strong>(c)</strong></span> <span class='ocrx_word' id='word_1_368' title='bbox 1625 778 1656 806; x_wconf 89' lang='lat' dir='ltr'><strong>Et</strong></span> <span class='ocrx_word' id='word_1_369' title='bbox 1666 779 1751 806; x_wconf 91' lang='lat' dir='ltr'><strong>dedu-</strong></span> 
     </span>
    </p>
   </div>
   <div class='ocr_carea' id='block_1_46' title="bbox 966 824 1750 856">
    <p class='ocr_par' dir='ltr' id='par_1_46' title="bbox 966 824 1750 856">
     <span class='ocr_line' id='line_1_46' title="bbox 966 824 1750 856; baseline 0 -6"><span class='ocrx_word' id='word_1_370' title='bbox 966 827 1029 850; x_wconf 85' lang='lat' dir='ltr'><strong>cent</strong></span> <span class='ocrx_word' id='word_1_371' title='bbox 1040 831 1097 856; x_wconf 89' lang='lat' dir='ltr'><strong>eos,</strong></span> <span class='ocrx_word' id='word_1_372' title='bbox 1118 829 1145 851; x_wconf 93' lang='lat' dir='ltr'><strong>ut</strong></span> <span class='ocrx_word' id='word_1_373' title='bbox 1166 825 1322 852; x_wconf 87' lang='lat' dir='ltr'><strong>custodiant</strong></span> <span class='ocrx_word' id='word_1_374' title='bbox 1336 825 1474 853; x_wconf 86' lang='lat' dir='ltr'><strong>custodias</strong></span> <span class='ocrx_word' id='word_1_375' title='bbox 1491 825 1589 852; x_wconf 89' lang='lat' dir='ltr'><strong>domus</strong></span> <span class='ocrx_word' id='word_1_376' title='bbox 1613 825 1639 851; x_wconf 93' lang='lat' dir='ltr'><strong>iu</strong></span> <span class='ocrx_word' id='word_1_377' title='bbox 1657 824 1750 851; x_wconf 90' lang='lat' dir='ltr'><strong>omnia</strong></span> 
     </span>
    </p>
   </div>
   <div class='ocr_carea' id='block_1_47' title="bbox 966 870 1749 905">
    <p class='ocr_par' dir='ltr' id='par_1_47' title="bbox 966 870 1749 905">
     <span class='ocr_line' id='line_1_47' title="bbox 966 870 1749 905; baseline 0 -9"><span class='ocrx_word' id='word_1_378' title='bbox 966 877 1046 904; x_wconf 86' lang='lat' dir='ltr'><strong>opera</strong></span> <span class='ocrx_word' id='word_1_379' title='bbox 1062 870 1122 904; x_wconf 86' lang='lat' dir='ltr'><strong>ejus</strong></span> <span class='ocrx_word' id='word_1_380' title='bbox 1134 890 1142 901; x_wconf 85' lang='lat'><strong>,</strong></span> <span class='ocrx_word' id='word_1_381' title='bbox 1160 875 1187 897; x_wconf 89' lang='lat' dir='ltr'><strong>et</strong></span> <span class='ocrx_word' id='word_1_382' title='bbox 1208 871 1235 897; x_wconf 94' lang='lat' dir='ltr'><strong>in</strong></span> <span class='ocrx_word' id='word_1_383' title='bbox 1251 871 1341 898; x_wconf 88' lang='lat' dir='ltr'><strong>omnia</strong></span> <span class='ocrx_word' id='word_1_384' title='bbox 1358 879 1417 905; x_wconf 78' lang='lat' dir='ltr'><strong>quae</strong></span> <span class='ocrx_word' id='word_1_385' title='bbox 1432 871 1546 898; x_wconf 81' lang='lat' dir='ltr'><strong>fecerint</strong></span> <span class='ocrx_word' id='word_1_386' title='bbox 1560 871 1586 897; x_wconf 93' lang='lat' dir='ltr'><strong>in</strong></span> <span class='ocrx_word' id='word_1_387' title='bbox 1603 878 1633 898; x_wconf 93' lang='lat' dir='ltr'><strong>ea</strong></span> <span class='ocrx_word' id='word_1_388' title='bbox 1649 871 1749 897; x_wconf 64' lang='lat' dir='ltr'><strong>15.11a-</strong></span> 
     </span>
    </p>
   </div>
   <div class='ocr_carea' id='block_1_48' title="bbox 968 915 1752 951">
    <p class='ocr_par' dir='ltr' id='par_1_48' title="bbox 968 915 1752 951">
     <span class='ocr_line' id='line_1_48' title="bbox 968 915 1752 951; baseline 0 -9"><span class='ocrx_word' id='word_1_389' title='bbox 968 916 1090 944; x_wconf 87' lang='lat' dir='ltr'><strong>cerdotes</strong></span> <span class='ocrx_word' id='word_1_390' title='bbox 1112 916 1151 950; x_wconf 85' lang='lat' dir='ltr'><strong>(d)</strong></span> <span class='ocrx_word' id='word_1_391' title='bbox 1167 916 1268 944; x_wconf 67' lang='lat' dir='ltr'><strong>Levita:</strong></span> <span class='ocrx_word' id='word_1_392' title='bbox 1294 917 1340 944; x_wconf 86' lang='lat' dir='ltr'><strong>ﬁlii</strong></span> <span class='ocrx_word' id='word_1_393' title='bbox 1353 917 1461 944; x_wconf 87' lang='lat' dir='ltr'><strong>Sadduc</strong></span> <span class='ocrx_word' id='word_1_394' title='bbox 1477 937 1484 948; x_wconf 86' lang='lat'><strong>,</strong></span> <span class='ocrx_word' id='word_1_395' title='bbox 1502 917 1548 951; x_wconf 89' lang='lat' dir='ltr'><strong>qui</strong></span> <span class='ocrx_word' id='word_1_396' title='bbox 1565 915 1752 944; x_wconf 87' lang='lat' dir='ltr'><strong>custodierunt</strong></span> 
     </span>
    </p>
   </div>
   <div class='ocr_carea' id='block_1_49' title="bbox 966 961 1751 994">
    <p class='ocr_par' dir='ltr' id='par_1_49' title="bbox 966 961 1751 994">
     <span class='ocr_line' id='line_1_49' title="bbox 966 961 1751 994; baseline -0.004 -5"><span class='ocrx_word' id='word_1_397' title='bbox 966 961 1106 989; x_wconf 85' lang='lat' dir='ltr'><strong>custodias</strong></span> <span class='ocrx_word' id='word_1_398' title='bbox 1121 961 1284 990; x_wconf 88' lang='lat' dir='ltr'><strong>Sanctorum</strong></span> <span class='ocrx_word' id='word_1_399' title='bbox 1299 970 1421 990; x_wconf 91' lang='lat' dir='ltr'><strong>meorum</strong></span> <span class='ocrx_word' id='word_1_400' title='bbox 1435 982 1442 994; x_wconf 86' lang='lat'><strong>,</strong></span> <span class='ocrx_word' id='word_1_401' title='bbox 1467 970 1528 989; x_wconf 90' lang='lat' dir='ltr'><strong>cum</strong></span> <span class='ocrx_word' id='word_1_402' title='bbox 1543 961 1751 990; x_wconf 87' lang='lat' dir='ltr'><strong>erraretdomus</strong></span> 
     </span>
    </p>
   </div>
   <div class='ocr_carea' id='block_1_50' title="bbox 964 1005 1752 1040">
    <p class='ocr_par' dir='ltr' id='par_1_50' title="bbox 964 1005 1752 1040">
     <span class='ocr_line' id='line_1_50' title="bbox 964 1005 1752 1040; baseline -0.003 -7"><span class='ocrx_word' id='word_1_403' title='bbox 964 1005 1074 1035; x_wconf 88' lang='lat' dir='ltr'><strong>lsraelis</strong></span> <span class='ocrx_word' id='word_1_404' title='bbox 1090 1014 1106 1034; x_wconf 87' lang='lat' dir='ltr'><strong>a</strong></span> <span class='ocrx_word' id='word_1_405' title='bbox 1123 1015 1167 1035; x_wconf 91' lang='lat' dir='ltr'><strong>me</strong></span> <span class='ocrx_word' id='word_1_406' title='bbox 1191 1017 1198 1036; x_wconf 87' lang='lat'><strong>:</strong></span> <span class='ocrx_word' id='word_1_407' title='bbox 1214 1008 1242 1035; x_wconf 90' lang='lat' dir='ltr'><strong>hi</strong></span> <span class='ocrx_word' id='word_1_408' title='bbox 1265 1008 1393 1036; x_wconf 87' lang='lat' dir='ltr'><strong>accedent</strong></span> <span class='ocrx_word' id='word_1_409' title='bbox 1408 1009 1440 1035; x_wconf 89' lang='lat' dir='ltr'><strong>ad</strong></span> <span class='ocrx_word' id='word_1_410' title='bbox 1461 1015 1505 1035; x_wconf 88' lang='lat' dir='ltr'><strong>me</strong></span> <span class='ocrx_word' id='word_1_411' title='bbox 1520 1029 1526 1040; x_wconf 87' lang='lat'><strong>,</strong></span> <span class='ocrx_word' id='word_1_412' title='bbox 1545 1011 1575 1034; x_wconf 91' lang='lat' dir='ltr'><strong>ut</strong></span> <span class='ocrx_word' id='word_1_413' title='bbox 1596 1006 1752 1033; x_wconf 89' lang='lat' dir='ltr'><strong>ministrent</strong></span> 
     </span>
    </p>
   </div>
   <div class='ocr_carea' id='block_1_51' title="bbox 963 1050 1748 1086">
    <p class='ocr_par' dir='ltr' id='par_1_51' title="bbox 963 1050 1748 1086">
     <span class='ocr_line' id='line_1_51' title="bbox 963 1050 1748 1086; baseline -0.003 -7"><span class='ocrx_word' id='word_1_414' title='bbox 963 1053 1042 1086; x_wconf 92' lang='lat' dir='ltr'><strong>mihi,</strong></span> <span class='ocrx_word' id='word_1_415' title='bbox 1059 1057 1086 1081; x_wconf 90' lang='lat' dir='ltr'><strong>et</strong></span> <span class='ocrx_word' id='word_1_416' title='bbox 1099 1053 1211 1081; x_wconf 89' lang='lat' dir='ltr'><strong>stabunt</strong></span> <span class='ocrx_word' id='word_1_417' title='bbox 1222 1061 1314 1082; x_wconf 91' lang='lat' dir='ltr'><strong>coram</strong></span> <span class='ocrx_word' id='word_1_418' title='bbox 1330 1054 1398 1082; x_wconf 89' lang='lat' dir='ltr'><strong>facie</strong></span> <span class='ocrx_word' id='word_1_419' title='bbox 1416 1062 1474 1082; x_wconf 90' lang='lat' dir='ltr'><strong>mea</strong></span> <span class='ocrx_word' id='word_1_420' title='bbox 1485 1074 1493 1086; x_wconf 90' lang='lat'><strong>,</strong></span> <span class='ocrx_word' id='word_1_421' title='bbox 1510 1059 1539 1081; x_wconf 91' lang='lat' dir='ltr'><strong>ut</strong></span> <span class='ocrx_word' id='word_1_422' title='bbox 1552 1053 1667 1081; x_wconf 78' lang='lat' dir='ltr'><strong>oﬁ&#39;erant</strong></span> <span class='ocrx_word' id='word_1_423' title='bbox 1682 1050 1748 1078; x_wconf 81' lang='lat' dir='ltr'><strong>milii</strong></span> 
     </span>
    </p>
   </div>
   <div class='ocr_carea' id='block_1_52' title="bbox 965 1097 1750 1135">
    <p class='ocr_par' dir='ltr' id='par_1_52' title="bbox 965 1097 1750 1135">
     <span class='ocr_line' id='line_1_52' title="bbox 965 1097 1750 1135; baseline -0.001 -9"><span class='ocrx_word' id='word_1_424' title='bbox 965 1104 996 1125; x_wconf 71' lang='grc' dir='ltr'><strong>-ετ</strong></span> <span class='ocrx_word' id='word_1_425' title='bbox 1013 1099 1178 1127; x_wconf 87' lang='lat' dir='ltr'><strong>sacriﬁcium</strong></span> <span class='ocrx_word' id='word_1_426' title='bbox 1199 1100 1223 1134; x_wconf 70' lang='grc' dir='ltr'><strong>ζ,</strong></span> <span class='ocrx_word' id='word_1_427' title='bbox 1244 1100 1361 1134; x_wconf 81' lang='lat' dir='ltr'><strong>adipem,</strong></span> <span class='ocrx_word' id='word_1_428' title='bbox 1379 1104 1406 1128; x_wconf 89' lang='lat' dir='ltr'><strong>et</strong></span> <span class='ocrx_word' id='word_1_429' title='bbox 1425 1100 1595 1135; x_wconf 75' lang='lat' dir='ltr'><strong>sanguinem,</strong></span> <span class='ocrx_word' id='word_1_430' title='bbox 1611 1099 1677 1127; x_wconf 84' lang='lat' dir='ltr'><strong>dicit</strong></span> <span class='ocrx_word' id='word_1_431' title='bbox 1695 1097 1750 1125; x_wconf 89' lang='lat' dir='ltr'><strong>Do-</strong></span> 
     </span>
    </p>
   </div>
   <div class='ocr_carea' id='block_1_53' title="bbox 963 1144 1751 1180">
    <p class='ocr_par' dir='ltr' id='par_1_53' title="bbox 963 1144 1751 1180">
     <span class='ocr_line' id='line_1_53' title="bbox 963 1144 1751 1180; baseline -0.001 -10"><span class='ocrx_word' id='word_1_432' title='bbox 963 1144 1055 1172; x_wconf 91' lang='lat' dir='ltr'><strong>minus</strong></span> <span class='ocrx_word' id='word_1_433' title='bbox 1066 1144 1148 1172; x_wconf 88' lang='lat' dir='ltr'><strong>Deus.</strong></span> <span class='ocrx_word' id='word_1_434' title='bbox 1161 1144 1204 1172; x_wconf 78' lang='grc'><strong>16.</strong></span> <span class='ocrx_word' id='word_1_435' title='bbox 1222 1145 1267 1172; x_wconf 83' lang='lat' dir='ltr'><strong>Isti</strong></span> <span class='ocrx_word' id='word_1_436' title='bbox 1285 1145 1472 1180; x_wconf 79' lang='lat' dir='ltr'><strong>ingredienlur</strong></span> <span class='ocrx_word' id='word_1_437' title='bbox 1483 1145 1509 1172; x_wconf 94' lang='lat' dir='ltr'><strong>in</strong></span> <span class='ocrx_word' id='word_1_438' title='bbox 1520 1144 1619 1172; x_wconf 86' lang='lat' dir='ltr'><strong>Sancta</strong></span> <span class='ocrx_word' id='word_1_439' title='bbox 1632 1151 1701 1176; x_wconf 89' lang='lat' dir='ltr'><strong>mea,</strong></span> <span class='ocrx_word' id='word_1_440' title='bbox 1723 1148 1751 1170; x_wconf 89' lang='lat' dir='ltr'><strong>et</strong></span> 
     </span>
    </p>
   </div>
   <div class='ocr_carea' id='block_1_54' title="bbox 963 1188 1750 1230">
    <p class='ocr_par' dir='ltr' id='par_1_54' title="bbox 963 1188 1750 1230">
     <span class='ocr_line' id='line_1_54' title="bbox 963 1188 1750 1230; baseline -0.001 -14"><span class='ocrx_word' id='word_1_441' title='bbox 963 1188 1008 1216; x_wconf 83' lang='lat' dir='ltr'><strong>isti</strong></span> <span class='ocrx_word' id='word_1_442' title='bbox 1022 1189 1208 1224; x_wconf 78' lang='lat' dir='ltr'><strong>ingredientur</strong></span> <span class='ocrx_word' id='word_1_443' title='bbox 1231 1190 1264 1217; x_wconf 87' lang='lat' dir='ltr'><strong>ad</strong></span> <span class='ocrx_word' id='word_1_444' title='bbox 1284 1198 1405 1217; x_wconf 86' lang='lat' dir='ltr'><strong>mensam</strong></span> <span class='ocrx_word' id='word_1_445' title='bbox 1424 1198 1512 1218; x_wconf 89' lang='lat' dir='ltr'><strong>meam</strong></span> <span class='ocrx_word' id='word_1_446' title='bbox 1525 1211 1532 1222; x_wconf 92' lang='lat'><strong>,</strong></span> <span class='ocrx_word' id='word_1_447' title='bbox 1547 1194 1578 1217; x_wconf 92' lang='lat' dir='ltr'><strong>ut</strong></span> <span class='ocrx_word' id='word_1_448' title='bbox 1594 1189 1750 1230; x_wconf 79' lang='lat' dir='ltr'><strong>ministrent</strong></span> 
     </span>
    </p>
   </div>
   <div class='ocr_carea' id='block_1_55' title="bbox 962 1235 1747 1267">
    <p class='ocr_par' dir='ltr' id='par_1_55' title="bbox 962 1235 1747 1267">
     <span class='ocr_line' id='line_1_55' title="bbox 962 1235 1747 1267; baseline 0 -6"><span class='ocrx_word' id='word_1_449' title='bbox 962 1235 1040 1267; x_wconf 85' lang='lat' dir='ltr'><strong>mihi,</strong></span> <span class='ocrx_word' id='word_1_450' title='bbox 1053 1240 1081 1263; x_wconf 85' lang='lat' dir='ltr'><strong>et</strong></span> <span class='ocrx_word' id='word_1_451' title='bbox 1093 1236 1249 1264; x_wconf 87' lang='lat' dir='ltr'><strong>custodient</strong></span> <span class='ocrx_word' id='word_1_452' title='bbox 1259 1236 1398 1263; x_wconf 83' lang='lat' dir='ltr'><strong>custodias</strong></span> <span class='ocrx_word' id='word_1_453' title='bbox 1414 1243 1498 1263; x_wconf 89' lang='lat' dir='ltr'><strong>meas.</strong></span> <span class='ocrx_word' id='word_1_454' title='bbox 1510 1236 1553 1262; x_wconf 80' lang='lat' dir='ltr'><strong>l7.</strong></span> <span class='ocrx_word' id='word_1_455' title='bbox 1569 1235 1601 1262; x_wconf 87' lang='lat' dir='ltr'><strong>Et</strong></span> <span class='ocrx_word' id='word_1_456' title='bbox 1612 1235 1674 1266; x_wconf 87' lang='lat' dir='ltr'><strong>erit,</strong></span> <span class='ocrx_word' id='word_1_457' title='bbox 1686 1242 1747 1261; x_wconf 91' lang='lat' dir='ltr'><strong>cum</strong></span> 
     </span>
    </p>
   </div>
   <div class='ocr_carea' id='block_1_56' title="bbox 963 1280 1747 1317">
    <p class='ocr_par' dir='ltr' id='par_1_56' title="bbox 963 1280 1747 1317">
     <span class='ocr_line' id='line_1_56' title="bbox 963 1280 1747 1317; baseline 0.001 -10"><span class='ocrx_word' id='word_1_458' title='bbox 963 1280 1153 1316; x_wconf 78' lang='lat' dir='ltr'><strong>ingrediuntur</strong></span> <span class='ocrx_word' id='word_1_459' title='bbox 1168 1286 1260 1317; x_wconf 90' lang='lat' dir='ltr'><strong>portas</strong></span> <span class='ocrx_word' id='word_1_460' title='bbox 1275 1282 1338 1309; x_wconf 87' lang='lat' dir='ltr'><strong>atrii</strong></span> <span class='ocrx_word' id='word_1_461' title='bbox 1360 1282 1498 1310; x_wconf 88' lang='lat' dir='ltr'><strong>interioris</strong></span> <span class='ocrx_word' id='word_1_462' title='bbox 1510 1302 1518 1315; x_wconf 90' lang='lat'><strong>,</strong></span> <span class='ocrx_word' id='word_1_463' title='bbox 1539 1282 1625 1309; x_wconf 86' lang='lat' dir='ltr'><strong>stolas</strong></span> <span class='ocrx_word' id='word_1_464' title='bbox 1639 1281 1687 1308; x_wconf 94' lang='lat' dir='ltr'><strong>lini</strong></span> <span class='ocrx_word' id='word_1_465' title='bbox 1705 1281 1747 1308; x_wconf 89' lang='lat' dir='ltr'><strong>in-</strong></span> 
     </span>
    </p>
   </div>
   <div class='ocr_carea' id='block_1_57' title="bbox 961 1327 1748 1363">
    <p class='ocr_par' dir='ltr' id='par_1_57' title="bbox 961 1327 1748 1363">
     <span class='ocr_line' id='line_1_57' title="bbox 961 1327 1748 1363; baseline 0 -9"><span class='ocrx_word' id='word_1_466' title='bbox 961 1327 1062 1359; x_wconf 90' lang='lat' dir='ltr'><strong>ducnt,</strong></span> <span class='ocrx_word' id='word_1_467' title='bbox 1081 1335 1135 1355; x_wconf 93' lang='lat' dir='ltr'><strong>non</strong></span> <span class='ocrx_word' id='word_1_468' title='bbox 1156 1328 1272 1358; x_wconf 77' lang='lat' dir='ltr'><strong>induent</strong></span> <span class='ocrx_word' id='word_1_469' title='bbox 1295 1328 1383 1355; x_wconf 88' lang='lat' dir='ltr'><strong>lanam</strong></span> <span class='ocrx_word' id='word_1_470' title='bbox 1400 1349 1407 1361; x_wconf 96' lang='lat'><strong>,</strong></span> <span class='ocrx_word' id='word_1_471' title='bbox 1425 1328 1535 1363; x_wconf 87' lang='lat' dir='ltr'><strong>quando</strong></span> <span class='ocrx_word' id='word_1_472' title='bbox 1554 1327 1708 1355; x_wconf 87' lang='lat' dir='ltr'><strong>ministrant</strong></span> <span class='ocrx_word' id='word_1_473' title='bbox 1732 1334 1748 1354; x_wconf 82' lang='lat' dir='ltr'><strong>a</strong></span> 
     </span>
    </p>
   </div>
   <div class='ocr_carea' id='block_1_58' title="bbox 961 1371 1746 1408">
    <p class='ocr_par' dir='ltr' id='par_1_58' title="bbox 961 1371 1746 1408">
     <span class='ocr_line' id='line_1_58' title="bbox 961 1371 1746 1408; baseline 0.003 -9"><span class='ocrx_word' id='word_1_474' title='bbox 961 1379 1039 1407; x_wconf 87' lang='lat' dir='ltr'><strong>porta</strong></span> <span class='ocrx_word' id='word_1_475' title='bbox 1066 1373 1128 1400; x_wconf 88' lang='lat' dir='ltr'><strong>atrii</strong></span> <span class='ocrx_word' id='word_1_476' title='bbox 1151 1373 1306 1407; x_wconf 88' lang='lat' dir='ltr'><strong>interioris,</strong></span> <span class='ocrx_word' id='word_1_477' title='bbox 1321 1378 1348 1401; x_wconf 93' lang='lat' dir='ltr'><strong>et</strong></span> <span class='ocrx_word' id='word_1_478' title='bbox 1364 1375 1397 1407; x_wconf 71' lang='lat' dir='ltr'><strong>}s(</strong></span> <span class='ocrx_word' id='word_1_479' title='bbox 1419 1373 1615 1408; x_wconf 45' lang='lat' dir='ltr'><strong>intrinsecus}</strong></span> <span class='ocrx_word' id='word_1_480' title='bbox 1646 1372 1690 1400; x_wconf 77' lang='lat'><strong>{8.</strong></span> <span class='ocrx_word' id='word_1_481' title='bbox 1710 1371 1746 1407; x_wconf 80' lang='lat' dir='ltr'><strong>(el</strong></span> 
     </span>
    </p>
   </div>
   <div class='ocr_carea' id='block_1_59' title="bbox 961 1419 1748 1454">
    <p class='ocr_par' dir='ltr' id='par_1_59' title="bbox 961 1419 1748 1454">
     <span class='ocr_line' id='line_1_59' title="bbox 961 1419 1748 1454; baseline -0.003 -8"><span class='ocrx_word' id='word_1_482' title='bbox 961 1419 1075 1447; x_wconf 89' lang='lat' dir='ltr'><strong>Cidares</strong></span> <span class='ocrx_word' id='word_1_483' title='bbox 1098 1419 1147 1446; x_wconf 88' lang='lat' dir='ltr'><strong>lini</strong></span> <span class='ocrx_word' id='word_1_484' title='bbox 1172 1424 1252 1447; x_wconf 89' lang='lat' dir='ltr'><strong>erunt</strong></span> <span class='ocrx_word' id='word_1_485' title='bbox 1276 1420 1316 1447; x_wconf 90' lang='lat' dir='ltr'><strong>eis</strong></span> <span class='ocrx_word' id='word_1_486' title='bbox 1340 1427 1422 1454; x_wconf 80' lang='lat' dir='ltr'><strong>super</strong></span> <span class='ocrx_word' id='word_1_487' title='bbox 1437 1419 1571 1454; x_wconf 86' lang='lat' dir='ltr'><strong>capitibus</strong></span> <span class='ocrx_word' id='word_1_488' title='bbox 1588 1426 1681 1446; x_wconf 87' lang='lat' dir='ltr'><strong>eorum</strong></span> <span class='ocrx_word' id='word_1_489' title='bbox 1695 1439 1703 1451; x_wconf 92' lang='lat'><strong>,</strong></span> <span class='ocrx_word' id='word_1_490' title='bbox 1722 1423 1748 1445; x_wconf 88' lang='lat' dir='ltr'><strong>et</strong></span> 
     </span>
    </p>
   </div>
   <div class='ocr_carea' id='block_1_60' title="bbox 960 1466 1747 1501">
    <p class='ocr_par' dir='ltr' id='par_1_60' title="bbox 960 1466 1747 1501">
     <span class='ocr_line' id='line_1_60' title="bbox 960 1466 1747 1501; baseline -0.003 -8"><span class='ocrx_word' id='word_1_491' title='bbox 960 1466 1130 1501; x_wconf 78' lang='lat' dir='ltr'><strong>subligacula</strong></span> <span class='ocrx_word' id='word_1_492' title='bbox 1151 1466 1199 1494; x_wconf 91' lang='lat' dir='ltr'><strong>lini</strong></span> <span class='ocrx_word' id='word_1_493' title='bbox 1215 1470 1296 1493; x_wconf 91' lang='lat' dir='ltr'><strong>erunt</strong></span> <span class='ocrx_word' id='word_1_494' title='bbox 1314 1467 1354 1493; x_wconf 84' lang='lat' dir='ltr'><strong>eis</strong></span> <span class='ocrx_word' id='word_1_495' title='bbox 1370 1474 1453 1500; x_wconf 90' lang='lat' dir='ltr'><strong>super</strong></span> <span class='ocrx_word' id='word_1_496' title='bbox 1470 1466 1571 1493; x_wconf 86' lang='lat' dir='ltr'><strong>lumbis</strong></span> <span class='ocrx_word' id='word_1_497' title='bbox 1588 1473 1682 1493; x_wconf 91' lang='lat' dir='ltr'><strong>eorum</strong></span> <span class='ocrx_word' id='word_1_498' title='bbox 1697 1486 1704 1497; x_wconf 93' lang='lat'><strong>,</strong></span> <span class='ocrx_word' id='word_1_499' title='bbox 1721 1470 1747 1491; x_wconf 82' lang='lat' dir='ltr'><strong>et</strong></span> 
     </span>
    </p>
   </div>
   <div class='ocr_carea' id='block_1_61' title="bbox 961 1511 1746 1547">
    <p class='ocr_par' dir='ltr' id='par_1_61' title="bbox 961 1511 1746 1547">
     <span class='ocr_line' id='line_1_61' title="bbox 961 1511 1746 1547; baseline -0.001 -9"><span class='ocrx_word' id='word_1_500' title='bbox 961 1519 1015 1538; x_wconf 90' lang='lat' dir='ltr'><strong>non</strong></span> <span class='ocrx_word' id='word_1_501' title='bbox 1030 1519 1059 1539; x_wconf 88' lang='lat' dir='ltr'><strong>se</strong></span> <span class='ocrx_word' id='word_1_502' title='bbox 1071 1512 1213 1546; x_wconf 83' lang='lat' dir='ltr'><strong>accingent</strong></span> <span class='ocrx_word' id='word_1_503' title='bbox 1227 1512 1259 1547; x_wconf 72' lang='grc' dir='ltr'><strong>(ί)</strong></span> <span class='ocrx_word' id='word_1_504' title='bbox 1280 1512 1421 1539; x_wconf 90' lang='lat' dir='ltr'><strong>violenter.</strong></span> <span class='ocrx_word' id='word_1_505' title='bbox 1440 1512 1482 1539; x_wconf 85' lang='lat'><strong>19.</strong></span> <span class='ocrx_word' id='word_1_506' title='bbox 1501 1511 1533 1538; x_wconf 82' lang='lat' dir='ltr'><strong>Et</strong></span> <span class='ocrx_word' id='word_1_507' title='bbox 1544 1511 1653 1546; x_wconf 83' lang='lat' dir='ltr'><strong>quando</strong></span> <span class='ocrx_word' id='word_1_508' title='bbox 1668 1519 1746 1545; x_wconf 69' lang='lat' dir='ltr'><strong>egre-</strong></span> 
     </span>
    </p>
   </div>
   <div class='ocr_carea' id='block_1_62' title="bbox 960 1557 1746 1592">
    <p class='ocr_par' dir='ltr' id='par_1_62' title="bbox 960 1557 1746 1592">
     <span class='ocr_line' id='line_1_62' title="bbox 960 1557 1746 1592; baseline -0.004 -7"><span class='ocrx_word' id='word_1_509' title='bbox 960 1558 1071 1585; x_wconf 91' lang='lat' dir='ltr'><strong>diuntur</strong></span> <span class='ocrx_word' id='word_1_510' title='bbox 1086 1558 1113 1585; x_wconf 95' lang='lat' dir='ltr'><strong>in</strong></span> <span class='ocrx_word' id='word_1_511' title='bbox 1131 1558 1230 1585; x_wconf 90' lang='lat' dir='ltr'><strong>atrium</strong></span> <span class='ocrx_word' id='word_1_512' title='bbox 1245 1559 1366 1586; x_wconf 81' lang='lat' dir='ltr'><strong>exterius</strong></span> <span class='ocrx_word' id='word_1_513' title='bbox 1389 1557 1422 1585; x_wconf 88' lang='lat' dir='ltr'><strong>ad</strong></span> <span class='ocrx_word' id='word_1_514' title='bbox 1441 1557 1582 1592; x_wconf 87' lang='lat' dir='ltr'><strong>populum,</strong></span> <span class='ocrx_word' id='word_1_515' title='bbox 1600 1565 1629 1584; x_wconf 84' lang='lat' dir='ltr'><strong>se</strong></span> <span class='ocrx_word' id='word_1_516' title='bbox 1647 1561 1746 1583; x_wconf 80' lang='lat' dir='ltr'><strong>exuent</strong></span> 
     </span>
    </p>
   </div>
   <div class='ocr_carea' id='block_1_63' title="bbox 120 1602 1746 1646">
    <p class='ocr_par' dir='ltr' id='par_1_63' title="bbox 120 1602 1746 1646">
     <span class='ocr_line' id='line_1_63' title="bbox 120 1602 1746 1646; baseline -0.004 -11"><span class='ocrx_word' id='word_1_517' title='bbox 120 1602 231 1631; x_wconf 79' lang='lat' dir='ltr'><strong>Domini</strong></span> <span class='ocrx_word' id='word_1_518' title='bbox 244 1604 456 1635; x_wconf 78' lang='lat' dir='ltr'><strong>domusDorniui</strong></span> <span class='ocrx_word' id='word_1_519' title='bbox 473 1611 595 1637; x_wconf 64' lang='lat' dir='ltr'><strong>:etcailo</strong></span> <span class='ocrx_word' id='word_1_520' title='bbox 604 1619 685 1646; x_wconf 68' lang='lat' dir='ltr'><strong>super</strong></span> <span class='ocrx_word' id='word_1_521' title='bbox 697 1613 792 1642; x_wconf 72' lang='lat' dir='ltr'><strong>faciem</strong></span> <span class='ocrx_word' id='word_1_522' title='bbox 806 1602 904 1644; x_wconf 54' lang='lat' dir='ltr'><strong>,{mam</strong></span> <span class='ocrx_word' id='word_1_523' title='bbox 921 1604 944 1634; x_wconf 92' lang='lat' dir='ltr'><strong><em>C</em></strong></span> <span class='ocrx_word' id='word_1_524' title='bbox 960 1604 1038 1632; x_wconf 90' lang='lat' dir='ltr'><strong>stolis</strong></span> <span class='ocrx_word' id='word_1_525' title='bbox 1050 1605 1122 1637; x_wconf 87' lang='lat' dir='ltr'><strong>suis,</strong></span> <span class='ocrx_word' id='word_1_526' title='bbox 1139 1605 1166 1631; x_wconf 94' lang='lat' dir='ltr'><strong>in</strong></span> <span class='ocrx_word' id='word_1_527' title='bbox 1182 1604 1283 1639; x_wconf 88' lang='lat' dir='ltr'><strong>quibus</strong></span> <span class='ocrx_word' id='word_1_528' title='bbox 1298 1604 1457 1631; x_wconf 89' lang='lat' dir='ltr'><strong>ministrant</strong></span> <span class='ocrx_word' id='word_1_529' title='bbox 1474 1604 1500 1630; x_wconf 91' lang='lat' dir='ltr'><strong>in</strong></span> <span class='ocrx_word' id='word_1_530' title='bbox 1517 1603 1557 1631; x_wconf 89' lang='lat' dir='ltr'><strong>eis</strong></span> <span class='ocrx_word' id='word_1_531' title='bbox 1570 1624 1577 1635; x_wconf 95' lang='lat'><strong>,</strong></span> <span class='ocrx_word' id='word_1_532' title='bbox 1596 1606 1622 1629; x_wconf 85' lang='lat' dir='ltr'><strong>et</strong></span> <span class='ocrx_word' id='word_1_533' title='bbox 1644 1608 1746 1637; x_wconf 75' lang='lat' dir='ltr'><strong>portent</strong></span> 
     </span>
    </p>
   </div>
   <div class='ocr_carea' id='block_1_64' title="bbox 119 1648 907 1697">
    <p class='ocr_par' dir='ltr' id='par_1_64' title="bbox 119 1648 907 1697">
     <span class='ocr_line' id='line_1_64' title="bbox 119 1648 907 1697; baseline 0.019 -22"><span class='ocrx_word' id='word_1_534' title='bbox 119 1648 146 1676; x_wconf 84' lang='lat'><strong>5.</strong></span> <span class='ocrx_word' id='word_1_535' title='bbox 165 1649 198 1677; x_wconf 87' lang='lat' dir='ltr'><strong>Et</strong></span> <span class='ocrx_word' id='word_1_536' title='bbox 214 1651 282 1678; x_wconf 86' lang='lat' dir='ltr'><strong>dixit</strong></span> <span class='ocrx_word' id='word_1_537' title='bbox 293 1652 423 1681; x_wconf 86' lang='lat' dir='ltr'><strong>Dominus</strong></span> <span class='ocrx_word' id='word_1_538' title='bbox 437 1655 469 1682; x_wconf 92' lang='lat' dir='ltr'><strong>ad</strong></span> <span class='ocrx_word' id='word_1_539' title='bbox 491 1664 534 1684; x_wconf 89' lang='lat' dir='ltr'><strong>me</strong></span> <span class='ocrx_word' id='word_1_540' title='bbox 550 1666 558 1684; x_wconf 88' lang='lat'><strong>:</strong></span> <span class='ocrx_word' id='word_1_541' title='bbox 575 1657 625 1685; x_wconf 83' lang='lat' dir='ltr'><strong>Fili</strong></span> <span class='ocrx_word' id='word_1_542' title='bbox 643 1658 776 1692; x_wconf 86' lang='lat' dir='ltr'><strong>hominis,</strong></span> <span class='ocrx_word' id='word_1_543' title='bbox 792 1661 907 1697; x_wconf 89' lang='lat' dir='ltr'><strong>dispone</strong></span> 
     </span>
    </p>
   </div>
   <div class='ocr_carea' id='block_1_65' title="bbox 118 1697 906 1737">
    <p class='ocr_par' dir='ltr' id='par_1_65' title="bbox 118 1697 906 1737">
     <span class='ocr_line' id='line_1_65' title="bbox 118 1697 906 1737; baseline 0.019 -15"><span class='ocrx_word' id='word_1_544' title='bbox 118 1697 147 1723; x_wconf 83' lang='lat' dir='ltr'><strong>in</strong></span> <span class='ocrx_word' id='word_1_545' title='bbox 165 1705 214 1724; x_wconf 90' lang='lat' dir='ltr'><strong>cor</strong></span> <span class='ocrx_word' id='word_1_546' title='bbox 227 1702 301 1725; x_wconf 83' lang='lat' dir='ltr'><strong>tuum</strong></span> <span class='ocrx_word' id='word_1_547' title='bbox 313 1720 320 1731; x_wconf 90' lang='lat'><strong>,</strong></span> <span class='ocrx_word' id='word_1_548' title='bbox 348 1705 374 1727; x_wconf 87' lang='lat' dir='ltr'><strong>et</strong></span> <span class='ocrx_word' id='word_1_549' title='bbox 389 1701 450 1729; x_wconf 86' lang='lat' dir='ltr'><strong>vide</strong></span> <span class='ocrx_word' id='word_1_550' title='bbox 469 1703 557 1730; x_wconf 84' lang='lat' dir='ltr'><strong>oculis</strong></span> <span class='ocrx_word' id='word_1_551' title='bbox 575 1705 628 1733; x_wconf 90' lang='lat' dir='ltr'><strong>tuis</strong></span> <span class='ocrx_word' id='word_1_552' title='bbox 641 1726 647 1737; x_wconf 91' lang='lat'><strong>,</strong></span> <span class='ocrx_word' id='word_1_553' title='bbox 665 1710 691 1733; x_wconf 88' lang='lat' dir='ltr'><strong>et</strong></span> <span class='ocrx_word' id='word_1_554' title='bbox 716 1707 828 1735; x_wconf 85' lang='lat' dir='ltr'><strong>auribus</strong></span> <span class='ocrx_word' id='word_1_555' title='bbox 852 1711 906 1737; x_wconf 90' lang='lat' dir='ltr'><strong>tuis</strong></span> 
     </span>
    </p>
   </div>
   <div class='ocr_carea' id='block_1_66' title="bbox 118 1741 904 1787">
    <p class='ocr_par' dir='ltr' id='par_1_66' title="bbox 118 1741 904 1787">
     <span class='ocr_line' id='line_1_66' title="bbox 118 1741 904 1787; baseline 0.02 -20"><span class='ocrx_word' id='word_1_556' title='bbox 118 1741 182 1768; x_wconf 87' lang='lat' dir='ltr'><strong>audi</strong></span> <span class='ocrx_word' id='word_1_557' title='bbox 202 1743 305 1776; x_wconf 83' lang='lat' dir='ltr'><strong>omnia,</strong></span> <span class='ocrx_word' id='word_1_558' title='bbox 329 1753 390 1779; x_wconf 70' lang='lat' dir='ltr'><strong>qrue</strong></span> <span class='ocrx_word' id='word_1_559' title='bbox 405 1754 454 1781; x_wconf 82' lang='lat' dir='ltr'><strong>ego</strong></span> <span class='ocrx_word' id='word_1_560' title='bbox 468 1747 566 1783; x_wconf 90' lang='lat' dir='ltr'><strong>loquor</strong></span> <span class='ocrx_word' id='word_1_561' title='bbox 580 1758 641 1778; x_wconf 92' lang='lat' dir='ltr'><strong>cum</strong></span> <span class='ocrx_word' id='word_1_562' title='bbox 661 1756 686 1778; x_wconf 89' lang='lat' dir='ltr'><strong>te</strong></span> <span class='ocrx_word' id='word_1_563' title='bbox 702 1753 738 1787; x_wconf 72' lang='grc' dir='ltr'><strong>(ι)</strong></span> <span class='ocrx_word' id='word_1_564' title='bbox 755 1755 904 1783; x_wconf 87' lang='lat' dir='ltr'><strong>secundum</strong></span> 
     </span>
    </p>
   </div>
   <div class='ocr_carea' id='block_1_67' title="bbox 118 1787 904 1836">
    <p class='ocr_par' dir='ltr' id='par_1_67' title="bbox 118 1787 904 1836">
     <span class='ocr_line' id='line_1_67' title="bbox 118 1787 904 1836; baseline 0.02 -23"><span class='ocrx_word' id='word_1_565' title='bbox 118 1787 213 1814; x_wconf 81' lang='lat' dir='ltr'><strong>omnia</strong></span> <span class='ocrx_word' id='word_1_566' title='bbox 229 1796 360 1824; x_wconf 70' lang='lat' dir='ltr'><strong>praecepta</strong></span> <span class='ocrx_word' id='word_1_567' title='bbox 376 1791 474 1820; x_wconf 90' lang='lat' dir='ltr'><strong>domus</strong></span> <span class='ocrx_word' id='word_1_568' title='bbox 496 1794 613 1828; x_wconf 91' lang='lat' dir='ltr'><strong>Domini,</strong></span> <span class='ocrx_word' id='word_1_569' title='bbox 632 1801 659 1824; x_wconf 91' lang='lat' dir='ltr'><strong>et</strong></span> <span class='ocrx_word' id='word_1_570' title='bbox 677 1799 768 1826; x_wconf 84' lang='lat' dir='ltr'><strong>omnia</strong></span> <span class='ocrx_word' id='word_1_571' title='bbox 783 1800 904 1836; x_wconf 78' lang='lat' dir='ltr'><strong>legitima</strong></span> 
     </span>
    </p>
   </div>
   <div class='ocr_carea' id='block_1_68' title="bbox 117 1833 904 1874">
    <p class='ocr_par' dir='ltr' id='par_1_68' title="bbox 117 1833 904 1874">
     <span class='ocr_line' id='line_1_68' title="bbox 117 1833 904 1874; baseline 0.022 -16"><span class='ocrx_word' id='word_1_572' title='bbox 117 1833 190 1867; x_wconf 85' lang='lat' dir='ltr'><strong>ejus.</strong></span> <span class='ocrx_word' id='word_1_573' title='bbox 207 1834 240 1861; x_wconf 89' lang='lat' dir='ltr'><strong>Et</strong></span> <span class='ocrx_word' id='word_1_574' title='bbox 254 1835 383 1870; x_wconf 82' lang='lat' dir='ltr'><strong>dispones</strong></span> <span class='ocrx_word' id='word_1_575' title='bbox 397 1846 445 1865; x_wconf 92' lang='lat' dir='ltr'><strong>cor</strong></span> <span class='ocrx_word' id='word_1_576' title='bbox 456 1844 532 1867; x_wconf 91' lang='lat' dir='ltr'><strong>tuum</strong></span> <span class='ocrx_word' id='word_1_577' title='bbox 548 1841 574 1868; x_wconf 93' lang='lat' dir='ltr'><strong>in</strong></span> <span class='ocrx_word' id='word_1_578' title='bbox 587 1842 728 1871; x_wconf 90' lang='lat' dir='ltr'><strong>introitum</strong></span> <span class='ocrx_word' id='word_1_579' title='bbox 746 1833 844 1874; x_wconf 78' lang='lat' dir='ltr'><strong>domus</strong></span> <span class='ocrx_word' id='word_1_580' title='bbox 860 1855 904 1874; x_wconf 86' lang='lat' dir='ltr'><strong>sc-</strong></span> 
     </span>
    </p>
   </div>
   <div class='ocr_carea' id='block_1_69' title="bbox 117 1879 902 1920">
    <p class='ocr_par' dir='ltr' id='par_1_69' title="bbox 117 1879 902 1920">
     <span class='ocr_line' id='line_1_69' title="bbox 117 1879 902 1920; baseline 0.02 -16"><span class='ocrx_word' id='word_1_581' title='bbox 117 1879 238 1906; x_wconf 85' lang='lat' dir='ltr'><strong>eundum</strong></span> <span class='ocrx_word' id='word_1_582' title='bbox 257 1889 352 1909; x_wconf 91' lang='lat' dir='ltr'><strong>omnes</strong></span> <span class='ocrx_word' id='word_1_583' title='bbox 365 1883 453 1911; x_wconf 86' lang='lat' dir='ltr'><strong>exitus</strong></span> <span class='ocrx_word' id='word_1_584' title='bbox 468 1885 528 1919; x_wconf 91' lang='lat' dir='ltr'><strong>ejus</strong></span> <span class='ocrx_word' id='word_1_585' title='bbox 538 1906 545 1916; x_wconf 83' lang='lat'><strong>.</strong></span> <span class='ocrx_word' id='word_1_586' title='bbox 560 1892 584 1914; x_wconf 84' lang='lat' dir='ltr'><strong>et</strong></span> <span class='ocrx_word' id='word_1_587' title='bbox 598 1887 624 1914; x_wconf 90' lang='lat' dir='ltr'><strong>in</strong></span> <span class='ocrx_word' id='word_1_588' title='bbox 641 1890 768 1918; x_wconf 89' lang='lat' dir='ltr'><strong>omnibus</strong></span> <span class='ocrx_word' id='word_1_589' title='bbox 783 1891 902 1920; x_wconf 85' lang='lat' dir='ltr'><strong>Sanctis.</strong></span> 
     </span>
    </p>
   </div>
   <div class='ocr_carea' id='block_1_70' title="bbox 117 1923 904 1966">
    <p class='ocr_par' dir='ltr' id='par_1_70' title="bbox 117 1923 904 1966">
     <span class='ocr_line' id='line_1_70' title="bbox 117 1923 904 1966; baseline 0.02 -16"><span class='ocrx_word' id='word_1_590' title='bbox 117 1923 144 1950; x_wconf 82' lang='lat'><strong>6.</strong></span> <span class='ocrx_word' id='word_1_591' title='bbox 162 1924 195 1951; x_wconf 81' lang='lat' dir='ltr'><strong>Et</strong></span> <span class='ocrx_word' id='word_1_592' title='bbox 209 1925 283 1953; x_wconf 80' lang='lat' dir='ltr'><strong>dices</strong></span> <span class='ocrx_word' id='word_1_593' title='bbox 298 1934 327 1954; x_wconf 74' lang='grc' dir='ltr'><strong>-ε-</strong></span> <span class='ocrx_word' id='word_1_594' title='bbox 347 1928 379 1954; x_wconf 88' lang='lat' dir='ltr'><strong>ad</strong></span> <span class='ocrx_word' id='word_1_595' title='bbox 391 1929 503 1957; x_wconf 88' lang='lat' dir='ltr'><strong>domum</strong></span> <span class='ocrx_word' id='word_1_596' title='bbox 522 1932 533 1966; x_wconf 68' lang='grc' dir='ltr'>ζ</span> <span class='ocrx_word' id='word_1_597' title='bbox 548 1932 698 1961; x_wconf 86' lang='lat' dir='ltr'><strong>irritantem</strong></span> <span class='ocrx_word' id='word_1_598' title='bbox 714 1955 721 1966; x_wconf 87' lang='lat'><strong>,</strong></span> <span class='ocrx_word' id='word_1_599' title='bbox 741 1936 775 1963; x_wconf 87' lang='lat' dir='ltr'><strong>ad</strong></span> <span class='ocrx_word' id='word_1_600' title='bbox 793 1937 904 1965; x_wconf 91' lang='lat' dir='ltr'><strong>domum</strong></span> 
     </span>
    </p>
   </div>
   <div class='ocr_carea' id='block_1_71' title="bbox 116 1968 905 2011">
    <p class='ocr_par' dir='ltr' id='par_1_71' title="bbox 116 1968 905 2011">
     <span class='ocr_line' id='line_1_71' title="bbox 116 1968 905 2011; baseline 0.02 -16"><span class='ocrx_word' id='word_1_601' title='bbox 116 1968 226 1997; x_wconf 79' lang='lat' dir='ltr'><strong>lsraelis</strong></span> <span class='ocrx_word' id='word_1_602' title='bbox 236 1980 242 1998; x_wconf 91' lang='lat'><em>:</em></span> <span class='ocrx_word' id='word_1_603' title='bbox 254 1971 315 1999; x_wconf 81' lang='lat' dir='ltr'><strong>ll:ec</strong></span> <span class='ocrx_word' id='word_1_604' title='bbox 328 1973 530 2004; x_wconf 89' lang='lat' dir='ltr'><strong>dicitDominus</strong></span> <span class='ocrx_word' id='word_1_605' title='bbox 540 1977 670 2007; x_wconf 85' lang='lat' dir='ltr'><strong>Dominus</strong></span> <span class='ocrx_word' id='word_1_606' title='bbox 685 1979 819 2010; x_wconf 80' lang='lat' dir='ltr'><strong>:Suﬁiciat</strong></span> <span class='ocrx_word' id='word_1_607' title='bbox 828 1984 905 2011; x_wconf 86' lang='lat' dir='ltr'><strong>vobis</strong></span> 
     </span>
    </p>
   </div>
   <div class='ocr_carea' id='block_1_72' title="bbox 116 2015 902 2064">
    <p class='ocr_par' dir='ltr' id='par_1_72' title="bbox 116 2015 902 2064">
     <span class='ocr_line' id='line_1_72' title="bbox 116 2015 902 2064; baseline 0.02 -23"><span class='ocrx_word' id='word_1_608' title='bbox 116 2015 151 2042; x_wconf 89' lang='lat' dir='ltr'><strong>de</strong></span> <span class='ocrx_word' id='word_1_609' title='bbox 167 2017 296 2045; x_wconf 86' lang='lat' dir='ltr'><strong>munibus</strong></span> <span class='ocrx_word' id='word_1_610' title='bbox 314 2019 504 2053; x_wconf 87' lang='lat' dir='ltr'><strong>iniquitatibus</strong></span> <span class='ocrx_word' id='word_1_611' title='bbox 521 2024 619 2051; x_wconf 86' lang='lat' dir='ltr'><strong>vestris</strong></span> <span class='ocrx_word' id='word_1_612' title='bbox 631 2046 638 2058; x_wconf 92' lang='lat'><strong>,</strong></span> <span class='ocrx_word' id='word_1_613' title='bbox 665 2025 764 2054; x_wconf 90' lang='lat' dir='ltr'><strong>domus</strong></span> <span class='ocrx_word' id='word_1_614' title='bbox 785 2027 902 2064; x_wconf 89' lang='lat' dir='ltr'><strong>lsraelis,</strong></span> 
     </span>
    </p>
   </div>
   <div class='ocr_carea' id='block_1_73' title="bbox 116 2060 905 2105">
    <p class='ocr_par' dir='ltr' id='par_1_73' title="bbox 116 2060 905 2105">
     <span class='ocr_line' id='line_1_73' title="bbox 116 2060 905 2105; baseline 0.02 -18"><span class='ocrx_word' id='word_1_615' title='bbox 116 2060 142 2087; x_wconf 87' lang='lat'><strong>7.</strong></span> <span class='ocrx_word' id='word_1_616' title='bbox 162 2069 195 2088; x_wconf 90' lang='lat' dir='ltr'><strong>eo</strong></span> <span class='ocrx_word' id='word_1_617' title='bbox 210 2063 282 2096; x_wconf 92' lang='lat' dir='ltr'><strong>quod</strong></span> <span class='ocrx_word' id='word_1_618' title='bbox 301 2064 428 2093; x_wconf 86' lang='lat' dir='ltr'><strong>inducitis</strong></span> <span class='ocrx_word' id='word_1_619' title='bbox 450 2067 521 2095; x_wconf 82' lang='lat' dir='ltr'><strong>lilios</strong></span> <span class='ocrx_word' id='word_1_620' title='bbox 536 2069 701 2105; x_wconf 75' lang='lat' dir='ltr'><strong>alienigenas</strong></span> <span class='ocrx_word' id='word_1_621' title='bbox 720 2081 773 2100; x_wconf 93' lang='lat' dir='ltr'><strong>non</strong></span> <span class='ocrx_word' id='word_1_622' title='bbox 787 2060 905 2103; x_wconf 53' lang='lat' dir='ltr'><strong>circum;</strong></span> 
     </span>
    </p>
   </div>
   <div class='ocr_carea' id='block_1_74' title="bbox 115 2107 903 2148">
    <p class='ocr_par' dir='ltr' id='par_1_74' title="bbox 115 2107 903 2148">
     <span class='ocr_line' id='line_1_74' title="bbox 115 2107 903 2148; baseline 0.02 -16"><span class='ocrx_word' id='word_1_623' title='bbox 115 2107 191 2133; x_wconf 81' lang='lat' dir='ltr'><strong>cisos</strong></span> <span class='ocrx_word' id='word_1_624' title='bbox 211 2110 302 2141; x_wconf 82' lang='lat' dir='ltr'><strong>corde,</strong></span> <span class='ocrx_word' id='word_1_625' title='bbox 329 2115 355 2138; x_wconf 91' lang='lat' dir='ltr'><strong>et</strong></span> <span class='ocrx_word' id='word_1_626' title='bbox 375 2119 428 2138; x_wconf 92' lang='lat' dir='ltr'><strong>non</strong></span> <span class='ocrx_word' id='word_1_627' title='bbox 442 2113 620 2142; x_wconf 86' lang='lat' dir='ltr'><strong>circumcisos</strong></span> <span class='ocrx_word' id='word_1_628' title='bbox 640 2124 739 2147; x_wconf 81' lang='lat' dir='ltr'><strong>carne.</strong></span> <span class='ocrx_word' id='word_1_629' title='bbox 759 2123 788 2145; x_wconf 84' lang='lat' dir='ltr'><strong>ut</strong></span> <span class='ocrx_word' id='word_1_630' title='bbox 805 2120 860 2147; x_wconf 91' lang='lat' dir='ltr'><strong>sint</strong></span> <span class='ocrx_word' id='word_1_631' title='bbox 877 2121 903 2148; x_wconf 90' lang='lat' dir='ltr'><strong>in</strong></span> 
     </span>
    </p>
   </div>
   <div class='ocr_carea' id='block_1_75' title="bbox 115 2150 904 2198">
    <p class='ocr_par' dir='ltr' id='par_1_75' title="bbox 115 2150 904 2198">
     <span class='ocr_line' id='line_1_75' title="bbox 115 2150 904 2198; baseline 0.018 -20"><span class='ocrx_word' id='word_1_632' title='bbox 115 2150 226 2179; x_wconf 87' lang='lat' dir='ltr'><strong>Sanctis</strong></span> <span class='ocrx_word' id='word_1_633' title='bbox 244 2154 323 2186; x_wconf 91' lang='lat' dir='ltr'><strong>meis,</strong></span> <span class='ocrx_word' id='word_1_634' title='bbox 337 2160 363 2182; x_wconf 88' lang='lat' dir='ltr'><strong>et</strong></span> <span class='ocrx_word' id='word_1_635' title='bbox 378 2156 560 2190; x_wconf 89' lang='lat' dir='ltr'><strong>profanabant</strong></span> <span class='ocrx_word' id='word_1_636' title='bbox 574 2167 616 2193; x_wconf 84' lang='lat' dir='ltr'><strong>ea,</strong></span> <span class='ocrx_word' id='word_1_637' title='bbox 635 2168 696 2187; x_wconf 91' lang='lat' dir='ltr'><strong>cum</strong></span> <span class='ocrx_word' id='word_1_638' title='bbox 709 2161 812 2190; x_wconf 77' lang='lat' dir='ltr'><strong>oﬂertis</strong></span> <span class='ocrx_word' id='word_1_639' title='bbox 821 2171 904 2198; x_wconf 88' lang='lat' dir='ltr'><strong>panes</strong></span> 
     </span>
    </p>
   </div>
   <div class='ocr_carea' id='block_1_76' title="bbox 115 2197 903 2240">
    <p class='ocr_par' dir='ltr' id='par_1_76' title="bbox 115 2197 903 2240">
     <span class='ocr_line' id='line_1_76' title="bbox 115 2197 903 2240; baseline 0.019 -19"><span class='ocrx_word' id='word_1_640' title='bbox 115 2203 195 2222; x_wconf 89' lang='lat' dir='ltr'><strong>meos</strong></span> <span class='ocrx_word' id='word_1_641' title='bbox 209 2217 216 2228; x_wconf 90' lang='lat'><strong>,</strong></span> <span class='ocrx_word' id='word_1_642' title='bbox 234 2197 339 2232; x_wconf 85' lang='lat' dir='ltr'><strong>adipem</strong></span> <span class='ocrx_word' id='word_1_643' title='bbox 355 2220 362 2231; x_wconf 88' lang='lat'><strong>,</strong></span> <span class='ocrx_word' id='word_1_644' title='bbox 376 2204 403 2226; x_wconf 82' lang='lat' dir='ltr'><strong>et</strong></span> <span class='ocrx_word' id='word_1_645' title='bbox 417 2201 576 2235; x_wconf 78' lang='lat' dir='ltr'><strong>sanguinem</strong></span> <span class='ocrx_word' id='word_1_646' title='bbox 593 2211 600 2229; x_wconf 86' lang='lat'><strong>:</strong></span> <span class='ocrx_word' id='word_1_647' title='bbox 618 2208 644 2231; x_wconf 90' lang='lat' dir='ltr'><strong>et</strong></span> <span class='ocrx_word' id='word_1_648' title='bbox 661 2197 828 2240; x_wconf 77' lang='lat' dir='ltr'><strong>transgressi</strong></span> <span class='ocrx_word' id='word_1_649' title='bbox 837 2208 903 2236; x_wconf 87' lang='lat' dir='ltr'><strong>estis</strong></span> 
     </span>
    </p>
   </div>
   <div class='ocr_carea' id='block_1_77' title="bbox 113 2245 904 2284">
    <p class='ocr_par' dir='ltr' id='par_1_77' title="bbox 113 2245 904 2284">
     <span class='ocr_line' id='line_1_77' title="bbox 113 2245 904 2284; baseline 0.018 -18"><span class='ocrx_word' id='word_1_650' title='bbox 113 2245 310 2268; x_wconf 85' lang='lat' dir='ltr'><strong>testamentum</strong></span> <span class='ocrx_word' id='word_1_651' title='bbox 337 2251 427 2270; x_wconf 91' lang='lat' dir='ltr'><strong>meum</strong></span> <span class='ocrx_word' id='word_1_652' title='bbox 452 2245 479 2271; x_wconf 91' lang='lat' dir='ltr'><strong>in</strong></span> <span class='ocrx_word' id='word_1_653' title='bbox 496 2247 624 2274; x_wconf 86' lang='lat' dir='ltr'><strong>omnibus</strong></span> <span class='ocrx_word' id='word_1_654' title='bbox 650 2248 839 2284; x_wconf 89' lang='lat' dir='ltr'><strong>iniquitatibus</strong></span> <span class='ocrx_word' id='word_1_655' title='bbox 858 2260 904 2280; x_wconf 85' lang='lat' dir='ltr'><strong>ve-</strong></span> 
     </span>
    </p>
   </div>
   <div class='ocr_carea' id='block_1_78' title="bbox 113 2285 902 2325">
    <p class='ocr_par' dir='ltr' id='par_1_78' title="bbox 113 2285 902 2325">
     <span class='ocr_line' id='line_1_78' title="bbox 113 2285 902 2325; baseline 0.018 -14"><span class='ocrx_word' id='word_1_656' title='bbox 113 2285 190 2317; x_wconf 89' lang='lat' dir='ltr'><strong>stris,</strong></span> <span class='ocrx_word' id='word_1_657' title='bbox 202 2285 229 2312; x_wconf 90' lang='lat'><strong>8.</strong></span> <span class='ocrx_word' id='word_1_658' title='bbox 244 2287 278 2321; x_wconf 59' lang='lat' dir='ltr'>3K</span> <span class='ocrx_word' id='word_1_659' title='bbox 292 2292 318 2314; x_wconf 86' lang='lat' dir='ltr'><strong>et</strong></span> <span class='ocrx_word' id='word_1_660' title='bbox 330 2295 382 2315; x_wconf 89' lang='lat' dir='ltr'><strong>non</strong></span> <span class='ocrx_word' id='word_1_661' title='bbox 397 2290 565 2319; x_wconf 89' lang='lat' dir='ltr'><strong>custodiistis</strong></span> <span class='ocrx_word' id='word_1_662' title='bbox 576 2293 726 2321; x_wconf 90' lang='lat' dir='ltr'><strong>custodiam</strong></span> <span class='ocrx_word' id='word_1_663' title='bbox 740 2294 902 2325; x_wconf 91' lang='lat' dir='ltr'><strong>Sanctorum</strong></span> 
     </span>
    </p>
   </div>
   <div class='ocr_carea' id='block_1_79' title="bbox 112 2332 901 2368">
    <p class='ocr_par' dir='ltr' id='par_1_79' title="bbox 112 2332 901 2368">
     <span class='ocr_line' id='line_1_79' title="bbox 112 2332 901 2368; baseline 0.015 -12"><span class='ocrx_word' id='word_1_664' title='bbox 112 2337 239 2358; x_wconf 92' lang='lat' dir='ltr'><strong>meorum</strong></span> <span class='ocrx_word' id='word_1_665' title='bbox 265 2332 289 2366; x_wconf 69' lang='grc' dir='ltr'><strong>ζ,</strong></span> <span class='ocrx_word' id='word_1_666' title='bbox 309 2337 335 2360; x_wconf 91' lang='lat' dir='ltr'><strong>et</strong></span> <span class='ocrx_word' id='word_1_667' title='bbox 354 2333 527 2368; x_wconf 87' lang='lat' dir='ltr'><strong>disposuistis</strong></span> <span class='ocrx_word' id='word_1_668' title='bbox 543 2337 681 2364; x_wconf 84' lang='lat' dir='ltr'><strong>custodire</strong></span> <span class='ocrx_word' id='word_1_669' title='bbox 705 2340 843 2367; x_wconf 87' lang='lat' dir='ltr'><strong>custodias</strong></span> <span class='ocrx_word' id='word_1_670' title='bbox 874 2341 901 2368; x_wconf 93' lang='lat' dir='ltr'><strong>in</strong></span> 
     </span>
    </p>
   </div>
   <div class='ocr_carea' id='block_1_80' title="bbox 113 2374 901 2415">
    <p class='ocr_par' dir='ltr' id='par_1_80' title="bbox 113 2374 901 2415">
     <span class='ocr_line' id='line_1_80' title="bbox 113 2374 901 2415; baseline 0.015 -14"><span class='ocrx_word' id='word_1_671' title='bbox 113 2374 224 2404; x_wconf 85' lang='lat' dir='ltr'><strong>Sanctis</strong></span> <span class='ocrx_word' id='word_1_672' title='bbox 246 2378 325 2406; x_wconf 86' lang='lat' dir='ltr'><strong>meis.</strong></span> <span class='ocrx_word' id='word_1_673' title='bbox 349 2379 374 2407; x_wconf 91' lang='lat'><strong>9.</strong></span> <span class='ocrx_word' id='word_1_674' title='bbox 399 2378 512 2414; x_wconf 80' lang='lat' dir='ltr'><strong>Propter</strong></span> <span class='ocrx_word' id='word_1_675' title='bbox 526 2381 579 2409; x_wconf 84' lang='lat' dir='ltr'><strong>hoc</strong></span> <span class='ocrx_word' id='word_1_676' title='bbox 600 2382 658 2410; x_wconf 87' lang='lat' dir='ltr'><strong>haec</strong></span> <span class='ocrx_word' id='word_1_677' title='bbox 676 2383 744 2411; x_wconf 91' lang='lat' dir='ltr'><strong>dicit</strong></span> <span class='ocrx_word' id='word_1_678' title='bbox 769 2384 901 2415; x_wconf 87' lang='lat' dir='ltr'><strong>Dominus</strong></span> 
     </span>
    </p>
   </div>
   <div class='ocr_carea' id='block_1_81' title="bbox 112 2421 899 2465">
    <p class='ocr_par' dir='ltr' id='par_1_81' title="bbox 112 2421 899 2465">
     <span class='ocr_line' id='line_1_81' title="bbox 112 2421 899 2465; baseline 0.013 -17"><span class='ocrx_word' id='word_1_679' title='bbox 112 2421 247 2450; x_wconf 82' lang='lat' dir='ltr'><strong>Dominus</strong></span> <span class='ocrx_word' id='word_1_680' title='bbox 264 2430 272 2450; x_wconf 88' lang='lat'><strong>:</strong></span> <span class='ocrx_word' id='word_1_681' title='bbox 290 2424 386 2452; x_wconf 90' lang='lat' dir='ltr'><strong>Omnis</strong></span> <span class='ocrx_word' id='word_1_682' title='bbox 401 2425 472 2452; x_wconf 85' lang='lat' dir='ltr'><strong>filius</strong></span> <span class='ocrx_word' id='word_1_683' title='bbox 486 2427 638 2462; x_wconf 82' lang='lat' dir='ltr'><strong>alienigena</strong></span> <span class='ocrx_word' id='word_1_684' title='bbox 654 2427 693 2465; x_wconf 87' lang='lat' dir='ltr'><strong>(a)</strong></span> <span class='ocrx_word' id='word_1_685' title='bbox 711 2437 766 2457; x_wconf 91' lang='lat' dir='ltr'><strong>non</strong></span> <span class='ocrx_word' id='word_1_686' title='bbox 779 2430 899 2458; x_wconf 91' lang='lat' dir='ltr'><strong>circum-</strong></span> 
     </span>
    </p>
   </div>
   <div class='ocr_carea' id='block_1_82' title="bbox 110 2467 898 2510">
    <p class='ocr_par' dir='ltr' id='par_1_82' title="bbox 110 2467 898 2510">
     <span class='ocr_line' id='line_1_82' title="bbox 110 2467 898 2510; baseline 0.013 -17"><span class='ocrx_word' id='word_1_687' title='bbox 110 2467 188 2494; x_wconf 89' lang='lat' dir='ltr'><strong>cisus</strong></span> <span class='ocrx_word' id='word_1_688' title='bbox 202 2468 294 2501; x_wconf 91' lang='lat' dir='ltr'><strong>corde,</strong></span> <span class='ocrx_word' id='word_1_689' title='bbox 308 2477 358 2496; x_wconf 91' lang='lat' dir='ltr'><strong>nec</strong></span> <span class='ocrx_word' id='word_1_690' title='bbox 369 2470 548 2499; x_wconf 81' lang='lat' dir='ltr'><strong>circumcisus</strong></span> <span class='ocrx_word' id='word_1_691' title='bbox 561 2480 653 2505; x_wconf 89' lang='lat' dir='ltr'><strong>carne,</strong></span> <span class='ocrx_word' id='word_1_692' title='bbox 667 2481 720 2501; x_wconf 91' lang='lat' dir='ltr'><strong>non</strong></span> <span class='ocrx_word' id='word_1_693' title='bbox 732 2474 898 2510; x_wconf 83' lang='lat' dir='ltr'><strong>ingredietur</strong></span> 
     </span>
    </p>
   </div>
   <div class='ocr_carea' id='block_1_83' title="bbox 109 2510 898 2556">
    <p class='ocr_par' dir='ltr' id='par_1_83' title="bbox 109 2510 898 2556">
     <span class='ocr_line' id='line_1_83' title="bbox 109 2510 898 2556; baseline 0.014 -19"><span class='ocrx_word' id='word_1_694' title='bbox 109 2510 139 2537; x_wconf 90' lang='lat' dir='ltr'><strong>in</strong></span> <span class='ocrx_word' id='word_1_695' title='bbox 155 2512 256 2542; x_wconf 84' lang='lat' dir='ltr'><strong>Sancta</strong></span> <span class='ocrx_word' id='word_1_696' title='bbox 272 2522 332 2542; x_wconf 83' lang='lat' dir='ltr'><strong>mea</strong></span> <span class='ocrx_word' id='word_1_697' title='bbox 347 2515 374 2542; x_wconf 93' lang='lat' dir='ltr'><strong>iu</strong></span> <span class='ocrx_word' id='word_1_698' title='bbox 388 2517 518 2544; x_wconf 87' lang='lat' dir='ltr'><strong>omnibus</strong></span> <span class='ocrx_word' id='word_1_699' title='bbox 535 2518 598 2545; x_wconf 85' lang='lat' dir='ltr'><strong>filiis</strong></span> <span class='ocrx_word' id='word_1_700' title='bbox 611 2519 835 2554; x_wconf 80' lang='lat' dir='ltr'><strong>alienigenarum,</strong></span> <span class='ocrx_word' id='word_1_701' title='bbox 851 2521 898 2556; x_wconf 89' lang='lat' dir='ltr'><strong>qui</strong></span> 
     </span>
    </p>
   </div>
   <div class='ocr_carea' id='block_1_84' title="bbox 109 2559 898 2600">
    <p class='ocr_par' dir='ltr' id='par_1_84' title="bbox 109 2559 898 2600">
     <span class='ocr_line' id='line_1_84' title="bbox 109 2559 898 2600; baseline 0.011 -15"><span class='ocrx_word' id='word_1_702' title='bbox 109 2566 140 2585; x_wconf 88' lang='lat' dir='ltr'><strong>su</strong></span> <span class='ocrx_word' id='word_1_703' title='bbox 148 2564 178 2587; x_wconf 92' lang='lat' dir='ltr'><strong>nt</strong></span> <span class='ocrx_word' id='word_1_704' title='bbox 194 2559 222 2586; x_wconf 94' lang='lat' dir='ltr'><strong>in</strong></span> <span class='ocrx_word' id='word_1_705' title='bbox 239 2560 330 2587; x_wconf 92' lang='lat' dir='ltr'><strong>medio</strong></span> <span class='ocrx_word' id='word_1_706' title='bbox 353 2561 451 2589; x_wconf 82' lang='lat' dir='ltr'><strong>domus</strong></span> <span class='ocrx_word' id='word_1_707' title='bbox 465 2561 588 2596; x_wconf 86' lang='lat' dir='ltr'><strong>lsraelis,</strong></span> <span class='ocrx_word' id='word_1_708' title='bbox 605 2564 648 2592; x_wconf 82' lang='grc'><strong>10.</strong></span> <span class='ocrx_word' id='word_1_709' title='bbox 671 2565 708 2600; x_wconf 77' lang='grc' dir='ltr'><strong>(ὁ)</strong></span> <span class='ocrx_word' id='word_1_710' title='bbox 726 2565 772 2593; x_wconf 90' lang='lat' dir='ltr'><strong>sed</strong></span> <span class='ocrx_word' id='word_1_711' title='bbox 789 2565 898 2600; x_wconf 75' lang='lat' dir='ltr'><strong>Levitte,</strong></span> 
     </span>
    </p>
   </div>
   <div class='ocr_carea' id='block_1_85' title="bbox 109 2606 898 2649">
    <p class='ocr_par' dir='ltr' id='par_1_85' title="bbox 109 2606 898 2649">
     <span class='ocr_line' id='line_1_85' title="bbox 109 2606 898 2649; baseline 0.011 -17"><span class='ocrx_word' id='word_1_712' title='bbox 109 2606 158 2639; x_wconf 89' lang='lat' dir='ltr'><strong>qui</strong></span> <span class='ocrx_word' id='word_1_713' title='bbox 177 2612 350 2634; x_wconf 88' lang='lat' dir='ltr'><strong>recesserunt</strong></span> <span class='ocrx_word' id='word_1_714' title='bbox 363 2615 378 2635; x_wconf 91' lang='lat' dir='ltr'><strong>a</strong></span> <span class='ocrx_word' id='word_1_715' title='bbox 399 2616 457 2641; x_wconf 89' lang='lat' dir='ltr'><strong>mc,</strong></span> <span class='ocrx_word' id='word_1_716' title='bbox 475 2617 536 2636; x_wconf 88' lang='lat' dir='ltr'><strong>cum</strong></span> <span class='ocrx_word' id='word_1_717' title='bbox 553 2617 657 2638; x_wconf 85' lang='lat' dir='ltr'><strong>erraret</strong></span> <span class='ocrx_word' id='word_1_718' title='bbox 678 2610 759 2639; x_wconf 85' lang='lat' dir='ltr'><strong>Israel</strong></span> <span class='ocrx_word' id='word_1_719' title='bbox 774 2631 781 2643; x_wconf 89' lang='lat'><strong>.</strong></span> <span class='ocrx_word' id='word_1_720' title='bbox 800 2614 833 2647; x_wconf 53' lang='grc' dir='ltr'>Χ</span> <span class='ocrx_word' id='word_1_721' title='bbox 852 2615 898 2649; x_wconf 89' lang='lat' dir='ltr'><strong>qui</strong></span> 
     </span>
    </p>
   </div>
   <div class='ocr_carea' id='block_1_86' title="bbox 111 2652 900 2693">
    <p class='ocr_par' dir='ltr' id='par_1_86' title="bbox 111 2652 900 2693">
     <span class='ocr_line' id='line_1_86' title="bbox 111 2652 900 2693; baseline 0.01 -15"><span class='ocrx_word' id='word_1_722' title='bbox 111 2657 240 2680; x_wconf 78' lang='lat' dir='ltr'><strong>errarunt</strong></span> <span class='ocrx_word' id='word_1_723' title='bbox 253 2652 265 2686; x_wconf 69' lang='grc' dir='ltr'>ζ</span> <span class='ocrx_word' id='word_1_724' title='bbox 279 2660 294 2680; x_wconf 86' lang='lat' dir='ltr'><strong>a</strong></span> <span class='ocrx_word' id='word_1_725' title='bbox 306 2661 349 2680; x_wconf 87' lang='lat' dir='ltr'><strong>me</strong></span> <span class='ocrx_word' id='word_1_726' title='bbox 364 2659 426 2688; x_wconf 80' lang='lat' dir='ltr'><strong>post</strong></span> <span class='ocrx_word' id='word_1_727' title='bbox 442 2655 619 2687; x_wconf 75' lang='lat' dir='ltr'><strong>cogitationes</strong></span> <span class='ocrx_word' id='word_1_728' title='bbox 635 2663 711 2689; x_wconf 83' lang='lat' dir='ltr'><strong>suas,</strong></span> <span class='ocrx_word' id='word_1_729' title='bbox 726 2662 752 2684; x_wconf 89' lang='lat' dir='ltr'><strong>et</strong></span> <span class='ocrx_word' id='word_1_730' title='bbox 768 2659 900 2693; x_wconf 87' lang='lat' dir='ltr'><strong>accipient</strong></span> 
     </span>
    </p>
   </div>
   <div class='ocr_carea' id='block_1_87' title="bbox 959 1648 1743 1683">
    <p class='ocr_par' dir='ltr' id='par_1_87' title="bbox 959 1648 1743 1683">
     <span class='ocr_line' id='line_1_87' title="bbox 959 1648 1743 1683; baseline -0.005 -5"><span class='ocrx_word' id='word_1_731' title='bbox 959 1658 1006 1678; x_wconf 88' lang='lat' dir='ltr'><strong>eas</strong></span> <span class='ocrx_word' id='word_1_732' title='bbox 1023 1651 1049 1678; x_wconf 93' lang='lat' dir='ltr'><strong>in</strong></span> <span class='ocrx_word' id='word_1_733' title='bbox 1064 1651 1172 1679; x_wconf 85' lang='lat' dir='ltr'><strong>exedris</strong></span> <span class='ocrx_word' id='word_1_734' title='bbox 1188 1650 1354 1677; x_wconf 88' lang='lat' dir='ltr'><strong>Sanctorum</strong></span> <span class='ocrx_word' id='word_1_735' title='bbox 1368 1671 1376 1683; x_wconf 92' lang='lat'><strong>,</strong></span> <span class='ocrx_word' id='word_1_736' title='bbox 1388 1654 1414 1677; x_wconf 89' lang='lat' dir='ltr'><strong>et</strong></span> <span class='ocrx_word' id='word_1_737' title='bbox 1428 1649 1540 1676; x_wconf 82' lang='lat' dir='ltr'><strong>induent</strong></span> <span class='ocrx_word' id='word_1_738' title='bbox 1558 1648 1642 1675; x_wconf 87' lang='lat' dir='ltr'><strong>stolas</strong></span> <span class='ocrx_word' id='word_1_739' title='bbox 1658 1648 1743 1678; x_wconf 86' lang='lat' dir='ltr'><strong>alias,</strong></span> 
     </span>
    </p>
   </div>
   <div class='ocr_carea' id='block_1_88' title="bbox 957 1693 1744 1732">
    <p class='ocr_par' dir='ltr' id='par_1_88' title="bbox 957 1693 1744 1732">
     <span class='ocr_line' id='line_1_88' title="bbox 957 1693 1744 1732; baseline -0.004 -8"><span class='ocrx_word' id='word_1_740' title='bbox 957 1702 985 1724; x_wconf 88' lang='lat' dir='ltr'><strong>et</strong></span> <span class='ocrx_word' id='word_1_741' title='bbox 999 1697 1035 1732; x_wconf 81' lang='lat' dir='ltr'><strong>(g)</strong></span> <span class='ocrx_word' id='word_1_742' title='bbox 1051 1705 1105 1724; x_wconf 92' lang='lat' dir='ltr'><strong>nou</strong></span> <span class='ocrx_word' id='word_1_743' title='bbox 1119 1696 1327 1724; x_wconf 86' lang='lat' dir='ltr'><strong>sanctiﬁcabunt</strong></span> <span class='ocrx_word' id='word_1_744' title='bbox 1343 1696 1472 1731; x_wconf 89' lang='lat' dir='ltr'><strong>populum</strong></span> <span class='ocrx_word' id='word_1_745' title='bbox 1484 1695 1510 1722; x_wconf 94' lang='lat' dir='ltr'><strong>in</strong></span> <span class='ocrx_word' id='word_1_746' title='bbox 1524 1695 1602 1722; x_wconf 90' lang='lat' dir='ltr'><strong>stolis</strong></span> <span class='ocrx_word' id='word_1_747' title='bbox 1617 1695 1684 1722; x_wconf 84' lang='lat' dir='ltr'><strong>suis.</strong></span> <span class='ocrx_word' id='word_1_748' title='bbox 1698 1693 1744 1721; x_wconf 71' lang='lat'><strong>20.</strong></span> 
     </span>
    </p>
   </div>
   <div class='ocr_carea' id='block_1_89' title="bbox 958 1741 1744 1777">
    <p class='ocr_par' dir='ltr' id='par_1_89' title="bbox 958 1741 1744 1777">
     <span class='ocr_line' id='line_1_89' title="bbox 958 1741 1744 1777; baseline -0.005 -8"><span class='ocrx_word' id='word_1_749' title='bbox 958 1743 991 1769; x_wconf 83' lang='lat' dir='ltr'><strong>Et</strong></span> <span class='ocrx_word' id='word_1_750' title='bbox 1009 1742 1097 1777; x_wconf 82' lang='lat' dir='ltr'><strong>capita</strong></span> <span class='ocrx_word' id='word_1_751' title='bbox 1127 1750 1176 1770; x_wconf 89' lang='lat' dir='ltr'><strong>sua</strong></span> <span class='ocrx_word' id='word_1_752' title='bbox 1195 1749 1248 1768; x_wconf 93' lang='lat' dir='ltr'><strong>non</strong></span> <span class='ocrx_word' id='word_1_753' title='bbox 1271 1742 1399 1773; x_wconf 74' lang='lat' dir='ltr'><strong>tondenti,</strong></span> <span class='ocrx_word' id='word_1_754' title='bbox 1420 1745 1447 1768; x_wconf 91' lang='lat' dir='ltr'><strong>et</strong></span> <span class='ocrx_word' id='word_1_755' title='bbox 1466 1741 1578 1775; x_wconf 82' lang='lat' dir='ltr'><strong>capillos</strong></span> <span class='ocrx_word' id='word_1_756' title='bbox 1603 1747 1667 1767; x_wconf 91' lang='lat' dir='ltr'><strong>suos</strong></span> <span class='ocrx_word' id='word_1_757' title='bbox 1691 1747 1744 1765; x_wconf 92' lang='lat' dir='ltr'><strong>non</strong></span> 
     </span>
    </p>
   </div>
   <div class='ocr_carea' id='block_1_90' title="bbox 957 1785 1744 1823">
    <p class='ocr_par' dir='ltr' id='par_1_90' title="bbox 957 1785 1744 1823">
     <span class='ocr_line' id='line_1_90' title="bbox 957 1785 1744 1823; baseline -0.006 -7"><span class='ocrx_word' id='word_1_758' title='bbox 957 1789 1052 1816; x_wconf 89' lang='lat' dir='ltr'><strong>radent</strong></span> <span class='ocrx_word' id='word_1_759' title='bbox 1063 1808 1070 1820; x_wconf 92' lang='lat'><strong>,</strong></span> <span class='ocrx_word' id='word_1_760' title='bbox 1086 1788 1210 1823; x_wconf 90' lang='lat' dir='ltr'><strong>operient</strong></span> <span class='ocrx_word' id='word_1_761' title='bbox 1225 1788 1314 1822; x_wconf 86' lang='lat' dir='ltr'><strong>capita</strong></span> <span class='ocrx_word' id='word_1_762' title='bbox 1329 1794 1388 1814; x_wconf 85' lang='lat' dir='ltr'><strong>sua.</strong></span> <span class='ocrx_word' id='word_1_763' title='bbox 1407 1786 1452 1813; x_wconf 73' lang='lat'><strong>‘2].</strong></span> <span class='ocrx_word' id='word_1_764' title='bbox 1468 1786 1500 1813; x_wconf 87' lang='lat' dir='ltr'><strong>Et</strong></span> <span class='ocrx_word' id='word_1_765' title='bbox 1520 1787 1613 1813; x_wconf 84' lang='lat' dir='ltr'><strong>viuum</strong></span> <span class='ocrx_word' id='word_1_766' title='bbox 1631 1793 1685 1812; x_wconf 87' lang='lat' dir='ltr'><strong>non</strong></span> <span class='ocrx_word' id='word_1_767' title='bbox 1702 1785 1744 1811; x_wconf 84' lang='lat' dir='ltr'><strong>bi-</strong></span> 
     </span>
    </p>
   </div>
   <div class='ocr_carea' id='block_1_91' title="bbox 957 1831 1744 1867">
    <p class='ocr_par' dir='ltr' id='par_1_91' title="bbox 957 1831 1744 1867">
     <span class='ocr_line' id='line_1_91' title="bbox 957 1831 1744 1867; baseline -0.005 -6"><span class='ocrx_word' id='word_1_768' title='bbox 957 1834 1022 1861; x_wconf 88' lang='lat' dir='ltr'><strong>bent</strong></span> <span class='ocrx_word' id='word_1_769' title='bbox 1033 1834 1123 1861; x_wconf 91' lang='lat' dir='ltr'><strong>omnis</strong></span> <span class='ocrx_word' id='word_1_770' title='bbox 1134 1833 1271 1865; x_wconf 88' lang='lat' dir='ltr'><strong>sacerdos,</strong></span> <span class='ocrx_word' id='word_1_771' title='bbox 1286 1832 1396 1867; x_wconf 88' lang='lat' dir='ltr'><strong>quando</strong></span> <span class='ocrx_word' id='word_1_772' title='bbox 1408 1832 1597 1866; x_wconf 77' lang='lat' dir='ltr'><strong>ingrediuntur</strong></span> <span class='ocrx_word' id='word_1_773' title='bbox 1609 1832 1634 1858; x_wconf 93' lang='lat' dir='ltr'><strong>in</strong></span> <span class='ocrx_word' id='word_1_774' title='bbox 1647 1831 1744 1858; x_wconf 90' lang='lat' dir='ltr'><strong>atrium</strong></span> 
     </span>
    </p>
   </div>
   <div class='ocr_carea' id='block_1_92' title="bbox 951 1878 1746 1912">
    <p class='ocr_par' dir='ltr' id='par_1_92' title="bbox 951 1878 1746 1912">
     <span class='ocr_line' id='line_1_92' title="bbox 951 1878 1746 1912; baseline -0.005 -6"><span class='ocrx_word' id='word_1_775' title='bbox 951 1879 1080 1906; x_wconf 66' lang='lat' dir='ltr'><strong>interius.</strong></span> <span class='ocrx_word' id='word_1_776' title='bbox 1097 1879 1142 1905; x_wconf 71' lang='grc'><strong>22.</strong></span> <span class='ocrx_word' id='word_1_777' title='bbox 1156 1878 1188 1906; x_wconf 86' lang='lat' dir='ltr'><strong>Et</strong></span> <span class='ocrx_word' id='word_1_778' title='bbox 1203 1879 1323 1910; x_wconf 81' lang='lat' dir='ltr'><strong>viduam,</strong></span> <span class='ocrx_word' id='word_1_779' title='bbox 1338 1882 1364 1905; x_wconf 94' lang='lat' dir='ltr'><strong>et</strong></span> <span class='ocrx_word' id='word_1_780' title='bbox 1378 1878 1547 1912; x_wconf 85' lang='lat' dir='ltr'><strong>repudiatam</strong></span> <span class='ocrx_word' id='word_1_781' title='bbox 1566 1885 1619 1904; x_wconf 93' lang='lat' dir='ltr'><strong>non</strong></span> <span class='ocrx_word' id='word_1_782' title='bbox 1636 1880 1746 1904; x_wconf 88' lang='lat' dir='ltr'><strong>sumcut</strong></span> 
     </span>
    </p>
   </div>
   <div class='ocr_carea' id='block_1_93' title="bbox 956 1922 1745 1958">
    <p class='ocr_par' dir='ltr' id='par_1_93' title="bbox 956 1922 1745 1958">
     <span class='ocr_line' id='line_1_93' title="bbox 956 1922 1745 1958; baseline -0.001 -8"><span class='ocrx_word' id='word_1_783' title='bbox 956 1924 1008 1951; x_wconf 85' lang='lat' dir='ltr'><strong>sibi</strong></span> <span class='ocrx_word' id='word_1_784' title='bbox 1022 1924 1048 1951; x_wconf 93' lang='lat' dir='ltr'><strong>in</strong></span> <span class='ocrx_word' id='word_1_785' title='bbox 1064 1931 1174 1957; x_wconf 84' lang='lat' dir='ltr'><strong>uxores,</strong></span> <span class='ocrx_word' id='word_1_786' title='bbox 1190 1924 1236 1951; x_wconf 89' lang='lat' dir='ltr'><strong>sed</strong></span> <span class='ocrx_word' id='word_1_787' title='bbox 1249 1924 1380 1958; x_wconf 78' lang='lat' dir='ltr'><strong>virginem</strong></span> <span class='ocrx_word' id='word_1_788' title='bbox 1394 1931 1409 1950; x_wconf 89' lang='lat' dir='ltr'><strong>e</strong></span> <span class='ocrx_word' id='word_1_789' title='bbox 1426 1924 1529 1950; x_wconf 87' lang='lat' dir='ltr'><strong>semine</strong></span> <span class='ocrx_word' id='word_1_790' title='bbox 1544 1923 1643 1950; x_wconf 80' lang='lat' dir='ltr'><strong>domus</strong></span> <span class='ocrx_word' id='word_1_791' title='bbox 1659 1922 1745 1949; x_wconf 88' lang='lat' dir='ltr'><strong>lsrae-</strong></span> 
     </span>
    </p>
   </div>
   <div class='ocr_carea' id='block_1_94' title="bbox 956 1969 1743 2003">
    <p class='ocr_par' dir='ltr' id='par_1_94' title="bbox 956 1969 1743 2003">
     <span class='ocr_line' id='line_1_94' title="bbox 956 1969 1743 2003; baseline -0.004 -6"><span class='ocrx_word' id='word_1_792' title='bbox 956 1970 990 1997; x_wconf 89' lang='lat' dir='ltr'><strong>lis</strong></span> <span class='ocrx_word' id='word_1_793' title='bbox 1006 1978 1013 1996; x_wconf 89' lang='lat'>:</span> <span class='ocrx_word' id='word_1_794' title='bbox 1034 1973 1061 1997; x_wconf 92' lang='lat' dir='ltr'><strong>et</strong></span> <span class='ocrx_word' id='word_1_795' title='bbox 1077 1970 1196 2002; x_wconf 87' lang='lat' dir='ltr'><strong>viduatn,</strong></span> <span class='ocrx_word' id='word_1_796' title='bbox 1215 1970 1237 1996; x_wconf 88' lang='lat' dir='ltr'><strong>si</strong></span> <span class='ocrx_word' id='word_1_797' title='bbox 1256 1969 1337 1996; x_wconf 79' lang='lat' dir='ltr'><strong>fuerit</strong></span> <span class='ocrx_word' id='word_1_798' title='bbox 1354 1971 1387 2003; x_wconf 52' lang='grc' dir='ltr'><strong>Ἀ(</strong></span> <span class='ocrx_word' id='word_1_799' title='bbox 1407 1969 1486 1996; x_wconf 81' lang='lat' dir='ltr'><strong>vidua</strong></span> <span class='ocrx_word' id='word_1_800' title='bbox 1510 1969 1520 2002; x_wconf 71' lang='grc' dir='ltr'>ζ</span> <span class='ocrx_word' id='word_1_801' title='bbox 1538 1969 1571 1995; x_wconf 88' lang='lat' dir='ltr'><strong>de</strong></span> <span class='ocrx_word' id='word_1_802' title='bbox 1590 1969 1743 1999; x_wconf 77' lang='lat' dir='ltr'><strong>sacerdote,</strong></span> 
     </span>
    </p>
   </div>
   <div class='ocr_carea' id='block_1_95' title="bbox 957 2015 1744 2050">
    <p class='ocr_par' dir='ltr' id='par_1_95' title="bbox 957 2015 1744 2050">
     <span class='ocr_line' id='line_1_95' title="bbox 957 2015 1744 2050; baseline -0.001 -8"><span class='ocrx_word' id='word_1_803' title='bbox 957 2021 1077 2043; x_wconf 90' lang='lat' dir='ltr'><strong>sument.</strong></span> <span class='ocrx_word' id='word_1_804' title='bbox 1093 2016 1138 2042; x_wconf 79' lang='grc'><strong>25.</strong></span> <span class='ocrx_word' id='word_1_805' title='bbox 1154 2015 1187 2043; x_wconf 85' lang='lat' dir='ltr'><strong>Et</strong></span> <span class='ocrx_word' id='word_1_806' title='bbox 1200 2016 1330 2050; x_wconf 90' lang='lat' dir='ltr'><strong>populum</strong></span> <span class='ocrx_word' id='word_1_807' title='bbox 1345 2023 1436 2042; x_wconf 91' lang='lat' dir='ltr'><strong>meum</strong></span> <span class='ocrx_word' id='word_1_808' title='bbox 1450 2016 1585 2042; x_wconf 84' lang='lat' dir='ltr'><strong>docebunt</strong></span> <span class='ocrx_word' id='word_1_809' title='bbox 1601 2016 1668 2041; x_wconf 88' lang='lat' dir='ltr'><strong>inter</strong></span> <span class='ocrx_word' id='word_1_810' title='bbox 1680 2023 1744 2042; x_wconf 88' lang='lat' dir='ltr'><strong>sau-</strong></span> 
     </span>
    </p>
   </div>
   <div class='ocr_carea' id='block_1_96' title="bbox 956 2061 1744 2096">
    <p class='ocr_par' dir='ltr' id='par_1_96' title="bbox 956 2061 1744 2096">
     <span class='ocr_line' id='line_1_96' title="bbox 956 2061 1744 2096; baseline -0.001 -8"><span class='ocrx_word' id='word_1_811' title='bbox 956 2067 1029 2089; x_wconf 88' lang='lat' dir='ltr'><strong>cttun</strong></span> <span class='ocrx_word' id='word_1_812' title='bbox 1046 2066 1073 2089; x_wconf 91' lang='lat' dir='ltr'><strong>et</strong></span> <span class='ocrx_word' id='word_1_813' title='bbox 1086 2061 1229 2096; x_wconf 83' lang='lat' dir='ltr'><strong>profanum</strong></span> <span class='ocrx_word' id='word_1_814' title='bbox 1244 2082 1251 2094; x_wconf 91' lang='lat'><strong>,</strong></span> <span class='ocrx_word' id='word_1_815' title='bbox 1268 2067 1295 2088; x_wconf 86' lang='lat' dir='ltr'><strong>et</strong></span> <span class='ocrx_word' id='word_1_816' title='bbox 1312 2063 1382 2088; x_wconf 83' lang='lat' dir='ltr'><strong>inter</strong></span> <span class='ocrx_word' id='word_1_817' title='bbox 1398 2069 1453 2088; x_wconf 91' lang='lat' dir='ltr'><strong>non</strong></span> <span class='ocrx_word' id='word_1_818' title='bbox 1477 2061 1607 2088; x_wconf 86' lang='lat' dir='ltr'><strong>mundum</strong></span> <span class='ocrx_word' id='word_1_819' title='bbox 1622 2065 1649 2087; x_wconf 85' lang='lat' dir='ltr'><strong>el</strong></span> <span class='ocrx_word' id='word_1_820' title='bbox 1665 2069 1744 2087; x_wconf 91' lang='lat' dir='ltr'><strong>Inun-</strong></span> 
     </span>
    </p>
   </div>
   <div class='ocr_carea' id='block_1_97' title="bbox 956 2106 1744 2142">
    <p class='ocr_par' dir='ltr' id='par_1_97' title="bbox 956 2106 1744 2142">
     <span class='ocr_line' id='line_1_97' title="bbox 956 2106 1744 2142; baseline -0.001 -8"><span class='ocrx_word' id='word_1_821' title='bbox 956 2107 1022 2134; x_wconf 91' lang='lat' dir='ltr'><strong>dum</strong></span> <span class='ocrx_word' id='word_1_822' title='bbox 1045 2107 1185 2142; x_wconf 77' lang='lat' dir='ltr'><strong>cognitum</strong></span> <span class='ocrx_word' id='word_1_823' title='bbox 1205 2107 1305 2134; x_wconf 76' lang='lat' dir='ltr'><strong>facient</strong></span> <span class='ocrx_word' id='word_1_824' title='bbox 1327 2107 1378 2134; x_wconf 89' lang='lat' dir='ltr'><strong>eis.</strong></span> <span class='ocrx_word' id='word_1_825' title='bbox 1396 2107 1442 2134; x_wconf 65' lang='grc'><strong>24.</strong></span> <span class='ocrx_word' id='word_1_826' title='bbox 1462 2106 1494 2133; x_wconf 88' lang='grc' dir='ltr'>Ει</span> <span class='ocrx_word' id='word_1_827' title='bbox 1511 2107 1543 2134; x_wconf 91' lang='lat' dir='ltr'><strong>de</strong></span> <span class='ocrx_word' id='word_1_828' title='bbox 1558 2106 1664 2141; x_wconf 85' lang='lat' dir='ltr'><strong>judicio</strong></span> <span class='ocrx_word' id='word_1_829' title='bbox 1681 2114 1744 2133; x_wconf 86' lang='lat' dir='ltr'><strong>san-</strong></span> 
     </span>
    </p>
   </div>
   <div class='ocr_carea' id='block_1_98' title="bbox 956 2152 1744 2188">
    <p class='ocr_par' dir='ltr' id='par_1_98' title="bbox 956 2152 1744 2188">
     <span class='ocr_line' id='line_1_98' title="bbox 956 2152 1744 2188; baseline -0.004 -7"><span class='ocrx_word' id='word_1_830' title='bbox 956 2153 1046 2188; x_wconf 75' lang='lat' dir='ltr'><strong>guinis</strong></span> <span class='ocrx_word' id='word_1_831' title='bbox 1057 2154 1107 2188; x_wconf 89' lang='lat' dir='ltr'><strong>ipsi</strong></span> <span class='ocrx_word' id='word_1_832' title='bbox 1122 2154 1231 2181; x_wconf 89' lang='lat' dir='ltr'><strong>stabunt</strong></span> <span class='ocrx_word' id='word_1_833' title='bbox 1246 2153 1279 2180; x_wconf 88' lang='lat' dir='ltr'><strong>ad</strong></span> <span class='ocrx_word' id='word_1_834' title='bbox 1293 2152 1502 2180; x_wconf 86' lang='lat' dir='ltr'><strong>discernendum</strong></span> <span class='ocrx_word' id='word_1_835' title='bbox 1517 2152 1744 2187; x_wconf 84' lang='lat' dir='ltr'><strong>:justilieationes</strong></span> 
     </span>
    </p>
   </div>
   <div class='ocr_carea' id='block_1_99' title="bbox 956 2199 1769 2243">
    <p class='ocr_par' dir='ltr' id='par_1_99' title="bbox 956 2199 1769 2243">
     <span class='ocr_line' id='line_1_99' title="bbox 956 2199 1769 2243; baseline -0.002 -16"><span class='ocrx_word' id='word_1_836' title='bbox 956 2207 1032 2228; x_wconf 86' lang='lat' dir='ltr'><strong>meas</strong></span> <span class='ocrx_word' id='word_1_837' title='bbox 1050 2199 1283 2235; x_wconf 81' lang='lat' dir='ltr'><strong>+justilieabunt</strong></span> <span class='ocrx_word' id='word_1_838' title='bbox 1303 2200 1326 2234; x_wconf 74' lang='grc' dir='ltr'><strong>ζ.</strong></span> <span class='ocrx_word' id='word_1_839' title='bbox 1342 2204 1368 2226; x_wconf 90' lang='lat' dir='ltr'><strong>ct</strong></span> <span class='ocrx_word' id='word_1_840' title='bbox 1380 2199 1482 2234; x_wconf 88' lang='lat' dir='ltr'><strong>judicia</strong></span> <span class='ocrx_word' id='word_1_841' title='bbox 1501 2199 1741 2233; x_wconf 85' lang='lat' dir='ltr'><strong>mcajudicabunt.</strong></span> <span class='ocrx_word' id='word_1_842' title='bbox 1766 2238 1769 2243; x_wconf 37' lang='grc'><strong><em>1</em></strong></span> 
     </span>
    </p>
   </div>
   <div class='ocr_carea' id='block_1_100' title="bbox 956 2245 1766 2281">
    <p class='ocr_par' dir='ltr' id='par_1_100' title="bbox 956 2245 1766 2281">
     <span class='ocr_line' id='line_1_100' title="bbox 956 2245 1766 2281; baseline -0.004 -9"><span class='ocrx_word' id='word_1_843' title='bbox 956 2249 983 2272; x_wconf 91' lang='lat' dir='ltr'><strong>et</strong></span> <span class='ocrx_word' id='word_1_844' title='bbox 1003 2245 1121 2281; x_wconf 78' lang='lat' dir='ltr'><strong>legitima</strong></span> <span class='ocrx_word' id='word_1_845' title='bbox 1142 2253 1201 2272; x_wconf 87' lang='lat' dir='ltr'><strong>mea</strong></span> <span class='ocrx_word' id='word_1_846' title='bbox 1215 2265 1221 2277; x_wconf 92' lang='lat'><strong>,</strong></span> <span class='ocrx_word' id='word_1_847' title='bbox 1238 2250 1264 2273; x_wconf 89' lang='lat' dir='ltr'><strong>et</strong></span> <span class='ocrx_word' id='word_1_848' title='bbox 1285 2249 1417 2280; x_wconf 76' lang='lat' dir='ltr'><strong>przcccpta</strong></span> <span class='ocrx_word' id='word_1_849' title='bbox 1435 2253 1494 2271; x_wconf 87' lang='lat' dir='ltr'><strong>mea</strong></span> <span class='ocrx_word' id='word_1_850' title='bbox 1511 2245 1537 2271; x_wconf 94' lang='lat' dir='ltr'><strong>iu</strong></span> <span class='ocrx_word' id='word_1_851' title='bbox 1553 2245 1680 2272; x_wconf 88' lang='lat' dir='ltr'><strong>omnibus</strong></span> <span class='ocrx_word' id='word_1_852' title='bbox 1697 2252 1743 2270; x_wconf 90' lang='lat' dir='ltr'><strong>so-</strong></span> <span class='ocrx_word' id='word_1_853' title='bbox 1763 2258 1766 2266; x_wconf 83' lang='lat'><strong><em>-</em></strong></span> 
     </span>
    </p>
   </div>
   <div class='ocr_carea' id='block_1_101' title="bbox 920 2272 1743 2323">
    <p class='ocr_par' dir='ltr' id='par_1_101' title="bbox 920 2272 1743 2323">
     <span class='ocr_line' id='line_1_101' title="bbox 920 2272 1743 2323; baseline 0 -5"><span class='ocrx_word' id='word_1_854' title='bbox 920 2272 942 2300; x_wconf 69' lang='grc' dir='ltr'><strong>Β</strong></span> <span class='ocrx_word' id='word_1_855' title='bbox 956 2272 1134 2318; x_wconf 67' lang='grc' dir='ltr'><strong>ιεηηίἶειιίῦυε</strong></span> <span class='ocrx_word' id='word_1_856' title='bbox 1149 2292 1216 2319; x_wconf 86' lang='lat' dir='ltr'><strong>meis</strong></span> <span class='ocrx_word' id='word_1_857' title='bbox 1234 2291 1398 2323; x_wconf 90' lang='lat' dir='ltr'><strong>custodieut,</strong></span> <span class='ocrx_word' id='word_1_858' title='bbox 1414 2295 1440 2317; x_wconf 85' lang='lat' dir='ltr'><strong>et</strong></span> <span class='ocrx_word' id='word_1_859' title='bbox 1452 2291 1565 2318; x_wconf 80' lang='lat' dir='ltr'><strong>sabbata</strong></span> <span class='ocrx_word' id='word_1_860' title='bbox 1587 2298 1644 2318; x_wconf 84' lang='lat' dir='ltr'><strong>mea</strong></span> <span class='ocrx_word' id='word_1_861' title='bbox 1662 2298 1743 2318; x_wconf 86' lang='lat' dir='ltr'><strong>sauc-</strong></span> 
     </span>
    </p>
   </div>
   <div class='ocr_carea' id='block_1_102' title="bbox 952 2335 1742 2372">
    <p class='ocr_par' dir='ltr' id='par_1_102' title="bbox 952 2335 1742 2372">
     <span class='ocr_line' id='line_1_102' title="bbox 952 2335 1742 2372; baseline -0.005 -8"><span class='ocrx_word' id='word_1_862' title='bbox 952 2337 1104 2364; x_wconf 85' lang='lat' dir='ltr'><strong>tiﬁcabunt.</strong></span> <span class='ocrx_word' id='word_1_863' title='bbox 1119 2337 1163 2364; x_wconf 70' lang='grc'><strong>25.</strong></span> <span class='ocrx_word' id='word_1_864' title='bbox 1181 2337 1212 2363; x_wconf 81' lang='lat' dir='ltr'><strong>Et</strong></span> <span class='ocrx_word' id='word_1_865' title='bbox 1224 2345 1306 2372; x_wconf 86' lang='lat' dir='ltr'><strong>super</strong></span> <span class='ocrx_word' id='word_1_866' title='bbox 1321 2336 1572 2364; x_wconf 71' lang='lat' dir='ltr'><strong>animantbomiuis</strong></span> <span class='ocrx_word' id='word_1_867' title='bbox 1586 2344 1637 2362; x_wconf 86' lang='lat' dir='ltr'><strong>non</strong></span> <span class='ocrx_word' id='word_1_868' title='bbox 1651 2335 1742 2369; x_wconf 81' lang='lat' dir='ltr'><strong>ingre-</strong></span> 
     </span>
    </p>
   </div>
   <div class='ocr_carea' id='block_1_103' title="bbox 951 2382 1744 2417">
    <p class='ocr_par' dir='ltr' id='par_1_103' title="bbox 951 2382 1744 2417">
     <span class='ocr_line' id='line_1_103' title="bbox 951 2382 1744 2417; baseline -0.005 -7"><span class='ocrx_word' id='word_1_869' title='bbox 951 2382 1070 2414; x_wconf 89' lang='lat' dir='ltr'><strong>dientur,</strong></span> <span class='ocrx_word' id='word_1_870' title='bbox 1083 2382 1117 2410; x_wconf 89' lang='lat' dir='ltr'><strong>ad</strong></span> <span class='ocrx_word' id='word_1_871' title='bbox 1130 2383 1305 2417; x_wconf 85' lang='lat' dir='ltr'><strong>polluendum</strong></span> <span class='ocrx_word' id='word_1_872' title='bbox 1319 2390 1358 2415; x_wconf 90' lang='lat' dir='ltr'><strong>se,</strong></span> <span class='ocrx_word' id='word_1_873' title='bbox 1371 2383 1417 2410; x_wconf 90' lang='lat' dir='ltr'><strong>sed</strong></span> <span class='ocrx_word' id='word_1_874' title='bbox 1427 2390 1508 2416; x_wconf 79' lang='lat' dir='ltr'><strong>super</strong></span> <span class='ocrx_word' id='word_1_875' title='bbox 1520 2386 1605 2416; x_wconf 87' lang='lat' dir='ltr'><strong>patre,</strong></span> <span class='ocrx_word' id='word_1_876' title='bbox 1623 2385 1649 2407; x_wconf 92' lang='lat' dir='ltr'><strong>ct</strong></span> <span class='ocrx_word' id='word_1_877' title='bbox 1661 2388 1744 2412; x_wconf 81' lang='lat' dir='ltr'><strong>super</strong></span> 
     </span>
    </p>
   </div>
   <div class='ocr_carea' id='block_1_104' title="bbox 948 2426 1738 2463">
    <p class='ocr_par' dir='ltr' id='par_1_104' title="bbox 948 2426 1738 2463">
     <span class='ocr_line' id='line_1_104' title="bbox 948 2426 1738 2463; baseline -0.003 -8"><span class='ocrx_word' id='word_1_878' title='bbox 948 2433 1045 2460; x_wconf 87' lang='lat' dir='ltr'><strong>matre,</strong></span> <span class='ocrx_word' id='word_1_879' title='bbox 1059 2433 1086 2456; x_wconf 90' lang='lat' dir='ltr'><strong>et</strong></span> <span class='ocrx_word' id='word_1_880' title='bbox 1098 2436 1178 2462; x_wconf 85' lang='lat' dir='ltr'><strong>super</strong></span> <span class='ocrx_word' id='word_1_881' title='bbox 1192 2429 1257 2461; x_wconf 90' lang='lat' dir='ltr'><strong>lilio,</strong></span> <span class='ocrx_word' id='word_1_882' title='bbox 1271 2433 1297 2455; x_wconf 86' lang='lat' dir='ltr'><strong>et</strong></span> <span class='ocrx_word' id='word_1_883' title='bbox 1312 2436 1395 2463; x_wconf 86' lang='lat' dir='ltr'><strong>super</strong></span> <span class='ocrx_word' id='word_1_884' title='bbox 1409 2429 1482 2460; x_wconf 85' lang='lat' dir='ltr'><strong>lilia,</strong></span> <span class='ocrx_word' id='word_1_885' title='bbox 1499 2432 1525 2455; x_wconf 89' lang='lat' dir='ltr'><strong>et</strong></span> <span class='ocrx_word' id='word_1_886' title='bbox 1542 2434 1624 2462; x_wconf 89' lang='lat' dir='ltr'><strong>super</strong></span> <span class='ocrx_word' id='word_1_887' title='bbox 1642 2426 1738 2458; x_wconf 83' lang='lat' dir='ltr'><strong>fratre,</strong></span> 
     </span>
    </p>
   </div>
   <div class='ocr_carea' id='block_1_105' title="bbox 951 2472 1738 2508">
    <p class='ocr_par' dir='ltr' id='par_1_105' title="bbox 951 2472 1738 2508">
     <span class='ocr_line' id='line_1_105' title="bbox 951 2472 1738 2508; baseline -0.006 -7"><span class='ocrx_word' id='word_1_888' title='bbox 951 2478 978 2500; x_wconf 89' lang='lat' dir='ltr'><strong>et</strong></span> <span class='ocrx_word' id='word_1_889' title='bbox 988 2481 1068 2508; x_wconf 84' lang='lat' dir='ltr'><strong>super</strong></span> <span class='ocrx_word' id='word_1_890' title='bbox 1081 2481 1174 2501; x_wconf 89' lang='lat' dir='ltr'><strong>sorore</strong></span> <span class='ocrx_word' id='word_1_891' title='bbox 1186 2481 1244 2502; x_wconf 84' lang='lat' dir='ltr'><strong>sua.</strong></span> <span class='ocrx_word' id='word_1_892' title='bbox 1255 2482 1315 2508; x_wconf 65' lang='lat' dir='ltr'><strong>qua:</strong></span> <span class='ocrx_word' id='word_1_893' title='bbox 1327 2482 1379 2501; x_wconf 90' lang='lat' dir='ltr'><strong>uou</strong></span> <span class='ocrx_word' id='word_1_894' title='bbox 1389 2474 1438 2501; x_wconf 85' lang='lat' dir='ltr'><strong>fuit</strong></span> <span class='ocrx_word' id='word_1_895' title='bbox 1447 2474 1504 2501; x_wconf 82' lang='lat' dir='ltr'><strong>viro</strong></span> <span class='ocrx_word' id='word_1_896' title='bbox 1514 2493 1520 2506; x_wconf 84' lang='lat'><strong>,</strong></span> <span class='ocrx_word' id='word_1_897' title='bbox 1531 2481 1560 2500; x_wconf 87' lang='lat' dir='ltr'><strong>se</strong></span> <span class='ocrx_word' id='word_1_898' title='bbox 1570 2473 1681 2508; x_wconf 87' lang='lat' dir='ltr'><strong>polluet.</strong></span> <span class='ocrx_word' id='word_1_899' title='bbox 1692 2472 1738 2498; x_wconf 70' lang='grc'><strong>26.</strong></span> 
     </span>
    </p>
   </div>
   <div class='ocr_carea' id='block_1_106' title="bbox 953 2518 1743 2555">
    <p class='ocr_par' dir='ltr' id='par_1_106' title="bbox 953 2518 1743 2555">
     <span class='ocr_line' id='line_1_106' title="bbox 953 2518 1743 2555; baseline -0.001 -9"><span class='ocrx_word' id='word_1_900' title='bbox 953 2519 985 2547; x_wconf 84' lang='grc' dir='ltr'>Ει</span> <span class='ocrx_word' id='word_1_901' title='bbox 997 2525 1139 2555; x_wconf 83' lang='lat' dir='ltr'><strong>postquam</strong></span> <span class='ocrx_word' id='word_1_902' title='bbox 1149 2520 1296 2548; x_wconf 87' lang='lat' dir='ltr'><strong>mundatus</strong></span> <span class='ocrx_word' id='word_1_903' title='bbox 1307 2519 1398 2552; x_wconf 79' lang='lat' dir='ltr'><strong>fuerit,</strong></span> <span class='ocrx_word' id='word_1_904' title='bbox 1407 2523 1508 2554; x_wconf 78' lang='lat' dir='ltr'><strong>septem</strong></span> <span class='ocrx_word' id='word_1_905' title='bbox 1518 2519 1576 2546; x_wconf 90' lang='lat' dir='ltr'><strong>dies</strong></span> <span class='ocrx_word' id='word_1_906' title='bbox 1588 2518 1743 2546; x_wconf 85' lang='lat' dir='ltr'><strong>numerabit</strong></span> 
     </span>
    </p>
   </div>
   <div class='ocr_carea' id='block_1_107' title="bbox 953 2563 1730 2601">
    <p class='ocr_par' dir='ltr' id='par_1_107' title="bbox 953 2563 1730 2601">
     <span class='ocr_line' id='line_1_107' title="bbox 953 2563 1730 2601; baseline -0.001 -8"><span class='ocrx_word' id='word_1_907' title='bbox 953 2567 1010 2600; x_wconf 88' lang='lat' dir='ltr'><strong>ipse</strong></span> <span class='ocrx_word' id='word_1_908' title='bbox 1027 2567 1090 2593; x_wconf 91' lang='lat' dir='ltr'><strong>sibi.</strong></span> <span class='ocrx_word' id='word_1_909' title='bbox 1108 2567 1152 2593; x_wconf 74' lang='lat'><strong>27.</strong></span> <span class='ocrx_word' id='word_1_910' title='bbox 1169 2567 1202 2594; x_wconf 85' lang='lat' dir='ltr'><strong>Et</strong></span> <span class='ocrx_word' id='word_1_911' title='bbox 1213 2567 1255 2594; x_wconf 90' lang='lat' dir='ltr'><strong>die</strong></span> <span class='ocrx_word' id='word_1_912' title='bbox 1268 2574 1322 2601; x_wconf 92' lang='lat' dir='ltr'><strong>quo</strong></span> <span class='ocrx_word' id='word_1_913' title='bbox 1339 2565 1507 2600; x_wconf 82' lang='lat' dir='ltr'><strong>ingrediatur</strong></span> <span class='ocrx_word' id='word_1_914' title='bbox 1521 2567 1554 2599; x_wconf 58' lang='grc' dir='ltr'><em>Χ</em></span> <span class='ocrx_word' id='word_1_915' title='bbox 1569 2565 1594 2591; x_wconf 94' lang='lat' dir='ltr'><strong>iu</strong></span> <span class='ocrx_word' id='word_1_916' title='bbox 1612 2563 1730 2592; x_wconf 88' lang='lat' dir='ltr'><strong>Sanctua</strong></span> 
     </span>
    </p>
   </div>
   <div class='ocr_carea' id='block_1_108' title="bbox 953 2611 1740 2647">
    <p class='ocr_par' dir='ltr' id='par_1_108' title="bbox 953 2611 1740 2647">
     <span class='ocr_line' id='line_1_108' title="bbox 953 2611 1740 2647; baseline -0.001 -9"><span class='ocrx_word' id='word_1_917' title='bbox 953 2613 1024 2639; x_wconf 90' lang='lat' dir='ltr'><strong>rium</strong></span> <span class='ocrx_word' id='word_1_918' title='bbox 1053 2613 1064 2647; x_wconf 72' lang='grc' dir='ltr'>ζ</span> <span class='ocrx_word' id='word_1_919' title='bbox 1092 2613 1118 2639; x_wconf 93' lang='lat' dir='ltr'><strong>in</strong></span> <span class='ocrx_word' id='word_1_920' title='bbox 1139 2614 1238 2640; x_wconf 85' lang='lat' dir='ltr'><strong>atrium</strong></span> <span class='ocrx_word' id='word_1_921' title='bbox 1263 2613 1397 2644; x_wconf 88' lang='lat' dir='ltr'><strong>interius,</strong></span> <span class='ocrx_word' id='word_1_922' title='bbox 1420 2612 1452 2639; x_wconf 86' lang='lat' dir='ltr'><strong>ad</strong></span> <span class='ocrx_word' id='word_1_923' title='bbox 1479 2611 1690 2638; x_wconf 85' lang='lat' dir='ltr'><strong>mintstrandum</strong></span> <span class='ocrx_word' id='word_1_924' title='bbox 1714 2611 1740 2637; x_wconf 90' lang='lat' dir='ltr'><strong>in</strong></span> 
     </span>
    </p>
   </div>
   <div class='ocr_carea' id='block_1_109' title="bbox 954 2657 1740 2694">
    <p class='ocr_par' dir='ltr' id='par_1_109' title="bbox 954 2657 1740 2694">
     <span class='ocr_line' id='line_1_109' title="bbox 954 2657 1740 2694; baseline -0.004 -8"><span class='ocrx_word' id='word_1_925' title='bbox 954 2658 1066 2690; x_wconf 86' lang='lat' dir='ltr'><strong>Sancto,</strong></span> <span class='ocrx_word' id='word_1_926' title='bbox 1079 2659 1171 2686; x_wconf 78' lang='lat' dir='ltr'><strong>offeret</strong></span> <span class='ocrx_word' id='word_1_927' title='bbox 1183 2659 1376 2694; x_wconf 74' lang='lat' dir='ltr'><strong>expiationem,</strong></span> <span class='ocrx_word' id='word_1_928' title='bbox 1387 2659 1452 2686; x_wconf 87' lang='lat' dir='ltr'><strong>dicit</strong></span> <span class='ocrx_word' id='word_1_929' title='bbox 1464 2657 1594 2685; x_wconf 89' lang='lat' dir='ltr'><strong>Dominus</strong></span> <span class='ocrx_word' id='word_1_930' title='bbox 1606 2657 1643 2693; x_wconf 82' lang='lat' dir='ltr'><strong>(lt)</strong></span> <span class='ocrx_word' id='word_1_931' title='bbox 1657 2657 1740 2689; x_wconf 83' lang='lat' dir='ltr'><strong>Deus,</strong></span> 
     </span>
    </p>
   </div>
   <div class='ocr_carea' id='block_1_110' title="bbox 145 2723 1739 2771">
    <p class='ocr_par' dir='ltr' id='par_1_110' title="bbox 145 2723 1739 2771">
     <span class='ocr_line' id='line_1_110' title="bbox 145 2723 1739 2771; baseline -0.001 -15"><span class='ocrx_word' id='word_1_932' title='bbox 145 2724 185 2771; x_wconf 63' lang='lat'><strong>(&#39;2</strong></span> <span class='ocrx_word' id='word_1_933' title='bbox 196 2723 340 2771; x_wconf 63' lang='lat' dir='ltr'><strong>completa</strong></span> <span class='ocrx_word' id='word_1_934' title='bbox 354 2730 419 2767; x_wconf 39' lang='grc' dir='ltr'><strong>εει..</strong></span> <span class='ocrx_word' id='word_1_935' title='bbox 445 2726 483 2762; x_wconf 72' lang='lat' dir='ltr'><strong>(an)</strong></span> <span class='ocrx_word' id='word_1_936' title='bbox 496 2727 537 2768; x_wconf 45' lang='grc' dir='ltr'><strong>δῖ,</strong></span> <span class='ocrx_word' id='word_1_937' title='bbox 547 2729 685 2771; x_wconf 67' lang='lat' dir='ltr'><strong>vestibuli.</strong></span> <span class='ocrx_word' id='word_1_938' title='bbox 707 2729 744 2765; x_wconf 68' lang='grc' dir='ltr'><strong>(υ)</strong></span> <span class='ocrx_word' id='word_1_939' title='bbox 754 2730 795 2763; x_wconf 88' lang='lat' dir='ltr'><strong>S.,</strong></span> <span class='ocrx_word' id='word_1_940' title='bbox 805 2739 852 2765; x_wconf 90' lang='lat' dir='ltr'><strong>per</strong></span> <span class='ocrx_word' id='word_1_941' title='bbox 860 2731 942 2759; x_wconf 89' lang='lat' dir='ltr'><strong>viam.</strong></span> <span class='ocrx_word' id='word_1_942' title='bbox 964 2731 1001 2766; x_wconf 66' lang='grc' dir='ltr'><strong>(ι)</strong></span> <span class='ocrx_word' id='word_1_943' title='bbox 1012 2732 1052 2764; x_wconf 87' lang='lat' dir='ltr'><strong>S.,</strong></span> <span class='ocrx_word' id='word_1_944' title='bbox 1065 2731 1169 2771; x_wconf 33' lang='lat' dir='ltr'><strong>dedit)</strong></span> <span class='ocrx_word' id='word_1_945' title='bbox 1182 2731 1224 2763; x_wconf 85' lang='lat' dir='ltr'><strong>S.,</strong></span> <span class='ocrx_word' id='word_1_946' title='bbox 1236 2739 1288 2771; x_wconf 75' lang='lat' dir='ltr'><strong>non</strong></span> <span class='ocrx_word' id='word_1_947' title='bbox 1299 2738 1382 2771; x_wconf 77' lang='lat' dir='ltr'><strong>purus</strong></span> <span class='ocrx_word' id='word_1_948' title='bbox 1391 2731 1540 2771; x_wconf 85' lang='lat' dir='ltr'><strong>corde,nec</strong></span> <span class='ocrx_word' id='word_1_949' title='bbox 1551 2738 1637 2771; x_wconf 80' lang='lat' dir='ltr'><strong>purus</strong></span> <span class='ocrx_word' id='word_1_950' title='bbox 1645 2736 1739 2771; x_wconf 66' lang='lat' dir='ltr'><strong>carne.</strong></span> 
     </span>
    </p>
   </div>
   <div class='ocr_carea' id='block_1_111' title="bbox 110 2757 1741 2800">
    <p class='ocr_par' dir='ltr' id='par_1_111' title="bbox 110 2757 1741 2800">
     <span class='ocr_line' id='line_1_111' title="bbox 110 2757 1741 2800; baseline -0.002 -7"><span class='ocrx_word' id='word_1_951' title='bbox 110 2758 148 2793; x_wconf 63' lang='grc' dir='ltr'><strong>(θ’)</strong></span> <span class='ocrx_word' id='word_1_952' title='bbox 163 2757 206 2791; x_wconf 60' lang='grc' dir='ltr'><strong>δη</strong></span> <span class='ocrx_word' id='word_1_953' title='bbox 224 2764 251 2786; x_wconf 73' lang='grc' dir='ltr'>ει</span> <span class='ocrx_word' id='word_1_954' title='bbox 265 2757 366 2800; x_wconf 43' lang='grc' dir='ltr'><strong>μεῖξιῑε</strong></span> <span class='ocrx_word' id='word_1_955' title='bbox 378 2757 461 2800; x_wconf 76' lang='lat' dir='ltr'><strong>enim,</strong></span> <span class='ocrx_word' id='word_1_956' title='bbox 474 2757 636 2800; x_wconf 14' lang='lat' dir='ltr'><strong>&#39;q‘ui&#39;procul</strong></span> <span class='ocrx_word' id='word_1_957' title='bbox 654 2757 765 2793; x_wconf 62' lang='lat' dir='ltr'><strong>fuerunt</strong></span> <span class='ocrx_word' id='word_1_958' title='bbox 777 2757 794 2793; x_wconf 74' lang='lat' dir='ltr'><strong>a</strong></span> <span class='ocrx_word' id='word_1_959' title='bbox 956 2757 1081 2794; x_wconf 53' lang='lat' dir='ltr'><strong>arisi-Eni</strong></span> <span class='ocrx_word' id='word_1_960' title='bbox 1101 2757 1147 2793; x_wconf 57' lang='lat' dir='ltr'><strong>lili‘i</strong></span> <span class='ocrx_word' id='word_1_961' title='bbox 1162 2757 1278 2797; x_wconf 78' lang='lat' dir='ltr'><strong>lsraelis,</strong></span> <span class='ocrx_word' id='word_1_962' title='bbox 1294 2757 1341 2800; x_wconf 72' lang='lat' dir='ltr'><strong>qui</strong></span> <span class='ocrx_word' id='word_1_963' title='bbox 1367 2770 1494 2792; x_wconf 84' lang='lat' dir='ltr'><strong>errarunt</strong></span> <span class='ocrx_word' id='word_1_964' title='bbox 1505 2773 1518 2791; x_wconf 90' lang='lat' dir='ltr'><strong>a</strong></span> <span class='ocrx_word' id='word_1_965' title='bbox 1534 2773 1587 2795; x_wconf 86' lang='lat' dir='ltr'><strong>me,</strong></span> <span class='ocrx_word' id='word_1_966' title='bbox 1605 2769 1634 2791; x_wconf 93' lang='lat' dir='ltr'><strong>ut</strong></span> <span class='ocrx_word' id='word_1_967' title='bbox 1648 2764 1741 2795; x_wconf 71' lang='lat' dir='ltr'><strong>adhge-</strong></span> 
     </span>
    </p>
   </div>
   <div class='ocr_carea' id='block_1_112' title="bbox 108 2794 868 2833">
    <p class='ocr_par' dir='ltr' id='par_1_112' title="bbox 108 2794 868 2833">
     <span class='ocr_line' id='line_1_112' title="bbox 108 2794 868 2833; baseline 0.014 -15"><span class='ocrx_word' id='word_1_968' title='bbox 108 2798 252 2833; x_wconf 64' lang='lat' dir='ltr'><strong>rese-erant</strong></span> <span class='ocrx_word' id='word_1_969' title='bbox 265 2794 349 2833; x_wconf 79' lang='lat' dir='ltr'><strong>idolis</strong></span> <span class='ocrx_word' id='word_1_970' title='bbox 363 2796 430 2833; x_wconf 71' lang='lat' dir='ltr'><strong>suis,</strong></span> <span class='ocrx_word' id='word_1_971' title='bbox 444 2794 578 2832; x_wconf 78' lang='lat' dir='ltr'><strong>accipient</strong></span> <span class='ocrx_word' id='word_1_972' title='bbox 594 2799 763 2833; x_wconf 91' lang='lat' dir='ltr'><strong>iniquitatem</strong></span> <span class='ocrx_word' id='word_1_973' title='bbox 781 2794 868 2829; x_wconf 81' lang='lat' dir='ltr'><strong>suam.</strong></span> 
     </span>
    </p>
   </div>
   <div class='ocr_carea' id='block_1_113' title="bbox 108 2829 773 2864">
    <p class='ocr_par' dir='ltr' id='par_1_113' title="bbox 108 2829 773 2864">
     <span class='ocr_line' id='line_1_113' title="bbox 108 2829 773 2864; baseline 0.012 -10"><span class='ocrx_word' id='word_1_974' title='bbox 108 2829 148 2863; x_wconf 66' lang='lat' dir='ltr'><strong>(dy</strong></span> <span class='ocrx_word' id='word_1_975' title='bbox 164 2829 276 2856; x_wconf 83' lang='lat' dir='ltr'><strong>Autem.</strong></span> <span class='ocrx_word' id='word_1_976' title='bbox 320 2830 354 2864; x_wconf 88' lang='lat' dir='ltr'><strong>(e)</strong></span> <span class='ocrx_word' id='word_1_977' title='bbox 372 2831 412 2863; x_wconf 84' lang='lat'><strong>8.,</strong></span> <span class='ocrx_word' id='word_1_978' title='bbox 433 2829 594 2860; x_wconf 81' lang='lat' dir='ltr'><strong>ornamenta</strong></span> <span class='ocrx_word' id='word_1_979' title='bbox 611 2829 659 2860; x_wconf 81' lang='lat' dir='ltr'><strong>lini</strong></span> <span class='ocrx_word' id='word_1_980' title='bbox 682 2840 773 2862; x_wconf 90' lang='lat' dir='ltr'><strong>erunt.</strong></span> 
     </span>
    </p>
   </div>
   <div class='ocr_carea' id='block_1_114' title="bbox 911 2800 1737 2837">
    <p class='ocr_par' dir='ltr' id='par_1_114' title="bbox 911 2800 1737 2837">
     <span class='ocr_line' id='line_1_114' title="bbox 911 2800 1737 2837; baseline -0.005 -9"><span class='ocrx_word' id='word_1_981' title='bbox 911 2801 945 2837; x_wconf 85' lang='lat' dir='ltr'><strong>(c)</strong></span> <span class='ocrx_word' id='word_1_982' title='bbox 959 2802 1002 2835; x_wconf 92' lang='lat' dir='ltr'><strong>S.,</strong></span> <span class='ocrx_word' id='word_1_983' title='bbox 1016 2802 1136 2836; x_wconf 76' lang='lat' dir='ltr'><strong>disposui</strong></span> <span class='ocrx_word' id='word_1_984' title='bbox 1160 2809 1207 2837; x_wconf 66' lang='lat' dir='ltr'><strong>eos</strong></span> <span class='ocrx_word' id='word_1_985' title='bbox 1220 2801 1293 2827; x_wconf 87' lang='lat' dir='ltr'><strong>enim</strong></span> <span class='ocrx_word' id='word_1_986' title='bbox 1322 2800 1449 2828; x_wconf 87' lang='lat' dir='ltr'><strong>custodes</strong></span> <span class='ocrx_word' id='word_1_987' title='bbox 1472 2800 1604 2837; x_wconf 67' lang='lat' dir='ltr'><strong>custodiat</strong></span> <span class='ocrx_word' id='word_1_988' title='bbox 1628 2800 1737 2825; x_wconf 88' lang='lat' dir='ltr'><strong>domus.</strong></span> 
     </span>
    </p>
   </div>
   <div class='ocr_carea' id='block_1_115' title="bbox 812 2836 1094 2871">
    <p class='ocr_par' dir='ltr' id='par_1_115' title="bbox 812 2836 1094 2871">
     <span class='ocr_line' id='line_1_115' title="bbox 812 2836 1094 2871; baseline 0 -7"><span class='ocrx_word' id='word_1_989' title='bbox 812 2836 845 2871; x_wconf 81' lang='lat' dir='ltr'><strong>(f)</strong></span> <span class='ocrx_word' id='word_1_990' title='bbox 871 2836 912 2868; x_wconf 87' lang='lat' dir='ltr'><strong>S.,</strong></span> <span class='ocrx_word' id='word_1_991' title='bbox 938 2837 964 2863; x_wconf 90' lang='lat' dir='ltr'><strong>in</strong></span> <span class='ocrx_word' id='word_1_992' title='bbox 986 2837 1094 2864; x_wconf 71' lang='lat' dir='ltr'><strong>sudore.</strong></span> 
     </span>
    </p>
   </div>
   <div class='ocr_carea' id='block_1_116' title="bbox 1135 2833 1739 2870">
    <p class='ocr_par' dir='ltr' id='par_1_116' title="bbox 1135 2833 1739 2870">
     <span class='ocr_line' id='line_1_116' title="bbox 1135 2833 1739 2870; baseline -0.005 -7"><span class='ocrx_word' id='word_1_993' title='bbox 1135 2836 1230 2870; x_wconf 61' lang='lat'><strong>((1)8,</strong></span> <span class='ocrx_word' id='word_1_994' title='bbox 1261 2843 1314 2863; x_wconf 84' lang='lat' dir='ltr'><strong>non</strong></span> <span class='ocrx_word' id='word_1_995' title='bbox 1344 2839 1434 2867; x_wconf 82' lang='lat' dir='ltr'><strong>erunt,</strong></span> <span class='ocrx_word' id='word_1_996' title='bbox 1457 2833 1659 2870; x_wconf 82' lang='lat' dir='ltr'><strong>sanctiﬁeautes</strong></span> <span class='ocrx_word' id='word_1_997' title='bbox 1676 2841 1739 2860; x_wconf 80' lang='lat' dir='ltr'><strong>cunt</strong></span> 
     </span>
    </p>
   </div>
   <div class='ocr_carea' id='block_1_117' title="bbox 106 2865 1740 2907">
    <p class='ocr_par' dir='ltr' id='par_1_117' title="bbox 106 2865 1740 2907">
     <span class='ocr_line' id='line_1_117' title="bbox 106 2865 1740 2907; baseline -0.001 -13"><span class='ocrx_word' id='word_1_998' title='bbox 106 2869 183 2907; x_wconf 47' lang='lat' dir='ltr'><strong>ffl‘m‘.</strong></span> <span class='ocrx_word' id='word_1_999' title='bbox 197 2865 376 2907; x_wconf 53' lang='lat' dir='ltr'><strong>{rumpopulo</strong></span> <span class='ocrx_word' id='word_1_1000' title='bbox 393 2867 419 2893; x_wconf 92' lang='lat' dir='ltr'><strong>in</strong></span> <span class='ocrx_word' id='word_1_1001' title='bbox 435 2868 604 2896; x_wconf 79' lang='lat' dir='ltr'><strong>vestimentis</strong></span> <span class='ocrx_word' id='word_1_1002' title='bbox 617 2865 866 2906; x_wconf 35' lang='lat' dir='ltr'><strong>sazcularibus,&#39;tiec</strong></span> <span class='ocrx_word' id='word_1_1003' title='bbox 883 2865 1014 2907; x_wconf 65' lang='lat' dir='ltr'><strong>capillum</strong></span> <span class='ocrx_word' id='word_1_1004' title='bbox 1031 2865 1198 2907; x_wconf 74' lang='lat' dir='ltr'><strong>relinquent,</strong></span> <span class='ocrx_word' id='word_1_1005' title='bbox 1225 2865 1275 2899; x_wconf 74' lang='lat' dir='ltr'><strong>sed</strong></span> <span class='ocrx_word' id='word_1_1006' title='bbox 1303 2870 1422 2898; x_wconf 84' lang='lat' dir='ltr'><strong>radendo</strong></span> <span class='ocrx_word' id='word_1_1007' title='bbox 1453 2869 1547 2897; x_wconf 81' lang='lat' dir='ltr'><strong>radent</strong></span> <span class='ocrx_word' id='word_1_1008' title='bbox 1570 2869 1658 2902; x_wconf 81' lang='lat' dir='ltr'><strong>capita</strong></span> <span class='ocrx_word' id='word_1_1009' title='bbox 1677 2875 1740 2896; x_wconf 86' lang='lat' dir='ltr'><strong>sua.</strong></span> 
     </span>
    </p>
   </div>
   <div class='ocr_carea' id='block_1_118' title="bbox 107 2898 287 2931">
    <p class='ocr_par' dir='ltr' id='par_1_118' title="bbox 107 2898 287 2931">
     <span class='ocr_line' id='line_1_118' title="bbox 107 2898 287 2931; baseline -0.011 -4"><span class='ocrx_word' id='word_1_1010' title='bbox 107 2898 148 2931; x_wconf 76' lang='lat' dir='ltr'><strong>th)</strong></span> <span class='ocrx_word' id='word_1_1011' title='bbox 162 2898 272 2928; x_wconf 67' lang='lat' dir='ltr'><strong>Adonei</strong></span> <span class='ocrx_word' id='word_1_1012' title='bbox 280 2918 287 2925; x_wconf 96' lang='lat'><strong>.</strong></span> 
     </span>
    </p>
   </div>
  </div>
