1959 3079
212 177 282 205 ΞτΞο

211 234 260 262 28.
280 234 311 268 (ἱ)
329 237 355 261 et
370 233 421 260 crit
436 233 475 260 eis
500 231 528 260 in
552 231 737 259 hatreditatem
760 239 766 257 :

213 280 270 312 eis,
285 283 312 306 ct
331 279 468 314 possessio
483 278 522 306 eis
545 285 599 304 non
615 276 724 304 dabitur
747 276 775 303 in
790 275 854 303 filiis
869 275 998 307 lsraelis;

213 326 248 360 Χ
263 325 326 360 quia
343 325 354 359 ζ
371 331 420 360 ego
432 323 568 358 possessio
584 330 691 349 eorum.
702 321 748 349 29.
767 321 801 349 Et
815 321 961 354 sacriﬁcia,
973 325 1001 348 et

215 377 276 405 quae
290 377 339 404 pro
354 368 481 404 peccatis,
498 372 524 395 et
534 375 594 402 quae
608 375 656 401 pro
673 366 826 402 ignorantia
839 386 845 398 ,
861 366 887 393 hi
908 373 1000 393 eome-

216 416 280 443 dent
297 425 303 442 :
320 419 346 442 et
368 414 457 442 omnis
473 413 609 448 separatio
627 413 655 439 in
677 412 779 440 Israele
795 412 835 439 eis
856 411 908 439 erit
931 420 938 438 :
955 411 1000 438 50.

215 461 341 496 primitiae
363 460 486 487 omnium
499 480 506 492 ,
521 462 548 486 et
562 458 742 494 primogenita
763 457 886 485 omnium
896 477 904 490 ,
922 462 948 484 et
959 465 1002 484 se-

215 505 371 540 parationes
396 511 511 535 omnes,
531 504 564 530 de
581 503 710 531 omnibus
739 503 867 537 primitiis
891 502 1000 534 vestris,

215 542 405 579 sacerdotibus
426 554 508 577 erunt
526 559 532 576 :
548 549 584 585 (k)
601 553 628 576 et
642 549 778 583 primitias
795 553 947 583 proventus
960 555 1004 575 ve-

216 597 264 624 stri
275 596 374 624 dabitis
392 596 542 628 sacerdoti,
558 600 587 623 ut
602 599 685 630 ponat
701 595 904 623 henedictiones
921 601 1002 629 super

216 644 313 670 domos
326 647 441 670 vestras.
457 642 500 670 51.
519 641 552 669 Et
564 649 644 669 omne
657 646 806 673 mortuum,
822 645 850 669 et
863 646 970 675 captum
987 648 1002 667 a

216 688 313 716 bestiis
324 688 357 716 de
369 696 428 721 ave,
445 691 471 715 et
487 687 520 715 de
533 687 668 722 iumento,
686 695 740 715 non
757 686 899 715 comedent
913 693 1003 714 sacer-

218 735 304 762 dotes.

253 778 320 813 Cap.
345 777 424 806 XLV.
445 793 480 797 —
502 777 527 804 1.
553 777 586 805 Et
611 785 672 805 cum
699 777 830 805 metimini
848 781 947 804 terram
976 776 1004 803 in

219 823 387 856 haereditate,
408 823 569 857 scparabitis
584 823 720 857 primitias
734 822 861 855 Domino,
878 827 1004 850 sanctum

221 869 255 896 de
273 874 355 900 terra.
371 869 493 903 quinque
507 873 533 895 ct
545 868 641 903 viginti
656 868 741 895 millia
757 868 966 903 longitudinem,
978 872 1004 894 et

220 913 389 941 latitudinem
405 913 496 940 decem
507 913 609 939 millia:
626 917 751 940 sanctum
767 913 819 940 erit
834 913 862 940 in
877 912 1004 940 omnibus
1019 909 1042 938 Β

219 959 344 986 terminis
365 958 423 993 ejus
438 965 485 993 per
501 958 656 986 circuitum.
674 959 701 984 2.
729 957 763 985 Et
779 959 830 985 erit
852 965 886 985 ex
902 958 954 985 hoc
970 959 1003 992 Ξε(

218 1004 246 1032 in
267 1005 279 1039 ζ
298 1003 488 1031 Sanctuarium
504 1003 646 1038 quingenti
662 1011 744 1037 super
760 1004 922 1039 quingentos
937 1011 1004 1038 qua-

218 1050 380 1085 drangulum
393 1057 440 1084 per
451 1050 607 1082 circuitum,
622 1056 646 1078 et
659 1050 743 1078 cubili
760 1050 957 1085 quinquaginta
972 1049 1003 1084 (Ι)

219 1095 337 1131 spatium
363 1103 457 1122 eorum
484 1104 532 1130 per
556 1096 713 1124 circuitum.
737 1097 763 1123 3.
792 1096 825 1123 Et
841 1104 855 1123 a
875 1103 1003 1123 mensura

219 1142 272 1169 hac
300 1142 471 1168 mensurahis
497 1141 693 1177 longitudinem
721 1142 843 1176 quinque
859 1146 886 1169 et
907 1141 1004 1176 viginti

219 1187 316 1219 millia,
330 1191 356 1213 et
373 1187 543 1214 latitudinem
564 1187 610 1222 (m)
628 1188 721 1215 decem
742 1187 826 1214 millia
841 1196 847 1214 :
861 1192 886 1214 et
906 1187 932 1214 in
946 1188 1004 1221 ipsa

220 1233 273 1258 erit
291 1232 496 1264 Sanctuarium,
520 1232 622 1260 Sancta
638 1232 812 1260 Sanctorum.
827 1234 854 1260 4.
874 1231 1003 1260 Sanctum

221 1278 255 1304 de
270 1282 342 1304 terra
354 1278 407 1305 erit
418 1277 607 1305 sacerdotibus
619 1278 838 1306 ministrantibus
850 1278 876 1305 in
893 1277 1003 1310 Sancto,

221 1328 249 1350 et
262 1324 313 1350 erit
327 1324 376 1357 eis,
393 1324 438 1359 qui
450 1325 581 1351 accedunt
595 1324 628 1351 ad
643 1324 853 1352 ministrantium
869 1324 983 1352 Domino
997 1334 1003 1351 :

221 1374 250 1396 et
266 1370 318 1396 erit
331 1370 372 1396 eis
387 1370 464 1396 locus
480 1369 507 1396 in
524 1370 619 1397 domos
632 1374 772 1405 separatas
784 1370 883 1398 Sancto
899 1378 1003 1404 eorum,

223 1416 250 1442 5.
268 1415 307 1451 (ti)
325 1415 421 1450 viginti
446 1421 472 1443 et
495 1417 616 1450 qttinque
637 1416 721 1444 millia
739 1417 890 1451 longitudo,
901 1420 927 1444 et
946 1417 1006 1444 lati-

223 1461 291 1488 tudo
309 1461 344 1496 (0)
357 1461 449 1488 decem
464 1462 546 1488 millia
571 1467 659 1496 erunt,
683 1467 710 1489 et
728 1461 839 1494 Levitis,
859 1463 905 1497 qui
923 1461 1006 1490 mitti-

224 1509 312 1532 strant
327 1505 429 1537 domui,
447 1506 488 1532 eis
504 1506 530 1532 in
543 1506 744 1540 possessionem
756 1506 795 1540 (p)
815 1506 895 1533 urbes
912 1507 945 1533 ad
961 1506 1007 1532 ha-

224 1551 377 1578 bitandum.
393 1551 418 1579 6.
432 1550 464 1578 Et
481 1552 682 1586 possessionem
695 1552 771 1579 urbis
783 1552 871 1584 dabis,
887 1553 1007 1587 quinque

224 1600 310 1626 millia
331 1599 513 1632 latitudinem,
528 1603 555 1627 et
568 1599 766 1635 longitudinem
786 1601 906 1634 quinque
925 1604 951 1627 et
967 1600 1008 1626 vi-

223 1646 292 1681 ginti
306 1645 401 1676 millia,
420 1645 651 1680 quemadmodum
663 1650 691 1673 et
707 1646 833 1680 primitize
845 1646 1009 1673 Sanctorum

224 1691 299 1718 omni
319 1691 411 1718 domui
427 1691 535 1718 Israelis
549 1695 639 1723 erunt,
658 1691 686 1719 7.
711 1696 738 1718 et
754 1691 817 1719 duci
840 1699 873 1718 ex
890 1692 943 1719 hoc
959 1701 965 1719 :
985 1695 1011 1718 ct

226 1745 260 1764 ex
288 1738 340 1764 hoc
363 1737 389 1764 in
413 1738 548 1772 primitias
568 1737 740 1770 Sanctorum,
756 1738 783 1765 in
809 1739 1010 1772 possessionem

227 1783 314 1815 urbis,
333 1788 427 1810 contra
456 1783 554 1810 faciem
577 1784 759 1818 primitiarum
784 1783 958 1816 Sanctorum,
985 1789 1012 1812 et

226 1834 320 1856 contra
338 1827 434 1855 faciem
449 1829 632 1862 possessionis
652 1829 738 1862 urbis,
751 1837 811 1864 qua:
830 1831 863 1857 ad
884 1838 967 1862 mare,
986 1836 1013 1858 et

228 1875 262 1902 ab
275 1876 308 1903 iis
327 1884 388 1910 quae
400 1876 432 1903 ad
448 1884 522 1903 mare
535 1877 568 1910 Χ
585 1884 680 1905 versus
692 1877 824 1905 orientem
843 1877 855 1912 ζ
869 1876 903 1904 ad
919 1877 1011 1904 orien-

229 1926 282 1948 tem
298 1931 304 1948 :
320 1926 347 1949 et
358 1922 497 1957 longitudo
510 1923 581 1950 sicut
594 1931 647 1950 una
663 1931 695 1951 ex
718 1924 841 1959 partibus
857 1931 871 1950 a
887 1925 1011 1951 terminis

230 1968 276 2001 qui
290 1967 322 1994 ad
345 1976 419 1995 mare
438 1973 484 1995 :et
502 1969 641 2004 longitudo
668 1978 748 2004 super
767 1970 896 1996 terminos
915 1970 962 2005 qui
979 1970 1012 1997 ad

229 2013 362 2040 orientem
388 2018 476 2041 teme.
495 2014 521 2042 8.
539 2015 572 2041 Et
590 2015 642 2042 erit
659 2015 683 2041 ci
711 2015 737 2041 in
761 2015 962 2049 possessionem
985 2015 1012 2041 in

229 2058 337 2091 Isiaele,
361 2064 387 2086 ct
404 2067 457 2086 non
483 2061 636 2094 oppriment
657 2061 774 2095 amplius
798 2061 882 2087 duces
907 2060 1012 2087 lsraelis

229 2105 357 2139 populum
381 2113 483 2139 nteant,
511 2110 538 2133 et
559 2111 658 2133 terram
687 2105 886 2133 haereditabunt.
915 2106 1013 2133 domus

228 2150 338 2178 Israelis
353 2152 502 2179 secundum
519 2152 608 2179 tribus
623 2159 697 2180 suas.
714 2152 740 2179 9.
761 2151 822 2179 [hec
838 2152 905 2179 dicit
923 2152 1013 2178 Domi-

230 2205 282 2224 nus
301 2198 452 2225 Dominus:
473 2197 594 2225 Suliiciat
607 2198 693 2229 vobis,
706 2198 789 2225 duces
808 2198 929 2230 Israelis,
941 2198 1014 2232 inju-

760 166 873 195 CODEX
892 166 1282 195 SiBIACO—HEXAPLARIS.

1768 172 1838 199 2760

789 237 840 265 ego
854 230 998 257 haereditas
1014 231 1039 260 A
1053 231 1097 258 12.
1114 232 1146 258 Et
1159 232 1279 266 pondera
1295 231 1388 266 viginti
1412 231 1495 264 oboli,
1515 231 1610 266 viginti
1632 230 1702 261 sicli,
1717 231 1840 265 quinque

1053 283 1080 305 et
1094 277 1126 312 (ι)
1142 279 1237 313 viginti
1254 277 1324 310 sicli,
1341 278 1432 305 decem
1448 283 1474 305 et
1489 278 1610 313 quinque
1624 276 1684 304 sicli
1698 277 1774 303 mina
1790 278 1839 303 erit

1056 324 1142 350 vobis.
1154 324 1196 350 13.
1205 323 1238 350 Et
1252 323 1294 350 ha:
1309 323 1445 358 primitiae,
1457 331 1526 358 quas
1538 322 1699 357 separabitis
1714 331 1720 348 :
1736 327 1840 349 sextam

1054 374 1157 404 partem
1177 369 1215 404 (ιι)
1228 377 1364 397 mensuris
1377 370 1411 397 dc
1426 369 1578 404 (1:)Gomor
1590 369 1682 400 tritici,
1697 373 1724 395 et
1736 373 1840 395 sextam

1054 419 1159 450 partem
1178 416 1241 450 ophi
1258 415 1292 442 de
1302 422 1369 442 coro
1385 415 1491 442 hordei.
1513 415 1556 441 14.
1575 414 1613 449 (y)
1630 413 1662 440 Et
1676 419 1840 448 praeceptum

1055 462 1118 494 olei,
1139 467 1262 497 pateram
1275 461 1338 493 olei,
1355 463 1387 494 >ε<
1402 461 1539 488 decimum
1555 460 1565 494 ζ
1584 460 1620 495 (z)
1636 460 1670 487 de
1683 460 1776 486 decem
1795 467 1841 493 pa-

1055 507 1130 539 teris,
1154 506 1242 542 3((11)
1260 507 1351 534 decem
1368 511 1467 541 patera:
1491 505 1593 532 Gomor
1619 506 1644 540 ζ,
1659 505 1723 539 quia
1748 505 1839 531 decem

1054 558 1154 588 pater?
1164 560 1227 580 sunt
1242 561 1348 588 gomor.
1363 553 1406 580 15.
1417 553 1450 580 Et
1463 560 1539 579 ovem
1554 559 1635 578 unam
1649 559 1681 577 ex
1696 550 1733 584 (ὁ)
1748 550 1840 576 decem

1055 598 1165 630 ovibus,
1192 605 1220 625 ~2—
1246 597 1382 632 separatio
1401 604 1434 624 ex
1466 595 1593 623 omnibus
1619 595 1630 629 ζ
1653 602 1687 620 ex
1716 593 1840 627 aquagiis

1056 644 1172 677 lsraelis,
1187 643 1214 670 in
1231 643 1375 675 sacrificia,
1389 647 1415 669 et
1427 642 1453 669 in
1467 642 1636 671 holocausta,
1649 643 1675 667 ct
1692 640 1718 665 in
1732 646 1764 665 ea
1783 645 1842 672 qua:

1056 691 1165 724 salutis,
1186 690 1220 718 ad
1249 689 1413 724 expiandum
1440 695 1488 723 pro
1503 687 1591 718 vobis,
1617 685 1685 713 dicit
1710 684 1842 711 Dominus

1057 737 1138 764 Deus.
1158 735 1202 762 16.
1222 735 1257 762 Et
1276 735 1367 762 omnis
1392 734 1506 768 populus
1530 734 1562 766 >ε<
1583 736 1662 759 terra:
1680 731 1692 765 ζ
1711 730 1747 765 (c)
1768 729 1842 756 dabit

1057 781 1194 817 primitias
1211 781 1260 808 has
1273 780 1335 808 duci
1350 779 1468 811 lsraelis,
1484 779 1526 805 17.
1548 782 1575 805 et
1589 785 1637 812 per
1651 777 1747 804 ducem
1764 779 1842 802 erunt

1058 827 1229 859 holocausta,
1245 830 1271 854 et
1286 825 1431 857 sacriﬁcia,
1447 829 1473 852 et
1486 823 1616 851 libamina
1629 822 1657 849 in
1672 819 1843 848 solennitati-

1058 876 1120 908 bus,
1142 878 1168 901 et
1181 873 1208 900 in
1223 872 1383 903 noviluniis,
1397 875 1424 903 et
1437 870 1465 897 in
1479 869 1612 900 sabbatis,
1626 872 1651 895 et
1672 868 1698 894 in
1713 865 1843 894 omnibus

1057 920 1266 950 solennitatibus
1286 916 1503 946 domuslsraelis
1522 924 1530 942 :
1550 915 1596 942 ille
1617 914 1699 941 faciet
1720 920 1782 947 qua:
1794 918 1843 946 pro

1057 971 1179 1003 peccato,
1192 970 1218 992 et
1232 963 1410 995 sacriﬁcium,
1425 966 1451 989 et
1468 961 1639 992 holocausta,
1658 963 1685 986 et
1697 965 1758 992 qua:
1769 956 1844 984 salu-

1057 1002 1102 1044 tis,
1121 1012 1154 1040 ad
1172 1011 1337 1046 expiandum
1350 1017 1399 1044 pro
1411 1008 1493 1036 domo
1506 1006 1626 1034 lsraelis.
1642 1005 1685 1032 18.
1701 1004 1762 1031 Hac
1778 1002 1844 1030 dicit

1058 1059 1191 1086 Dominus
1209 1057 1299 1084 Deus:
1323 1055 1352 1082 In
1368 1062 1461 1082 mense
1475 1054 1573 1089 primo,
1594 1059 1648 1079 uno
1665 1050 1778 1081 mensis,
1797 1057 1844 1076 su-

1058 1105 1141 1132 metis
1154 1104 1301 1139 juvencum
1319 1101 1352 1129 de
1368 1100 1455 1128 bobus
1476 1099 1536 1126 sine
1553 1097 1660 1126 macula
1677 1096 1710 1124 ad
1734 1095 1844 1129 expian-

1057 1152 1121 1179 dum
1139 1149 1342 1177 Sanctuarium.
1358 1147 1403 1174 19.
1420 1146 1452 1173 Et
1468 1149 1556 1172 sumet
1574 1143 1702 1171 sacerdos
1726 1141 1760 1167 de
1778 1147 1839 1167 san-

1058 1197 1140 1232 guine
1150 1197 1210 1231 ejus
1219 1193 1394 1229 expiationis,
1406 1196 1433 1220 et
1446 1191 1520 1218 dabit
1532 1197 1613 1224 super
1625 1188 1720 1215 limina
1731 1186 1843 1218 domus,

1058 1248 1084 1271 et
1095 1250 1176 1278 super
1187 1248 1304 1276 quatuor
1317 1239 1432 1274 angulos
1444 1238 1482 1272 (ά)
1499 1235 1601 1270 templi,
1612 1239 1639 1262 et
1652 1240 1734 1268 super
1746 1232 1842 1278 altare,

1058 1293 1084 1316 et
1101 1276 1183 1323 super
1207 1287 1300 1314 limina
1323 1289 1407 1321 porta:
1429 1282 1492 1310 atrii
1517 1280 1667 1309 interioris.
1686 1279 1731 1305 20.
1754 1276 1788 1304 Et
1804 1276 1845 1304 sic

1060 1322 1144 1362 facies
1166 1333 1193 1360 in
1213 1339 1306 1360 mense
1326 1331 1451 1366 septimo,
1472 1335 1527 1355 uno
1551 1326 1664 1357 mensis,
1692 1331 1786 1352 sumes
1809 1322 1845 1348 ab

1059 1387 1226 1415 unoquoque
1241 1379 1274 1412 Χ
1291 1379 1326 1412 (e)
1343 1378 1390 1412 qui
1405 1380 1478 1403 errat
1500 1373 1551 1402 sibi
1573 1373 1597 1407 ζ,
1613 1376 1641 1398 et
1649 1370 1683 1397 ab
1693 1369 1797 1396 infante
1813 1367 1845 1400 (i.

1059 1435 1096 1459 c.,
1111 1425 1238 1460 simplici)
1252 1435 1258 1452 :
1273 1429 1300 1451 et
1312 1422 1456 1457 expiabitis
1468 1421 1589 1448 domum.
1604 1418 1650 1444 2L
1661 1417 1694 1444 Et
1707 1416 1736 1443 in
1752 1421 1846 1460 mense

1060 1459 1213 1507 primo,7)t(
1244 1470 1271 1496 in
1300 1469 1342 1496 die
1365 1469 1376 1502 ζ
1406 1471 1504 1502 quarto
1524 1465 1631 1492 decimo
1656 1461 1774 1493 mensis,
1794 1459 1846 1486 erit

1061 1517 1137 1545 vobis
1160 1516 1264 1543 Pascha
1280 1514 1427 1542 solennitas
1444 1521 1451 1539 :
1478 1515 1579 1546 septem
1596 1509 1694 1536 diebus
1718 1512 1844 1542 azymum

1061 1561 1219 1589 cotnedetis.
1236 1559 1281 1588 2‘2.
1297 1559 1331 1586 Et
1342 1558 1423 1585 faciet
1446 1556 1501 1583 dux
1522 1555 1548 1581 in
1565 1554 1610 1581 illo
1626 1553 1670 1580 die
1689 1559 1740 1587 pro
1753 1558 1794 1582 se,
1819 1554 1847 1576 ct

1062 1614 1111 1642 pro
1128 1613 1159 1634 σι-
1174 1605 1256 1633 domo
1272 1605 1296 1638 ζ,
1306 1607 1332 1630 et
1344 1610 1392 1637 pro
1408 1601 1481 1628 omni
1494 1599 1593 1635 populo
1606 1602 1686 1625 terra:
1697 1596 1844 1631 juvencum

1060 1640 1110 1688 pro
1123 1654 1243 1686 peccato.
1259 1649 1304 1676 25.
1320 1647 1354 1675 Et
1375 1650 1479 1681 septem
1496 1644 1591 1671 diebus
1608 1640 1783 1670 soiennitatis
1805 1640 1846 1666 fa-

1061 1698 1114 1725 ciet
1126 1696 1288 1724 holocausta
1299 1693 1417 1721 Domino
1430 1696 1532 1725 septem
1544 1689 1687 1724 iuvencos,
1699 1690 1727 1713 et
1743 1688 1846 1719 septem

1062 1743 1162 1771 arietes
1179 1742 1240 1769 sine
1256 1739 1362 1767 macula
1378 1737 1501 1772 quotidie
1517 1736 1560 1763 his
1584 1739 1686 1768 septem
1701 1731 1808 1761 diebus,
1820 1733 1847 1755 et

1062 1797 1111 1824 pro
1126 1791 1237 1823 peccato
1254 1785 1360 1812 haedum
1383 1789 1528 1818 caprarum
1545 1778 1677 1815 quotidie,
1698 1781 1726 1804 et
1741 1774 1847 1824 sacrifi:

1062 1820 1145 1863 cium.
1162 1833 1207 1860 24.
1224 1832 1258 1867 (1⁸)
1269 1832 1301 1858 Ει
1313 1834 1402 1857 satum
1419 1828 1546 1862 juvenco,
1567 1825 1599 1860 (f)
1615 1828 1643 1851 et
1662 1827 1754 1851 satunt
1770 1820 1848 1847 arieti

1063 1881 1159 1914 facies,
1173 1884 1200 1906 ct
1214 1878 1267 1906 olei
1284 1877 1321 1911 (g)
1334 1876 1363 1903 In
1380 1879 1450 1902 sato.
1463 1873 1508 1900 ‘25.
1523 1871 1590 1898 latin
1607 1876 1702 1897 mense
1718 1867 1846 1902 septimo,

1063 1927 1106 1954 die
1117 1912 1322 1960 quviutodecimo
1333 1921 1446 1952 mensis,
1457 1919 1484 1945 in
1499 1916 1662 1945 solennitate
1674 1913 1758 1941 facies
1771 1912 1848 1946 juxta

1064 1974 1121 2006 ipsa
1138 1971 1196 1998 iure
1216 1972 1318 2003 septem
1332 1966 1438 1996 diebus,
1456 1964 1527 1991 sicut
1546 1969 1607 1996 qua:
1622 1967 1672 1994 pro
1688 1962 1812 1993 peccato,
1823 1960 1849 1983 ct

1063 2005 1133 2046 sicut
1149 2016 1319 2047 holocausta,
1336 2017 1363 2040 et
1380 2012 1450 2039 sicut
1465 2014 1566 2039 satum,
1583 2012 1609 2034 et
1625 2006 1696 2033 sicut
1710 2005 1813 2031 oleum.

1098 2063 1166 2097 Cap.
1194 2059 1285 2087 XLVI.
1305 2073 1341 2078 —
1358 2057 1384 2083 1.
1412 2056 1475 2083 ilice
1498 2054 1564 2081 dicit
1590 2051 1735 2097 Dominus
1751 2048 1848 2075 Deus:

1065 2094 1156 2140 Porta,
1172 2114 1232 2141 qua:
1249 2105 1275 2131 in
1291 2103 1361 2131 atrio
1380 2100 1515 2131 interiori,
1537 2097 1685 2132 respiciens
1704 2094 1739 2121 ad
1760 2094 1851 2121 orien—

1065 2160 1130 2186 tem,
1144 2138 1195 2180 erit
1207 2151 1299 2178 clausa
1310 2156 1357 2176 sex
1368 2147 1475 2176 diebus,
1488 2152 1549 2180 qua
1564 2147 1628 2170 sunt
1642 2140 1752 2177 operis:
1764 2139 1793 2166 in
1807 2138 1851 2165 die

1066 2185 1155 2226 autem
1179 2197 1354 2225 sabbatorum
1391 2191 1545 2226 aperietur,
1571 2189 1598 2215 ἓ.
1631 2192 1658 2214 et
1683 2185 1852 2221 ingredietur

229 2242 332 2270 stitiam
358 2247 384 2269 ct
415 2243 618 2277 deprcssionem
637 2243 752 2275 auferte,
779 2249 806 2270 et
829 2230 977 2277 judicium-
988 2248 1015 2270 ct
1031 2251 1052 2278 ι)
1067 2246 1122 2273 dux
1141 2243 1180 2279 (Ii)
1197 2249 1279 2276 super
1298 2240 1341 2267 via
1357 2238 1446 2266 [Elam
1460 2241 1546 2271 porta:
1558 2233 1714 2264 exterioris,
1729 2236 1757 2259 et
1770 2230 1852 2279 sta-bit

229 2287 363 2323 justitiam
379 2287 461 2315 facite
478 2297 484 2315 :
498 2288 535 2322 (τι)
556 2288 640 2315 tollite
656 2289 859 2323 oppressionem
872 2289 904 2316 de
916 2289 1015 2323 populo

231 2341 302 2367 meo,
321 2334 387 2361 dicit
408 2334 539 2360 Dominus
558 2334 592 2368 (r)
607 2333 687 2361 Deus.
702 2334 745 2361 10.
767 2334 800 2369 (ε)
818 2335 1014 2369 Staterajusta,

229 2385 255 2407 et
271 2387 400 2408 mensura
415 2380 500 2414 justa.
522 2384 548 2406 et
561 2380 671 2407 chmnix
687 2381 779 2414 justus
790 2381 842 2407 erit
854 2381 932 2408 vobis
942 2389 1017 2408 meu-

230 2434 319 2454 surae:
340 2427 383 2453 1l.
404 2430 431 2453 et
446 2426 556 2454 chumix
581 2426 707 2453 similiter
722 2434 794 2453 unus
815 2427 868 2454 erit
890 2427 923 2454 ad
945 2428 1017 2454 acci-

231 2471 358 2506 piendum
379 2480 386 2498 :
402 2471 506 2498 decima
519 2479 583 2505 pars
596 2470 705 2501 Gomor,
722 2471 830 2498 choenix
849 2479 855 2497 :
869 2476 896 2499 et
910 2472 1014 2498 decima

233 2524 306 2551 pars,
319 2521 346 2543 et
357 2516 459 2544 Gomor
474 2518 507 2551 Β(
519 2516 587 2551 Ophi
604 2517 628 2550 ζ,
643 2516 715 2544 sicut
726 2516 829 2544 Gomor
837 2517 889 2544 erit
900 2518 1013 2552 aequale.

284 2590 384 2624 (ἱ)8.,Γ
397 2589 684 2625 θρρτεὴθηδίογεοι-ιίδ
713 2593 804 2616 autem
834 2589 895 2622 hoc,
927 2590 999 2625 quod
1031 2590 1172 2625 eritreis_._
1196 2589 1302 2625 με)ρα
1334 2589 1361 2625 ω
1391 2589 1685 2625 νηι,ιιιξΨξ-9ιξξξζιςξξξξξη
1700 2589 1766 2625 fat:

933 2611 1301 2660 ziit‘iuvigin‘tiryfn)ﬁghting
1315 2611 1406 2660 autem
1421 2616 1554 2660 vigtntie‘t

233 2625 334 2652 dabitis
345 2625 489 2652 sacerdoti.
529 2625 560 2659 (ι)
575 2624 615 2656 S.,
635 2625 768 2651 terminus
778 2625 894 2652 circum.

1064 2275 1150 2324 super
1162 2275 1298 2314 vestibulo
1317 2289 1411 2319 portae,
1426 2286 1453 2309 et
1474 2280 1576 2308 facient
1595 2278 1753 2305 sacerdotes
1773 2275 1851 2302 holo-

1065 2321 1161 2362 causta
1177 2332 1247 2366 ejus,
1258 2334 1285 2357 et
1296 2336 1357 2364 quae
1371 2327 1467 2355 salutis
1478 2326 1547 2360 ejus.
1561 2325 1588 2351 5.
1604 2323 1636 2350 Ει
1652 2321 1778 2350 adorabit
1791 2324 1853 2347 ante

1066 2379 1229 2408 vestibulum
1243 2382 1339 2413 portae,
1356 2380 1383 2403 et
1397 2374 1561 2410 egredietur,
1577 2375 1604 2399 et
1618 2374 1695 2405 porta
1707 2376 1763 2396 non
1777 2367 1853 2394 clau-

1065 2427 1145 2454 detur
1165 2432 1250 2458 usque
1263 2423 1297 2450 ad
1312 2428 1453 2456 vesperam
1476 2429 1482 2446 :
1500 2419 1531 2454 (ί)
1551 2422 1578 2445 et
1593 2415 1718 2444 adorabit
1738 2413 1854 2448 populus

1068 2478 1148 2499 terrae
1157 2476 1253 2497 versus
1265 2467 1430 2495 vestibulum
1443 2469 1528 2500 porta:
1540 2463 1625 2492 illius.
1638 2461 1665 2488 in
1677 2459 1811 2489 sabbatis,
1828 2462 1853 2483 et

1070 2518 1096 2545 iu
1111 2514 1259 2543 noviluuiis
1276 2520 1370 2541 coram.
1387 2511 1511 2538 Domino.
1533 2509 1560 2535 4.
1575 2507 1607 2535 Et
1621 2507 1779 2534 holocausta
1795 2510 1854 2538 quae

1205 2586 1241 2620 (Κ)
1260 2588 1302 2616 δ..
1334 2588 1361 2610 et
1391 2581 1523 2620 primitias
1544 2581 1668 2618 ciborum
1698 2581 1853 2620 vestrorum

235 2645 507 2695 Eiriiii’hiﬁéﬁééiin
524 2645 1011 2695 fﬁitﬁi’iiiiiiiilférii'LE§3iiis.""(oi
1022 2645 1303 2695 vigiiiufitfvigiiiu
1319 2653 1436 2694 ereum.
1451 2645 1512 2695 ξω)
1536 2645 1854 2695 ξίξςξᾱξξξςέιηφηξὲιὲιιιξζ

235 2693 292 2733 nos
303 2699 419 2722 vestros.
459 2693 495 2733 (ι’)
507 2694 622 2733 A'ionai:

235 2730 340 2757 decima
358 2737 421 2763 pars
434 2729 490 2755 cori
500 2729 578 2763 ophi;
597 2729 668 2756 sicut
681 2736 712 2755 co
730 2737 762 2755 us
772 2729 824 2755 erit
839 2729 946 2763 pondus
959 2729 1187 2762 uniuscujusque.

572 2755 578 2790 ζ
615 2755 657 2798 (ac)
682 2764 761 2790 Coro.
804 2755 894 2798 (υϊΕι
920 2755 993 2798 ast"

1076 2755 1206 2790 Metisura
1233 2761 1266 2787 de
1297 2765 1390 2798 coro._
1411 2755 1579 2798 (a)pDecem“
1596 2759 1732 2779 mensura:
1761 2756 1853 2777 corus.

237 2766 269 2800 (ι)
284 2764 402 2800 necem.
433 2763 473 2798 (ιι)

662 2682 1038 2729 (ἐςἤδρῙΙΠὶ-ξῖΒᾷ-ίίωῇοῐῖἆίιέ
1160 2682 1269 2729 esitL‘in
1293 2688 1443 2727 variatione
1455 2682 1853 2729 decimaApfrﬂbgticﬁol‘plslgt

1215 2714 1321 2752 'St'atera
1335 2714 1399 2750 vero
1414 2720 1506 2755 viginti
1526 2714 1608 2750 oboli',
1622 2717 1716 2751 viginti
1731 2714 1854 2750 appensi.

237 2766 269 2800 (ι)
284 2764 393 2792 Decem.
433 2763 473 2798 (ιι)
499 2763 578 2824 Οὲιιὶ.
618 2763 657 2798 (π)
682 2764 761 2790 Coro.
804 2764 840 2798 (υ)
861 2764 894 2792 Ει
920 2765 976 2798 jus.
1015 2765 1052 2797 (ι)
1080 2763 1206 2790 Mensura
1233 2763 1266 2787 de
1297 2765 1373 2798 coro.
1411 2763 1449 2791 ta)
1470 2763 1566 2795 pacem
1596 2763 1732 2779 Incusum
1761 2763 1853 2777 υυιιιθ-

236 2800 273 2834 (ιι)
292 2799 443 2834 Ducentis,
469 2798 504 2834 (e)
542 2817 560 2828 .,
573 2798 639 2834 ordo
650 2798 735 2825 eritei
748 2799 897 2834 secundum
920 2800 1122 2834 separationem
1140 2797 1225 2834 hanc
1238 2794 1353 2834 ιιι-ἰποΨί
1382 2790 1492 2834 Israeiis
1506 2788 1665 2834 :Atoilentul'

236 2833 384 2869 principem
401 2833 567 2869 oblationes.
579 2837 606 2859 et
617 2833 729 2869 donum,
744 2837 770 2869 ct
782 2833 921 2860 libamina.

236 2867 272 2904 fg)
285 2867 332 2897 ln.‘
362 2868 400 2903 (h)
422 2867 461 2900 S.,
479 2875 525 2902 per
544 2867 614 2894 viam
631 2868 766 2894 vestibuli.

1239 2818 1413 2863 "s'.','}iu'i‘no.i'
1424 2826 1486 2858 scit,
1508 2829 1535 2852 et
1557 2827 1639 2851 enat.
1679 2820 1757 2855 (ijt
1779 2818 1854 2854 nphi.

805 2868 835 2901 (i)
858 2869 899 2899 8.,
918 2868 962 2895 sed
977 2868 1138 2895 adorabunt.
