1959 3079
109 137 177 164 27M

691 138 894 167 HEZECIELIS
905 138 1019 168 CAPUT
1040 137 1142 166 XLVII.

1670 141 1702 167 27
1707 140 1741 169 62

110 193 207 220 offeret
227 193 285 220 dux
301 193 419 221 Domino
443 194 470 220 in
488 194 531 222 die
547 195 734 228 sabbatorum,
753 204 798 223 sex
815 204 899 232 agnos
915 201 937 228 Α
951 196 984 224 ad
1003 203 1046 223 me
1066 205 1071 222 :
1091 195 1140 222 llic
1155 195 1231 222 locus
1249 198 1299 228 est,
1326 195 1370 222 ubi
1387 199 1506 230 ecquent
1528 193 1564 221 ibi
1585 195 1740 224 sacerdotes

113 240 172 268 sine
190 240 310 273 macula,
327 244 355 267 et
370 240 483 267 arietem
500 241 559 268 sine
573 241 689 274 macula,
703 242 729 268 5.
745 241 782 277 (Ii)
801 248 826 269 et
843 250 901 269 ma-

115 294 178 317 naa,
204 291 296 312 satum
322 285 410 319 arieti,
434 291 461 314 et
488 286 565 322 agnis
590 287 773 322 sacriﬁcium,
799 289 900 316 donum

116 339 214 358 manus
230 339 300 363 suae,
324 336 351 359 et
365 331 397 367 (Ι)
411 331 439 358 ln
455 331 509 360 olei
529 337 598 360 sato.
617 333 643 360 6.
661 333 694 361 Et
716 335 744 361 in
761 335 805 362 die
822 335 900 363 novi-

115 377 184 404 lunii
204 376 352 411 juvencum
370 378 404 411 Χ
421 376 506 404 ﬁlium
528 377 607 405 bovis
623 378 634 413 ζ
660 378 719 406 sine
740 379 857 412 macula,
876 385 903 408 et

117 431 164 450 sex
176 430 273 457 agnos,
289 427 316 449 et
328 422 400 449 aries
417 423 477 450 sine
492 423 599 450 macula
614 428 705 456 erunt,
720 424 744 451 7.
766 429 793 452 et
811 429 901 453 satum

116 469 242 503 iuvenco,
261 473 288 496 et
303 472 392 496 satum
411 468 488 496 arieti
503 469 555 496 erit
570 477 677 503 manaa,
694 476 720 498 et
731 471 818 506 agnis,
833 472 902 499 sicut

117 514 257 543 suffecerit
270 523 370 542 manus
381 514 452 549 ejus,
466 519 493 542 et
508 514 538 541 in
552 515 611 542 oleo
629 516 691 543 sati.
708 516 735 543 8.
749 515 782 543 Et
794 517 903 550 quando

119 561 292 595 ingredietur
307 561 373 592 dux,
389 568 471 595 super
488 559 531 586 via
558 552 648 587 Elain
670 566 755 596 porta:
770 562 903 597 ingredie—

117 611 171 638 tur,
184 606 232 642 (ιιι)
248 610 275 633 et
289 613 370 640 super
380 606 423 632 via
438 609 523 640 porta:
535 606 696 640 egredietur.
708 606 734 634 9.
753 606 902 642 thuando

118 652 286 687 ingredietur
299 651 416 686 populus
435 656 514 679 terra:
529 658 620 679 coram
638 652 754 680 Domino
768 653 793 679 in
813 653 902 680 solen-

117 697 262 730 nitatibus,
280 697 327 732 qui
354 697 505 732 ingreditur
520 705 602 732 super
618 698 661 725 via
683 704 778 732 portat,
796 706 854 733 quae
870 698 903 726 ad

117 743 340 779 septentrionem,
373 747 403 770 ut
431 743 541 777 adoret,
571 744 724 778 egredietur
751 751 834 778 super
860 745 903 772 via

117 793 213 824 portae,
233 796 294 823 qum
317 790 350 815 ad
372 793 496 816 austrum
515 799 521 816 :
545 792 572 816 ct
585 789 630 824 qui
650 789 801 823 ingreditur
823 798 904 825 super

117 834 161 861 via
178 838 274 868 portae,
292 841 353 868 qum
367 834 400 861 ad
427 839 561 867 austrum,
577 834 732 868 egredietur
757 842 839 869 super
860 835 903 862 via

955 250 1015 277 quae
1039 250 1087 277 pro
1104 241 1268 275 ignorantia,
1293 246 1320 268 et
1339 249 1399 276 qua:
1423 249 1472 276 pro
1500 246 1623 276 peccato.
1651 245 1678 268 et
1703 243 1739 270 ἱιιί

955 289 1069 324 depsent
1093 295 1189 314 manaa
1219 287 1349 319 omnino,
1375 296 1428 314 non
1450 287 1562 315 eﬂ‘erent
1587 287 1614 314 in
1639 288 1739 315 atrium

955 332 1088 363 exterius,
1107 331 1138 359 ad
1155 332 1381 359 sanctiﬁcandnm
1394 333 1534 368 populum.
1546 332 1591 359 ‘21.
1605 333 1741 359 Etednxit

956 384 1000 404 me
1023 377 1049 403 in
1076 377 1175 404 atrium
1193 378 1331 410 exterius,
1351 383 1377 405 et
1394 378 1576 405 circumduxit
1592 386 1635 405 tne
1659 386 1740 413 super

956 427 1073 457 quatuor
1081 427 1173 457 partes
1183 423 1245 450 atrii
1259 432 1265 449 :
1279 428 1305 450 ct
1318 431 1381 451 ecce
1393 424 1491 450 atrium
1510 422 1546 458 (q)
1564 431 1645 458 super
1657 424 1738 450 latera

957 468 1030 499 atrii,
1048 468 1093 495 2:).
1114 475 1145 496 -ι-
1161 477 1242 503 super
1257 469 1329 496 latus
1344 469 1405 496 atrii
1420 470 1431 504 ζ
1451 469 1560 501 atrium,
1579 477 1659 504 super
1671 477 1739 504 qua—

958 519 1018 540 tuor
1031 514 1116 541 latera
1133 514 1194 541 atrii
1209 514 1244 549 (r)
1259 515 1357 541 atrium
1374 523 1499 549 parvum,
1514 515 1652 549 longitudo
1668 515 1741 542 cubi-

956 564 1046 586 torum
1061 559 1251 594 quadraginta,
1269 564 1296 586 et
1309 559 1424 586 latitudo
1439 560 1595 587 cubitorum
1618 561 1738 594 triginta,

957 613 1084 633 mensura
1108 605 1256 641 [Rt'tt't‘ttmz
1281 613 1330 640 pro
1357 610 1475 635 mrtth
1494 613 1559 632 sane
1584 605 1739 641 legendum]

958 659 1011 678 una
1026 651 1092 686 ipsis
1109 657 1235 686 quatuor.
1255 651 1300 678 23.
1319 650 1352 685 (ε)
1369 650 1402 678 Et
1414 651 1520 678 exedra:
1535 659 1582 686 per
1596 651 1740 678 circuitum

957 697 984 725 in
1000 698 1050 730 eis,
1063 706 1110 733 per
1125 698 1270 726 circuitum
1297 698 1364 733 ipsis
1386 703 1522 732 quatuor:
1543 698 1574 732 (ι)
1589 703 1616 726 et
1633 698 1739 728 culinar,

958 752 1019 780 quae
1042 745 1120 771 facta:
1136 749 1225 777 erant,
1252 744 1303 772 sub
1323 744 1432 771 exedris
1446 752 1492 779 per
1518 743 1672 771 circuitum.
1694 743 1740 770 Ξιί.

958 790 992 817 Et
1008 791 1077 817 dixit
1089 791 1122 817 ad
1133 797 1175 817 me
1190 799 1197 818 :
1211 789 1258 817 lite
1271 789 1370 817 domus
1386 789 1550 821 culinarum,
1567 789 1612 816 ubi
1625 794 1741 823 coquent

958 837 1006 869 ibi,
1025 836 1072 871 qui
1086 836 1243 864 ministrant
1259 836 1299 870 (ιι)
1314 835 1409 863 domui
1426 835 1559 863 sacrificia
1576 835 1679 870 populi.

117 883 214 914 portae,
230 887 292 914 qua:
305 878 338 905 ad
353 878 585 913 septentrionem:
599 886 652 905 non
664 883 813 906 revertetur
825 886 907 912 super
923 879 944 906 Β
994 880 1061 915 Cap.
1083 879 1187 907 XLVI].
1202 895 1236 900 —
1253 881 1277 906 l.
1293 880 1326 907 Et
1337 880 1488 907 introduxit
1505 887 1546 907 me
1562 887 1643 914 super
1658 879 1741 906 vesti-

117 923 162 951 via
171 927 266 958 portat,
279 923 305 950 in
319 931 400 958 quam
418 923 560 959 ingressus
575 927 627 956 est,
640 923 686 951 sed
700 930 715 951 e
728 924 837 958 regione
847 924 905 958 ejus

118 975 193 997 recte
219 968 384 1004 egredietur.
413 969 457 996 to.
485 968 518 996 Et
540 969 595 996 dux
620 969 647 996 in
683 969 772 996 medio
799 977 905 1001 eorum,

119 1015 229 1050 quando
252 1015 453 1050 ingredientur,
477 1014 644 1050 ingredietur
658 1021 687 1040 +
703 1022 764 1042 cum
781 1014 820 1042 eis
839 1015 863 1049 ζ,
881 1019 908 1042 et

119 1061 230 1096 quando
248 1061 434 1096 egredientur,
451 1061 608 1096 egredietur
624 1063 658 1095 Χ
680 1069 742 1088 cum
764 1062 804 1089 eis
825 1062 847 1097 ζ.
864 1062 906 1089 ll.

120 1107 149 1135 ln
165 1107 386 1139 solennitatibus,
400 1113 426 1134 et
443 1107 469 1134 in
490 1107 568 1135 festis
583 1107 635 1134 erit
650 1115 747 1135 manaa
763 1108 800 1142 (η)
817 1113 906 1135 satum

119 1152 247 1187 juvenco,
266 1157 293 1180 et
309 1156 397 1180 satum
415 1152 504 1186 arieti,
529 1157 556 1180 et
571 1152 659 1187 agnis,
685 1153 757 1181 sicut
772 1153 908 1181 suffecerit

121 1206 220 1226 manus
233 1199 305 1233 ejus,
325 1203 351 1225 et
366 1197 394 1225 in
418 1198 469 1225 olei
487 1203 558 1226 sato.
578 1198 623 1225 12.
643 1198 671 1225 Si
697 1203 788 1225 autem
814 1198 910 1227 fecerit

121 1245 176 1271 dux
205 1244 419 1275 confessionem,
441 1243 629 1271 holocaustum
661 1249 707 1271 aut
727 1244 764 1279 (ο)
780 1244 907 1272 salutaris

123 1291 156 1323 χ
171 1290 356 1317 voluntarium
377 1290 388 1324 ζ
407 1289 532 1321 Domino,
547 1293 574 1316 et
590 1289 694 1324 aperiet
708 1290 761 1317 sibi
773 1290 824 1325 ipsi
844 1298 907 1325 por-

120 1340 176 1362 tam
197 1335 389 1369 respicientem
407 1342 503 1363 versus
526 1335 669 1367 orientem,
688 1341 715 1363 et
735 1336 815 1364 faciet
832 1336 908 1364 bolo-

115 1385 247 1412 _caustum
261 1389 353 1413 suum,
365 1385 393 1408 et
407 1388 467 1416 qua:
481 1381 579 1409 salutis
596 1389 662 1414 suae,
680 1382 907 1417 quemadmodum

121 1427 188 1455 facit
200 1428 227 1454 in
243 1428 288 1455 die
309 1427 487 1454 sabbatorum
511 1436 518 1454 ε
537 1432 563 1454 et
582 1428 746 1462 egredietur,
761 1432 788 1455 et
803 1428 910 1455 claudet

120 1477 227 1508 portas,
254 1477 398 1507 postquam
421 1480 548 1507 egressus
573 1471 665 1505 fuerit,
693 1472 736 1499 l5.
758 1477 786 1500 et
808 1481 907 1508 agnum

120 1518 281 1545 anniculum
297 1518 356 1546 sine
376 1518 481 1546 macula
497 1517 577 1545 faciet
593 1518 619 1545 in
636 1518 826 1546 holocaustum
839 1527 908 1554 quo-

956 925 1050 953 bnlum
1069 925 1178 958 domus,
1207 930 1234 953 et
1255 933 1318 952 ecce
1342 933 1412 960 aqua
1435 925 1623 961 egrediebatur
1657 925 1742 953 desub

957 972 1074 1000 subtliali
1087 972 1185 999 domus
1198 980 1295 1000 versus
1312 972 1456 1003 orientem,
1473 972 1535 1006 quia
1551 971 1633 999 facies
1644 971 1741 998 domus

957 1018 1121 1053 respiciebat
1133 1026 1230 1045 versus
1241 1018 1385 1050 orientem,
1395 1023 1497 1052 etaqua
1514 1017 1693 1044 descendebat
1704 1016 1741 1051 (:c)

957 1071 972 1092 a
984 1063 1071 1091 latere
1085 1064 1118 1097 >ε<
1135 1064 1233 1091 domus
1253 1064 1264 1099 ξ
1281 1063 1388 1097 dextro,
1400 1063 1434 1091 ab
1447 1069 1540 1091 austro
1554 1070 1636 1098 super
1646 1063 1741 1089 altare.

957 1108 984 1136 2.
998 1108 1030 1135 Et
1046 1108 1140 1135 eduxit
1157 1116 1202 1135 me
1228 1115 1310 1143 super
1325 1109 1368 1135 via
1392 1112 1487 1143 portae,
1503 1115 1565 1143 quae
1587 1107 1620 1134 ad
1637 1107 1742 1142 aquilo-

960 1161 1033 1186 nem,
1050 1159 1076 1181 et
1103 1153 1287 1181 circumduxit
1306 1161 1350 1180 me
1369 1153 1403 1181 ad
1426 1153 1497 1180 viam
1515 1157 1599 1188 porta:
1614 1151 1688 1180 foras
1709 1152 1741 1179 ad

958 1204 1063 1234 portam
1080 1201 1112 1233 ῖς(
1135 1199 1298 1226 exteriorem
1327 1199 1338 1234 ζ
1366 1198 1428 1225 atrii
1453 1198 1621 1232 respicientis
1647 1205 1742 1225 versus

958 1245 1089 1272 orientem
1108 1254 1113 1271 :
1125 1250 1152 1272 et
1166 1252 1230 1272 ecce
1240 1251 1310 1279 aqua
1321 1244 1505 1272 descendebat
1514 1251 1529 1270 a
1543 1244 1626 1270 latere
1636 1243 1741 1274 dextro,

959 1290 985 1318 5.
999 1291 1036 1326 (y)
1050 1291 1120 1318 sicut
1134 1291 1224 1318 exitus
1244 1290 1294 1317 viri
1308 1298 1341 1317 ex
1360 1290 1474 1317 adverso
1495 1299 1500 1317 :
1518 1294 1544 1317 et
1559 1297 1696 1319 mensura,
1716 1288 1742 1315 in

959 1344 1041 1363 manu
1053 1336 1123 1371 ejus,
1137 1341 1283 1365 etmensus
1299 1340 1342 1363 est
1355 1335 1429 1362 mille
1442 1335 1468 1362 in
1480 1342 1607 1362 mensura
1621 1339 1647 1361 et
1658 1338 1745 1361 trans-

960 1382 991 1409 iit
1020 1382 1046 1408 in
1070 1390 1141 1416 aqua
1160 1382 1198 1417 (ι)
1220 1389 1318 1417 aquam
1339 1381 1520 1413 remissionis,
1542 1380 1569 1408 4.
1589 1385 1616 1408 et
1633 1387 1744 1407 mensus

959 1432 1001 1455 est
1016 1428 1054 1463 (α)
1083 1429 1166 1461 mille,
1188 1432 1214 1455 et
1233 1427 1343 1454 transiit
1358 1427 1385 1454 in
1401 1435 1472 1462 aqua
1496 1433 1594 1461 aquam
1610 1433 1696 1460 usque
1710 1427 1742 1452 ad

959 1473 1045 1500 latera
1063 1484 1068 1501 :
1082 1478 1108 1500 et
1123 1481 1233 1500 mensus
1245 1473 1382 1506 estmille,
1394 1478 1421 1500 et
1435 1472 1560 1500 transivit
1574 1479 1644 1511 aqua
1659 1479 1745 1506 usque

960 1519 993 1546 ad
1010 1519 1143 1545 lumbum.
1156 1519 1183 1546 5.
1199 1519 1231 1545 Et
1240 1526 1352 1546 mensus
1365 1518 1500 1550 estmille,
1512 1523 1539 1545 et
1548 1525 1612 1545 ecce
1628 1521 1745 1548 torrens,

122 1564 189 1592 tidie
213 1564 339 1597 Domino,
368 1571 447 1591 mane
463 1571 542 1591 mane
565 1564 647 1592 faciet
666 1572 739 1597 eum,
762 1565 805 1592 M.
824 1565 861 1600 (p)
883 1570 910 1593 ct
923 1559 944 1588 C
961 1572 1040 1598 quem
1058 1572 1110 1591 non
1128 1564 1216 1598 potuit
1233 1563 1359 1596 transire,
1374 1563 1438 1598 quia
1462 1563 1498 1598 (ὁ)
1515 1563 1592 1598 pluit,
1609 1562 1746 1590 dillluebat

123 1617 221 1636 manaa
241 1609 320 1636 faciet
331 1617 413 1644 super
429 1616 461 1636 εο
478 1619 484 1636 Z
507 1617 586 1637 mane
599 1617 679 1637 mane
690 1615 793 1638 sextam
806 1615 909 1645 partem

125 1663 275 1687 mensurae,
292 1661 318 1682 et
332 1656 421 1682 oleum
438 1656 545 1683 tertiam
568 1660 672 1690 partem
693 1655 721 1683 lu
738 1657 770 1683 ad
792 1657 909 1684 miscen-

124 1700 189 1728 dum
218 1701 336 1728 similam
356 1709 452 1728 manaa
472 1701 598 1734 Domino,
611 1705 774 1737 prteceptum
790 1703 825 1737 >ί<
839 1702 911 1737 quod

126 1747 153 1774 in
168 1747 300 1774 szeculum
315 1747 325 1782 ζ
340 1746 441 1782 jugiter
456 1747 499 1774 15.
517 1746 623 1774 facietis
634 1755 751 1783 agnum:
766 1753 793 1775 et
804 1755 910 1780 manaa,

124 1797 152 1820 et
164 1793 255 1820 oleum
272 1792 380 1820 facietis
401 1800 490 1824 mane,
517 1793 706 1821 holocaustum
729 1793 839 1828 jugiter.
867 1793 909 1821 16.

126 1837 189 1865 llaec
200 1838 267 1865 dicit
283 1838 387 1864 Adonai
403 1838 532 1866 Dominus
550 1848 555 1865 :
573 1838 601 1866 Si
617 1839 720 1866 dederit
735 1839 789 1866 dux
810 1839 911 1867 donum

126 1885 172 1911 uni
190 1892 223 1912 ex
243 1884 307 1911 ﬁliis
329 1884 386 1911 suis
400 1884 433 1911 de
448 1885 606 1912 haereditate
621 1893 679 1917 sua,
700 1885 752 1912 hoc
768 1885 831 1913 ﬁliis
851 1885 912 1921 ejus

126 1930 178 1956 erit
192 1939 198 1957 :
215 1930 355 1964 possessio
370 1931 404 1964 ὶς(
420 1937 514 1957 eorum
532 1930 589 1965 ipsa
606 1931 617 1964 ζ
643 1931 669 1957 in
685 1931 850 1958 haereditate.
868 1932 911 1958 l7.

126 1975 156 2002 Si
170 1980 263 2002 autem
277 1975 381 2003 dederit
392 1977 493 2004 donum
512 1978 544 2010 χε
561 1976 595 2004 de
608 1976 763 2004 haereditate
776 1984 825 2003 sua
839 1976 850 2010 ζ
866 1976 913 2003 uni

127 2028 162 2047 ex
180 2021 269 2048 servis
287 2021 357 2054 suis,
369 2025 395 2048 et
406 2022 457 2049 erit
473 2022 498 2049 ei
513 2029 600 2056 usque
613 2022 646 2049 ad
659 2029 761 2048 annum
777 2021 914 2049 dimissio-

128 2065 182 2097 nis,
198 2069 225 2091 et
240 2065 340 2092 redibit
357 2066 390 2092 ad
405 2067 512 2098 ducem,
529 2070 626 2101 praeter
643 2066 826 2094 hmreditatem
843 2067 913 2094 ﬁlio-

128 2118 188 2137 rum
204 2110 265 2145 ejus
281 2111 320 2138 eis
338 2112 399 2138 erit.
417 2111 460 2138 18.
480 2111 513 2139 Ει
530 2119 583 2138 non
601 2116 690 2139 sumet
711 2113 766 2139 dux
783 2112 815 2139 de
828 2113 914 2140 haere-

128 2157 213 2183 ditate
229 2157 321 2191 populi
335 2157 377 2185 sui
393 2158 425 2184 ad
441 2158 650 2192 opprimendum
665 2166 712 2185 eos
732 2167 738 2185 :
755 2159 788 2185 de
806 2166 915 2193 posses-

128 2203 206 2230 sione
230 2211 279 2230 sua
302 2204 335 2238 >ε<
357 2204 390 2231 de
412 2203 569 2231 hmreditate
586 2211 635 2231 sua
660 2204 671 2238 ζ
698 2203 818 2231 Ιιίει-ειιθε
837 2203 916 2231 faciet

127 2248 200 2276 ﬁlios
214 2256 291 2280 suos.
306 2255 335 2276 ut
357 2257 391 2276 ne
405 2249 578 2284 dispergatur
597 2249 713 2284 populus
732 2257 808 2276 meus
830 2258 925 2289 unus-q

961 1617 1043 1644 aqua,
1058 1610 1128 1636 sicut
1141 1609 1257 1643 impetus
1269 1609 1407 1641 torrentis,
1425 1609 1470 1643 qui
1482 1616 1534 1635 non
1549 1609 1745 1643 poterittrans—

962 1654 1006 1682 iri.
1024 1655 1050 1681 6.
1066 1654 1098 1681 Et
1115 1653 1184 1681 dixit
1198 1653 1232 1680 ad
1247 1661 1290 1680 me
1304 1662 1310 1680 :
1323 1652 1351 1679 Si
1367 1652 1468 1685 vidisti,
1486 1653 1522 1679 ﬁli
1553 1651 1690 1679 hominis?
1713 1650 1745 1677 Et

963 1699 1041 1726 duxit
1055 1707 1109 1732 me,
1125 1699 1158 1733 >ε<
1172 1703 1199 1726 et
1213 1698 1347 1726 convertit
1361 1705 1403 1725 me
1416 1698 1428 1733 ζ
1442 1705 1524 1732 super
1541 1697 1642 1724 labium
1660 1697 1745 1727 fluvii,

962 1745 990 1772 7.
1009 1745 1037 1772 in
1051 1744 1230 1772 conversione
1253 1751 1314 1770 mea
1331 1752 1338 1770 :
1355 1747 1383 1770 et
1403 1751 1466 1770 ecce
1483 1751 1566 1778 super
1580 1743 1652 1769 labio
1672 1742 1746 1768 ﬂuvii

963 1791 1077 1819 arbores
1091 1790 1182 1820 multae
1195 1789 1342 1818 admodum
1354 1789 1417 1817 hinc
1428 1794 1454 1817 et
1471 1789 1541 1816 inde.
1554 1789 1578 1817 8.
1594 1787 1700 1816 Etdixit
1714 1786 1746 1814 ad

963 1845 1008 1865 me
1023 1847 1030 1865 :
1046 1838 1123 1873 Aqua
1134 1838 1202 1870 haec,
1214 1845 1274 1872 quae
1286 1837 1424 1872 egreditur
1434 1837 1460 1864 in
1479 1837 1513 1873 (c)
1528 1836 1676 1868 Galilrcam,
1688 1844 1748 1871 quae

964 1883 998 1911 ad
1010 1884 1151 1916 orientem,
1172 1887 1198 1910 et
1213 1883 1398 1910 descendebat
1409 1891 1491 1922 super
1509 1882 1648 1915 Arabiam,
1664 1886 1690 1909 et
1703 1889 1750 1908 ve-

965 1930 1058 1957 niebat
1074 1937 1160 1964 usque
1172 1929 1205 1956 ad
1223 1936 1298 1956 mare
1318 1936 1399 1963 super
1415 1936 1512 1963 aquam
1533 1929 1621 1955 exitus
1635 1937 1642 1954 :
1657 1933 1682 1954 ct
1703 1934 1748 1953 sa-

965 1975 1041 2002 nabit
1062 1981 1148 2009 aquas
1168 1982 1174 2000 :
1191 1973 1217 2000 9.
1238 1980 1265 2001 et
1286 1974 1339 2001 erit
1361 1973 1451 2000 omnis
1474 1973 1565 1999 anima
1589 1972 1749 1999 animalium

964 2020 1135 2055 leprosorum
1156 2018 1301 2051 factorum,
1326 2027 1408 2053 super
1434 2018 1535 2049 omnia,
1562 2025 1623 2057 quae
1645 2017 1749 2043 venerit

965 2073 1047 2100 super
1056 2073 1087 2092 ea
1102 2065 1146 2092 ille
1159 2064 1267 2098 ﬂuvius,
1285 2064 1354 2091 vivet
1368 2073 1374 2091 :
1389 2068 1416 2090 et
1427 2068 1507 2090 erunt
1521 2063 1556 2090 ibi
1571 2063 1657 2097 piStes
1671 2062 1749 2088 multi

966 2111 1125 2143 admodum,
1143 2110 1207 2146 quia
1222 2110 1312 2137 veniet
1333 2110 1397 2137 illuc
1408 2117 1479 2144 aqua
1502 2109 1569 2140 haec,
1586 2112 1613 2135 et
1630 2108 1748 2137 sanabit.

966 2161 993 2185 et
1014 2157 1095 2190 vivet,
1118 2156 1248 2192 quicquid
1264 2156 1367 2183 venerit
1392 2163 1473 2190 super
1498 2155 1562 2182 illud
1590 2154 1698 2184 ﬂuvius.
1716 2156 1749 2187 >ε<

967 2203 1004 2230 ibi
1022 2204 1032 2238 ζ
1052 2204 1133 2230 vivet.
1152 2203 1194 2230 10.
1213 2202 1245 2229 Et
1268 2202 1376 2229 stabunt
1391 2201 1429 2236 ((1)
1446 2209 1527 2236 super
1546 2209 1579 2228 eo
1600 2201 1750 2236 piscatores

966 2251 999 2285 3K
1017 2250 1094 2277 multi
1114 2250 1124 2284 ζ
1147 2250 1181 2276 ab
1204 2248 1299 2283 ln-god
1324 2253 1350 2276 et
1368 2256 1455 2283 usque
1480 2248 1513 2274 ad
1542 2247 1658 2282 ln-eglin
1687 2257 1692 2274 :
1715 2248 1749 2282 (ε)

127 2294 248 2328 quisque
266 2294 298 2321 de
318 2294 491 2329 possessione
507 2303 566 2322 sua.
592 2295 635 2322 l9.
659 2294 692 2322 Et
708 2295 859 2322 introduxit
873 2303 916 2322 me
963 2296 1093 2331 expansio
1104 2295 1202 2323 retium
1215 2295 1276 2327 erit,
1291 2302 1306 2321 a
1322 2303 1351 2322 se
1364 2299 1391 2322 et
1401 2294 1452 2322 sibi
1467 2294 1518 2321 erit
1531 2303 1537 2321 :
1552 2298 1577 2321 et
1592 2294 1677 2328 pisces
1691 2294 1751 2328 ejus

128 2339 155 2366 in
168 2339 335 2373 ingressum,
356 2348 417 2375 quae
433 2345 528 2368 contra
545 2346 680 2372 austrum,
702 2346 796 2375 portae,
814 2340 840 2367 in
854 2348 916 2368 exe-
965 2342 1035 2370 sicut
1055 2342 1144 2377 pisces
1162 2341 1246 2369 maris
1262 2341 1362 2377 magni,
1385 2340 1532 2368 multitudo
1555 2340 1639 2367 multa
1662 2340 1750 2366 valde.

127 2384 205 2412 dram
235 2384 399 2412 Sanctorum
411 2406 418 2417 ,
446 2387 636 2419 sacerdotum,
662 2387 853 2421 respicientem
883 2387 917 2414 ad
966 2388 1009 2415 11.
1027 2387 1059 2422 (Γ)
1077 2387 1108 2414 Ει
1120 2387 1146 2414 in
1159 2387 1234 2414 exitu
1249 2387 1319 2422 ejus,
1335 2394 1366 2414 έ-
1379 2391 1406 2414 et
1422 2387 1448 2414 in
1462 2386 1640 2413 conversione
1651 2385 1710 2420 ejus
1726 2385 1750 2419 ζ.

128 2431 284 2465 aquilonem
301 2440 307 2458 :
324 2436 351 2458 et
365 2439 428 2459 ecce
443 2432 481 2459 ibi
497 2432 573 2460 locus
585 2436 740 2466 separatus,
755 2433 801 2460 20.
813 2437 840 2460 et
850 2432 919 2459 dixit
966 2439 994 2460 et
1011 2434 1037 2460 in
1064 2433 1200 2468 superflua
1218 2434 1336 2461 elatione
1349 2433 1409 2468 ejus
1431 2441 1484 2460 non
1499 2433 1535 2468 (g)
1552 2433 1687 2459 sanabunt
1704 2440 1710 2458 :
1725 2431 1750 2456 in

165 2517 346 2556 (lgiblANAA.
385 2519 416 2552 (Ι)
437 2519 479 2556 in.
514 2520 561 2555 (m)
579 2520 621 2553 S.,
634 2526 661 2548 et
676 2529 758 2555 super
779 2522 872 2548 eadem
892 2521 934 2548 via
947 2521 1017 2556 ejus.
1056 2523 1094 2555 (ni
1111 2521 1191 2556 Ophi.
1230 2521 1267 2556 (υ)
1281 2521 1438 2549 Pacilicum.
1478 2521 1515 2556 (p)
1532 2520 1564 2547 Et
1575 2521 1749 2556 sacriﬁcium.

128 2554 166 2589 (ᾳ)
183 2554 244 2587 ΤΙι.,
268 2554 305 2591 ἰῃ⁵
317 2555 418 2591 apgulo
431 2555 504 2582 atrii.
542 2554 577 2588 (rt
596 2557 638 2591 3.,
659 2554 756 2583 atrium
774 2556 926 2584 adhaerens.
962 2554 998 2591 (δ)
1011 2556 1052 2590 S.,
1069 2554 1142 2584 ordo'
1151 2565 1198 2591 per
1213 2554 1355 2583 circuitum
1369 2563 1428 2584 erat
1446 2554 1543 2583 inveis.
1582 2556 1613 2591 (ι)
1626 2555 1666 2588 S.,
1681 2558 1752 2590 scpi-

129 2588 233 2626 inenta.
271 2588 310 2626 (ις)
323 2588 365 2626 8.,
384 2589 508 2626 Domino.
547 2591 586 2626 (τε)
597 2590 638 2623 5.,
651 2591 806 2623 Th.,desub
815 2591 930 2618 humero
945 2588 1158 2619 dextrodomusi
1195 2592 1232 2626 (y)
1244 2591 1439 2626 Egrediebatur
1454 2592 1496 2618 vir
1504 2588 1750 2624 versu‘s'm-ieutein,

129 2624 174 2651 cui
202 2628 262 2660 erat
289 2624 426 2660 funiculus
450 2624 582 2653 mensurae
600 2633 681 2660 super
694 2633 775 2653 manu
804 2635 810 2653 :
828 2630 854 2653 et
873 2634 934 2653 cum
956 2634 1066 2654 mensus
1081 2632 1153 2654 esset
1168 2624 1241 2653 mille
1256 2624 1373 2658 cubitos,
1388 2627 1507 2654 traduxit
1528 2634 1570 2653 me
1592 2633 1638 2660 per
1653 2634 1752 2660 aquam

129 2666 219 2696 usque
227 2659 260 2685 ad
282 2659 351 2696 talos
367 2668 373 2686 :
387 2664 413 2686 ct
425 2668 487 2687 cum
503 2668 612 2687 mensus
625 2659 697 2688 esset
711 2661 794 2694 mille,
806 2661 927 2688 traduxit
938 2669 980 2688 me
997 2669 1043 2695 per
1055 2670 1152 2696 aquam
1166 2669 1252 2696 usque
1267 2661 1300 2688 ad
1318 2669 1405 2693 genua
1418 2671 1425 2688 :
1440 2665 1467 2688 et
1483 2669 1543 2688 cum
1560 2659 1670 2688 mensus
1680 2659 1753 2688 esset

131 2693 217 2730 inille,
237 2694 359 2730 traduxit
373 2701 416 2721 me
429 2703 475 2729 per
490 2702 588 2730 aquam
607 2703 691 2730 usque
706 2696 738 2722 ad
756 2693 898 2723 lumbum:
917 2701 944 2723 et
970 2693 1032 2723 cum
1057 2693 1166 2729 inclusus
1183 2693 1254 2723 esset
1274 2696 1357 2730 mille,
1380 2696 1479 2727 rivum,
1502 2703 1581 2730 quem
1607 2703 1659 2722 non
1677 2697 1753 2730 potui

130 2729 340 2766 transiretquia
352 2729 593 2766 prazvalelmt'aqua
606 2729 740 2765 profunda
758 2731 818 2766 rivi,
833 2732 879 2766 qui
900 2739 953 2758 non
970 2736 1074 2765 poterat
1087 2731 1208 2758 transiri.

131 2770 208 2801 sura:
234 2763 501 2801 _(_b)_Superbientes.
520 2763 710 2801 Praeva'lentes.
750 2765 783 2801 (c)
800 2763 848 2798 S.,'
859 2763 1005 2793 terminum
1023 2766 1190 2801 orientalem.
1207 2771 1233 2793 ct
1252 2763 1392 2801 descendit
1408 2773 1488 2799 super
1496 2763 1612 2801 terram,
1626 2773 1685 2800 quae
1698 2773 1752 2801 non

140 2802 182 2825 est
199 2798 366 2835 habitabilis.
403 2799 441 2833 (di
457 2798 512 2835 lbi.
543 2801 578 2835 (ς)
594 2798 779 2827 Extensiones
790 2801 887 2828 retium
902 2806 990 2828 erunt.
1029 2801 1062 2835 (fl
1075 2800 1116 2833 S.,
1131 2809 1191 2829 cum
1207 2808 1270 2828 vero
1286 2798 1456 2835 egredientur
1470 2799 1503 2827 ad
1515 2807 1557 2833 ea,
1568 2798 1752 2835 qutc'propin-

131 2839 197 2868 qua,
219 2841 273 2861 non
286 2833 466 2861 sanabuntur.
503 2834 764 2870 (g)Sanctitlcabunt

1262 2731 1298 2766 (ι)
1314 2729 1403 2764 Usque
1416 2731 1447 2757 ad
1462 2729 1540 2757 talos.
1580 2730 1616 2766 (α)
1631 2730 1658 2759 In
1677 2729 1753 2758 tnenv
