1959 3079
224 148 295 176 2'63

759 147 872 176 CODEX
893 147 934 175 εἴ
941 146 1289 176 RIACO-IIEXAPL.\RIS.

1782 153 1815 180 ΞΤ
1820 152 1849 181 ﬁl

226 208 267 234 sal
279 207 342 234 data
354 210 428 238 sunt,
446 205 490 232 Η.
503 209 529 233 et
545 212 626 241 super
638 205 719 232 ﬂuvio
738 203 776 240 (Ii)
793 204 1010 238 aseendetsnper
1024 206 1047 233 A
1061 205 1099 231 ea‘
1117 213 1177 239 quae
1191 206 1222 232 ad
1239 213 1331 237 mare,
1350 205 1386 242 (ο)
1409 211 1489 234 erunt
1505 208 1630 243 primitiae
1648 210 1830 244 scparationis
1841 223 1850 237 ν

225 251 299 279 Iabio
312 251 371 286 ejus
394 251 457 278 hinc
474 254 501 278 et
519 251 582 278 inde
603 258 684 278 omne
704 250 807 285 lignum
828 250 1008 288 esculentum,

226 305 281 325 non
295 302 446 325 veterascct
467 304 548 332 super
569 304 613 328 eo,
639 304 727 331 neque
753 296 861 324 deliciet
882 305 888 322 :
905 295 1009 323 fructus

225 345 287 378 ejus
302 343 430 371 novitatis
447 342 580 378 primitias
591 342 676 374 dabit,
693 342 757 377 quia
774 349 851 376 aquae
865 349 960 368 corum
976 349 1009 367 ex

200 386 204 416 ἓ
227 389 391 416 Sanctuario
415 389 456 416 lue
469 388 656 422 egrediuntur,
674 392 702 415 et
716 387 767 416 erit
785 387 891 415 fructus
913 394 1008 414 eorum

202 430 203 437 ‘
225 432 252 458 in
266 431 367 464 cibum,
384 436 410 458 et
421 439 530 467 germen
552 439 646 459 eorum
663 432 690 459 in
713 432 868 460 sanitatem.
885 432 928 459 15.
947 431 1009 459 Haec

198 467 201 512 ξ
223 477 290 504 dicit
311 477 441 505 Dominus
456 477 548 505 Deus:
567 477 599 505 Ili
617 482 681 505 sunt
698 478 808 506 termini
828 483 917 510 terrae,
939 486 1008 512 quos

223 522 429 555 haereditabitis,
440 524 584 551 duodecim
596 524 722 551 tribubus
736 523 967 551 ﬁliorutnlsraelis
977 523 1007 558 (ἱ)

223 573 398 603 augmentum
427 569 554 597 funiculi.
585 570 629 597 M.
655 569 688 597 Et
722 569 918 597 haereditabitis
947 577 1006 596 eam

223 616 427 650 unusquisque,
446 621 517 643 stcut
540 615 625 643 frater
644 616 713 649 ejus,
729 624 810 651 super
824 624 906 651 quam
922 616 1007 643 levavi

223 669 335 688 ntauum
353 669 450 693 meam,
464 662 496 688 ad
512 662 632 689 dandum
645 670 704 690 eam
717 662 841 697 patribus
853 670 948 690 eorum
963 672 969 690 :
981 667 1008 690 et

223 706 302 734 cadet
322 711 396 734 terra
419 707 476 735 hac
496 708 572 735 vobis
593 708 619 734 in
645 708 840 735 haereditatem.
864 708 907 736 15.
931 708 964 735 Ει
979 708 1006 735 Iti

223 753 333 780 termini
354 758 443 786 terrae,
467 762 527 789 quae
541 754 574 782 ad
600 755 765 789 aquilonem,
782 763 796 782 a
819 755 887 782 mari
909 763 1007 790 magno

222 799 405 826 descendente
418 804 445 826 et
457 800 636 833 discindente,
655 801 782 829 introitus
796 801 894 834 Sedad,
910 803 952 829 16.
970 802 1005 836 (It)

222 843 351 876 Hamatlt,
365 843 638 880 Berutltsepltarvaim
653 837 723 874 inter
737 847 868 875 terminos
882 847 1006 875 Damasci

222 894 250 916 et
266 889 336 917 inter
348 891 479 918 terminos
493 890 619 925 Hamatlt,
636 892 736 920 atrium
749 893 779 928 (Ι)
796 893 929 926 Thiclton,
945 901 1006 928 qua:

221 939 377 970 suntsupra
390 937 522 964 terminos
539 936 661 965 Hauran.
678 939 722 964 17.
733 938 881 966 llitermini
893 947 908 966 a
920 940 1003 966 mari:

220 981 255 1009 ab
269 982 339 1009 atrio
354 982 456 1014 Euan,
476 983 584 1010 termini
598 983 735 1017 Damasci,
748 990 774 1012 et
789 985 834 1020 qui
850 985 884 1013 ad
901 986 1006 1021 aquilo-

220 1034 283 1054 nem
300 1028 335 1062 χ
355 1035 437 1063 super
458 1029 625 1063 aquilonem,
641 1034 667 1058 et
680 1031 813 1058 terminus
828 1031 875 1067 (ιη)
893 1033 926 1065 )K
942 1032 1004 1059 Asi-

220 1073 306 1106 moth,
321 1078 347 1101 et
362 1074 496 1102 terminus
510 1076 714 1109 septentrionis.
733 1075 778 1103 18.
794 1075 895 1104 Versus
908 1076 1004 1104 faciem

220 1117 334 1146 orientis
355 1119 366 1153 ζ
382 1119 452 1147 inter
468 1119 588 1153 Ilauran,
604 1125 631 1148 et
645 1121 715 1149 inter
732 1121 905 1155 Damascum,
921 1127 948 1150 et
965 1123 1006 1149 in-

220 1166 260 1189 ter
273 1161 471 1197 Galaaditiden,
492 1169 519 1192 et
534 1165 605 1192 inter
619 1170 719 1194 terram
741 1166 858 1200 lsraelis,
878 1166 1005 1195 Jordanis

222 1207 394 1236 disterminat
408 1217 490 1244 super
502 1218 588 1243 mare,
606 1212 677 1246 quod
689 1213 722 1239 ad
741 1213 873 1240 orientem
884 1214 1003 1248 palmeti.

225 1252 256 1280 Ili
271 1254 317 1288 qui
337 1255 369 1281 ad
383 1255 528 1284 orientem.
543 1257 586 1284 19.
607 1257 640 1284 Et
650 1258 697 1292 qui
712 1258 744 1285 ad
761 1263 884 1286 austrum
897 1264 923 1286 et
939 1259 1005 1287 afri-

220 1305 282 1325 cum
300 1306 314 1325 a
341 1298 482 1333 Tltmman,
501 1309 529 1329 —:—
553 1307 580 1330 et
599 1303 717 1337 palmeto
738 1312 824 1339 usque
847 1305 880 1332 ad
905 1313 1004 1340 aquam

219 1342 354 1371 Maribotit
375 1345 466 1379 Cadis,
480 1347 517 1382 (η)
534 1355 563 1374 se
586 1349 736 1377 extendens
758 1357 840 1384 super
856 1358 931 1377 mare
947 1358 1005 1378 ma-

221 1398 314 1424 gnum.
329 1391 373 1418 20.
389 1391 452 1420 Ilrec
464 1401 527 1428 pars
542 1394 627 1422 austri
643 1400 668 1422 et
681 1395 769 1427 africi,
783 1396 839 1423 ltzec
850 1403 913 1430 pars
922 1397 1005 1425 maris

220 1437 255 1470 Χ
271 1438 355 1465 maris
373 1439 384 1473 ζ
399 1440 489 1474 magni
505 1440 676 1468 disterminat
695 1449 782 1476 usque
800 1448 892 1469 contra
909 1442 1005 1470 introi-

220 1488 277 1510 tum
292 1483 417 1517 Hamath,
433 1492 464 1513 -t—
476 1493 562 1521 usque
573 1487 606 1514 ad
620 1487 761 1515 introitum
774 1489 833 1523 cjus
846 1489 869 1523 ζ.
883 1488 914 1515 Ili
930 1494 1003 1521 sunt,

1062 250 1156 286 viginti
1181 256 1207 278 et
1235 251 1356 286 quinque
1384 252 1467 280 millia
1492 253 1627 286 latitudo,
1654 260 1681 282 et
1709 256 1850 291 longitudo

1061 297 1131 324 sicut
1150 300 1210 324 una
1232 305 1265 325 ex
1295 298 1417 332 partibus
1441 299 1475 326 ab
1494 299 1527 327 iis
1546 307 1607 334 quae
1629 300 1662 327 ad
1693 302 1847 334 orientem,

1060 347 1088 369 et
1111 350 1197 378 usque
1229 343 1262 370 ad
1284 351 1314 371 ea
1339 352 1399 379 quae
1418 345 1451 371 ad
1470 353 1544 373 tnare
1565 355 1572 373 :
1590 351 1617 373 et
1638 347 1691 373 erit
1713 347 1850 375 Sanctua~

1060 388 1130 415 rium
1148 388 1174 415 in
1200 389 1287 416 medio
1311 397 1418 418 eorum.
1436 391 1485 426 (9).
1505 391 1653 424 Primitiae,
1674 400 1742 427 quas
1768 401 1848 428 sepa~

1060 434 1159 462 rabunt
1175 434 1290 462 Domino
1303 456 1310 467 ,
1324 435 1464 471 longitudo
1483 437 1604 472 quinque
1622 443 1649 465 et
1676 439 1772 474 viginti
1788 439 1848 466 mil-

1060 478 1112 510 lia,
1127 484 1154 506 ct
1175 479 1287 507 latitudo
1301 480 1337 516 (p)
1360 481 1452 508 decem
1467 483 1562 509 millia.
1585 483 1628 510 10.
1653 483 1755 510 IIorttm
1768 489 1849 511 erttut

1059 524 1185 559 primitiae
1218 526 1380 553 Sanctorum
1412 528 1584 555 sacerdotum
1619 529 1655 556 ad
1682 530 1848 564 septentrio-

1059 577 1121 596 nem
1144 570 1263 606 quinque
1281 575 1308 599 et
1327 572 1428 608 _viginti
1451 574 1533 600 millia
1548 594 1555 606 ,
1580 579 1606 602 et
1628 575 1661 601 ad
1688 583 1763 602 mare
1789 576 1849 602 lali-

1059 615 1124 643 t’udo
1150 617 1242 644 decem
1269 618 1374 650 millia,
1400 620 1433 653 >ς<
1466 624 1494 646 et
1514 619 1548 647 ad
1572 620 1703 647 orientem
1733 620 1849 648 latitudo

1058 661 1151 688 decem
1170 661 1253 688 millia
1270 663 1292 696 ζ,
1310 667 1336 689 et
1350 663 1383 690 ad
1404 668 1527 691 austrum
1551 664 1693 698 longitudo
1708 665 1803 699 viginti
1822 669 1849 692 et

1059 706 1178 741 quinque
1189 708 1283 740 millia,
1297 709 1333 744 (τι)
1347 714 1373 736 et
1384 709 1436 736 erit
1446 717 1525 737 mons
1541 709 1702 738 Sanctorum
1718 712 1745 738 in
1759 711 1849 738 ntedio

1058 753 1117 787 ejus
1138 753 1180 780 Il.
1204 755 1408 788 sacerdotibus,
1426 756 1602 784 sanctiﬁcatis
1630 757 1693 784 ﬁliis
1718 756 1847 789 Sadduc,

1059 798 1274 827 custodientibus
1294 801 1432 828 custodias
1447 801 1562 835 domus,
1580 802 1627 837 qui
1645 809 1700 830 non
1721 807 1849 830 errarunt

1059 844 1086 870 in
1104 851 1195 871 errore
1208 844 1326 871 ﬁliorum
1341 843 1458 878 lsraelis,
1473 846 1704 881 quemadmodum
1719 852 1848 874 errarunt

1057 889 1166 918 Levitaa.
1189 891 1233 918 12.
1249 891 1282 918 Et
1295 896 1375 918 erunt
1396 891 1436 919 eis
1450 891 1578 926 primitiae
1588 892 1657 919 data:
1668 899 1702 919 ex
1717 892 1848 926 primitiis

1056 939 1144 966 terrae,
1162 935 1291 964 Sanctum
1310 935 1472 964 Sanctorum
1487 937 1520 964 de
1537 937 1661 965 terminis
1674 937 1844 964 Levitarum.

1056 980 1098 1007 15.
1113 979 1213 1007 Levitis
1226 985 1315 1008 autem
1333 989 1394 1016 qua:
1403 981 1554 1016 propinqua
1579 981 1704 1008 terminis
1718 981 1850 1009 Sacerdo-

1055 1027 1282 1061 tum,quinqueet
1294 1027 1388 1062 viginti
1400 1027 1483 1054 millia
1494 1027 1633 1062 longitudo
1641 1032 1667 1054 et
1678 1027 1795 1054 latitudo
1802 1028 1850 1056 de-

1055 1079 1113 1100 cem
1120 1072 1219 1100 millia:
1230 1073 1468 1108 omnislongitudo
1476 1073 1597 1108 quinque
1608 1077 1635 1100 et
1647 1074 1741 1109 viginti
1750 1074 1846 1107 millia,

1055 1122 1082 1146 et
1092 1118 1206 1145 latitudo
1216 1118 1308 1145 decem
1319 1118 1413 1146 millia.
1430 1119 1472 1146 M.
1487 1118 1546 1146 Non
1559 1119 1691 1146 vendetur
1706 1127 1739 1147 ex
1754 1120 1803 1152 eis,
1818 1126 1846 1147 et

1056 1163 1090 1199 (r)
1103 1171 1154 1190 non
1166 1164 1406 1197 mensurabuntur,
1423 1171 1473 1191 nec
1488 1165 1690 1199 separabuntur
1704 1164 1739 1199 (s)
1750 1166 1846 1199 primi-

1056 1209 1101 1236 tiae
1116 1213 1297 1244 proventunm
1318 1214 1408 1241 terrae,
1424 1210 1488 1245 quia
1504 1209 1633 1237 Sanctum
1656 1215 1698 1238 est
1715 1210 1842 1238 Dotnino.

1056 1255 1099 1281 15.
1121 1254 1245 1290 Quinque
1258 1260 1348 1283 atttem
1363 1255 1446 1283 millia
1460 1255 1596 1291 superﬂua
1612 1264 1673 1292 qua
1684 1264 1766 1292 super
1781 1257 1845 1284 lali-

1056 1299 1149 1327 tudine
1163 1307 1243 1335 super
1258 1301 1352 1336 viginti
1366 1305 1392 1328 et
1402 1301 1522 1336 quinque
1534 1301 1665 1335 millibus,
1677 1302 1847 1329 antemurale

1055 1346 1105 1372 erit
1121 1345 1181 1372 urbi
1197 1346 1223 1373 III
1247 1346 1432 1374 habitaculum
1446 1367 1454 1379 ,
1468 1351 1496 1374 et
1518 1347 1544 1374 in
1562 1347 1735 1374 intervallum
1759 1348 1818 1383 ejus
1837 1357 1844 1374 :

1055 1396 1082 1418 et
1099 1391 1152 1419 erit
1174 1392 1239 1419 urbs
1264 1393 1289 1419 in
1317 1392 1405 1420 medio
1428 1394 1498 1428 ejus.
1525 1393 1567 1421 16.
1589 1392 1622 1421 Ει
1645 1393 1687 1421 ha:
1711 1401 1846 1422 mensura:

1056 1438 1115 1471 ejus
1133 1443 1141 1463 :
1159 1436 1193 1464 ab
1219 1437 1251 1472 (ι)
1273 1437 1305 1465 iis
1321 1445 1382 1472 qure
1407 1439 1440 1466 ad
1457 1439 1611 1473 aquilonem
1623 1459 1630 1471 ,
1650 1439 1794 1475 quingenti
1816 1445 1846 1467 et

1056 1483 1129 1511 mille
1141 1488 1247 1518 quater,
1260 1488 1286 1511 et
1297 1484 1332 1511 ab
1346 1484 1378 1512 iis
1391 1492 1452 1519 qum
1467 1485 1500 1512 ad
1515 1489 1650 1518 austrum,
1663 1486 1804 1520 quingenti
1819 1491 1846 1512 et

220 1529 266 1563 qui
288 1530 320 1557 ad
341 1539 417 1558 mare
432 1539 462 1559 ε.
477 1531 592 1560 ﬂama“,
612 1534 636 1567 ε,
653 1533 697 1561 ει,
713 1534 746 1561 Et
762 1534 888 1563 (ίίνίάειίε
906 1539 1003 1562 terra",
1018 1545 1039 1575 α
1057 1529 1142 1556 millia
1156 1535 1284 1564 qttatuor,
1299 1535 1325 1557 et
1338 1530 1371 1557 ab
1382 1530 1415 1558 iis
1428 1538 1489 1565 qua:
1502 1530 1535 1558 ad
1547 1531 1689 1564 orientem,
1702 1531 1846 1566 quingenti

219 1575 290 1602 lianc
299 1576 350 1609 eis,
366 1577 491 1605 tribubus
503 1578 622 1607 lsraelis.
633 1579 676 1608 22.
690 1579 800 1608 Mittctis
816 1588 874 1608 eam
892 1581 918 1608 in
931 1585 1004 1608 sorte

219 1620 306 1654 vobis,
325 1626 352 1649 et
370 1623 482 1651 advenis
503 1625 740 1652 commorantibus
757 1626 784 1652 itt
800 1627 890 1654 medio
910 1627 1003 1659 vostri,

218 1666 265 1701 qui
283 1673 435 1702 genuerunt
448 1668 517 1696 ﬁlios
532 1669 559 1695 in
573 1670 662 1696 medio
674 1670 770 1705 vestri,
790 1675 817 1698 et
834 1675 914 1698 erttnt
927 1671 1004 1698 voltis

219 1713 298 1747 quasi
314 1713 369 1740 nati
383 1714 502 1748 regionis
515 1714 542 1741 in
553 1715 614 1742 liliis
626 1714 734 1743 lsraelis
746 1725 752 1742 :
765 1724 826 1744 cum
838 1717 914 1744 vobis
925 1721 1005 1744 erunt

219 1758 248 1784 in
263 1757 419 1785 haereditate
429 1758 456 1784 in
470 1759 560 1786 medio
575 1759 873 1794 lribuumlsraelis,25.
885 1765 911 1788 et
925 1765 1005 1788 erunt

220 1803 248 1829 in
261 1803 334 1830 tribu
359 1803 524 1831 advenarum
543 1804 570 1831 in
594 1805 716 1838 advenis,
739 1796 786 1840 qui
803 1814 865 1834 cttnt
889 1807 950 1834 eis:
967 1806 1004 1834 ibi

220 1848 320 1876 dabitis
336 1848 520 1876 liaereditatcm
529 1849 580 1882 eis,
596 1850 662 1878 dicit
674 1850 807 1879 Dominus
817 1851 900 1880 Deus.

254 1895 319 1930 Cap.
334 1895 448 1923 XLVIII.
458 1911 492 1917 —
505 1897 531 1924 1.
543 1896 576 1924 Et
586 1898 643 1926 haec
655 1899 766 1926 nomina
778 1899 898 1927 tribuum
909 1899 941 1927 ab
954 1900 1004 1928 ini-

220 1940 257 1967 tio
269 1961 277 1973 ,
294 1941 368 1976 quod
388 1941 421 1969 ad
441 1942 596 1977 aquilonem
609 1963 616 1975 ,
633 1951 715 1979 super
731 1949 834 1979 partem
858 1946 1004 1974 descensus

219 1986 396 2015 discindcntis
421 1995 502 2024 super
522 1989 664 2016 introitum
688 1989 804 2018 Hamatlt
818 1992 879 2019 atrii
896 1991 984 2019 Elam
996 2013 1002 2025 ,

219 2033 354 2061 terminus
368 2033 491 2062 Damasci
504 2035 537 2062 ad
549 2035 702 2070 aquilonem
723 2044 818 2065 versus
832 2042 935 2072 partem
951 2037 1003 2065 Ila-

218 2079 292 2106 math
304 2087 332 2107 +
345 2080 406 2107 atrii
419 2081 431 2116 ζ
444 2089 450 2105 :
463 2085 490 2108 et
498 2083 637 2115 erunteis,
653 2090 713 2118 qua:
727 2083 760 2110 ad
775 2084 906 2111 orientetn
918 2093 1005 2120 usque

217 2125 250 2152 ad
265 2132 349 2158 mare,
368 2126 422 2154 Dan
437 2128 537 2154 una.2.
553 2127 585 2155 Et
598 2136 612 2155 a
627 2129 750 2156 terminis
765 2129 831 2163 Dan,
844 2131 878 2157 ab
893 2131 926 2158 iis
944 2139 1004 2166 qua:

217 2171 250 2198 ad
267 2172 398 2199 orientem
414 2181 500 2208 usque
515 2173 548 2200 ad
563 2182 594 2201 ea
611 2182 670 2209 qua:
684 2175 717 2202 ad
732 2183 822 2207 mare,
842 2178 923 2204 Asser
939 2185 1001 2204 una.

217 2216 244 2243 5.
263 2216 293 2244 Ει
306 2225 320 2244 a
330 2218 452 2246 terminis
463 2219 554 2252 Asser,
568 2220 600 2247 ab
612 2220 646 2247 iis
657 2228 718 2255 quae
730 2221 762 2248 ad
772 2222 901 2249 orientem
918 2230 1003 2257 usque

217 2261 251 2288 ad
269 2269 300 2289 ea
315 2270 375 2297 quae
386 2263 419 2290 ad
435 2272 519 2298 mare,
535 2264 676 2300 Ncpltthali
690 2274 752 2293 una.
766 2268 791 2294 4.
806 2267 839 2294 Et
852 2275 867 2294 a
882 2269 1003 2295 terminis

215 2305 376 2342 Ncpltthali,
400 2309 433 2336 ab
458 2310 563 2338 oriente
578 2319 664 2346 usqtte
680 2312 712 2338 ad
727 2319 759 2339 ea
777 2320 836 2347 quze
854 2313 886 2339 ad
908 2321 1001 2345 mare,

215 2352 341 2381 Manassc
355 2362 418 2381 una.
436 2354 462 2381 5.
481 2355 513 2382 Et
527 2363 541 2382 a
558 2356 680 2383 terminis
696 2357 828 2390 Manasse,
844 2358 878 2385 ab
893 2358 926 2385 iis
943 2362 1003 2393 qua:

216 2398 249 2425 ad
263 2399 395 2427 orientem
414 2408 500 2435 usque
514 2401 546 2427 ad
566 2407 597 2428 ea
623 2409 684 2436 qua:
709 2402 741 2429 ad
766 2410 854 2436 mare,
877 2402 1001 2438 Epltrmm

215 2452 280 2472 una.
301 2445 328 2472 6.
355 2445 388 2472 Et
414 2454 430 2473 a
453 2446 576 2474 terminis
602 2448 741 2483 Ephrmm,
768 2448 802 2475 ab
830 2449 863 2477 iis
885 2458 945 2484 quae
969 2451 1001 2477 ad

216 2491 349 2518 orientem
367 2499 454 2526 usque
483 2493 515 2519 ad
533 2501 563 2520 ea
588 2501 648 2528 qure
671 2495 704 2521 ad
719 2502 809 2526 mare,
827 2494 912 2522 Rubel
937 2504 1000 2522 una.

217 2534 242 2561 7.
267 2535 299 2561 Et
320 2543 334 2562 a
354 2537 476 2564 terminis
511 2538 595 2566 llubel
622 2539 656 2566 al)
679 2539 712 2567 iis
729 2547 789 2574 quae
813 2541 846 2567 ad
869 2541 1000 2569 orientem

218 2588 303 2615 usque
318 2582 351 2608 ad
366 2590 398 2609 ea
417 2590 478 2618 qua
493 2584 525 2611 ad
543 2592 630 2617 mare,
644 2584 721 2612 Iudae
745 2594 809 2613 una.
827 2587 852 2613 8.
867 2587 899 2613 Et
915 2595 929 2614 a
945 2593 1000 2615 ter-

217 2625 299 2652 minis
325 2626 416 2659 .ludae,
448 2628 482 2654 ab
509 2628 540 2656 iis
566 2637 626 2664 qum
652 2631 684 2656 ad
705 2630 836 2658 orientem
853 2639 940 2667 usque
970 2633 1002 2661 ad

259 2703 297 2737 (h)
313 2703 355 2736 S.,
383 2706 506 2733 naturale
531 2706 590 2734 fuit.

1056 1581 1082 1603 et
1096 1576 1181 1602 millia
1192 1580 1318 1610 quatuor,
1335 1580 1362 1603 et
1379 1576 1412 1603 ab
1427 1576 1461 1604 iis
1475 1584 1535 1612 quae
1551 1577 1585 1604 ad
1601 1584 1686 1610 mare,
1704 1577 1846 1612 quingenti

1055 1625 1082 1648 et
1097 1621 1169 1648 mille
1191 1625 1296 1656 quater.
1321 1621 1365 1648 l7.
1385 1622 1416 1649 Et
1431 1622 1482 1649 erit
1495 1622 1721 1662 (uiintervallum
1737 1623 1797 1650 urbi
1810 1623 1844 1649 ad

1055 1666 1210 1701 aquilonem
1227 1666 1338 1693 ducenti
1358 1670 1386 1693 et
1401 1666 1608 1702 quinquaginta,
1627 1671 1653 1694 et
1668 1667 1701 1694 ad
1720 1671 1844 1694 austrum

1055 1711 1165 1738 ducenti
1178 1715 1204 1739 et
1217 1711 1416 1747 quinquaginta
1430 1732 1436 1744 ,
1453 1716 1480 1739 et
1495 1712 1529 1739 ad
1543 1713 1676 1739 orientem
1692 1712 1801 1739 ducenti
1819 1717 1846 1739 et

1056 1758 1263 1793 quinquaginta,
1278 1764 1304 1785 et
1321 1758 1353 1784 ad
1369 1765 1442 1784 mare
1464 1757 1573 1785 ducenti
1592 1762 1619 1785 et
1636 1758 1845 1793 quinquaginta.

1056 1804 1099 1831 18.
1121 1803 1155 1830 Ει
1171 1803 1337 1838 superﬂuum
1359 1803 1545 1838 longitudinis,
1572 1803 1611 1839 (τε)
1631 1804 1706 1838 quod
1730 1804 1845 1838 propin-

1055 1856 1140 1884 quum
1158 1848 1285 1884 primitiis
1302 1848 1457 1876 Sanctuarii
1468 1869 1475 1881 ,
1496 1849 1589 1876 decem
1606 1849 1692 1876 millia
1705 1849 1739 1876 ad
1753 1849 1846 1876 orien-

1055 1899 1109 1923 tem
1122 1915 1129 1927 ,
1144 1899 1171 1922 et
1186 1896 1278 1922 deeetn
1300 1895 1385 1922 millia
1407 1895 1440 1921 ad
1467 1902 1542 1922 mare
1557 1904 1564 1921 :
1582 1899 1608 1921 et
1623 1899 1704 1922 erunt
1718 1894 1845 1930 primitiae

1056 1942 1220 1974 Sanctuarii,
1235 1947 1261 1969 et
1275 1946 1355 1968 erunt
1365 1946 1513 1976 proventus
1525 1941 1585 1976 ejus
1599 1941 1625 1968 itt
1641 1949 1726 1976 panes
1738 1941 1783 1974 iis,
1798 1941 1844 1976 qui

1055 1994 1203 2022 operantur
1225 1987 1295 2014 urbi.
1320 1987 1363 2014 19.
1386 1987 1438 2020 Qui
1462 1993 1552 2014 autent
1585 1991 1734 2022 operantur
1764 1987 1843 2018 urbi,

1054 2034 1239 2069 operabuntur
1259 2034 1284 2060 ei
1301 2041 1334 2060 ex
1358 2033 1486 2061 omnibus
1507 2033 1632 2060 tribubus
1657 2032 1775 2060 lsraelis.
1797 2032 1841 2059 20.

1055 2078 1156 2106 Omnes
1179 2079 1305 2114 primitiae
1328 2079 1450 2114 qttinque
1478 2084 1505 2106 et
1527 2079 1621 2114 viginti
1651 2079 1735 2106 millia
1763 2087 1843 2114 super

1055 2125 1174 2160 quinque
1187 2129 1215 2152 et
1231 2124 1324 2160 viginti
1346 2125 1448 2152 millia:
1467 2124 1504 2160 (y)
1528 2125 1748 2160 quadrangulum
1767 2133 1844 2159 sepa-

1055 2172 1150 2199 rabitis
1162 2171 1222 2205 ejus
1236 2171 1262 2198 in
1276 2171 1412 2206 primitias
1427 2171 1580 2198 Sauctuarii
1593 2171 1628 2206 (ε)
1642 2179 1656 2197 a
1672 2172 1843 2205 possessione

1019 2212 1044 2242 Π
1057 2218 1140 2245 urbis.
1157 2218 1202 2245 21.
1215 2218 1295 2250 Quod
1303 2223 1393 2245 autent
1406 2217 1585 2252 superﬂuum,
1596 2218 1658 2245 duci
1670 2226 1702 2244 ex
1715 2218 1767 2244 hoc
1777 2223 1801 2244 el
1813 2226 1842 2244 cx

1058 2265 1131 2292 Itoca
1146 2263 1274 2299 primitiis
1286 2263 1452 2296 Sanctuarii,
1466 2268 1493 2291 et
1508 2263 1534 2290 in
1553 2263 1755 2298 possessionem
1769 2262 1843 2289 uritis

1057 2311 1091 2343 χ
1106 2314 1198 2336 contra
1212 2309 1307 2336 faciem
1320 2310 1331 2344 ζ
1348 2310 1386 2343 ((ι)
1396 2317 1476 2344 super
1488 2310 1608 2344 quinque
1619 2309 1749 2343 etvigittti
1762 2309 1842 2335 millia

1057 2355 1208 2391 longitudo,
1225 2363 1312 2390 usque
1323 2355 1355 2382 ad
1371 2356 1501 2382 terminos
1517 2363 1622 2387 eorum,
1635 2363 1696 2390 qua:
1708 2356 1741 2382 ad
1755 2355 1841 2383 orien-

1057 2406 1109 2429 tem
1128 2407 1154 2428 οι
1169 2401 1203 2428 ad
1220 2409 1295 2428 mare
1306 2421 1314 2433 ,
1332 2402 1365 2434 >ς<
1380 2409 1460 2436 super
1477 2402 1489 2436 ζ
1514 2400 1609 2428 faciem
1625 2402 1747 2436 quinque
1762 2405 1790 2428 et
1805 2401 1843 2428 vi-

1056 2447 1122 2482 ginti
1137 2447 1228 2479 millia,
1242 2455 1328 2481 usque
1340 2446 1371 2473 ad
1383 2447 1513 2474 terminos
1524 2455 1630 2479 eorum,
1643 2455 1704 2482 quae
1713 2447 1745 2474 ad
1759 2455 1841 2477 mare,

1056 2494 1082 2521 in
1105 2494 1258 2528 propinquo
1282 2493 1399 2527 partiuut
1425 2493 1503 2520 ducis
1525 2503 1531 2520 :
1558 2497 1585 2520 et
1609 2497 1690 2519 erunt
1716 2492 1842 2527 primitia:

1057 2539 1230 2571 Sanctorum,
1245 2543 1272 2566 et
1288 2538 1482 2565 Sanctuarium
1499 2539 1598 2566 domus
1615 2538 1642 2565 in
1660 2538 1750 2565 medio
1761 2538 1821 2572 ejus
1835 2545 1841 2562 :

1055 2586 1099 2612 22.
1118 2590 1144 2612 et
1157 2585 1191 2612 de
1209 2584 1379 2620 possessione
1395 2584 1549 2611 Levitarum
1560 2606 1567 2617 ,
1583 2589 1610 2612 et
1623 2584 1656 2612 de
1671 2584 1841 2619 possessione

1057 2631 1131 2658 urbis
1147 2631 1174 2657 in
1188 2630 1276 2657 medio
1287 2650 1294 2662 ,
1312 2630 1389 2657 ducis
1403 2631 1455 2658 erit
1471 2630 1541 2658 inter
1560 2630 1692 2658 terminos
1710 2629 1801 2660 Iudae,
1818 2632 1853 2654 ct"

647 2708 681 2748 (il
777 2709 876 2748 Joseph
904 2710 1041 2748 funiculus
1070 2709 1433 2748 prolet15tts_.utﬁjAtllltaI)
1467 2710 1586 2748 Tli_iras_,__
1604 2710 1714 2748 Epltrim
1743 2709 1838 2748 Aliam.

217 2738 254 2785 φ.
268 2738 396 2785 suae...
413 2740 606 2785 ςεωμξιοξηωιις
647 2738 944 2785 (δέ).βιὲ.³Ρρςε’¹ιεηε.ίρ
965 2738 1058 2785 suis.

1098 2748 1133 2780 (0)
1146 2745 1187 2777 S.,
1204 2744 1308 2772 dabitis
1318 2745 1461 2779 primitias.
1501 2746 1538 2780 (p)
1558 2745 1657 2780 Viginti
1668 2750 1695 2772 et
1709 2745 1838 2779 quinque.

217 2773 255 2817 (ᾖ)
268 2773 310 2817 §.,
322 2774 358 2817 ita
368 2779 397 2815 _ul
412 2773 654 2817 sit'§a2ctua[iitm
676 2773 844 2817 Domini-in
863 2782 950 2808 tnedio
961 2773 1004 2816 eju

1070 2773 1105 2817 (ri
1126 2773 1202 2817 ’ΝοὲιΑ
1225 2773 1427 2817 permu'tabu_ut.
1467 2773 1733 2817 (s)"1"h.,f'primilize
1752 2773 1837 2817 terra.

217 2803 251 2842 ii)
267 2803 309 2841 8.;
323 2808 402 2836 facie.
442 2810 480 2844 (ιι)
496 2809 556 2843 τὴ..
576 2803 713 2839 uisitata;

217 2848 341 2878 quartam
351 2849 464 2879 partem.

752 2815 791 2849 (τε)
811 2815 854 2846 3.,
867 2815 1004 2844 secundun

1057 2815 1173 2851 riutttias
1187 2815 1352 2851 Sanctuarii,
1372 2815 1432 2851 Tlt.,
1451 2820 1544 2842 contra
1562 2815 1707 2851 primitias.

505 2845 541 2880 (ι)
559 2845 598 2878 8.,
618 2847 676 2880 Tlt.,
703 2849 734 2875 ad
747 2845 949 2883 possessionem
968 2845 1053 2879 urbis.

1747 2815 1785 2851 ly)
1798 2813 1837 2846 8η

1094 2852 1130 2886 (η)
1149 2850 1192 2884 S.,
1210 2850 1303 2885 viginti
1320 2856 1346 2878 et
1363 2850 1484 2885 quinque
1514 2850 1640 2878 ntillittut.
