1959 3079
208 119 281 147 2775

762 113 996 142 llEXAPLORUM
1016 111 1099 145 QUAE
1121 109 1340 139 SUPERSUNT.

1767 105 1840 132 2776

245 176 272 202 7.
295 175 326 202 Et
339 174 471 209 imposuit
482 174 522 201 cis
535 173 662 208 princeps
673 171 978 200 eunuclmrumnomina
993 180 998 197 :

1087 171 1114 196 7.
1131 169 1187 196 Καὶ
1201 168 1337 202 ἐπέθηκεν
1356 167 1446 197 αὐτοῖς
1465 167 1478 193 ὁ
1498 164 1690 200 ἀρχιευνοῦχος
1709 164 1841 198 ὀνόματα,

210 221 315 249 Ilanieli
331 221 440 255 quidem
457 220 592 252 Baltasar,
610 219 723 246 Ananiae
748 218 866 246 Sedrach
878 238 885 250 ,
901 223 928 245 et
949 217 1001 244 Mi-

211 267 277 294 saeli
295 266 408 297 Misach,
426 270 452 292 ct
465 265 569 292 Azarias
584 264 741 298 Abdenago.

214 317 230 323 "
245 312 273 339 8.
295 313 327 339 Et
344 312 470 346 cogitarit
486 311 578 338 Daniel
600 310 627 337 in
646 311 749 341 corde,
776 316 810 336 ne
836 308 1003 343 pollueretur

211 359 239 385 in
256 358 317 386 cibo
337 357 417 393 regis,
443 363 471 384 et
493 365 521 383 in
540 356 616 388 vino,
629 355 711 392 quod
737 354 805 382 bibit
824 364 830 381 :
855 359 883 382 et
900 354 1005 389 rogavit

213 405 365 439 principem
384 403 584 435 eunuchorum,
603 410 638 430 ne
651 402 886 437 coinquinaretur.

247 495 274 523 9.
292 495 324 522 Et
338 494 411 522 dedit
424 494 555 522 Dominus
569 493 673 522 Danieli
689 494 820 521 honorem
848 497 875 520 et
889 493 1003 528 gratiam

213 541 240 568 in
256 545 402 575 conspectu
418 540 550 575 principis
571 540 772 567 eunuchorum.

249 587 294 614 10.
316 587 348 613 Et
362 586 430 613 dixit
441 586 567 621 princeps
580 585 768 613 cunuchorum
781 585 897 617 Danieli,
913 585 1006 619 Angor

214 638 289 660 metu
313 633 415 659 domini
432 633 484 660 mei
506 633 594 668 regis,
616 632 662 667 qui
684 632 820 659 ordinavit
843 631 934 658 cibum
959 638 1007 657 ve-

215 685 302 706 strum
314 700 321 711 ,
338 682 365 706 et
379 683 472 713 potum
487 683 606 705 vestrum
618 698 626 710 ,
643 686 677 705 ne
690 678 780 705 videat
795 676 877 704 facies
902 682 1007 704 vestras

216 724 341 752 diversas
365 729 392 751 et
415 721 538 751 inlirmas
554 731 609 759 prae
620 722 827 751 adolescentulis
841 721 1007 757 alienigena-

217 779 287 802 rum.
305 771 351 805 qui
366 771 477 798 aluntur
499 771 638 798 vobiscum
651 791 658 803 ,
680 775 707 797 et
728 769 880 804 periculum
904 767 1006 803 proprii

217 818 280 846 colli
300 818 426 845 subeam.

1053 215 1093 251 τῷ
1118 214 1167 250 μὲν
1182 214 1281 248 Δανιὴλ
1302 212 1462 247 Βαλτάσαρ,
1481 211 1521 246 τῷ
1544 211 1572 237 δὲ
1597 209 1708 244 Ἀνανία
1726 209 1842 244 Σεδρὰχ,

1055 262 1103 288 καὶ
1120 260 1158 295 τῷ
1175 259 1283 295 Μισαὴλ
1299 259 1404 294 Μισὰχ,
1418 258 1465 284 καὶ
1477 257 1516 293 τῷ
1544 255 1658 292 Ἀζαρία
1679 254 1844 288 Ἀϐδεναγώ.

1092 307 1117 334 8.
1134 305 1353 341 Καὶὲνεθυμήθη
1364 304 1464 340 Δανιὴλ
1479 305 1507 330 ἐν
1524 304 1557 338 τῇ
1579 302 1677 338 καρδίᾳ
1688 322 1695 335 ,
1716 301 1792 331 ὅπως
1808 299 1844 335 μὴ

1055 352 1190 388 ἀλισγηθῇ
1208 353 1236 378 ἐν
1247 351 1286 386 τῷ
1297 351 1398 386 δείπνῳ
1410 349 1456 376 τοῦ
1470 349 1613 385 βασιλέως,
1626 348 1673 374 καὶ
1688 348 1717 373 ὲν
1732 343 1755 380 ᾧ
1772 345 1845 372 πίνει

1055 399 1135 434 οϊνῳ·
1149 398 1196 424 καὶ
1208 398 1308 433 ἠξίωσε
1324 397 1368 424 τὸν
1384 395 1578 432 ἀρχιευνοῡχον
1590 414 1597 428 ,
1622 394 1666 421 ἵνα
1685 393 1723 429 μὴ
1739 400 1846 426 συμμοο

1054 443 1137 479 λυνθῇ
1142 464 1150 472 .

1091 488 1118 514 9.
1131 487 1186 514 Kal
1203 486 1286 513 ἔδωκε
1300 486 1402 523 Κύριος
1414 485 1452 521 τῷ
1465 485 1564 521 Δανιὴλ
1588 485 1670 520 τιμὴν
1702 485 1748 511 καὶ
1766 482 1846 518 χάριν

1055 534 1177 560 ἐναντίον
1189 533 1235 560 τοῦ
1247 532 1451 569 ἀρχιευνούχου.

1091 578 1135 606 10.
1151 579 1205 605 Kal
1218 576 1293 604 εἶπεν
1306 579 1319 604 ὁ
1332 576 1523 612 ἀρχιευνοῦχος
1542 576 1580 611 τῷ
1595 575 1704 610 Δανιὴλ,
1723 572 1847 608 Ἀγωνιῶ

1056 623 1102 651 τὸν
1117 623 1212 660 κύριόν
1228 632 1279 659 μου
1292 623 1337 649 τὸν
1351 622 1474 657 βασιλέα,
1490 622 1538 648 τὸν
1549 621 1700 654 ἐπιτάξαντα
1709 620 1759 655 τὴν
1778 618 1847 654 βρῶ-

1058 678 1099 696 σιν
1115 670 1202 705 ὑμῶν,
1220 670 1267 696 καὶ
1283 668 1332 704 τὴν
1347 668 1425 696 πόσιν
1441 668 1528 704 ὑμῶν.
1544 667 1587 693 ἵνα
1606 667 1643 702 μὴ
1655 667 1696 702 ἴδῃ
1713 666 1748 693 τὰ
1762 666 1848 700 πρόσ-

1057 725 1120 742 ωπα
1142 715 1218 750 ὑμῶν
1243 714 1463 750 διατετραμμὲνα
1487 713 1533 740 καὶ
1564 713 1666 747 ἀσθενῆ
1690 712 1769 747 παρὰ
1784 711 1848 743 τοὺς

1059 761 1289 797 συντρεφομένους
1316 760 1380 795 ὑμῖν
1396 759 1505 791 νεανίας
1532 759 1587 785 τῶν
1600 757 1753 792 ἀλλογενῶν
1767 778 1776 790 ,
1802 756 1848 784 καὶ

1059 806 1223 834 κινδυνεύσω
1235 806 1273 841 τῷ
1288 805 1346 841 ἰδίῳ
1357 806 1496 841 τραχήλῳ.

253 864 297 891 11.
319 865 352 891 Et
367 864 434 891 dixit
449 863 542 890 Daniel
557 862 679 890 Abiesdri
690 883 698 895 ,
714 861 761 897 qui
775 861 931 888 declaratus
946 859 1007 886 fuc-

1095 852 1138 879 11.
1153 852 1208 878 Kal
1225 849 1301 878 εἶπεν
1327 851 1426 887 Δανιὴλ
1452 850 1588 885 Ἀὃιεσδρὶ
1605 849 1643 886 τῷ
1663 848 1848 883 ἀναδειχθέντι

218 915 261 937 rat
283 909 504 937 arcbicunuchus
520 916 601 944 super
617 908 754 936 Danielem
767 927 774 940 ,
794 907 939 938 Ananiam,
956 904 1007 931 Mi-

218 956 329 988 saelcm,
345 955 484 982 Azariam:

256 1002 299 1028 12.
321 1001 632 1034 Tcntn,qu:eso.pueros
653 1003 715 1026 tuos
729 1006 776 1033 per
789 998 846 1025 dies
863 997 965 1026 decem.
984 999 1011 1023 et

219 1048 299 1075 detur
321 1047 400 1074 nobis
414 1047 446 1073 de
465 1045 647 1081 leguminibus
662 1050 751 1078 terrae,
767 1049 796 1071 ut
813 1043 989 1071 comedamus
1000 1061 1008 1074 ,

218 1098 247 1120 et
264 1100 363 1127 aquam
380 1092 518 1119 bibamus.

257 1139 300 1167 13.
322 1139 354 1166 Et
372 1139 395 1166 si
417 1142 546 1173 appareat
568 1141 694 1172 aspectus
715 1141 808 1164 noster
833 1136 957 1164 diwrsns
977 1135 1011 1162 al)

221 1185 283 1212 aliis
294 1184 505 1212 adolescentulis
515 1203 523 1216 ,
541 1183 587 1218 qui
603 1183 688 1210 edunt
702 1182 735 1210 de
751 1182 824 1217 regia
837 1189 926 1214 cinna,
941 1181 1013 1208 sicut

222 1233 354 1266 volueris,
368 1233 409 1261 sic
424 1236 500 1259 utere
515 1231 602 1259 servis
621 1230 685 1258 tuis.

261 1324 303 1352 14.
324 1324 454 1358 Fecitque
468 1323 508 1350 eis
527 1323 579 1350 hoc
595 1322 694 1354 modo,
709 1327 736 1349 et
756 1319 872 1348 tentavit
888 1327 936 1347 eos
956 1318 1014 1346 die-

224 1371 277 1398 hus
292 1370 396 1397 decem.

261 1415 306 1442 15.
335 1413 400 1441 Pust
421 1413 513 1440 decem
539 1412 597 1440 dies
613 1411 743 1447 apparuit
766 1414 893 1446 aspectus
919 1416 1014 1437 eorum

225 1459 350 1495 pulcher,
365 1464 391 1486 et
405 1459 515 1486 habitus
529 1456 650 1492 corporis
667 1457 763 1484 melior
777 1456 839 1484 aliis
854 1455 1014 1483 adolescen—

227 1505 301 1536 tulis,
319 1504 366 1538 qui
383 1504 500 1531 edebant
515 1502 615 1537 regiam
636 1509 754 1529 coenam.

265 1550 308 1576 16.
329 1549 361 1577 Et
379 1554 436 1577 erat
461 1549 586 1576 Abiesdri
610 1548 708 1576 tollens
725 1554 831 1574 coenam
855 1553 966 1578 eorum,
990 1549 1017 1572 et

226 1596 320 1623 vinum
335 1602 440 1628 eorum,
454 1599 481 1622 et
494 1602 544 1629 pro
565 1593 607 1621 his
623 1593 706 1620 dabat
717 1593 757 1620 eis
770 1592 804 1620 de
820 1590 1014 1627 leguminibus.

263 1687 308 1713 17.
329 1685 363 1712 Et
383 1683 591 1712 adolescentulis
605 1682 679 1710 dedit
693 1682 825 1709 Dominus
850 1680 992 1708 scientiam
1007 1699 1015 1712 ,

227 1736 256 1759 et
272 1730 487 1765 intelligentiam,
499 1733 525 1756 et
539 1729 710 1762 prudentiam
725 1728 751 1755 in
764 1727 838 1755 omni
851 1731 908 1754 arte
921 1726 1016 1752 litera-

229 1777 271 1803 ria
283 1784 289 1800 :
305 1775 408 1802 Danicli
422 1781 486 1801 vero
494 1775 568 1801 dedit
579 1774 783 1808 intelligentiam
797 1773 824 1799 in
836 1771 912 1798 omni
923 1771 1016 1802 verbo,

228 1825 258 1848 et
270 1820 385 1852 visione,
401 1824 428 1846 et
441 1819 566 1851 somniis,
581 1821 608 1845 et
623 1819 651 1845 in
666 1818 740 1845 omni
755 1816 897 1851 sapientia.

268 1865 310 1893 18.
330 1865 395 1892 Post
406 1869 495 1891 autem
505 1864 563 1891 dies
578 1863 789 1898 istosjussitrex
800 1862 935 1889 introduci
949 1869 1016 1889 eos:

230 1917 258 1938 et
270 1911 417 1938 introducti
432 1914 495 1937 sunt
509 1917 523 1936 a
537 1909 659 1944 principe
674 1909 863 1935 cunuchorum
877 1907 910 1934 ad
926 1914 1016 1942 regem

231 1955 493 1984 Nabuchodonosor.

267 2002 310 2029 19.
348 2001 471 2036 Cumque
492 2000 531 2028 eis
546 1999 698 2027 collocutus
711 2003 753 2025 est
772 2005 838 2031 rex;
856 2003 880 2025 el
900 2005 952 2025 non
977 1997 1019 2024 in-

231 2053 328 2076 ventus
337 2052 378 2075 est
393 2047 419 2074 in
434 2046 603 2081 sapientibus
617 2045 713 2072 similis
727 2043 844 2075 Danieli,
855 2048 883 2070 et
894 2043 1018 2076 Ananize,

230 2099 258 2121 et
268 2092 382 2124 Misaeli,
399 2097 426 2119 ct
444 2091 558 2123 Azariee,
572 2094 703 2124 erantque
716 2089 788 2124 apud
804 2096 904 2123 regem.

266 2139 314 2167 20.
330 2140 363 2166 Et
377 2139 404 2166 in
427 2138 502 2166 omni
521 2137 614 2169 verbo,
636 2140 664 2163 et
682 2135 859 2170 intelligentia
871 2156 878 2168 ,
895 2139 924 2162 et
938 2133 1021 2161 disci-

1059 896 1243 933 ἀρχιευνούχῳ
1250 896 1295 922 ἐπὶ
1309 895 1354 922 τὸν
1363 895 1472 931 Δανιὴλ,
1488 895 1621 928 Ἁνανίαν,
1633 894 1756 929 Μισαὴλ,
1766 893 1848 925 ’Δζα-

1060 950 1131 979 ρίαν·

1097 989 1139 1016 12.
1154 988 1286 1024 Πείρασον
1296 987 1328 1023 δὴ
1345 987 1408 1018 τοὺς
1421 986 1519 1018 παῖδας
1534 995 1580 1013 σου
1596 985 1637 1022 ἐφ’
1653 985 1761 1021 ἡμέρας
1771 985 1849 1018 δέκα,

1061 1036 1108 1062 καὶ
1137 1035 1240 1070 δοθήτω
1267 1034 1332 1069 ἡμῖν
1350 1033 1403 1059 ἀπὸ
1421 1033 1475 1060 τῶν
1488 1032 1608 1068 ὀσπρίων
1631 1033 1681 1067 τῆς
1694 1032 1758 1066 γῆς,
1779 1031 1849 1058 ὥστε

1061 1080 1188 1112 κάπτειν,
1204 1079 1250 1106 καὶ
1270 1078 1436 1114 ὑδροποτεῖν.

1098 1125 1142 1151 15.
1167 1124 1222 1150 Kal
1244 1123 1291 1150 ἐὰν
1314 1124 1383 1158 φανῇ
1404 1124 1420 1158 ὴ
1443 1123 1502 1158 ὖψις
1528 1122 1605 1158 ἡμῶν
1628 1121 1848 1157 διατετραμμένη

1063 1171 1138 1206 παρᾶ
1152 1171 1215 1201 τοὺς
1234 1169 1329 1201 ἄλλους
1343 1170 1500 1201 νεανίσκους
1511 1169 1575 1200 τοὺς
1594 1168 1732 1199 ἐσθίοντας
1742 1166 1850 1194 ἀπὸτοῦ

1064 1216 1203 1252 βασιλικοῦ
1224 1215 1342 1248 δείπνου,
1359 1214 1449 1247 καθὼς
1474 1215 1521 1241 ἐὰν
1542 1214 1636 1251 θέλῃς,
1657 1213 1729 1240 οὓτω
1750 1213 1850 1249 χρῆσαι

1062 1265 1119 1295 τοῖς
1134 1262 1212 1289 παισί
1227 1271 1284 1289 σου.

1101 1308 1144 1334 14.
1162 1307 1217 1334 Kal
1233 1308 1366 1344 ἐχρήσατο
1382 1306 1472 1337 αὐτοῖς
1495 1305 1541 1332 τὸν
1564 1305 1664 1341 τρόπον
1681 1305 1786 1338 τοῦτον,
1806 1306 1852 1332 καὶ

1066 1354 1209 1389 ἐπείρασεν
1222 1353 1319 1384 αὐτοὺς
1333 1353 1439 1388 ἡμέρας
1459 1352 1534 1379 δέκα.

1103 1399 1145 1427 15.
1162 1399 1240 1426 Μετὰ
1253 1398 1301 1430 τὰς
1316 1399 1382 1426 δέκα
1399 1398 1523 1434 ἡμέρας,
1546 1397 1631 1432 ἐφάνη
1649 1397 1665 1432 ἡ
1684 1396 1746 1430 ὄψις
1763 1396 1853 1423 αὐτῶν

1066 1445 1148 1481 καλὴ,
1162 1445 1238 1480 καὶὴ
1257 1445 1312 1477 ἕξις
1327 1444 1373 1472 τοῦ
1398 1444 1523 1478 σώματος
1544 1443 1676 1479 κρείσσων
1691 1442 1746 1469 τῶν
1765 1442 1854 1469 ἄλλων

1068 1491 1216 1519 νεανίσκων
1235 1490 1288 1518 τῶν
1303 1490 1447 1516 ἐσθιόντων
1464 1489 1494 1516 τὸ
1511 1488 1647 1524 βασιλικὸν
1663 1488 1782 1514 δεῖπνον.

1103 1537 1145 1564 16.
1162 1536 1218 1563 Kal
1232 1533 1266 1572 ἦν
1285 1536 1419 1571 Ἀϐιεσδρὶ
1431 1534 1623 1570 ἀναιρούμενος
1638 1534 1668 1560 τὺ
1684 1534 1791 1560 δεῖπνον
1805 1534 1855 1560 αὖ·

1067 1582 1132 1616 τῶν,
1144 1582 1190 1609 καὶ
1200 1582 1245 1608 τὸν
1262 1578 1332 1608 οἶνον
1353 1580 1451 1613 αὐτῶν,
1474 1581 1519 1607 καὶ
1537 1580 1672 1607 ἀντεδίδου
1696 1580 1788 1611 αὐτοῖς
1802 1579 1855 1605 ana

1069 1628 1122 1655 τῶν
1135 1628 1267 1663 ὀσπρίων.

1105 1672 1149 1699 17.
1167 1672 1222 1699 Kal
1235 1673 1290 1703 τοῖς
1300 1671 1452 1703 νεανίσκοις
1472 1670 1572 1697 ἔδωκεν
1588 1672 1602 1697 ὁ
1619 1670 1721 1706 Κύριος
1742 1671 1856 1705 ἐπιστή-

1072 1728 1136 1754 μην,
1148 1719 1194 1745 καὶ
1207 1718 1324 1749 σύνεσιν,
1336 1719 1382 1745 καὶ
1401 1718 1530 1753 φρόνησιν
1544 1718 1573 1744 ἐν
1585 1718 1658 1753 πάσῃ
1674 1718 1855 1753 γραμματικῇ

1068 1765 1165 1800 τέχνῃ·
1182 1764 1229 1791 καὶ
1243 1763 1283 1799 τῷ
1300 1763 1398 1799 Δανιὴλ
1420 1763 1503 1790 ἔδωκε
1519 1762 1625 1790 σύνεσιν
1640 1764 1669 1789 ἐν
1696 1762 1778 1789 παντὶ
1805 1763 1856 1797 ῥή-

1072 1818 1136 1846 ματι
1147 1811 1193 1837 καὶ
1206 1810 1334 1845 ὁράματι,
1345 1810 1391 1837 καὶ
1406 1810 1552 1841 ἐνυπνίοις,
1561 1810 1607 1835 καὶ
1618 1809 1648 1835 ἐν
1657 1809 1730 1844 πάσῃ
1741 1808 1854 1843 σοῳίᾳί.

1106 1857 1150 1886 18.
1165 1855 1244 1884 Μετὰ
1254 1856 1282 1883 δέ
1296 1857 1347 1888 τὰς
1361 1856 1467 1892 ἡμέρας
1480 1856 1590 1888 ταύτας,
1607 1855 1737 1887 ἐπέταξεν
1747 1856 1761 1881 ὁ
1779 1854 1857 1889 βασι-

1069 1903 1132 1935 λεὺς
1144 1904 1300 1937 εἰσαγαγεῖν
1314 1902 1422 1934 αὐτοὺς,
1439 1902 1486 1928 καὶ
1505 1901 1671 1937 εἰσήχθησαν
1684 1900 1738 1927 ἀπὸ
1749 1899 1796 1926 τοῦ
1808 1901 1857 1934 ἀρ-
1900 1907 1903 1909 ‘

1070 1949 1225 1985 χιευνούχου
1238 1948 1306 1984 πρὸς
1324 1948 1370 1975 τὸν
1385 1947 1497 1983 βασιλέα
1512 1946 1757 1982 Ναϐουχοδονόσορ.

1108 1994 1151 2021 19.
1169 1994 1223 2020 Kal
1236 1993 1372 2029 ὡμίλησεν
1390 1994 1480 2025 αὐτοῖς
1496 1994 1509 2019 ὀ
1521 1992 1661 2028 βασιλεύςσ
1683 1992 1730 2018 καὶ
1747 1992 1795 2027 οὐχ
1811 1991 1856 2018 εὖ·

1072 2039 1137 2074 ρέοη
1154 2039 1183 2064 ἐν
1197 2039 1254 2069 τοῖς
1266 2039 1358 2072 σοφοῖς
1370 2038 1460 2072 ὅμοιος
1475 2037 1513 2072 τῷ
1530 2037 1638 2073 Δανιὴλ,
1661 2038 1709 2064 xal
1735 2037 1855 2072 Ἀνανίᾳ,

1071 2085 1117 2111 καὶ
1128 2083 1247 2119 Μισαὴλ,
1260 2085 1306 2110 καὶ
1323 2084 1447 2119 Ἀζαρία,
1463 2084 1510 2111 καὶ
1519 2081 1589 2119 ἦσαν
1601 2083 1677 2119 παρὰ
1689 2083 1728 2118 τῷ
1741 2083 1855 2118 βασιλεῖ.

1105 2130 1150 2157 20.
1169 2130 1224 2156 Kal
1239 2130 1268 2155 ὲν
1283 2129 1364 2155 παντὶ
1378 2129 1459 2164 λόγῳ,
1477 2129 1524 2155 καὶ
1543 2129 1660 2161 συνέσει,
1679 2129 1726 2155 καὶ
1737 2129 1856 2163 παιδεία,

233 2187 307 2221 plina
322 2191 500 2220 quascumque
516 2183 673 2211 sciscitatus
686 2185 728 2209 est
744 2181 778 2208 ab
796 2181 837 2208 eis
851 2188 908 2213 rex,
924 2180 1014 2214 depre.

1078 2176 1122 2202 ica
1135 2175 1251 2211 ἐζήτησε
1266 2175 1330 2210 παρ’
1341 2175 1430 2202 αὐτῶν
1446 2177 1459 2201 ὁ
1481 2175 1621 2209 βασιλεὺς,
1640 2174 1789 2201 κατέλαϐεν
1808 2174 1856 2200 αὐ-

236 2231 330 2258 liendit
345 2238 392 2257 eos
407 2229 586 2264 sapientiores
601 2227 745 2262 decuplum
766 2234 847 2261 super
860 2226 998 2261 sophistas
1011 2245 1020 2258 ,

234 2281 261 2304 et
277 2276 463 2311 philosophos,
476 2275 523 2310 qui
534 2273 648 2302 erantin
660 2272 734 2300 omni
745 2279 829 2306 regno
839 2272 909 2305 ejus,
922 2277 949 2298 ct
962 2271 1021 2307 glo-

236 2323 352 2350 riticavit
365 2329 413 2349 eos
432 2329 478 2349 rex
489 2341 497 2354 .
514 2326 541 2348 et
551 2320 694 2348 constituit
708 2326 757 2347 eos
772 2318 918 2353 principes,
935 2321 963 2344 et
974 2318 1022 2344 de—

235 2369 350 2397 claravit
370 2375 416 2395 eos
436 2367 573 2402 sapientes
593 2373 675 2400 super
693 2372 809 2396 omnes,
829 2363 877 2399 qui
891 2366 970 2390 erant
993 2362 1022 2389 in

236 2414 352 2450 negotiis
372 2414 432 2449 ejus
451 2414 478 2441 in
499 2412 625 2440 universa
647 2417 719 2439 terra
740 2411 817 2446 ejus,
834 2415 862 2437 et
884 2410 912 2436 in
936 2414 1023 2443 regno

235 2468 305 2494 ejus.

272 2552 317 2580 21.
337 2552 368 2578 Et
382 2551 433 2579 fuit
446 2550 540 2578 Daniel
552 2557 638 2584 usque
652 2549 685 2576 ad
699 2548 817 2584 primum
831 2553 933 2574 annum
947 2546 1023 2582 regni

238 2597 302 2635 Cyri
320 2598 391 2632 regis
400 2598 557 2625 Persarum.

538 2651 652 2679 CAPUT
678 2651 711 2678 ll.

275 2701 301 2728 1.
319 2699 353 2727 Et
372 2699 399 2726 in
425 2705 496 2725 anno
520 2699 641 2726 secundo
667 2697 743 2733 regni
773 2695 1026 2724 Nabuchodonosor

241 2745 350 2777 accidit,
368 2748 397 2770 ut
411 2743 438 2769 in
453 2742 571 2769 visiones
594 2746 621 2768 et
647 2741 755 2770 somnia
779 2740 912 2768 incideret
926 2746 985 2771 rex,
1000 2742 1027 2765 et

239 2787 548 2817 turbaretur-insomnio
561 2794 621 2818 suo,
642 2790 669 2814 et
686 2794 801 2815 somnus
818 2785 879 2821 ejus
903 2784 974 2820 fugit
992 2783 1027 2811 ab

249 2843 292 2864 (ἕο.

1071 2221 1134 2252 τοὺς
1153 2229 1184 2248 -ξ-
1198 2220 1367 2256 σοφωτέρους
1379 2221 1408 2255 /.
1422 2221 1610 2252 δεκαπλασίως
1635 2220 1705 2256 ὑπὲρ
1723 2220 1786 2251 τοὺς
1813 2228 1858 2246 eo.-

1072 2266 1180 2301 φιστὰς,
1197 2267 1315 2298 καὶτοὺς
1330 2267 1490 2301 φιλοσόφους
1503 2267 1567 2298 τοὺς
1583 2267 1613 2293 ὲν
1630 2267 1703 2301 πάσῃ
1720 2268 1754 2301 τῇ
1782 2266 1857 2301 βασι-

1072 2311 1131 2347 λείᾳ
1144 2310 1226 2338 αὐτοῦ
1240 2318 1271 2339 -ι-
1283 2311 1330 2338 xal
1351 2311 1475 2343 ἐδόξασεν
1498 2312 1595 2342 αὐτοὺς
1611 2311 1626 2337 ὁ
1650 2310 1777 2346 βασιλεὺς
1788 2332 1796 2344 ,
1811 2312 1858 2337 καὶ

1076 2357 1103 2391 2
1122 2357 1288 2392 κατέστησεν
1300 2356 1399 2388 αὐτοὺς
1408 2357 1551 2392 ἄρχοντας.
1560 2357 1606 2383 καὶ
1615 2356 1750 2388 ἀνέδειξεν
1761 2356 1859 2386 αὐτοὺς

1076 2404 1103 2437 2
1121 2402 1220 2437 σοφοὺς
1248 2402 1324 2437 παρὰ
1346 2402 1450 2434 πάντας
1464 2403 1526 2434 τοὺς
1546 2402 1627 2428 αὐτοῦ
1646 2403 1675 2428 ἐν
1697 2401 1858 2436 πράγμασιν

1076 2450 1103 2483 2
1123 2455 1155 2476 -t-
1171 2450 1199 2476 ἐν
1215 2449 1290 2484 πάσῃ
1301 2450 1380 2484 τῇτῇ
1398 2448 1491 2481 αὑτοῦ,
1509 2449 1556 2475 καὶ
1568 2449 1597 2475 ἐν
1618 2449 1651 2483 τῇ
1669 2447 1792 2482 βασιλείᾳ
1811 2447 1859 2473 αὺ-

1077 2496 1104 2528 Z
1119 2494 1165 2522 τοῦ

1107 2541 1152 2568 21.
1170 2542 1225 2568 Καὶ
1236 2538 1271 2577 ἦν
1283 2541 1381 2577 Δανιὴλ
1396 2541 1448 2573 ἓως
1463 2540 1508 2567 τοῦ
1526 2540 1634 2577 πρώσου
1649 2541 1726 2572 ἐτους
1749 2541 1799 2575 τῆς
1813 2539 1859 2574 βα-

1075 2587 1176 2619 σιλείας
1190 2588 1282 2623 Κύρου
1301 2587 1433 2622 βασιλέως
1445 2587 1568 2622 Περσῶν.

1338 2642 1535 2669 ΚΕΦΔΛΑῙΟΝ
1549 2643 1588 2669 B'.

1112 2689 1138 2717 1.
1153 2689 1206 2715 Kal
1219 2689 1246 2715 ἐν
1265 2688 1303 2723 τῷ
1323 2688 1375 2714 ἔτει
1392 2688 1431 2724 τῷ
1440 2687 1558 2723 δευτέρῳ
1575 2688 1626 2723 τῆς
1645 2687 1784 2722 βασιλείας
1802 2688 1857 2715 Να-

1076 2736 1276 2771 ϐουχοδονόσορ,
1291 2735 1387 2770 συνέϐη
1403 2736 1442 2767 εἰς
1450 2734 1576 2770 ὁράματα
1591 2734 1636 2761 καὶ
1650 2733 1764 2761 ἐνύπνια
1775 2735 1858 2768 ἐμπε-

1078 2783 1135 2809 σεῖν
1150 2781 1195 2808 τὸν
1220 2780 1347 2816 βασιλέα,
1371 2780 1418 2806 καὶ
1440 2779 1609 2815 ταραχθῆναι
1633 2780 1661 2806 ἐν
1684 2779 1724 2814 τῷ
1742 2779 1858 2814 ἐνυπνίῳ

1081 2827 1177 2855 αὑτοῦ·
1194 2827 1239 2854 καὶ
1253 2828 1267 2853 ὁ
1284 2827 1366 2858 ὕπνος
1385 2826 1465 2853 αὐτοῦ
1476 2826 1585 2860 ἐγένετο
1603 2825 1649 2852 ἀπ’
1665 2824 1760 2853 αὑτοῦ.
