1959 3079
128 118 162 148 i?
166 118 198 145 ’Π

787 113 911 141 DANIEI.
931 114 1046 142 CAPUT
1075 115 1107 143 ll.

1691 118 1760 146 9778

161 174 190 201 9.
206 173 261 201 Καὶ
288 172 419 206 ἐπέταξεν
451 173 465 199 ὁ
492 173 617 208 βασιλεὺς
648 172 833 208 εἰσενεχθῆναι
856 172 916 202 τοὺς

1005 173 1032 199 2.
1051 173 1083 199 Ει
1096 173 1176 207 jussit
1200 180 1256 204 rex,
1274 177 1301 200 ut
1319 173 1555 200 iutroducercnlur
1573 174 1754 202 incautatores

132 220 287 252 ἐπαοιδοὺς,
301 220 421 251 καὶτοὺς
433 219 546 254 μάγους,
558 220 605 246 καὶ
618 219 681 250 τοὺς
696 218 857 254 φαρμακοὺς
865 217 919 244 τῶν

129 266 282 296 Χαλδαίων,
295 265 454 300 ἀναγγεῖλαι
471 265 510 300 τῷ
528 265 634 300 βασιλεῖ
645 265 678 292 τὰ
690 265 801 291 ἐνύπνια
818 263 899 291 αὑτοῦ
910 271 917 279 ·

126 311 178 337 καὶ
188 309 405 345 παραγενόμενοι
419 309 536 344 ἔστησαν
553 310 628 345 παρὰ
640 309 679 344 τῷ
692 309 806 344 βασιλεῖ.

164 357 191 382 ’5.
206 356 261 383 Καὶ
277 354 354 382 εἶπεν
371 356 463 387 αὐτοῖς
475 357 489 382 ό
501 356 636 390 βασιλεύς
646 356 786 383 Ἐνύπνιον
797 355 918 391 ἑώρακα,

120 403 170 428 καὶ
187 401 300 437 ἐκινήθη
313 410 364 437 μου
374 401 405 428 τὺ
420 401 546 437 πνεῦμα·
565 401 714 436 ἐπιγνῶναι
739 399 786 428 οὖν
803 402 872 428 θέλω
888 401 918 428 τὸ

126 448 266 476 ἐνύπνιον.

162 495 191 522 4.
205 494 260 521 Καὶ
275 494 408 530 ἐλάλησαν
423 495 448 520 οἱ
459 494 587 521 Χαλδαῖοι
600 493 671 530 πρὸς
685 494 730 522 τὸν
743 493 854 529 βασιλέα
870 503 918 520 συ-

128 540 214 575 ptem:-
230 540 316 575 Κύριε
328 540 449 575 βασιλεῦ,
469 540 514 567 τὸν
522 540 607 567 αἰῶνα
618 540 681 575 ζῆθι
691 548 698 556 ·
712 539 871 574 ὰνάγγειλον
887 539 918 566 τὸ

125 586 253 614 ἐνύπνιόν
267 595 314 612 σου
327 588 382 618 τοῖς
395 586 473 613 παισί
489 595 546 619 σου,
565 586 611 613 καὶ
628 587 708 621 ἡμεῖς
722 586 764 613 σοὶ
776 585 917 621 φράσομεν

125 633 178 668 τὴν
192 633 335 667 σύγκρισιν
347 632 441 659 αὐτοῦ.

163 679 190 706 5.
213 678 385 714 Ἀποκριθεὶς
397 678 424 704 δὲ
441 679 455 705 ὁ
475 678 600 713 βασιλεὺς
616 676 676 705 εἷπε
695 679 752 710 τοῖς
773 678 916 711 Χαλδαίοις

129 724 164 757 Χ
180 724 210 749 ⁸0
227 723 304 758 λόγος
317 724 363 750 ἀπ’
383 723 448 758 ἐμοῦ
464 723 568 758 ἀπέστη
581 724 609 758 /.
625 722 692 749 διότι
708 723 756 749 ἐὰν
772 723 809 758 μὴ
825 724 916 757 ἀπαγ-

125 769 236 804 γείλητέ
254 772 298 804 μοι
313 770 355 795 ἐπ’
372 769 500 804 ἀληθείας
511 769 540 794 τὸ
553 769 686 800 ἐνύπνιον,
703 769 749 795 καὶ
761 769 810 804 τὴν
821 768 914 795 τούτου

126 815 273 850 σύγκρισιν
283 814 422 850 δηλώσητέ
436 823 491 849 μοι,
505 814 854 850 παραδειγματισθήσεσθε,
867 813 914 840 καὶ

125 848 348 894 ἀναληφθήσεται
361 848 442 894 ὑμῶν
449 859 484 886 τὰ
499 848 704 894 ὑπάρχονταείς
721 848 914 895 τδβασιλικόν.
930 848 953 878 Β

163 905 190 932 6.
214 906 274 932 Ἐὰν
290 905 318 932 δὲ
328 905 359 932 τὸ
374 904 497 932 ἐνύπνιον
515 905 700 940 διασαφήσητέ
720 914 780 941 μοι,
799 905 847 934 καὶ
865 904 913 940 τὴν

124 951 222 978 τούτου
241 951 383 986 σύγκρισιν
397 951 586 986 ἀναγγείλητε,
602 951 719 986 λήψεσθε
730 950 834 985 δόματα
846 959 914 976 παν-

125 998 198 1028 τοῖα,
215 997 262 1023 καὶ
277 997 476 1032 δοξασθήσεσθε
498 997 543 1024 ὑπ’
561 998 628 1032 ἐμοῦ
641 1006 647 1011 ·
665 996 805 1032 δηλώσατέ
825 1005 871 1031 μοι
885 995 915 1022 τὺ

124 1042 263 1072 ἐνύπνιον.
281 1043 328 1068 καὶ
346 1043 466 1077 κρίνατε.

164 1087 190 1114 7.
214 1087 412 1123 Ἀπεκρίθησαν
423 1088 451 1114 δὲ
462 1089 493 1114 ὲκ
501 1088 626 1124 δευτέρου
637 1088 774 1123 λέγοντεςυ
788 1088 913 1121 Βασιλεῦ,

125 1133 158 1160 τὸ
180 1134 269 1169 ὅραμα
291 1132 380 1167 εἷπον,
404 1134 451 1160 καὶ
473 1135 497 1160 οἱ
512 1135 605 1166 παῖδές
630 1143 677 1161 σου
698 1135 820 1170 κρίνουσι
847 1135 915 1170 πρὸς

125 1179 224 1205 ταῦτα.

164 1224 191 1252 8.
206 1225 257 1252 Καὶ
271 1223 347 1252 εἶπεν
355 1226 445 1258 αὐτοῖς
459 1227 473 1253 ὁ
487 1226 622 1261 βασιλεὺς,
632 1228 690 1254 Ἐπ’
706 1227 834 1263 ἀληθείας
844 1226 914 1261 οῖδα,

126 1271 170 1298 ὅτι
188 1271 281 1306 καιρὸν
303 1272 383 1307 ὑμεῖς
401 1271 596 1308 ὲξαγοράζετε·
619 1274 744 1310 καθάπερ
761 1275 913 1310 ἑωράκατε,

126 1317 169 1343 ὅτι
194 1317 298 1352 ἀπέστη
315 1317 362 1343 ἀπ’
383 1317 451 1352 ὲμοῦ
470 1318 500 1344 τὸ
520 1319 647 1354 πρᾶγμω
667 1326 699 1347 -:—
722 1319 846 1355 καθάπερ
868 1317 914 1346 οὖν

128 1368 161 1389 -ι-
180 1362 361 1397 προστέταχα,
377 1361 462 1394 οὕτως
477 1362 552 1389 ἔσται

163 1406 191 1434 9.
214 1407 277 1434 Ἐὰν
293 1408 330 1443 μὴ
344 1408 374 1434 τὸ
390 1408 514 1435 ἐνύπνιον
528 1409 714 1445 ἀπαγγείλητε
728 1417 772 1445 μοι
787 1410 831 1436 ἐπ’
848 1409 914 1446 άλη-

126 1452 204 1484 θείας
221 1460 251 1480 —:—
266 1454 313 1479 καὶ
330 1453 379 1489 τὴν
391 1453 485 1481 τούτου
507 1454 649 1489 σύγκρισιν
671 1455 809 1490 δηλώσητε
823 1455 851 1490 /.
868 1455 916 1482 θαο

126 1498 202 1533 νάτῳ
218 1499 423 1535 περιπεσεῖσθει
441 1500 603 1527 συνείπασθε
618 1500 673 1537 γὰρ
693 1501 788 1535 λόγους
809 1501 915 1536 ψευδεῖς

126 1544 295 1578 ποιήσασθαι
309 1544 353 1571 ἐπ’
366 1545 444 1579 ἐμοῦ,
455 1546 507 1577 ἕως
522 1545 555 1573 ἂν
567 1547 581 1572 ὁ
594 1546 689 1581 καιρὸς
701 1546 844 1583 ἁλλοιωθῇ.
857 1546 915 1573 Νῦν

126 1586 176 1615 οὖν
189 1588 236 1615 ἐὰν
251 1589 280 1615 τὸ
293 1589 370 1625 ῥῆμα
381 1590 476 1625 εἴπητέ
489 1600 533 1626 μοι
544 1598 574 1618 ~:-
584 1591 598 1617 ὅ
612 1591 661 1625 τὴν
677 1591 761 1618 νύκτα
771 1592 916 1628 ἑώρακαί.

125 1633 280 1670 γνώσομαι,
297 1635 338 1662 ὅτι
351 1635 398 1662 καὶ
408 1636 457 1672 τὴν
475 1636 570 1663 τούτου
590 1636 681 1672 κρίσιν
696 1637 845 1672 δηλώσητε.

164 1725 209 1753 10.
226 1725 280 1752 Καὶ
303 1725 490 1762 ἀπεκρίθησαν
513 1728 537 1754 οἱ
560 1727 686 1755 Χαλδαῖοι
705 1729 751 1755 ἐπὶ
780 1729 826 1756 τοῦ
845 1729 920 1764 βασι-

125 1771 207 1803 λέως,
225 1771 265 1798 ὄτι
277 1772 370 1803 Οὐδεὶς
384 1771 437 1799 τῶν
449 1772 495 1799 ἐπὶ
505 1773 553 1808 τῆς
568 1774 618 1809 γῆς
631 1774 773 1810 δυνήσεται
785 1775 872 1803 εἰπεῖν
881 1775 919 1810 τῷ

129 1817 236 1852 βασιλεί
250 1817 264 1843 ὂ
279 1817 398 1852 ἓωρακε,
418 1818 543 1854 καθάπερ
557 1820 589 1845 σὺ
602 1820 721 1855 ἐρωτᾷς·
735 1820 782 1846 καὶ
798 1821 852 1852 πᾶς
871 1819 919 1854 βα-

129 1863 234 1894 σιλεὺς,
249 1863 297 1889 καὶ
312 1864 367 1895 πᾶς
383 1864 515 1900 δυνάστης
533 1865 637 1891 τοιοῦτο
659 1866 775 1901 πρᾶγμα
798 1866 846 1893 οὐκ
870 1866 920 1892 ἐπ-

127 1909 222 1944 ερωτᾷ
237 1909 326 1935 πάντα
339 1910 430 1943 σοφὸν,
446 1910 494 1936 καὶ
508 1910 604 1945 μάγον,
616 1911 664 1937 καὶ
677 1911 818 1938 Χαλδαῖον.

166 1967 210 1993 Η.
227 1966 282 1993 Καὶ
294 1967 307 1992 ὁ
323 1966 411 2000 λόγος,
423 1967 453 1994 ὃν
468 1967 558 2002 ζητεῖς
568 1987 576 1999 ,
601 1968 709 2002 βασιλεῦ
723 1989 730 2002 ,
752 1969 837 2005 βαρύς
860 1971 918 1997 ἐστι

129 2019 163 2040 +
180 2011 228 2038 καὶ
240 2011 361 2044 ἐπίδοξος
374 2012 401 2047 /.
418 2013 465 2039 καὶ
476 2013 562 2045 οὺδεῖς
576 2013 648 2040 ἐστιν
659 2014 689 2046 ὃς
699 2014 814 2049 δηλώσει
833 2015 919 2042 ταῦτα

128 2057 168 2092 τῷ
181 2057 295 2092 βασιλεῖ,
309 2059 333 2084 εἰ
349 2059 386 2094 μή
407 2067 448 2090 τις
462 2059 585 2094 ἄγγελος,
600 2057 629 2086 οὗ
646 2060 766 2087 οὐκέστι
788 2070 920 2097 κατοικη-

127 2104 225 2138 τήριον
242 2104 310 2138 μετὰ
329 2105 419 2140 πάσης
447 2106 565 2142 σαρκός·
589 2105 651 2132 ὅθεν
677 2107 726 2133 οὐκ
754 2107 787 2134 ἃν
810 2107 919 2142 δέχεται

127 2150 268 2184 γενέσθαι.
289 2151 413 2187 καθάπερ
432 2152 493 2179 οἴει.

972 223 999 245 ct
1016 219 1096 253 magi,
1111 225 1137 246 et
1154 219 1268 246 maleﬁci
1280 218 1467 246 Chaldaeorum
1483 219 1516 246 ad
1537 220 1755 247 annuntiandum

973 266 1029 300 regi
1048 266 1153 293 somnia
1169 266 1228 300 ejus
1244 274 1249 292 :
1273 270 1300 293 et
1321 265 1495 293 advenientes
1521 270 1653 293 steterunt
1664 274 1755 294 coram

971 319 1044 345 rege.

1005 357 1031 383 5.
1051 357 1084 383 Et
1101 356 1169 383 dixit
1185 357 1224 383 eis
1240 364 1287 384 rex
1300 356 1458 383 :Somnium
1469 356 1533 388 vidi,
1545 361 1572 383 et
1585 357 1708 385 turbatus
1719 363 1760 386 est

969 401 1085 435 spiritus
1101 409 1178 428 meus
1189 410 1195 428 :
1206 402 1268 428 volo
1284 402 1366 436 igitur
1382 401 1452 429 scire
1469 402 1616 429 somnium.

1005 445 1033 472 4.
1052 447 1086 473 Et
1102 447 1183 474 locuti
1197 451 1261 474 sunt
1272 447 1392 473 Chaldaei
1406 447 1439 473 ad
1456 455 1546 482 regem
1557 447 1682 482 Syriace:
1700 446 1756 474 Do-

969 491 1043 518 mine
1067 499 1125 524 rex,
1140 492 1167 518 iu
1194 492 1389 526 sempiternum
1410 493 1491 519 vive:
1515 493 1603 520 indica
1618 493 1755 520 somnium

969 540 1045 564 tuum
1060 538 1148 566 servis
1163 538 1228 571 tuis,
1246 543 1273 565 et
1290 545 1340 565 nos
1356 539 1403 565 tibi
1419 539 1541 566 dicemus
1552 539 1755 574 interpretatio-

968 590 1030 610 nem
1047 583 1118 618 ejus.

1002 675 1028 702 5.
1049 674 1224 710 ltespondens
1243 680 1333 703 autem
1364 684 1412 703 rex
1432 676 1499 704 dixit
1519 676 1653 704 Chaldreis
1669 686 1674 704 :
1693 677 1756 705 Ser-

967 728 1012 748 mo
1039 729 1053 747 a
1085 729 1128 748 me
1167 722 1290 749 recessit.
1330 721 1447 757 ldeoque
1476 722 1529 749 nisi
1568 723 1755 751 indicaveritis

968 767 1033 794 mihi
1050 767 1077 793 in
1091 767 1204 794 veritate
1220 767 1369 799 somnium,
1388 772 1415 794 et
1432 767 1681 802 interpretationem
1696 769 1756 803 ejus

968 812 1142 840 ostenderitis
1155 812 1233 846 mihi,
1250 813 1378 840 omnibus
1393 814 1516 848 exemplo
1530 814 1618 846 eritis,
1634 819 1661 841 ct
1681 815 1754 841 redi-

971 862 1067 892 gentur
1084 858 1242 886 substantias
1255 864 1351 886 vestra:
1367 859 1393 886 in
1412 860 1514 894 regium
1531 859 1636 887 ﬁscum.

1006 903 1032 931 6.
1051 903 1078 931 Si
1095 910 1183 932 autem
1198 905 1334 933 somnium
1360 906 1534 933 manifestum
1545 906 1663 934 feceritis
1677 906 1755 938 mihi.

971 954 997 977 et
1014 950 1263 985 interpretationem
1290 951 1349 986 ejus
1377 951 1585 984 indicaveritis,
1617 952 1756 986 accipietis

970 996 1079 1030 praemia
1094 1003 1175 1023 omne
1188 1004 1285 1032 genus,
1306 1001 1333 1023 ct
1350 998 1480 1024 honorem
1507 1005 1522 1024 a
1550 1006 1608 1025 me:
1622 998 1756 1024 ostendite

971 1041 1037 1068 milti
1052 1042 1200 1074 somnium,
1216 1047 1297 1077 atque
1311 1042 1466 1070 discernite.
1749 1040 1752 1043 ί

1005 1085 1032 1112 7.
1051 1086 1259 1121 Responderunt
1277 1091 1366 1114 autem
1394 1087 1514 1115 secundo
1529 1088 1649 1114 dicentes
1664 1097 1670 1115 :
1685 1087 1754 1121 Rex,

970 1133 1102 1160 visionem
1115 1133 1160 1160 dic
1174 1142 1182 1166 ;
1199 1129 1317 1169 et'pucri
1333 1135 1372 1161 tui
1397 1134 1509 1170 posthac
1536 1135 1755 1169 intcrprelabun-

971 1182 1025 1205 lur.

1005 1225 1031 1252 8.
1047 1226 1078 1252 Et
1094 1226 1162 1253 dixit
1177 1226 1215 1253 eis
1228 1233 1274 1253 rex
1288 1235 1294 1253 :
1307 1225 1336 1253 In
1347 1227 1460 1254 veritate
1475 1226 1548 1260 novi,
1562 1227 1634 1262 quod
1648 1231 1755 1262 tempus

971 1278 1019 1298 vos
1034 1271 1176 1304 redimitis,
1194 1277 1275 1306 prout
1288 1271 1412 1304 vidistis,
1433 1273 1506 1307 quod
1521 1273 1666 1300 recesserit
1677 1280 1692 1299 a
1712 1280 1756 1299 me

969 1324 1023 1344 res.
1036 1316 1270 1350 Quemadmodum
1287 1317 1369 1353 igitur
1384 1319 1510 1353 praecepi,
1524 1319 1565 1346 sic
1585 1319 1648 1346 erit.

1005 1405 1032 1433 9.
1048 1405 1104 1434 Nisi
1117 1406 1254 1434 somnium
1272 1407 1457 1435 indicaveritis
1472 1408 1537 1436 mihi
1558 1409 1584 1436 in
1600 1410 1713 1438 veritate
1729 1415 1756 1438 et

971 1449 1220 1485 interpretationem
1236 1451 1295 1486 cjus
1314 1452 1502 1485 ostenderitis,
1526 1459 1612 1481 morte
1629 1455 1732 1483 cadetis
1747 1464 1753 1481 :

971 1495 1041 1522 inter
1053 1503 1101 1523 vos
1117 1496 1189 1523 enim
1202 1496 1356 1531 loquimini,
1373 1502 1402 1525 ut
1425 1499 1505 1526 verba
1523 1501 1662 1527 mendacia
1677 1509 1756 1529 com—

969 1541 1075 1575 ponatis
1088 1541 1115 1567 in
1130 1549 1181 1574 me,
1193 1541 1280 1569 donec
1301 1547 1407 1577 tempus
1421 1549 1599 1578 pertranseat.
1617 1545 1693 1574 Nunc
1705 1547 1757 1582 igi-

969 1589 1014 1612 tur
1028 1586 1051 1613 si
1066 1586 1178 1613 verbum
1204 1587 1328 1614 dixeritis
1351 1588 1416 1615 mihi
1435 1589 1506 1623 quod
1519 1595 1598 1617 nocte
1619 1591 1682 1623 vidi,
1706 1599 1756 1619 eo-

969 1639 1109 1666 gnoscam,
1123 1632 1287 1667 quodetiam
1303 1634 1554 1668 interpretationem
1569 1635 1650 1670 hujus
1661 1641 1753 1663 osten-

969 1677 1049 1705 detis.

1005 1722 1048 1750 10.
1063 1722 1096 1749 Et
1117 1723 1314 1757 responderunt
1336 1724 1453 1752 Chaldzei
1477 1733 1569 1753 coram
1590 1727 1754 1761 regezquod

969 1768 1054 1796 Nemo
1064 1777 1098 1797 ex
1113 1769 1155 1797 his
1177 1770 1223 1804 qui
1244 1775 1308 1797 sunt
1323 1771 1350 1797 in
1380 1775 1461 1804 terra,
1476 1773 1573 1806 poterit
1587 1773 1677 1800 dicere
1699 1774 1753 1809 regi

969 1815 1041 1850 quod
1056 1815 1132 1848 vidit,
1150 1816 1221 1843 sicut
1237 1820 1264 1843 tu
1289 1817 1438 1845 sciscitaris
1464 1826 1472 1845 :
1499 1823 1525 1845 et
1538 1819 1627 1846 omnis
1651 1827 1708 1852 rex,
1728 1825 1755 1848 et

969 1861 1059 1888 omnis
1072 1861 1185 1896 dynasta
1200 1862 1389 1896 hujuscemodi
1405 1871 1460 1890 rem
1473 1863 1585 1891 minime
1599 1864 1755 1893 sciscitatur

968 1907 1003 1934 ab
1018 1908 1091 1934 omni
1111 1907 1242 1942 sapiente,
1255 1914 1279 1935 et
1290 1917 1378 1944 mago,
1391 1914 1417 1937 et
1432 1909 1569 1937 Chaldaeo.

1004 1963 1047 1990 Η.
1067 1964 1099 1991 Ει
1112 1971 1213 1996 sermo,
1233 1972 1313 1999 quem
1332 1965 1445 2000 quaeris,
1474 1974 1532 1999 rex,
1561 1967 1651 2001 gravis
1665 1972 1706 1994 cst
1727 1972 1755 1995 et

969 2009 1106 2042 sublimis,
1130 2014 1156 2037 et
1171 2011 1262 2038 nullus
1274 2015 1316 2038 est
1330 2012 1376 2046 qui
1398 2013 1521 2039 ostendet
1538 2012 1595 2039 haec
1612 2014 1679 2048 regi,
1700 2014 1755 2042 nisi

969 2057 1068 2092 aliquis
1086 2057 1198 2091 angelus
1214 2077 1221 2089 ,
1238 2057 1317 2091 cujus
1345 2065 1399 2085 non
1417 2062 1459 2085 est
1487 2060 1664 2086 commoratio
1690 2068 1753 2087 cum

969 2103 1042 2130 omni
1057 2110 1148 2134 carne,
1165 2103 1236 2130 unde
1250 2111 1304 2130 non
1321 2107 1409 2138 potest
1433 2103 1500 2137 ﬁeri,
1526 2105 1753 2139 quemadmodum

969 2155 1098 2183 Opiuarls.

166 2194 210 2220 12.
227 2195 293 2221 Τότε
308 2196 322 2221 ό
336 2195 462 2230 βασιλεὺς
479 2196 592 2230 στυγνὸς
607 2196 763 2232 γενόμενος,
780 2197 827 2223 καὶ
838 2197 916 2234 περί-

1005 2194 1047 2222 12.
1069 2194 1146 2221 Tunc
1157 2202 1206 2222 rex
1226 2199 1359 2227 mmstus,
1379 2198 1406 2222 et
1422 2203 1504 2230 supra
1529 2196 1639 2223 modum
1661 2197 1755 2224 dolore

127 2238 214 2270 λυπος
226 2239 393 2274 προσέταξεν
409 2240 553 2275 ἐξαγαγεῖν
567 2241 671 2272 πάντας
685 2241 748 2273 τοὺς
762 2241 860 2276 σοφοὺς
869 2243 917 2277 τῆς

127 2283 314 2315 Βαϐυλωνίας.

150 2330 210 2356 κνίὸ.
226 2330 280 2356 Καὶ
295 2330 476 2366 ὲδογματίσϐη
489 2332 592 2363 πάντας
606 2331 765 2358 ἀποκτεῖναι
777 2340 784 2346 ·
798 2331 916 2368 ἐζητήθη

127 2375 158 2402 δὲ
171 2376 185 2401 ό
198 2376 298 2412 Δανιὴλ
308 2376 355 2403 καὶ
369 2377 469 2409 πάντες
485 2377 510 2404 οῑ
521 2378 581 2413 μετ’
596 2377 680 2403 αὑτοῦ
700 2377 780 2412 χάριν
790 2377 837 2403 τοῦ
855 2386 917 2403 συν-

129 2420 288 2448 σπολέα-θαι.

168 2475 210 2502 Η.
224 2475 291 2502 Τότε
301 2476 400 2512 Δανιὴλ
409 2474 469 2503 εἷπε
482 2476 580 2512 βουλὴν
592 2477 640 2504 καὶ
654 2476 777 2513 γνώμην,
790 2475 824 2513 ἦν
834 2475 917 2512 εἶχεν,

135 2521 253 2558 ’Δριωχῇ
271 2523 311 2558 τῷ
321 2524 511 2559 ὰρχιμαγειρῳ
523 2524 570 2551 τοῦ
584 2524 726 2559 βασιλέως,
745 2521 768 2558 ᾧ
787 2525 920 2560 προσέτα-

129 2567 175 2600 ξεν
189 2568 334 2604 ἐξαγαγεῖν
350 2571 412 2601 τοὺς
430 2570 560 2605 σοφιστὰς
577 2571 627 2606 τῆς
643 2571 829 2604 Βαῦυλωνίας.

165 2625 210 2653 15.
224 2626 279 2652 Καὶ
303 2627 468 2654 ἐπυνθάνετο
483 2627 564 2654 αὐτοῦ
585 2626 681 2662 λέγων,
693 2629 726 2662 >ε<
736 2628 846 2663 ’Ἄρχων
870 2627 917 2654 τοῦ

129 2671 264 2706 βασιλέως
273 2673 293 2707 /
324 2673 388 2707 περὶ
409 2673 481 2704 τινος
500 2673 692 2708 δογματίζεται
712 2674 819 2709 πικρῶς
843 2673 917 2709 παρὰ

126 2717 175 2745 τοῦ
191 2717 324 2752 βασιλέως
335 2725 342 2751 ;
357 2719 423 2745 Τότε
433 2719 463 2745 τὸ
476 2719 642 2755 πρόσταγμα
654 2720 812 2755 ὲσήμανενό
822 2719 920 2754 *Δριώ-

127 2772 179 2799 χης
191 2763 231 2798 τῷ
244 2763 356 2799 Δανιήλ.

162 2820 207 2848 16.
229 2821 260 2847 ὐ
271 2820 299 2846 δὲ
320 2820 419 2855 Δανιὴλ
437 2819 543 2856 εἰσῆλθε
557 2820 662 2856 ταχέως
683 2821 752 2856 πρὸς
773 2821 819 2848 τὸν
837 2823 917 2858 βασι-

970 2239 1082 2267 aliertus
1107 2239 1244 2275 praecepit,
1273 2244 1302 2267 ut
1327 2240 1475 2267 educerent
1496 2247 1590 2269 omnes
1619 2242 1755 2276 sapientes

970 2284 1138 2319 Babyloniae.

1007 2330 1047 2357 15.
1065 2329 1098 2356 Ει
1113 2330 1230 2357 edictum
1246 2330 1448 2366 promulgatum
1466 2334 1519 2364 est,
1543 2335 1572 2358 ut
1603 2339 1696 2359 omnes
1712 2330 1755 2360 in-

970 2377 1173 2404 terlicercntur:
1193 2377 1324 2411 quaesitus
1337 2382 1378 2405 est
1394 2383 1484 2404 autem
1497 2377 1602 2411 Daniel,
1615 2383 1642 2406 et
1657 2386 1755 2407 omnes

970 2423 1015 2458 qui
1031 2430 1092 2450 cum
1107 2430 1139 2450 eo
1153 2427 1241 2456 erant,
1257 2429 1286 2451 ut
1302 2424 1383 2452 simul
1401 2424 1530 2459 perirent.

1005 2481 1048 2509 14.
1069 2482 1146 2508 Tune
1157 2480 1250 2508 Daniel
1269 2482 1338 2509 dixit
1362 2483 1519 2516 consilium,
1537 2487 1564 2510 et
1579 2484 1752 2518 sententiam,

969 2534 1051 2562 quam
1063 2527 1188 2560 habebat,
1200 2527 1320 2554 Ariocho
1335 2527 1449 2563 principi
1481 2529 1586 2556 militiae
1611 2529 1691 2564 regis,
1709 2530 1754 2559 cui

969 2571 1154 2604 mandaverat,
1171 2576 1200 2598 ut
1215 2571 1342 2600 educeret
1358 2572 1493 2607 sophistas
1508 2573 1665 2609 Babylonis.

1006 2629 1049 2656 15.
1071 2628 1104 2656 Et
1119 2629 1309 2657 sciscitabatur
1320 2629 1354 2656 ab
1368 2637 1401 2657 eo
1413 2630 1517 2663 dicens,
1529 2630 1659 2666 Princeps
1671 2633 1753 2667 regis,

970 2682 1054 2710 quare
1066 2674 1220 2701 decernitur
1243 2682 1337 2702 severe
1353 2683 1367 2702 a
1386 2675 1470 2710 rege?
1495 2676 1573 2704 Tunc
1595 2677 1753 2705 mandatum

970 2717 1099 2745 indicavit
1113 2718 1252 2746 Ariochus
1269 2717 1384 2746 Danieli.

1006 2818 1049 2847 16.
1068 2818 1163 2847 Daniel
1179 2823 1269 2848 autem
1293 2819 1435 2854 ingressus
1454 2824 1496 2848 est
1520 2820 1645 2849 celeriter
1661 2823 1693 2850 ad
1710 2827 1755 2849 re—
