1959 3079
192 111 262 140 2779

730 103 942 134 HEXAPLORU
949 103 972 130 Μ
990 101 1072 135 ρυλε
1093 102 1310 130 SUPERSUNT.

1754 97 1824 126 2780

191 176 264 205 gem,
277 173 303 195 et
320 166 434 202 rogavit,
451 170 478 193 ut
492 166 604 193 daretur
619 164 672 192 sibi
697 169 801 199 tempus
823 171 838 190 a
854 169 915 197 rege
929 169 936 194 ;
953 166 978 188 et

1052 159 1087 192 Eat,
1105 159 1151 186 καὶ
1170 158 1296 194 ἠξίωσεν,
1326 157 1370 183 ἵνα
1386 155 1449 191 δοθῇ
1473 154 1546 190 αὐτῷ
1559 153 1654 190 χρόνος
1677 153 1754 190 παρὰ
1778 154 1825 182 τοῦ

192 214 348 243 ostenderet
358 213 450 241 omnia
466 219 559 239 coram
575 217 648 247 rege.

228 261 273 287 Π.
294 259 372 286 Tunc
383 262 520 287 revertens
534 257 629 284 Daniel
645 257 671 283 in
683 256 794 283 domum
808 261 898 286 suam,
908 254 982 281 Ana-

194 307 256 339 niae,
276 310 304 333 et
318 305 433 338 Misaeli,
447 309 474 332 et
495 303 600 331 Azariae
613 302 751 331 consociis
776 301 914 329 enarravit
926 309 984 328 om—

231 398 274 425 18.
297 397 329 425 Ει
354 397 451 425 indixit
480 395 636 431 jejunium,
661 399 688 423 et
720 394 937 430 deprecationem
957 397 984 420 et

245 457 271 464 ’.-

195 468 368 506 alllictionem
384 476 417 504 ad
434 477 610 512 qnznrendum
632 485 646 503 a
664 475 782 503 Domino
800 475 937 502 altissimo
952 475 985 502 de

196 524 326 560 mysterio
341 524 402 554 hoc,
416 529 445 550 ut
456 531 509 550 non
526 523 698 550 traderenlur
708 522 810 554 Daniel,
828 526 853 549 et
863 522 909 556 qui
922 529 984 548 cum

195 577 238 602 eo,
249 569 275 597 in
290 569 468 606 perditionem
484 569 566 597 simul
581 577 643 596 cum
664 568 794 604 sophistis
809 567 966 603 Babylonis.

233 659 278 686 19.
299 658 377 686 Tunc
393 658 497 685 Danieli
526 659 552 685 in
570 658 675 686 visione
699 659 725 686 in
745 658 801 694 ipsa
819 662 898 686 nocte
927 666 985 693 my-

197 706 311 732 sterium
339 705 412 740 regis
433 704 597 739 patefactum
614 709 656 732 est
679 705 752 732 clare
773 714 779 732 :
810 709 874 732 tunc
890 703 986 732 Daniel

197 751 336 779 benedixit
346 751 462 778 Domino
476 751 621 784 altissimo,
638 755 664 778 et
677 752 833 779 exclamans
847 750 931 778 dixit:

232 844 278 872 20.
300 844 342 871 Sit
355 851 453 871 nomen
468 843 576 872 Domini
591 843 683 878 magni
698 842 869 870 benedictum
889 841 916 869 in
928 849 986 869 ste-
1001 840 1023 868 Β

198 890 302 922 culum,
321 890 384 925 quia
413 890 546 925 sapientia
568 894 595 917 et
619 887 819 924 magniﬁcentia
833 887 892 923 ejus
911 892 986 915 sunt.

232 983 277 1010 21.
299 982 332 1009 Ει
345 983 402 1017 ipse
415 985 502 1008 mntat
516 985 638 1015 tempora
649 985 676 1007 et
687 984 791 1010 mtates.
822 979 989 1006 transferens

199 1036 286 1063 reges,
303 1033 329 1056 et
342 1027 528 1055 constituens:
543 1027 611 1054 dans
635 1026 802 1060 sapientibus
816 1025 988 1060 sapientiam,

198 1080 225 1102 et
239 1069 443 1108 intelligentiam
461 1073 513 1104 his,
529 1072 575 1107 qui
592 1076 657 1099 sunt
669 1072 697 1098 in
710 1071 834 1098 scientia.

234 1119 279 1147 22.
301 1119 434 1146 iicvrlans
460 1116 592 1152 profunda
620 1120 646 1143 et
674 1116 789 1143 obscura
807 1135 814 1148 ,
837 1120 863 1142 et
886 1123 988 1150 cogno-

199 1173 279 1192 scens
289 1172 350 1199 qua:
363 1164 389 1190 in
404 1163 535 1195 tenebris,
560 1167 587 1189 et
603 1168 664 1197 qua:
683 1161 712 1188 in
726 1160 829 1188 lumine
847 1169 854 1192 ;
875 1166 901 1187 et
918 1160 989 1195 apud

201 1212 289 1246 ipsum
303 1215 344 1238 est
362 1209 473 1237 solutio.

234 1257 280 1284 ‘23.
291 1255 362 1288 Tibi,
377 1254 491 1281 Domine
500 1257 606 1289 patrum
620 1259 755 1286 meorum,
769 1252 913 1283 conliteor,
923 1256 989 1279 ante

201 1303 293 1334 laudo,
305 1301 368 1336 quia
384 1300 544 1335 sapientiam
567 1302 594 1326 et
613 1298 987 1333 prudentiam'dedistimihi:

200 1354 228 1377 et
242 1357 314 1376 nunc
329 1346 473 1375 declarasti
489 1345 555 1373 mihi
570 1352 632 1380 qum
642 1344 733 1379 rogavi
746 1365 752 1377 ,
772 1349 801 1371 ut
816 1344 988 1371 ostenderem

200 1395 257 1430 regi
270 1398 374 1429 postea.

234 1440 281 1468 24.
302 1439 443 1475 Ingressus
458 1441 549 1465 autem
565 1435 658 1463 Daniel
683 1434 716 1462 ad
735 1434 847 1465 Arioch,
866 1434 911 1469 qui
924 1441 989 1461 con-

202 1486 313 1514 stitutus
335 1484 422 1511 fuerat
437 1491 452 1510 a
469 1490 543 1518 rege,
557 1486 586 1509 ut
600 1481 760 1508 interﬁceret
778 1486 874 1506 omnes
896 1478 989 1513 sophi-

1033 205 1176 240 βασιλέως,
1189 205 1237 231 καὶ
1248 204 1356 239 δηλώσῃ
1370 202 1460 229 πάντα
1474 201 1521 228 ἐπὶ
1532 201 1579 227 τοῦ
1593 200 1737 235 βασιλέως.

1070 250 1112 276 l7.
1127 249 1194 276 Τότε
1209 247 1334 276 ἀπελθὼν
1349 247 1448 283 Δανιὴλ
1462 247 1501 278 είς
1515 246 1561 272 τὸν
1583 244 1657 272 οἷκον
1675 244 1771 277 αὐτοῦ,
1790 244 1827 280 τῷ

1040 295 1159 330 Ἀνανίᾳ,
1175 295 1222 322 καὶ
1235 293 1355 330 Μισαὴλ,
1370 293 1416 320 καὶ
1443 292 1557 328 ’Δξαρίᾳ
1578 293 1635 324 τοῖς
1657 291 1827 326 συνεταίροις

1034 341 1160 373 ὑπέδειξε
1171 342 1270 368 πάντα.

1070 388 1114 430 l8_.
1138 387 1193 414 Καὶ
1220 387 1390 423 παρήγγειλε
1412 386 1538 422 νηστείαν
1563 386 1610 413 καὶ
1625 386 1718 421 δέησιν
1734 392 1765 412 -ξ-
1782 385 1828 412 καὶ

1034 445 1172 488 τιμώρίαν
1187 453 1304 488 ζητῆσαι
1315 453 1343 488 /.
1361 453 1437 488 παρὰ
1454 451 1501 479 τοῦ
1523 451 1627 486 Κυρίου
1649 452 1697 478 τοῦ
1715 451 1827 485 ὑψίστου

1035 499 1156 535 περὶτοῦ
1169 499 1321 534 μυστηρίου
1335 498 1431 526 τούτου
1441 517 1450 531 ,
1472 499 1547 529 ὅπως
1569 498 1606 533 μὴ
1624 497 1753 524 ἐκδοθῶσι
1775 498 1827 524 Δα‹

1034 545 1094 581 νιὴλ
1107 545 1155 571 καὶ⁹
1170 545 1194 571 οἱ
1215 546 1273 580 μετ’
1287 544 1370 571 αὑτοῦ
1387 545 1426 575 εἰς
1440 543 1578 571 ἀπώλειαν
1597 544 1656 578 ἅμα
1675 543 1732 574 τοῖς
1751 550 1826 576 σοφι-

1036 593 1112 623 σταῖς
1126 591 1296 623 Βαὸυλῶνος.

1072 638 1114 666 19.
1131 639 1197 665 Τότε
1210 638 1248 674 τῷ
1266 638 1366 674 Δανιὴλ
1387 639 1416 665 ὲν
1430 638 1548 674 ὁράματι
1565 637 1593 663 ἐν
1613 637 1681 671 αὐτῇ
1698 637 1731 672 τῇ
1752 636 1830 663 νυκτὶ

1035 684 1066 711 τδ
1085 686 1235 720 μυστήριον
1246 684 1293 711 τοῦ
1313 684 1446 719 βασιλέως
1462 682 1596 718 ἐξεφάνθη
1613 683 1751 718 εὐσήμως·
1768 683 1829 708 τότε

1036 730 1136 766 Δανιὴλ
1149 730 1295 766 εὐλόγησεν
1312 730 1357 757 τὸν
1368 729 1470 765 Κύριον
1481 729 1527 756 τὸν
1545 728 1667 763 ὕψιστον,
1682 729 1730 755 καὶ
1744 729 1830 762 ἐκφω-

1037 776 1121 811 νήσας
1135 774 1213 802 εἶπεν
1226 784 1233 791 ·

1071 822 1116 849 20.
1135 823 1227 849 Ἔστω
1238 822 1268 849 τδ
1281 822 1367 856 ὄνομα
1379 821 1426 848 τοῦ
1438 821 1540 856 Κυρίου
1556 820 1603 847 τσῦ
1617 819 1738 855 μεγάλου
1752 819 1828 846 εὐλο-

1039 868 1158 903 γημένον
1175 869 1214 899 εἰς
1231 868 1277 895 τὸν
1297 867 1393 901 αἰῶνα,
1409 867 1451 894 ὅτι
1470 868 1486 902 ἡ
1512 866 1593 901 σοφία
1608 867 1654 893 καὶ
1668 867 1685 902 ή
1703 866 1829 901 μεγαλω-

1040 913 1107 948 σύνη
1126 913 1208 940 αὐτοῦ
1230 914 1301 940 ἐστι.

1074 959 1119 986 21.
1138 959 1193 986 Καὶ
1208 959 1289 991 αὐτὸς
1306 958 1409 986 ἀλλοιοῖ
1433 958 1546 994 καιροὺς
1563 958 1611 985 καὶ
1631 958 1744 994 χρόνους
1755 978 1762 989 ,
1781 966 1829 993 με-

1040 1004 1138 1031 θιστῶν
1152 1005 1281 1040 βασιλεῖς,
1298 1006 1345 1032 καὶ
1358 1004 1504 1037 καθιστῶν,
1518 1004 1605 1036 διδοὺς
1618 1006 1710 1039 σοφοῖς
1722 1004 1829 1038 σοιξίειν,

1040 1051 1088 1077 καὶ
1098 1051 1206 1078 σύνεσιν
1222 1053 1278 1082 τοῖς
1293 1052 1321 1078 ἐν
1336 1052 1474 1086 ἐπιστήμῃ
1492 1048 1576 1077 οὖσιν.

1074 1096 1119 1123 22.
1139 1097 1350 1124 Ἀνακαλὺπτων
1366 1097 1400 1123 τὰ
1418 1096 1502 1132 βαθέα
1516 1096 1564 1123 καὶ
1576 1095 1710 1128 σκοτεινὰ,
1724 1096 1772 1121 καὶ
1789 1103 1830 1129 γι-

1040 1142 1152 1169 νώσκων
1165 1143 1199 1170 τὰ
1216 1143 1245 1170 ἐν
1261 1142 1300 1178 τῷ
1320 1143 1425 1176 σκότει,
1446 1142 1541 1169 καὶτὰ
1563 1143 1591 1169 ὲν
1613 1142 1651 1177 τῷ
1674 1142 1760 1176 φωτὶ,
1785 1143 1830 1168 καὶ

1040 1189 1105 1224 παρ’
1122 1189 1196 1225 αὑτῷ
1216 1189 1372 1221 κατάλυσις.

1075 1236 1120 1263 25.
1139 1236 1195 1267 Σοὶ,
1216 1236 1301 1270 Κύριε
1316 1235 1370 1262 τῶν
1384 1235 1510 1270 πατέρων
1529 1244 1589 1271 μου,
1606 1234 1828 1270 ἐξομολογοῦμαί,

1042 1283 1089 1309 καὶ
1099 1281 1176 1314 αἰνῶ,
1190 1282 1230 1309 ὅτι
1249 1282 1345 1316 σοφίαν
1363 1282 1409 1308 καὶ
1434 1282 1564 1317 φρόνησιν
1586 1282 1688 1314 ἔδωκάς
1711 1290 1767 1318 μοι,
1785 1281 1831 1308 καὶ

1041 1327 1088 1355 νῦν
1103 1327 1245 1363 ὲσήμᾳνάς
1262 1337 1306 1363 μοι
1322 1328 1370 1355 ὅσα
1387 1328 1500 1363 ἠξίωσα,
1512 1328 1559 1355 τοῦ
1576 1329 1694 1364 δηλῶσαι
1705 1328 1744 1364 τῷ
1757 1328 1832 1363 βασι-

1040 1375 1082 1401 λεῖ
1093 1375 1162 1411 πρὸς
1177 1374 1274 1401 ταῦτα.

1075 1420 1120 1448 24.
1139 1419 1274 1447 Εἰσελθὼν
1288 1419 1316 1446 δὲ
1335 1420 1433 1456 Δανιὴλ
1451 1420 1519 1456 πρὸς
1535 1420 1579 1447 τὸν
1611 1420 1710 1456 Ἀριὼχ
1725 1420 1770 1447 τὸν
1782 1429 1832 1447 κα-

1039 1466 1209 1494 τασταθέντα
1222 1466 1273 1493 ὑπὸ
1282 1466 1327 1493 τοῦ
1341 1466 1473 1501 βασιλέως
1481 1467 1641 1493 ἀποκτεῖναι
1652 1467 1757 1499 πάντας
1768 1469 1831 1499 τοὺς

200 1510 430 1565 stasDabvlonis,
442 1510 515 1554 dixit
527 1510 551 1554 ei
567 1534 575 1553 :
591 1525 738 1561 Sophistas
753 1524 861 1559 quidem
874 1510 987 1559 Babylo-

1052 1512 1171 1547 ποφιστὰς
1186 1513 1236 1548 τῆς
1251 1512 1434 1545 Βαόυλωνίας,
1451 1510 1527 1539 εἶπεν
1539 1512 1624 1547 αὐτῷ,
1633 1513 1702 1545 Τοὺς
1717 1513 1766 1548 μὲν
1785 1522 1829 1540 σο-

201 1577 244 1604 nis
257 1585 292 1603 ne
306 1576 404 1611 perdas
421 1583 428 1601 :
441 1574 488 1601 sed
501 1572 629 1600 introduc
645 1579 688 1599 me
703 1571 737 1599 ad
751 1578 854 1606 regem,
881 1574 908 1597 et
932 1569 989 1597 sin—

200 1622 262 1657 gula
275 1621 329 1655 regi
345 1619 476 1656 aperiam.

234 1666 281 1694 ‘25.
312 1666 390 1693 Tunc
415 1664 515 1691 Arioch
542 1671 604 1691 cum
637 1662 812 1690 festinatione
839 1661 990 1689 introduxit

200 1712 340 1740 Danielem
355 1711 388 1738 ad
404 1718 505 1746 regem,
520 1713 547 1738 et
574 1710 644 1737 dixit
668 1709 692 1736 ei
706 1717 713 1735 :
743 1709 835 1736 Inveni
852 1709 989 1736 hominem

201 1759 350 1793 sapientem
370 1756 403 1783 dc
420 1755 576 1790 captivitate
597 1755 716 1782 ﬁliorum
745 1754 854 1787 Judaea3,
868 1754 914 1789 qui
935 1753 990 1788 regi

203 1803 305 1838 aperiet
321 1802 437 1836 singula.

237 1847 282 1874 26.
304 1846 482 1881 Respondens
496 1849 585 1873 autem
599 1853 645 1873 rex
658 1845 725 1872 dixit
743 1845 856 1878 Danieli,
867 1845 913 1880 qui
927 1852 991 1880 cog—

204 1893 396 1919 nominabatur
416 1890 562 1918 Chaldaice
583 1890 707 1918 Baltasar
727 1899 734 1917 :
751 1891 858 1918 Poteris
871 1890 992 1918 indicare

204 1938 269 1964 mihi
301 1937 450 1970 visionem,
477 1944 560 1972 quam
583 1936 655 1969 vidi,
685 1939 712 1963 et
740 1935 990 1970 interpretationem

203 1984 279 2018 ejus?

237 2030 282 2056 27.
303 2028 465 2056 Exclamans
488 2033 578 2056 autem
606 2027 700 2055 Daniel
724 2035 816 2056 coram
844 2034 906 2062 rege
931 2027 988 2054 ait:

204 2075 332 2111 Mysterii,
351 2075 423 2110 quod
436 2075 501 2102 vidit
517 2083 575 2108 rex,
589 2082 644 2102 non
658 2078 700 2102 est
716 2075 880 2109 sapientum,
895 2078 921 2101 et
931 2081 989 2100 ma-

203 2121 353 2154 letlcorum,
366 2126 393 2148 et
408 2121 618 2153 incantatorum,
647 2125 674 2148 et
695 2126 891 2155 gazarenornm
903 2118 989 2153 expli-

202 2167 284 2194 catio.

237 2214 284 2240 '28.
305 2212 357 2240 Sed
370 2217 412 2240 est
424 2212 497 2241 Deus
515 2213 542 2240 in
556 2212 625 2240 caelo
641 2212 764 2239 revelans
781 2211 921 2246 mysteria,
941 2209 989 2244 qui

204 2259 366 2296 signiﬁcavit
393 2259 447 2293 regi
462 2258 715 2286 Nabuchodonosor
734 2266 795 2293 qua:
814 2257 989 2292 oportettieri

203 2306 231 2332 in
247 2304 403 2332 novissimis
417 2303 523 2331 diebus.

235 2351 282 2379 29.
302 2351 334 2378 Et
353 2351 398 2386 qui
422 2350 524 2378 revelat
550 2349 679 2386 mysteria
692 2369 699 2382 ,
720 2348 840 2376 ostendit
860 2348 907 2375 tibi
929 2355 990 2383 quae

202 2402 309 2433 oportet
323 2397 392 2425 ﬁeri.

238 2446 282 2472 δυ.
303 2444 367 2471 Mihi
385 2450 449 2470 vero
477 2449 530 2469 non
549 2445 661 2477 propter
689 2440 859 2476 sapientiam,
875 2447 936 2475 quae
955 2439 991 2466 sit

205 2491 232 2518 in
248 2499 291 2518 me
310 2497 393 2524 super
412 2496 508 2516 omnes
522 2487 656 2520 homines,
674 2486 832 2522 mysterium
850 2485 902 2512 hoc
915 2492 992 2519 aper-

205 2544 263 2565 tum
279 2541 330 2570 est,
345 2536 392 2564 sed
408 2535 583 2570 explanatum
598 2537 641 2561 est
661 2533 740 2564 mihi,
760 2537 789 2559 ut
810 2536 874 2559 nota
895 2531 991 2558 ﬁerent

207 2584 273 2618 regi,
289 2590 350 2617 qua:
366 2581 512 2616 concepisti
528 2580 621 2608 animo
637 2583 685 2606 tuo
699 2579 725 2606 in
738 2577 903 2614 cognitione.

238 2671 285 2700 5!.
305 2672 338 2700 Et
356 2677 396 2704 tu.
410 2680 469 2705 rex,
484 2671 586 2703 vidisti.
599 2675 627 2698 et
639 2677 702 2698 ecce
714 2670 803 2706 imago
818 2677 882 2702 una,
893 2674 921 2697 et
933 2674 991 2698 erat

207 2721 295 2754 imago
312 2719 356 2746 illa
369 2726 466 2753 magna
481 2718 572 2750 nimis,
586 2721 613 2744 et
625 2721 752 2752 aspectus
763 2717 850 2752 ipsius
865 2717 991 2745 sublimis

207 2763 295 2791 stabat
311 2768 406 2791 contra
419 2767 456 2795 te,
470 2767 498 2791 et
510 2762 581 2790 visio
595 2762 721 2798 imaginis
737 2762 878 2791 terribilis.

1043 1559 1140 1593 φιστὶις
1150 1558 1200 1594 τῆς
1215 1558 1389 1590 Βαῦυλωνίας
1402 1559 1439 1594 μὴ
1450 1559 1596 1595 ἀπολέσῃς,
1611 1560 1740 1594 εἰσάγαγε
1756 1561 1783 1587 δέ
1797 1569 1830 1596 με

1042 1605 1110 1640 πρὸς
1124 1605 1169 1631 τὸν
1184 1604 1307 1640 βασιλέα,
1329 1605 1377 1631 καὶ
1396 1605 1499 1631 ἕκαστα
1519 1605 1557 1640 τῷ
1573 1605 1677 1640 βασιλεῖ
1689 1605 1811 1641 δηλώσω.

1076 1651 1122 1679 25.
1135 1651 1201 1678 Τότε
1221 1651 1322 1686 ’Λριὼχ
1336 1651 1406 1678 κατὰ
1423 1651 1542 1686 σπουδὴν
1561 1652 1694 1687 εἰσήγαγε
1711 1653 1757 1678 τὴν
1776 1654 1829 1679 Δα-

1042 1697 1101 1732 νιὴλ
1116 1697 1184 1732 πρὸς
1206 1696 1251 1723 τὸν
1268 1696 1390 1731 βασιλέα,
1405 1697 1451 1723 καὶ
1465 1694 1541 1723 εἴπεν
1554 1696 1639 1732 αὐτῷ,
1662 1698 1702 1724 ὅτι
1718 1697 1830 1732 Εὖρηκα

1042 1743 1184 1778 ἄνθρωπον
1199 1743 1280 1777 σοφὸν
1308 1743 1340 1769 ὲκ
1360 1742 1409 1777 τῆς
1424 1742 1612 1777 αἰχμαλωσίας
1630 1743 1683 1769 τῶν
1697 1743 1762 1769 υὶῶν
1782 1743 1830 1778 τῆς

1048 1789 1186 1820 Ἰουδαίας,
1199 1788 1228 1819 ὃς
1245 1785 1283 1821 τῷ
1299 1787 1402 1822 βασιλεῖ
1412 1787 1525 1822 δηλώσει
1541 1788 1652 1814 ἕκαστα.

1076 1834 1121 1862 Ξϐ.
1145 1834 1318 1871 Ἀποκριθεὶς
1343 1834 1371 1861 δὲ
1397 1834 1411 1860 ό
1436 1833 1562 1869 βασιλεὺς
1576 1831 1636 1860 εἷπε
1660 1833 1699 1868 τῷ
1721 1833 1827 1868 Δανιὴλ,

1042 1881 1250 1916 ἐπικαλουμένῳ
1263 1881 1292 1907 δὲ
1306 1880 1456 1907 Χαλδαῖςςτλ⁸
1476 1879 1634 1914 Βαλτάσαρ’
1656 1880 1764 1914 Δυνήσῃ
1785 1879 1830 1914 δη-

1042 1927 1128 1954 λῶσαί
1142 1935 1188 1962 μοι
1205 1927 1236 1953 τὸ
1251 1927 1342 1962 ὅραμα
1356 1926 1370 1952 ὃ
1382 1923 1461 1959 εἶδον,
1477 1925 1522 1952 καὶ
1536 1925 1585 1960 τὴν
1599 1925 1695 1952 τούτου
1719 1925 1830 1961 σύγκριο

1045 1982 1086 2001 σιν
1098 1981 1104 2006 ;

1079 2022 1124 2049 27.
1147 2020 1324 2056 Ἐκφωνήσας
1342 2018 1370 2046 δὲ
1391 2019 1406 2045 ὀ
1429 2017 1527 2054 Δανιὴλ
1553 2018 1599 2044 ἐπὶ
1617 2017 1664 2044 τοῦ
1686 2017 1828 2053 βασιλέως,

1043 2066 1120 2094 εἶπε·
1135 2067 1172 2094 Τὸ
1189 2067 1336 2102 μυστήριον
1354 2065 1368 2092 ὃ
1381 2065 1502 2101 ἑώρακεν
1523 2065 1536 2091 ὁ
1551 2065 1688 2100 βασιλεὺς,
1709 2066 1760 2092 οὐκ
1773 2065 1828 2091 ἐστι

1043 2113 1134 2148 σοφῶν
1145 2112 1192 2139 καὶ
1209 2111 1373 2147 φαρμακῶν,
1387 2111 1434 2137 καὶ
1447 2110 1588 2142 ὲπαοιδῶν,
1607 2111 1653 2137 καὶ
1668 2110 1829 2146 γαζαρηνῶν

1006 2182 1028 2210 D
1043 2159 1060 2194 ἡ
1073 2158 1198 2210 δήλωσιῇ

1076 2205 1122 2231 28.
1145 2203 1214 2230 Ἀλλ’
1232 2203 1288 2229 ἐστι
1303 2202 1369 2234 Θεὸς
1385 2203 1413 2229 ἐν
1431 2202 1538 2237 οὐρανῷ
1563 2202 1761 2229 ἀνακαλύπτων
1778 2210 1827 2236 μυ-

1043 2252 1152 2287 στήρια,
1173 2250 1202 2280 ὃς
1217 2249 1333 2285 ἐδήλωσε
1358 2248 1397 2283 τῷ
1415 2247 1520 2283 βασιλεί
1545 2247 1792 2283 Ναϐουχοδονόσορ,
1812 2247 1829 2275 ἃ

1040 2297 1081 2324 δεῖ
1096 2295 1222 2330 γενέσθαι
1239 2294 1283 2321 ἐπ’
1297 2294 1418 2329 ἐσχάτων
1438 2293 1492 2320 τῶν
1508 2293 1629 2329 ἡμερῶν.

1075 2342 1118 2369 9.9.
1136 2342 1191 2369 Καὶ
1204 2340 1402 2368 ἀνακαλύπτων
1417 2340 1555 2376 μυστήρια
1571 2339 1689 2375 ἐδήλωσέ
1707 2348 1748 2366 σοι
1764 2339 1830 2367 ἃδεῖ

1039 2388 1177 2424 γενέσθαι.

1076 2435 1120 2462 50.
1139 2433 1231 2470 Κᾲμοὶ
1247 2433 1275 2460 δὲ
1298 2433 1329 2459 οὐ
1353 2431 1428 2467 παρὰ
1448 2432 1497 2468 τὴν
1515 2431 1621 2466 σοφίαν,
1638 2432 1687 2467 τὴν
1703 2430 1787 2460 οὖσαν
1801 2433 1828 2459 ὲν

1041 2481 1103 2517 ἐμοὶ
1123 2481 1193 2516 ὑπὲρ
1217 2479 1323 2511 πάντας
1347 2479 1411 2510 τοὺς
1437 2477 1607 2514 ἀνθρώπους,
1624 2479 1655 2504 τὸ
1681 2480 1828 2515 μυστήριον

1041 2527 1119 2555 τοῦτο
1136 2526 1282 2561 ἑξεφάνθη,
1297 2525 1354 2552 ἀλλ’
1369 2525 1462 2551 ἕνεκεν
1473 2525 1519 2551 τοῦ
1533 2524 1685 2560 δηλωθῆναι
1701 2525 1740 2561 τῷ
1755 2526 1829 2561 βασι-

1041 2574 1083 2600 λεῖ
1093 2572 1233 2609 ἐσημάνθη
1251 2581 1306 2607 μοι,
1319 2571 1337 2598 ἃ
1356 2571 1492 2603 ὑπέλαὸες
1505 2572 1537 2606 τῇ
1555 2571 1653 2607 καρδίᾳ
1664 2580 1711 2599 σου
1722 2573 1752 2598 ὲν
1762 2572 1830 2607 γνὼ-

1043 2630 1094 2648 σει.

1077 2668 1121 2696 5|.
1135 2666 1189 2694 Καὶ
1199 2666 1240 2698 σὺ,
1258 2664 1378 2701 βασιλεῦ,
1394 2663 1529 2700 ἑώρακας,
1543 2665 1590 2691 καὶ
1605 2664 1659 2691 ίδοὺ
1673 2664 1757 2692 εἰκὼν
1769 2665 1829 2699 μία,

1042 2715 1089 2741 καὶ
1105 2712 1140 2749 ἦν
1155 2714 1170 2748 ὴ
1183 2711 1265 2739 εἰκὼν
1277 2711 1365 2746 ἐκείνη
1380 2710 1487 2746 μεγάλη
1512 2710 1623 2745 σφόδρα,
1643 2711 1690 2737 καὶ
1707 2712 1724 2746 ή
1749 2711 1831 2746 πρόσο

1042 2761 1102 2795 οψις
1119 2758 1204 2794 αὐτῆς
1216 2757 1375 2793 ὑπερφερὴς
1392 2756 1505 2792 ἑστήκει
1521 2755 1641 2784 ἐναντίον
1667 2764 1726 2789 σου,
1749 2757 1798 2784 καὶ
1813 2757 1828 2786 ἡ

1044 2804 1173 2843 πρόσοψις
1189 2804 1238 2839 τῆς
1255 2803 1357 2834 εἰκόνος
1375 2801 1487 2837 φοϐερά.
