1959 3079
206 120 280 148 2775

760 115 995 143 IIEXAPLORL'M
1015 112 1097 147 ρυΑῑ
1120 111 1338 141 SUPERSUNT.

1766 107 1818 134 (ΖΠ
1823 106 1839 132 6

244 177 271 204 7.
294 176 324 204 Et
338 176 469 211 imposuit
481 175 520 202 eis
534 175 660 210 princeps
672 175 859 202 cunuchorum
868 173 977 200 nomina
991 181 996 198 :

1086 171 1112 197 7.
1130 171 1185 198 Καὶ
1200 169 1335 204 ἐπέθηκεν
1355 168 1445 197 αὐτοῖς
1463 169 1476 194 ὸ
1497 165 1689 202 ἀρχιευνοῦχος
1707 164 1840 200 ὀνόματα,

210 223 314 250 Ilanicli
330 223 439 257 quidem
456 221 590 253 Baltasar,
609 221 721 247 Ananiae
747 219 884 252 Sedracli,
899 225 927 246 et
947 219 1000 245 Mi-

209 269 276 295 saeli
293 268 406 299 Misacli,
424 272 451 294 et
463 267 567 293 Azariaa
583 265 739 300 Abdenago.

213 318 228 324 “
243 314 272 340 3.
294 315 326 340 Et
342 314 468 348 cogitavit
484 313 577 339 Daniel
598 312 625 338 in
645 312 747 342 corde,
774 318 808 338 ne
834 309 1002 345 pollueretur

210 360 238 386 in
255 360 315 387 cibo
336 359 416 395 regis.
442 365 469 386 et
493 367 519 385 in
539 357 615 389 vino,
628 357 710 394 quod
736 356 803 384 bibit
823 365 829 382 ε
854 361 881 383 et
899 355 1003 390 rogavit

212 406 364 441 principem
383 405 582 436 cunuchorum,
601 411 637 431 ne
650 403 885 438 coinquinaretur.

246 497 273 525 9.
291 497 322 524 Et
337 496 410 524 dedit
423 495 554 524 Dominus
568 495 672 523 Danieli
688 495 819 523 honorem
847 499 874 522 et
888 495 1002 530 gratiam

211 543 239 570 in
255 547 401 576 conspectu
417 542 549 577 principis
569 542 771 569 cunuchorum.

248 588 293 616 10.
316 589 347 615 Et
361 588 429 615 dixit
440 588 566 622 princeps
578 587 767 615 cunuchorum
779 586 895 618 Danieli,
912 586 1005 620 Angor

213 639 287 662 metu
311 634 414 661 domini
430 635 483 661 mei
504 634 593 670 regis,
614 634 661 669 qui
683 633 819 661 ordinavit
841 633 933 660 cibum
958 639 1006 658 ve-

214 686 301 708 strum
313 701 320 713 ,
337 685 363 707 et
379 684 471 715 potum
485 685 604 707 vestrum
617 700 624 711 ,
642 687 676 707 ne
689 679 778 706 videat
794 678 876 705 facies
901 683 1006 705 vestras

214 726 340 753 diversas
364 730 392 753 et
415 723 538 753 inﬁrmas
552 733 608 761 pra:
619 724 826 752 adolescentulis
840 723 1006 758 alienigena-

216 781 286 803 rum,
305 772 349 807 qui
365 773 476 800 aluntur
498 772 656 804 vobiscum,
679 776 705 799 et
726 770 879 806 periculum
903 769 1005 804 proprii

215 819 279 847 colli
299 820 425 846 subeam.

1051 217 1091 252 τῷ
1117 216 1166 251 μὲν
1180 215 1280 250 Δανιὴλ
1300 214 1460 249 Βαλτάσαρ,
1479 212 1519 247 τῷ
1542 212 1571 238 δὲ
1596 211 1706 246 Ἀνανίᾳ
1726 210 1840 246 Σεδρὰχ,

1054 263 1102 289 καὶ
1119 262 1157 297 τῷ
1173 260 1282 296 Μισαὴλ
1298 260 1402 294 Μισὰχ,
1417 258 1514 294 καὶτῷ
1543 257 1656 293 ’Δζαρίᾳ
1678 255 1842 290 Ἀϐδεναγώ.

1090 309 1116 335 8.
1133 307 1188 334 Kal
1198 306 1352 342 ἐνεθυμήθη
1363 305 1462 341 Δανιὴλ
1477 306 1506 332 ὲν
1522 305 1556 340 τῇ
1578 303 1676 339 καρδίᾳ
1686 323 1694 336 ,
1715 302 1790 332 ὅπως
1806 300 1843 336 μὴ

1053 353 1189 389 ἀλισγηθῇ
1206 354 1235 380 ἐν
1246 352 1285 388 τῷ
1297 352 1396 387 δείπνῳ
1408 351 1455 378 τοῦ
1469 350 1611 386 βασιλέως,
1624 349 1672 376 καὶ
1686 349 1716 374 ὲν
1731 345 1754 382 ᾧ
1771 346 1843 373 πίνει

1053 401 1134 435 οἴνῳ·
1147 399 1194 426 xal
1207 399 1307 434 ἠξίωσε
1322 398 1367 425 τὸν
1383 396 1576 433 ἁρχιευνοῠχον
1586 415 1596 429 ,
1620 395 1665 422 ἵνα
1683 394 1722 430 μὴ
1739 401 1844 428 συμμο·

1053 445 1148 480 λυνθῇ.

1089 489 1117 516 9.
1130 488 1185 515 Kal
1202 488 1286 515 ἔδωκε
1298 487 1401 524 Κύριος
1413 486 1451 522 τῷ
1464 486 1563 522 Δανιὴλ
1587 486 1669 522 τιμὴν
1701 486 1747 512 καὶ
1764 483 1844 520 χάριν

1054 535 1175 562 ἐναντίον
1188 534 1234 562 τοῦ
1246 533 1450 570 ἀρχιευνούχου.

1091 580 1134 607 10.
1149 580 1204 606 Kal
1216 578 1291 606 εἶπεν
1304 580 1318 606 ὁ
1330 577 1522 613 ἀρχιευνοῠχος
1541 577 1579 613 τῷ
1594 576 1702 612 Δανιὴλ,
1721 573 1846 609 Ἀγωνιιῖι

1055 625 1100 652 τὸν
1116 624 1210 662 κύριόν
1227 633 1278 660 μου
1291 624 1336 650 τὸν
1350 623 1473 658 βασιλέα,
1489 623 1537 649 τὸν
1547 622 1699 655 ὲκτάξαντα
1708 621 1757 657 τὴν
1775 619 1847 655 βρῶ-

1057 680 1098 698 σιν
1113 671 1200 706 ὑμῶν,
1219 672 1266 697 καὶ
1282 669 1330 705 τὴν
1346 669 1424 697 πόσιν
1439 669 1526 704 ὑμῶν.
1543 669 1586 695 ἵνα
1604 667 1641 704 μὴ
1653 668 1695 703 ῐδῃ
1711 667 1747 694 τὰ
1760 667 1848 702 πρόσ-

1055 726 1119 744 ωπα
1141 716 1217 751 ὑμῶν
1242 714 1462 751 διατετραμμένα
1485 714 1532 741 καὶ
1563 714 1665 749 ἀσθενῆ
1689 713 1766 748 παρὰ
1782 712 1848 744 τοὺς

1058 762 1288 798 συντρεφομένους
1315 761 1378 796 ὑμῖν
1395 760 1504 793 νεανίας
1532 760 1585 787 τῶν
1598 759 1751 794 ἀλλογενῶν
1765 779 1774 792 ,
1800 758 1848 786 καὶ

1058 807 1221 835 κινδυνεύσω
1233 807 1272 842 τῷ
1287 806 1345 843 ίδίῳ
1356 807 1495 842 τραχήλῳ.

252 866 296 893 ll.
318 866 350 893 Et
365 865 433 892 dixit
449 865 541 892 Daniel
555 864 678 892 Abiesdri
689 884 696 897 ,
712 863 759 899 qui
774 862 930 890 declaratus
945 860 1006 888 fue-

1094 853 1137 880 H.
1152 853 1207 879 Kal
1224 851 1300 879 εἴπεν
1326 852 1425 888 Δανιὴλ
1451 851 1587 887 Ἀδιεσδρὶ
1604 850 1643 886 τῷ
1662 849 1848 885 ἀναδειχθέντι

216 916 259 939 rat
282 911 503 938 archicunuchus
519 918 600 946 super
616 909 753 937 Danielem
766 929 772 941 ,
793 908 938 940 Ananiam,
955 905 1006 932 Mi-

217 958 328 989 saelem,
344 957 483 984 Azariam:

255 1003 298 1029 19.
320 1002 631 1036 Tcnta,quaaso.pueros
652 1005 713 1027 tuos
728 1007 775 1035 per
788 999 845 1026 dies
862 998 964 1027 decem.
983 1001 1010 1024 et

218 1049 298 1076 detur
319 1049 399 1075 nobis
413 1049 445 1075 de
464 1047 646 1083 leguminibus
661 1051 750 1079 terrae,
766 1051 795 1072 ut
812 1045 1007 1076 comedamus,

217 1099 246 1121 et
263 1102 331 1128 aqua
338 1102 362 1120 m
379 1094 517 1121 bibamus.

256 1141 299 1169 15.
321 1140 354 1167 Et
371 1140 394 1168 si
416 1144 545 1175 appareat
567 1143 693 1173 aspectus
713 1143 807 1166 noster
831 1138 956 1165 diversus
977 1137 1011 1163 ab

220 1187 282 1214 aliis
293 1185 504 1214 adolescentulis
514 1205 522 1218 ,
540 1185 586 1219 qui
602 1185 687 1212 edunt
701 1184 734 1212 de
750 1184 823 1219 regia
836 1190 924 1215 caena,
940 1182 1012 1209 sicut

221 1235 353 1267 volueris,
367 1234 408 1262 sic
423 1237 499 1261 utere
514 1232 601 1260 servis
620 1232 684 1259 tuis.

259 1325 302 1353 14.
323 1325 453 1359 Fecitque
468 1325 507 1352 eis
526 1324 579 1352 hoc
594 1323 693 1355 modo,
709 1327 735 1350 et
755 1321 871 1349 tentavit
887 1327 935 1348 eos
955 1319 1014 1347 die-

223 1372 276 1399 bus
291 1371 382 1398 decem
389 1391 395 1397 .

260 1416 305 1443 15.
334 1414 399 1442 Post
420 1414 512 1441 decem
538 1413 597 1441 dies
616 1411 742 1448 apparuit
765 1415 893 1446 aspectus
919 1417 1013 1438 eorum

224 1461 349 1496 pulcher,
365 1465 390 1487 et
405 1460 514 1487 habitus
529 1458 650 1492 corporis
667 1458 762 1485 melior
775 1457 838 1485 aliis
853 1455 1013 1484 adolescen-

227 1506 300 1536 tulis,
318 1505 365 1539 qui
383 1505 499 1532 edebant
514 1503 615 1538 regiam
635 1510 754 1530 cmnam.

264 1551 306 1578 16.
328 1550 360 1577 Et
379 1555 436 1578 erat
460 1549 585 1577 Abiesdri
609 1549 707 1577 tollens
724 1555 830 1575 coenam
854 1554 965 1579 eorum,
989 1550 1016 1574 et

225 1597 320 1624 vinum
334 1603 439 1628 eorum,
453 1599 480 1623 et
493 1602 543 1630 pro
563 1594 607 1622 his
622 1594 704 1621 dabat
716 1594 756 1621 eis
769 1593 803 1620 de
819 1591 1013 1628 leguminibus.

263 1687 307 1714 l7.
329 1686 362 1712 Et
381 1684 590 1713 adolescentulis
604 1683 678 1711 dedit
692 1682 824 1710 Dominus
849 1681 1014 1713 scientiam,

226 1737 254 1759 et
271 1731 485 1766 intelligentiam,
498 1734 524 1757 et
539 1729 709 1763 prudentiam
723 1729 750 1756 in
763 1728 837 1756 omni
849 1731 908 1754 arte
920 1727 1014 1754 litera-

228 1778 270 1804 ria
282 1785 288 1802 :
303 1776 407 1803 Danieli
421 1783 484 1802 vero
493 1776 566 1802 dedit
578 1774 782 1809 intelligentiam
796 1774 823 1800 in
835 1773 911 1799 omni
921 1772 1015 1803 verbo,

227 1827 256 1850 et
268 1821 384 1853 visione,
399 1826 426 1848 et
440 1820 564 1852 somniis,
580 1823 607 1846 et
622 1820 649 1846 in
665 1819 739 1846 omni
754 1818 896 1852 sapientia.

266 1867 309 1894 18.
329 1866 394 1894 Post
405 1870 494 1893 autem
503 1865 562 1893 dies
576 1865 642 1892 istos
650 1864 733 1899 jussit
741 1871 788 1891 rex
799 1863 934 1890 introduci
947 1869 996 1890 eos
1008 1871 1015 1889 :

229 1917 256 1940 et
268 1912 415 1939 introducti
430 1915 493 1938 sunt
507 1918 522 1937 ιι
536 1910 657 1945 principe
672 1910 862 1937 cunuchorum
876 1909 909 1936 ad
924 1916 1015 1943 regem

230 1956 491 1985 Nabuchodonosor.

266 2003 308 2030 19.
347 2002 470 2038 Cumque
490 2001 530 2029 eis
545 2001 696 2028 collocutus
709 2004 752 2027 est
771 2007 836 2032 rex;
855 2004 879 2026 et
898 2006 951 2026 non
975 1999 1018 2026 in-

230 2055 327 2077 ventus
336 2054 377 2077 est
392 2048 418 2075 in
433 2047 602 2082 sapientibus
616 2046 712 2073 similis
726 2045 842 2076 Danieli,
854 2050 881 2072 et
893 2044 1017 2077 Ananiae,

229 2101 257 2122 et
267 2094 381 2125 Misaeli.
398 2097 425 2120 et
443 2093 557 2125 Mariae,
571 2095 702 2126 erantque
715 2090 786 2125 apud
803 2097 903 2124 regem.

265 2141 312 2168 20.
330 2142 362 2168 Et
376 2140 403 2167 in
426 2140 501 2167 omni
520 2139 612 2170 verbo,
634 2142 663 2165 et
680 2136 858 2171 intelligentia
870 2156 878 2169 ,
894 2140 922 2163 et
936 2135 1019 2162 disci-

1057 897 1294 934 ἁρχιευνούχῳέπὶ
1308 897 1353 924 τὸν
1361 896 1471 933 Δανιὴλ,
1488 895 1620 928 Ἁνανίαν,
1633 895 1755 931 Μισαὴλ,
1764 894 1849 926 ’Δζα-

1059 951 1130 980 praue

1095 991 1138 1018 12.
1152 989 1285 1025 Πείρασον
1295 988 1326 1024 δὴ
1344 989 1406 1020 τοὺς
1421 987 1518 1020 παῖδας
1533 995 1580 1014 σου
1595 987 1637 1023 ἐφ’
1652 987 1760 1023 ἡμέρας
1770 987 1850 1020 δέκα,

1059 1037 1107 1063 καὶ
1136 1036 1239 1070 δοθήτω
1266 1036 1331 1070 ἡμῖν
1348 1034 1402 1061 ἀπὸ
1420 1034 1473 1061 τῶν
1487 1033 1607 1069 ὀσπρίων
1631 1034 1680 1068 τῆς
1693 1033 1757 1068 γῆς,
1777 1032 1850 1059 ὥστε

1061 1081 1187 1113 κάπτειν,
1203 1080 1249 1107 καὶ
1269 1080 1435 1115 ὑδροποτεῖν.

1097 1126 1141 1152 15.
1167 1125 1221 1152 Kal
1243 1124 1290 1151 ἐὰν
1313 1126 1382 1160 φανῇ
1403 1125 1419 1159 ἡ
1441 1124 1501 1159 ὄψις
1526 1123 1604 1159 ἡμῶν
1628 1122 1850 1158 διατετραμμένη

1061 1172 1137 1208 παρὰ
1151 1172 1214 1203 τοὺς
1233 1171 1328 1202 ἄλλους
1342 1171 1498 1202 νεανίσκους
1510 1170 1574 1201 τοὺς
1593 1169 1730 1200 ἐσθίοντας
1741 1169 1795 1195 ἀπὸ
1804 1168 1851 1195 τοῦ

1064 1217 1203 1254 βασιλικοῦ
1223 1217 1340 1249 δείπνου,
1358 1215 1448 1248 καθὼς
1473 1215 1520 1243 ἐὰν
1542 1215 1636 1252 θέλῃς,
1657 1214 1728 1241 οὕτω
1749 1214 1851 1250 χρῆσαι

1062 1266 1118 1296 τοῖς
1133 1264 1211 1290 παισί
1225 1272 1283 1290 σου.

1099 1309 1143 1336 14.
1161 1309 1216 1335 Καὶ
1232 1309 1366 1345 ἐχρήσατο
1382 1307 1472 1339 αὐτοῖς
1494 1307 1540 1333 τὸν
1563 1307 1663 1343 τρόπον
1681 1306 1785 1339 τοῦτον,
1805 1307 1853 1333 καὶ

1065 1355 1209 1390 ἐπείρασεν
1221 1354 1318 1385 αὐτοὺς
1332 1354 1438 1390 ἡμέρας
1459 1353 1533 1380 δέκα.

1102 1400 1144 1428 15.
1162 1400 1240 1427 Μετὰ
1252 1400 1300 1431 τὰς
1315 1400 1381 1427 δέκα
1398 1399 1522 1435 ἡμέρας,
1545 1398 1631 1434 ἐφάνη
1649 1399 1665 1433 ἡ
1683 1398 1745 1431 ὄψις
1762 1398 1854 1424 αὐτῶν

1065 1447 1146 1482 καλὴ,
1161 1447 1237 1482 καὶὴ
1256 1446 1311 1478 ἕξις
1326 1445 1372 1473 τοῦ
1397 1445 1523 1480 σώματος
1541 1445 1675 1480 κρείσσων
1689 1443 1745 1470 τῶν
1765 1443 1855 1470 ἄλλων

1067 1493 1215 1520 νεανίσκων
1234 1491 1288 1518 τῶν
1302 1491 1446 1518 ἐσθιόντων
1463 1491 1492 1517 τὺ
1511 1489 1646 1525 βασιλικὸν
1663 1490 1781 1516 δεῖπνον.

1102 1538 1144 1565 16.
1161 1538 1217 1564 Kal
1231 1535 1264 1573 ἦν
1284 1537 1418 1572 ’Δῦιεσδρὶ
1430 1536 1623 1572 ἀναιρούμενος
1638 1535 1668 1562 τὸ
1683 1535 1791 1561 δεῖπνον
1805 1535 1856 1561 αὖ-

1067 1584 1131 1617 τῶν,
1143 1583 1244 1610 καὶτὸν
1261 1580 1331 1609 οἶνον
1352 1582 1450 1615 αὐτῶν,
1473 1582 1519 1608 καὶ
1536 1582 1671 1608 ἀντεδίδου
1695 1581 1787 1612 αὐτοῖς
1802 1581 1856 1606 ἀπὸ

1068 1629 1121 1656 τῶν
1134 1629 1266 1665 ὀσπρίων.

1105 1674 1148 1700 17.
1166 1673 1220 1700 Kal.
1234 1674 1289 1705 τοῖς
1300 1672 1451 1704 νεανίσκοις
1472 1672 1571 1698 ἔδωκεν
1588 1673 1601 1698 ὁ
1618 1671 1721 1707 Κύριος
1742 1672 1857 1706 ἐπιπή-

1071 1729 1134 1756 μην,
1146 1720 1193 1746 καὶ
1206 1720 1322 1751 σύνεσιν.
1334 1720 1381 1746 καὶ
1400 1720 1529 1754 φρόνησιν
1543 1720 1572 1745 ὲν
1584 1719 1657 1754 πάσῃ
1674 1719 1855 1754 γραμματικῇ

1067 1766 1164 1802 τέχνῃ’
1181 1766 1228 1792 καὶ
1242 1764 1282 1800 τῷ
1299 1765 1397 1800 Δανιὴλ
1419 1765 1502 1792 ἔδωκε
1519 1764 1624 1791 σύνεσιν
1639 1765 1668 1790 ὲν
1694 1764 1778 1790 παντὶ
1805 1765 1856 1798 ῥή-

1071 1820 1135 1847 ματι
1145 1812 1192 1838 καὶ
1205 1811 1334 1846 ὁράματι,
1343 1811 1390 1838 καὶ
1405 1811 1551 1843 ἐνυπνίοις,
1560 1811 1606 1837 καὶ
1617 1811 1646 1837 ὲν
1657 1810 1730 1845 πάσῃ
1740 1809 1855 1845 σοφὶᾳί.

1105 1858 1149 1888 18,
1165 1857 1243 1886 Μετὰ
1253 1858 1280 1884 δὲ
1296 1858 1345 1889 τὰς
1359 1858 1466 1893 ἡμέρας
1479 1857 1590 1889 ταύτας,
1606 1856 1736 1888 ἐπέταξεν
1746 1858 1761 1883 ὁ
1778 1855 1857 1890 βασι-

1068 1904 1130 1936 λεὺς
1143 1905 1299 1938 εἰσαγαγεῖν
1312 1904 1421 1935 αὐτοὺς,
1438 1904 1485 1930 καὶ
1503 1903 1669 1938 εἰσήχθησαν
1683 1902 1737 1929 ἀπὸ
1748 1901 1796 1928 τοῦ
1807 1902 1857 1936 ἁρ-

1069 1950 1224 1986 χιευνούχου
1237 1949 1304 1985 πρὸς
1323 1950 1368 1976 τὸν
1384 1949 1496 1984 βασιλέα
1511 1947 1756 1983 Ναϐουχοδονόσορ.

1106 1995 1150 2022 19.
1168 1995 1222 2021 Kal
1234 1995 1371 2030 ὡμίλησεν
1389 1995 1479 2026 αὐτοῖς
1495 1995 1508 2021 ὁ
1520 1993 1644 2029 βασιλεύς
1654 2001 1660 2008 ·
1682 1993 1729 2020 καὶ
1745 1993 1795 2028 οὐχ
1810 1993 1857 2019 εὖ·

1071 2039 1136 2076 ρέοη
1153 2040 1181 2066 ἐν
1195 2040 1252 2070 τοῖς
1265 2041 1356 2074 σοφοῖς
1369 2039 1459 2074 ὅμοιος
1473 2038 1512 2074 τῷ
1529 2038 1636 2074 Δανιὴλ,
1660 2039 1707 2065 xal.
1735 2038 1855 2074 Ἀνανίᾳ,

1070 2086 1116 2112 καὶ
1127 2085 1246 2120 Μισαὴλ,
1259 2086 1305 2111 καὶ
1322 2085 1446 2121 Ἀζαρίᾳ,
1462 2085 1509 2112 καὶ
1518 2083 1587 2120 ἦσαν
1600 2084 1676 2120 παρὰ
1689 2084 1727 2119 τῷ
1740 2084 1855 2119 βασιλεῖ.

1104 2131 1149 2158 20.
1168 2131 1223 2157 Kal.
1238 2131 1266 2157 ὲν
1282 2131 1362 2157 παντὶ
1376 2131 1457 2166 λόγῳ,
1475 2130 1523 2157 καὶ
1542 2129 1659 2161 συνέσει,
1678 2131 1725 2157 καὶ
1737 2130 1855 2164 παιδείᾳ,

232 2188 306 2222 plina
321 2193 499 2221 quaecumque
516 2184 671 2212 sciscitatus
685 2186 726 2210 est
742 2182 777 2209 ab
795 2182 835 2209 cis
850 2189 908 2214 rex,
924 2181 1013 2216 depre-

1076 2177 1120 2204 ὅσα
1134 2177 1250 2212 ἐζήτησε
1265 2177 1329 2211 παρ’
1340 2176 1429 2203 αὐτῶν
1445 2177 1458 2202 ὁ
1480 2176 1620 2211 βασιλεὺς,
1639 2175 1788 2202 κατέλαϐεν
1807 2176 1856 2201 αὺ-

235 2232 328 2260 liendit
344 2239 391 2259 eos
406 2231 585 2266 sapientiores
600 2228 744 2263 decuplum
765 2234 846 2262 super
860 2227 997 2262 sophistas
1010 2246 1018 2260 ,

232 2283 260 2305 et
276 2277 462 2313 philosophos.
475 2276 522 2311 qui
533 2280 611 2303 erant
621 2274 647 2302 in
658 2274 732 2301 omni
744 2280 828 2308 regno
838 2273 908 2306 ejus,
921 2277 948 2300 ct
961 2272 1020 2308 glo-

235 2324 350 2352 riticavit
364 2331 412 2351 eos
431 2330 477 2350 rex
488 2342 496 2355 ,
513 2327 540 2350 et
550 2320 693 2349 constituit
707 2327 755 2348 eos
771 2319 917 2354 principes,
934 2322 962 2345 et
973 2319 1020 2345 de-

233 2370 349 2398 claravit
368 2377 414 2397 eos
435 2369 572 2403 sapientes
592 2374 674 2402 super
692 2373 788 2393 omnes
800 2385 807 2397 ,
828 2365 876 2400 qui
890 2367 970 2391 erant
992 2363 1021 2390 in

235 2416 351 2452 negotiis
371 2415 431 2450 ejus
450 2415 477 2442 in
498 2413 624 2441 universa
646 2418 718 2440 terra
739 2412 816 2447 ejus,
832 2415 861 2439 et
883 2411 911 2438 in
936 2415 1021 2445 regno

234 2469 304 2496 ejus.

271 2554 316 2581 2i.
336 2553 367 2580 Et
381 2553 432 2580 fuit
445 2552 538 2580 Daniel
551 2558 637 2586 usque
651 2550 684 2577 ad
698 2549 816 2586 primum
830 2554 932 2576 annum
945 2547 1022 2582 regni

237 2599 301 2636 Cyri
319 2599 390 2634 regis
399 2599 556 2626 Persarum.

536 2652 651 2680 CAPUT
677 2652 710 2679 ll.

274 2703 300 2729 1.
317 2701 351 2729 Et
370 2701 397 2728 in
423 2707 494 2726 anno
519 2700 640 2727 secundo
666 2698 741 2734 regni
771 2696 1024 2725 Nabuchodonosor

240 2746 349 2778 accidit,
367 2749 396 2771 ul
409 2744 436 2770 in
451 2744 570 2770 visiones
593 2747 620 2770 et
646 2742 753 2771 somnia
778 2740 911 2769 incideret
924 2747 983 2772 rex,
998 2743 1026 2766 et

238 2789 546 2818 turbareturinsomnio
559 2795 620 2820 suo,
641 2792 667 2815 et
685 2794 799 2815 somnus
817 2786 877 2822 ejus
901 2785 972 2821 fugit
991 2784 1025 2812 ab

248 2844 291 2865 εο.

1069 2223 1133 2254 τοὺς
1152 2230 1182 2249 -ι-
1197 2221 1366 2257 σοφωτέρους
1378 2222 1407 2256 /.
1421 2222 1609 2253 δεκαπλασίως
1634 2221 1704 2257 ὑπὲρ
1722 2221 1786 2252 τοὺς
1813 2229 1857 2247 ao.-

1071 2267 1179 2302 φιστὰς,
1196 2269 1242 2294 καὶ
1251 2268 1314 2298 τοὺς
1329 2268 1489 2302 φιλοσόφους
1502 2268 1566 2299 τοὺς
1582 2268 1612 2294 ὲν
1629 2268 1702 2302 πάσῃ
1719 2269 1752 2303 τῇ
1781 2267 1856 2302 βασι-

1071 2312 1130 2348 λείᾳ
1143 2311 1225 2339 αὐτοῦ
1239 2319 1270 2340 -ε-
1282 2313 1328 2339 καὶ
1350 2311 1474 2345 ἐδόξασεν
1496 2313 1593 2344 αὐτοὺς
1610 2313 1624 2338 ὁ
1649 2311 1776 2347 βασιλεὺς
1787 2333 1794 2344 ,
1810 2313 1857 2338 καὶ

1075 2359 1102 2392 2
1120 2358 1286 2393 κατέστησεν
1299 2358 1397 2390 αὐτοὺς
1407 2358 1549 2393 ἄρχοντας.
1559 2358 1605 2384 καὶ
1614 2357 1748 2389 ἀνέδειξεν
1760 2357 1857 2387 αὐτοὺς

1075 2405 1102 2438 2
1120 2403 1219 2438 σοφοὺς
1247 2403 1323 2439 παρὰ
1345 2403 1448 2435 πάντας
1463 2404 1525 2435 τοὺς
1545 2403 1626 2430 αὐτοῦ
1645 2404 1674 2429 ὲν
1696 2402 1857 2438 πράγμασιν

1075 2451 1102 2484 2
1122 2457 1153 2478 -t—
1169 2451 1198 2477 ὲν
1214 2449 1288 2485 πάσῃ
1299 2451 1331 2485 τῇ
1344 2451 1379 2485 γῇ
1396 2450 1489 2483 αὑτοῦ,
1507 2450 1555 2476 καὶ
1566 2451 1596 2476 ὲν
1617 2450 1650 2485 τῇ
1668 2449 1791 2484 βασιλείᾳ
1809 2448 1857 2474 αὐ-

1075 2497 1102 2530 Z
1118 2495 1164 2523 τοῦ
1180 2497 1208 2531 /.

1106 2542 1151 2569 21.
1170 2543 1224 2569 Kal
1235 2540 1269 2578 ἦν
1282 2542 1380 2578 Δανιὴλ
1395 2542 1447 2574 ἕως
1461 2542 1506 2568 τοῦ
1525 2541 1632 2578 πρώτου
1647 2542 1725 2573 ἔτους
1747 2542 1797 2577 τῆς
1811 2540 1857 2576 βα-

1074 2588 1175 2621 σιλείας
1189 2589 1281 2624 Κύρου
1300 2588 1431 2624 βασιλέως
1444 2588 1567 2624 Περσῶν.

1336 2643 1534 2670 ΚΕΦΔΛΜΟΝ
1548 2644 1587 2670 Β’.

1111 2691 1137 2718 l.
1151 2690 1205 2716 Kal
1217 2690 1245 2716 ὲν
1264 2689 1301 2724 τῷ
1322 2689 1374 2716 ἔτει
1391 2690 1430 2725 τῷ
1439 2689 1556 2725 δευτέρῳ
1573 2689 1625 2724 τῆς
1644 2688 1782 2724 βασιλείας
1800 2689 1855 2716 Να-

1075 2737 1275 2772 ϐουχοδονόσορ,
1290 2736 1386 2771 συνέϐη
1402 2737 1441 2767 εἰς
1449 2735 1575 2771 ὁράματα
1589 2735 1635 2762 καὶ
1649 2735 1762 2762 ἐνύπνια
1773 2736 1857 2770 ἐμπε-

1077 2784 1133 2810 σεῖν
1149 2782 1194 2808 τὸν
1218 2781 1346 2816 βασιλέα,
1370 2782 1417 2807 καὶ
1439 2781 1608 2817 ταραχθῆναι
1631 2781 1660 2807 ἐν
1683 2779 1722 2815 τῷ
1741 2780 1856 2815 ἐνυπνίῳ

1079 2829 1159 2856 αὑτοῦ
1170 2837 1176 2842 ·
1193 2829 1238 2855 καὶ
1252 2829 1266 2854 ὁ
1283 2828 1365 2859 ὕπνος
1384 2827 1463 2854 αὐτοῦ
1475 2828 1584 2862 ἐγένετο
1602 2827 1648 2854 ἀπ’
1664 2826 1759 2854 αὑτοῦ.
