1959 3079
124 119 155 148 ‘47
160 118 190 145 Π

781 115 905 142 DANIEL
924 115 1040 143 CAPUT
1068 116 1100 144 ll.

1684 119 1753 146 9773

154 174 182 201 2.
198 174 254 202 Καὶ
280 173 412 206 ἐπέταξεν
445 174 458 200 ὁ
485 173 610 209 βασιλεὺς
641 173 826 209 εἰσενεχθῆναι
849 173 909 204 τοὺς

999 173 1025 200 2.
1044 173 1076 200 Et
1089 173 1169 208 jussit
1192 181 1249 206 rex,
1267 178 1294 200 ul
1313 174 1548 201 iutroducerenlur
1566 175 1748 203 incantatores

127 220 279 252 ὲπαοιδοὺς,
294 220 414 251 καὶτοὺς
426 220 539 255 μάγους,
551 220 598 247 καὶ
611 220 674 251 τοὺς
689 219 851 254 φαρμακοὺς
858 218 912 244 τῶν

124 266 275 296 Χαλδαίων,
288 265 448 300 ἀναγγεῖλαι
464 265 503 301 τῷ
521 265 627 300 βασιλεῖ
638 265 671 292 τὰ
682 266 794 292 ἐνύπνια
811 264 893 292 αὑτοῦ
903 272 910 279 ·

121 310 170 338 καὶ
182 310 398 345 παραγενόμενοι
412 310 529 344 ἔστησαν
546 310 622 345 παρὰ
633 310 672 344 τῷ
685 310 799 345 βασιλεῖ.

157 357 184 383 ’5.
199 357 254 383 Καὶ
271 354 347 382 εἶπεν
364 356 456 388 αὐτοῖς
468 357 482 382 ὁ
494 356 628 391 βασιλεύς·
639 356 779 384 Ἐνύπνιον
791 355 910 392 ἑώρακα,

115 404 163 428 καὶ
181 401 292 437 ἐκινήθη
305 410 357 437 μου
367 401 398 428 τὺ
413 401 539 437 πνεῦμα·
558 401 707 436 ἐπιγνῶναι
732 400 779 429 οὖν
796 402 864 428 θέλω
881 402 912 429 τὸ

121 449 259 476 ἐνύπνιον.

156 495 184 522 4.
198 495 253 521 Καὶ
268 495 400 530 ἐλάλησαν
416 495 441 521 οἱ
452 494 580 522 Χαλδαῖοι
593 494 664 530 πρὸς
678 494 723 522 τὸν
736 494 847 530 βασιλέα
863 503 911 521 συ-

123 541 207 575 ριστί*
223 540 309 575 Κύριε
321 540 442 576 βασιλεῦ,
463 541 507 567 τὸν
515 540 601 567 αἰῶνα
611 540 674 575 ζῆθι
684 549 692 556 ο
705 540 864 574 ἁνάγγειλον
880 540 911 566 τὸ

119 587 246 614 ἐνύπνιόν
260 595 306 612 σου
320 588 375 618 τοῖς
388 587 466 614 παισί
483 595 540 619 σου,
558 587 605 613 καὶ
621 588 702 622 ἡμεῖς
715 587 757 613 σοὶ
769 586 910 622 φράσομεν

119 633 170 668 τὴν
185 633 328 668 σύγκρισιν
340 632 434 659 αὑτοῦ.

157 679 183 706 5.
206 679 378 714 Ἀποκριθεὶς
390 678 417 705 δὲ
434 680 448 705 ὁ
468 678 593 714 βασιλεὺς
609 677 669 705 εἷπε
688 680 744 711 τοῖς
765 679 909 711 Χαλδαίοις

123 724 158 757 Χ
173 724 203 750 Ὀ
219 724 297 758 λόγος
310 725 356 750 ἀπ’
375 724 442 758 ἐμοῦ
457 724 560 759 ἀπέστη
618 723 684 750 διότι
701 724 749 750 ἐὰν
765 723 801 759 μὴ
818 724 909 757 ἀπαγ-

119 769 228 804 γείλητέ
247 773 291 804 μοι
306 770 348 796 ἐπ’
365 769 493 804 ἀληθείας
504 769 534 795 τὸ
546 769 679 800 ἐνύπνιον,
696 769 741 796 καὶ
754 769 802 804 τὴν
814 768 916 795 τούτου

121 815 265 850 σύγκρισιν
276 814 415 850 δηλώσητε
429 823 484 850 μοι,
498 814 847 850 παραδειγματισθήσεσθε,
860 814 907 841 καὶ

120 848 340 895 ἀναληφθήσεται
354 848 435 895 ὑμῶν.
442 859 476 886 τὰ
492 848 648 895 ὑπάρχοντα
658 861 697 892 εἰς
714 848 906 894 τὺΠβασιλικόν.
923 848 946 878 Β

156 905 183 932 6.
207 906 267 932 Ἐὰν
283 906 352 932 δὲτὸ
367 905 491 932 ἐνύπνιον
508 905 692 941 διασαφήσητέ
712 914 773 941 μοι,
792 905 839 934 καὶ
858 904 906 941 τὴν

119 951 215 978 τούτου
233 951 375 986 σύγκρισιν
390 951 578 987 ἀναγγείλητε,
595 951 711 986 λήψεσθε
723 951 826 986 δόματα
839 959 907 977 παν-

120 998 190 1028 τοῖα.
208 998 255 1023 καὶ
270 997 469 1032 δοξασθήσεσθε
491 997 536 1024 ὑπ’
553 998 621 1032 ἐμοῦ
634 1006 640 1011 ’
658 996 798 1032 δηλώσατέ
817 1005 864 1031 μοι
877 995 908 1023 τδ

119 1042 256 1073 ἐνύπνιον,
274 1043 321 1069 καὶ
338 1043 459 1077 κρίνατε.

157 1088 182 1114 7.
206 1088 405 1123 Ἀπεκρίθησαν
416 1089 444 1114 δὲ
455 1089 486 1114 ὲκ
494 1088 619 1124 δευτέρου
630 1088 766 1123 λέγοντες·
780 1088 906 1121 Baeda”),

119 1134 151 1160 τὺ
172 1134 261 1169 ὅραμα
284 1132 373 1167 εἶπον,
397 1134 444 1161 καὶ
465 1135 490 1161 οἱ
505 1135 598 1166 παῖδές
622 1144 669 1161 σου
691 1135 813 1171 κρίνουσι
839 1135 908 1171 πρὸς

119 1179 215 1206 ταῦτα.

156 1225 183 1252 8.
198 1225 250 1252 Καὶ
263 1223 339 1252 εἶπεν
347 1226 438 1258 αὐτοῖς
452 1227 466 1253 ὁ
479 1226 615 1261 βασιλεὺς,
625 1228 683 1255 Ἐπ’
698 1228 826 1264 ἀληθείας
837 1226 907 1261 οῖδα,

120 1271 162 1298 ὅτι
179 1271 273 1306 καιρὸν
296 1272 376 1306 ὑμεῖς
394 1272 588 1308 ὲξαγοράζετε·
611 1275 736 1310 καθάπερ
753 1275 906 1310 ἑωράκατε,

120 1316 160 1343 ὅτι
185 1317 290 1352 ἀπέστη
308 1317 355 1343 ἀπ’
376 1317 444 1352 ἐμοῦ
463 1318 492 1344 τὸ
512 1319 639 1354 πρᾶγμαο
660 1327 691 1347 +
714 1319 838 1356 καθάπερ
860 1317 907 1346 οὖν

121 1368 152 1389 -ι-
170 1362 353 1397 προστέταχα,
370 1361 455 1394 οὕτως
469 1363 545 1389 ἔσται

154 1406 181 1434 9.
204 1407 269 1434 Ἐὰν
286 1409 323 1443 μὴ
337 1407 367 1434 τὸ
382 1408 507 1436 ἐνύπνιον
521 1409 707 1445 ἀπαγγείλητε
721 1417 764 1445 μοι
780 1410 824 1437 ἐπ’
840 1410 907 1446 ἀλη-

119 1452 194 1484 θείας
211 1460 242 1480 -:-
257 1453 305 1480 ml.
323 1453 372 1489 τὴν
383 1453 478 1481 τούτου
499 1454 641 1489 σύγκρισιν
663 1455 801 1491 δηλώσητε
815 1455 843 1490 /.
860 1456 908 1482 θα-

119 1498 191 1533 νάτῳ
207 1500 415 1535 περιπεσεῖσθε·
434 1501 596 1527 συνειπασθε
611 1501 666 1537 γὰρ
685 1501 781 1536 λόγους
801 1501 908 1536 ψευδεῖς

119 1544 287 1578 ποιήσασθαι
301 1544 345 1571 ἐπ’
358 1545 436 1580 ἐμοῦ,
448 1546 499 1577 ἕως
515 1546 547 1573 ἂν
560 1547 573 1572 ὁ
587 1547 681 1581 καιρὸς
694 1547 837 1583 ἀλλοιωθῇ.
850 1547 907 1574 Νὖν

118 1586 164 1615 οὖν
176 1589 226 1615 ἐὰν
241 1589 271 1615 τὸ
285 1590 362 1625 ῥῆμα
374 1590 469 1625 εἴπητὲ
481 1599 526 1626 μοι
537 1598 566 1618 —:—
577 1591 591 1617 ὃ
605 1591 654 1625 τὴν
669 1592 753 1618 νύκτα
764 1592 909 1628 ἑώρακαβ.

118 1633 271 1670 γνώσομαι,
289 1635 330 1662 ὅτι
343 1636 390 1663 καὶ
400 1637 449 1672 τὴν
467 1637 563 1663 τούτου
582 1637 673 1673 κρίσιν
688 1637 838 1673 δηλώσητε.

154 1726 197 1754 lo.
214 1726 272 1752 Καὶ
295 1726 482 1762 ἀπεκρίθησαν
505 1728 530 1754 οἱ
552 1727 678 1755 Χαλδαῖοι
697 1730 744 1756 ἐπὶ
773 1729 819 1756 τοῦ
837 1730 912 1765 βασι-

119 1771 196 1803 λέως,
213 1771 256 1798 ὅτι
268 1772 362 1803 Οὐδεὶς
376 1772 429 1799 τῶν
441 1773 487 1800 ἐπὶ
497 1773 546 1809 τῆς
560 1774 610 1809 γῆς
623 1774 765 1810 δυνήσεται
778 1775 864 1803 εἰπεῖν
873 1775 912 1810 τῷ

122 1817 225 1852 βασιλεῖ
240 1817 254 1843 ὃ
270 1817 390 1853 ἓωρακε,
410 1819 535 1854 καθάπερ
550 1820 582 1846 σὺ
595 1821 713 1855 ἐρωτᾷς·
728 1820 774 1846 καὶ
790 1821 844 1852 πᾶς
863 1820 912 1855 βα-

123 1863 224 1895 σιλεὺς,
240 1863 289 1890 καὶ
304 1864 359 1895 πᾶς
375 1864 508 1901 δυνάστης
525 1865 630 1892 τοιοῦτο
651 1866 767 1901 πρᾶγμα
790 1866 838 1893 οὐκ
863 1867 912 1893 ὲπ-

121 1910 211 1945 ερωτᾷ
226 1909 318 1936 πάντα
331 1910 422 1943 σοφὸν,
438 1910 486 1936 καὶ
500 1910 596 1946 μάγον,
609 1911 656 1938 καὶ
670 1912 811 1939 Χαλδαῖον.

156 1967 200 1993 Η.
216 1967 273 1993 Καὶ
285 1967 299 1992 ὁ
315 1966 403 2001 λόγος,
416 1967 445 1993 ὃν
460 1968 568 2002 ζητεῖς,
593 1968 702 2003 βασιλεῦ
715 1989 722 2003 ,
744 1969 829 2006 βαρύς
853 1971 910 1998 ἐστι

122 2019 153 2040 +
170 2012 218 2038 καὶ
231 2012 353 2044 ἐπίδοξος
366 2013 393 2048 /.
411 2013 457 2040 καὶ
468 2013 554 2046 οὐδεῖς
567 2014 640 2040 ἐστιν
652 2015 681 2046 ὃς
691 2015 806 2050 δηλώσει
825 2016 911 2043 ταῦτα

121 2057 159 2092 τῷ
171 2057 287 2092 βασιλεῖ,
301 2059 325 2084 εὶ
340 2059 378 2094 μή
399 2068 440 2090 τις
454 2059 577 2093 ἅγγελος,
592 2057 622 2087 οὗ
638 2061 687 2086 οὐκ
700 2061 758 2087 ἔστι
781 2070 912 2098 κατοικη-

120 2104 214 2138 τήριον
232 2104 303 2139 μετὰ
320 2105 411 2140 πάσης
440 2106 556 2141 σαρκός·
581 2105 643 2132 ὅθεν
669 2107 718 2134 οὐκ
746 2107 778 2134 ἂν
802 2107 911 2143 δέχεται

121 2150 259 2184 γενέσθαι,
282 2151 406 2187 καθάπερ
424 2152 485 2179 οἴει.

965 223 992 246 et
1009 220 1089 254 magi,
1104 226 1130 247 et
1146 219 1262 246 malefici
1273 219 1460 246 Chaldmorum
1477 220 1509 247 ad
1530 221 1748 248 annuuliandum

967 267 1023 300 regi
1041 267 1145 294 somnia
1163 267 1243 301 cjus:
1267 272 1292 294 et
1315 266 1488 294 advenientes
1514 271 1646 294 steterunt
1658 275 1748 295 coram

964 319 1036 346 rege.

998 357 1024 383 5.
1044 357 1076 383 Et
1094 357 1162 384 dixit
1178 357 1217 384 eis
1233 365 1280 384 rex
1294 357 1451 384 :Somnium
1462 357 1526 389 vidi,
1539 362 1564 384 et
1578 358 1701 386 turbatus
1712 364 1752 387 est

962 401 1078 435 spiritus
1094 409 1170 429 meus
1182 411 1188 428 :
1200 402 1261 429 volo
1277 403 1359 437 igitur
1376 402 1446 430 scire
1462 403 1610 430 somnium.

999 446 1025 473 ι.
1046 447 1079 474 Εῑ
1095 447 1176 474 loculi
1190 452 1254 474 sunt
1265 447 1385 474 Chaldaei
1399 448 1431 474 ad
1449 456 1538 483 regem
1550 447 1675 483 Syriaco:
1693 447 1749 476 Do-

961 492 1036 519 mine
1061 499 1118 525 rex,
1133 493 1160 519 in
1187 493 1382 527 sempiternum
1403 494 1484 520 vive:
1508 494 1596 521 iudica
1611 494 1748 521 somnium

962 540 1038 564 tuum
1053 539 1140 566 servis
1156 539 1221 572 tuis,
1239 543 1266 566 et
1283 545 1333 566 nos
1349 539 1396 566 tibi
1412 539 1534 567 dicemus
1545 540 1748 575 interpretatio-

961 590 1023 610 nem
1039 584 1111 618 ejus.

994 676 1021 703 5.
1041 675 1217 711 ltcspondens
1236 681 1326 703 autem
1357 685 1404 704 rex
1425 677 1492 704 dixit
1511 677 1667 706 Chaldmis:
1686 678 1749 706 Scr-

960 729 1005 748 mo
1032 729 1045 747 a
1078 730 1121 749 tne
1161 723 1283 750 recessit.
1323 722 1439 758 Ideoque
1469 723 1522 750 nisi
1560 724 1748 752 indicaveritis

960 767 1026 794 mihi
1044 767 1069 794 in
1084 767 1197 794 veritate
1213 767 1361 800 somnium,
1381 772 1408 795 et
1425 768 1674 802 interpretationem
1689 769 1748 804 ejus

961 813 1135 840 ostenderitis
1148 813 1226 846 mihi,
1243 813 1371 840 omnibus
1386 815 1509 848 exemplo
1523 814 1611 847 eritis,
1627 819 1654 842 et
1673 816 1747 842 redi-

963 862 1060 892 gentur
1077 859 1235 886 substantiae
1248 864 1344 887 vestrae
1359 859 1385 887 in
1404 861 1506 894 regium
1523 860 1629 887 (iscum.

999 905 1025 931 6.
1044 904 1071 931 Si
1087 910 1176 932 autem
1191 906 1326 933 somnium
1353 906 1526 934 manifestum
1538 907 1656 934 feceritis
1670 907 1748 938 mihi,

964 954 990 977 et
1007 951 1256 985 interpretationem
1283 952 1342 986 ejus
1370 952 1578 985 indieaveritis,
1609 953 1748 987 accipietis

963 996 1072 1030 praemia
1087 1004 1168 1023 omne
1181 1005 1278 1032 genus,
1299 1002 1325 1024 et
1343 999 1472 1025 honorem
1500 1006 1514 1025 a
1543 999 1749 1026 mezostentlite

964 1041 1029 1068 mihi
1045 1042 1193 1074 somnium,
1209 1048 1290 1078 atque
1304 1043 1459 1071 discernite.
1741 1041 1744 1044 ⁴

998 1086 1024 1112 7.
1043 1086 1252 1121 Responderunt
1270 1093 1358 1115 autem
1386 1088 1506 1116 secundo
1522 1089 1642 1116 dicentes
1657 1098 1662 1116 :
1678 1088 1746 1122 llex,

963 1133 1095 1160 visionem
1108 1133 1152 1160 dic
1167 1142 1174 1167 ;
1192 1129 1310 1170 et'pucri
1326 1135 1364 1162 tui
1389 1135 1502 1170 posthac
1528 1135 1748 1170 interpretaban-

964 1182 1018 1205 lur.

997 1226 1024 1253 8.
1039 1226 1071 1253 Et
1087 1226 1154 1253 dixit
1169 1227 1207 1254 eis
1221 1234 1266 1254 rex
1280 1235 1287 1254 :
1300 1226 1328 1253 in
1340 1227 1453 1255 veritate
1467 1227 1540 1261 novi,
1555 1228 1627 1263 quod
1640 1232 1747 1262 tempus

963 1279 1011 1298 vos
1027 1272 1168 1305 redimitis,
1187 1277 1267 1307 prout
1281 1273 1405 1305 vidistis,
1425 1273 1499 1308 quod
1514 1273 1684 1301 recesserita
1705 1281 1748 1301 mc

962 1324 1016 1344 res.
1029 1317 1262 1350 Quemadmodum
1280 1318 1362 1353 igitur
1376 1319 1502 1354 prmcepi,
1517 1319 1557 1347 sic
1578 1320 1640 1346 erit.

998 1406 1024 1434 9.
1041 1405 1096 1434 Nisi
1109 1407 1246 1434 somnium
1265 1408 1449 1436 indicaveritis
1464 1409 1529 1436 mihi
1550 1409 1577 1437 in
1593 1411 1705 1438 veritate
1721 1415 1749 1439 et

963 1449 1213 1485 interpretationem
1229 1452 1288 1486 ejus
1307 1453 1494 1486 ostenderitis,
1519 1460 1604 1482 morte
1622 1455 1724 1484 cadetis
1739 1465 1745 1482 :

963 1495 1034 1523 inter
1045 1503 1094 1524 vos
1110 1497 1182 1523 enim
1195 1497 1349 1532 loquimini,
1365 1503 1394 1525 ut
1418 1500 1497 1527 verba
1515 1501 1655 1529 mendacia
1670 1509 1748 1530 com-

961 1541 1068 1575 pouatis
1081 1541 1107 1568 in
1122 1550 1173 1575 me,
1186 1542 1271 1570 donec
1294 1548 1399 1578 tempus
1414 1550 1591 1579 pertranseat.
1609 1546 1685 1575 Nunc
1697 1548 1749 1583 igi-

962 1589 1006 1613 tur
1020 1586 1043 1613 si
1059 1587 1170 1614 verbum
1197 1588 1320 1615 dixeritis
1344 1589 1409 1616 mihi
1427 1590 1499 1624 quod
1512 1596 1590 1618 nocte
1611 1592 1675 1624 vidi,
1699 1600 1748 1620 co-

962 1639 1101 1667 gnoscam,
1116 1633 1188 1667 quod
1198 1633 1279 1660 etiam
1295 1635 1547 1669 interpretationem
1561 1636 1642 1671 hujus
1654 1643 1746 1664 osten-

961 1678 1042 1705 detis.

997 1723 1040 1750 10.
1056 1723 1089 1750 Et
1109 1724 1306 1758 responderunt
1329 1725 1445 1752 Chaldzei
1469 1733 1561 1753 coram
1583 1728 1746 1762 rege:quod

961 1768 1046 1797 Nemo
1057 1777 1090 1797 ex
1105 1770 1147 1797 his
1170 1770 1216 1805 qui
1237 1775 1300 1798 sunt
1315 1771 1342 1798 in
1372 1776 1454 1805 terra,
1468 1773 1566 1807 poterit
1580 1774 1669 1801 dicere
1691 1775 1745 1810 regi

961 1816 1033 1851 quod
1049 1816 1124 1849 vidit,
1143 1817 1213 1844 sicut
1229 1821 1256 1844 tu
1282 1817 1430 1845 sciscitaris
1456 1827 1464 1846 ε
1492 1824 1518 1845 et
1531 1819 1620 1847 omnis
1644 1828 1700 1853 rex,
1720 1826 1747 1848 et

961 1862 1051 1888 omnis
1064 1862 1177 1897 dynasta
1193 1863 1381 1897 hujuscemodi
1397 1871 1453 1891 rem
1465 1864 1578 1892 minime
1591 1865 1747 1894 sciscitatur

960 1907 995 1934 ab
1010 1909 1083 1935 omni
1104 1907 1234 1943 sapiente,
1247 1914 1371 1945 etmago,
1383 1915 1410 1937 et
1424 1909 1561 1938 Chaldaeo.

997 1964 1040 1990 ll.
1059 1964 1092 1991 Et
1104 1972 1205 1996 sermo,
1226 1973 1306 2000 quem
1324 1966 1438 2000 quaeris,
1467 1974 1524 1999 rex,
1553 1968 1643 2001 gravis
1657 1973 1698 1995 est
1719 1973 1748 1996 et

962 2010 1098 2043 sublimis,
1122 2015 1148 2038 et
1163 2011 1254 2038 nullus
1267 2016 1308 2039 est
1322 2013 1369 2047 qui
1391 2014 1513 2040 ostendet
1530 2013 1587 2040 haec
1605 2014 1672 2049 regi,
1692 2015 1747 2042 nisi

961 2057 1060 2092 aliquis
1079 2058 1191 2092 angelus
1206 2078 1213 2090 ,
1230 2058 1309 2092 cujus
1337 2066 1391 2085 non
1409 2063 1451 2086 est
1480 2061 1657 2087 commoratio
1683 2069 1745 2088 cum

961 2103 1034 2130 omni
1049 2110 1140 2135 carne.
1157 2104 1229 2130 unde
1243 2111 1296 2131 non
1313 2108 1402 2138 potest
1425 2104 1492 2138 ﬁeri,
1518 2106 1746 2140 quemadmodum

962 2149 1090 2184 opinaris.

157 2194 200 2221 12.
216 2195 284 2222 Τότε
300 2196 314 2222 ὁ
328 2195 454 2231 βασιλεὺς
471 2196 584 2231 στυγνὸς
599 2197 755 2232 γενόμενος,
773 2197 820 2224 καὶ
831 2198 894 2234 περί
900 2213 909 2219 -

997 2195 1039 2222 12.
1061 2195 1139 2222 Tunc
1150 2203 1198 2222 rex
1218 2199 1351 2228 maestus,
1371 2199 1398 2222 et
1414 2203 1496 2230 supra
1522 2197 1631 2224 modum
1653 2197 1747 2225 dolore

120 2238 204 2270 λυπος
217 2239 385 2274 προσέταξεν
401 2241 545 2276 ἐξαγαγεῖν
559 2241 664 2273 πάντας
677 2241 740 2273 τοὺς
754 2242 852 2276 σοφοὺς
861 2244 910 2278 τῆς

120 2283 306 2315 Βαϐυλωνίας.

142 2330 200 2357 κ-13.
216 2330 272 2356 Καὶ
287 2330 468 2367 ὲδογματισθη
480 2332 584 2364 πάντας
598 2332 757 2359 ἀποκτεῖναι
769 2340 776 2347 ⁸
790 2331 908 2368 ὲξητήθη

119 2375 148 2402 δὲ
161 2376 176 2402 ὁ
188 2376 289 2412 Δανιὴλ
300 2377 347 2403 καὶ
361 2376 461 2409 πάντες
477 2378 502 2404 οῖ
513 2378 573 2413 μετ’
588 2377 672 2404 αὐτοῦ
692 2378 772 2413 χάριν
782 2377 828 2404 τοῦ
847 2387 909 2404 συν-

121 2420 280 2448 αΜλέσθαι.

158 2475 200 2503 M.
214 2476 283 2502 Τότε
293 2476 392 2512 Δανιὴλ
401 2474 461 2503 εἷπε
474 2477 571 2512 βουλὴν
584 2477 631 2504 καὶ
646 2477 769 2513 γνώμην,
781 2475 816 2514 ἦν
826 2475 909 2513 εἶχεν,

127 2521 244 2558 ’Δριωχῇ
261 2523 302 2558 τῷ
313 2524 504 2559 ἀρχιμαγείρῳ
515 2524 562 2551 τοῦ
576 2524 717 2560 βασιλέως,
737 2521 760 2559 ᾧ
779 2525 911 2561 προσέτα-

122 2567 165 2600 ξεν
179 2569 326 2604 ἐξαγαγεῖν
342 2570 404 2601 τοὺς
423 2570 552 2605 σοφιστὰς
569 2571 619 2606 τῆς
635 2571 821 2604 Βαϐυλωνίας.

156 2625 200 2654 15.
215 2626 270 2653 Καὶ
294 2626 460 2654 ἐπυνθάνετο
474 2628 556 2654 αὑτοῦ
576 2627 673 2662 λέγων,
685 2630 718 2663 Χ
728 2629 838 2664 Ἀρχων
862 2628 909 2655 τοῦ

121 2671 254 2706 βασιλέως
263 2673 284 2707 /
315 2673 379 2708 περ)¹
401 2673 473 2704 τινος
492 2673 684 2708 δογματίζεται
703 2674 810 2709 πικρῶς
835 2673 909 2710 παρὰ

119 2717 165 2745 τοῦ
181 2717 315 2753 βασιλέως
327 2726 334 2751 ;
349 2719 415 2745 Τότε
424 2719 455 2745 τδ
468 2719 633 2756 πρόσταγμα
646 2720 803 2755 ἐσήμανενὸ
814 2719 912 2754 Ἀριώ-

119 2771 170 2800 χης
181 2763 221 2799 τῷ
234 2764 348 2800 Δανιὴλ.

153 2821 197 2848 16.
218 2822 249 2848 '0
260 2820 289 2847 δὲ
311 2820 411 2856 Δανιὴλ
428 2820 535 2857 εἰσῆλθε
549 2820 654 2856 ταχέως
675 2821 744 2856 πρὸς
765 2821 811 2848 τδν
829 2824 908 2858 βασι-

962 2239 1074 2268 allectus
1100 2240 1236 2275 prmeepit,
1264 2245 1294 2267 ut
1319 2240 1467 2268 educerent
1488 2248 1582 2269 omnes
1612 2243 1747 2277 sapientes

963 2285 1130 2320 Babyloniae.

999 2331 1039 2357 15.
1058 2330 1090 2357 Ει
1105 2330 1222 2358 edictum
1238 2330 1439 2365 promulgatum
1459 2334 1511 2365 est,
1536 2336 1564 2358 ut
1595 2339 1688 2360 omnes
1704 2331 1747 2360 in-

962 2378 1165 2405 terﬁcerentur:
1185 2377 1316 2412 quaesitus
1329 2382 1370 2405 est
1386 2383 1476 2404 autem
1490 2377 1594 2411 Daniel,
1607 2384 1634 2407 et
1649 2387 1747 2407 omnes

961 2424 1007 2459 qui
1023 2431 1084 2451 cum
1098 2431 1131 2451 eo
1145 2428 1233 2456 erant,
1249 2429 1278 2451 ut
1293 2424 1375 2451 simul
1393 2424 1522 2459 perirent.

997 2481 1040 2509 M.
1061 2483 1138 2509 Tunc
1149 2481 1242 2510 Daniel
1262 2482 1330 2510 dixit
1353 2482 1511 2515 consilium,
1529 2487 1556 2510 et
1571 2485 1744 2518 sententiam,

961 2535 1043 2562 quam
1055 2527 1180 2561 habebat,
1192 2528 1312 2556 Ariocho
1327 2528 1441 2564 principi
1473 2528 1577 2556 militiae
1602 2530 1683 2565 regis,
1700 2531 1746 2559 cui

961 2572 1146 2606 mandaverat,
1163 2577 1192 2600 ut
1208 2573 1334 2601 educeret
1350 2573 1485 2608 sophistas
1499 2573 1656 2610 Babylonis.

998 2629 1041 2656 15.
1064 2629 1096 2656 Ει
1111 2630 1301 2658 sciscitabatur
1312 2631 1346 2658 ab
1360 2639 1393 2659 eo
1405 2631 1508 2664 dicens,
1521 2631 1650 2667 Princeps
1662 2633 1744 2668 regis,
1764 2630 1770 2642 ’

962 2682 1046 2710 quare
1057 2675 1212 2702 decernitur
1235 2684 1329 2703 severe
1345 2685 1359 2704 a
1378 2677 1462 2712 rege?
1488 2677 1566 2705 Tunc
1587 2677 1746 2706 mandatum

961 2718 1091 2745 indicavit
1105 2719 1243 2747 Ariochus
1260 2718 1376 2748 Danieli.

998 2819 1041 2847 16.
1061 2819 1154 2848 Daniel
1171 2823 1261 2848 autem
1285 2819 1426 2855 ingressus
1446 2825 1488 2849 est
1512 2821 1637 2850 celeriter
1652 2824 1685 2850 ad
1702 2828 1747 2850 re-
