1959 3079
193 109 264 138 2779

731 101 944 132 HEXAPLORU
950 101 973 129 Μ
991 100 1074 134 ρυίΕ
1094 101 1311 129 SUI‘ERSUNT.

1755 97 1826 125 2780

193 174 265 202 gem,
278 170 304 193 et
321 164 435 199 rogavit,
452 168 480 191 ut
493 164 605 191 daretur
621 162 672 190 sibi
698 167 802 197 tempus
824 169 838 188 a
855 167 937 196 rege;
954 165 979 186 et

1051 157 1088 190 έα,
1106 158 1152 184 καὶ
1171 157 1298 193 ἠξίωσεν,
1327 156 1370 182 ἵνα
1387 155 1449 190 δοθῇ
1474 153 1655 189 αὺτῷχρόνος
1677 153 1754 190 παρὰ
1779 153 1826 182 τοῦ

193 212 349 241 ostenderet.
359 210 451 239 omnia
467 217 560 237 coram
576 216 650 245 rege.

228 258 273 285 l7.
295 257 373 284 Tunc
383 260 521 284 revertens
535 255 629 282 Daniel
645 255 671 281 in
684 254 794 282 domum
809 252 983 285 suam,,Ana-

195 305 257 336 nias,
276 308 304 331 et
318 303 434 336 Misaeli,
448 307 475 330 et
496 301 601 329 Mariae
614 300 751 329 consociis
777 299 914 327 enarravit
927 307 984 327 om-

196 350 253 377 nia.

232 395 274 422 18.
297 394 330 422 Et
354 394 452 422 indixit
481 394 636 429 jejunium,
662 397 689 421 et
720 392 938 428 deprecationem
957 396 985 419 et

245 454 272 462 ..-

195 465 368 503 amiotionem
384 474 418 502 ad
435 475 611 510 quaerendum
633 483 647 501 a
665 473 782 501 Domino
801 473 938 501 altissimo
952 473 985 500 de

196 521 327 557 mysterio
341 521 403 553 hoc,
417 527 446 548 ut
457 529 510 548 non
527 520 811 552 lraderenturDaniel,
828 524 854 547 et
864 520 909 554 qui
923 527 984 547 cum

195 575 238 600 eo,
249 567 276 594 in
291 567 469 604 perditionem
484 567 566 595 simul
581 575 643 594 cum
664 567 795 602 sophistis
810 565 967 601 Babylonis.

234 657 278 684 l9.
299 656 378 684 Tunc
393 655 497 683 Danieli
527 657 553 683 in
570 656 675 684 visiOne
699 657 725 684 in
745 656 802 691 ipsa
820 661 898 684 nocte
927 664 986 692 my-

198 703 312 730 sterium
339 703 413 738 regis
433 701 597 737 patefactum
615 708 656 730 est
679 703 752 730 clare
773 713 780 730 :
810 707 874 730 tunc
890 702 986 730 Daniel

197 749 336 777 benedixit
346 749 462 776 Domino
476 749 621 782 altissimo,
637 753 664 777 et
677 750 833 777 exclamans
847 749 932 776 dixit:

232 842 277 869 20.
300 841 342 868 Sit
356 849 453 869 nomen
469 841 575 869 Domini
591 841 682 876 magni
698 840 869 868 benedictum
889 840 915 867 in
928 847 986 867 ειε-
1001 839 1023 867 Β

199 888 303 920 culum,
320 888 384 923 quia
413 887 547 923 sapientia
568 892 595 915 et
619 886 819 922 magniﬁcentia
833 886 892 921 ejus
911 890 986 913 sunt.

232 981 277 1008 21.
299 980 332 1007 Et
345 980 402 1014 ipse
415 983 501 1006 mutat
516 983 637 1013 tempora
649 982 675 1005 et
687 982 791 1008 aetates.
822 977 989 1005 transferens

199 1033 286 1061 reges,
303 1030 328 1053 et
341 1025 528 1053 constituens:
543 1024 611 1052 dans
635 1024 802 1058 sapientibus
815 1024 988 1058 sapientiam,

198 1077 225 1099 et
239 1066 443 1106 intelligentiam
460 1071 513 1101 his,
529 1070 575 1105 qui
592 1073 657 1096 sunt
669 1070 696 1096 in
710 1070 834 1097 scientia.

233 1117 279 1144 22.
301 1116 433 1144 Rovrians
460 1115 592 1150 profunda
620 1118 646 1141 ct
673 1114 789 1141 obscura
806 1134 814 1146 ,
837 1118 862 1141 et
886 1121 988 1148 cogno-

199 1170 278 1190 scens
289 1169 349 1197 qum
363 1162 389 1188 in
403 1161 534 1193 tenebris,
560 1165 586 1187 et
603 1167 663 1194 quae
683 1160 711 1186 in
726 1158 829 1186 lumine
847 1167 854 1191 ;
875 1164 901 1185 et
918 1159 988 1193 apud

200 1209 288 1243 ipsum
303 1213 344 1235 est
362 1207 473 1235 solutio.
645 1240 647 1242 η

234 1254 280 1281 23.
291 1253 361 1286 Tibi,
377 1251 490 1279 Domine
499 1255 606 1287 patrum
620 1258 755 1283 meorum,
768 1250 912 1281 conﬁteor,
923 1254 989 1278 acte

201 1300 292 1332 laudo,
304 1299 367 1333 quia
383 1298 544 1332 sapientiam
566 1300 594 1324 et
612 1296 894 1331 prudentiam'dedisti
905 1297 986 1324 mihi:

200 1352 227 1374 et
242 1354 314 1373 nunc
328 1344 473 1372 declarasti
488 1343 555 1370 mihi
569 1350 631 1378 qua:
642 1342 752 1377 rogavi,
772 1347 800 1369 ut
816 1343 987 1370 ostenderem

200 1392 257 1428 regi
270 1396 373 1426 postea.

233 1438 281 1465 24,
301 1437 442 1472 Ingressus
457 1439 549 1462 autem
564 1433 657 1461 Daniel
682 1432 715 1460 ad
734 1432 847 1463 Arioch.
865 1432 910 1467 qui
923 1440 988 1459 eon-

201 1483 313 1511 stitutus
334 1482 421 1509 luerat
437 1488 452 1508 a
468 1487 542 1515 rege,
557 1483 585 1506 ut
599 1479 759 1506 interﬁceret
777 1484 873 1504 omnes
895 1477 988 1511 sophi-

1034 203 1177 239 βασιλέως,
1190 204 1237 230 καὶ
1249 203 1356 238 δηλώσῃ
1371 201 1460 228 πάντα
1475 201 1521 227 ἐπὶ
1533 200 1579 227 τοῦ
1594 199 1738 234 βασιλέως.

1070 248 1113 275 17.
1128 248 1195 275 Τότε
1209 246 1335 274 ἀπελθὼν
1349 246 1449 282 Δανιὴλ
1463 245 1502 277 εἰς
1516 245 1561 272 τὸν
1584 243 1657 272 οἷκον
1675 244 1771 277 αὐτοῦ,
1790 244 1828 279 τῷ

1040 293 1160 329 Ἀνανίᾳ,
1175 294 1222 320 καὶ
1235 292 1355 329 Μισαὴλ,
1370 293 1417 320 καὶ
1444 291 1558 327 ’Δζαρίᾳ
1579 293 1636 324 τοῖς
1657 290 1828 326 συνεταίροις

1035 340 1160 372 ὑπέδειξε
1172 341 1271 367 πάντα.

1070 386 1114 429 ἰᾷ.
1139 387 1194 413 Καὶ
1221 386 1390 422 παρήγγειλε
1412 385 1538 421 νηστείαν
1564 385 1611 412 καὶ
1625 385 1718 421 δέησιν
1735 392 1765 412 -:-
1782 385 1828 411 καὶ

1035 444 1172 487 τιμωρίαν
1187 452 1304 487 ζητῆσαι
1315 451 1343 487 /.
1361 452 1437 487 παρὰ
1455 451 1501 478 τοῦ
1524 450 1627 486 Κυρίου
1649 451 1697 478 τοῦ
1715 450 1828 485 ὑψίστου

1035 498 1157 534 περὶτοῦ
1170 498 1321 534 μυστηρίου
1336 498 1431 524 τούτου
1442 516 1450 530 ,
1472 498 1547 529 ὅπως
1570 497 1606 533 μὴ
1624 497 1753 523 ἐκδοθῶσι
1776 498 1828 524 Δα-

1035 543 1095 580 νιὴλ
1107 544 1155 570 καὶ
1170 544 1194 570 οἰ
1215 545 1273 579 μετ’
1287 543 1370 570 αὑτοῦ
1387 544 1427 574 εἰς
1441 543 1579 570 ἀπώλειαν
1598 543 1656 578 ἅμα
1676 543 1732 574 τοῖς
1751 550 1826 576 σοφι-

1037 591 1112 622 σταῖς
1126 590 1296 622 Βαόυλῶνος.

1072 637 1114 664 l9.
1131 637 1198 664 Τότε
1211 637 1249 673 τῷ
1266 637 1366 673 Δανιὴλ
1388 638 1416 664 ὲν
1431 637 1548 673 ὁράματι
1565 637 1593 662 ὲν
1614 636 1682 671 αὐτῇ
1698 637 1732 671 τῇ
1752 635 1830 663 νυκτὶ

1035 683 1066 709 τδ
1085 684 1235 719 μυστήριον
1246 683 1294 710 τοῦ
1313 682 1446 719 βασιλέως
1463 682 1596 718 ὲξεφάνθη
1613 683 1751 718 εὐσήμως·
1769 683 1828 708 τότε

1036 729 1135 764 Δανιὴλ
1149 729 1295 765 εὐλόγησεν
1312 729 1357 756 τδν
1369 729 1471 764 Κύριον
1482 729 1527 755 τὸν
1545 728 1666 762 ὕψιστον,
1683 728 1730 755 καὶ
1744 729 1831 762 ἐκφω-

1037 775 1121 810 νήσας
1135 772 1213 801 εἶπεν
1225 783 1233 790 ο

1071 821 1116 848 20.
1136 821 1228 848 Ἔστω
1238 821 1269 848 τὸ
1281 821 1367 856 ὄνομα
1379 820 1426 847 τοῦ
1438 820 1541 856 Κυρίου
1556 819 1604 846 τοῦ
1617 818 1737 855 μεγάλου
1752 819 1829 846 εὐλο-

1039 866 1158 901 γημένον
1175 867 1215 898 εἰς
1231 867 1277 894 τὸν
1297 866 1393 900 αἰῶνα,
1408 867 1451 893 ὅτι
1470 867 1487 901 ἡ
1512 865 1593 901 σοφία
1608 866 1654 893 καὶ
1668 866 1685 902 ή
1703 866 1829 901 μεγαλω-

1040 912 1106 947 σύνη
1126 912 1208 939 αὑτοῦ
1231 912 1301 939 ἐστι.

1074 957 1118 985 21.
1138 958 1193 985 Καὶ
1208 958 1288 990 αὐτὸς
1306 957 1408 984 ἀλλοιοῖ
1433 957 1546 993 καιροὺς
1563 958 1611 985 καὶ
1631 957 1762 993 χρόνους,
1780 965 1830 992 με-

1039 1003 1138 1030 θιστῶν
1152 1003 1281 1039 βασιλεῖς,
1297 1005 1345 1031 καὶ
1358 1003 1504 1036 καθιστῶν,
1518 1004 1605 1035 διδοὺς
1618 1005 1710 1038 σοφοῖς
1721 1004 1829 1038 σοφίαν,

1040 1049 1087 1076 καὶ
1098 1049 1206 1076 σύνεσιν
1221 1051 1278 1082 τοῖς
1293 1051 1321 1077 ἐν
1336 1051 1474 1085 ἐπιστήμῃ
1492 1047 1576 1076 οὖσιν.

1074 1095 1119 1121 22.
1139 1095 1350 1123 Ἀνακαλύπτων
1365 1096 1400 1122 τὰ
1417 1095 1501 1130 βαθέα
1516 1095 1564 1122 καὶ
1576 1095 1710 1127 σκοτεινὰ,
1723 1096 1771 1121 καὶ
1789 1103 1830 1129 γε-

1039 1141 1152 1168 νώσκων
1165 1142 1199 1168 τὰ
1216 1142 1244 1168 ἐν
1260 1141 1299 1177 τῷ
1319 1142 1424 1175 σκότει,
1447 1142 1541 1169 καὶτὰ
1562 1142 1591 1168 ὲν
1613 1141 1651 1176 τῷ
1674 1142 1759 1176 φωτὶ,
1785 1142 1831 1168 καὶ

1040 1187 1105 1222 παρ’
1122 1187 1196 1223 αὐτῷ
1215 1188 1371 1220 κατάλυσις.

1074 1234 1119 1262 25.
1138 1234 1194 1266 Σοὶ,
1215 1235 1301 1270 Κύριε
1315 1235 1369 1261 τῶν
1384 1235 1510 1270 πατέρων
1529 1244 1589 1270 μου⁷
1606 1234 1829 1270 ἐξομολογοῦμαί,

1041 1281 1088 1308 καὶ
1099 1280 1175 1313 αἰνῶ,
1189 1281 1230 1307 ὅτι
1249 1281 1344 1315 σοφίαν
1362 1281 1409 1307 καὶ
1433 1281 1563 1317 φρόνησιν
1585 1281 1688 1313 ἔδωκάς
1711 1290 1766 1317 μοι,
1785 1281 1831 1307 καὶ

1041 1326 1088 1353 νῦν
1103 1326 1244 1362 ὲσήμᾳνάς
1261 1335 1306 1362 μοι
1321 1327 1370 1353 ὅσα
1387 1327 1500 1362 ἠξίωσα,
1512 1327 1559 1354 τοῦ
1575 1328 1744 1363 δηλῶσαιτῷ
1756 1328 1832 1362 βασι-

1039 1373 1081 1400 λεῖ
1092 1373 1161 1409 ’πρὸς
1177 1372 1273 1400 ταῦτα.

1075 1418 1120 1446 24.
1138 1418 1273 1445 Εἰσελθὼν
1287 1418 1315 1445 δὲ
1334 1419 1433 1454 Δανιὴλ
1450 1419 1518 1455 πρὸς
1534 1419 1579 1446 τὸν
1610 1419 1709 1455 Ἀριὼχ
1724 1419 1770 1446 τὸν
1781 1428 1832 1447 κα-

1039 1465 1208 1492 τασταθέντα
1221 1465 1273 1492 ὑπὸ
1281 1465 1327 1492 τοῦ
1340 1465 1472 1500 βασιλέως
1480 1466 1640 1492 ἀποκτεῖναι
1651 1467 1757 1498 πάντας
1768 1468 1831 1498 τοὺς

273 1509 429 1562 Babylonis,
441 1509 514 1552 dixit
526 1509 551 1552 ei
566 1531 575 1550 :
591 1523 737 1558 Sophistas
751 1522 860 1558 quidem
873 1509 986 1557 Babylo-

1051 1511 1170 1545 ςοφιστὲις
1185 1511 1234 1546 τῆς
1250 1510 1433 1543 Βασυλωνίας,
1450 1509 1526 1538 εἶπεν
1538 1511 1701 1546 αὐτῷ,Τοὺς
1716 1513 1766 1547 μὲν
1785 1521 1829 1539 σο-

201 1574 243 1601 nis
256 1582 291 1600 ne
305 1573 404 1608 perdas
420 1581 427 1598 :
440 1571 487 1599 scd
501 1570 628 1598 introduc
644 1577 687 1597 me
702 1569 736 1596 ad
750 1575 853 1604 regem,
879 1572 907 1595 et
931 1567 988 1595 sitt-

199 1619 261 1654 gula
273 1618 328 1653 regi
344 1617 475 1652 aperiam.

234 1663 280 1691 25.
311 1663 389 1690 Tunc
413 1661 515 1689 Arioch
541 1668 603 1688 cum
637 1660 812 1688 festinatione
838 1659 989 1687 introduxit

200 1709 339 1737 Danielem
354 1708 387 1735 ad
403 1715 504 1743 regem,
519 1711 546 1734 et
573 1707 643 1734 dixit
667 1707 691 1733 ei
705 1715 711 1732 :
742 1706 834 1733 lnveni
851 1706 988 1733 hominem

200 1755 349 1790 sapientem
368 1753 402 1780 de
418 1753 575 1787 captivitate
596 1753 715 1780 ﬁliorum
743 1751 854 1785 ludam,
867 1752 914 1787 qui
935 1751 989 1786 regi

201 1800 303 1835 aperiet
319 1799 436 1833 singula.

235 1845 281 1871 26.
303 1843 480 1878 Respondens
495 1847 584 1871 autem
598 1850 644 1870 rex
657 1843 724 1870 dixit
742 1842 855 1876 Danieli,
866 1843 912 1878 qui
925 1850 989 1878 cog-

203 1889 395 1917 nominabatur
414 1887 560 1916 Chaldaice
581 1888 705 1915 Baltasar
726 1897 732 1914 :
750 1888 856 1916 Poteris
869 1888 990 1916 indicare

202 1935 268 1961 mihi
300 1934 448 1967 visionem,
475 1941 558 1969 quam
581 1933 653 1967 vidi,
683 1937 710 1961 et
738 1933 988 1968 interpretationem

201 1981 277 2016 eius?

235 2027 280 2053 27.
302 2025 464 2054 Exclamans
486 2030 577 2054 autent
604 2025 698 2053 Daniel
722 2033 815 2053 coram
842 2032 904 2060 rege
929 2025 986 2052 ait:

202 2073 330 2109 Mysten-ii,
349 2073 422 2108 quod
434 2072 500 2099 vidit
516 2080 574 2106 rex,
588 2079 642 2100 non
657 2076 698 2100 est
714 2073 878 2107 sapientum,
893 2075 919 2099 ct
929 2079 987 2098 ma-

200 2118 351 2152 lellcorum,
365 2123 391 2146 et
406 2118 617 2150 incautatorum,
645 2122 672 2145 et
693 2124 889 2153 gazarenorum
901 2117 988 2151 expli-

200 2164 282 2191 cutio.

235 2211 282 2237 -28,
303 2210 355 2238 Sed
368 2215 410 2237 est
423 2209 494 2238 Deus
513 2210 540 2237 in
553 2210 624 2238 coelo
639 2209 762 2237 revelans
780 2209 919 2244 mysteria,
940 2207 987 2243 qui

202 2257 364 2293 signiﬁcavit
390 2257 445 2291 regi
460 2256 713 2284 Nabuchodonosor
732 2263 793 2291 quae
812 2260 919 2290 oportet
930 2255 987 2282 ﬁeri

202 2303 229 2330 io
245 2302 401 2330 novissimis
415 2301 521 2329 diebus.

233 2348 280 2377 '29.
300 2348 332 2376 Et
350 2349 396 2383 qui
419 2348 522 2375 revelat
548 2347 677 2384 mysteria
690 2367 697 2379 ,
718 2346 838 2374 ostendit
859 2346 905 2373 tibi
927 2354 988 2380 quae

200 2399 307 2431 oportet
321 2395 389 2422 ﬁeri.

235 2443 280 2470 δυ.
300 2441 365 2469 Mihi
383 2447 447 2467 vero
474 2447 528 2467 non
547 2443 659 2474 propter
687 2438 857 2474 sapientiam,
873 2445 934 2472 qua:
953 2437 988 2464 sit

202 2489 229 2515 iu
245 2495 288 2515 me
307 2495 390 2521 super
410 2493 506 2513 omnes
519 2485 654 2518 homines,
672 2484 830 2519 mysterium
848 2483 899 2510 hoc
913 2490 989 2517 aper-

202 2541 260 2563 tum
276 2538 327 2567 est,
343 2533 390 2561 sed
405 2533 581 2568 explanatum
596 2535 638 2558 est
659 2531 738 2562 mihi,
757 2535 786 2557 ut
807 2533 871 2557 nota
893 2529 989 2556 ﬁerent

204 2581 270 2615 regi,
287 2587 347 2614 quae
364 2578 510 2614 concepisti
525 2577 618 2605 animo
635 2581 682 2604 tuo
696 2577 723 2604 in
736 2575 900 2612 cognitione.

235 2669 282 2698 51.
302 2670 335 2698 Et
353 2674 392 2702 tu,
408 2677 466 2704 rex,
481 2669 584 2700 vidisti.
597 2673 624 2696 et
636 2675 699 2696 ecce
711 2668 800 2704 imago
815 2675 879 2700 una,
891 2671 918 2696 et
930 2672 989 2696 erat

204 2719 292 2752 imago
309 2717 353 2744 illa
367 2723 463 2751 magna
478 2715 569 2747 nimis,
583 2719 610 2742 et
623 2719 748 2750 aspectus
761 2715 848 2750 ipsius
862 2715 988 2743 sublimis

203 2761 293 2788 stabat
308 2766 403 2789 contra
417 2764 453 2793 te,
467 2765 494 2789 et
507 2760 578 2788 visio
592 2760 718 2795 imaginis
734 2760 875 2789 terribilis.

1041 1558 1140 1591 φιστίις
1149 1557 1199 1592 τῆς
1214 1557 1388 1589 Βαϐυλωνίας
1401 1557 1438 1593 μὴ
1449 1558 1595 1594 ἀπολέσῃς,
1610 1559 1739 1593 εἰσάγαγε
1755 1560 1783 1586 δέ
1796 1569 1829 1595 με

1041 1603 1109 1639 πρὸς
1123 1603 1168 1630 τὸν
1183 1603 1306 1638 βασιλέα,
1329 1603 1376 1629 καὶ
1395 1603 1498 1630 ἕκαστα
1518 1604 1556 1639 τῷ
1572 1604 1676 1639 βασιλεῖ
1687 1604 1810 1640 δηλώσω.

1075 1649 1121 1677 25.
1133 1649 1201 1676 Τότε
1220 1649 1320 1685 Ἀριὼχ
1335 1650 1405 1677 κατὰ
1422 1650 1541 1686 σπουδὴν
1560 1651 1693 1686 εἰσήγαγε
1710 1652 1756 1678 τὸν
1775 1653 1828 1678 Δαυ

1041 1695 1100 1730 νιὴλ
1115 1695 1183 1731 πρὸς
1194 1692 1250 1722 ντὸν
1267 1695 1389 1730 βασιλέα,
1404 1696 1450 1721 καὶ
1464 1693 1540 1722 εἶπεν
1553 1695 1638 1731 αὐτῷ,
1661 1697 1701 1723 ὅτι
1718 1696 1829 1732 Εῦρηκα

1041 1741 1182 1776 ἄνθρωπον
1197 1741 1278 1776 σοφὸν
1306 1742 1338 1767 ἑκ
1359 1741 1407 1776 τῆς
1423 1741 1611 1776 αἰχμαλωσίας
1629 1742 1682 1768 τῶν
1695 1742 1762 1768 υἱῶν
1781 1743 1829 1778 τῆς

1047 1787 1185 1819 Ἰουδαίας,
1198 1786 1227 1818 ὃς
1243 1784 1282 1820 τῷ
1298 1786 1400 1821 βασιλεί
1410 1786 1524 1822 δηλώσει
1539 1787 1651 1813 ἕκαστα.

1075 1833 1119 1860 26.
1143 1833 1316 1869 Ἀποκριθεὶς
1342 1833 1370 1859 δὲ
1396 1833 1410 1859 ὁ
1434 1833 1561 1868 βασιλεὺς
1575 1831 1635 1859 εἷπε
1659 1832 1697 1867 τῷ
1719 1832 1826 1867 Δανιὴλ,

1041 1879 1249 1915 ἐπικαλουμένῳ
1262 1879 1290 1905 δὲ
1305 1879 1454 1906 Χαλδαῖστὶ
1475 1878 1632 1914 Βαλτάσαρ·
1654 1879 1762 1914 Δυνήσῃ
1783 1879 1829 1913 δη-

1041 1925 1127 1952 λῶσαί
1141 1934 1186 1961 μοι
1203 1925 1234 1952 τὸ
1249 1926 1340 1960 ὅραμα
1354 1924 1368 1951 ὃ
1380 1922 1460 1958 εἶδον,
1475 1925 1521 1951 καὶ
1534 1924 1583 1960 τὴν
1598 1924 1692 1951 τούτου
1717 1924 1828 1961 σύγκρι-

1043 1980 1085 1999 σιν
1096 1979 1103 2004 ;

1077 2020 1123 2047 27.
1146 2019 1322 2054 Ἐκφωνήσας
1340 2017 1368 2044 δὲ
1390 2018 1404 2044 ὁ
1428 2017 1525 2053 Δανιὴλ
1551 2017 1597 2043 ἐπὶ
1616 2017 1662 2044 τοῦ
1684 2017 1826 2052 βασιλέως,

1041 2064 1118 2093 εἶπε·
1133 2066 1170 2092 Τὸ
1188 2066 1335 2101 μυστήριον
1351 2064 1366 2091 ὃ
1379 2064 1500 2100 ἑώρακεν
1520 2065 1534 2090 ὁ
1549 2064 1685 2099 βασιλεὺς,
1706 2065 1758 2092 οὐκ
1771 2065 1826 2091 ἔστι

1042 2111 1132 2146 σοφῶν
1143 2111 1190 2138 καὶ
1207 2110 1371 2146 φαρμακῶν,
1385 2110 1432 2136 καὶ
1445 2109 1585 2142 ὲπαοιδῶν,
1605 2110 1650 2137 καὶ
1665 2109 1827 2146 γαζαρηνῶν

1004 2180 1027 2208 D
1042 2157 1058 2193 ὴ
1071 2157 1195 2192 δήλωσις.

1074 2204 1120 2230 28.
1143 2202 1212 2228 Ἀλλ’
1229 2201 1286 2228 ἔστι
1301 2202 1367 2234 Θεὸς
1383 2202 1411 2228 ἐν
1429 2201 1536 2237 οὐρανῷ
1561 2201 1758 2228 ἀνακαλύπτων
1776 2210 1826 2236 μυ-

1041 2250 1150 2286 στήρια,
1171 2249 1200 2279 ὃς
1215 2248 1331 2283 ἐδήλωσε
1356 2247 1394 2282 τῷ
1413 2247 1518 2282 βασιλεῖ
1543 2247 1790 2283 Ναϐουχοδονόσορ,
1809 2247 1826 2275 ἃ

1038 2296 1081 2322 δεῖ
1094 2293 1220 2329 γενέσθαι
1237 2293 1281 2319 ἐπ’
1295 2293 1416 2328 ἐσχάτων
1435 2292 1490 2319 τῶν
1506 2292 1626 2328 ἡμερῶν.

1073 2341 1116 2368 Ξ9.
1134 2340 1188 2367 Καὶ
1201 2339 1399 2367 ἀνακαλύπτων
1414 2339 1552 2375 μυστήρια
1568 2338 1687 2374 ἐδήλωσέ
1704 2348 1746 2366 σοι
1761 2339 1827 2367 ἃδεί

1037 2387 1175 2422 γενέσθαι.

1074 2433 1118 2460 50.
1136 2432 1228 2468 Κᾲμοὶ
1245 2432 1273 2459 δὲ
1296 2431 1326 2458 οὐ
1351 2430 1426 2467 παρὰ
1445 2431 1494 2467 τὴν
1512 2431 1618 2466 σοφίαν,
1636 2432 1684 2467 τὴν
1700 2429 1784 2460 οὖσαν
1799 2433 1826 2459 ὲν

1038 2480 1101 2515 ἐμοὶ
1121 2480 1190 2515 ὑπὲρ
1215 2478 1320 2510 πάντας
1345 2479 1408 2509 τοὺς
1434 2477 1604 2513 ἀνθρώπους,
1621 2478 1652 2504 τὸ
1678 2480 1826 2515 μυστήριον

1038 2525 1117 2553 τοῦτο
1134 2524 1279 2560 ὲξεφάνθη,
1295 2524 1352 2551 ἀλλ’
1367 2524 1459 2550 ἕνεκεν
1470 2524 1516 2550 τοῦ
1529 2524 1682 2559 δηλωθῆναι
1698 2525 1737 2560 τῷ
1752 2526 1827 2561 βασι-

1038 2572 1080 2599 λεῖ
1090 2571 1230 2607 ἐσημάνθη
1248 2579 1303 2606 μοι,
1317 2570 1335 2597 ἃ
1354 2570 1488 2602 ὑπέλαΰες
1502 2571 1533 2605 τῇ
1552 2570 1650 2606 καρδίᾳ
1661 2579 1708 2598 σου
1719 2572 1748 2597 εν
1759 2572 1828 2607 γνὼ-

1041 2628 1091 2647 σει.

1075 2667 1119 2694 51.
1132 2665 1187 2692 Καὶ
1196 2665 1238 2697 σὺ,
1255 2663 1375 2700 βασιλεῦ,
1391 2662 1526 2699 ἑώρακας,
1540 2664 1588 2690 καὶ
1602 2663 1657 2690 ἰδοὺ
1670 2664 1754 2691 εἰκὼν
1767 2665 1826 2699 μία,

1040 2713 1087 2740 καὶ
1103 2711 1137 2748 ἦν
1152 2713 1168 2747 ἡ
1181 2710 1262 2738 εἰκὼν
1274 2710 1363 2745 εκείνη
1377 2709 1484 2745 μεγάλη
1508 2709 1620 2745 σφόδρα,
1640 2711 1687 2736 καὶ
1704 2711 1721 2746 ἡ
1746 2711 1829 2746 πρόσ-

1039 2759 1099 2794 οψις
1116 2757 1202 2792 αὐτῆς
1213 2755 1372 2792 ὑπερφερὴς
1390 2755 1502 2791 ἑστήκει
1518 2755 1638 2783 ἐναντίον
1663 2764 1723 2789 σου,
1746 2757 1795 2784 καί
1810 2757 1826 2785 ἡ

1041 2803 1170 2841 πρόσοψις
1186 2803 1235 2838 τῆς
1252 2802 1354 2833 εἰκόνος
1371 2801 1484 2836 φοϐερά.
