1959 3079
203 197 256 225 785

824 190 949 218 DANIEL
968 189 1083 216 CAPUT
1100 189 1143 218 Ill.

1743 187 1813 215 1786

217 251 260 281 to.
275 251 323 284 Σῑι,
341 251 464 286 βασιλεῦ,
475 251 643 286 προσέταξας
654 251 701 278 καὶ
720 251 839 287 ἔκρινας,
857 251 900 278 (va
919 251 969 282 πᾶς

1060 250 1103 277 10.
1121 250 1172 282 Τυ,
1186 258 1244 282 rex,
1260 250 1393 280 mandasti
1405 254 1432 277 et
1443 248 1598 280 decrevisti,
1616 251 1644 275 ut
1659 246 1749 274 omnis
1765 247 1814 273 ho-

181 297 335 332 ᾰνθρωπος,
355 297 384 329 ὃς
397 297 430 324 ἂν
450 296 553 333 ἀκούσῃ
574 297 624 331 τῆς
641 297 732 332 φωνῆς
747 297 796 331 τῆς
823 297 971 331 σάλπιγγος

181 343 215 376 Χ
231 342 360 377 σύριγγός
381 351 411 369 τε
434 344 482 371 καὶ
503 343 647 378 σαμϐύκης
664 344 698 378 Χ
716 341 848 377 κιθάρας,
866 342 971 377 ψαλτη-

181 387 240 422 ρίου
258 387 286 422 /.
306 388 353 415 καὶ
368 388 468 420 παντὸς
489 388 557 424 ἤχου
581 388 729 424 μουσικῶν,
750 388 840 416 πεσὼν
853 396 973 423 προσκυο

180 434 250 470 νήσῃ
263 435 298 470 τῇ
318 435 403 461 εικόνι
415 436 448 469 τῇ
464 435 563 471 χρυσῇ.

217 478 261 505 tl.
281 479 335 506 Καὶ
350 478 380 510 ὃς
392 479 425 506 ἂν
441 479 478 514 μὴ
496 478 586 507 πεσὼν
598 479 787 515 προσκυνήσῃ,
800 479 971 516 ὲμϐληθήσε-

179 532 224 551 ται
237 525 277 555 εἰς
290 524 339 559 τὴν
349 524 463 560 κάμινον
480 524 526 552 τοῦ
542 525 627 560 πυρὸς
643 523 694 560 τὴν
705 524 864 560 καιομένην.

217 570 262 598 12.
278 571 338 599 Εἰσὶ
352 571 380 597 δέ
395 579 467 603 τινες
481 571 576 606 ἄνδρες
593 571 725 603 Ἰουδαῖοι,
740 570 787 605 οὒς
801 571 971 606 κατέστησας

180 616 229 643 ἐπὶ
241 616 290 650 τῆς
307 616 399 652 χώρας
421 617 471 652 τῆς
492 616 664 649 Βαϐυλωνίας
677 636 685 649 ,
714 617 818 652 Σεδρὰχ
830 638 838 651 ,
866 617 970 653 Μισὰχ,

187 661 351 696 1Δὸδεναγὼ,
367 663 390 688 οἱ
411 662 548 697 ἄνθρωποι
562 663 661 689 ἐκεῖνοι
678 663 727 689 οὐκ
738 663 912 699 ἐφοϐήθησαν
924 672 970 690 σου

180 706 230 742 τὴν
240 706 360 742 ἐντολὴν,
376 709 424 734 καὶ
436 707 474 743 τῷ
489 707 590 743 εἰδώλῳ
604 716 650 734 σου
664 708 715 735 οὐκ
728 707 904 744 ἐλάτρευσαν,
923 709 971 736 καὶ

179 753 214 787 τῇ
229 752 314 780 εἰκόνι
326 761 372 781 σου
385 754 417 789 τῇ
428 754 528 790 χρυσῇ,
542 750 561 791 ᾖ
573 753 699 789 ἐστησας,
709 754 741 781 οὐ
753 755 969 792 προσεκύνησαν.

216 837 260 865 15.
276 838 342 864 Τότε
358 838 590 875 Ναϐουχοδονόσορ
604 840 740 875 θυμωθεὶς
753 842 822 878 ὀργῇ
838 843 971 878 προσέτα-

180 881 226 915 ξεν
242 883 356 917 ἀγαγεῖν
368 884 413 911 τὸν
428 885 541 921 Σεδρὰχ.
556 886 659 922 Μισὰχ,
681 887 842 923 Ἀϐδεναγώ.
865 889 933 916 Τότε
945 889 970 916 οἱ

179 927 319 964 ἄνθρωποι
339 930 461 965 ἤχθησαν
477 931 544 966 πρὸς
560 932 606 960 τὸν
623 933 744 969 βασιλέα.

216 974 259 1001 14.
276 974 330 1007 Οὓς
354 976 401 1002 καὶ
421 977 532 1004 συνιδὼν
559 979 794 1016 Ναϐουχοδονόσορ
811 981 825 1007 ὸ
845 980 971 1015 βασιλεὺς

179 1017 257 1047 εἶπεν
272 1021 374 1054 αὐτοῖς,
389 1021 475 1055 Διατί,
488 1023 601 1059 Σεδρὰχ,
612 1025 705 1060 Μισὰχ
715 1044 722 1056 ,
736 1026 897 1061 Ἀϐδεναγώ,
914 1028 971 1058 τοῖς

178 1066 252 1099 θεοῖς
275 1077 326 1102 μου
339 1069 369 1094 οὐ
391 1069 545 1104 λατρεύετε,
562 1071 608 1096 καὶ
619 1072 652 1106 τῇ
668 1072 753 1098 εικόνι
773 1074 806 1108 τῇ
826 1074 925 1108 χρυσῇ,
938 1073 972 1109 ἣν

179 1111 292 1145 ἔστησα,
302 1112 332 1138 οὺ
351 1115 528 1147 προσκυνεῖτε
537 1122 544 1147 ;

216 1157 261 1185 15.
277 1158 332 1184 Καὶ
342 1157 388 1184 νῦν
401 1159 425 1185 ει
441 1159 490 1194 μὲν
501 1159 576 1195 ἔχετο
592 1161 709 1197 ἑτοίμως
726 1162 784 1198 ἅμα
802 1163 841 1198 τῷ
856 1163 971 1191 ἀκοῦσαι

179 1202 228 1237 τῆς
246 1203 395 1238 σάλπιγγος
409 1206 442 1239 χ(
458 1205 587 1240 σύριγγός
604 1215 634 1233 τε
654 1208 703 1234 καὶ
723 1208 850 1244 κιθάρας.
868 1209 972 1245 σαμϐύ-

179 1249 214 1283 κ
227 1257 278 1284 κης
290 1258 330 1281 τε,
343 1250 390 1277 καὶ
400 1250 553 1287 ψαλτηρίου
565 1252 612 1279 καὶ
630 1254 791 1289 συμφωνίας
802 1254 830 1290 /.
845 1255 892 1281 καὶ
903 1264 972 1281 παν-

177 1295 224 1327 τὸς
238 1296 305 1331 ἧχου
322 1296 470 1331 μουσικῶν,
488 1297 618 1330 πεσόντες
639 1300 829 1335 προσκυνῆσαι
842 1301 875 1336 τῇ
888 1301 972 1328 εἰκόνι

177 1343 211 1377 τῇ
223 1343 309 1377 χρυσῇ
328 1342 350 1369 /.
395 1343 511 1378 ἐστησα·
526 1343 589 1370 εἰδὲ
607 1345 689 1379 μήγε,
703 1345 860 1378 γινώσκετε,
879 1346 919 1373 ὅτι
934 1347 971 1383 μὴ

177 1388 429 1422 προσκυνησάντων
453 1388 548 1423 ὑμῶν,
572 1389 678 1426 αὐθωρὶΙ
703 1391 907 1427 ὲμσληθήσεσθε
932 1393 972 1423 εἰς

174 1431 226 1467 τὴν
239 1431 356 1467 κάμινον
378 1432 427 1459 τοῦ
452 1434 538 1468 πυρὸς
562 1434 612 1470 τὴν
639 1436 805 1472 καιομὲνηνδ
827 1437 875 1464 καὶ
898 1439 972 1469 ποῖος

175 1476 243 1508 Θεὸς
264 1477 393 1510 ὲξελεῖται
411 1478 484 1513 ὑμᾶς
500 1479 532 1505 ὲκ
545 1479 600 1507 τῶν
625 1481 725 1516 χειρῶν
742 1490 812 1516 μου;

211 1523 256 1549 16.
279 1523 486 1558 ’Δποκριθὲντες
497 1523 525 1550 δὲ
541 1523 656 1559 Σεδρὰχ,
672 1525 777 1561 Μισὰχ,
807 1527 961 1562 Ἀσδεναγὼ

174 1565 258 1595 εἶπαν
269 1568 307 1603 τῷ
318 1568 423 1603 βασιλεῖ
432 1558 678 1605 Ναϐουχοδονόσορ·
694 1558 818 1604 Βασιλεῖ»,
829 1573 860 1599 οὐ
878 1558 973 1608 χρείαν

175 1614 274 1649 ἔχομεν
291 1615 371 1649 ἡμεῖς
384 1614 431 1640 ἐπὶ
440 1616 473 1650 τῇ
487 1615 605 1651 ὲπιταγῇ
621 1616 707 1652 ταύτῃ
719 1617 902 1653 ἀποκριθῆναί
915 1613 967 1646 σοι.

212 1659 257 1686 1Ἱ.
277 1660 356 1686 Ἔστι
372 1660 429 1696 γὰρ
444 1660 510 1692 Θεὸς
529 1668 559 1689 +
577 1661 606 1688 ὲν
622 1661 746 1697 οὐρανοῖς
764 1660 805 1695 εἷς
828 1663 930 1698 Κύριος
939 1665 968 1700 /.

173 1705 265 1741 ἡμῶν,
282 1706 312 1733 ὃν
326 1706 494 1742 φοϐούμεθα,
506 1707 536 1739 ὅς
552 1708 610 1734 ἐστι
621 1708 732 1741 δυνατὸς
746 1709 884 1742 ἐξελέσθαι
895 1712 970 1747 ἡμᾶς

173 1751 209 1777 ἑκ
227 1751 277 1786 τῆς
297 1751 412 1786 καμίνου
426 1754 474 1780 τοῦ
490 1753 576 1788 πυρὸς
597 1755 630 1788 χ(
648 1754 699 1789 τῆς
716 1755 864 1791 καιομένης
877 1757 905 1790 /.
924 1757 970 1784 καὶ

176 1797 212 1823 ἐκ
225 1796 280 1823 τῶν
292 1797 391 1833 χειρῶν
405 1806 463 1831 σου,
481 1797 603 1832 βασιλεῦ,
626 1799 759 1831 ὲξελεῖται
776 1802 860 1836 ἡμᾶς.

216 1853 260 1882 18.
275 1854 332 1882 Καὶ
341 1855 403 1881 τότε
419 1857 536 1893 φανερόν
556 1865 597 1883 σοι
615 1856 691 1884 ἐσται
704 1859 738 1893 χ
753 1858 864 1893 βασιλεῦ
879 1860 908 1894 /.
928 1860 970 1887 ὅτι

174 1899 238 1926 οὔτε
259 1899 299 1936 τῷ
316 1900 418 1937 εἰδώλῳ
434 1910 481 1928 σου
494 1901 674 1938 λατρεύομεν,
692 1903 754 1931 οὔτε
774 1906 806 1940 τῇ
821 1905 905 1932 εἰκόνι
923 1915 968 1932 σου

173 1946 208 1981 τῇ
225 1947 324 1982 χρυσῇ,
345 1947 379 1982 ἥν
394 1947 521 1983 ἔστησας,
539 1948 570 1975 οὐ
583 1949 797 1985 προσκυνοῦμεν.

212 2002 255 2030 19.
273 2003 340 2030 Τότε
354 2003 589 2041 Ναόουχοδονόσορ
608 2006 732 2042 ἐπλήσθη
759 2006 858 2043 θυμοῦ,
880 2008 927 2035 καὶ
950 2009 968 2044 ἡ

174 2048 269 2084 μορφὴ
291 2049 339 2076 τοῦ
364 2049 510 2084 προσώπου
526 2051 608 2078 αὑτοῦ
636 2051 770 2088 ἠλλοιώθη
787 2053 834 2080 ἐπὶ
852 2053 967 2090 Σεδρὰχ.

174 2094 278 2130 Μισὰχ,
291 2095 339 2122 καὶ
360 2095 525 2131 Ἀϐδεναγὼ,
542 2097 588 2123 καὶ
605 2096 720 2130 ἐπέταξε
734 2098 835 2133 καῆναι
853 2099 903 2135 τὴν
918 2099 970 2126 κά-

174 2148 252 2173 μινον
266 2140 470 2173 ὲττταπλασῑως,
488 2141 552 2178 παρ’
564 2140 578 2168 ὂ
588 2141 641 2168 ἔδει
654 2142 740 2178 αὐτὴν
757 2142 868 2178 καῆναι.

208 2227 254 2254 20.
271 2227 327 2254 Καὶ
345 2227 445 2263 ἄνδρας
468 2229 661 2265 ἰσχυροτάτους
681 2230 735 2257 τῶν
753 2231 782 2258 ἐν
799 2232 831 2267 τῇ
854 2231 967 2268 δυνάμει

1026 303 1082 327 ιηο,
1098 297 1145 331 qui
1162 296 1278 323 audierit
1295 304 1389 324 vocem
1408 296 1490 328 tubae,
1506 294 1613 327 fistulae,
1627 297 1654 321 et
1666 293 1812 324 sambucar,

1025 341 1147 374 citharae,
1165 341 1285 377 psalterii
1300 346 1328 369 et
1341 341 1431 369 omnia
1446 341 1552 369 sonitus
1570 339 1751 369 musicorum,
1766 345 1813 365 ca-

1026 387 1093 415 dens
1107 388 1203 415 adoret
1218 388 1361 423 imaginem
1377 395 1499 416 auream.

1062 477 1105 504 tl.
1121 477 1154 504 Ει
1167 478 1211 512 qui
1230 486 1282 505 non
1314 478 1458 513 procidens
1484 477 1649 505 adoraverit.
1674 476 1816 505 immissus

1025 524 1061 551 sit
1081 523 1107 550 in
1125 523 1265 551 fornacem
1283 524 1354 560 ignis
1369 524 1522 552 ardentem.

1064 570 1109 597 12.
1126 569 1196 598 Sunt
1227 575 1316 598 autem
1344 571 1454 606 quidam
1472 571 1521 597 viri
1537 569 1634 601 Judaei,
1654 577 1725 603 quos
1749 576 1816 596 con-

1026 616 1136 644 stituisti
1146 624 1227 650 super
1237 615 1376 651 regionem
1386 615 1541 651 Babylonis,
1560 615 1690 646 Sedracb,
1700 614 1815 646 hlisacb,

1024 661 1170 695 Abdenago
1184 670 1190 687 :
1207 661 1331 688 homines
1348 661 1391 687 isti
1407 668 1460 687 non
1487 659 1638 687 timuerunt
1667 664 1741 686 tuum
1768 660 1815 686 de-

1024 710 1140 737 cretum.
1159 711 1185 733 et
1197 706 1298 733 idolum
1325 712 1401 733 tuum
1429 713 1481 732 non
1511 705 1665 737 coluerunt,
1680 709 1706 732 et
1717 705 1815 738 imagi-

1025 761 1087 781 nem
1119 757 1193 781 tuam
1224 761 1347 786 auream,
1374 760 1455 790 quam
1483 752 1612 785 statuisti,
1636 759 1692 779 non
1718 751 1816 779 adora-

1026 803 1131 826 verunt.

1059 843 1103 870 15.
1121 842 1199 870 Tunc
1219 842 1473 872 Nabuchodonosor
1486 850 1636 872 succensus
1648 843 1699 875 ira,
1714 849 1814 876 praece-

1023 887 1072 923 pit,
1083 894 1112 916 ut
1120 888 1285 916 adducerent
1302 888 1433 921 Sedracb,
1445 888 1559 920 Misach,
1572 888 1736 922 Abdenago:
1749 891 1814 914 tunc

986 926 1011 957 Β
1026 934 1152 962 homines
1168 935 1277 962 adducti
1296 939 1360 962 sunt
1379 935 1413 962 ad
1428 943 1530 970 regem.

1060 980 1107 1008 14.
1135 981 1211 1013 Quos
1241 981 1321 1008 etiam
1358 981 1532 1016 conspicatus
1561 979 1815 1008 Nabuchodonosor

1024 1033 1072 1054 rex
1089 1026 1158 1054 dixit
1173 1027 1233 1054 eis:
1250 1025 1351 1059 Quare,
1369 1025 1501 1058 Sedtacb.
1528 1026 1641 1058 Misaeh,
1654 1025 1812 1060 Abdenago,

1025 1071 1091 1099 deos
1105 1079 1181 1099 meos
1200 1079 1253 1099 non
1271 1072 1372 1105 colitis,
1384 1077 1411 1100 et
1429 1072 1575 1107 imaginem
1592 1079 1713 1104 auream,
1730 1078 1814 1106 quam

1025 1118 1120 1151 statui,
1138 1125 1192 1144 non
1207 1118 1349 1146 adoratis?

1062 1164 1107 1192 l5.
1126 1165 1158 1192 Et
1173 1173 1246 1193 nunc
1262 1165 1396 1200 siquidem
1409 1164 1478 1192 estis
1492 1164 1589 1199 parati,
1607 1164 1697 1191 statim
1711 1171 1743 1191 ae
1761 1171 1813 1190 au-

1025 1210 1132 1239 dieritis
1149 1211 1253 1244 tubam,
1274 1211 1405 1243 ﬁstulam,
1428 1215 1454 1238 et
1480 1210 1625 1241 citharam.
1642 1210 1813 1242 sambucam,

1024 1262 1052 1285 et
1079 1257 1248 1293 psalterium,
1274 1262 1301 1284 et
1321 1256 1510 1292 symphoniam
1524 1261 1668 1283 etomnem
1694 1255 1813 1284 sonitum

1026 1304 1207 1335 musicorum,
1227 1302 1398 1338 procidentes
1412 1302 1527 1330 adorate
1542 1302 1686 1337 imaginem
1703 1308 1813 1328 auream

1026 1358 1108 1385 qnam
1121 1350 1224 1377 statui:
1241 1349 1264 1377 si
1287 1356 1352 1376 vero
1373 1356 1438 1382 non,
1461 1349 1568 1381 scitote,
1586 1348 1657 1383 quod
1678 1355 1731 1374 non
1751 1347 1815 1375 ado-

1028 1402 1119 1424 rantes
1139 1404 1196 1429 vos,
1213 1396 1307 1424 eadem
1334 1395 1399 1423 hora
1426 1395 1610 1422 immittemini
1632 1395 1659 1421 in
1674 1394 1812 1421 fornacem

1027 1443 1098 1478 ignis
1131 1442 1271 1469 ardentem
1287 1451 1293 1469 :
1308 1446 1335 1470 et
1345 1441 1407 1477 quis
1420 1441 1493 1469 Deus
1504 1441 1600 1476 eripiet
1615 1448 1663 1468 vos
1680 1441 1712 1468 de
1728 1441 1813 1467 mani~

1026 1488 1078 1516 bus
1088 1488 1156 1516 meis
1167 1489 1178 1515 'I

1063 1534 1106 1562 t6.
1124 1534 1329 1568 Rcspondentes
1355 1537 1446 1560 autem
1460 1532 1592 1563 Sedrach.
1605 1531 1718 1564 llisach,
1730 1532 1813 1559 Abde-

1028 1586 1097 1614 nago
1104 1579 1233 1607 dixerunt
1244 1580 1298 1614 regi
1306 1578 1579 1606 Nabuchodonosor:
1595 1579 1661 1609 ilex.
1677 1585 1729 1605 non
1744 1585 1813 1613 opus

1025 1626 1156 1653 habemus
1170 1633 1220 1652 nos
1231 1626 1257 1652 in
1279 1625 1407 1652 mandato
1425 1624 1476 1652 hoc
1489 1624 1650 1659 respondere
1662 1624 1723 1651 tibi.

1058 1673 1103 1700 17,
1117 1671 1164 1700 Est
1176 1671 1247 1699 enim
1263 1671 1335 1699 Dens
1350 1672 1377 1698 in
1391 1671 1468 1699 cmlis
1483 1678 1553 1698 unus
1566 1670 1697 1697 Dominus
1707 1674 1812 1703 noster,

1022 1726 1103 1754 quem
1122 1718 1262 1749 timemus.
1279 1717 1326 1752 qui
1343 1720 1384 1744 cst
1398 1722 1493 1752 potens
1512 1716 1617 1752 eripere
1636 1723 1686 1744 nos
1705 1715 1738 1743 de
1754 1715 1812 1743 for-

1022 1772 1090 1792 nace
1102 1763 1173 1799 ignis
1186 1763 1342 1796 ardente,et
1350 1763 1383 1790 de
1398 1763 1524 1791 mallibus
1536 1763 1600 1796 tuis,
1616 1770 1675 1795 rex,
1687 1762 1813 1790 liberabit

1023 1816 1084 1836 nos.

1058 1856 1100 1883 l8.
1117 1855 1150 1883 Et
1168 1861 1232 1884 tunc
1243 1855 1419 1883 manifestum
1429 1855 1477 1883 tibi
1489 1855 1552 1888 erit,
1569 1863 1627 1888 rex,
1646 1854 1709 1889 quia
1726 1862 1813 1889 neque

1022 1902 1123 1930 idolum
1143 1907 1218 1929 tuum
1234 1902 1363 1936 colimus,
1393 1909 1482 1937 neque
1507 1902 1653 1937 imaginem
1671 1905 1745 1928 tuam
1764 1908 1815 1928 au—

1022 1957 1107 1982 ream,
1121 1957 1202 1984 quam
1223 1949 1352 1981 statuisti,
1372 1948 1529 1976 adoramus.

1057 2005 1101 2033 19.
1116 2005 1192 2032 Tunc
1222 2003 1474 2032 Nabuchodonosor
1496 2002 1615 2039 repletus
1642 2007 1685 2029 est
1709 2001 1812 2036 furore,

1019 2055 1047 2078 et
1057 2055 1182 2085 aspectus
1196 2050 1271 2077 faciei
1291 2049 1351 2084 ejus
1362 2049 1519 2076 immutatus
1529 2053 1571 2076 est
1583 2056 1664 2083 super
1680 2047 1811 2079 Sedrach,

1020 2096 1133 2128 Misach,
1152 2101 1178 2124 et
1191 2095 1338 2131 Abdenago
1354 2104 1360 2122 :
1378 2099 1406 2123 et
1423 2095 1548 2130 praecepit
1559 2099 1590 2121 ut
1603 2094 1813 2122 succenderetur

1020 2141 1118 2169 fornax
1138 2141 1292 2177 septuplum
1312 2141 1384 2168 nltra
1399 2141 1473 2177 quod
1490 2140 1633 2176 oportebat
1649 2141 1735 2175 ipsum
1750 2147 1814 2168 suc-

1017 2186 1110 2214 cendi.

1053 2233 1098 2260 20.
1119 2232 1150 2260 Et
1165 2233 1230 2261 viris
1249 2232 1408 2261 fortissimis
1424 2239 1531 2266 eorum,
1543 2232 1590 2267 qui
1605 2237 1681 2259 erant
1695 2231 1721 2259 in
1733 2239 1813 2259 excr-

171 2273 310 2307 ὲπέταξε,
340 2274 558 2309 συμποδίσαντας
583 2276 617 2310 χ(
643 2276 690 2303 τὶν
717 2276 841 2312 Σεδρὰχ1
864 2277 968 2313 Μισὰχ,

1034 2280 1078 2307 :itu
1088 2280 1224 2315 praecepit,
1235 2285 1264 2308 ut
1277 2279 1412 2316 colligatis
1424 2279 1538 2315 pedibus
1552 2278 1684 2310 Sedrach,
1695 2277 1810 2312 Misach,

179 2318 333 2353 ’Δσδεναγὼ
353 2324 381 2355 /.
402 2320 534 2355 ἐμϐαλεῖν
557 2321 598 2353 εις
611 2321 661 2357 τὴν
677 2321 792 2357 κάμινον
808 2322 856 2349 τοῦ
883 2323 969 2362 πυρὸς

170 2364 222 2400 τὴν
239 2366 397 2401 καιομένην.

207 2420 254 2448 21.
270 2421 336 2448 Τότε
348 2423 372 2449 οἱ
385 2422 481 2459 ἄνδρες
491 2424 589 2453 ἐκεῖνοι
604 2425 844 2461 συνεποδίσθησαν,
861 2426 969 2462 ῑχοντες

171 2467 207 2494 τὰ
224 2467 388 2504 ὑποδήματα
399 2469 500 2503 αὐτῶν,
515 2470 563 2497 καὶ
577 2471 628 2503 τὰς
641 2471 738 2507 τιάρας
753 2473 842 2500 αὐτῶν
856 2473 903 2500 ἐπὶ
914 2474 969 2501 τῶν

171 2513 300 2548 κεφαλῶν
316 2513 408 2541 αὐτῶν
422 2515 472 2542 σὺν
488 2515 528 2550 τῷ
547 2516 689 2552 ἱματισμῷ
705 2517 810 2550 αὐτῶν,
827 2519 875 2546 καὶ
888 2519 969 2555 ὲσλή-

171 2559 260 2594 θησαν
279 2560 320 2592 εἱς
334 2560 385 2596 τὴν
401 2561 518 2596 κάμινον
533 2563 567 2596 ῖς(
581 2562 628 2589 τοῦ
644 2563 728 2599 πυρὸς
744 2564 793 2600 τὴν
807 2566 966 2602 καιομένην.

206 2604 253 2631 '22.
272 2605 384 2641 Ἐπειδὴ
399 2606 430 2632 τὸ
446 2606 611 2642 πρόσταγμα
631 2608 680 2636 τοῦ
701 2608 833 2643 βασιλέως
847 2611 945 2646 ἤπειγε
958 2620 965 2628 ·

172 2650 220 2675 καὶ
234 2650 250 2685 ἠ
266 2650 383 2685 κάμινος
398 2651 532 2687 ἐξεκαύθη
550 2652 620 2688 ὑπὲρ
638 2653 669 2679 τὺ
686 2654 815 2690 πρότερον
827 2656 967 2684 ἑπταπλα-

172 2693 250 2728 σίως,
269 2695 317 2722 καὶ⁸
333 2695 358 2722 οἰ
372 2695 469 2731 ἄνδρες
478 2696 503 2723 οἱ
519 2697 766 2733 προχειρισθέντες,
783 2702 966 2735 συμποδίσανο

171 2747 218 2772 τες
234 2741 334 2773 αὐτοὺς
349 2741 395 2768 καὶ
407 2743 629 2779 προσαγαγόντες
639 2746 672 2780 τῇ
687 2745 794 2781 καμίνῳ
804 2747 968 2777 ἐνεϐάλοσαν

171 2786 212 2816 εἰς
225 2785 322 2821 αὑτήν.

207 2840 254 2869 ‘23.
272 2842 343 2876 Τοὺς
356 2842 405 2879 μιν
418 2840 466 2871 οὖν
480 2844 579 2880 ἄνδρας
596 2845 660 2878 τοὺς
670 2847 888 2882 συμποδίσαντας
903 2851 965 2884 τοὺς

174 2888 239 2923 περὶ
250 2888 295 2916 τὸν
313 2888 443 2926 ’Δζαρίαν
459 2889 603 2924 ιξιλθοῦσα
619 2892 635 2927 ἡ
652 2892 717 2927 φλὸξ
731 2893 763 2920 ὲκ
773 2894 822 2930 τῆς
837 2895 963 2933 καμίνου,

1022 2326 1169 2362 Abdenago
1182 2326 1324 2361 injicerent
1336 2327 1362 2353 in
1379 2326 1517 2354 fornacem
1533 2325 1603 2361 ignis
1613 2326 1764 2352 ardentem.

1057 2427 1103 2455 91.
1124 2425 1203 2456 Tunc
1219 2427 1271 2455 viri
1282 2427 1320 2454 illi
1329 2427 1509 2462 compedibus
1519 2427 1603 2454 vineti
1619 2430 1695 2460 sunt,
1710 2426 1811 2455 haben-

1022 2479 1063 2502 tes
1077 2474 1261 2501 calceamenta
1279 2481 1341 2506 sua,
1361 2478 1388 2501 et
1415 2474 1498 2501 tiaras
1515 2481 1580 2501 suas
1608 2481 1689 2509 super
1718 2474 1810 2509 capita

1022 2529 1070 2548 sua
1087 2529 1151 2548 eam
1166 2521 1330 2549 vestimento
1341 2528 1405 2556 suo,
1416 2525 1444 2549 et
1457 2521 1532 2548 missi
1551 2525 1614 2549 sunt
1629 2521 1656 2548 in
1670 2520 1809 2549 fornacem

1022 2567 1092 2602 ignis
1110 2567 1260 2595 ardentem.

1056 2612 1102 2640 Si.
1123 2613 1193 2647 Quia
1220 2613 1378 2642 mandatum
1402 2616 1473 2649 regis
1489 2613 1601 2649 urgebat
1622 2622 1628 2640 :
1662 2619 1690 2641 et
1711 2614 1809 2642 fornal

1020 2666 1154 2687 succensa
1170 2663 1230 2686 erat
1242 2659 1304 2694 plus
1316 2667 1398 2695 qnam
1414 2665 1495 2687 antea
1510 2659 1681 2695 septuplum;
1703 2664 1731 2687 et
1744 2659 1807 2691 viri.

1020 2705 1067 2740 qui
1079 2704 1150 2739 jussi
1166 2705 1273 2733 fuerant
1288 2713 1351 2733 cum
1362 2705 1544 2734 revinalasent
1563 2713 1622 2739 eos,
1638 2710 1665 2734 et
1680 2706 1809 2734 adduxis-

1020 2756 1081 2779 sent
1092 2752 1127 2779 ad
1141 2751 1289 2786 fornacem,
1305 2752 1478 2781 immiserunt
1500 2753 1526 2780 in
1541 2760 1614 2781 eam.

1054 2851 1099 2879 23.
1123 2849 1204 2880 Viros
1217 2851 1308 2887 igitur,
1325 2852 1372 2886 qui
1386 2853 1563 2888 compedibus
1587 2853 1730 2880 vinxerant
1745 2858 1805 2883 eos,

1019 2897 1067 2934 qui
1082 2902 1159 2927 erant
1173 2905 1236 2926 cum
1251 2898 1360 2932 Azaria,
1384 2906 1494 2934 egressa
1510 2898 1620 2927 ﬂamma
1637 2898 1671 2926 de
1696 2897 1807 2926 fornace
