1959 3079
153 204 221 234 2787

152 259 274 287 incendit
290 279 298 291 .

152 310 228 333 SH“!-

187 351 232 378 ει.
255 351 300 380 Sic
316 360 380 388 ergo
396 360 522 388 precatus
536 359 578 381 est
591 354 724 385 Ananias,
735 358 762 380 et
775 355 896 386 Azarias,
912 360 938 382 et

155 396 258 430 Misael,
283 403 309 424 et
323 398 500 426 laudaverunt
518 398 672 432 Dominum,
694 400 803 434 quando
823 408 870 427 eos
889 407 936 427 rex

154 442 233 475 iussit
248 443 356 469 immitti
373 443 398 469 in
418 443 566 471 fornacem.

188 497 232 524 25.
253 497 335 525 Stans
349 503 438 526 autem
453 500 563 527 Azarias
577 505 703 535 precatus
717 506 757 528 est
773 502 823 534 sie,
838 506 865 529 et
875 510 938 537 ape—

155 543 227 570 riens
254 551 285 570 os
313 551 404 575 suum.
425 546 606 572 contitebatur
631 545 746 573 Domino
766 546 847 574 simul
875 555 936 575 cum

153 589 292 617 sodalibus
316 590 373 617 suis
396 591 422 617 in
443 592 532 618 medio
555 592 616 627 igne
635 591 754 620 fornacis
771 600 907 621 succensae
922 602 936 622 a

152 633 286 661 Chaldzeis
303 635 485 667 vehementer,
499 640 526 662 et
539 636 666 664 dixerunt
683 645 690 662 :

187 724 232 752 26.
253 724 415 752 Benedictus
432 733 472 758 es,
491 725 605 754 Domine
618 726 688 755 Deus
707 732 814 762 patrum
828 733 937 756 nostro-

154 776 212 794 rum
229 788 236 801 ,
259 773 286 796 et
314 769 448 796 laudabile
485 774 512 797 et
534 770 682 805 gloriosum
707 779 804 800 nomen
817 778 892 800 tuum
909 774 935 800 in

153 815 264 842 saecula.

186 872 231 900 27.
253 872 321 906 Quia
332 873 423 907 justus
435 881 464 900 es
484 874 512 901 in
528 874 665 907 omnibus,
676 883 737 910 qua:
751 875 935 909 fecistinobis,

152 923 179 945 et
193 919 286 946 omnia
300 925 380 954 opera
400 924 443 945 Illa
462 927 536 953 vera,
549 924 575 947 et
591 920 641 948 vim
652 925 704 948 tute
723 926 811 954 recta),
833 927 860 950 El
874 930 934 950 0m-

153 963 197 990 nia
209 963 313 998 judicia
328 968 373 991 tua
386 971 460 991 vera.

186 1020 232 1048 28.
253 1020 287 1047 Et
299 1019 402 1055 judicia
417 1021 540 1049 veritatis
553 1021 639 1049 fecisti
665 1023 814 1050 secundum
834 1026 937 1059 omnia,

151 1075 213 1102 qua:
226 1066 360 1094 adduxisti
377 1068 468 1100 nobis,
485 1072 513 1094 et
530 1075 612 1103 super
625 1068 762 1096 civitatem
783 1074 857 1098 tuam
875 1079 939 1098 san-

151 1117 222 1139 ctam
240 1117 346 1147 patrum
372 1118 529 1140 nostrorum
556 1113 730 1142 Jerusalem:
755 1116 884 1149 quoniam
911 1117 937 1144 in

152 1158 265 1186 veritate
293 1162 321 1186 et
336 1158 440 1193 judicio
452 1158 540 1187 fecisti
558 1159 648 1186 omnia
665 1159 721 1187 haec
739 1165 848 1195 prepter
875 1168 939 1195 pec-

152 1209 211 1231 cata
232 1207 335 1232 nostra.

187 1249 233 1277 29.
255 1249 390 1281 Quoniam
406 1250 580 1284 peccavimus
600 1250 627 1277 in
651 1250 790 1283 omnibus,
805 1257 831 1279 et
847 1252 939 1287 inique

153 1295 258 1329 egimus
277 1294 440 1322 discedendo
455 1302 470 1322 a
488 1299 514 1322 te
529 1314 536 1327 ,
561 1300 589 1323 et
608 1296 782 1330 peccavimus
804 1297 831 1324 in
851 1298 939 1325 omni-

153 1339 218 1367 bus.

188 1385 234 1414 50.
255 1386 288 1413 Et
302 1386 437 1414 mandatis
450 1385 517 1421 legis
538 1393 591 1414 tua:
609 1395 662 1414 non
681 1388 881 1421 obaudivimus.
893 1397 940 1417 ne-

153 1439 208 1466 que
219 1431 436 1465 observavimus,
453 1439 541 1467 neque
557 1431 672 1460 fecimus
692 1433 763 1461 sicut
787 1435 939 1470 praecepisti

154 1477 245 1509 nobis,
262 1482 291 1504 ut
305 1477 374 1504 bene
389 1478 467 1504 nobis
484 1483 566 1506 esset.

188 1523 233 1551 5i.
253 1522 287 1550 Et
301 1531 374 1551 nunc
396 1524 487 1551 omnia
504 1531 683 1560 quzecumque
699 1525 778 1554 nobis
797 1525 937 1560 induxisti,

153 1574 180 1596 et
190 1569 281 1596 omnia
295 1577 473 1605 quiecumqtte
485 1569 574 1598 fecisti
597 1571 674 1598 nobis
702 1571 729 1598 in
753 1579 817 1600 vero
834 1573 939 1607 judicio

157 1614 256 1642 fecisti.

188 1661 233 1688 52.
255 1659 288 1688 Et
305 1660 439 1689 tradidisti
464 1669 515 1690 nos
539 1663 564 1690 in
589 1669 687 1690 manus
705 1663 878 1692 inimicorum
887 1673 940 1693 -no-

155 1711 274 1734 sttorum
289 1706 444 1741 iniquorum
456 1726 463 1738 ,
485 1711 511 1734 et
530 1707 783 1736 inimicissimorum
799 1715 938 1745 apostata-

155 1759 228 1784 rum,
242 1756 269 1778 et
282 1752 338 1787 regi
354 1752 449 1786 iniquo
490 1757 517 1779 et
541 1753 708 1788 nequissimo
732 1762 813 1790 supra
830 1763 938 1785 omnem

156 1801 270 1824 terram.

191 1842 236 1869 :53.
257 1841 290 1869 Et
304 1850 377 1870 nunc
391 1851 442 1870 non
458 1843 520 1872 licet
532 1845 610 1872 nobis
632 1846 738 1880 aperire
757 1854 788 1875 os
809 1856 816 1874 :
841 1849 939 1877 confu-

156 1888 198 1914 sio
212 1893 238 1915 et
263 1889 435 1923 exprobratio
449 1889 518 1916 facta
536 1895 576 1917 est
598 1897 739 1919 servorum
774 1897 893 1927 tuorum,
913 1899 941 1922 et

156 1934 304 1961 colentium
320 1938 356 1963 te.

191 1979 236 2006 54.
257 1978 296 2007 Ne
307 1979 400 2009 tradas
415 1988 465 2008 nos
477 1981 503 2008 in
520 1981 602 2010 ﬁnem
616 1987 726 2018 propter
744 1991 841 2011 nomen
851 1990 928 2012 tuum

157 2029 181 2052 et
195 2033 228 2052 ne
239 2025 355 2061 dissipes
366 2031 558 2054 testamentum
577 2032 664 2056 tuum.

192 2069 236 2097 55.
258 2069 291 2098 Et
305 2077 337 2098 ne
350 2076 459 2098 avertas
489 2071 704 2100 misericordiam
733 2079 806 2101 luam
833 2081 848 2101 a
863 2075 941 2103 nobis

158 2122 267 2151 propter
278 2117 413 2144 Abraham
429 2117 557 2145 dilectum
568 2126 583 2145 a
597 2123 633 2150 te,
644 2123 671 2146 et
679 2124 788 2154 propter
798 2119 872 2148 Isaac
883 2129 941 2148 ser-

158 2169 220 2188 vum
239 2166 326 2194 tuum,
340 2166 366 2188 et
381 2162 463 2189 Israel
476 2167 599 2189 sanctum
613 2167 699 2190 tuum.

191 2207 236 2234 ὅθ.
257 2207 488 2240 Quemadmodum
512 2208 641 2243 loquutus
660 2215 689 2236 es
706 2208 738 2235 ad
762 2215 820 2241 eos,
835 2209 940 2241 dicens,

157 2252 230 2286 quod
241 2252 466 2287 multiplicaretur
479 2260 571 2280 semen
584 2260 678 2281 eorum
695 2254 773 2288 quasi
787 2253 870 2281 stellae
878 2254 939 2280 (ξαείί

159 2299 341 2331 multitudine,
357 2304 383 2326 et
400 2299 478 2334 quasi
490 2305 584 2332 arena,
605 2306 664 2334 qua:
678 2304 720 2327 est
735 2299 768 2326 ad
790 2306 865 2327 oram
883 2307 940 2325 ma-

158 2345 205 2372 ris.

193 2390 238 2417 57.
259 2389 339 2423 Quia,
355 2389 478 2423 Domine,
494 2391 621 2418 minorati
635 2398 731 2418 sumus
749 2398 802 2425 prae
813 2390 941 2417 omnibus

160 2436 329 2470 gentibus,et
340 2444 435 2464 sumus
451 2436 568 2464 humiles
583 2436 692 2463 inomni
705 2439 776 2462 terra
786 2435 864 2462 hodie
879 2443 941 2470 pro-

161 2485 220 2515 pter
234 2487 345 2516 peccata
361 2487 464 2509 nostra.

195 2527 239 2554 58.
260 2527 292 2554 Et
308 2535 363 2554 non
379 2532 420 2555 est
436 2528 462 2554 in
476 2532 600 2563 tempore
610 2528 665 2555 hoc
686 2527 822 2563 princeps,
839 2531 866 2554 et
881 2535 943 2560 trn-

163 2573 252 2607 pheta,
265 2580 352 2607 neque
365 2573 431 2606 dux,
448 2581 534 2608 neque
545 2573 840 2608 holocaustum,neque
859 2573 944 2599 sacri-

164 2618 266 2651 tlcium,
279 2626 366 2653 neque
377 2619 490 2653 oblatio,
499 2628 586 2655 neque
598 2621 751 2652 incensum,
768 2626 855 2653 neque
870 2619 944 2646 locus

163 2663 292 2690 efferendi
309 2664 335 2690 in
351 2669 495 2699 conspectu
512 2671 567 2693 tuo.

199 2709 243 2736 59.
264 2708 297 2736 Et
310 2709 460 2736 inveniendi
479 2711 691 2739 misericordiam
711 2720 718 2738 :
742 2711 789 2738 sed
811 2711 838 2737 in
855 2711 945 2737 anima

163 2755 355 2787 contribulata,
371 2760 398 2783 et
412 2755 509 2789 spiritu
531 2757 670 2785 humiliato
685 2757 874 2792 suscipiamur.

198 2824 243 2850 ιυ.
264 2823 347 2856 Quasi
364 2824 390 2851 in
408 2825 570 2852 liotoraustis
581 2825 705 2858 arietum,
718 2830 744 2853 et
761 2829 947 2858 taurorum,et

165 2870 241 2904 quasi
258 2870 284 2896 in
300 2870 419 2898 millibus
434 2878 563 2905 agnorum
579 2871 717 2905 pinguium
732 2881 738 2898 ε
753 2872 790 2898 sic
805 2872 850 2898 flat
862 2871 947 2898 sacri-

166 2915 255 2943 llcium
272 2922 393 2944 nostrum
407 2917 434 2944 in
451 2922 596 2951 conspectu
610 2923 655 2944 tuo
665 2917 753 2951 hodie,
767 2922 792 2944 et
809 2917 947 2952 propitiari

682 203 918 233 ηιεΧΑῐιωιιυΜ
937 205 1020 238 ρυιε
1040 202 1255 233 SUPERSUNT.

341 265 367 288 et
404 260 550 294 interfecit,
580 259 632 296 Ipsi
658 265 748 288 autem
785 262 938 289 conservati

1008 263 1135 297 νεπύρισε
1152 262 1198 288 καὶ
1213 261 1380 292 ἀπέκτεινεν,
1399 259 1477 287 αὐτοὶ
1496 259 1524 287 δὲ
1545 260 1781 296 συνετηρήθησαν.

1674 234 1677 236 η
1709 203 1781 231 9788

1027 351 1071 378 24.
1090 351 1182 382 Οὕτως
1193 349 1239 377 οὗν
1251 350 1422 386 προσηύξατο
1440 351 1574 382 Ἀνανίας,
1586 350 1780 385 καΓΑζαρίας.

993 398 1039 424 καὶ
1050 397 1175 432 Μισαήλ·
1197 397 1245 423 καὶ
1264 396 1390 432 ὕμνησαν
1412 396 1451 431 τῷ
1468 397 1578 432 Κυρίῳ,
1597 397 1641 423 ὅτε
1656 396 1754 427 αὐτοὺς
1767 397 1781 422 ό

993 442 1117 476 βασιλεὺς
1131 441 1294 478 προσέταξεν
1303 441 1472 477 ἐμϐληθῆναι
1485 442 1525 473 είς
1539 442 1587 476 τὴν
1602 441 1727 476 κάμινον.

1026 499 1070 526 23.
1086 498 1155 529 Στὰς
1162 498 1191 524 δὲ
1207 497 1335 533 Ἀζαρίας
1351 497 1524 533 προσηύξατο
1534 497 1631 529 οὕτως,
1650 498 1697 523 καὶ
1709 497 1781 523 avet-

991 545 1040 577 ξας
1053 545 1084 571 τὸ
1095 544 1183 578 στόμα
1206 543 1300 575 αὐτοῦ,
1329 543 1522 578 ἐξωμολογεῖτο
1545 542 1586 578 τῷ
1604 542 1698 577 Κυρίῳ
1723 543 1780 575 ἅμα

990 592 1045 623 τοῖς
1061 590 1229 626 συνεταίροις
1246 590 1339 623 αὑτοῦ,
1352 591 1381 617 ὲν
1396 590 1471 626 μέσῳ
1483 590 1522 624 τῷ
1535 590 1601 624 πυρὶ
1617 589 1780 622 ὑποκαιομέ-

991 646 1039 674 νης
1055 638 1105 673 τῆς
1131 638 1247 673 καμίνου
1278 637 1330 663 ὑπὸ
1350 637 1404 663 τῶν
1424 637 1563 664 Χαλδαίων
1589 636 1701 671 σφόδρα,
1732 634 1779 660 καὶ

991 681 1082 710 εἶπαν

1024 728 1069 755 26.
1086 729 1237 764 Εὐλογητὸς
1246 727 1283 763 εἶ,
1292 729 1377 763 Κύριε
1391 729 1405 756 ὀ
1414 727 1479 760 Θεὸς
1487 727 1541 754 τῶν
1554 727 1679 762 πατέρων
1688 725 1778 762 ἡμῶν,

991 773 1037 799 καὶ
1051 774 1154 801 αίνετὸν
1169 775 1215 801 καὶ
1225 773 1420 809 δεδοξασμένον
1438 773 1467 799 τὸ
1486 772 1571 807 ὁνομά
1591 780 1637 798 σου
1658 771 1698 802 είς
1716 770 1780 801 τοὺς

991 818 1102 850 αίῶνας.

1024 876 1071 903 27.
1084 876 1145 903 Ὅτι
1159 876 1263 908 δίκαιος
1278 873 1305 902 εἷ
1315 875 1360 902 ἐπὶ
1374 876 1467 908 πᾶσιν,
1482 873 1522 906 οἷς
1544 873 1675 908 ἐποίησας
1699 873 1778 907 ἡμῖν.

990 921 1038 948 καὶ
1054 921 1141 948 πάντα
1151 921 1185 948 τὰ
1200 921 1268 957 ἔργα
1281 930 1328 948 σου
1343 921 1470 956 ἀληθινὰ,
1489 921 1535 948 καὶ
1555 921 1582 946 αἱ
1597 920 1650 946 ὁδοί
1664 928 1710 945 σου
1734 919 1779 945 εὐ-

991 966 1072 999 θεῖαι,
1092 966 1137 994 καὶ
1155 967 1241 994 πᾶσαι
1257 967 1285 993 αἱ
1302 966 1405 1002 κρίσεις
1421 974 1467 992 σου
1483 965 1617 1001 ἀληθιναί.

1023 1022 1066 1050 28.
1080 1024 1135 1050 Καὶ
1154 1023 1275 1059 κρίματα
1296 1022 1424 1058 ἀληθείας
1452 1022 1582 1057 ἐποίησας
1602 1020 1673 1047 κατὰ
1689 1021 1778 1047 πάντα

989 1067 1006 1094 ἃ
1018 1069 1156 1105 ἐπήγαγες
1171 1070 1248 1105 ἡμῖν,
1260 1069 1307 1096 καὶ
1320 1069 1367 1095 ἐπὶ
1388 1068 1438 1102 τὴν
1462 1069 1539 1095 πόλιν
1562 1076 1607 1094 σου
1623 1067 1672 1102 τὴν
1696 1066 1778 1100 ἁγίαν

989 1113 1038 1149 τὴν
1054 1114 1108 1140 τῶν
1122 1115 1247 1150 πατέρων
1269 1114 1348 1149 ἡμῶν
1366 1114 1550 1149 Ἰερουσαλήμ.
1573 1113 1644 1139 Διότι
1668 1113 1697 1138 ὲν
1712 1112 1776 1147 ἁλη·

990 1158 1051 1194 θείᾳ
1075 1159 1122 1185 καὶ
1134 1159 1222 1195 κρίσει
1232 1158 1362 1194 ἐποίησας
1370 1159 1459 1186 πάντα
1473 1159 1558 1186 ταῦτα
1569 1158 1612 1184 διὰ
1628 1159 1676 1189 τὰς
1687 1158 1777 1192 ἁμαρ-

989 1205 1047 1236 τίεις
1063 1205 1150 1240 ἡμῶν.

1025 1250 1069 1277 29.
1086 1250 1147 1277 Ὅτι
1174 1250 1334 1286 ἡμάρτομεν
1361 1251 1390 1276 ὲν
1412 1250 1499 1282 πᾶσι,
1533 1250 1578 1277 καὶ
1600 1250 1777 1285 ἡνομήσαμεν

989 1298 1139 1333 ἀποστῆναι
1154 1297 1208 1325 ἀπό
1226 1305 1272 1324 σου
1299 1297 1345 1324 καὶ
1364 1297 1555 1333 ὲξημάρτομεν
1569 1298 1598 1324 ὲν
1613 1297 1692 1324 πᾶσι.

1024 1388 1069 1416 '50.
1089 1388 1144 1415 Καὶ
1157 1389 1209 1416 τῶν
1223 1389 1338 1416 ἐντολῶν
1354 1388 1400 1416 τοῦ
1418 1391 1500 1424 νόμου
1518 1397 1565 1415 σου
1584 1389 1634 1423 οὐχ
1656 1388 1776 1423 ὑπηκού-

991 1442 1087 1469 σαμεν,
1099 1434 1160 1461 οὐδὲ
1181 1435 1412 1470 συνετηρήσαμεν,
1423 1433 1482 1460 οὐδὲ
1495 1434 1671 1469 ἐποιήσαμεν,
1684 1434 1776 1466 καθὼς

990 1480 1114 1506 ὲνετείλω
1130 1481 1205 1516 ἡμῖν,
1220 1480 1265 1507 ἴνα
1281 1477 1311 1507 εὖ
1328 1480 1394 1515 ἡμῖν
1406 1478 1530 1514 γένηται.

1024 1525 1069 1553 31.
1087 1526 1141 1552 Καὶ
1157 1525 1203 1551 νῦν
1215 1526 1303 1552 πάντα
1319 1525 1369 1552 ὅσα
1381 1525 1447 1560 ἡμῖν
1459 1525 1610 1561 ἐπήγαγες,
1628 1525 1676 1552 καὶ
1687 1525 1776 1552 πάντα

989 1571 1040 1598 ὅσα
1055 1571 1188 1607 ἐποίησας
1198 1572 1310 1607 ἡμῖν,ὲν
1324 1571 1439 1607 ἀληθινῇ
1455 1572 1545 1606 κρίσει
1561 1571 1702 1606 ἐποίησας.

1019 1662 1070 1689 52.
1083 1662 1138 1688 Καὶ
1151 1661 1310 1697 παρέδωκας
1321 1663 1394 1699 ἡμᾶς
1410 1662 1450 1693 εἰς
1465 1662 1561 1697 χεῖρας
1575 1661 1682 1697 ἐχθρῶν
1697 1662 1777 1698 ἡμῶν

991 1705 1109 1740 ἀνόμων,
1126 1705 1174 1732 καὶ
1187 1704 1317 1739 ἐχθίστων
1329 1706 1499 1738 ἀποστατῶν,
1516 1706 1563 1732 καὶ
1576 1706 1681 1740 βασιλεῖ
1690 1707 1777 1743 ἀδίκῳ

991 1749 1038 1775 καὶ
1051 1749 1227 1784 πονηροτάτῳ
1239 1749 1313 1784 παρὰ
1329 1750 1419 1777 πᾶσαν
1438 1750 1487 1785 τὴν
1502 1750 1554 1784 γῆν

1027 1842 1071 1869 55.
1088 1842 1143 1868 Καὶ
1157 1841 1204 1868 νῦν
1218 1841 1268 1867 οὐκ
1279 1841 1351 1868 ἐστιν
1369 1843 1435 1878 ἡμῖν
1450 1841 1552 1874 ἀνοῖξαι
1570 1842 1601 1869 τὸ
1618 1842 1718 1878 στόμαο
1731 1843 1776 1869 αί-

993 1889 1075 1924 σχύνη
1089 1890 1136 1916 καὶ
1151 1889 1250 1919 ὄνειδος
1263 1888 1377 1924 ἐγενήθη
1392 1887 1446 1915 τῶν
1463 1887 1564 1914 δούλων
1586 1897 1633 1914 σου
1661 1888 1708 1915 καὶ
1721 1888 1778 1914 τῶν

992 1934 1145 1970 σεεομένων
1159 1940 1199 1961 σε.

1026 1981 1070 2008 54.
1086 1980 1131 2016 Μὴ
1146 1979 1273 2016 παραδῷς
1285 1980 1359 2015 ὴμὶς
1371 1983 1411 2012 εἰς
1423 1978 1494 2012 τέλος
1513 1980 1558 2007 διὰ
1575 1980 1605 2007 τὸ
1612 1980 1703 2016 Ἑνομά
1719 1988 1776 2012 σου,

993 2027 1038 2053 καὶ
1054 2026 1091 2062 μὴ
1105 2026 1284 2062 διασκεδάσῃς
1299 2034 1346 2052 σου
1359 2025 1408 2061 τὴν
1422 2026 1564 2062 διαθήκην.

1027 2073 1071 2100 55.
1088 2073 1142 2099 Καὶ
1156 2073 1193 2108 μὴ
1213 2072 1369 2108 ἀποστήσῃς
1387 2072 1417 2098 τὸ
1432 2072 1505 2104 ἔλεός
1518 2080 1563 2098 σου
1578 2072 1625 2106 ἀφ’
1638 2071 1718 2107 ἡμῶν
1730 2071 1777 2098 ’διὰ

999 2117 1122 2153 ’Λῦραὰμ
1146 2117 1192 2144 τὸν
1218 2118 1396 2153 ἠγαπημένον
1415 2118 1468 2144 ὑπό
1484 2127 1541 2150 σου,
1558 2118 1604 2144 καὶ
1617 2117 1660 2144 διὰ
1685 2117 1778 2144 Ἰσαὰκ

993 2164 1037 2190 τὸν
1052 2163 1142 2190 δοῦλόν
1161 2171 1220 2194 σου,
1237 2164 1283 2189 καὶ
1298 2162 1407 2198 Ἰσραὴλ
1421 2165 1466 2189 τὸν
1479 2163 1556 2197 ἅγιόν
1573 2172 1629 2190 σου.

1029 2209 1073 2237 36.
1094 2209 1137 2240 Ὡς
1151 2209 1283 2243 ὲλάλησας
1297 2209 1364 2244 πρὸς
1379 2208 1478 2238 αὐτοὺς
1494 2209 1591 2243 λέγων,
1609 2208 1776 2243 πολυπληθῦ-

994 2265 1037 2282 ναι
1050 2256 1080 2282 τὸ
1094 2255 1203 2291 σπέρμα
1219 2255 1308 2282 αὐτῶν
1331 2255 1369 2286 ὡς
1385 2255 1420 2281 τὰ
1433 2255 1520 2290 ἄστρα
1539 2255 1586 2281 τοῦ
1601 2255 1715 2291 οὐρανοῦ
1740 2255 1779 2290 τῷ

995 2301 1102 2336 πλήθει,
1118 2300 1164 2326 καὶ
1176 2300 1212 2331 ὡς
1223 2300 1272 2335 τὴν
1285 2300 1375 2335 ἄμμον
1389 2300 1438 2335 τὴν
1449 2300 1523 2335 παρὰ
1533 2300 1562 2327 τὸ
1573 2300 1658 2336 χεῖλος
1668 2301 1718 2336 τῆς
1730 2300 1778 2328 01-

994 2346 1028 2372 ),ἀ
1035 2354 1105 2380 ισης.

1030 2391 1073 2418 57.
1091 2391 1162 2423 Ὅτι,
1175 2390 1308 2422 Δέσποτα,
1319 2389 1540 2425 ὲσμικρύνθημεν
1554 2390 1630 2425 παρᾶ
1643 2390 1729 2417 πὰντα
1745 2391 1778 2418 τὰ

996 2437 1070 2471 ἔθνη,
1096 2437 1143 2462 καὶ
1170 2436 1254 2471 ἐσμὲν
1275 2436 1398 2462 ταπεινοὶ
1411 2436 1441 2462 ὲν
1456 2436 1531 2472 πάσῃ
1552 2437 1585 2471 τῇ
1607 2438 1642 2472 γῇ
1659 2437 1779 2472 σήμερον

979 2495 982 2497 λ
996 2484 1039 2510 διὰ
1048 2483 1097 2515 τὰς
1112 2484 1249 2518 ἁμαρτίας
1262 2483 1352 2518 ήμῶν.

1031 2530 1076 2557 58.
1091 2529 1145 2556 Καὶ
1155 2529 1204 2556 οὐκ
1220 2529 1293 2555 ἔστιν
1310 2529 1338 2555 ὲν
1352 2528 1391 2563 τῷ
1411 2529 1500 2564 καιρῷ
1522 2528 1609 2564 τούτῳ
1625 2529 1716 2564 ἄρχων
1733 2530 1782 2555 καὶ

998 2574 1149 2609 προφήτης,
1163 2573 1223 2599 οὐδὲ
1240 2573 1406 2608 ἡγούμενος,
1421 2573 1481 2599 οὐδὲ
1505 2573 1696 2605 ὁλοκαύτωσις,
1721 2573 1781 2598 οὐδὲ

998 2618 1088 2649 θυσία,
1099 2618 1162 2644 οὐδὲ
1176 2617 1329 2653 προσφορὰ,
1342 2617 1402 2644 οὐδὲ
1413 2617 1548 2652 θυμίαμα,
1561 2617 1619 2644 οὐδὲ
1636 2618 1717 2648 τόπος
1736 2617 1782 2643 τοῦ

999 2663 1144 2699 καρπῶσαι
1156 2663 1270 2690 ἐνώπιόν
1286 2671 1342 2690 σου,

1035 2710 1078 2737 59.
1094 2710 1149 2736 Καὶ
1158 2709 1251 2745 εὑρεῖν
1259 2709 1349 2740 ἕλεος⁹
1364 2709 1421 2736 ἀλλ’
1433 2710 1462 2736 ἓν
1472 2709 1545 2745 ψυχῇ
1557 2709 1782 2745 συν-τετριμμένη,

1000 2757 1046 2782 καὶ
1063 2757 1196 2791 πνεύματι
1211 2757 1437 2791 τεταπεινωμένῳ
1454 2755 1692 2792 προσδεχθεὴμεν.

1036 2823 1080 2850 40.
1099 2824 1143 2854 Ὠς
1163 2825 1191 2849 ἐν
1207 2823 1413 2859 ὁλοκαυτώμασι
1429 2823 1513 2859 κριῶν
1536 2824 1583 2849 καὶ
1598 2823 1716 2859 ταύρων,
1739 2822 1786 2849 καὶ

1001 2868 1038 2900 ὡς
1057 2869 1085 2895 ὲν
1102 2869 1230 2904 μυριάσιν
1247 2869 1336 2905 ἀρνῶν
1359 2869 1472 2895 πιόνων*
1488 2869 1558 2895 οὕτω
1573 2869 1692 2902 γενέσθω
1708 2867 1787 2903 ἡμῶν

1003 2916 1019 2950 ἡ
1037 2914 1116 2941 θυσία
1130 2915 1243 2942 ἐνώπιόν
1264 2925 1308 2942 σου
1327 2917 1455 2952 σήμερον,
1471 2915 1518 2942 καὶ
1541 2915 1660 2948 saltim
1678 2913 1787 2941 ὄπισθέν
