1959 3079
188 113 258 142 2779

726 104 969 135 HEXAPLORUM
986 103 1068 137 ριτιε
1089 103 1306 131 SUI'ERSU‘NT.

1750 98 1821 127 2780

188 178 260 206 gem,
274 174 300 197 et
316 168 431 203 rogavit,
447 171 475 195 ut
489 167 600 194 daretur
615 165 668 193 sibi
693 171 797 200 tempus
819 172 834 191 a
850 171 911 199 rege
925 170 932 194 ;
949 167 974 189 el

1048 160 1084 195 ἔα,
1101 161 1148 187 καὶ
1166 159 1293 196 ἠξίωσεν,
1322 158 1365 184 ἳνα
1382 157 1445 192 δοθῇ
1469 155 1543 191 αὺτῴ
1555 154 1650 190 χρόνος
1673 154 1749 191 παρὰ
1773 155 1822 183 τοῦ

189 216 344 245 ostenderet
354 214 447 242 omnia
463 220 555 241 coram
571 219 645 248 rege.

224 263 269 289 l7.
291 261 368 288 Tunc
379 264 517 288 revertens
530 258 625 286 Daniel
641 258 667 284 in
680 257 790 285 domum
805 263 894 288 suam,
904 255 978 283 Ana-

191 309 253 341 uiae,
272 311 300 335 et
314 307 429 340 Misaeli,
443 311 470 333 et
491 305 596 333 Azariae
610 303 747 332 consociis
772 302 910 331 enarravit
922 310 980 330 om-

191 355 249 381 nia.

227 400 270 427 18.
292 399 325 426 Ει
350 398 448 426 indixit
477 397 632 433 jejunium,
658 400 685 424 et
716 395 933 432 deprecationem
953 399 981 422 et

241 459 268 466 .-

192 470 364 508 aﬁlictionem
380 478 414 506 ad
431 478 607 513 quaerendum
629 486 642 505 a
660 477 779 504 Domino
797 476 933 504 altissimo
948 476 981 503 de

192 525 323 561 mysterio
337 525 399 557 hoc,
413 530 442 552 ut
452 532 506 551 non
522 523 807 556 traderentur'Daniel,
824 527 850 550 ct
860 523 905 557 qui
919 530 980 550 cum

191 579 235 604 co,
246 571 272 598 in
287 571 465 608 perditionem
480 571 562 599 simul
577 578 639 598 eum
660 570 791 605 sopbislis
807 568 963 604 Babylonis.

230 661 274 688 19.
295 660 373 687 Tunc
389 660 494 687 Danieli
522 660 549 686 in
567 660 671 687 visione
696 660 722 687 in
741 659 798 694 ipsa
816 663 895 687 nocte
924 667 982 695 my-

194 707 308 734 sterium
336 707 409 741 regis
430 705 593 740 patefactum
611 710 652 733 est
676 706 748 733 clare
769 715 776 733 :
806 711 871 733 tunc
887 705 983 732 Daniel

193 753 332 781 benedixit
343 753 459 780 Domino
473 753 618 785 altissimo,
634 757 660 780 et
674 753 829 780 exclamans
843 751 928 779 dixit:

228 846 274 873 '20.
296 845 338 873 Sit
352 853 450 872 nomen
465 845 572 873 Domini
587 843 679 880 magni
695 843 865 871 benedictum
886 843 912 870 in
925 850 982 870 sae-

195 892 299 924 culum,
317 891 381 927 quia
410 891 542 926 sapientia
564 895 591 918 et
615 889 816 926 magniﬁcentia
830 889 888 924 ejus
908 893 982 916 sunt.

229 985 274 1012 2|.
296 984 328 1011 Et
342 984 398 1018 ipse
411 987 498 1010 mutat
512 986 634 1017 tempora
646 986 672 1008 et
684 985 788 1011 aetates.
819 980 986 1007 transferens

196 1038 283 1065 rcges,
299 1034 325 1057 ct
338 1029 525 1057 constituens:
540 1028 608 1055 dans
632 1027 799 1062 sapientibus
812 1027 985 1061 sapientiam,

195 1081 222 1103 et
236 1070 440 1110 intelligentiam
458 1074 510 1105 his,
526 1074 572 1109 qui
590 1077 654 1100 sunt
666 1073 693 1099 in
707 1073 831 1100 scientia.

230 1121 275 1148 22.
298 1120 430 1147 licvelans
457 1118 589 1154 profunda
617 1122 644 1144 et
670 1117 786 1144 obscura
803 1137 811 1149 ,
834 1121 859 1144 et
883 1124 985 1151 cogno-

197 1174 276 1194 scens
286 1173 346 1201 qua:
360 1166 386 1192 in
400 1164 531 1197 tenebris,
556 1169 584 1190 et
600 1170 661 1198 quae
681 1163 709 1189 in
723 1161 826 1189 lumine
844 1170 851 1194 ;
872 1167 898 1188 et
915 1161 986 1196 apud

197 1214 285 1248 ipsum
300 1216 341 1239 est
359 1211 470 1238 solutio.

231 1259 277 1285 25.
287 1256 358 1289 Tibi,
375 1255 488 1282 Domine
496 1258 603 1290 patrum
617 1248 910 1287 meorum,'conliteor,
920 1257 986 1281 acte

198 1304 290 1336 laudo,
302 1302 365 1337 quia
382 1301 541 1336 sapientiam
564 1303 591 1327 et
609 1298 983 1334 prudentiam'dedistimibi:

197 1355 225 1378 et
239 1358 311 1377 nunc
326 1347 470 1376 declarasti
486 1346 553 1374 mihi
567 1353 628 1381 qua:
640 1345 749 1380 rogavi,
769 1349 798 1372 ut
813 1345 985 1373 ostenderem

198 1396 254 1431 regi
268 1399 371 1430 postea.

232 1441 279 1468 21L
299 1439 440 1476 Ingressus
455 1442 546 1466 autem
562 1436 655 1464 Daniel
679 1435 712 1463 ad
732 1435 845 1466 Arioch.
862 1435 908 1470 qui
921 1442 985 1461 con-

199 1486 311 1515 stitutus
332 1485 419 1512 luerat
435 1491 450 1511 a
466 1491 540 1518 rege,
554 1487 583 1510 ut
597 1481 756 1509 interﬁceret
775 1487 871 1507 omnes
893 1479 986 1513 sopbi-

197 1537 254 1559 stas
271 1529 427 1566 Babylonis,
440 1528 508 1555 dixit
524 1527 548 1554 ei
564 1534 573 1554 :
588 1526 735 1561 Sophistas
750 1525 858 1560 quidem
871 1524 987 1560 Babylo-

199 1578 241 1605 nis
254 1585 289 1604 ne
304 1576 401 1611 perdas
418 1574 485 1602 :sed
499 1573 626 1601 introduc
642 1580 684 1600 me
700 1572 734 1599 ad
747 1578 850 1607 regem,
877 1575 904 1598 et
929 1570 986 1598 sin-

197 1623 259 1658 gula
271 1621 326 1656 regi
342 1620 473 1656 aperiam.

232 1666 277 1694 25.
309 1667 387 1693 Tunc
412 1664 512 1692 Arioch
539 1671 601 1692 cum
635 1663 809 1691 festinatione
836 1661 987 1690 introduxit

197 1713 337 1741 Danielem
352 1712 385 1739 ad
401 1719 502 1746 regem,
517 1713 544 1738 et
571 1710 640 1738 dixit
665 1710 689 1737 ei
703 1717 709 1736 :
740 1709 832 1736 Inveni
849 1708 986 1736 hominem

198 1760 347 1794 sapientem
366 1757 400 1784 de
416 1756 573 1791 captivitate
593 1756 713 1783 ﬁliorum
741 1754 851 1788 Judaaaé,
865 1755 912 1790 qui
933 1754 987 1789 regi

199 1804 301 1839 aperiet
317 1803 434 1837 singula.

233 1849 279 1876 26.
300 1847 478 1882 Respondens
493 1851 582 1874 autem
595 1853 641 1874 rex
655 1845 721 1873 dixit
739 1845 853 1879 Danieli,
864 1846 910 1881 qui
923 1853 987 1881 cog-

200 1894 392 1921 nominabatur
412 1891 558 1919 Cbaldaice
578 1891 703 1919 Baltasar
724 1900 730 1918 :
748 1891 854 1918 Poteris
867 1891 988 1919 indicare

200 1939 266 1965 mihi
298 1938 447 1971 visionem,
474 1945 556 1973 quam
579 1937 651 1970 vidi,
681 1941 708 1965 et
736 1936 986 1972 interpretationem

199 1985 275 2020 ejus?

233 2031 279 2057 27.
300 2029 462 2058 Exclamans
485 2034 575 2057 autem
603 2029 697 2056 Daniel
720 2036 813 2056 coram
840 2035 902 2063 rege
927 2028 984 2055 ait:

201 2077 329 2113 Mysten-ii,
348 2076 421 2111 quod
433 2076 498 2103 vidit
514 2083 572 2110 rex,
587 2083 641 2103 non
655 2079 697 2103 est
713 2076 877 2111 sapientum,
892 2079 986 2101 etma-

199 2121 350 2156 lelicorum,
363 2126 390 2149 et
405 2122 616 2154 incantatorum,
643 2126 670 2149 et
692 2127 888 2156 gazarenorum
901 2119 986 2154 expli-

199 2168 282 2195 catio.

234 2215 280 2242 28.
301 2213 354 2241 Sed
367 2218 408 2241 est
421 2213 493 2242 Deus
512 2214 539 2241 in
552 2213 622 2242 cwlo
638 2213 761 2240 revelans
778 2211 918 2247 mysteria,
938 2210 985 2245 qui

201 2261 364 2297 signiﬁcavit
389 2261 444 2294 regi
459 2260 712 2288 Nabuchodonosor
731 2266 792 2293 qua:
811 2263 918 2293 oportet
928 2258 985 2285 ﬁeri

200 2307 228 2334 in
243 2305 400 2333 novissimis
414 2305 520 2332 diebus.

233 2353 279 2380 29.
299 2352 331 2379 Et
349 2352 396 2387 qui
418 2351 521 2379 revelat
547 2350 696 2387 mysteria,
717 2348 836 2376 ostendit
857 2348 904 2376 tibi
926 2356 987 2383 quae

200 2403 307 2434 oportet
321 2399 389 2426 ﬁeri.

234 2447 279 2474 5U.
300 2445 364 2472 Mihi
382 2451 446 2471 vero
473 2450 528 2470 non
547 2446 658 2477 propter
686 2440 856 2476 sapientiam.
872 2448 933 2475 quae
951 2439 987 2467 sit

201 2493 228 2519 iu
244 2500 288 2520 me
307 2498 390 2525 super
409 2497 505 2517 omnes
519 2488 653 2520 homines,
671 2487 830 2522 mysterium
847 2486 898 2513 hoc
912 2493 988 2520 aper-

202 2546 259 2566 tum
275 2542 326 2570 est,
343 2537 389 2565 sed
405 2536 580 2571 explanatum
595 2538 637 2561 est
658 2533 737 2565 mihi,
756 2537 786 2559 ut
807 2536 870 2559 nota
892 2531 988 2559 ﬁerent

203 2585 269 2619 regi,
286 2591 346 2618 qum
363 2582 509 2617 concepisti
525 2580 618 2608 animo
634 2583 682 2607 tuo
696 2579 722 2606 in
735 2578 900 2615 cognitione.

235 2673 281 2702 51.
301 2674 335 2702 Et
353 2678 392 2705 tu.
407 2681 465 2707 rex,
481 2673 584 2704 vidisti.
596 2676 624 2700 et
636 2679 699 2699 ecce
711 2671 800 2707 imago
815 2678 879 2703 una,
890 2674 918 2698 et
930 2675 988 2698 erat

203 2723 292 2756 imago
309 2721 352 2748 illa
366 2727 463 2754 magna
477 2719 569 2751 nimis,
583 2723 610 2746 et
622 2722 748 2753 aspectus
760 2718 847 2753 ipsius
862 2718 988 2746 sublimis

203 2765 292 2793 stabat
308 2770 403 2793 contra
417 2768 452 2797 te,
467 2769 494 2792 et
507 2763 577 2792 visio
592 2763 718 2799 imaginis
733 2763 875 2792 terribilis.

1030 206 1173 241 βασιλέως,
1185 206 1233 232 καὶ
1244 205 1352 240 δηλώσῃ
1366 203 1455 230 πάντα
1470 202 1517 229 ἐπὶ
1529 201 1575 228 τοῦ
1589 201 1732 236 βασιλέως,

1066 251 1109 277 l7.
1123 251 1190 277 Τότε
1205 249 1330 277 ἀπελθὼν
1345 248 1444 284 Δανιὴλ
1458 247 1498 279 εἰς
1511 246 1557 273 τὸν
1579 245 1653 274 οἷκον
1671 245 1767 278 αὐτοῦ,
1786 245 1824 281 τῷ

1036 296 1156 331 Ἀνανίᾳ,
1170 297 1218 323 καὶ
1231 294 1351 331 Μισαὴλ,
1366 294 1413 321 καὶ
1439 293 1554 329 ’Δζαρίᾳ
1575 294 1632 324 τοῖς
1653 291 1824 327 συνεταίροις

1031 343 1156 375 ὑπέδειξε
1168 343 1266 369 πάντα.

1066 389 1110 431 18_.
1134 388 1190 416 Kal.
1217 388 1386 424 παρήγγειλε
1409 387 1534 423 νηστείαν
1560 386 1606 414 καὶ
1622 386 1714 422 δέησιν
1730 393 1761 414 +
1777 386 1824 412 καὶ

1031 447 1168 490 τιμωρίαν
1183 454 1301 489 ζητῆσαι
1311 453 1339 489 /.
1357 454 1433 489 παρὰ
1450 452 1497 480 τοῦ
1520 451 1624 487 Κυρίου
1646 453 1693 480 τοῦ
1711 451 1824 487 ὑψίστου

1031 501 1153 536 περὶτοῦ
1166 500 1317 536 μυστηρίου
1331 499 1427 526 τούτου
1437 518 1446 532 ,
1468 500 1543 530 ὅπως
1565 499 1602 534 μὴ
1620 498 1749 525 ἐκδοθῶσι
1771 499 1824 525 Διι-

1031 546 1090 582 νιὴλ
1103 546 1151 572 καὶ
1166 546 1191 572 οἰ
1211 547 1270 581 μετ’
1282 545 1366 572 αὑτοῦ
1383 546 1423 576 εἰς
1436 544 1575 572 ἀπώλειαν
1595 545 1653 579 ἅμα
1671 544 1728 575 τοῖς
1747 551 1822 578 σοφι-

1033 594 1108 625 σταῖς
1123 593 1292 624 Βαϐυλῶνος.

1069 639 1110 666 l9.
1128 640 1194 666 Τότε
1207 639 1245 675 τῷ
1262 639 1362 675 Δανιὴλ
1384 639 1412 666 ὲν
1427 639 1544 675 ὁράματι
1561 638 1590 664 ὲν
1609 638 1678 672 αὐτῇ
1694 638 1728 673 τῇ
1748 636 1826 664 νυκτὶ

1031 685 1062 712 τὸ
1081 687 1231 721 μυστήριον
1242 685 1290 712 τοῦ
1309 685 1442 720 βασιλέως
1459 683 1592 719 ὲξεφάνθη
1610 684 1747 719 εὐσήμως
1765 683 1825 709 τότε

1032 731 1132 767 Δανιὴλ
1145 731 1292 768 εὐλόγησεν
1308 731 1354 758 τὸν
1365 730 1467 766 Κύριον
1478 731 1523 757 τὸν
1541 729 1663 764 ὕψιστον,
1679 729 1726 756 καὶ
1740 730 1827 764 ἐκφω-

1033 777 1117 812 νήσας
1132 775 1209 804 εἶπεν
1222 785 1230 792 υ

997 841 1020 870 Β
1068 823 1112 850 20.
1132 824 1224 850 Ἔστω
1235 823 1265 850 τὸ
1278 823 1364 858 ὄνομα
1375 822 1423 849 τοῦ
1434 821 1537 858 Κυρίου
1552 820 1599 848 τοῦ
1614 819 1733 856 μεγάλου
1747 821 1825 848 εὐλο-

1036 869 1155 904 γημένον
1172 870 1211 900 εἰς
1227 869 1274 896 τὸν
1294 868 1390 902 αἰῶνα,
1403 869 1448 895 ὅτι
1467 869 1483 903 ἡ
1509 867 1589 902 σοφία
1605 867 1651 894 καὶ
1665 869 1682 903 ἡ
1700 867 1826 902 μεγαλω-

1037 914 1103 950 σύνη
1123 914 1205 941 αὐτοῦ
1227 915 1297 941 ἐστι.

1071 960 1115 988 21.
1135 960 1190 987 Kal.
1204 960 1285 992 αὐτὸς
1302 959 1405 986 ἀλλοιοῖ
1430 959 1543 995 καιροὺς
1560 959 1607 986 καὶ
1628 959 1740 994 χρόνους
1751 979 1758 990 ,
1777 967 1825 993 με-

1037 1006 1135 1033 θιστῶν
1149 1006 1278 1041 βασιλεῖς,
1294 1007 1342 1033 καὶ
1355 1005 1501 1038 καθιστῶν,
1515 1005 1601 1037 διδοὺς
1615 1006 1706 1040 σοφοῖς
1718 1005 1825 1039 σοᾳίαν,

1037 1052 1085 1079 καὶ
1095 1051 1203 1078 σύνεσιν
1218 1054 1274 1084 τοῖς
1290 1053 1318 1079 ἐν
1332 1053 1471 1087 ἐπιστήμῃ
1489 1049 1573 1078 οὖσιν.

1071 1097 1116 1124 22.
1136 1097 1347 1125 Ἀνακαλύπτων
1362 1097 1397 1124 τὰ
1414 1097 1499 1132 βαθέα
1513 1097 1560 1124 καὶ
1573 1096 1707 1128 σκοτεινὰ,
1720 1097 1767 1122 καὶ
1784 1104 1826 1130 γι-

1037 1143 1149 1170 νώσκων
1161 1144 1196 1170 τὰ
1213 1145 1242 1170 ἐν
1258 1143 1296 1179 τῷ
1317 1144 1422 1177 σκότει,
1443 1143 1489 1170 καὶ
1503 1143 1537 1170 τὰ
1559 1144 1588 1169 ὲν
1610 1143 1648 1178 τῷ
1671 1143 1756 1177 φωτὶ,
1781 1143 1826 1169 καὶ

1037 1190 1102 1225 παρ’
1119 1190 1193 1226 αὐτῷ
1213 1190 1369 1222 κατάλυσις.

1072 1237 1117 1264 23.
1135 1237 1192 1268 Σοὶ,
1213 1237 1298 1272 Κύριε
1312 1237 1366 1263 τῶν
1381 1237 1507 1272 πατέρων
1526 1245 1586 1272 μου,
1603 1236 1825 1271 ὲξομολογοῦμαι,

1038 1283 1086 1310 καὶ
1097 1283 1173 1315 αἰνῶ,
1187 1283 1228 1309 ὅτι
1246 1283 1342 1317 σοφίαν
1359 1283 1406 1309 καὶ
1431 1283 1560 1318 φρόνησιν
1582 1283 1685 1314 ἔδωκάς
1708 1291 1763 1318 μοι,
1781 1282 1827 1308 καὶ

1038 1329 1085 1356 νῦν
1100 1328 1242 1364 ἐσήμᾳνάς
1258 1337 1303 1364 μοι
1318 1329 1367 1356 ὅσα
1384 1329 1497 1364 ἠξίωσα,
1509 1329 1556 1356 τοῦ
1572 1329 1740 1365 δηλῶσαιτῷ
1752 1329 1828 1364 βασι-

1037 1376 1079 1403 λεῖ
1090 1375 1159 1412 πρὸς
1174 1374 1271 1402 ταῦτα.

1072 1421 1117 1448 24.
1136 1420 1271 1448 Εἰσελθὼν
1285 1421 1312 1447 δὲ
1332 1420 1430 1456 Δανιὴλ
1448 1421 1516 1457 πρὸς
1531 1421 1576 1447 τὸν
1608 1421 1706 1456 Ἀριὼχ
1721 1421 1766 1447 τὸν
1778 1430 1828 1448 κα-

1036 1467 1205 1495 τασταθέντα
1218 1467 1270 1494 ὑπὸ
1279 1467 1324 1494 τοῦ
1338 1467 1470 1502 βασιλέως
1478 1468 1637 1494 ἀποκτεῖναι
1649 1468 1754 1499 πάντας
1765 1469 1828 1499 τοὺς

999 1514 1022 1543 C.
1039 1513 1168 1548 σοφιστὰς
1183 1514 1232 1548 τῆς
1247 1512 1430 1545 Βαῦυλωνίας,
1448 1510 1524 1540 εἶπεν
1536 1513 1698 1548 αὺτῷ,Τοὺς
1713 1513 1763 1548 μὲν
1781 1522 1826 1540 σο-

1039 1560 1137 1594 φιστὰς
1146 1559 1197 1594 τῆς
1211 1558 1385 1591 Βαϐυλωνίας
1399 1559 1435 1595 μὴ
1447 1559 1592 1596 ἀπολέσῃς,
1607 1560 1736 1595 εἰσάγαγε
1752 1561 1780 1587 δέ
1793 1570 1828 1597 με

1039 1606 1107 1641 πρὸς
1121 1605 1166 1632 τὸν
1181 1605 1303 1640 βασιλέα,
1326 1605 1374 1631 καὶ
1392 1605 1496 1632 ἕκαστα
1515 1606 1553 1641 τῷ
1570 1605 1673 1641 βασιλεῖ
1685 1606 1807 1641 δηλώσω.

1073 1652 1119 1680 25.
1131 1652 1198 1678 Τότε
1219 1651 1318 1687 Ἀριὼχ
1332 1652 1403 1679 κατὰ
1420 1652 1538 1687 σπουδὴν
1557 1653 1690 1687 εἰσήγαγε
1707 1653 1754 1679 τὸν
1773 1654 1826 1679 Δα-

1039 1698 1098 1733 νιὴλ
1113 1698 1180 1734 πρὸς
1202 1697 1248 1724 τὸν
1265 1697 1387 1732 βασιλέα,
1402 1698 1448 1724 καὶ
1462 1695 1538 1723 εἶπεν
1550 1697 1636 1733 αὐτῷ,
1658 1698 1699 1724 ὃτι
1715 1698 1828 1733 Εῦρηκα

1039 1744 1180 1779 ἄνθρωπον
1195 1743 1276 1778 σοφὸν
1305 1743 1337 1769 ἐκ
1357 1743 1405 1778 τῆς
1421 1743 1609 1778 αἰχμαλωσίας
1627 1743 1680 1770 τῶν
1693 1743 1759 1770 υἱῶν
1779 1744 1828 1779 τῆς

1045 1789 1183 1821 Ἰουδαίας,
1196 1789 1224 1820 ὃς
1241 1786 1280 1822 τῷ
1295 1788 1399 1823 βασιλεί
1408 1788 1522 1823 δηλώσει
1537 1788 1649 1815 ἕκαστα.

1073 1835 1117 1862 26.
1141 1835 1314 1871 Ἀποκριθεὶς
1340 1835 1368 1861 δὲ
1393 1835 1408 1860 ὁ
1433 1834 1559 1869 βασιλεὺς
1573 1832 1633 1860 εἰπε
1657 1833 1696 1868 τῷ
1717 1834 1825 1869 Δανιὴλ,

1039 1882 1247 1917 ἐπικαλουμένῳ
1260 1881 1288 1908 δὲ
1303 1881 1452 1908 Χαλδαῖστὶ
1473 1880 1630 1915 Βαλτὰσσρ·
1652 1880 1761 1915 Δυνήσῃ
1782 1880 1828 1915 δη-

1039 1927 1125 1954 λῶσαι
1139 1936 1184 1963 μοι
1201 1927 1232 1954 τὸ
1247 1928 1338 1962 ὅραμα
1353 1926 1366 1953 ὂ
1378 1924 1458 1959 εἶδον,
1473 1926 1519 1953 καὶ
1532 1926 1581 1962 τὴν
1596 1925 1691 1952 τούτου
1715 1925 1827 1962 σύγκρι-

1041 1983 1083 2001 σιν
1094 1982 1101 2006 ;

1076 2023 1120 2050 27.
1144 2020 1321 2056 Ἐκφωνήσας
1338 2019 1367 2046 δὲ
1388 2020 1402 2046 ὁ
1426 2018 1524 2054 Δανιὴλ
1549 2019 1595 2045 ἐπὶ
1614 2019 1661 2045 τοῦ
1682 2019 1825 2054 βασιλέως,

1040 2067 1116 2095 εἶπε·
1132 2068 1168 2094 Τὸ
1186 2067 1333 2103 μυστήριον
1350 2066 1364 2093 ὃ
1377 2066 1498 2102 ἑώρακεν
1519 2066 1533 2092 ὁ
1547 2066 1684 2101 βασιλεὺς,
1705 2067 1756 2093 οὐκ
1769 2066 1825 2093 ἐστι

1040 2114 1130 2148 σοφῶν
1142 2113 1189 2140 καὶ
1205 2112 1369 2148 φαρμακῶν,
1383 2112 1430 2138 καὶ
1444 2111 1584 2143 ὲπαοιδῶν,
1603 2112 1649 2138 καὶ
1664 2111 1826 2147 γαζαρηνῶυ

1003 2183 1025 2211 D
1040 2160 1056 2195 ή
1069 2159 1194 2195 δήλωσις.

1073 2206 1118 2232 28.
1141 2204 1210 2231 Ἀλλ’
1228 2204 1285 2230 ἐστι
1300 2203 1366 2235 Θεὺς
1381 2204 1410 2230 ὲν
1428 2203 1535 2239 οὐρανῷ
1559 2202 1756 2230 ἀνακαλύπτων
1774 2212 1825 2238 μυ-

1040 2253 1149 2288 στήρια,
1170 2251 1199 2282 ὃς
1213 2250 1330 2286 ἐδήλωσε
1355 2249 1393 2284 τῷ
1411 2248 1517 2284 βασιλεί
1541 2248 1788 2284 Ναϐουχοδονόσορ,
1808 2248 1826 2276 ἃ

1037 2298 1080 2324 δεῖ
1092 2296 1218 2331 γενέσθαι
1235 2295 1280 2322 ἐπ’
1293 2295 1415 2330 ἐσχάτων
1434 2294 1489 2321 τῶν
1505 2293 1625 2329 ἡμερῶν.

1072 2343 1115 2370 29.
1133 2343 1188 2370 Καὶ
1200 2341 1398 2369 ἀνακαλύπτων
1413 2341 1551 2377 μυστήρια
1567 2339 1686 2376 ἐδήλωσέ
1703 2349 1744 2367 σοι
1760 2340 1827 2368 ἃδεῐ

1036 2389 1174 2424 γενέσθαι.

1073 2436 1117 2462 50.
1136 2435 1227 2471 Κᾲμοὶ
1244 2434 1272 2461 δὲ
1295 2434 1325 2460 οὺ
1350 2432 1425 2468 παρὰ
1444 2433 1494 2468 τὴν
1511 2432 1617 2468 σοφίαν,
1634 2433 1683 2468 τὴν
1699 2431 1783 2462 οὖσαν
1797 2434 1826 2460 ἐν

1037 2482 1099 2518 ἐμοὶ
1120 2482 1190 2517 ὑπὲρ
1214 2481 1319 2512 πάντας
1344 2481 1407 2511 τοὺς
1433 2479 1604 2515 ἀνθρώπους,
1620 2480 1651 2505 τὸ
1677 2481 1825 2516 μυστήριον

1037 2528 1116 2556 τοῦτο
1133 2527 1278 2562 ἐξεφάνθη,
1293 2526 1350 2553 ἀλλ’
1366 2526 1459 2552 ἕνεκεν
1470 2525 1515 2552 τοῦ
1529 2525 1681 2560 δηλωθῆναι
1696 2526 1735 2561 τῷ
1750 2527 1826 2562 βασι.-

1038 2575 1080 2601 λεῖ
1089 2573 1229 2609 ἐσημάνθη
1247 2581 1302 2607 μοι,
1316 2572 1334 2599 ἃ
1353 2572 1487 2604 ὑπέλαϐες
1501 2573 1533 2607 τῇ
1551 2572 1649 2608 καρδίᾳ
1660 2581 1707 2600 σου
1718 2574 1747 2599 ὲν
1757 2573 1827 2608 γνώ-

1040 2630 1090 2649 σει.

1074 2669 1118 2696 51.
1132 2667 1186 2694 Καὶ
1195 2666 1237 2699 σὺ,
1255 2664 1375 2701 βασιλεῦ,
1391 2664 1526 2701 ἑώρακας,
1539 2666 1587 2692 καὶ
1602 2665 1656 2692 ἰδοὺ
1670 2665 1752 2692 εἰκὼν
1765 2666 1826 2700 μίαν

1039 2715 1086 2742 καὶ
1102 2712 1136 2750 ἦν
1151 2715 1167 2748 ἡ
1180 2712 1262 2739 εἰκὼν
1273 2711 1362 2746 εκείνη
1377 2711 1484 2747 μεγάλη
1508 2711 1620 2746 σφόδρα,
1640 2711 1687 2737 καί
1703 2713 1720 2747 ἡ
1745 2712 1828 2747 πρόσμ

1039 2761 1099 2795 οψις
1115 2759 1201 2794 αὐτῆς
1213 2757 1371 2793 ὺπερφερὴς
1389 2757 1501 2793 ἑστήκει
1518 2757 1638 2785 ἐναντίον
1663 2766 1722 2790 σου,
1744 2758 1793 2785 καὶ
1809 2758 1825 2786 ἡ

1041 2805 1170 2843 πρόσοψις
1186 2805 1234 2840 τῆς
1251 2803 1354 2835 εἰκόνος
1371 2802 1484 2838 φοϐερά.
