  <div class='ocr_page' id='page_1' title='image "/cluster/home/n/w/nwhite01/storage/ocr_20150623/16, pt.3/njp.32101010944575/273.png"; bbox 0 0 1959 3079; ppageno 0'>
   <div class='ocr_carea' id='block_1_1' title="bbox 158 209 226 239">
    <p class='ocr_par' dir='ltr' id='par_1_1' title="bbox 158 209 226 239">
     <span class='ocr_line' id='line_1_1' title="bbox 158 209 226 239; baseline -0.044 0"><span class='ocrx_word' id='word_1_1' title='bbox 158 209 226 239; x_wconf 69' lang='lat' dir='ltr'><strong>i737</strong></span> 
     </span>
    </p>
   </div>
   <div class='ocr_carea' id='block_1_2' title="bbox 158 264 304 296">
    <p class='ocr_par' dir='ltr' id='par_1_2' title="bbox 158 264 304 296">
     <span class='ocr_line' id='line_1_2' title="bbox 158 264 304 296; baseline 0.014 -6"><span class='ocrx_word' id='word_1_2' title='bbox 158 264 279 292; x_wconf 72' lang='lat' dir='ltr'><strong>incendit</strong></span> <span class='ocrx_word' id='word_1_3' title='bbox 295 284 304 296; x_wconf 85' lang='lat'><strong>,</strong></span> 
     </span>
    </p>
   </div>
   <div class='ocr_carea' id='block_1_3' title="bbox 158 315 234 338">
    <p class='ocr_par' dir='ltr' id='par_1_3' title="bbox 158 315 234 338">
     <span class='ocr_line' id='line_1_3' title="bbox 158 315 234 338; baseline 0.013 -1"><span class='ocrx_word' id='word_1_4' title='bbox 158 315 234 338; x_wconf 81' lang='lat' dir='ltr'><strong>Stult.</strong></span> 
     </span>
    </p>
   </div>
   <div class='ocr_carea' id='block_1_4' title="bbox 191 357 944 393">
    <p class='ocr_par' dir='ltr' id='par_1_4' title="bbox 191 357 944 393">
     <span class='ocr_line' id='line_1_4' title="bbox 191 357 944 393; baseline 0.004 -10"><span class='ocrx_word' id='word_1_5' title='bbox 191 357 237 383; x_wconf 57' lang='grc' dir='ltr'>ιιι.</span> <span class='ocrx_word' id='word_1_6' title='bbox 260 357 305 385; x_wconf 89' lang='lat' dir='ltr'><strong>Sic</strong></span> <span class='ocrx_word' id='word_1_7' title='bbox 321 365 385 393; x_wconf 78' lang='lat' dir='ltr'><strong>ergo</strong></span> <span class='ocrx_word' id='word_1_8' title='bbox 401 364 528 393; x_wconf 87' lang='lat' dir='ltr'><strong>precatus</strong></span> <span class='ocrx_word' id='word_1_9' title='bbox 542 363 583 385; x_wconf 86' lang='lat' dir='ltr'><strong>est</strong></span> <span class='ocrx_word' id='word_1_10' title='bbox 597 359 729 390; x_wconf 84' lang='lat' dir='ltr'><strong>Anauias,</strong></span> <span class='ocrx_word' id='word_1_11' title='bbox 741 364 767 386; x_wconf 89' lang='lat' dir='ltr'><strong>et</strong></span> <span class='ocrx_word' id='word_1_12' title='bbox 781 360 902 392; x_wconf 78' lang='lat' dir='ltr'><strong>Azarias,</strong></span> <span class='ocrx_word' id='word_1_13' title='bbox 918 365 944 387; x_wconf 84' lang='lat' dir='ltr'><strong>et</strong></span> 
     </span>
    </p>
   </div>
   <div class='ocr_carea' id='block_1_5' title="bbox 160 401 941 439">
    <p class='ocr_par' dir='ltr' id='par_1_5' title="bbox 160 401 941 439">
     <span class='ocr_line' id='line_1_5' title="bbox 160 401 941 439; baseline 0.006 -12"><span class='ocrx_word' id='word_1_14' title='bbox 160 401 263 435; x_wconf 73' lang='lat' dir='ltr'><strong>Misael,</strong></span> <span class='ocrx_word' id='word_1_15' title='bbox 288 408 314 430; x_wconf 90' lang='lat' dir='ltr'><strong>et</strong></span> <span class='ocrx_word' id='word_1_16' title='bbox 328 403 506 431; x_wconf 86' lang='lat' dir='ltr'><strong>laudaverunt</strong></span> <span class='ocrx_word' id='word_1_17' title='bbox 523 403 677 437; x_wconf 86' lang='lat' dir='ltr'><strong>Dominum,</strong></span> <span class='ocrx_word' id='word_1_18' title='bbox 699 405 808 439; x_wconf 77' lang='lat' dir='ltr'><strong>quando</strong></span> <span class='ocrx_word' id='word_1_19' title='bbox 828 413 876 432; x_wconf 89' lang='lat' dir='ltr'><strong>eos</strong></span> <span class='ocrx_word' id='word_1_20' title='bbox 894 413 941 432; x_wconf 81' lang='lat' dir='ltr'><strong>rex</strong></span> 
     </span>
    </p>
   </div>
   <div class='ocr_carea' id='block_1_6' title="bbox 159 447 572 480">
    <p class='ocr_par' dir='ltr' id='par_1_6' title="bbox 159 447 572 480">
     <span class='ocr_line' id='line_1_6' title="bbox 159 447 572 480; baseline 0.007 -8"><span class='ocrx_word' id='word_1_21' title='bbox 159 447 238 480; x_wconf 78' lang='lat' dir='ltr'><strong>iussit</strong></span> <span class='ocrx_word' id='word_1_22' title='bbox 253 448 362 474; x_wconf 91' lang='lat' dir='ltr'><strong>immitti</strong></span> <span class='ocrx_word' id='word_1_23' title='bbox 379 449 404 474; x_wconf 87' lang='lat' dir='ltr'><strong>in</strong></span> <span class='ocrx_word' id='word_1_24' title='bbox 423 447 572 476; x_wconf 77' lang='lat' dir='ltr'><strong>fornacem.</strong></span> 
     </span>
    </p>
   </div>
   <div class='ocr_carea' id='block_1_7' title="bbox 193 502 944 542">
    <p class='ocr_par' dir='ltr' id='par_1_7' title="bbox 193 502 944 542">
     <span class='ocr_line' id='line_1_7' title="bbox 193 502 944 542; baseline 0.009 -14"><span class='ocrx_word' id='word_1_25' title='bbox 193 502 237 529; x_wconf 70' lang='lat'><strong>25.</strong></span> <span class='ocrx_word' id='word_1_26' title='bbox 259 502 340 530; x_wconf 86' lang='lat' dir='ltr'><strong>Stans</strong></span> <span class='ocrx_word' id='word_1_27' title='bbox 354 508 443 531; x_wconf 84' lang='lat' dir='ltr'><strong>autem</strong></span> <span class='ocrx_word' id='word_1_28' title='bbox 458 504 569 532; x_wconf 85' lang='lat' dir='ltr'><strong>Azarias</strong></span> <span class='ocrx_word' id='word_1_29' title='bbox 583 510 709 540; x_wconf 78' lang='lat' dir='ltr'><strong>precatus</strong></span> <span class='ocrx_word' id='word_1_30' title='bbox 722 511 762 534; x_wconf 87' lang='lat' dir='ltr'><strong>est</strong></span> <span class='ocrx_word' id='word_1_31' title='bbox 778 507 828 539; x_wconf 82' lang='lat' dir='ltr'><strong>sic,</strong></span> <span class='ocrx_word' id='word_1_32' title='bbox 844 512 870 534; x_wconf 89' lang='lat' dir='ltr'><strong>et</strong></span> <span class='ocrx_word' id='word_1_33' title='bbox 880 515 944 542; x_wconf 80' lang='lat' dir='ltr'><strong>ape-</strong></span> 
     </span>
    </p>
   </div>
   <div class='ocr_carea' id='block_1_8' title="bbox 160 549 942 580">
    <p class='ocr_par' dir='ltr' id='par_1_8' title="bbox 160 549 942 580">
     <span class='ocr_line' id='line_1_8' title="bbox 160 549 942 580; baseline 0.006 -6"><span class='ocrx_word' id='word_1_34' title='bbox 160 549 232 575; x_wconf 81' lang='lat' dir='ltr'><strong>riens</strong></span> <span class='ocrx_word' id='word_1_35' title='bbox 259 556 290 576; x_wconf 83' lang='lat' dir='ltr'><strong>os</strong></span> <span class='ocrx_word' id='word_1_36' title='bbox 318 556 409 580; x_wconf 89' lang='lat' dir='ltr'><strong>suum,</strong></span> <span class='ocrx_word' id='word_1_37' title='bbox 431 551 611 578; x_wconf 82' lang='lat' dir='ltr'><strong>confitebatur</strong></span> <span class='ocrx_word' id='word_1_38' title='bbox 637 550 752 578; x_wconf 90' lang='lat' dir='ltr'><strong>Domino</strong></span> <span class='ocrx_word' id='word_1_39' title='bbox 772 551 853 579; x_wconf 87' lang='lat' dir='ltr'><strong>simul</strong></span> <span class='ocrx_word' id='word_1_40' title='bbox 881 561 942 580; x_wconf 90' lang='lat' dir='ltr'><strong>cum</strong></span> 
     </span>
    </p>
   </div>
   <div class='ocr_carea' id='block_1_9' title="bbox 159 594 942 632">
    <p class='ocr_par' dir='ltr' id='par_1_9' title="bbox 159 594 942 632">
     <span class='ocr_line' id='line_1_9' title="bbox 159 594 942 632; baseline 0.009 -12"><span class='ocrx_word' id='word_1_41' title='bbox 159 594 297 622; x_wconf 81' lang='lat' dir='ltr'><strong>sodalibus</strong></span> <span class='ocrx_word' id='word_1_42' title='bbox 321 595 378 622; x_wconf 67' lang='lat' dir='ltr'><strong>suis</strong></span> <span class='ocrx_word' id='word_1_43' title='bbox 401 596 427 622; x_wconf 93' lang='lat' dir='ltr'><strong>iu</strong></span> <span class='ocrx_word' id='word_1_44' title='bbox 448 597 538 624; x_wconf 90' lang='lat' dir='ltr'><strong>medio</strong></span> <span class='ocrx_word' id='word_1_45' title='bbox 560 597 621 632; x_wconf 77' lang='lat' dir='ltr'><strong>igne</strong></span> <span class='ocrx_word' id='word_1_46' title='bbox 640 596 760 625; x_wconf 78' lang='lat' dir='ltr'><strong>fornacis</strong></span> <span class='ocrx_word' id='word_1_47' title='bbox 776 606 913 626; x_wconf 60' lang='lat' dir='ltr'><strong>succensae</strong></span> <span class='ocrx_word' id='word_1_48' title='bbox 927 607 942 627; x_wconf 88' lang='lat' dir='ltr'><strong>a</strong></span> 
     </span>
    </p>
   </div>
   <div class='ocr_carea' id='block_1_10' title="bbox 157 638 695 673">
    <p class='ocr_par' dir='ltr' id='par_1_10' title="bbox 157 638 695 673">
     <span class='ocr_line' id='line_1_10' title="bbox 157 638 695 673; baseline 0.006 -7"><span class='ocrx_word' id='word_1_49' title='bbox 157 638 291 667; x_wconf 73' lang='lat' dir='ltr'><strong>Chaldaeis</strong></span> <span class='ocrx_word' id='word_1_50' title='bbox 308 640 490 673; x_wconf 84' lang='lat' dir='ltr'><strong>vehementer,</strong></span> <span class='ocrx_word' id='word_1_51' title='bbox 505 645 531 668; x_wconf 87' lang='lat' dir='ltr'><strong>et</strong></span> <span class='ocrx_word' id='word_1_52' title='bbox 544 641 671 669; x_wconf 83' lang='lat' dir='ltr'><strong>dixerunt</strong></span> <span class='ocrx_word' id='word_1_53' title='bbox 689 650 695 668; x_wconf 90' lang='lat'>:</span> 
     </span>
    </p>
   </div>
   <div class='ocr_carea' id='block_1_11' title="bbox 192 729 942 767">
    <p class='ocr_par' dir='ltr' id='par_1_11' title="bbox 192 729 942 767">
     <span class='ocr_line' id='line_1_11' title="bbox 192 729 942 767; baseline 0.007 -11"><span class='ocrx_word' id='word_1_54' title='bbox 192 729 237 757; x_wconf 76' lang='grc'><strong>26.</strong></span> <span class='ocrx_word' id='word_1_55' title='bbox 257 729 420 758; x_wconf 74' lang='lat' dir='ltr'><strong>Benedictus</strong></span> <span class='ocrx_word' id='word_1_56' title='bbox 437 737 477 764; x_wconf 92' lang='lat' dir='ltr'><strong>es,</strong></span> <span class='ocrx_word' id='word_1_57' title='bbox 496 730 610 759; x_wconf 85' lang='lat' dir='ltr'><strong>Domine</strong></span> <span class='ocrx_word' id='word_1_58' title='bbox 623 731 694 760; x_wconf 87' lang='lat' dir='ltr'><strong>Deus</strong></span> <span class='ocrx_word' id='word_1_59' title='bbox 713 737 820 767; x_wconf 88' lang='lat' dir='ltr'><strong>patrutn</strong></span> <span class='ocrx_word' id='word_1_60' title='bbox 834 738 942 761; x_wconf 86' lang='lat' dir='ltr'><strong>nostro-</strong></span> 
     </span>
    </p>
   </div>
   <div class='ocr_carea' id='block_1_12' title="bbox 159 774 941 810">
    <p class='ocr_par' dir='ltr' id='par_1_12' title="bbox 159 774 941 810">
     <span class='ocr_line' id='line_1_12' title="bbox 159 774 941 810; baseline 0.008 -10"><span class='ocrx_word' id='word_1_61' title='bbox 159 781 242 806; x_wconf 85' lang='lat' dir='ltr'><strong>rum,</strong></span> <span class='ocrx_word' id='word_1_62' title='bbox 264 779 292 801; x_wconf 87' lang='lat' dir='ltr'><strong>et</strong></span> <span class='ocrx_word' id='word_1_63' title='bbox 319 774 454 802; x_wconf 87' lang='lat' dir='ltr'><strong>laudabile</strong></span> <span class='ocrx_word' id='word_1_64' title='bbox 490 779 517 802; x_wconf 86' lang='lat' dir='ltr'><strong>et</strong></span> <span class='ocrx_word' id='word_1_65' title='bbox 539 775 688 810; x_wconf 69' lang='lat' dir='ltr'><strong>gloriosum</strong></span> <span class='ocrx_word' id='word_1_66' title='bbox 713 784 810 805; x_wconf 75' lang='lat' dir='ltr'><strong>nomen</strong></span> <span class='ocrx_word' id='word_1_67' title='bbox 823 783 897 806; x_wconf 87' lang='lat' dir='ltr'><strong>tuum</strong></span> <span class='ocrx_word' id='word_1_68' title='bbox 914 779 941 805; x_wconf 93' lang='lat' dir='ltr'><strong>in</strong></span> 
     </span>
    </p>
   </div>
   <div class='ocr_carea' id='block_1_13' title="bbox 158 820 270 847">
    <p class='ocr_par' dir='ltr' id='par_1_13' title="bbox 158 820 270 847">
     <span class='ocr_line' id='line_1_13' title="bbox 158 820 270 847; baseline 0.018 -2"><span class='ocrx_word' id='word_1_69' title='bbox 158 820 270 847; x_wconf 66' lang='lat' dir='ltr'><strong>stecula.</strong></span> 
     </span>
    </p>
   </div>
   <div class='ocr_carea' id='block_1_14' title="bbox 191 877 940 916">
    <p class='ocr_par' dir='ltr' id='par_1_14' title="bbox 191 877 940 916">
     <span class='ocr_line' id='line_1_14' title="bbox 191 877 940 916; baseline 0.007 -12"><span class='ocrx_word' id='word_1_70' title='bbox 191 877 236 905; x_wconf 75' lang='grc'>27,</span> <span class='ocrx_word' id='word_1_71' title='bbox 258 877 325 911; x_wconf 88' lang='lat' dir='ltr'><strong>Quia</strong></span> <span class='ocrx_word' id='word_1_72' title='bbox 337 879 429 912; x_wconf 75' lang='lat' dir='ltr'><strong>justus</strong></span> <span class='ocrx_word' id='word_1_73' title='bbox 439 886 470 905; x_wconf 90' lang='lat' dir='ltr'><strong>es</strong></span> <span class='ocrx_word' id='word_1_74' title='bbox 489 879 517 906; x_wconf 90' lang='lat' dir='ltr'><strong>in</strong></span> <span class='ocrx_word' id='word_1_75' title='bbox 533 879 670 911; x_wconf 86' lang='lat' dir='ltr'><strong>omnibus,</strong></span> <span class='ocrx_word' id='word_1_76' title='bbox 682 888 742 916; x_wconf 74' lang='lat' dir='ltr'><strong>qua:</strong></span> <span class='ocrx_word' id='word_1_77' title='bbox 757 880 843 908; x_wconf 80' lang='lat' dir='ltr'><strong>fecisti</strong></span> <span class='ocrx_word' id='word_1_78' title='bbox 852 882 940 914; x_wconf 86' lang='lat' dir='ltr'><strong>nobis,</strong></span> 
     </span>
    </p>
   </div>
   <div class='ocr_carea' id='block_1_15' title="bbox 157 924 940 959">
    <p class='ocr_par' dir='ltr' id='par_1_15' title="bbox 157 924 940 959">
     <span class='ocr_line' id='line_1_15' title="bbox 157 924 940 959; baseline 0.006 -9"><span class='ocrx_word' id='word_1_79' title='bbox 157 927 184 950; x_wconf 75' lang='lat' dir='ltr'><strong>et</strong></span> <span class='ocrx_word' id='word_1_80' title='bbox 199 924 291 951; x_wconf 86' lang='lat' dir='ltr'><strong>omnia</strong></span> <span class='ocrx_word' id='word_1_81' title='bbox 305 931 385 959; x_wconf 85' lang='lat' dir='ltr'><strong>opera</strong></span> <span class='ocrx_word' id='word_1_82' title='bbox 405 929 448 950; x_wconf 86' lang='lat' dir='ltr'><strong>tua</strong></span> <span class='ocrx_word' id='word_1_83' title='bbox 468 932 541 958; x_wconf 83' lang='lat' dir='ltr'><strong>vera,</strong></span> <span class='ocrx_word' id='word_1_84' title='bbox 554 929 581 952; x_wconf 90' lang='lat' dir='ltr'><strong>et</strong></span> <span class='ocrx_word' id='word_1_85' title='bbox 596 925 646 953; x_wconf 69' lang='lat' dir='ltr'><strong>viae</strong></span> <span class='ocrx_word' id='word_1_86' title='bbox 657 930 710 953; x_wconf 65' lang='lat' dir='ltr'><strong>tua:</strong></span> <span class='ocrx_word' id='word_1_87' title='bbox 728 931 816 959; x_wconf 68' lang='lat' dir='ltr'><strong>rectm,</strong></span> <span class='ocrx_word' id='word_1_88' title='bbox 838 932 865 954; x_wconf 80' lang='lat' dir='ltr'><strong>et</strong></span> <span class='ocrx_word' id='word_1_89' title='bbox 879 935 940 955; x_wconf 87' lang='lat' dir='ltr'><strong>0m-</strong></span> 
     </span>
    </p>
   </div>
   <div class='ocr_carea' id='block_1_16' title="bbox 159 968 466 1003">
    <p class='ocr_par' dir='ltr' id='par_1_16' title="bbox 159 968 466 1003">
     <span class='ocr_line' id='line_1_16' title="bbox 159 968 466 1003; baseline 0.003 -9"><span class='ocrx_word' id='word_1_90' title='bbox 159 968 202 995; x_wconf 87' lang='lat' dir='ltr'><strong>uia</strong></span> <span class='ocrx_word' id='word_1_91' title='bbox 215 969 318 1003; x_wconf 81' lang='lat' dir='ltr'><strong>judicia</strong></span> <span class='ocrx_word' id='word_1_92' title='bbox 333 973 378 995; x_wconf 84' lang='lat' dir='ltr'><strong>tua</strong></span> <span class='ocrx_word' id='word_1_93' title='bbox 392 977 466 996; x_wconf 87' lang='lat' dir='ltr'><strong>vera.</strong></span> 
     </span>
    </p>
   </div>
   <div class='ocr_carea' id='block_1_17' title="bbox 191 1025 942 1064">
    <p class='ocr_par' dir='ltr' id='par_1_17' title="bbox 191 1025 942 1064">
     <span class='ocr_line' id='line_1_17' title="bbox 191 1025 942 1064; baseline 0.007 -12"><span class='ocrx_word' id='word_1_94' title='bbox 191 1025 237 1053; x_wconf 69' lang='lat'><strong>‘28.</strong></span> <span class='ocrx_word' id='word_1_95' title='bbox 258 1025 293 1052; x_wconf 85' lang='lat' dir='ltr'><strong>Et</strong></span> <span class='ocrx_word' id='word_1_96' title='bbox 305 1025 407 1060; x_wconf 81' lang='lat' dir='ltr'><strong>judicia</strong></span> <span class='ocrx_word' id='word_1_97' title='bbox 423 1027 546 1054; x_wconf 88' lang='lat' dir='ltr'><strong>veritatis</strong></span> <span class='ocrx_word' id='word_1_98' title='bbox 559 1026 645 1054; x_wconf 80' lang='lat' dir='ltr'><strong>fecisti</strong></span> <span class='ocrx_word' id='word_1_99' title='bbox 671 1028 820 1055; x_wconf 88' lang='lat' dir='ltr'><strong>secundum</strong></span> <span class='ocrx_word' id='word_1_100' title='bbox 839 1031 942 1064; x_wconf 83' lang='lat' dir='ltr'><strong>omnia,</strong></span> 
     </span>
    </p>
   </div>
   <div class='ocr_carea' id='block_1_18' title="bbox 157 1071 944 1108">
    <p class='ocr_par' dir='ltr' id='par_1_18' title="bbox 157 1071 944 1108">
     <span class='ocr_line' id='line_1_18' title="bbox 157 1071 944 1108; baseline 0.006 -9"><span class='ocrx_word' id='word_1_101' title='bbox 157 1079 218 1107; x_wconf 77' lang='lat' dir='ltr'><strong>qua:</strong></span> <span class='ocrx_word' id='word_1_102' title='bbox 231 1071 365 1099; x_wconf 74' lang='lat' dir='ltr'><strong>adduxisti</strong></span> <span class='ocrx_word' id='word_1_103' title='bbox 383 1072 473 1106; x_wconf 87' lang='lat' dir='ltr'><strong>nobis,</strong></span> <span class='ocrx_word' id='word_1_104' title='bbox 491 1076 518 1099; x_wconf 88' lang='lat' dir='ltr'><strong>et</strong></span> <span class='ocrx_word' id='word_1_105' title='bbox 536 1080 617 1108; x_wconf 71' lang='lat' dir='ltr'><strong>super</strong></span> <span class='ocrx_word' id='word_1_106' title='bbox 630 1073 767 1101; x_wconf 79' lang='lat' dir='ltr'><strong>civitatem</strong></span> <span class='ocrx_word' id='word_1_107' title='bbox 789 1079 863 1103; x_wconf 88' lang='lat' dir='ltr'><strong>tuam</strong></span> <span class='ocrx_word' id='word_1_108' title='bbox 880 1084 944 1104; x_wconf 85' lang='lat' dir='ltr'><strong>san-</strong></span> 
     </span>
    </p>
   </div>
   <div class='ocr_carea' id='block_1_19' title="bbox 157 1118 943 1154">
    <p class='ocr_par' dir='ltr' id='par_1_19' title="bbox 157 1118 943 1154">
     <span class='ocr_line' id='line_1_19' title="bbox 157 1118 943 1154; baseline 0.006 -10"><span class='ocrx_word' id='word_1_109' title='bbox 157 1122 228 1144; x_wconf 85' lang='lat' dir='ltr'><strong>ctam</strong></span> <span class='ocrx_word' id='word_1_110' title='bbox 245 1122 352 1152; x_wconf 84' lang='lat' dir='ltr'><strong>patrum</strong></span> <span class='ocrx_word' id='word_1_111' title='bbox 378 1123 534 1145; x_wconf 86' lang='lat' dir='ltr'><strong>nostrorum</strong></span> <span class='ocrx_word' id='word_1_112' title='bbox 561 1118 735 1147; x_wconf 83' lang='lat' dir='ltr'><strong>Jerusalem:</strong></span> <span class='ocrx_word' id='word_1_113' title='bbox 760 1121 889 1154; x_wconf 85' lang='lat' dir='ltr'><strong>quoniam</strong></span> <span class='ocrx_word' id='word_1_114' title='bbox 916 1122 943 1150; x_wconf 92' lang='lat' dir='ltr'><strong>in</strong></span> 
     </span>
    </p>
   </div>
   <div class='ocr_carea' id='block_1_20' title="bbox 157 1163 944 1201">
    <p class='ocr_par' dir='ltr' id='par_1_20' title="bbox 157 1163 944 1201">
     <span class='ocr_line' id='line_1_20' title="bbox 157 1163 944 1201; baseline 0.005 -11"><span class='ocrx_word' id='word_1_115' title='bbox 157 1163 271 1190; x_wconf 82' lang='lat' dir='ltr'><strong>veritate</strong></span> <span class='ocrx_word' id='word_1_116' title='bbox 299 1167 327 1191; x_wconf 93' lang='lat' dir='ltr'><strong>et</strong></span> <span class='ocrx_word' id='word_1_117' title='bbox 341 1163 445 1198; x_wconf 85' lang='lat' dir='ltr'><strong>judicio</strong></span> <span class='ocrx_word' id='word_1_118' title='bbox 457 1163 546 1192; x_wconf 87' lang='lat' dir='ltr'><strong>fecisti</strong></span> <span class='ocrx_word' id='word_1_119' title='bbox 563 1165 654 1192; x_wconf 88' lang='lat' dir='ltr'><strong>omnia</strong></span> <span class='ocrx_word' id='word_1_120' title='bbox 670 1165 726 1192; x_wconf 73' lang='lat' dir='ltr'><strong>hzec</strong></span> <span class='ocrx_word' id='word_1_121' title='bbox 745 1170 853 1200; x_wconf 89' lang='lat' dir='ltr'><strong>propter</strong></span> <span class='ocrx_word' id='word_1_122' title='bbox 880 1173 944 1201; x_wconf 84' lang='lat' dir='ltr'><strong>pec-</strong></span> 
     </span>
    </p>
   </div>
   <div class='ocr_carea' id='block_1_21' title="bbox 157 1213 340 1237">
    <p class='ocr_par' dir='ltr' id='par_1_21' title="bbox 157 1213 340 1237">
     <span class='ocr_line' id='line_1_21' title="bbox 157 1213 340 1237; baseline 0 -1"><span class='ocrx_word' id='word_1_123' title='bbox 157 1214 217 1236; x_wconf 76' lang='lat' dir='ltr'><strong>cata</strong></span> <span class='ocrx_word' id='word_1_124' title='bbox 237 1213 340 1237; x_wconf 84' lang='lat' dir='ltr'><strong>nostra.</strong></span> 
     </span>
    </p>
   </div>
   <div class='ocr_carea' id='block_1_22' title="bbox 192 1254 945 1292">
    <p class='ocr_par' dir='ltr' id='par_1_22' title="bbox 192 1254 945 1292">
     <span class='ocr_line' id='line_1_22' title="bbox 192 1254 945 1292; baseline 0.005 -11"><span class='ocrx_word' id='word_1_125' title='bbox 192 1254 238 1282; x_wconf 71' lang='lat'><strong>29.</strong></span> <span class='ocrx_word' id='word_1_126' title='bbox 260 1254 395 1287; x_wconf 87' lang='lat' dir='ltr'><strong>Quoniam</strong></span> <span class='ocrx_word' id='word_1_127' title='bbox 411 1255 585 1289; x_wconf 78' lang='lat' dir='ltr'><strong>peccavimus</strong></span> <span class='ocrx_word' id='word_1_128' title='bbox 605 1255 632 1282; x_wconf 93' lang='lat' dir='ltr'><strong>in</strong></span> <span class='ocrx_word' id='word_1_129' title='bbox 656 1255 796 1289; x_wconf 83' lang='lat' dir='ltr'><strong>omnibus,</strong></span> <span class='ocrx_word' id='word_1_130' title='bbox 811 1263 837 1285; x_wconf 85' lang='lat' dir='ltr'><strong>ct</strong></span> <span class='ocrx_word' id='word_1_131' title='bbox 853 1257 945 1292; x_wconf 87' lang='lat' dir='ltr'><strong>inique</strong></span> 
     </span>
    </p>
   </div>
   <div class='ocr_carea' id='block_1_23' title="bbox 157 1299 944 1336">
    <p class='ocr_par' dir='ltr' id='par_1_23' title="bbox 157 1299 944 1336">
     <span class='ocr_line' id='line_1_23' title="bbox 157 1299 944 1336; baseline 0.005 -10"><span class='ocrx_word' id='word_1_132' title='bbox 157 1300 263 1334; x_wconf 78' lang='lat' dir='ltr'><strong>egimus</strong></span> <span class='ocrx_word' id='word_1_133' title='bbox 282 1299 445 1327; x_wconf 89' lang='lat' dir='ltr'><strong>discedendo</strong></span> <span class='ocrx_word' id='word_1_134' title='bbox 460 1308 475 1327; x_wconf 94' lang='lat' dir='ltr'><strong>a</strong></span> <span class='ocrx_word' id='word_1_135' title='bbox 493 1304 518 1328; x_wconf 82' lang='lat' dir='ltr'><strong>te</strong></span> <span class='ocrx_word' id='word_1_136' title='bbox 534 1320 542 1332; x_wconf 92' lang='lat'><strong>,</strong></span> <span class='ocrx_word' id='word_1_137' title='bbox 567 1305 594 1328; x_wconf 86' lang='lat' dir='ltr'><strong>et</strong></span> <span class='ocrx_word' id='word_1_138' title='bbox 613 1301 786 1336; x_wconf 79' lang='lat' dir='ltr'><strong>peccavimus</strong></span> <span class='ocrx_word' id='word_1_139' title='bbox 809 1302 836 1329; x_wconf 89' lang='lat' dir='ltr'><strong>in</strong></span> <span class='ocrx_word' id='word_1_140' title='bbox 856 1303 944 1330; x_wconf 91' lang='lat' dir='ltr'><strong>omni-</strong></span> 
     </span>
    </p>
   </div>
   <div class='ocr_carea' id='block_1_24' title="bbox 159 1345 223 1373">
    <p class='ocr_par' dir='ltr' id='par_1_24' title="bbox 159 1345 223 1373">
     <span class='ocr_line' id='line_1_24' title="bbox 159 1345 223 1373; baseline 0.016 -1"><span class='ocrx_word' id='word_1_141' title='bbox 159 1345 223 1373; x_wconf 92' lang='lat' dir='ltr'><strong>bus.</strong></span> 
     </span>
    </p>
   </div>
   <div class='ocr_carea' id='block_1_25' title="bbox 193 1391 945 1426">
    <p class='ocr_par' dir='ltr' id='par_1_25' title="bbox 193 1391 945 1426">
     <span class='ocr_line' id='line_1_25' title="bbox 193 1391 945 1426; baseline 0.004 -7"><span class='ocrx_word' id='word_1_142' title='bbox 193 1391 240 1420; x_wconf 85' lang='lat'><strong>50.</strong></span> <span class='ocrx_word' id='word_1_143' title='bbox 260 1391 293 1419; x_wconf 85' lang='lat' dir='ltr'><strong>Et</strong></span> <span class='ocrx_word' id='word_1_144' title='bbox 307 1391 441 1419; x_wconf 82' lang='lat' dir='ltr'><strong>mandatis</strong></span> <span class='ocrx_word' id='word_1_145' title='bbox 455 1391 522 1426; x_wconf 69' lang='lat' dir='ltr'><strong>legis</strong></span> <span class='ocrx_word' id='word_1_146' title='bbox 543 1397 596 1419; x_wconf 75' lang='lat' dir='ltr'><strong>tua:</strong></span> <span class='ocrx_word' id='word_1_147' title='bbox 615 1400 667 1420; x_wconf 88' lang='lat' dir='ltr'><strong>non</strong></span> <span class='ocrx_word' id='word_1_148' title='bbox 687 1393 945 1426; x_wconf 81' lang='lat' dir='ltr'><strong>obaudivimus,ne-</strong></span> 
     </span>
    </p>
   </div>
   <div class='ocr_carea' id='block_1_26' title="bbox 158 1437 944 1475">
    <p class='ocr_par' dir='ltr' id='par_1_26' title="bbox 158 1437 944 1475">
     <span class='ocr_line' id='line_1_26' title="bbox 158 1437 944 1475; baseline 0.005 -11"><span class='ocrx_word' id='word_1_149' title='bbox 158 1445 212 1471; x_wconf 86' lang='lat' dir='ltr'><strong>que</strong></span> <span class='ocrx_word' id='word_1_150' title='bbox 225 1437 441 1470; x_wconf 74' lang='lat' dir='ltr'><strong>observavimus,</strong></span> <span class='ocrx_word' id='word_1_151' title='bbox 458 1444 546 1472; x_wconf 91' lang='lat' dir='ltr'><strong>neque</strong></span> <span class='ocrx_word' id='word_1_152' title='bbox 562 1437 677 1466; x_wconf 85' lang='lat' dir='ltr'><strong>fecimus</strong></span> <span class='ocrx_word' id='word_1_153' title='bbox 697 1438 769 1466; x_wconf 87' lang='lat' dir='ltr'><strong>sicut</strong></span> <span class='ocrx_word' id='word_1_154' title='bbox 793 1441 944 1475; x_wconf 72' lang='lat' dir='ltr'><strong>prmcepisti</strong></span> 
     </span>
    </p>
   </div>
   <div class='ocr_carea' id='block_1_27' title="bbox 159 1482 571 1514">
    <p class='ocr_par' dir='ltr' id='par_1_27' title="bbox 159 1482 571 1514">
     <span class='ocr_line' id='line_1_27' title="bbox 159 1482 571 1514; baseline 0.007 -6"><span class='ocrx_word' id='word_1_155' title='bbox 159 1482 250 1514; x_wconf 87' lang='lat' dir='ltr'><strong>nobis,</strong></span> <span class='ocrx_word' id='word_1_156' title='bbox 266 1487 296 1509; x_wconf 93' lang='lat' dir='ltr'><strong>ut</strong></span> <span class='ocrx_word' id='word_1_157' title='bbox 311 1482 379 1509; x_wconf 84' lang='lat' dir='ltr'><strong>bene</strong></span> <span class='ocrx_word' id='word_1_158' title='bbox 393 1483 472 1510; x_wconf 86' lang='lat' dir='ltr'><strong>nobis</strong></span> <span class='ocrx_word' id='word_1_159' title='bbox 489 1487 571 1511; x_wconf 83' lang='lat' dir='ltr'><strong>esset.</strong></span> 
     </span>
    </p>
   </div>
   <div class='ocr_carea' id='block_1_28' title="bbox 193 1528 943 1565">
    <p class='ocr_par' dir='ltr' id='par_1_28' title="bbox 193 1528 943 1565">
     <span class='ocr_line' id='line_1_28' title="bbox 193 1528 943 1565; baseline 0.005 -10"><span class='ocrx_word' id='word_1_160' title='bbox 193 1528 238 1556; x_wconf 80' lang='lat' dir='ltr'><strong>5i.</strong></span> <span class='ocrx_word' id='word_1_161' title='bbox 259 1528 292 1556; x_wconf 89' lang='lat' dir='ltr'><strong>Et</strong></span> <span class='ocrx_word' id='word_1_162' title='bbox 306 1536 379 1556; x_wconf 87' lang='lat' dir='ltr'><strong>nunc</strong></span> <span class='ocrx_word' id='word_1_163' title='bbox 402 1529 492 1556; x_wconf 88' lang='lat' dir='ltr'><strong>omnia</strong></span> <span class='ocrx_word' id='word_1_164' title='bbox 509 1537 689 1565; x_wconf 64' lang='lat' dir='ltr'><strong>quaecumque</strong></span> <span class='ocrx_word' id='word_1_165' title='bbox 704 1531 783 1559; x_wconf 83' lang='lat' dir='ltr'><strong>nobis</strong></span> <span class='ocrx_word' id='word_1_166' title='bbox 802 1531 943 1565; x_wconf 81' lang='lat' dir='ltr'><strong>induxisti,</strong></span> 
     </span>
    </p>
   </div>
   <div class='ocr_carea' id='block_1_29' title="bbox 158 1574 944 1612">
    <p class='ocr_par' dir='ltr' id='par_1_29' title="bbox 158 1574 944 1612">
     <span class='ocr_line' id='line_1_29' title="bbox 158 1574 944 1612; baseline 0.006 -11"><span class='ocrx_word' id='word_1_167' title='bbox 158 1579 185 1601; x_wconf 82' lang='lat' dir='ltr'><strong>et</strong></span> <span class='ocrx_word' id='word_1_168' title='bbox 195 1574 287 1602; x_wconf 79' lang='lat' dir='ltr'><strong>omnia</strong></span> <span class='ocrx_word' id='word_1_169' title='bbox 300 1582 478 1610; x_wconf 65' lang='lat' dir='ltr'><strong>quaecumque</strong></span> <span class='ocrx_word' id='word_1_170' title='bbox 491 1574 580 1603; x_wconf 70' lang='lat' dir='ltr'><strong>fecisti</strong></span> <span class='ocrx_word' id='word_1_171' title='bbox 602 1577 679 1604; x_wconf 84' lang='lat' dir='ltr'><strong>nobis</strong></span> <span class='ocrx_word' id='word_1_172' title='bbox 707 1577 734 1604; x_wconf 90' lang='lat' dir='ltr'><strong>iu</strong></span> <span class='ocrx_word' id='word_1_173' title='bbox 758 1585 823 1605; x_wconf 88' lang='lat' dir='ltr'><strong>vero</strong></span> <span class='ocrx_word' id='word_1_174' title='bbox 839 1578 944 1612; x_wconf 84' lang='lat' dir='ltr'><strong>judicio</strong></span> 
     </span>
    </p>
   </div>
   <div class='ocr_carea' id='block_1_30' title="bbox 162 1619 262 1648">
    <p class='ocr_par' dir='ltr' id='par_1_30' title="bbox 162 1619 262 1648">
     <span class='ocr_line' id='line_1_30' title="bbox 162 1619 262 1648; baseline -0.01 -1"><span class='ocrx_word' id='word_1_175' title='bbox 162 1619 262 1648; x_wconf 86' lang='lat' dir='ltr'><strong>fecisti.</strong></span> 
     </span>
    </p>
   </div>
   <div class='ocr_carea' id='block_1_31' title="bbox 193 1665 945 1698">
    <p class='ocr_par' dir='ltr' id='par_1_31' title="bbox 193 1665 945 1698">
     <span class='ocr_line' id='line_1_31' title="bbox 193 1665 945 1698; baseline 0.008 -5"><span class='ocrx_word' id='word_1_176' title='bbox 193 1667 238 1693; x_wconf 68' lang='grc'><strong>52.</strong></span> <span class='ocrx_word' id='word_1_177' title='bbox 260 1665 293 1693; x_wconf 83' lang='lat' dir='ltr'><strong>Et</strong></span> <span class='ocrx_word' id='word_1_178' title='bbox 311 1665 445 1694; x_wconf 78' lang='lat' dir='ltr'><strong>tradidisti</strong></span> <span class='ocrx_word' id='word_1_179' title='bbox 469 1675 520 1695; x_wconf 86' lang='lat' dir='ltr'><strong>uos</strong></span> <span class='ocrx_word' id='word_1_180' title='bbox 544 1668 569 1695; x_wconf 90' lang='lat' dir='ltr'><strong>in</strong></span> <span class='ocrx_word' id='word_1_181' title='bbox 595 1674 692 1695; x_wconf 86' lang='lat' dir='ltr'><strong>manus</strong></span> <span class='ocrx_word' id='word_1_182' title='bbox 711 1668 945 1698; x_wconf 84' lang='lat' dir='ltr'><strong>inimicorum-no-</strong></span> 
     </span>
    </p>
   </div>
   <div class='ocr_carea' id='block_1_32' title="bbox 160 1712 944 1750">
    <p class='ocr_par' dir='ltr' id='par_1_32' title="bbox 160 1712 944 1750">
     <span class='ocr_line' id='line_1_32' title="bbox 160 1712 944 1750; baseline 0.009 -13"><span class='ocrx_word' id='word_1_183' title='bbox 160 1716 280 1738; x_wconf 81' lang='lat' dir='ltr'><strong>strorum</strong></span> <span class='ocrx_word' id='word_1_184' title='bbox 295 1712 450 1746; x_wconf 82' lang='lat' dir='ltr'><strong>iniquorum</strong></span> <span class='ocrx_word' id='word_1_185' title='bbox 461 1731 468 1743; x_wconf 87' lang='lat'><strong>,</strong></span> <span class='ocrx_word' id='word_1_186' title='bbox 490 1716 517 1739; x_wconf 83' lang='lat' dir='ltr'><strong>ct</strong></span> <span class='ocrx_word' id='word_1_187' title='bbox 535 1712 788 1741; x_wconf 87' lang='lat' dir='ltr'><strong>inimicissimorum</strong></span> <span class='ocrx_word' id='word_1_188' title='bbox 805 1720 944 1750; x_wconf 79' lang='lat' dir='ltr'><strong>apostata-</strong></span> 
     </span>
    </p>
   </div>
   <div class='ocr_carea' id='block_1_33' title="bbox 161 1757 943 1796">
    <p class='ocr_par' dir='ltr' id='par_1_33' title="bbox 161 1757 943 1796">
     <span class='ocr_line' id='line_1_33' title="bbox 161 1757 943 1796; baseline 0.01 -14"><span class='ocrx_word' id='word_1_189' title='bbox 161 1764 233 1789; x_wconf 91' lang='lat' dir='ltr'><strong>rum,</strong></span> <span class='ocrx_word' id='word_1_190' title='bbox 247 1760 275 1784; x_wconf 88' lang='lat' dir='ltr'><strong>et</strong></span> <span class='ocrx_word' id='word_1_191' title='bbox 287 1757 343 1792; x_wconf 77' lang='lat' dir='ltr'><strong>regi</strong></span> <span class='ocrx_word' id='word_1_192' title='bbox 359 1757 454 1792; x_wconf 78' lang='lat' dir='ltr'><strong>iniquo</strong></span> <span class='ocrx_word' id='word_1_193' title='bbox 496 1762 522 1785; x_wconf 78' lang='lat' dir='ltr'><strong>et</strong></span> <span class='ocrx_word' id='word_1_194' title='bbox 546 1758 713 1793; x_wconf 85' lang='lat' dir='ltr'><strong>nequissimo</strong></span> <span class='ocrx_word' id='word_1_195' title='bbox 737 1768 818 1796; x_wconf 72' lang='lat' dir='ltr'><strong>supra</strong></span> <span class='ocrx_word' id='word_1_196' title='bbox 835 1769 943 1790; x_wconf 88' lang='lat' dir='ltr'><strong>omnem</strong></span> 
     </span>
    </p>
   </div>
   <div class='ocr_carea' id='block_1_34' title="bbox 161 1807 275 1830">
    <p class='ocr_par' dir='ltr' id='par_1_34' title="bbox 161 1807 275 1830">
     <span class='ocr_line' id='line_1_34' title="bbox 161 1807 275 1830; baseline 0.009 -1"><span class='ocrx_word' id='word_1_197' title='bbox 161 1807 275 1830; x_wconf 78' lang='lat' dir='ltr'><strong>terram.</strong></span> 
     </span>
    </p>
   </div>
   <div class='ocr_carea' id='block_1_35' title="bbox 195 1847 944 1885">
    <p class='ocr_par' dir='ltr' id='par_1_35' title="bbox 195 1847 944 1885">
     <span class='ocr_line' id='line_1_35' title="bbox 195 1847 944 1885; baseline 0.012 -12"><span class='ocrx_word' id='word_1_198' title='bbox 195 1848 241 1874; x_wconf 75' lang='lat'><strong>&#39;55.</strong></span> <span class='ocrx_word' id='word_1_199' title='bbox 262 1847 295 1874; x_wconf 83' lang='lat' dir='ltr'><strong>Et</strong></span> <span class='ocrx_word' id='word_1_200' title='bbox 309 1855 382 1876; x_wconf 89' lang='lat' dir='ltr'><strong>nunc</strong></span> <span class='ocrx_word' id='word_1_201' title='bbox 395 1855 448 1876; x_wconf 89' lang='lat' dir='ltr'><strong>non</strong></span> <span class='ocrx_word' id='word_1_202' title='bbox 463 1848 525 1877; x_wconf 87' lang='lat' dir='ltr'><strong>licet</strong></span> <span class='ocrx_word' id='word_1_203' title='bbox 538 1850 616 1878; x_wconf 86' lang='lat' dir='ltr'><strong>nobis</strong></span> <span class='ocrx_word' id='word_1_204' title='bbox 637 1851 744 1885; x_wconf 85' lang='lat' dir='ltr'><strong>aperire</strong></span> <span class='ocrx_word' id='word_1_205' title='bbox 762 1859 793 1880; x_wconf 93' lang='lat' dir='ltr'><strong>os</strong></span> <span class='ocrx_word' id='word_1_206' title='bbox 814 1861 821 1879; x_wconf 93' lang='lat'>:</span> <span class='ocrx_word' id='word_1_207' title='bbox 846 1853 944 1882; x_wconf 83' lang='lat' dir='ltr'><strong>confu-</strong></span> 
     </span>
    </p>
   </div>
   <div class='ocr_carea' id='block_1_36' title="bbox 161 1893 946 1932">
    <p class='ocr_par' dir='ltr' id='par_1_36' title="bbox 161 1893 946 1932">
     <span class='ocr_line' id='line_1_36' title="bbox 161 1893 946 1932; baseline 0.009 -12"><span class='ocrx_word' id='word_1_208' title='bbox 161 1893 204 1920; x_wconf 83' lang='lat' dir='ltr'><strong>sio</strong></span> <span class='ocrx_word' id='word_1_209' title='bbox 217 1898 243 1920; x_wconf 87' lang='lat' dir='ltr'><strong>et</strong></span> <span class='ocrx_word' id='word_1_210' title='bbox 268 1893 440 1928; x_wconf 81' lang='lat' dir='ltr'><strong>exprobratio</strong></span> <span class='ocrx_word' id='word_1_211' title='bbox 454 1894 523 1922; x_wconf 85' lang='lat' dir='ltr'><strong>facta</strong></span> <span class='ocrx_word' id='word_1_212' title='bbox 541 1901 581 1922; x_wconf 86' lang='lat' dir='ltr'><strong>est</strong></span> <span class='ocrx_word' id='word_1_213' title='bbox 604 1903 744 1924; x_wconf 73' lang='lat' dir='ltr'><strong>seri-orum</strong></span> <span class='ocrx_word' id='word_1_214' title='bbox 779 1902 898 1932; x_wconf 83' lang='lat' dir='ltr'><strong>tuorum,</strong></span> <span class='ocrx_word' id='word_1_215' title='bbox 919 1905 946 1927; x_wconf 84' lang='lat' dir='ltr'><strong>et</strong></span> 
     </span>
    </p>
   </div>
   <div class='ocr_carea' id='block_1_37' title="bbox 161 1939 361 1968">
    <p class='ocr_par' dir='ltr' id='par_1_37' title="bbox 161 1939 361 1968">
     <span class='ocr_line' id='line_1_37' title="bbox 161 1939 361 1968; baseline 0.01 -2"><span class='ocrx_word' id='word_1_216' title='bbox 161 1939 310 1966; x_wconf 89' lang='lat' dir='ltr'><strong>colentium</strong></span> <span class='ocrx_word' id='word_1_217' title='bbox 325 1943 361 1968; x_wconf 83' lang='lat' dir='ltr'><strong>te.</strong></span> 
     </span>
    </p>
   </div>
   <div class='ocr_carea' id='block_1_38' title="bbox 197 1983 933 2023">
    <p class='ocr_par' dir='ltr' id='par_1_38' title="bbox 197 1983 933 2023">
     <span class='ocr_line' id='line_1_38' title="bbox 197 1983 933 2023; baseline 0.01 -13"><span class='ocrx_word' id='word_1_218' title='bbox 197 1984 241 2011; x_wconf 67' lang='grc'><strong>54.</strong></span> <span class='ocrx_word' id='word_1_219' title='bbox 262 1983 301 2012; x_wconf 84' lang='lat' dir='ltr'><strong>Ne</strong></span> <span class='ocrx_word' id='word_1_220' title='bbox 313 1985 405 2014; x_wconf 79' lang='lat' dir='ltr'><strong>tradas</strong></span> <span class='ocrx_word' id='word_1_221' title='bbox 421 1993 471 2014; x_wconf 76' lang='lat' dir='ltr'><strong>nos</strong></span> <span class='ocrx_word' id='word_1_222' title='bbox 482 1986 509 2013; x_wconf 88' lang='lat' dir='ltr'><strong>in</strong></span> <span class='ocrx_word' id='word_1_223' title='bbox 526 1986 607 2015; x_wconf 86' lang='lat' dir='ltr'><strong>finem</strong></span> <span class='ocrx_word' id='word_1_224' title='bbox 621 1992 731 2023; x_wconf 84' lang='lat' dir='ltr'><strong>propter</strong></span> <span class='ocrx_word' id='word_1_225' title='bbox 749 1996 846 2016; x_wconf 86' lang='lat' dir='ltr'><strong>nomen</strong></span> <span class='ocrx_word' id='word_1_226' title='bbox 857 1995 933 2017; x_wconf 93' lang='lat' dir='ltr'><strong>tuum</strong></span> 
     </span>
    </p>
   </div>
   <div class='ocr_carea' id='block_1_39' title="bbox 162 2031 669 2066">
    <p class='ocr_par' dir='ltr' id='par_1_39' title="bbox 162 2031 669 2066">
     <span class='ocr_line' id='line_1_39' title="bbox 162 2031 669 2066; baseline 0.008 -9"><span class='ocrx_word' id='word_1_227' title='bbox 162 2035 186 2057; x_wconf 90' lang='lat' dir='ltr'><strong>et</strong></span> <span class='ocrx_word' id='word_1_228' title='bbox 200 2038 233 2057; x_wconf 88' lang='lat' dir='ltr'><strong>ne</strong></span> <span class='ocrx_word' id='word_1_229' title='bbox 244 2031 360 2066; x_wconf 82' lang='lat' dir='ltr'><strong>dissipes</strong></span> <span class='ocrx_word' id='word_1_230' title='bbox 371 2035 563 2060; x_wconf 86' lang='lat' dir='ltr'><strong>testamentum</strong></span> <span class='ocrx_word' id='word_1_231' title='bbox 582 2037 669 2062; x_wconf 87' lang='lat' dir='ltr'><strong>tuum.</strong></span> 
     </span>
    </p>
   </div>
   <div class='ocr_carea' id='block_1_40' title="bbox 197 2075 946 2108">
    <p class='ocr_par' dir='ltr' id='par_1_40' title="bbox 197 2075 946 2108">
     <span class='ocr_line' id='line_1_40' title="bbox 197 2075 946 2108; baseline 0.009 -7"><span class='ocrx_word' id='word_1_232' title='bbox 197 2075 241 2102; x_wconf 84' lang='lat'><strong>55.</strong></span> <span class='ocrx_word' id='word_1_233' title='bbox 264 2075 296 2103; x_wconf 85' lang='lat' dir='ltr'><strong>Et</strong></span> <span class='ocrx_word' id='word_1_234' title='bbox 310 2083 342 2103; x_wconf 93' lang='lat' dir='ltr'><strong>ne</strong></span> <span class='ocrx_word' id='word_1_235' title='bbox 356 2081 464 2103; x_wconf 80' lang='lat' dir='ltr'><strong>avertas</strong></span> <span class='ocrx_word' id='word_1_236' title='bbox 494 2077 709 2105; x_wconf 87' lang='lat' dir='ltr'><strong>misericordiam</strong></span> <span class='ocrx_word' id='word_1_237' title='bbox 738 2084 811 2106; x_wconf 84' lang='lat' dir='ltr'><strong>luam</strong></span> <span class='ocrx_word' id='word_1_238' title='bbox 838 2087 854 2106; x_wconf 71' lang='grc' dir='ltr'>ει</span> <span class='ocrx_word' id='word_1_239' title='bbox 869 2080 946 2108; x_wconf 84' lang='lat' dir='ltr'><strong>nobis</strong></span> 
     </span>
    </p>
   </div>
   <div class='ocr_carea' id='block_1_41' title="bbox 163 2122 947 2160">
    <p class='ocr_par' dir='ltr' id='par_1_41' title="bbox 163 2122 947 2160">
     <span class='ocr_line' id='line_1_41' title="bbox 163 2122 947 2160; baseline 0.006 -12"><span class='ocrx_word' id='word_1_240' title='bbox 163 2127 272 2156; x_wconf 85' lang='lat' dir='ltr'><strong>propter</strong></span> <span class='ocrx_word' id='word_1_241' title='bbox 284 2122 418 2149; x_wconf 80' lang='lat' dir='ltr'><strong>Abraham</strong></span> <span class='ocrx_word' id='word_1_242' title='bbox 434 2123 562 2150; x_wconf 90' lang='lat' dir='ltr'><strong>dilectum</strong></span> <span class='ocrx_word' id='word_1_243' title='bbox 573 2131 588 2150; x_wconf 89' lang='lat' dir='ltr'><strong>a</strong></span> <span class='ocrx_word' id='word_1_244' title='bbox 603 2129 638 2155; x_wconf 82' lang='lat' dir='ltr'><strong>te,</strong></span> <span class='ocrx_word' id='word_1_245' title='bbox 649 2129 676 2151; x_wconf 85' lang='lat' dir='ltr'><strong>et</strong></span> <span class='ocrx_word' id='word_1_246' title='bbox 685 2129 793 2160; x_wconf 86' lang='lat' dir='ltr'><strong>propter</strong></span> <span class='ocrx_word' id='word_1_247' title='bbox 803 2123 877 2153; x_wconf 86' lang='lat' dir='ltr'><strong>Isaac</strong></span> <span class='ocrx_word' id='word_1_248' title='bbox 888 2134 947 2153; x_wconf 65' lang='lat' dir='ltr'><strong>svr-</strong></span> 
     </span>
    </p>
   </div>
   <div class='ocr_carea' id='block_1_42' title="bbox 163 2167 704 2199">
    <p class='ocr_par' dir='ltr' id='par_1_42' title="bbox 163 2167 704 2199">
     <span class='ocr_line' id='line_1_42' title="bbox 163 2167 704 2199; baseline 0.002 -6"><span class='ocrx_word' id='word_1_249' title='bbox 163 2175 226 2193; x_wconf 80' lang='lat' dir='ltr'><strong>vum</strong></span> <span class='ocrx_word' id='word_1_250' title='bbox 244 2171 332 2199; x_wconf 91' lang='lat' dir='ltr'><strong>tuum,</strong></span> <span class='ocrx_word' id='word_1_251' title='bbox 345 2171 371 2193; x_wconf 89' lang='lat' dir='ltr'><strong>et</strong></span> <span class='ocrx_word' id='word_1_252' title='bbox 387 2167 468 2194; x_wconf 81' lang='lat' dir='ltr'><strong>Israel</strong></span> <span class='ocrx_word' id='word_1_253' title='bbox 481 2172 605 2194; x_wconf 79' lang='lat' dir='ltr'><strong>sanctum</strong></span> <span class='ocrx_word' id='word_1_254' title='bbox 619 2173 704 2194; x_wconf 88' lang='lat' dir='ltr'><strong>tuum.</strong></span> 
     </span>
    </p>
   </div>
   <div class='ocr_carea' id='block_1_43' title="bbox 197 2212 946 2248">
    <p class='ocr_par' dir='ltr' id='par_1_43' title="bbox 197 2212 946 2248">
     <span class='ocr_line' id='line_1_43' title="bbox 197 2212 946 2248; baseline 0.003 -10"><span class='ocrx_word' id='word_1_255' title='bbox 197 2213 241 2239; x_wconf 76' lang='lat'><strong>56.</strong></span> <span class='ocrx_word' id='word_1_256' title='bbox 262 2212 494 2245; x_wconf 81' lang='lat' dir='ltr'><strong>Quemadmodum</strong></span> <span class='ocrx_word' id='word_1_257' title='bbox 518 2213 646 2248; x_wconf 83' lang='lat' dir='ltr'><strong>loquutus</strong></span> <span class='ocrx_word' id='word_1_258' title='bbox 665 2221 695 2241; x_wconf 87' lang='lat' dir='ltr'><strong>es</strong></span> <span class='ocrx_word' id='word_1_259' title='bbox 711 2213 743 2240; x_wconf 82' lang='lat' dir='ltr'><strong>ad</strong></span> <span class='ocrx_word' id='word_1_260' title='bbox 767 2221 825 2246; x_wconf 90' lang='lat' dir='ltr'><strong>eos,</strong></span> <span class='ocrx_word' id='word_1_261' title='bbox 840 2213 946 2246; x_wconf 77' lang='lat' dir='ltr'><strong>dicens,</strong></span> 
     </span>
    </p>
   </div>
   <div class='ocr_carea' id='block_1_44' title="bbox 163 2257 944 2293">
    <p class='ocr_par' dir='ltr' id='par_1_44' title="bbox 163 2257 944 2293">
     <span class='ocr_line' id='line_1_44' title="bbox 163 2257 944 2293; baseline 0.003 -10"><span class='ocrx_word' id='word_1_262' title='bbox 163 2257 235 2291; x_wconf 81' lang='lat' dir='ltr'><strong>quod</strong></span> <span class='ocrx_word' id='word_1_263' title='bbox 246 2257 472 2292; x_wconf 82' lang='lat' dir='ltr'><strong>multiplicarelur</strong></span> <span class='ocrx_word' id='word_1_264' title='bbox 484 2265 576 2285; x_wconf 84' lang='lat' dir='ltr'><strong>semen</strong></span> <span class='ocrx_word' id='word_1_265' title='bbox 589 2265 684 2286; x_wconf 85' lang='lat' dir='ltr'><strong>eorum</strong></span> <span class='ocrx_word' id='word_1_266' title='bbox 700 2259 778 2293; x_wconf 86' lang='lat' dir='ltr'><strong>quasi</strong></span> <span class='ocrx_word' id='word_1_267' title='bbox 792 2259 876 2286; x_wconf 70' lang='lat' dir='ltr'><strong>stellae</strong></span> <span class='ocrx_word' id='word_1_268' title='bbox 884 2259 944 2285; x_wconf 70' lang='lat' dir='ltr'><strong>coeli</strong></span> 
     </span>
    </p>
   </div>
   <div class='ocr_carea' id='block_1_45' title="bbox 165 2304 945 2339">
    <p class='ocr_par' dir='ltr' id='par_1_45' title="bbox 165 2304 945 2339">
     <span class='ocr_line' id='line_1_45' title="bbox 165 2304 945 2339; baseline 0 -9"><span class='ocrx_word' id='word_1_269' title='bbox 165 2304 346 2336; x_wconf 86' lang='lat' dir='ltr'><strong>multitudine,</strong></span> <span class='ocrx_word' id='word_1_270' title='bbox 363 2309 389 2331; x_wconf 88' lang='lat' dir='ltr'><strong>et</strong></span> <span class='ocrx_word' id='word_1_271' title='bbox 405 2304 483 2339; x_wconf 78' lang='lat' dir='ltr'><strong>quasi</strong></span> <span class='ocrx_word' id='word_1_272' title='bbox 496 2310 589 2337; x_wconf 80' lang='lat' dir='ltr'><strong>arena,</strong></span> <span class='ocrx_word' id='word_1_273' title='bbox 610 2311 670 2339; x_wconf 67' lang='lat' dir='ltr'><strong>quae</strong></span> <span class='ocrx_word' id='word_1_274' title='bbox 683 2309 725 2332; x_wconf 87' lang='lat' dir='ltr'><strong>est</strong></span> <span class='ocrx_word' id='word_1_275' title='bbox 741 2304 774 2331; x_wconf 88' lang='lat' dir='ltr'><strong>ad</strong></span> <span class='ocrx_word' id='word_1_276' title='bbox 796 2311 871 2332; x_wconf 85' lang='lat' dir='ltr'><strong>oram</strong></span> <span class='ocrx_word' id='word_1_277' title='bbox 889 2312 945 2330; x_wconf 83' lang='lat' dir='ltr'><strong>ma-</strong></span> 
     </span>
    </p>
   </div>
   <div class='ocr_carea' id='block_1_46' title="bbox 163 2350 211 2377">
    <p class='ocr_par' dir='ltr' id='par_1_46' title="bbox 163 2350 211 2377">
     <span class='ocr_line' id='line_1_46' title="bbox 163 2350 211 2377; baseline 0.042 -2"><span class='ocrx_word' id='word_1_278' title='bbox 163 2350 211 2377; x_wconf 78' lang='lat' dir='ltr'><strong>ris.</strong></span> 
     </span>
    </p>
   </div>
   <div class='ocr_carea' id='block_1_47' title="bbox 199 2394 946 2430">
    <p class='ocr_par' dir='ltr' id='par_1_47' title="bbox 199 2394 946 2430">
     <span class='ocr_line' id='line_1_47' title="bbox 199 2394 946 2430; baseline -0.001 -8"><span class='ocrx_word' id='word_1_279' title='bbox 199 2395 243 2422; x_wconf 82' lang='lat'><strong>5&#39;1.</strong></span> <span class='ocrx_word' id='word_1_280' title='bbox 264 2394 344 2428; x_wconf 86' lang='lat' dir='ltr'><strong>Quia,</strong></span> <span class='ocrx_word' id='word_1_281' title='bbox 361 2395 483 2428; x_wconf 86' lang='lat' dir='ltr'><strong>Domine,</strong></span> <span class='ocrx_word' id='word_1_282' title='bbox 500 2396 627 2423; x_wconf 84' lang='lat' dir='ltr'><strong>minorati</strong></span> <span class='ocrx_word' id='word_1_283' title='bbox 641 2403 736 2423; x_wconf 90' lang='lat' dir='ltr'><strong>sumus</strong></span> <span class='ocrx_word' id='word_1_284' title='bbox 755 2403 808 2430; x_wconf 65' lang='lat' dir='ltr'><strong>pra:</strong></span> <span class='ocrx_word' id='word_1_285' title='bbox 819 2395 946 2422; x_wconf 88' lang='lat' dir='ltr'><strong>omnibus</strong></span> 
     </span>
    </p>
   </div>
   <div class='ocr_carea' id='block_1_48' title="bbox 165 2440 946 2476">
    <p class='ocr_par' dir='ltr' id='par_1_48' title="bbox 165 2440 946 2476">
     <span class='ocr_line' id='line_1_48' title="bbox 165 2440 946 2476; baseline 0.001 -10"><span class='ocrx_word' id='word_1_286' title='bbox 165 2441 335 2476; x_wconf 73' lang='lat' dir='ltr'><strong>gentibus,et</strong></span> <span class='ocrx_word' id='word_1_287' title='bbox 345 2449 441 2469; x_wconf 85' lang='lat' dir='ltr'><strong>sumus</strong></span> <span class='ocrx_word' id='word_1_288' title='bbox 456 2441 573 2469; x_wconf 86' lang='lat' dir='ltr'><strong>humiles</strong></span> <span class='ocrx_word' id='word_1_289' title='bbox 589 2442 615 2468; x_wconf 93' lang='lat' dir='ltr'><strong>in</strong></span> <span class='ocrx_word' id='word_1_290' title='bbox 624 2441 697 2468; x_wconf 92' lang='lat' dir='ltr'><strong>omni</strong></span> <span class='ocrx_word' id='word_1_291' title='bbox 710 2444 781 2468; x_wconf 85' lang='lat' dir='ltr'><strong>terra</strong></span> <span class='ocrx_word' id='word_1_292' title='bbox 791 2440 869 2468; x_wconf 85' lang='lat' dir='ltr'><strong>hodie</strong></span> <span class='ocrx_word' id='word_1_293' title='bbox 884 2447 946 2475; x_wconf 89' lang='lat' dir='ltr'><strong>pro-</strong></span> 
     </span>
    </p>
   </div>
   <div class='ocr_carea' id='block_1_49' title="bbox 166 2491 469 2521">
    <p class='ocr_par' dir='ltr' id='par_1_49' title="bbox 166 2491 469 2521">
     <span class='ocr_line' id='line_1_49' title="bbox 166 2491 469 2521; baseline 0.007 -9"><span class='ocrx_word' id='word_1_294' title='bbox 166 2491 226 2521; x_wconf 86' lang='lat' dir='ltr'><strong>pler</strong></span> <span class='ocrx_word' id='word_1_295' title='bbox 239 2492 350 2520; x_wconf 79' lang='lat' dir='ltr'><strong>peccata</strong></span> <span class='ocrx_word' id='word_1_296' title='bbox 366 2491 469 2514; x_wconf 66' lang='lat' dir='ltr'><strong>IDSU‘I.</strong></span> 
     </span>
    </p>
   </div>
   <div class='ocr_carea' id='block_1_50' title="bbox 200 2531 948 2568">
    <p class='ocr_par' dir='ltr' id='par_1_50' title="bbox 200 2531 948 2568">
     <span class='ocr_line' id='line_1_50' title="bbox 200 2531 948 2568; baseline -0.001 -9"><span class='ocrx_word' id='word_1_297' title='bbox 200 2531 245 2559; x_wconf 81' lang='lat'><strong>58.</strong></span> <span class='ocrx_word' id='word_1_298' title='bbox 265 2532 298 2559; x_wconf 83' lang='lat' dir='ltr'><strong>Et</strong></span> <span class='ocrx_word' id='word_1_299' title='bbox 314 2540 368 2559; x_wconf 92' lang='lat' dir='ltr'><strong>non</strong></span> <span class='ocrx_word' id='word_1_300' title='bbox 385 2537 426 2560; x_wconf 87' lang='lat' dir='ltr'><strong>est</strong></span> <span class='ocrx_word' id='word_1_301' title='bbox 442 2533 468 2559; x_wconf 79' lang='lat' dir='ltr'><strong>in</strong></span> <span class='ocrx_word' id='word_1_302' title='bbox 481 2533 670 2568; x_wconf 78' lang='lat' dir='ltr'><strong>temporehoc</strong></span> <span class='ocrx_word' id='word_1_303' title='bbox 691 2533 827 2568; x_wconf 87' lang='lat' dir='ltr'><strong>princeps,</strong></span> <span class='ocrx_word' id='word_1_304' title='bbox 845 2536 872 2558; x_wconf 89' lang='lat' dir='ltr'><strong>et</strong></span> <span class='ocrx_word' id='word_1_305' title='bbox 886 2539 948 2565; x_wconf 71' lang='grc' dir='ltr'><strong>μη)-</strong></span> 
     </span>
    </p>
   </div>
   <div class='ocr_carea' id='block_1_51' title="bbox 168 2577 949 2613">
    <p class='ocr_par' dir='ltr' id='par_1_51' title="bbox 168 2577 949 2613">
     <span class='ocr_line' id='line_1_51' title="bbox 168 2577 949 2613; baseline -0.001 -9"><span class='ocrx_word' id='word_1_306' title='bbox 168 2578 258 2612; x_wconf 86' lang='lat' dir='ltr'><strong>pheta,</strong></span> <span class='ocrx_word' id='word_1_307' title='bbox 271 2585 357 2612; x_wconf 88' lang='lat' dir='ltr'><strong>neque</strong></span> <span class='ocrx_word' id='word_1_308' title='bbox 371 2579 436 2611; x_wconf 78' lang='lat' dir='ltr'><strong>dux,</strong></span> <span class='ocrx_word' id='word_1_309' title='bbox 453 2586 540 2613; x_wconf 82' lang='lat' dir='ltr'><strong>neque</strong></span> <span class='ocrx_word' id='word_1_310' title='bbox 551 2578 750 2610; x_wconf 82' lang='lat' dir='ltr'><strong>holocaustum,</strong></span> <span class='ocrx_word' id='word_1_311' title='bbox 760 2585 845 2612; x_wconf 87' lang='lat' dir='ltr'><strong>neque</strong></span> <span class='ocrx_word' id='word_1_312' title='bbox 864 2577 949 2604; x_wconf 74' lang='lat' dir='ltr'><strong>sacri-</strong></span> 
     </span>
    </p>
   </div>
   <div class='ocr_carea' id='block_1_52' title="bbox 169 2623 949 2660">
    <p class='ocr_par' dir='ltr' id='par_1_52' title="bbox 169 2623 949 2660">
     <span class='ocr_line' id='line_1_52' title="bbox 169 2623 949 2660; baseline -0.001 -9"><span class='ocrx_word' id='word_1_313' title='bbox 169 2623 272 2657; x_wconf 78' lang='lat' dir='ltr'><strong>Iicium,</strong></span> <span class='ocrx_word' id='word_1_314' title='bbox 284 2632 371 2658; x_wconf 82' lang='lat' dir='ltr'><strong>neque</strong></span> <span class='ocrx_word' id='word_1_315' title='bbox 383 2624 592 2660; x_wconf 86' lang='lat' dir='ltr'><strong>oblatio,ncque</strong></span> <span class='ocrx_word' id='word_1_316' title='bbox 603 2626 756 2657; x_wconf 85' lang='lat' dir='ltr'><strong>incensum,</strong></span> <span class='ocrx_word' id='word_1_317' title='bbox 774 2631 861 2658; x_wconf 78' lang='lat' dir='ltr'><strong>neque</strong></span> <span class='ocrx_word' id='word_1_318' title='bbox 875 2623 949 2651; x_wconf 86' lang='lat' dir='ltr'><strong>locus</strong></span> 
     </span>
    </p>
   </div>
   <div class='ocr_carea' id='block_1_53' title="bbox 169 2669 573 2704">
    <p class='ocr_par' dir='ltr' id='par_1_53' title="bbox 169 2669 573 2704">
     <span class='ocr_line' id='line_1_53' title="bbox 169 2669 573 2704; baseline 0.007 -9"><span class='ocrx_word' id='word_1_319' title='bbox 169 2669 297 2696; x_wconf 72' lang='lat' dir='ltr'><strong>efferendi</strong></span> <span class='ocrx_word' id='word_1_320' title='bbox 314 2669 340 2696; x_wconf 94' lang='lat' dir='ltr'><strong>in</strong></span> <span class='ocrx_word' id='word_1_321' title='bbox 356 2675 500 2704; x_wconf 86' lang='lat' dir='ltr'><strong>conspectu</strong></span> <span class='ocrx_word' id='word_1_322' title='bbox 517 2676 573 2698; x_wconf 83' lang='lat' dir='ltr'><strong>tuo.</strong></span> 
     </span>
    </p>
   </div>
   <div class='ocr_carea' id='block_1_54' title="bbox 204 2714 950 2744">
    <p class='ocr_par' dir='ltr' id='par_1_54' title="bbox 204 2714 950 2744">
     <span class='ocr_line' id='line_1_54' title="bbox 204 2714 950 2744; baseline -0.001 -3"><span class='ocrx_word' id='word_1_323' title='bbox 204 2714 248 2741; x_wconf 81' lang='lat'><strong>59.</strong></span> <span class='ocrx_word' id='word_1_324' title='bbox 270 2714 302 2741; x_wconf 85' lang='lat' dir='ltr'><strong>Et</strong></span> <span class='ocrx_word' id='word_1_325' title='bbox 315 2715 464 2742; x_wconf 75' lang='lat' dir='ltr'><strong>inveniendi</strong></span> <span class='ocrx_word' id='word_1_326' title='bbox 484 2716 696 2744; x_wconf 81' lang='lat' dir='ltr'><strong>misericordiam</strong></span> <span class='ocrx_word' id='word_1_327' title='bbox 716 2725 723 2742; x_wconf 88' lang='lat'><strong>:</strong></span> <span class='ocrx_word' id='word_1_328' title='bbox 747 2715 794 2743; x_wconf 88' lang='lat' dir='ltr'><strong>sed</strong></span> <span class='ocrx_word' id='word_1_329' title='bbox 816 2715 843 2742; x_wconf 90' lang='lat' dir='ltr'><strong>in</strong></span> <span class='ocrx_word' id='word_1_330' title='bbox 861 2715 950 2742; x_wconf 83' lang='lat' dir='ltr'><strong>anima</strong></span> 
     </span>
    </p>
   </div>
   <div class='ocr_carea' id='block_1_55' title="bbox 168 2761 880 2797">
    <p class='ocr_par' dir='ltr' id='par_1_55' title="bbox 168 2761 880 2797">
     <span class='ocr_line' id='line_1_55' title="bbox 168 2761 880 2797; baseline 0.001 -10"><span class='ocrx_word' id='word_1_331' title='bbox 168 2761 360 2793; x_wconf 85' lang='lat' dir='ltr'><strong>contribulata,</strong></span> <span class='ocrx_word' id='word_1_332' title='bbox 376 2766 403 2788; x_wconf 86' lang='lat' dir='ltr'><strong>et</strong></span> <span class='ocrx_word' id='word_1_333' title='bbox 417 2761 514 2795; x_wconf 83' lang='lat' dir='ltr'><strong>spiritu</strong></span> <span class='ocrx_word' id='word_1_334' title='bbox 536 2762 676 2790; x_wconf 78' lang='lat' dir='ltr'><strong>humiliato</strong></span> <span class='ocrx_word' id='word_1_335' title='bbox 690 2762 880 2797; x_wconf 72' lang='lat' dir='ltr'><strong>suscipiamur.</strong></span> 
     </span>
    </p>
   </div>
   <div class='ocr_carea' id='block_1_56' title="bbox 204 2828 953 2863">
    <p class='ocr_par' dir='ltr' id='par_1_56' title="bbox 204 2828 953 2863">
     <span class='ocr_line' id='line_1_56' title="bbox 204 2828 953 2863; baseline 0 -8"><span class='ocrx_word' id='word_1_336' title='bbox 204 2829 248 2855; x_wconf 75' lang='grc'><strong>40.</strong></span> <span class='ocrx_word' id='word_1_337' title='bbox 269 2828 352 2862; x_wconf 88' lang='lat' dir='ltr'><strong>Quasi</strong></span> <span class='ocrx_word' id='word_1_338' title='bbox 369 2829 395 2856; x_wconf 93' lang='lat' dir='ltr'><strong>in</strong></span> <span class='ocrx_word' id='word_1_339' title='bbox 413 2830 575 2857; x_wconf 80' lang='lat' dir='ltr'><strong>holocaustis</strong></span> <span class='ocrx_word' id='word_1_340' title='bbox 587 2830 711 2863; x_wconf 89' lang='lat' dir='ltr'><strong>arietum,</strong></span> <span class='ocrx_word' id='word_1_341' title='bbox 723 2834 749 2857; x_wconf 85' lang='lat' dir='ltr'><strong>et</strong></span> <span class='ocrx_word' id='word_1_342' title='bbox 766 2834 953 2863; x_wconf 77' lang='lat' dir='ltr'><strong>taurorum,et</strong></span> 
     </span>
    </p>
   </div>
   <div class='ocr_carea' id='block_1_57' title="bbox 170 2875 953 2910">
    <p class='ocr_par' dir='ltr' id='par_1_57' title="bbox 170 2875 953 2910">
     <span class='ocr_line' id='line_1_57' title="bbox 170 2875 953 2910; baseline 0.003 -10"><span class='ocrx_word' id='word_1_343' title='bbox 170 2876 247 2909; x_wconf 85' lang='lat' dir='ltr'><strong>quasi</strong></span> <span class='ocrx_word' id='word_1_344' title='bbox 263 2875 289 2902; x_wconf 92' lang='lat' dir='ltr'><strong>in</strong></span> <span class='ocrx_word' id='word_1_345' title='bbox 305 2876 424 2903; x_wconf 91' lang='lat' dir='ltr'><strong>millibus</strong></span> <span class='ocrx_word' id='word_1_346' title='bbox 439 2883 568 2910; x_wconf 78' lang='lat' dir='ltr'><strong>agnorum</strong></span> <span class='ocrx_word' id='word_1_347' title='bbox 583 2876 722 2910; x_wconf 75' lang='lat' dir='ltr'><strong>pinguium</strong></span> <span class='ocrx_word' id='word_1_348' title='bbox 737 2885 743 2903; x_wconf 90' lang='lat'>:</span> <span class='ocrx_word' id='word_1_349' title='bbox 758 2877 796 2904; x_wconf 90' lang='lat' dir='ltr'><strong>sic</strong></span> <span class='ocrx_word' id='word_1_350' title='bbox 810 2876 855 2903; x_wconf 84' lang='lat' dir='ltr'><strong>flat</strong></span> <span class='ocrx_word' id='word_1_351' title='bbox 868 2876 953 2903; x_wconf 86' lang='lat' dir='ltr'><strong>sacri-</strong></span> 
     </span>
    </p>
   </div>
   <div class='ocr_carea' id='block_1_58' title="bbox 172 2920 952 2957">
    <p class='ocr_par' dir='ltr' id='par_1_58' title="bbox 172 2920 952 2957">
     <span class='ocr_line' id='line_1_58' title="bbox 172 2920 952 2957; baseline 0.001 -10"><span class='ocrx_word' id='word_1_352' title='bbox 172 2920 260 2948; x_wconf 85' lang='lat' dir='ltr'><strong>tlcium</strong></span> <span class='ocrx_word' id='word_1_353' title='bbox 277 2927 398 2950; x_wconf 88' lang='lat' dir='ltr'><strong>nostrqu</strong></span> <span class='ocrx_word' id='word_1_354' title='bbox 412 2922 438 2949; x_wconf 84' lang='lat' dir='ltr'><strong>in</strong></span> <span class='ocrx_word' id='word_1_355' title='bbox 456 2927 601 2957; x_wconf 73' lang='lat' dir='ltr'><strong>conspectu</strong></span> <span class='ocrx_word' id='word_1_356' title='bbox 615 2927 661 2949; x_wconf 89' lang='lat' dir='ltr'><strong>tuo</strong></span> <span class='ocrx_word' id='word_1_357' title='bbox 670 2922 758 2956; x_wconf 84' lang='lat' dir='ltr'><strong>hodie,</strong></span> <span class='ocrx_word' id='word_1_358' title='bbox 772 2927 797 2949; x_wconf 87' lang='lat' dir='ltr'><strong>ct</strong></span> <span class='ocrx_word' id='word_1_359' title='bbox 815 2921 952 2957; x_wconf 82' lang='lat' dir='ltr'><strong>propitiari</strong></span> 
     </span>
    </p>
   </div>
   <div class='ocr_carea' id='block_1_59' title="bbox 688 208 1260 243">
    <p class='ocr_par' dir='ltr' id='par_1_59' title="bbox 688 208 1260 243">
     <span class='ocr_line' id='line_1_59' title="bbox 688 208 1260 243; baseline -0.002 -7"><span class='ocrx_word' id='word_1_360' title='bbox 688 209 922 238; x_wconf 74' lang='lat' dir='ltr'><strong>HEXAPLORUM</strong></span> <span class='ocrx_word' id='word_1_361' title='bbox 942 210 1025 243; x_wconf 64' lang='lat' dir='ltr'><strong>QUAE</strong></span> <span class='ocrx_word' id='word_1_362' title='bbox 1045 208 1260 238; x_wconf 78' lang='lat' dir='ltr'><strong>SUPERSUNT.</strong></span> 
     </span>
    </p>
   </div>
   <div class='ocr_carea' id='block_1_60' title="bbox 346 265 944 302">
    <p class='ocr_par' dir='ltr' id='par_1_60' title="bbox 346 265 943 300">
     <span class='ocr_line' id='line_1_60' title="bbox 346 265 943 300; baseline 0.003 -8"><span class='ocrx_word' id='word_1_363' title='bbox 346 270 372 293; x_wconf 88' lang='lat' dir='ltr'><strong>et</strong></span> <span class='ocrx_word' id='word_1_364' title='bbox 409 265 554 298; x_wconf 84' lang='lat' dir='ltr'><strong>interfecit,</strong></span> <span class='ocrx_word' id='word_1_365' title='bbox 585 265 637 300; x_wconf 87' lang='lat' dir='ltr'><strong>ipsi</strong></span> <span class='ocrx_word' id='word_1_366' title='bbox 663 271 753 293; x_wconf 85' lang='lat' dir='ltr'><strong>autem</strong></span> <span class='ocrx_word' id='word_1_367' title='bbox 791 268 943 294; x_wconf 82' lang='lat' dir='ltr'><strong>conservati</strong></span> 
     </span>
    </p>
   </div>
   <div class='ocr_carea' id='block_1_61' title="bbox 1013 265 1783 302">
    <p class='ocr_par' dir='ltr' id='par_1_61' title="bbox 1013 265 1783 302">
     <span class='ocr_line' id='line_1_61' title="bbox 1013 265 1783 302; baseline -0.003 -8"><span class='ocrx_word' id='word_1_368' title='bbox 1013 268 1140 302; x_wconf 76' lang='grc' dir='ltr'>νεπὺρισε</span> <span class='ocrx_word' id='word_1_369' title='bbox 1156 267 1203 293; x_wconf 71' lang='grc' dir='ltr'><strong>καὶ</strong></span> <span class='ocrx_word' id='word_1_370' title='bbox 1218 266 1385 298; x_wconf 77' lang='grc' dir='ltr'>ἀπέκτεινεν,</span> <span class='ocrx_word' id='word_1_371' title='bbox 1405 265 1482 292; x_wconf 77' lang='grc' dir='ltr'>αὐτοὶ</span> <span class='ocrx_word' id='word_1_372' title='bbox 1502 265 1529 292; x_wconf 79' lang='grc' dir='ltr'><strong>δὲ</strong></span> <span class='ocrx_word' id='word_1_373' title='bbox 1550 265 1783 302; x_wconf 74' lang='grc' dir='ltr'>συνετηρήθησαν.</span> 
     </span>
    </p>
   </div>
   <div class='ocr_carea' id='block_1_62' title="bbox 1679 208 1784 242">
    <p class='ocr_par' dir='ltr' id='par_1_62' title="bbox 1679 208 1784 242">
     <span class='ocr_line' id='line_1_62' title="bbox 1679 208 1784 242; baseline 0 -7"><span class='ocrx_word' id='word_1_374' title='bbox 1679 239 1682 242; x_wconf 50' lang='grc'><strong>,</strong></span> <span class='ocrx_word' id='word_1_375' title='bbox 1714 208 1784 236; x_wconf 73' lang='lat'><strong>9753</strong></span> 
     </span>
    </p>
   </div>
   <div class='ocr_carea' id='block_1_63' title="bbox 1032 354 1783 391">
    <p class='ocr_par' dir='ltr' id='par_1_63' title="bbox 1032 354 1783 391">
     <span class='ocr_line' id='line_1_63' title="bbox 1032 354 1783 391; baseline -0.001 -9"><span class='ocrx_word' id='word_1_376' title='bbox 1032 356 1077 383; x_wconf 68' lang='grc'><strong>24.</strong></span> <span class='ocrx_word' id='word_1_377' title='bbox 1095 356 1187 388; x_wconf 70' lang='grc' dir='ltr'>Οὕτως</span> <span class='ocrx_word' id='word_1_378' title='bbox 1198 354 1244 382; x_wconf 81' lang='grc' dir='ltr'>οὖν</span> <span class='ocrx_word' id='word_1_379' title='bbox 1256 355 1428 391; x_wconf 79' lang='grc' dir='ltr'>προσηύξατο</span> <span class='ocrx_word' id='word_1_380' title='bbox 1446 355 1579 387; x_wconf 76' lang='grc' dir='ltr'>Ἀνανίας,</span> <span class='ocrx_word' id='word_1_381' title='bbox 1591 355 1783 390; x_wconf 72' lang='grc' dir='ltr'>καὶἌζαρίας,</span> 
     </span>
    </p>
   </div>
   <div class='ocr_carea' id='block_1_64' title="bbox 998 401 1785 438">
    <p class='ocr_par' dir='ltr' id='par_1_64' title="bbox 998 401 1785 438">
     <span class='ocr_line' id='line_1_64' title="bbox 998 401 1785 438; baseline -0.001 -10"><span class='ocrx_word' id='word_1_382' title='bbox 998 403 1045 428; x_wconf 77' lang='grc' dir='ltr'><strong>καὶ</strong></span> <span class='ocrx_word' id='word_1_383' title='bbox 1055 402 1180 438; x_wconf 84' lang='grc' dir='ltr'>Μισαήλ·</span> <span class='ocrx_word' id='word_1_384' title='bbox 1202 402 1250 429; x_wconf 75' lang='grc' dir='ltr'><strong>καὶ</strong></span> <span class='ocrx_word' id='word_1_385' title='bbox 1269 401 1395 437; x_wconf 77' lang='grc' dir='ltr'><strong>ὕμνησαν</strong></span> <span class='ocrx_word' id='word_1_386' title='bbox 1417 401 1456 436; x_wconf 84' lang='grc' dir='ltr'><strong>τῷ</strong></span> <span class='ocrx_word' id='word_1_387' title='bbox 1473 402 1583 437; x_wconf 80' lang='grc' dir='ltr'><strong>Κυρίῳ,</strong></span> <span class='ocrx_word' id='word_1_388' title='bbox 1602 402 1646 428; x_wconf 80' lang='grc' dir='ltr'><strong>ὅτε</strong></span> <span class='ocrx_word' id='word_1_389' title='bbox 1662 401 1758 432; x_wconf 75' lang='grc' dir='ltr'>αὐτοὺς</span> <span class='ocrx_word' id='word_1_390' title='bbox 1771 402 1785 427; x_wconf 85' lang='grc' dir='ltr'><strong>ό</strong></span> 
     </span>
    </p>
   </div>
   <div class='ocr_carea' id='block_1_65' title="bbox 998 446 1732 483">
    <p class='ocr_par' dir='ltr' id='par_1_65' title="bbox 998 446 1732 483">
     <span class='ocr_line' id='line_1_65' title="bbox 998 446 1732 483; baseline -0.003 -9"><span class='ocrx_word' id='word_1_391' title='bbox 998 447 1122 482; x_wconf 76' lang='grc' dir='ltr'>βασιλεὺς</span> <span class='ocrx_word' id='word_1_392' title='bbox 1136 447 1299 483; x_wconf 78' lang='grc' dir='ltr'><strong>προσέταξεν</strong></span> <span class='ocrx_word' id='word_1_393' title='bbox 1308 447 1477 482; x_wconf 73' lang='grc' dir='ltr'>ἐμϐληθῆναι</span> <span class='ocrx_word' id='word_1_394' title='bbox 1490 447 1530 478; x_wconf 82' lang='grc' dir='ltr'><strong>είς</strong></span> <span class='ocrx_word' id='word_1_395' title='bbox 1543 447 1592 481; x_wconf 78' lang='grc' dir='ltr'>τὴν</span> <span class='ocrx_word' id='word_1_396' title='bbox 1607 446 1732 480; x_wconf 83' lang='grc' dir='ltr'><strong>κάμινον.</strong></span> 
     </span>
    </p>
   </div>
   <div class='ocr_carea' id='block_1_66' title="bbox 1032 502 1785 538">
    <p class='ocr_par' dir='ltr' id='par_1_66' title="bbox 1032 502 1785 538">
     <span class='ocr_line' id='line_1_66' title="bbox 1032 502 1785 538; baseline -0.004 -8"><span class='ocrx_word' id='word_1_397' title='bbox 1032 504 1076 531; x_wconf 73' lang='lat'><strong>25.</strong></span> <span class='ocrx_word' id='word_1_398' title='bbox 1091 503 1196 534; x_wconf 77' lang='grc' dir='ltr'><strong>Στὰςδὲ</strong></span> <span class='ocrx_word' id='word_1_399' title='bbox 1212 503 1341 538; x_wconf 76' lang='grc' dir='ltr'><strong>Ἀζαρίας</strong></span> <span class='ocrx_word' id='word_1_400' title='bbox 1356 502 1529 538; x_wconf 80' lang='grc' dir='ltr'><strong>προσηύξατο</strong></span> <span class='ocrx_word' id='word_1_401' title='bbox 1539 502 1637 534; x_wconf 80' lang='grc' dir='ltr'>οὕτως,</span> <span class='ocrx_word' id='word_1_402' title='bbox 1655 503 1702 528; x_wconf 77' lang='grc' dir='ltr'><strong>καὶ</strong></span> <span class='ocrx_word' id='word_1_403' title='bbox 1714 502 1785 528; x_wconf 82' lang='grc' dir='ltr'>ἀνοί-</span> 
     </span>
    </p>
   </div>
   <div class='ocr_carea' id='block_1_67' title="bbox 997 547 1784 584">
    <p class='ocr_par' dir='ltr' id='par_1_67' title="bbox 997 547 1784 584">
     <span class='ocr_line' id='line_1_67' title="bbox 997 547 1784 584; baseline -0.006 -7"><span class='ocrx_word' id='word_1_404' title='bbox 997 550 1044 582; x_wconf 82' lang='grc' dir='ltr'><strong>ξας</strong></span> <span class='ocrx_word' id='word_1_405' title='bbox 1058 551 1089 576; x_wconf 80' lang='grc' dir='ltr'><strong>τὸ</strong></span> <span class='ocrx_word' id='word_1_406' title='bbox 1101 549 1188 584; x_wconf 81' lang='grc' dir='ltr'><strong>στόμα</strong></span> <span class='ocrx_word' id='word_1_407' title='bbox 1211 548 1305 580; x_wconf 83' lang='grc' dir='ltr'>αὐτοῦ,</span> <span class='ocrx_word' id='word_1_408' title='bbox 1334 548 1527 583; x_wconf 78' lang='grc' dir='ltr'><strong>ἐξωμολογεῖτο</strong></span> <span class='ocrx_word' id='word_1_409' title='bbox 1551 547 1591 582; x_wconf 80' lang='grc' dir='ltr'><strong>τῷ</strong></span> <span class='ocrx_word' id='word_1_410' title='bbox 1609 547 1703 582; x_wconf 82' lang='grc' dir='ltr'>Κυρίῳ</span> <span class='ocrx_word' id='word_1_411' title='bbox 1727 548 1784 580; x_wconf 72' lang='grc' dir='ltr'>ἅμα</span> 
     </span>
    </p>
   </div>
   <div class='ocr_carea' id='block_1_68' title="bbox 996 594 1784 632">
    <p class='ocr_par' dir='ltr' id='par_1_68' title="bbox 996 594 1784 632">
     <span class='ocr_line' id='line_1_68' title="bbox 996 594 1784 632; baseline -0.004 -10"><span class='ocrx_word' id='word_1_412' title='bbox 996 597 1050 628; x_wconf 83' lang='grc' dir='ltr'>τοῖς</span> <span class='ocrx_word' id='word_1_413' title='bbox 1066 595 1234 632; x_wconf 79' lang='grc' dir='ltr'>συνεταίροις</span> <span class='ocrx_word' id='word_1_414' title='bbox 1251 595 1345 629; x_wconf 82' lang='grc' dir='ltr'>αὑτοῦ,</span> <span class='ocrx_word' id='word_1_415' title='bbox 1357 596 1386 622; x_wconf 84' lang='grc' dir='ltr'>ὲν</span> <span class='ocrx_word' id='word_1_416' title='bbox 1401 595 1476 631; x_wconf 82' lang='grc' dir='ltr'><strong>μέσῳ</strong></span> <span class='ocrx_word' id='word_1_417' title='bbox 1488 595 1528 630; x_wconf 83' lang='grc' dir='ltr'>τῷ</span> <span class='ocrx_word' id='word_1_418' title='bbox 1541 595 1607 630; x_wconf 69' lang='grc' dir='ltr'>πυρὶ</span> <span class='ocrx_word' id='word_1_419' title='bbox 1622 594 1784 627; x_wconf 72' lang='grc' dir='ltr'>ὑποκαιομέ-</span> 
     </span>
    </p>
   </div>
   <div class='ocr_carea' id='block_1_69' title="bbox 996 639 1783 679">
    <p class='ocr_par' dir='ltr' id='par_1_69' title="bbox 996 639 1783 679">
     <span class='ocr_line' id='line_1_69' title="bbox 996 639 1783 679; baseline -0.006 -9"><span class='ocrx_word' id='word_1_420' title='bbox 996 650 1044 679; x_wconf 86' lang='grc' dir='ltr'>νης</span> <span class='ocrx_word' id='word_1_421' title='bbox 1060 643 1110 678; x_wconf 83' lang='grc' dir='ltr'>τῆς</span> <span class='ocrx_word' id='word_1_422' title='bbox 1136 642 1252 678; x_wconf 75' lang='grc' dir='ltr'><strong>καμίνου</strong></span> <span class='ocrx_word' id='word_1_423' title='bbox 1283 641 1335 668; x_wconf 74' lang='grc' dir='ltr'>ὑπὸ</span> <span class='ocrx_word' id='word_1_424' title='bbox 1355 642 1410 669; x_wconf 77' lang='grc' dir='ltr'>τῶν</span> <span class='ocrx_word' id='word_1_425' title='bbox 1428 641 1568 669; x_wconf 79' lang='grc' dir='ltr'>Χαλδαίων</span> <span class='ocrx_word' id='word_1_426' title='bbox 1595 641 1707 676; x_wconf 81' lang='grc' dir='ltr'>σφόδρα,</span> <span class='ocrx_word' id='word_1_427' title='bbox 1737 639 1783 666; x_wconf 73' lang='grc' dir='ltr'><strong>καὶ</strong></span> 
     </span>
    </p>
   </div>
   <div class='ocr_carea' id='block_1_70' title="bbox 996 687 1087 715">
    <p class='ocr_par' dir='ltr' id='par_1_70' title="bbox 996 687 1087 715">
     <span class='ocr_line' id='line_1_70' title="bbox 996 687 1087 715; baseline 0 0"><span class='ocrx_word' id='word_1_428' title='bbox 996 687 1087 715; x_wconf 62' lang='grc' dir='ltr'><strong>εἶπαν</strong></span> 
     </span>
    </p>
   </div>
   <div class='ocr_carea' id='block_1_71' title="bbox 1029 731 1782 769">
    <p class='ocr_par' dir='ltr' id='par_1_71' title="bbox 1029 731 1782 769">
     <span class='ocr_line' id='line_1_71' title="bbox 1029 731 1782 769; baseline -0.005 -9"><span class='ocrx_word' id='word_1_429' title='bbox 1029 733 1075 760; x_wconf 74' lang='grc'><strong>26.</strong></span> <span class='ocrx_word' id='word_1_430' title='bbox 1092 734 1242 769; x_wconf 73' lang='grc' dir='ltr'><strong>Εὐλογητὸς</strong></span> <span class='ocrx_word' id='word_1_431' title='bbox 1251 732 1288 768; x_wconf 80' lang='grc' dir='ltr'><strong>εἷ,</strong></span> <span class='ocrx_word' id='word_1_432' title='bbox 1297 734 1382 768; x_wconf 80' lang='grc' dir='ltr'>Κύριε</span> <span class='ocrx_word' id='word_1_433' title='bbox 1396 734 1410 760; x_wconf 84' lang='grc' dir='ltr'>ὁ</span> <span class='ocrx_word' id='word_1_434' title='bbox 1420 732 1485 765; x_wconf 81' lang='grc' dir='ltr'><strong>Θεδς</strong></span> <span class='ocrx_word' id='word_1_435' title='bbox 1492 733 1545 759; x_wconf 84' lang='grc' dir='ltr'><strong>τῶν</strong></span> <span class='ocrx_word' id='word_1_436' title='bbox 1559 732 1685 767; x_wconf 78' lang='grc' dir='ltr'><strong>πατέρων</strong></span> <span class='ocrx_word' id='word_1_437' title='bbox 1693 731 1782 767; x_wconf 76' lang='grc' dir='ltr'>ἡμῶν,</span> 
     </span>
    </p>
   </div>
   <div class='ocr_carea' id='block_1_72' title="bbox 996 775 1785 814">
    <p class='ocr_par' dir='ltr' id='par_1_72' title="bbox 996 775 1785 814">
     <span class='ocr_line' id='line_1_72' title="bbox 996 775 1785 814; baseline -0.004 -10"><span class='ocrx_word' id='word_1_438' title='bbox 996 779 1041 805; x_wconf 78' lang='grc' dir='ltr'><strong>καὶ</strong></span> <span class='ocrx_word' id='word_1_439' title='bbox 1056 779 1160 806; x_wconf 85' lang='grc' dir='ltr'>αίνετὺν</span> <span class='ocrx_word' id='word_1_440' title='bbox 1174 780 1220 806; x_wconf 80' lang='grc' dir='ltr'><strong>καὶ</strong></span> <span class='ocrx_word' id='word_1_441' title='bbox 1230 778 1425 814; x_wconf 77' lang='grc' dir='ltr'><strong>δεδοξασμένον</strong></span> <span class='ocrx_word' id='word_1_442' title='bbox 1443 777 1472 804; x_wconf 81' lang='grc' dir='ltr'>τὸ</span> <span class='ocrx_word' id='word_1_443' title='bbox 1491 777 1577 813; x_wconf 74' lang='grc' dir='ltr'>ὄνομά</span> <span class='ocrx_word' id='word_1_444' title='bbox 1596 785 1642 803; x_wconf 83' lang='grc' dir='ltr'><strong>σου</strong></span> <span class='ocrx_word' id='word_1_445' title='bbox 1663 776 1703 807; x_wconf 83' lang='grc' dir='ltr'><strong>είς</strong></span> <span class='ocrx_word' id='word_1_446' title='bbox 1722 775 1785 806; x_wconf 74' lang='grc' dir='ltr'>τοὺς</span> 
     </span>
    </p>
   </div>
   <div class='ocr_carea' id='block_1_73' title="bbox 995 823 1107 855">
    <p class='ocr_par' dir='ltr' id='par_1_73' title="bbox 995 823 1107 855">
     <span class='ocr_line' id='line_1_73' title="bbox 995 823 1107 855; baseline 0.009 -6"><span class='ocrx_word' id='word_1_447' title='bbox 995 823 1107 855; x_wconf 85' lang='grc' dir='ltr'>αίῶνας.</span> 
     </span>
    </p>
   </div>
   <div class='ocr_carea' id='block_1_74' title="bbox 1029 878 1782 914">
    <p class='ocr_par' dir='ltr' id='par_1_74' title="bbox 1029 878 1782 914">
     <span class='ocr_line' id='line_1_74' title="bbox 1029 878 1782 914; baseline -0.005 -6"><span class='ocrx_word' id='word_1_448' title='bbox 1029 881 1076 908; x_wconf 69' lang='grc'><strong>27.</strong></span> <span class='ocrx_word' id='word_1_449' title='bbox 1090 881 1150 908; x_wconf 84' lang='grc' dir='ltr'><strong>Ὅτι</strong></span> <span class='ocrx_word' id='word_1_450' title='bbox 1164 880 1268 913; x_wconf 78' lang='grc' dir='ltr'>δίκαιος</span> <span class='ocrx_word' id='word_1_451' title='bbox 1283 879 1309 908; x_wconf 84' lang='grc' dir='ltr'><strong>εἶ</strong></span> <span class='ocrx_word' id='word_1_452' title='bbox 1320 881 1366 908; x_wconf 73' lang='grc' dir='ltr'><strong>ἐπὶ</strong></span> <span class='ocrx_word' id='word_1_453' title='bbox 1379 881 1472 913; x_wconf 83' lang='grc' dir='ltr'>πᾶσιν,</span> <span class='ocrx_word' id='word_1_454' title='bbox 1487 878 1527 912; x_wconf 73' lang='grc' dir='ltr'><strong>οἷς</strong></span> <span class='ocrx_word' id='word_1_455' title='bbox 1549 879 1680 914; x_wconf 75' lang='grc' dir='ltr'>ἐποίησας</span> <span class='ocrx_word' id='word_1_456' title='bbox 1704 879 1782 912; x_wconf 75' lang='grc' dir='ltr'>ἡμῖν.</span> 
     </span>
    </p>
   </div>
   <div class='ocr_carea' id='block_1_75' title="bbox 995 924 1783 962">
    <p class='ocr_par' dir='ltr' id='par_1_75' title="bbox 995 924 1783 962">
     <span class='ocr_line' id='line_1_75' title="bbox 995 924 1783 962; baseline -0.004 -10"><span class='ocrx_word' id='word_1_457' title='bbox 995 926 1043 953; x_wconf 74' lang='grc' dir='ltr'><strong>καὶ</strong></span> <span class='ocrx_word' id='word_1_458' title='bbox 1059 926 1147 954; x_wconf 74' lang='grc' dir='ltr'>πάντα</span> <span class='ocrx_word' id='word_1_459' title='bbox 1157 927 1191 953; x_wconf 81' lang='grc' dir='ltr'>τὰ</span> <span class='ocrx_word' id='word_1_460' title='bbox 1206 927 1273 962; x_wconf 82' lang='grc' dir='ltr'>ἔργα</span> <span class='ocrx_word' id='word_1_461' title='bbox 1286 936 1333 954; x_wconf 84' lang='grc' dir='ltr'><strong>σου</strong></span> <span class='ocrx_word' id='word_1_462' title='bbox 1349 926 1475 961; x_wconf 71' lang='grc' dir='ltr'>ἀληθινὰ,</span> <span class='ocrx_word' id='word_1_463' title='bbox 1494 926 1540 953; x_wconf 83' lang='grc' dir='ltr'><strong>καὶ</strong></span> <span class='ocrx_word' id='word_1_464' title='bbox 1560 926 1587 952; x_wconf 89' lang='grc' dir='ltr'>αἱ</span> <span class='ocrx_word' id='word_1_465' title='bbox 1602 925 1656 952; x_wconf 78' lang='grc' dir='ltr'>ὁδοί</span> <span class='ocrx_word' id='word_1_466' title='bbox 1670 933 1716 950; x_wconf 84' lang='grc' dir='ltr'><strong>σου</strong></span> <span class='ocrx_word' id='word_1_467' title='bbox 1739 924 1783 950; x_wconf 79' lang='grc' dir='ltr'><strong>εὑ-</strong></span> 
     </span>
    </p>
   </div>
   <div class='ocr_carea' id='block_1_76' title="bbox 996 970 1622 1007">
    <p class='ocr_par' dir='ltr' id='par_1_76' title="bbox 996 970 1622 1007">
     <span class='ocr_line' id='line_1_76' title="bbox 996 970 1622 1007; baseline -0.003 -9"><span class='ocrx_word' id='word_1_468' title='bbox 996 972 1077 1004; x_wconf 84' lang='grc' dir='ltr'>θεῖοιι,</span> <span class='ocrx_word' id='word_1_469' title='bbox 1097 971 1143 998; x_wconf 76' lang='grc' dir='ltr'><strong>καὶ</strong></span> <span class='ocrx_word' id='word_1_470' title='bbox 1160 972 1246 999; x_wconf 84' lang='grc' dir='ltr'>πᾶσαι</span> <span class='ocrx_word' id='word_1_471' title='bbox 1262 972 1290 998; x_wconf 79' lang='grc' dir='ltr'><strong>αἱ</strong></span> <span class='ocrx_word' id='word_1_472' title='bbox 1307 971 1410 1007; x_wconf 85' lang='grc' dir='ltr'>κρίσεις</span> <span class='ocrx_word' id='word_1_473' title='bbox 1425 979 1473 997; x_wconf 80' lang='grc' dir='ltr'><strong>σου</strong></span> <span class='ocrx_word' id='word_1_474' title='bbox 1488 970 1622 1006; x_wconf 79' lang='grc' dir='ltr'>ὰληθιναὶ.</span> 
     </span>
    </p>
   </div>
   <div class='ocr_carea' id='block_1_77' title="bbox 1028 1026 1782 1064">
    <p class='ocr_par' dir='ltr' id='par_1_77' title="bbox 1028 1026 1782 1064">
     <span class='ocr_line' id='line_1_77' title="bbox 1028 1026 1782 1064; baseline -0.007 -8"><span class='ocrx_word' id='word_1_475' title='bbox 1028 1027 1071 1056; x_wconf 65' lang='grc' dir='ltr'><strong>οε.</strong></span> <span class='ocrx_word' id='word_1_476' title='bbox 1086 1029 1140 1055; x_wconf 82' lang='lat' dir='ltr'><strong>Kal.</strong></span> <span class='ocrx_word' id='word_1_477' title='bbox 1159 1029 1280 1064; x_wconf 83' lang='grc' dir='ltr'>κρίματα</span> <span class='ocrx_word' id='word_1_478' title='bbox 1302 1027 1429 1063; x_wconf 76' lang='grc' dir='ltr'><strong>ἀληθείας</strong></span> <span class='ocrx_word' id='word_1_479' title='bbox 1457 1027 1587 1062; x_wconf 77' lang='grc' dir='ltr'>ἐποίησας</span> <span class='ocrx_word' id='word_1_480' title='bbox 1607 1026 1678 1053; x_wconf 79' lang='grc' dir='ltr'><strong>κατὰ</strong></span> <span class='ocrx_word' id='word_1_481' title='bbox 1694 1026 1782 1052; x_wconf 77' lang='grc' dir='ltr'>πάντα</span> 
     </span>
    </p>
   </div>
   <div class='ocr_carea' id='block_1_78' title="bbox 994 1072 1782 1110">
    <p class='ocr_par' dir='ltr' id='par_1_78' title="bbox 994 1072 1782 1110">
     <span class='ocr_line' id='line_1_78' title="bbox 994 1072 1782 1110; baseline -0.006 -9"><span class='ocrx_word' id='word_1_482' title='bbox 994 1073 1012 1100; x_wconf 75' lang='grc' dir='ltr'>ἃ</span> <span class='ocrx_word' id='word_1_483' title='bbox 1023 1074 1162 1110; x_wconf 80' lang='grc' dir='ltr'><strong>ἐπήγαγες</strong></span> <span class='ocrx_word' id='word_1_484' title='bbox 1176 1075 1253 1110; x_wconf 73' lang='grc' dir='ltr'>ἡμῖν,</span> <span class='ocrx_word' id='word_1_485' title='bbox 1266 1074 1313 1101; x_wconf 75' lang='grc' dir='ltr'><strong>καὶ</strong></span> <span class='ocrx_word' id='word_1_486' title='bbox 1325 1074 1372 1100; x_wconf 82' lang='grc' dir='ltr'><strong>ὲπὶ</strong></span> <span class='ocrx_word' id='word_1_487' title='bbox 1393 1074 1443 1107; x_wconf 83' lang='grc' dir='ltr'>τὴν</span> <span class='ocrx_word' id='word_1_488' title='bbox 1466 1074 1544 1100; x_wconf 82' lang='grc' dir='ltr'>πόλιν</span> <span class='ocrx_word' id='word_1_489' title='bbox 1567 1081 1612 1099; x_wconf 84' lang='grc' dir='ltr'><strong>σου</strong></span> <span class='ocrx_word' id='word_1_490' title='bbox 1628 1072 1677 1107; x_wconf 83' lang='grc' dir='ltr'>τὴν</span> <span class='ocrx_word' id='word_1_491' title='bbox 1701 1072 1782 1105; x_wconf 80' lang='grc' dir='ltr'>ἁγίαν</span> 
     </span>
    </p>
   </div>
   <div class='ocr_carea' id='block_1_79' title="bbox 994 1117 1779 1155">
    <p class='ocr_par' dir='ltr' id='par_1_79' title="bbox 994 1117 1779 1155">
     <span class='ocr_line' id='line_1_79' title="bbox 994 1117 1779 1155; baseline -0.004 -9"><span class='ocrx_word' id='word_1_492' title='bbox 994 1119 1043 1154; x_wconf 84' lang='grc' dir='ltr'>τὴν</span> <span class='ocrx_word' id='word_1_493' title='bbox 1059 1120 1113 1146; x_wconf 84' lang='grc' dir='ltr'>τῶν</span> <span class='ocrx_word' id='word_1_494' title='bbox 1127 1119 1252 1155; x_wconf 80' lang='grc' dir='ltr'>πατέρων</span> <span class='ocrx_word' id='word_1_495' title='bbox 1274 1119 1353 1155; x_wconf 85' lang='grc' dir='ltr'>ἡμῶν</span> <span class='ocrx_word' id='word_1_496' title='bbox 1371 1119 1556 1154; x_wconf 84' lang='grc' dir='ltr'>Ἰερουσαλήμ.</span> <span class='ocrx_word' id='word_1_497' title='bbox 1578 1118 1650 1144; x_wconf 80' lang='grc' dir='ltr'>Διότι</span> <span class='ocrx_word' id='word_1_498' title='bbox 1674 1118 1702 1143; x_wconf 78' lang='grc' dir='ltr'>ὲν</span> <span class='ocrx_word' id='word_1_499' title='bbox 1717 1117 1779 1152; x_wconf 78' lang='grc' dir='ltr'>ἁλη-</span> 
     </span>
    </p>
   </div>
   <div class='ocr_carea' id='block_1_80' title="bbox 996 1163 1781 1200">
    <p class='ocr_par' dir='ltr' id='par_1_80' title="bbox 996 1163 1781 1200">
     <span class='ocr_line' id='line_1_80' title="bbox 996 1163 1781 1200; baseline -0.003 -10"><span class='ocrx_word' id='word_1_500' title='bbox 996 1163 1056 1199; x_wconf 75' lang='grc' dir='ltr'>οείᾳ</span> <span class='ocrx_word' id='word_1_501' title='bbox 1081 1164 1127 1190; x_wconf 81' lang='grc' dir='ltr'>καὶ</span> <span class='ocrx_word' id='word_1_502' title='bbox 1139 1164 1228 1200; x_wconf 80' lang='grc' dir='ltr'>κρίσει</span> <span class='ocrx_word' id='word_1_503' title='bbox 1237 1163 1367 1199; x_wconf 78' lang='grc' dir='ltr'>ἐποίησας</span> <span class='ocrx_word' id='word_1_504' title='bbox 1375 1164 1464 1191; x_wconf 84' lang='grc' dir='ltr'>πάντα</span> <span class='ocrx_word' id='word_1_505' title='bbox 1479 1164 1563 1191; x_wconf 74' lang='grc' dir='ltr'>ταῦτα</span> <span class='ocrx_word' id='word_1_506' title='bbox 1574 1163 1617 1190; x_wconf 76' lang='grc' dir='ltr'>διὰ</span> <span class='ocrx_word' id='word_1_507' title='bbox 1634 1164 1682 1194; x_wconf 79' lang='grc' dir='ltr'>τὰς</span> <span class='ocrx_word' id='word_1_508' title='bbox 1692 1163 1781 1197; x_wconf 80' lang='grc' dir='ltr'>ἀμαρ-</span> 
     </span>
    </p>
   </div>
   <div class='ocr_carea' id='block_1_81' title="bbox 994 1210 1156 1245">
    <p class='ocr_par' dir='ltr' id='par_1_81' title="bbox 994 1210 1156 1245">
     <span class='ocr_line' id='line_1_81' title="bbox 994 1210 1156 1245; baseline 0 -9"><span class='ocrx_word' id='word_1_509' title='bbox 994 1210 1052 1242; x_wconf 79' lang='grc' dir='ltr'><strong>τίας</strong></span> <span class='ocrx_word' id='word_1_510' title='bbox 1069 1211 1156 1245; x_wconf 78' lang='grc' dir='ltr'>ἡμῶν.</span> 
     </span>
    </p>
   </div>
   <div class='ocr_carea' id='block_1_82' title="bbox 1030 1255 1781 1291">
    <p class='ocr_par' dir='ltr' id='par_1_82' title="bbox 1030 1255 1781 1291">
     <span class='ocr_line' id='line_1_82' title="bbox 1030 1255 1781 1291; baseline -0.001 -9"><span class='ocrx_word' id='word_1_511' title='bbox 1030 1255 1074 1282; x_wconf 70' lang='grc'><strong>29.</strong></span> <span class='ocrx_word' id='word_1_512' title='bbox 1091 1256 1152 1282; x_wconf 86' lang='grc' dir='ltr'>’ὐτι</span> <span class='ocrx_word' id='word_1_513' title='bbox 1179 1255 1339 1291; x_wconf 79' lang='grc' dir='ltr'><strong>ἡμάρτομεν</strong></span> <span class='ocrx_word' id='word_1_514' title='bbox 1366 1256 1394 1282; x_wconf 79' lang='grc' dir='ltr'>ὲν</span> <span class='ocrx_word' id='word_1_515' title='bbox 1417 1255 1504 1287; x_wconf 80' lang='grc' dir='ltr'>πᾶσι,</span> <span class='ocrx_word' id='word_1_516' title='bbox 1537 1255 1583 1282; x_wconf 79' lang='grc' dir='ltr'><strong>καὶ</strong></span> <span class='ocrx_word' id='word_1_517' title='bbox 1605 1255 1781 1290; x_wconf 79' lang='grc' dir='ltr'>ὴνομήσαμεν</span> 
     </span>
    </p>
   </div>
   <div class='ocr_carea' id='block_1_83' title="bbox 995 1302 1698 1338">
    <p class='ocr_par' dir='ltr' id='par_1_83' title="bbox 995 1302 1698 1338">
     <span class='ocr_line' id='line_1_83' title="bbox 995 1302 1698 1338; baseline 0.001 -9"><span class='ocrx_word' id='word_1_518' title='bbox 995 1303 1145 1338; x_wconf 79' lang='grc' dir='ltr'>ἀποστῆναι</span> <span class='ocrx_word' id='word_1_519' title='bbox 1160 1303 1214 1330; x_wconf 80' lang='grc' dir='ltr'><strong>ἀπό</strong></span> <span class='ocrx_word' id='word_1_520' title='bbox 1231 1311 1277 1329; x_wconf 84' lang='grc' dir='ltr'><strong>σου</strong></span> <span class='ocrx_word' id='word_1_521' title='bbox 1304 1302 1350 1329; x_wconf 80' lang='grc' dir='ltr'><strong>καὶ</strong></span> <span class='ocrx_word' id='word_1_522' title='bbox 1369 1302 1560 1338; x_wconf 79' lang='grc' dir='ltr'>ὲξημάρτομεν</span> <span class='ocrx_word' id='word_1_523' title='bbox 1575 1303 1603 1329; x_wconf 82' lang='grc' dir='ltr'>ὲν</span> <span class='ocrx_word' id='word_1_524' title='bbox 1618 1303 1698 1330; x_wconf 80' lang='grc' dir='ltr'>πᾶσι.</span> 
     </span>
    </p>
   </div>
   <div class='ocr_carea' id='block_1_84' title="bbox 1029 1393 1780 1428">
    <p class='ocr_par' dir='ltr' id='par_1_84' title="bbox 1029 1393 1780 1428">
     <span class='ocr_line' id='line_1_84' title="bbox 1029 1393 1780 1428; baseline 0 -8"><span class='ocrx_word' id='word_1_525' title='bbox 1029 1393 1074 1421; x_wconf 82' lang='lat'><strong>50.</strong></span> <span class='ocrx_word' id='word_1_526' title='bbox 1095 1394 1150 1420; x_wconf 84' lang='lat' dir='ltr'><strong>Kal.</strong></span> <span class='ocrx_word' id='word_1_527' title='bbox 1162 1394 1214 1421; x_wconf 83' lang='grc' dir='ltr'>τῶν</span> <span class='ocrx_word' id='word_1_528' title='bbox 1229 1394 1344 1421; x_wconf 73' lang='grc' dir='ltr'>ἐντολῶν</span> <span class='ocrx_word' id='word_1_529' title='bbox 1359 1393 1405 1421; x_wconf 80' lang='grc' dir='ltr'>τοῦ</span> <span class='ocrx_word' id='word_1_530' title='bbox 1423 1396 1505 1428; x_wconf 86' lang='grc' dir='ltr'>νόμου</span> <span class='ocrx_word' id='word_1_531' title='bbox 1523 1401 1570 1420; x_wconf 87' lang='grc' dir='ltr'><strong>σου</strong></span> <span class='ocrx_word' id='word_1_532' title='bbox 1589 1394 1639 1428; x_wconf 80' lang='grc' dir='ltr'>οὐχ</span> <span class='ocrx_word' id='word_1_533' title='bbox 1661 1393 1780 1428; x_wconf 79' lang='grc' dir='ltr'><strong>ὑπηκού-</strong></span> 
     </span>
    </p>
   </div>
   <div class='ocr_carea' id='block_1_85' title="bbox 996 1439 1779 1475">
    <p class='ocr_par' dir='ltr' id='par_1_85' title="bbox 996 1439 1779 1475">
     <span class='ocr_line' id='line_1_85' title="bbox 996 1439 1779 1475; baseline -0.001 -9"><span class='ocrx_word' id='word_1_534' title='bbox 996 1447 1092 1475; x_wconf 75' lang='grc' dir='ltr'>σαμεν,</span> <span class='ocrx_word' id='word_1_535' title='bbox 1104 1439 1165 1466; x_wconf 78' lang='grc' dir='ltr'><strong>οὐδὲ</strong></span> <span class='ocrx_word' id='word_1_536' title='bbox 1186 1440 1416 1475; x_wconf 82' lang='grc' dir='ltr'><strong>συνετηρήσαμεν,</strong></span> <span class='ocrx_word' id='word_1_537' title='bbox 1428 1439 1487 1465; x_wconf 77' lang='grc' dir='ltr'><strong>οὐδὲ</strong></span> <span class='ocrx_word' id='word_1_538' title='bbox 1500 1439 1677 1475; x_wconf 73' lang='grc' dir='ltr'>ἐποιήσαμεν,</span> <span class='ocrx_word' id='word_1_539' title='bbox 1690 1439 1779 1470; x_wconf 78' lang='grc' dir='ltr'>καθὼς</span> 
     </span>
    </p>
   </div>
   <div class='ocr_carea' id='block_1_86' title="bbox 996 1482 1535 1521">
    <p class='ocr_par' dir='ltr' id='par_1_86' title="bbox 996 1482 1535 1521">
     <span class='ocr_line' id='line_1_86' title="bbox 996 1482 1535 1521; baseline 0.002 -11"><span class='ocrx_word' id='word_1_540' title='bbox 996 1485 1119 1511; x_wconf 80' lang='grc' dir='ltr'>ἐνετείλω</span> <span class='ocrx_word' id='word_1_541' title='bbox 1135 1486 1210 1521; x_wconf 79' lang='grc' dir='ltr'>ἡμῖν,</span> <span class='ocrx_word' id='word_1_542' title='bbox 1226 1486 1271 1512; x_wconf 84' lang='grc' dir='ltr'><strong>ἵνα</strong></span> <span class='ocrx_word' id='word_1_543' title='bbox 1287 1482 1316 1511; x_wconf 80' lang='grc' dir='ltr'><strong>εὖ</strong></span> <span class='ocrx_word' id='word_1_544' title='bbox 1333 1485 1398 1520; x_wconf 80' lang='grc' dir='ltr'>ἡμῖν</span> <span class='ocrx_word' id='word_1_545' title='bbox 1411 1483 1535 1519; x_wconf 83' lang='grc' dir='ltr'>γένηται.</span> 
     </span>
    </p>
   </div>
   <div class='ocr_carea' id='block_1_87' title="bbox 1029 1530 1780 1566">
    <p class='ocr_par' dir='ltr' id='par_1_87' title="bbox 1029 1530 1780 1566">
     <span class='ocr_line' id='line_1_87' title="bbox 1029 1530 1780 1566; baseline -0.004 -8"><span class='ocrx_word' id='word_1_546' title='bbox 1029 1531 1074 1558; x_wconf 78' lang='lat'><strong>5|.</strong></span> <span class='ocrx_word' id='word_1_547' title='bbox 1092 1531 1146 1557; x_wconf 76' lang='grc' dir='ltr'><strong>Καὶ</strong></span> <span class='ocrx_word' id='word_1_548' title='bbox 1162 1530 1208 1556; x_wconf 82' lang='grc' dir='ltr'>νῦν</span> <span class='ocrx_word' id='word_1_549' title='bbox 1220 1531 1309 1558; x_wconf 84' lang='grc' dir='ltr'>πάντα</span> <span class='ocrx_word' id='word_1_550' title='bbox 1324 1530 1374 1557; x_wconf 82' lang='grc' dir='ltr'>ὅσα</span> <span class='ocrx_word' id='word_1_551' title='bbox 1387 1530 1452 1565; x_wconf 78' lang='grc' dir='ltr'>ἡμῖν</span> <span class='ocrx_word' id='word_1_552' title='bbox 1463 1531 1615 1566; x_wconf 75' lang='grc' dir='ltr'>ἐπήγαγες,</span> <span class='ocrx_word' id='word_1_553' title='bbox 1632 1530 1681 1557; x_wconf 75' lang='grc' dir='ltr'><strong>καὶ</strong></span> <span class='ocrx_word' id='word_1_554' title='bbox 1693 1530 1780 1558; x_wconf 82' lang='grc' dir='ltr'>πάντα</span> 
     </span>
    </p>
   </div>
   <div class='ocr_carea' id='block_1_88' title="bbox 995 1576 1707 1612">
    <p class='ocr_par' dir='ltr' id='par_1_88' title="bbox 995 1576 1707 1612">
     <span class='ocr_line' id='line_1_88' title="bbox 995 1576 1707 1612; baseline 0.001 -9"><span class='ocrx_word' id='word_1_555' title='bbox 995 1576 1045 1603; x_wconf 84' lang='grc' dir='ltr'><strong>ὅσα</strong></span> <span class='ocrx_word' id='word_1_556' title='bbox 1060 1577 1193 1612; x_wconf 76' lang='grc' dir='ltr'>ἐποίησας</span> <span class='ocrx_word' id='word_1_557' title='bbox 1203 1577 1315 1612; x_wconf 77' lang='grc' dir='ltr'>ἡμῖν,ὲν</span> <span class='ocrx_word' id='word_1_558' title='bbox 1329 1576 1444 1612; x_wconf 73' lang='grc' dir='ltr'>ἀληθινῇ</span> <span class='ocrx_word' id='word_1_559' title='bbox 1460 1578 1550 1611; x_wconf 84' lang='grc' dir='ltr'>κρίσει</span> <span class='ocrx_word' id='word_1_560' title='bbox 1566 1576 1707 1612; x_wconf 72' lang='grc' dir='ltr'>ἐποίησας.</span> 
     </span>
    </p>
   </div>
   <div class='ocr_carea' id='block_1_89' title="bbox 1024 1666 1781 1704">
    <p class='ocr_par' dir='ltr' id='par_1_89' title="bbox 1024 1666 1781 1704">
     <span class='ocr_line' id='line_1_89' title="bbox 1024 1666 1781 1704; baseline 0.001 -10"><span class='ocrx_word' id='word_1_561' title='bbox 1024 1667 1075 1694; x_wconf 68' lang='lat'><strong>~52.</strong></span> <span class='ocrx_word' id='word_1_562' title='bbox 1088 1666 1144 1693; x_wconf 84' lang='lat' dir='ltr'><strong>Kal.</strong></span> <span class='ocrx_word' id='word_1_563' title='bbox 1156 1666 1316 1701; x_wconf 72' lang='grc' dir='ltr'>παρέδωκας</span> <span class='ocrx_word' id='word_1_564' title='bbox 1326 1667 1399 1704; x_wconf 72' lang='grc' dir='ltr'>ἡμᾶς</span> <span class='ocrx_word' id='word_1_565' title='bbox 1415 1667 1456 1698; x_wconf 78' lang='grc' dir='ltr'><strong>εἰς</strong></span> <span class='ocrx_word' id='word_1_566' title='bbox 1471 1667 1566 1702; x_wconf 79' lang='grc' dir='ltr'>χεῖρας</span> <span class='ocrx_word' id='word_1_567' title='bbox 1580 1666 1687 1702; x_wconf 70' lang='grc' dir='ltr'>ἐχθρῶν</span> <span class='ocrx_word' id='word_1_568' title='bbox 1702 1667 1781 1703; x_wconf 73' lang='grc' dir='ltr'>ἡμιῖιν</span> 
     </span>
    </p>
   </div>
   <div class='ocr_carea' id='block_1_90' title="bbox 996 1709 1780 1748">
    <p class='ocr_par' dir='ltr' id='par_1_90' title="bbox 996 1709 1780 1748">
     <span class='ocr_line' id='line_1_90' title="bbox 996 1709 1780 1748; baseline 0.004 -11"><span class='ocrx_word' id='word_1_569' title='bbox 996 1710 1115 1745; x_wconf 84' lang='grc' dir='ltr'>ἀνόμων,</span> <span class='ocrx_word' id='word_1_570' title='bbox 1132 1710 1179 1737; x_wconf 79' lang='grc' dir='ltr'><strong>καὶ</strong></span> <span class='ocrx_word' id='word_1_571' title='bbox 1192 1709 1322 1745; x_wconf 77' lang='grc' dir='ltr'>ἐχθίστων</span> <span class='ocrx_word' id='word_1_572' title='bbox 1334 1711 1505 1743; x_wconf 81' lang='grc' dir='ltr'><strong>ἀποστατῶν,</strong></span> <span class='ocrx_word' id='word_1_573' title='bbox 1521 1711 1568 1737; x_wconf 72' lang='grc' dir='ltr'><strong>καὶ</strong></span> <span class='ocrx_word' id='word_1_574' title='bbox 1581 1711 1687 1746; x_wconf 80' lang='grc' dir='ltr'>βασιλεί</span> <span class='ocrx_word' id='word_1_575' title='bbox 1696 1713 1780 1748; x_wconf 75' lang='grc' dir='ltr'>ἀδίκῳ</span> 
     </span>
    </p>
   </div>
   <div class='ocr_carea' id='block_1_91' title="bbox 996 1754 1560 1790">
    <p class='ocr_par' dir='ltr' id='par_1_91' title="bbox 996 1754 1560 1790">
     <span class='ocr_line' id='line_1_91' title="bbox 996 1754 1560 1790; baseline 0.002 -10"><span class='ocrx_word' id='word_1_576' title='bbox 996 1754 1043 1780; x_wconf 76' lang='lat' dir='ltr'><strong>ml.</strong></span> <span class='ocrx_word' id='word_1_577' title='bbox 1056 1754 1232 1790; x_wconf 82' lang='grc' dir='ltr'>πονηροτάτῳ</span> <span class='ocrx_word' id='word_1_578' title='bbox 1245 1754 1318 1789; x_wconf 84' lang='grc' dir='ltr'>παρὰ</span> <span class='ocrx_word' id='word_1_579' title='bbox 1335 1755 1424 1782; x_wconf 80' lang='grc' dir='ltr'>πᾶσαν</span> <span class='ocrx_word' id='word_1_580' title='bbox 1443 1755 1492 1790; x_wconf 86' lang='grc' dir='ltr'>τὴν</span> <span class='ocrx_word' id='word_1_581' title='bbox 1507 1755 1560 1789; x_wconf 88' lang='grc' dir='ltr'>γῆν</span> 
     </span>
    </p>
   </div>
   <div class='ocr_carea' id='block_1_92' title="bbox 1033 1845 1780 1883">
    <p class='ocr_par' dir='ltr' id='par_1_92' title="bbox 1033 1845 1780 1883">
     <span class='ocr_line' id='line_1_92' title="bbox 1033 1845 1780 1883; baseline 0 -9"><span class='ocrx_word' id='word_1_582' title='bbox 1033 1847 1076 1874; x_wconf 86' lang='lat'><strong>55.</strong></span> <span class='ocrx_word' id='word_1_583' title='bbox 1093 1847 1148 1874; x_wconf 73' lang='grc' dir='ltr'><strong>Καὶ</strong></span> <span class='ocrx_word' id='word_1_584' title='bbox 1163 1846 1210 1873; x_wconf 80' lang='grc' dir='ltr'>νῦν</span> <span class='ocrx_word' id='word_1_585' title='bbox 1223 1846 1273 1872; x_wconf 78' lang='grc' dir='ltr'>οὐκ</span> <span class='ocrx_word' id='word_1_586' title='bbox 1285 1845 1356 1873; x_wconf 73' lang='grc' dir='ltr'>ἔστιν</span> <span class='ocrx_word' id='word_1_587' title='bbox 1375 1848 1441 1882; x_wconf 73' lang='grc' dir='ltr'>ἡμῖν</span> <span class='ocrx_word' id='word_1_588' title='bbox 1455 1847 1557 1879; x_wconf 78' lang='grc' dir='ltr'>ἀνοῖξαι</span> <span class='ocrx_word' id='word_1_589' title='bbox 1575 1848 1606 1874; x_wconf 76' lang='grc' dir='ltr'>τὸ</span> <span class='ocrx_word' id='word_1_590' title='bbox 1623 1847 1724 1883; x_wconf 76' lang='grc' dir='ltr'>στόμα·</span> <span class='ocrx_word' id='word_1_591' title='bbox 1737 1848 1780 1874; x_wconf 80' lang='lat' dir='ltr'><strong>al-</strong></span> 
     </span>
    </p>
   </div>
   <div class='ocr_carea' id='block_1_93' title="bbox 998 1893 1782 1929">
    <p class='ocr_par' dir='ltr' id='par_1_93' title="bbox 998 1893 1782 1929">
     <span class='ocr_line' id='line_1_93' title="bbox 998 1893 1782 1929; baseline -0.001 -8"><span class='ocrx_word' id='word_1_592' title='bbox 998 1894 1080 1929; x_wconf 75' lang='grc' dir='ltr'>σχύνη</span> <span class='ocrx_word' id='word_1_593' title='bbox 1095 1895 1142 1921; x_wconf 78' lang='grc' dir='ltr'><strong>καὶ</strong></span> <span class='ocrx_word' id='word_1_594' title='bbox 1157 1893 1255 1925; x_wconf 79' lang='grc' dir='ltr'>ὖνειδος</span> <span class='ocrx_word' id='word_1_595' title='bbox 1268 1893 1383 1928; x_wconf 74' lang='grc' dir='ltr'>ἐγενήθη</span> <span class='ocrx_word' id='word_1_596' title='bbox 1397 1893 1451 1920; x_wconf 83' lang='grc' dir='ltr'>τῶν</span> <span class='ocrx_word' id='word_1_597' title='bbox 1468 1893 1569 1920; x_wconf 86' lang='grc' dir='ltr'>δούλων</span> <span class='ocrx_word' id='word_1_598' title='bbox 1591 1902 1638 1920; x_wconf 80' lang='grc' dir='ltr'><strong>σου</strong></span> <span class='ocrx_word' id='word_1_599' title='bbox 1666 1893 1713 1920; x_wconf 81' lang='grc' dir='ltr'>καὶ</span> <span class='ocrx_word' id='word_1_600' title='bbox 1727 1893 1782 1920; x_wconf 79' lang='grc' dir='ltr'><strong>τῶν</strong></span> 
     </span>
    </p>
   </div>
   <div class='ocr_carea' id='block_1_94' title="bbox 997 1939 1204 1975">
    <p class='ocr_par' dir='ltr' id='par_1_94' title="bbox 997 1939 1204 1975">
     <span class='ocr_line' id='line_1_94' title="bbox 997 1939 1204 1975; baseline 0 -9"><span class='ocrx_word' id='word_1_601' title='bbox 997 1939 1151 1975; x_wconf 76' lang='grc' dir='ltr'>σεὸομένων</span> <span class='ocrx_word' id='word_1_602' title='bbox 1165 1945 1204 1966; x_wconf 83' lang='grc' dir='ltr'><strong>σε.</strong></span> 
     </span>
    </p>
   </div>
   <div class='ocr_carea' id='block_1_95' title="bbox 1031 1983 1780 2021">
    <p class='ocr_par' dir='ltr' id='par_1_95' title="bbox 1031 1983 1780 2021">
     <span class='ocr_line' id='line_1_95' title="bbox 1031 1983 1780 2021; baseline -0.001 -8"><span class='ocrx_word' id='word_1_603' title='bbox 1031 1986 1076 2013; x_wconf 74' lang='grc'><strong>54.</strong></span> <span class='ocrx_word' id='word_1_604' title='bbox 1091 1985 1136 2021; x_wconf 85' lang='grc' dir='ltr'><strong>Μὴ</strong></span> <span class='ocrx_word' id='word_1_605' title='bbox 1151 1984 1278 2021; x_wconf 80' lang='grc' dir='ltr'>παραδῷς</span> <span class='ocrx_word' id='word_1_606' title='bbox 1290 1986 1365 2020; x_wconf 72' lang='grc' dir='ltr'>ἡμᾶς</span> <span class='ocrx_word' id='word_1_607' title='bbox 1377 1988 1416 2017; x_wconf 80' lang='grc' dir='ltr'><strong>εἰς</strong></span> <span class='ocrx_word' id='word_1_608' title='bbox 1428 1983 1500 2016; x_wconf 79' lang='grc' dir='ltr'>τέλος</span> <span class='ocrx_word' id='word_1_609' title='bbox 1518 1985 1563 2012; x_wconf 85' lang='grc' dir='ltr'><strong>διὰ</strong></span> <span class='ocrx_word' id='word_1_610' title='bbox 1580 1986 1610 2012; x_wconf 75' lang='grc' dir='ltr'><strong>τὸ</strong></span> <span class='ocrx_word' id='word_1_611' title='bbox 1617 1985 1708 2021; x_wconf 67' lang='grc' dir='ltr'>ῑνομά</span> <span class='ocrx_word' id='word_1_612' title='bbox 1724 1993 1780 2017; x_wconf 77' lang='grc' dir='ltr'>σου,</span> 
     </span>
    </p>
   </div>
   <div class='ocr_carea' id='block_1_96' title="bbox 998 2031 1569 2067">
    <p class='ocr_par' dir='ltr' id='par_1_96' title="bbox 998 2031 1569 2067">
     <span class='ocr_line' id='line_1_96' title="bbox 998 2031 1569 2067; baseline -0.002 -9"><span class='ocrx_word' id='word_1_613' title='bbox 998 2032 1044 2058; x_wconf 69' lang='grc' dir='ltr'><strong>καὶ</strong></span> <span class='ocrx_word' id='word_1_614' title='bbox 1059 2031 1096 2066; x_wconf 82' lang='grc' dir='ltr'>μὴ</span> <span class='ocrx_word' id='word_1_615' title='bbox 1111 2031 1289 2067; x_wconf 52' lang='lat' dir='ltr'><strong>amomum;</strong></span> <span class='ocrx_word' id='word_1_616' title='bbox 1305 2039 1351 2057; x_wconf 87' lang='grc' dir='ltr'><strong>σου</strong></span> <span class='ocrx_word' id='word_1_617' title='bbox 1365 2031 1413 2066; x_wconf 85' lang='grc' dir='ltr'><strong>τὴν</strong></span> <span class='ocrx_word' id='word_1_618' title='bbox 1427 2031 1569 2066; x_wconf 76' lang='grc' dir='ltr'>διαθήκην.</span> 
     </span>
    </p>
   </div>
   <div class='ocr_carea' id='block_1_97' title="bbox 1032 2076 1781 2113">
    <p class='ocr_par' dir='ltr' id='par_1_97' title="bbox 1032 2076 1781 2113">
     <span class='ocr_line' id='line_1_97' title="bbox 1032 2076 1781 2113; baseline -0.001 -9"><span class='ocrx_word' id='word_1_619' title='bbox 1032 2078 1076 2105; x_wconf 82' lang='lat'><strong>55.</strong></span> <span class='ocrx_word' id='word_1_620' title='bbox 1094 2078 1148 2104; x_wconf 82' lang='lat' dir='ltr'><strong>Kal.</strong></span> <span class='ocrx_word' id='word_1_621' title='bbox 1161 2078 1199 2113; x_wconf 83' lang='grc' dir='ltr'>μὴ</span> <span class='ocrx_word' id='word_1_622' title='bbox 1218 2077 1374 2113; x_wconf 81' lang='grc' dir='ltr'>ἁποστήσῃς</span> <span class='ocrx_word' id='word_1_623' title='bbox 1392 2077 1422 2103; x_wconf 87' lang='grc' dir='ltr'>τὸ</span> <span class='ocrx_word' id='word_1_624' title='bbox 1437 2077 1511 2108; x_wconf 74' lang='grc' dir='ltr'>ἔλεός</span> <span class='ocrx_word' id='word_1_625' title='bbox 1523 2085 1568 2103; x_wconf 85' lang='grc' dir='ltr'><strong>σου</strong></span> <span class='ocrx_word' id='word_1_626' title='bbox 1583 2077 1630 2111; x_wconf 83' lang='grc' dir='ltr'><strong>ἀφ’</strong></span> <span class='ocrx_word' id='word_1_627' title='bbox 1643 2077 1723 2112; x_wconf 81' lang='grc' dir='ltr'><strong>ἦμῶν</strong></span> <span class='ocrx_word' id='word_1_628' title='bbox 1735 2076 1781 2103; x_wconf 70' lang='grc' dir='ltr'>διὰ</span> 
     </span>
    </p>
   </div>
   <div class='ocr_carea' id='block_1_98' title="bbox 1004 2121 1782 2158">
    <p class='ocr_par' dir='ltr' id='par_1_98' title="bbox 1004 2121 1782 2158">
     <span class='ocr_line' id='line_1_98' title="bbox 1004 2121 1782 2158; baseline 0 -10"><span class='ocrx_word' id='word_1_629' title='bbox 1004 2122 1128 2158; x_wconf 79' lang='grc' dir='ltr'>’Δῦραὰμ</span> <span class='ocrx_word' id='word_1_630' title='bbox 1151 2122 1197 2148; x_wconf 80' lang='grc' dir='ltr'><strong>τὸν</strong></span> <span class='ocrx_word' id='word_1_631' title='bbox 1224 2123 1401 2158; x_wconf 77' lang='grc' dir='ltr'>ἠγαπημένον</span> <span class='ocrx_word' id='word_1_632' title='bbox 1421 2123 1473 2149; x_wconf 77' lang='grc' dir='ltr'><strong>ὑπό</strong></span> <span class='ocrx_word' id='word_1_633' title='bbox 1489 2131 1546 2155; x_wconf 84' lang='grc' dir='ltr'>σου,</span> <span class='ocrx_word' id='word_1_634' title='bbox 1563 2123 1610 2149; x_wconf 74' lang='grc' dir='ltr'><strong>καὶ</strong></span> <span class='ocrx_word' id='word_1_635' title='bbox 1622 2122 1666 2148; x_wconf 86' lang='grc' dir='ltr'>διὰ</span> <span class='ocrx_word' id='word_1_636' title='bbox 1691 2121 1782 2148; x_wconf 77' lang='grc' dir='ltr'>Ἰσαὰκ</span> 
     </span>
    </p>
   </div>
   <div class='ocr_carea' id='block_1_99' title="bbox 998 2167 1634 2203">
    <p class='ocr_par' dir='ltr' id='par_1_99' title="bbox 998 2167 1634 2203">
     <span class='ocr_line' id='line_1_99' title="bbox 998 2167 1634 2203; baseline 0 -9"><span class='ocrx_word' id='word_1_637' title='bbox 998 2169 1042 2194; x_wconf 88' lang='grc' dir='ltr'><strong>τὺν</strong></span> <span class='ocrx_word' id='word_1_638' title='bbox 1057 2168 1148 2195; x_wconf 86' lang='grc' dir='ltr'>δοῦλόν</span> <span class='ocrx_word' id='word_1_639' title='bbox 1166 2176 1225 2199; x_wconf 87' lang='grc' dir='ltr'>σου,</span> <span class='ocrx_word' id='word_1_640' title='bbox 1242 2169 1288 2194; x_wconf 80' lang='grc' dir='ltr'><strong>καὶ</strong></span> <span class='ocrx_word' id='word_1_641' title='bbox 1304 2167 1412 2203; x_wconf 85' lang='grc' dir='ltr'>Ἰσραὴλ</span> <span class='ocrx_word' id='word_1_642' title='bbox 1426 2169 1470 2194; x_wconf 83' lang='grc' dir='ltr'>τὸν</span> <span class='ocrx_word' id='word_1_643' title='bbox 1484 2168 1561 2202; x_wconf 81' lang='grc' dir='ltr'>ἆγιόν</span> <span class='ocrx_word' id='word_1_644' title='bbox 1579 2176 1634 2195; x_wconf 87' lang='grc' dir='ltr'>σου.</span> 
     </span>
    </p>
   </div>
   <div class='ocr_carea' id='block_1_100' title="bbox 1034 2213 1781 2249">
    <p class='ocr_par' dir='ltr' id='par_1_100' title="bbox 1034 2213 1781 2249">
     <span class='ocr_line' id='line_1_100' title="bbox 1034 2213 1781 2249; baseline -0.001 -8"><span class='ocrx_word' id='word_1_645' title='bbox 1034 2214 1078 2242; x_wconf 83' lang='lat'><strong>56.</strong></span> <span class='ocrx_word' id='word_1_646' title='bbox 1099 2214 1142 2245; x_wconf 85' lang='grc' dir='ltr'><strong>Ὠς</strong></span> <span class='ocrx_word' id='word_1_647' title='bbox 1156 2214 1289 2248; x_wconf 78' lang='grc' dir='ltr'>ὲλάλησας</span> <span class='ocrx_word' id='word_1_648' title='bbox 1303 2213 1369 2249; x_wconf 79' lang='grc' dir='ltr'>πρὸς</span> <span class='ocrx_word' id='word_1_649' title='bbox 1385 2214 1483 2242; x_wconf 75' lang='grc' dir='ltr'>αὐτοὺς</span> <span class='ocrx_word' id='word_1_650' title='bbox 1499 2214 1596 2248; x_wconf 82' lang='grc' dir='ltr'>λέγων,</span> <span class='ocrx_word' id='word_1_651' title='bbox 1614 2213 1781 2248; x_wconf 81' lang='grc' dir='ltr'>πολυπληθῦ-</span> 
     </span>
    </p>
   </div>
   <div class='ocr_carea' id='block_1_101' title="bbox 999 2259 1783 2296">
    <p class='ocr_par' dir='ltr' id='par_1_101' title="bbox 999 2259 1783 2296">
     <span class='ocr_line' id='line_1_101' title="bbox 999 2259 1783 2296; baseline -0.003 -9"><span class='ocrx_word' id='word_1_652' title='bbox 999 2270 1042 2287; x_wconf 87' lang='grc' dir='ltr'><strong>ναι</strong></span> <span class='ocrx_word' id='word_1_653' title='bbox 1055 2261 1085 2287; x_wconf 72' lang='grc' dir='ltr'><strong>τὺ</strong></span> <span class='ocrx_word' id='word_1_654' title='bbox 1099 2260 1208 2295; x_wconf 85' lang='grc' dir='ltr'>σπέρμα</span> <span class='ocrx_word' id='word_1_655' title='bbox 1225 2260 1313 2286; x_wconf 79' lang='grc' dir='ltr'>αὐτῶν</span> <span class='ocrx_word' id='word_1_656' title='bbox 1337 2260 1374 2291; x_wconf 79' lang='grc' dir='ltr'><strong>ὡς</strong></span> <span class='ocrx_word' id='word_1_657' title='bbox 1391 2259 1424 2286; x_wconf 77' lang='grc' dir='ltr'>τὰ</span> <span class='ocrx_word' id='word_1_658' title='bbox 1439 2259 1525 2295; x_wconf 79' lang='grc' dir='ltr'>ἄστρα</span> <span class='ocrx_word' id='word_1_659' title='bbox 1545 2260 1591 2286; x_wconf 73' lang='grc' dir='ltr'>τοῦ</span> <span class='ocrx_word' id='word_1_660' title='bbox 1606 2259 1720 2296; x_wconf 77' lang='grc' dir='ltr'>οὖρα.νοῦ</span> <span class='ocrx_word' id='word_1_661' title='bbox 1746 2259 1783 2294; x_wconf 82' lang='grc' dir='ltr'><strong>τῷ</strong></span> 
     </span>
    </p>
   </div>
   <div class='ocr_carea' id='block_1_102' title="bbox 1000 2304 1783 2341">
    <p class='ocr_par' dir='ltr' id='par_1_102' title="bbox 1000 2304 1783 2341">
     <span class='ocr_line' id='line_1_102' title="bbox 1000 2304 1783 2341; baseline 0 -9"><span class='ocrx_word' id='word_1_662' title='bbox 1000 2306 1107 2341; x_wconf 78' lang='grc' dir='ltr'>πλήθει,</span> <span class='ocrx_word' id='word_1_663' title='bbox 1124 2305 1170 2332; x_wconf 82' lang='grc' dir='ltr'><strong>καὶ</strong></span> <span class='ocrx_word' id='word_1_664' title='bbox 1181 2305 1218 2337; x_wconf 83' lang='grc' dir='ltr'><strong>ὡς</strong></span> <span class='ocrx_word' id='word_1_665' title='bbox 1228 2304 1277 2340; x_wconf 86' lang='grc' dir='ltr'>τὴν</span> <span class='ocrx_word' id='word_1_666' title='bbox 1290 2305 1381 2340; x_wconf 79' lang='grc' dir='ltr'>ἄμμον</span> <span class='ocrx_word' id='word_1_667' title='bbox 1395 2305 1443 2341; x_wconf 86' lang='grc' dir='ltr'>τὴν</span> <span class='ocrx_word' id='word_1_668' title='bbox 1455 2305 1528 2340; x_wconf 78' lang='grc' dir='ltr'>παρὰ</span> <span class='ocrx_word' id='word_1_669' title='bbox 1539 2305 1567 2332; x_wconf 87' lang='grc' dir='ltr'><strong>τὺ</strong></span> <span class='ocrx_word' id='word_1_670' title='bbox 1578 2305 1663 2341; x_wconf 79' lang='grc' dir='ltr'>χεῖλος</span> <span class='ocrx_word' id='word_1_671' title='bbox 1673 2306 1723 2341; x_wconf 83' lang='grc' dir='ltr'><strong>τῆς</strong></span> <span class='ocrx_word' id='word_1_672' title='bbox 1736 2305 1783 2332; x_wconf 83' lang='grc' dir='ltr'>θα-</span> 
     </span>
    </p>
   </div>
   <div class='ocr_carea' id='block_1_103' title="bbox 1000 2351 1110 2385">
    <p class='ocr_par' dir='ltr' id='par_1_103' title="bbox 1000 2351 1110 2385">
     <span class='ocr_line' id='line_1_103' title="bbox 1000 2351 1110 2385; baseline -0.009 -8"><span class='ocrx_word' id='word_1_673' title='bbox 1000 2351 1033 2377; x_wconf 67' lang='lat' dir='ltr'><strong>la</strong></span> <span class='ocrx_word' id='word_1_674' title='bbox 1040 2359 1110 2385; x_wconf 52' lang='grc' dir='ltr'><strong>⁸οης.</strong></span> 
     </span>
    </p>
   </div>
   <div class='ocr_carea' id='block_1_104' title="bbox 1035 2394 1782 2430">
    <p class='ocr_par' dir='ltr' id='par_1_104' title="bbox 1035 2394 1782 2430">
     <span class='ocr_line' id='line_1_104' title="bbox 1035 2394 1782 2430; baseline -0.001 -7"><span class='ocrx_word' id='word_1_675' title='bbox 1035 2397 1078 2423; x_wconf 82' lang='lat'><strong>57.</strong></span> <span class='ocrx_word' id='word_1_676' title='bbox 1096 2396 1167 2427; x_wconf 80' lang='grc' dir='ltr'>Ὅτι,</span> <span class='ocrx_word' id='word_1_677' title='bbox 1181 2395 1313 2427; x_wconf 77' lang='grc' dir='ltr'>Δέσποτα,</span> <span class='ocrx_word' id='word_1_678' title='bbox 1324 2394 1545 2430; x_wconf 81' lang='grc' dir='ltr'>ὲσμικρύνθημεν</span> <span class='ocrx_word' id='word_1_679' title='bbox 1559 2395 1634 2430; x_wconf 77' lang='grc' dir='ltr'>παρὰ</span> <span class='ocrx_word' id='word_1_680' title='bbox 1648 2396 1734 2422; x_wconf 71' lang='grc' dir='ltr'>πάντα</span> <span class='ocrx_word' id='word_1_681' title='bbox 1750 2396 1782 2422; x_wconf 73' lang='grc' dir='ltr'>τὰ</span> 
     </span>
    </p>
   </div>
   <div class='ocr_carea' id='block_1_105' title="bbox 1001 2440 1784 2477">
    <p class='ocr_par' dir='ltr' id='par_1_105' title="bbox 1001 2440 1784 2477">
     <span class='ocr_line' id='line_1_105' title="bbox 1001 2440 1784 2477; baseline 0 -9"><span class='ocrx_word' id='word_1_682' title='bbox 1001 2442 1075 2476; x_wconf 72' lang='grc' dir='ltr'>ἔθνη,</span> <span class='ocrx_word' id='word_1_683' title='bbox 1101 2442 1148 2468; x_wconf 79' lang='grc' dir='ltr'><strong>καὶ</strong></span> <span class='ocrx_word' id='word_1_684' title='bbox 1176 2441 1259 2476; x_wconf 76' lang='grc' dir='ltr'>ἐσμὲν</span> <span class='ocrx_word' id='word_1_685' title='bbox 1281 2441 1403 2467; x_wconf 71' lang='grc' dir='ltr'>ταπεινοὶ</span> <span class='ocrx_word' id='word_1_686' title='bbox 1417 2441 1446 2467; x_wconf 82' lang='grc' dir='ltr'>ὲν</span> <span class='ocrx_word' id='word_1_687' title='bbox 1461 2440 1536 2477; x_wconf 80' lang='grc' dir='ltr'><strong>πάσῃ</strong></span> <span class='ocrx_word' id='word_1_688' title='bbox 1557 2442 1590 2476; x_wconf 80' lang='grc' dir='ltr'>τῇ</span> <span class='ocrx_word' id='word_1_689' title='bbox 1612 2442 1647 2476; x_wconf 80' lang='grc' dir='ltr'>γῇ</span> <span class='ocrx_word' id='word_1_690' title='bbox 1665 2442 1784 2477; x_wconf 76' lang='grc' dir='ltr'>σήμερον</span> 
     </span>
    </p>
   </div>
   <div class='ocr_carea' id='block_1_106' title="bbox 985 2487 1357 2524">
    <p class='ocr_par' dir='ltr' id='par_1_106' title="bbox 985 2487 1357 2524">
     <span class='ocr_line' id='line_1_106' title="bbox 985 2487 1357 2524; baseline -0.003 -9"><span class='ocrx_word' id='word_1_691' title='bbox 985 2500 987 2502; x_wconf 94' lang='grc'>·</span> <span class='ocrx_word' id='word_1_692' title='bbox 1001 2489 1044 2515; x_wconf 85' lang='grc' dir='ltr'><strong>διὰ</strong></span> <span class='ocrx_word' id='word_1_693' title='bbox 1053 2488 1102 2520; x_wconf 81' lang='grc' dir='ltr'>τὰς</span> <span class='ocrx_word' id='word_1_694' title='bbox 1117 2489 1254 2524; x_wconf 81' lang='grc' dir='ltr'>ἁμαρτίας</span> <span class='ocrx_word' id='word_1_695' title='bbox 1267 2487 1357 2523; x_wconf 79' lang='grc' dir='ltr'>ἡμῶν.</span> 
     </span>
    </p>
   </div>
   <div class='ocr_carea' id='block_1_107' title="bbox 1037 2533 1786 2569">
    <p class='ocr_par' dir='ltr' id='par_1_107' title="bbox 1037 2533 1786 2569">
     <span class='ocr_line' id='line_1_107' title="bbox 1037 2533 1786 2569; baseline -0.001 -8"><span class='ocrx_word' id='word_1_696' title='bbox 1037 2535 1081 2562; x_wconf 81' lang='grc'><strong>58.</strong></span> <span class='ocrx_word' id='word_1_697' title='bbox 1096 2534 1150 2560; x_wconf 82' lang='lat' dir='ltr'><strong>Kal.</strong></span> <span class='ocrx_word' id='word_1_698' title='bbox 1160 2534 1209 2560; x_wconf 78' lang='grc' dir='ltr'><strong>οὐκ</strong></span> <span class='ocrx_word' id='word_1_699' title='bbox 1225 2534 1298 2560; x_wconf 81' lang='grc' dir='ltr'>ἔστιν</span> <span class='ocrx_word' id='word_1_700' title='bbox 1315 2535 1343 2560; x_wconf 84' lang='grc' dir='ltr'>ὲν</span> <span class='ocrx_word' id='word_1_701' title='bbox 1357 2533 1396 2568; x_wconf 80' lang='grc' dir='ltr'>τῷ</span> <span class='ocrx_word' id='word_1_702' title='bbox 1417 2533 1505 2569; x_wconf 81' lang='grc' dir='ltr'>καιρῷ</span> <span class='ocrx_word' id='word_1_703' title='bbox 1527 2533 1615 2569; x_wconf 84' lang='grc' dir='ltr'>τούτῳ</span> <span class='ocrx_word' id='word_1_704' title='bbox 1630 2534 1722 2569; x_wconf 85' lang='grc' dir='ltr'>ἄρχων</span> <span class='ocrx_word' id='word_1_705' title='bbox 1739 2535 1786 2560; x_wconf 72' lang='grc' dir='ltr'>καὶ</span> 
     </span>
    </p>
   </div>
   <div class='ocr_carea' id='block_1_108' title="bbox 1003 2578 1786 2614">
    <p class='ocr_par' dir='ltr' id='par_1_108' title="bbox 1003 2578 1786 2614">
     <span class='ocr_line' id='line_1_108' title="bbox 1003 2578 1786 2614; baseline -0.003 -9"><span class='ocrx_word' id='word_1_706' title='bbox 1003 2579 1154 2614; x_wconf 74' lang='grc' dir='ltr'>προφήτης,</span> <span class='ocrx_word' id='word_1_707' title='bbox 1168 2578 1228 2604; x_wconf 70' lang='grc' dir='ltr'><strong>οὐδὲ</strong></span> <span class='ocrx_word' id='word_1_708' title='bbox 1245 2578 1412 2613; x_wconf 85' lang='grc' dir='ltr'>ἡγούμενος,</span> <span class='ocrx_word' id='word_1_709' title='bbox 1426 2578 1486 2604; x_wconf 77' lang='grc' dir='ltr'>οὐδὲ</span> <span class='ocrx_word' id='word_1_710' title='bbox 1510 2578 1702 2609; x_wconf 78' lang='grc' dir='ltr'>ὀλοκαύτωσις,</span> <span class='ocrx_word' id='word_1_711' title='bbox 1727 2578 1786 2604; x_wconf 77' lang='grc' dir='ltr'><strong>οὐδὲ</strong></span> 
     </span>
    </p>
   </div>
   <div class='ocr_carea' id='block_1_109' title="bbox 1004 2622 1787 2658">
    <p class='ocr_par' dir='ltr' id='par_1_109' title="bbox 1004 2622 1787 2658">
     <span class='ocr_line' id='line_1_109' title="bbox 1004 2622 1787 2658; baseline 0 -10"><span class='ocrx_word' id='word_1_712' title='bbox 1004 2623 1094 2653; x_wconf 83' lang='grc' dir='ltr'>θυσία,</span> <span class='ocrx_word' id='word_1_713' title='bbox 1105 2623 1168 2649; x_wconf 71' lang='grc' dir='ltr'><strong>οὐδὲ</strong></span> <span class='ocrx_word' id='word_1_714' title='bbox 1181 2623 1334 2658; x_wconf 73' lang='grc' dir='ltr'>προσφορὰ,</span> <span class='ocrx_word' id='word_1_715' title='bbox 1347 2622 1407 2648; x_wconf 67' lang='grc' dir='ltr'>οὐδὲ</span> <span class='ocrx_word' id='word_1_716' title='bbox 1418 2622 1552 2657; x_wconf 78' lang='grc' dir='ltr'>θυμίαμα,</span> <span class='ocrx_word' id='word_1_717' title='bbox 1565 2622 1624 2648; x_wconf 73' lang='grc' dir='ltr'><strong>οὐδὲ</strong></span> <span class='ocrx_word' id='word_1_718' title='bbox 1641 2623 1722 2654; x_wconf 74' lang='grc' dir='ltr'>τόπος</span> <span class='ocrx_word' id='word_1_719' title='bbox 1742 2622 1787 2648; x_wconf 80' lang='grc' dir='ltr'>τοῦ</span> 
     </span>
    </p>
   </div>
   <div class='ocr_carea' id='block_1_110' title="bbox 1004 2668 1347 2704">
    <p class='ocr_par' dir='ltr' id='par_1_110' title="bbox 1004 2668 1347 2704">
     <span class='ocr_line' id='line_1_110' title="bbox 1004 2668 1347 2704; baseline 0 -10"><span class='ocrx_word' id='word_1_720' title='bbox 1004 2668 1149 2704; x_wconf 79' lang='grc' dir='ltr'>καρπῶσαι</span> <span class='ocrx_word' id='word_1_721' title='bbox 1161 2668 1276 2695; x_wconf 75' lang='grc' dir='ltr'>ἐνώπιόν</span> <span class='ocrx_word' id='word_1_722' title='bbox 1291 2676 1347 2695; x_wconf 75' lang='grc' dir='ltr'>σου.</span> 
     </span>
    </p>
   </div>
   <div class='ocr_carea' id='block_1_111' title="bbox 1041 2714 1788 2750">
    <p class='ocr_par' dir='ltr' id='par_1_111' title="bbox 1041 2714 1788 2750">
     <span class='ocr_line' id='line_1_111' title="bbox 1041 2714 1788 2750; baseline 0.001 -10"><span class='ocrx_word' id='word_1_723' title='bbox 1041 2714 1084 2742; x_wconf 82' lang='grc'><strong>59,</strong></span> <span class='ocrx_word' id='word_1_724' title='bbox 1100 2715 1154 2741; x_wconf 76' lang='lat' dir='ltr'><strong>Kal.</strong></span> <span class='ocrx_word' id='word_1_725' title='bbox 1164 2714 1256 2750; x_wconf 82' lang='grc' dir='ltr'>εὑρεῖν</span> <span class='ocrx_word' id='word_1_726' title='bbox 1265 2714 1338 2745; x_wconf 79' lang='grc' dir='ltr'>ἔλεος</span> <span class='ocrx_word' id='word_1_727' title='bbox 1347 2722 1354 2731; x_wconf 77' lang='grc' dir='ltr'><strong><em>π</em></strong></span> <span class='ocrx_word' id='word_1_728' title='bbox 1370 2714 1427 2741; x_wconf 81' lang='grc' dir='ltr'>ἀλλ’</span> <span class='ocrx_word' id='word_1_729' title='bbox 1438 2715 1467 2741; x_wconf 80' lang='grc' dir='ltr'>ὲν</span> <span class='ocrx_word' id='word_1_730' title='bbox 1478 2715 1550 2750; x_wconf 81' lang='grc' dir='ltr'>ψυχῇ</span> <span class='ocrx_word' id='word_1_731' title='bbox 1561 2715 1788 2750; x_wconf 72' lang='grc' dir='ltr'>συν-τετριμμένη,</span> 
     </span>
    </p>
   </div>
   <div class='ocr_carea' id='block_1_112' title="bbox 1006 2761 1698 2797">
    <p class='ocr_par' dir='ltr' id='par_1_112' title="bbox 1006 2761 1698 2797">
     <span class='ocr_line' id='line_1_112' title="bbox 1006 2761 1698 2797; baseline 0 -10"><span class='ocrx_word' id='word_1_732' title='bbox 1006 2761 1051 2787; x_wconf 65' lang='grc' dir='ltr'><strong>καὶ</strong></span> <span class='ocrx_word' id='word_1_733' title='bbox 1068 2761 1202 2795; x_wconf 73' lang='grc' dir='ltr'>πνεύματι</span> <span class='ocrx_word' id='word_1_734' title='bbox 1217 2761 1443 2796; x_wconf 80' lang='grc' dir='ltr'>τεταπεινωμένῳ</span> <span class='ocrx_word' id='word_1_735' title='bbox 1458 2761 1698 2797; x_wconf 71' lang='grc' dir='ltr'>προσδεχθείημεν.</span> 
     </span>
    </p>
   </div>
   <div class='ocr_carea' id='block_1_113' title="bbox 1041 2827 1792 2864">
    <p class='ocr_par' dir='ltr' id='par_1_113' title="bbox 1041 2827 1792 2864">
     <span class='ocr_line' id='line_1_113' title="bbox 1041 2827 1792 2864; baseline -0.001 -10"><span class='ocrx_word' id='word_1_736' title='bbox 1041 2828 1085 2855; x_wconf 66' lang='lat'><strong>40.</strong></span> <span class='ocrx_word' id='word_1_737' title='bbox 1105 2829 1149 2859; x_wconf 81' lang='grc' dir='ltr'><strong>Ὠς</strong></span> <span class='ocrx_word' id='word_1_738' title='bbox 1168 2829 1196 2854; x_wconf 82' lang='grc' dir='ltr'>ὲν</span> <span class='ocrx_word' id='word_1_739' title='bbox 1212 2827 1418 2864; x_wconf 83' lang='grc' dir='ltr'>ὁλοκαυτώμασι</span> <span class='ocrx_word' id='word_1_740' title='bbox 1435 2829 1519 2864; x_wconf 77' lang='grc' dir='ltr'>κριῶν</span> <span class='ocrx_word' id='word_1_741' title='bbox 1541 2829 1587 2854; x_wconf 73' lang='grc' dir='ltr'><strong>καὶ</strong></span> <span class='ocrx_word' id='word_1_742' title='bbox 1603 2828 1722 2864; x_wconf 75' lang='grc' dir='ltr'>ταύρων,</span> <span class='ocrx_word' id='word_1_743' title='bbox 1745 2827 1792 2855; x_wconf 70' lang='grc' dir='ltr'><strong>καὶ</strong></span> 
     </span>
    </p>
   </div>
   <div class='ocr_carea' id='block_1_114' title="bbox 1006 2872 1792 2909">
    <p class='ocr_par' dir='ltr' id='par_1_114' title="bbox 1006 2872 1792 2909">
     <span class='ocr_line' id='line_1_114' title="bbox 1006 2872 1792 2909; baseline -0.001 -10"><span class='ocrx_word' id='word_1_744' title='bbox 1006 2873 1043 2905; x_wconf 77' lang='grc' dir='ltr'><strong>ὡς</strong></span> <span class='ocrx_word' id='word_1_745' title='bbox 1062 2874 1090 2900; x_wconf 75' lang='grc' dir='ltr'>ὲν</span> <span class='ocrx_word' id='word_1_746' title='bbox 1108 2873 1236 2909; x_wconf 73' lang='grc' dir='ltr'>μυριάσιν</span> <span class='ocrx_word' id='word_1_747' title='bbox 1253 2874 1341 2909; x_wconf 81' lang='grc' dir='ltr'>ἀρνῶν</span> <span class='ocrx_word' id='word_1_748' title='bbox 1364 2873 1478 2900; x_wconf 71' lang='grc' dir='ltr'>πιόνωνσ</span> <span class='ocrx_word' id='word_1_749' title='bbox 1493 2873 1563 2900; x_wconf 77' lang='grc' dir='ltr'>οὕτω</span> <span class='ocrx_word' id='word_1_750' title='bbox 1579 2874 1697 2907; x_wconf 75' lang='grc' dir='ltr'>γενέσθω</span> <span class='ocrx_word' id='word_1_751' title='bbox 1714 2872 1792 2908; x_wconf 77' lang='grc' dir='ltr'>ἡμῶν</span> 
     </span>
    </p>
   </div>
   <div class='ocr_carea' id='block_1_115' title="bbox 1008 2919 1792 2957">
    <p class='ocr_par' dir='ltr' id='par_1_115' title="bbox 1008 2919 1792 2957">
     <span class='ocr_line' id='line_1_115' title="bbox 1008 2919 1792 2957; baseline -0.001 -11"><span class='ocrx_word' id='word_1_752' title='bbox 1008 2921 1024 2955; x_wconf 82' lang='grc' dir='ltr'>ἡ</span> <span class='ocrx_word' id='word_1_753' title='bbox 1042 2919 1122 2946; x_wconf 69' lang='lat' dir='ltr'><strong>Busta</strong></span> <span class='ocrx_word' id='word_1_754' title='bbox 1135 2919 1248 2947; x_wconf 73' lang='grc' dir='ltr'>ἐνώπιόν</span> <span class='ocrx_word' id='word_1_755' title='bbox 1269 2929 1314 2948; x_wconf 72' lang='grc' dir='ltr'><strong>σου</strong></span> <span class='ocrx_word' id='word_1_756' title='bbox 1332 2922 1460 2957; x_wconf 78' lang='grc' dir='ltr'>σήμερον,</span> <span class='ocrx_word' id='word_1_757' title='bbox 1477 2920 1524 2947; x_wconf 64' lang='grc' dir='ltr'>καὶ</span> <span class='ocrx_word' id='word_1_758' title='bbox 1546 2920 1666 2952; x_wconf 74' lang='grc' dir='ltr'>ὲξιλᾶσαι</span> <span class='ocrx_word' id='word_1_759' title='bbox 1683 2919 1792 2946; x_wconf 69' lang='grc' dir='ltr'>δπισθὲν</span> 
     </span>
    </p>
   </div>
  </div>
