1959 3079
194 147 267 176 2795

728 143 962 172 lll‘JXAl’LORUM
984 143 1066 176 QUtE
1088 142 1245 171 SUPERSU
1251 142 1306 170 NT.

1749 138 1816 167 2796

192 215 275 244 gnum
292 206 362 241 ejus.
381 214 493 240 regnum
513 204 719 239 senmiterntnn,
738 210 858 241 potestas
875 205 933 239 ejus
952 206 978 231 in

1044 209 1065 239 ι(
1078 206 1093 240 ὴ
1110 203 1233 239 βασιλεία
1244 203 1339 235 αὐτοῦ,
1352 201 1475 238 βασιλεία
1489 201 1606 234 αἰώνιος,
1624 202 1641 236 ἡ
1653 199 1764 232 ἐξουσία
1776 200 1816 226 αὖ·

191 253 392 289 ιςοηετιιῑὶοιιθιιι
409 256 436 279 ct
446 251 657 287 generationem.

491 309 606 337 CAPUT
626 309 668 336 IV.

227 358 253 386 1.
272 358 350 384 Anno
358 356 464 384 decimo
474 360 569 382 octavo
604 355 678 390 regni
718 355 975 382 Nabuchodonosor

191 404 258 432 dixit
275 413 283 431 :
300 402 433 431 Pacificus
456 409 530 429 eranv
555 401 582 427 in
605 401 687 428 domo
708 409 778 433 mea,
803 405 830 427 et
858 399 920 427 felix
949 400 975 426 in

192 451 291 477 throno
306 456 376 476 meo.

225 497 252 524 2.
267 495 409 524 Somnium
420 494 487 527 vidi,
503 499 530 522 et
540 494 642 522 veritus
656 501 727 526 sum,
742 498 769 520 et
781 493 863 520 timor
878 492 976 519 cecidit

189 550 272 578 super
290 549 344 569 me.

224 588 252 614 7.
281 587 309 614 In
330 585 413 614 cubili
444 592 505 612 meo
534 583 702 611 dormiebam
722 593 730 611 :
755 589 781 611 et
806 591 869 611 ecce
894 583 977 610 arbor

189 633 310 666 excelsa,
327 640 389 668 quae
406 631 570 659 nascebatur
581 638 664 665 super
680 635 791 660 terram,
806 634 833 656 et
849 633 977 664 aspectus

190 680 251 715 ejus
268 686 395 714 magnus,
412 682 439 705 et
454 685 506 704 non
521 681 580 704 erat
596 677 649 703 alia
666 676 765 704 similis
782 676 818 702 ei.

226 725 252 751 9.
277 723 357 750 Rami
377 723 438 758 ejus
464 721 633 756 longitudine
648 721 726 755 quasi
751 721 903 748 stadiorum
928 719 978 747 tri-

191 771 277 806 ginta,
292 774 319 797 et
331 769 426 796 subter
437 776 496 795 eam
507 767 667 794 habitabant
677 774 773 794 omnes
783 766 873 794 bestia:
888 771 976 798 teme,

190 820 218 844 et
238 816 265 843 in
289 823 321 843 ea
338 814 469 842 volucres
482 813 543 840 εωΙὶ
567 813 762 845 nidiﬁcabant;
789 812 893 840 fructus
917 812 976 847 ejus

190 861 306 894 multus,
324 865 350 887 et
367 860 468 890 bonus.
485 864 511 886 et
528 858 755 886 subministrabat
771 857 899 885 omnibus
915 857 974 884 ani,-

191 908 319 935 malibus.

227 955 252 981 8.
275 952 307 979 Et
326 951 437 986 species
453 949 512 984 ejus
540 957 649 984 magna,
671 954 764 976 vertex
785 949 858 977 illius
878 957 976 984 appro-

191 999 341 1035 pinquabat
356 1005 442 1031 usque
463 996 495 1023 ad
512 995 623 1027 ccelum,
639 1001 666 1022 et
683 999 796 1022 truncus
814 995 874 1030 ejus
889 1003 976 1030 usque

191 1045 223 1072 ad
242 1044 339 1074 nubes,
363 1042 470 1076 replens
486 1048 528 1073 ea.
551 1047 612 1075 qua:
628 1040 721 1067 subter
735 1040 834 1067 cmlum
859 1049 865 1066 :
893 1040 932 1067 sol
949 1045 976 1068 et

191 1089 256 1117 luna
271 1093 359 1120 erant,
380 1087 406 1114 in
422 1094 461 1114 ea.
471 1086 641 1118 habitabant,
664 1090 690 1113 et
704 1085 897 1113 illuminabant
914 1087 972 1114 uni-

190 1142 296 1163 versam
309 1138 420 1161 terram.

225 1181 269 1208 10.
288 1178 501 1213 Contemplabar
515 1177 542 1204 in
551 1185 648 1205 somno
659 1185 731 1210 meo,
743 1181 770 1205 et
782 1184 846 1205 ecce
857 1177 976 1212 Angelus

190 1227 293 1254 missus
308 1230 351 1253 est
365 1225 391 1252 in
408 1223 568 1251 fortitudine
579 1224 612 1251 de
624 1224 705 1252 coelo.

227 1272 271 1299 ιι.
286 1271 319 1298 Et
333 1270 472 1302 clamavit,
494 1274 526 1297 et
539 1269 609 1296 dixit
632 1269 656 1296 ei
673 1278 680 1296 :
702 1269 841 1297 Succidite
861 1276 933 1301 eam,
950 1273 978 1297 et

190 1317 398 1346 destruiteeam
417 1325 425 1344 :
441 1316 601 1344 mandatum
625 1315 700 1342 enim
716 1319 759 1343 est
773 1315 807 1342 ab
824 1315 976 1348 Altissimo.

185 1369 220 1392 -υι
238 1364 401 1396 eradicetur,
419 1367 445 1390 et
466 1362 569 1391 inutilis
581 1362 627 1388 [iat
647 1361 715 1396 ipsa.

227 1411 270 1438 i2.
291 1410 325 1438 Et
344 1410 383 1438 sic
398 1409 465 1437 dixit
484 1417 491 1435 :
508 1409 637 1436 ltadicem
657 1416 738 1434 unam
754 1408 813 1442 ejus
832 1407 978 1441 relinqui-te

191 1459 218 1486 in
237 1463 320 1491 terra,
341 1461 375 1484 ut,
392 1464 454 1484 cum
470 1455 565 1483 bestiis
587 1459 666 1482 terra:
685 1454 712 1481 iu
739 1453 879 1481 montibus
904 1453 978 1480 [ωηο

191 1505 263 1532 sicut
277 1504 326 1531 bos
345 1506 486 1538 pascatur.

1030 254 1063 285 Ξ(
1078 251 1127 278 τοῦ
1143 252 1183 282 εἰς
1199 251 1296 285 γενεὰν
1314 250 1361 277 καὶ
1373 249 1480 284 γενεάν.

1327 307 1453 334 ΚΕΦΑΛ.
1479 305 1515 334 Δ’.

1064 357 1088 383 1.
1107 363 1137 383 -:-
1153 356 1249 387 Ἒτους
1260 355 1494 382 ὀκτωκαιδεκάτου
1507 354 1554 388 τῆς
1565 352 1704 387 βασιλείας
1720 350 1749 386 /.
1763 350 1816 376 Να-

1028 401 1218 437 ϐουχοδονόσορ
1242 399 1334 427 εἷπεν·
1357 400 1512 436 Εἱρηνεύων
1533 399 1606 434 ἥμην
1631 399 1660 425 ἐν
1687 397 1726 432 τῷ
1752 397 1816 431 οἴκῳ

1028 456 1090 482 μου,
1105 448 1152 475 καὶ
1166 447 1287 482 εὐθηνῶν
1302 447 1351 473 ἐπὶ
1362 446 1409 473 τοῦ
1427 447 1522 481 θρόνου
1539 454 1597 481 μου.

1062 493 1089 520 2.
1111 492 1250 519 Ἐνύπνιον
1261 490 1342 525 εἶδον,
1355 493 1402 518 καὶ
1420 491 1590 527 εὐλαϐήθην.
1608 491 1657 518 καὶ
1674 488 1756 523 φόὸος
1773 495 1814 521 μοι

1027 538 1172 566 ἐπέπεσεν.

1063 584 1088 610 ’1.
1110 584 1172 611 Ἐπὶ
1183 585 1233 619 τῆς
1243 584 1335 619 κοίτης
1349 593 1400 619 μου
1414 583 1569 614 ἐκάθευδον,
1584 583 1630 609 καὶ
1643 581 1697 608 ἰδοὺ
1710 580 1815 615 δένδρον

1028 629 1128 664 ὑψηλὸν
1142 629 1276 664 φυόμενον
1290 629 1336 655 ἐπὶ
1351 630 1400 665 τῆς
1419 629 1492 664 γῆς,
1508 629 1556 655 καὶ
1572 629 1587 663 ἡ
1611 628 1706 662 ὅρασις
1733 627 1814 653 αὐτοῦ

1028 675 1145 710 μεγάλη,
1159 675 1205 701 καὶ
1219 675 1269 701 οὐκ
1284 673 1318 710 ἦν
1333 675 1397 701 ἄλλο
1408 675 1499 710 ὅμοιον
1519 673 1603 708 αὐτῷ.

1062 720 1087 747 9.
1101 721 1131 747 Οί
1147 720 1237 747 κλάδοι
1253 721 1334 748 αὑτοῦ
1349 720 1387 754 τῷ
1406 721 1488 756 μήκει
1506 720 1543 751 ὡς
1557 719 1672 746 σταδίων
1686 718 1816 753 τριάκον-

1026 774 1071 798 τα,
1089 766 1139 792 καὶ
1148 767 1277 794 ὑποκάτω
1292 766 1374 794 αὑτοῦ
1386 766 1512 798 ἐσκίαζον
1523 767 1611 792 πάντα
1622 764 1658 791 τὰ
1670 764 1753 799 θηρία
1767 763 1817 797 τῆς

1026 812 1088 847 γῆς,
1107 812 1158 839 καὶ
1168 814 1197 839 ὲν
1207 812 1282 848 αὐτῷ
1295 813 1327 840 τὰ
1342 813 1452 840 πετεινὰ
1465 812 1512 839 τοῦ
1526 810 1641 847 οὐρανοῦ
1656 810 1798 836 ἐνόσσευον
1808 815 1815 822 ·

1026 858 1040 882 ὁ
1055 857 1160 893 καρπὸς
1186 857 1269 884 αὑτοῦ
1299 858 1393 891 πολὺς,
1412 857 1459 884 καὶ
1482 856 1594 891 ἀγαθὸς,
1621 856 1668 882 καὶ
1689 855 1817 890 ἐχορήγει

1028 905 1094 931 πᾶσι
1111 905 1172 936 τοῖς
1181 903 1261 937 ζώοις
1278 910 1322 932 +.

1061 950 1089 977 8.
1111 951 1137 984 Ζ
1151 950 1205 976 Καὶ
1219 951 1235 985 ἠ
1248 950 1342 985 ὅρασις
1356 948 1438 976 αὑτοῦ
1456 947 1574 983 μεγάλη,
1585 948 1601 981 ἡ
1613 945 1721 981 κορυφὴ
1733 944 1818 971 αὑτοῦ

1031 996 1056 1029 7.
1072 995 1185 1029 ἤγγισεν
1204 994 1256 1025 ἕως
1270 994 1317 1020 τοῦ
1331 992 1457 1029 οὐρανοῦ,
1472 993 1519 1020 καὶ
1533 992 1564 1019 τὸ
1577 991 1658 1022 κύτος
1668 989 1753 1016 αὐτοῦ
1766 989 1818 1019 ἕως

1031 1042 1056 1075 κ
1072 1041 1127 1067 τῶν
1141 1040 1270 1075 νεφελῶν,
1285 1039 1405 1075 πληροῦν
1422 1039 1456 1066 τὰ
1471 1038 1600 1066 ὑποκάτω
1617 1036 1663 1064 τοῦ
1680 1035 1798 1071 οὐρανοῦ
1809 1043 1816 1050 ·

1031 1089 1057 1121 κ
1075 1089 1088 1114 ὁ
1101 1087 1176 1122 ἥλιος
1191 1087 1239 1114 xui.
1251 1088 1266 1122 ἠ
1281 1087 1380 1122 σελήνη
1394 1083 1440 1121 ἦν,
1454 1086 1482 1112 ἐν
1496 1084 1570 1118 αὐτῷ
1580 1083 1669 1119 ᾤκουν
1682 1083 1731 1110 καὶ
1744 1081 1818 1116 ἐφώ-

1031 1136 1057 1169 κ
1074 1134 1147 1166 τιζον
1165 1134 1257 1160 πᾶσαν
1269 1133 1318 1168 τὴν
1332 1133 1395 1168 γῆν.

1063 1180 1106 1207 10.
1128 1179 1277 1215 Ἐθεώρουν
1293 1180 1321 1205 έν
1332 1179 1370 1214 τῷ
1382 1179 1459 1214 ὕπνῳ
1475 1186 1536 1213 μου,
1550 1177 1597 1204 καὶ
1618 1176 1673 1203 ἰδοὺ
1703 1174 1820 1209 ἄγγελος

1027 1226 1168 1260 ἀπεστάλη
1179 1227 1207 1252 ἐν
1229 1225 1301 1260 ἰσχύϊ
1316 1226 1347 1251 ἐκ
1360 1224 1407 1251 τοῦ
1424 1223 1550 1259 οὐρανοῦ.

1064 1274 1108 1300 11η.
1117 1273 1171 1299 Καὶ
1183 1271 1318 1307 ἐφώνησε,
1331 1271 1377 1298 καὶ
1390 1269 1466 1297 εἶπεν
1483 1269 1567 1304 αὐτῷ·
1582 1267 1733 1301 Ἐκκόψατε
1742 1265 1818 1296 αὐτὸ,

1028 1320 1075 1346 καὶ
1089 1318 1289 1354 καταφθείρατε
1306 1317 1388 1344 αὑτό“
1413 1316 1615 1352 προστέτακται
1633 1314 1686 1349 γὰρ
1704 1313 1758 1339 ἀπὸ
1773 1311 1820 1338 τοῦ

1033 1365 1161 1400 Ὑψίστου
1179 1363 1329 1400 ἐκριζῶσαι
1344 1363 1392 1389 καὶ
1407 1361 1556 1397 ἀχρειῶσαι
1571 1360 1648 1386 αὑτό.

1064 1411 1107 1438 12.
1128 1411 1182 1437 Καὶ
1198 1410 1285 1441 οὓτως
1301 1407 1371 1435 εἶπε⁶
1396 1408 1487 1440 Ῥίζαν
1507 1407 1572 1443 μίαν
1588 1406 1672 1440 ἄφετε
1689 1405 1773 1432 αὑτοῦ
1791 1406 1821 1430 ἐν

1028 1459 1061 1492 τῇ
1074 1458 1121 1492 γῇ,
1135 1457 1209 1487 ὅπως
1226 1455 1294 1491 μετὰ
1305 1454 1474 1490 τῶννθηρὶων
1484 1454 1534 1488 τῆς
1556 1453 1608 1487 γῆς
1630 1453 1659 1479 ἐν
1675 1452 1731 1483 τοῖς
1746 1451 1822 1485 δρεσι

1029 1504 1125 1540 χόρτον
1141 1503 1178 1534 ὡς
1192 1502 1254 1537 βοῦς
1271 1501 1398 1536 νέμηται.

228 1550 273 1580 15.
293 1549 327 1576 Ει
339 1549 372 1576 de
396 1556 459 1576 rore
484 1547 546 1575 (εωῆ
561 1554 661 1581 corpus
684 1546 743 1580 ejus
764 1545 931 1576 immutetur,
951 1549 978 1571 et

1067 1549 1111 1576 15.
1127 1548 1183 1574 Καὶ
1196 1547 1251 1574 ἀπὺ
1266 1547 1315 1582 τῆς
1325 1546 1421 1582 δρόσου
1435 1545 1486 1572 τοῦ
1496 1543 1611 1580 οὐρανοῦ
1629 1543 1660 1570 τὸ
1681 1543 1762 1578 σῶμα
1773 1542 1822 1569 αὐ-

191 1601 295 1632 septem
312 1595 392 1623 annis
409 1598 539 1630 pascatur
558 1601 620 1621 cum
635 1592 686 1620 eis.

227 1643 270 1670 Η.
293 1642 383 1670 Donec
406 1640 566 1676 cognoverit
578 1639 724 1667 Dominum
740 1638 807 1665 coeli
818 1640 979 1672 potestatum

193 1688 293 1717 habere
314 1686 448 1717 omnium,
470 1692 531 1720 quae
553 1688 617 1711 sunt
645 1683 672 1710 in
694 1683 773 1714 casio,
796 1687 824 1709 et
843 1681 978 1713 omnium,

192 1742 254 1769 qua:
266 1740 349 1767 super
369 1736 479 1763 terram,
503 1735 530 1757 et
545 1736 724 1765 qtueemuque
742 1728 861 1756 voluerit
876 1727 978 1760 facere,

193 1779 262 1807 facit
277 1779 304 1805 in
319 1778 369 1805 eis.

229 1824 273 1851 15.
296 1824 325 1850 ln
341 1827 488 1857 conspectu
506 1829 567 1849 meo
582 1821 690 1849 succisa
710 1825 751 1848 est
765 1820 793 1847 in
808 1820 853 1848 die
872 1827 937 1852 una,
955 1824 982 1848 et

194 1870 345 1898 destructio
362 1869 422 1903 ejus
436 1868 462 1896 in
484 1869 551 1895 hora
565 1875 618 1895 una
637 1867 702 1900 diei,
718 1871 746 1895 et
764 1867 833 1894 rami
856 1867 915 1901 ejus
925 1867 980 1894 dati

195 1920 265 1943 sunt-
275 1915 309 1943 ad
327 1922 435 1942 omnem
449 1919 570 1947 ventum,
585 1917 612 1940 et
623 1917 744 1948 extracta
759 1918 811 1946 est,
822 1918 848 1939 et
863 1913 982 1947 proiecta

194 1966 241 1990 est‘
253 1972 268 1990 :-
286 1965 313 1989 et
330 1961 433 1990 fumum
459 1964 539 1988 terra:
554 1959 725 1991 comedebat.
743 1963 770 1986 et
785 1959 813 1985 in
830 1958 981 1985 custodiant

195 2009 294 2037 tradita
305 2013 358 2040 est,
373 2012 400 2035 et
421 2007 447 2034 in
469 2005 658 2040 compedibus,
675 2008 701 2032 et
720 2004 748 2031 in
769 2004 885 2032 manicis
903 2004 982 2031 areis

196 2056 279 2091 ligata
296 2059 337 2082 est
350 2054 385 2080 ab
399 2054 450 2080 eis.
463 2051 645 2079 Vehementer
661 2051 812 2078 admiratus
827 2057 888 2077 sum
901 2057 982 2084 super

197 2102 250 2133 his,
266 2105 293 2128 et
317 2107 431 2128 somnus
453 2106 533 2126 meus
553 2098 667 2125 recessit
682 2098 717 2125 ab
732 2096 820 2124 oculis
836 2096 914 2123 meis,
928 2105 939 2123 ει
956 2099 983 2123 et

199 2154 312 2182 surgens
333 2154 413 2173 mane
425 2145 458 2172 de
473 2145 555 2172 cubili
573 2151 633 2171 meo
644 2151 738 2172 vocavi
755 2142 893 2169 Danielem
907 2141 983 2176 prin-

197 2192 286 2226 eipem
321 2191 517 2226 sophistarum,
548 2194 575 2216 et
611 2189 708 2216 ducem
743 2187 980 2221 interpretantium

198 2236 316 2267 soruuia,
334 2241 362 2262 et
380 2235 506 2262 enarravi
523 2234 548 2261 ei
564 2234 713 2266 somnium,

199 2282 266 2309 mihi
282 2288 390 2309 omnem
404 2279 656 2315 interpretationem
665 2279 735 2314 ejus.

235 2383 278 2410 ιο.
301 2382 463 2418 Magnopere
479 2389 543 2408 vero
564 2379 703 2414 obstupuit
720 2378 823 2410 Daniel,
839 2382 866 2404 et
891 2376 985 2411 conje~

196 2434 281 2457 etum
302 2427 485 2456 c0nturbabat
511 2433 592 2458 eum;
623 2429 650 2453 et
675 2430 873 2459 expavescens,
900 2429 984 2456 quum

201 2482 302 2504 tremor
323 2474 548 2511 apprehendisset
571 2479 646 2504 eum,
671 2475 698 2498 et
723 2470 883 2497 immutatus
914 2471 987 2495 esset

201 2526 328 2557 aspectus
340 2521 411 2556 ejus,
426 2527 540 2547 movens
555 2522 646 2553 caput,
668 2516 736 2544 hora
756 2522 810 2544 una
824 2514 986 2545 admiratus,

201 2567 343 2603 respondit
361 2566 428 2594 mihi
443 2573 510 2594 voce
522 2565 575 2592 loni
592 2573 599 2591 :
615 2563 683 2596 Rex,
696 2562 832 2590 somnium
847 2559 920 2587 istud
934 2559 986 2591 his,

201 2612 248 2648 qui
263 2618 290 2640 te
315 2613 441 2645 oderunt,
463 2617 490 2639 et
516 2608 703 2645 interpretatio
716 2607 776 2643 ejus
797 2613 879 2641 super
897 2605 989 2633 hostes

202 2664 266 2688 tuos
285 2658 385 2686 veniat.

242 2716 286 2744 t7.
304 2715 404 2748 Arbor,
421 2721 482 2749 quae
499 2713 609 2741 in.terra
625 2715 688 2740 nata
704 2715 756 2745 est,
771 2710 851 2745 cujus
864 2713 990 2744 aspectus

204 2769 244 2791 CSl
261 2769 387 2797 magnus,
407 2766 435 2788 ιιι
451 2768 490 2793 es,
504 2767 562 2787 τοι.
868 2769 870 2771 '

242 2819 286 2846 18.
307 2817 340 2846 Et
355 2823 451 2844 omnes
465 2815 592 2842 volucres
608 2814 680 2846 cceli,
694 2822 755 2849 qua:
774 2812 950 2842 nidiﬁeabant
964 2811 990 2838 in

206 2873 248 2898 ea,
263 2863 393 2892 fortitudo
411 2867 500 2896 terrm,
519 2866 543 2888 cl
569 2860 700 2896 gentium.
713 2865 739 2888 et
759 2859 915 2895 linguarum
933 2865 991 2887 om-

1030 1596 1077 1622 τοῦ
1090 1595 1233 1630 ἀλλοιωθῇ,
1251 1595 1298 1621 καὶ
1309 1593 1379 1620 ἑπτὰ
1389 1593 1436 1627 ἐτη
1452 1590 1572 1628 βοσκηθῇ
1593 1591 1642 1617 σὺν
1655 1590 1758 1620 αὐτοῖς.

1067 1641 1111 1669 14.
1126 1641 1199 1671 Ἕως
1212 1639 1245 1666 ἂν
1253 1639 1310 1673 γνῷ
1331 1638 1376 1665 τὸν
1390 1637 1492 1674 Κύριον
1503 1636 1550 1664 τοῦ
1566 1635 1681 1672 οὐρανοῦ
1697 1634 1823 1667 ἐξουσίαν

1031 1685 1103 1721 ἔχειν
1119 1685 1228 1712 πάντων
1252 1684 1306 1711 τῶν
1331 1685 1360 1710 ἐν
1381 1684 1420 1719 τῷ
1434 1681 1552 1719 οὐρανῷ,
1574 1681 1622 1708 καὶ
1640 1680 1695 1707 τῶν
1709 1680 1757 1706 ἐπὶ
1773 1679 1823 1713 τῆς

1032 1731 1093 1765 γῆς,
1108 1731 1154 1757 καὶ
1171 1730 1221 1756 ὅσα
1235 1728 1268 1756 ἂν
1283 1728 1348 1764 θέλῃ
1365 1729 1461 1761 ποιεῖν,
1476 1727 1547 1755 ποιεῖ
1561 1727 1591 1753 ὲν
1603 1725 1705 1756 αὐτοῖς.

1069 1809 1112 1837 15.
1139 1808 1270 1836 Ἐνώπιόν
1297 1807 1479 1843 μουὲξεκόπη
1499 1806 1527 1832 ἐν
1540 1805 1631 1840 ἡμέρᾳ
1654 1804 1712 1838 μιᾷ,
1739 1803 1787 1829 καὶ
1806 1802 1823 1836 ἡ

1033 1856 1192 1891 καταφθορὰ
1215 1854 1297 1885 αὑτοῦ
1324 1855 1352 1881 ἐν
1370 1854 1430 1889 ὥρᾳ
1453 1853 1504 1888 μιᾷ
1520 1853 1568 1886 τῆς
1592 1850 1709 1885 ἡμέρας,
1735 1849 1783 1874 καὶ
1798 1849 1823 1874 οἱ

1033 1902 1124 1928 κλάδοι
1140 1901 1223 1928 αὐτοῦ
1239 1899 1369 1936 ἐδόθησαν
1384 1900 1424 1930 είς
1439 1899 1527 1925 πάντα
1539 1897 1648 1931 ἄνεμον,
1667 1895 1714 1922 καὶ
1731 1893 1824 1920 εἱλκύ-

1034 1948 1096 1983 σθη,
1114 1947 1160 1974 καὶ
1175 1947 1286 1982 ἐρρίφη.
1300 1947 1355 1977 Kal).
1368 1946 1412 1976 τὸν
1429 1944 1524 1980 χόρτον
1545 1944 1593 1978 τῆς
1610 1942 1661 1976 γῆς
1674 1940 1762 1976 ἤσθιε,
1776 1939 1826 1966 καὶ

1034 1995 1073 2025 εἰς
1088 1993 1211 2028 φυλακὴν
1231 1991 1380 2028 παρεδόθη,
1398 1991 1445 2017 καὶ
1465 1991 1493 2016 ἐν
1507 1989 1613 2018 πέδαις,
1629 1986 1676 2013 καὶ
1690 1986 1719 2011 ἐν
1734 1990 1824 2019 χειρο.

1035 2039 1127 2070 πέδαις
1142 2039 1257 2074 χαλκαῖς
1275 2037 1354 2072 ἐδέθη
1377 2036 1422 2062 ὑπ’
1438 2035 1540 2062 αὐτῶν,
1554 2032 1660 2067 Σφόδρα
1680 2030 1826 2074 ἐθαύμασα

1034 2085 1080 2112 ἐπὶ
1089 2083 1205 2115 τούτοις,
1221 2082 1296 2112 καὶὸ
1307 2082 1391 2113 ὕπνος
1406 2090 1457 2116 μου
1473 2078 1579 2113 ἀπέστη
1594 2077 1647 2104 ἀπὸ
1658 2075 1712 2102 τῶν
1723 2073 1824 2108 ὀφθαλ-

1036 2129 1095 2164 μῶν
1113 2137 1175 2164 μου,
1190 2128 1237 2155 καὶ
1251 2127 1369 2158 ἀναστὰς
1386 2126 1417 2152 τὸ
1436 2124 1508 2160 πρωῒ
1524 2124 1555 2150 ἐκ
1571 2122 1619 2157 τῆς
1642 2120 1737 2154 κοίτης
1761 2126 1822 2153 μου,

1035 2163 1153 2207 ἐκάλεσα
1166 2175 1210 2201 τὸν
1222 2173 1321 2209 Δανιὴλ
1336 2173 1382 2199 τὸν
1399 2172 1516 2207 ἄρχοντα
1534 2169 1588 2195 τῶν
1613 2165 1758 2201 σοφιστῶν,
1778 2163 1824 2190 καὶ

999 2217 1022 2246 ί)
1035 2221 1246 2257 τὸνήγούμενον
1260 2219 1315 2246 τῶν
1331 2219 1477 2254 κρινόντων
1487 2216 1522 2243 τὰ
1533 2215 1655 2245 ἐνύπνια,
1671 2212 1718 2239 καὶ
1728 2211 1825 2260 διηγηο

1036 2268 1127 2303 σάμην
1138 2266 1211 2302 αὐτῷ
1227 2267 1258 2293 τὸ
1269 2265 1404 2298 ἐνύπνιον,
1419 2263 1466 2291 καί
1479 2261 1602 2294 ύπέδειξέ
1618 2268 1664 2295 μοι
1675 2259 1766 2285 πᾶσαν
1776 2256 1825 2290 τὴν

1038 2314 1180 2348 σύγκρισιν
1190 2311 1283 2339 αὑτοῦ.

1075 2370 1116 2396 t6.
1137 2369 1272 2403 Μεγάλως
1282 2367 1311 2394 δὲ
1329 2366 1484 2404 ἐθαύμασεν
1499 2367 1513 2392 ὁ
1529 2364 1637 2400 Δανιὴλ,
1650 2364 1696 2390 καὶ.
1712 2364 1826 2390 ὑπόνοια

1038 2416 1222 2444 κατέσπευδεν
1235 2413 1326 2441 αὐτόν’
1348 2413 1396 2439 καὶ
1412 2411 1542 2447 φοὸηθεὶς
1552 2431 1558 2442 ,
1578 2410 1679 2446 τρόμου
1697 2410 1825 2440 λαϐόντος

1038 2463 1129 2495 αὑτὸν,
1141 2461 1188 2492 καὶ
1198 2459 1391 2495 ἁλλοιωθείσης
1405 2459 1454 2494 τῆς
1468 2458 1589 2493 ὁράσεως
1601 2456 1696 2488 αὑτοῦ,
1713 2457 1826 2491 κινήσας
1837 2480 1840 2493 ί

1039 2508 1088 2544 τὴν
1102 2507 1224 2542 κεφαλὴν
1237 2527 1244 2539 ,
1262 2506 1336 2541 ὦραν
1361 2505 1426 2540 μίαν
1443 2503 1642 2537 ἁποθαυμάσας
1655 2523 1662 2535 ,
1688 2500 1825 2535 ἀπεκρίθη

1043 2565 1087 2592 μοι
1105 2555 1182 2590 φωνῇ
1197 2553 1314 2589 πραείᾳ·
1326 2551 1440 2578 Βασιλεῦ
1453 2570 1461 2583 ,
1483 2550 1514 2577 τὸ
1528 2549 1653 2576 ἐνύπνιον
1673 2547 1753 2574 τοῦτο
1772 2549 1826 2579 τοῖς

1042 2601 1150 2638 μισοῦσί
1166 2609 1207 2633 σε,
1225 2600 1272 2627 καὶ
1287 2600 1304 2635 ἡ
1322 2599 1464 2634 σύγκρισις
1483 2596 1565 2624 αὐτοῦ
1585 2597 1640 2628 τοῖς
1661 2596 1768 2631 ἐχθροῖς
1782 2603 1826 2621 σου

1040 2647 1166 2684 ἐπέλθοι.⁴

1079 2706 1120 2732 l7.
1133 2706 1170 2732 Τὸ
1185 2705 1304 2739 δένδρον,
1321 2703 1352 2730 τὺ
1373 2703 1403 2729 ἐν
1423 2703 1454 2737 τῇ
1471 2702 1507 2736 γῇ
1528 2699 1732 2735 πεφυτευμένον
1743 2717 1752 2731 ,
1768 2693 1798 2724 οὗ
1812 2697 1828 2731 ἡ

1042 2753 1136 2788 ὅρασις
1149 2750 1265 2786 μεγάλη,
1283 2745 1369 2782 σὺνεῖ,
1385 2747 1503 2783 βασιλεῦ.

1079 2808 1122 2836 18.
1136 2807 1192 2835 Καὶ
1205 2806 1294 2833 πάντα
1314 2805 1350 2832 τὰ
1370 2803 1481 2832 πετεινὰ
1497 2803 1544 2830 τοῦ
1560 2801 1676 2838 οὐρανοῦ
1709 2800 1744 2826 τὰ
1769 2806 1828 2825 νοσ-

1045 2855 1157 2882 σεύοντα
1171 2853 1199 2880 ἐν
1215 2851 1300 2888 αὐτῷ,
1311 2852 1327 2887 ἡ
1338 2850 1413 2887 ίσχῦς
1425 2850 1474 2886 τῆς
1484 2848 1546 2885 γῆς,
1557 2848 1603 2876 καὶ
1615 2847 1669 2874 τῶν
1677 2845 1771 2892 ἐθνῶν.
1783 2842 1828 2871 καὶ
