1959 3079
87 104 162 135 9.797

749 100 873 128 DANIEL
891 97 1005 127 CAPUT
1023 95 1068 124 IV.

1648 90 1719 119 2755

85 165 145 193 τῶν
161 161 295 198 γλωσσῶν
310 161 404 188 πασῶν
419 160 472 192 ἓως
488 159 540 186 τῶν
556 159 682 194 περάτων
696 159 744 194 τῆς
758 158 820 193 γῆς,
839 157 885 184 καὶ

958 156 1014 182 ium
1032 161 1119 189 usque
1133 152 1166 180 ad
1181 152 1314 180 terminos
1325 155 1412 183 terrae,
1433 154 1461 178 et
1483 156 1578 177 omnes
1594 149 1720 184 regiones

89 211 179 238 πᾶσαι
191 210 218 235 al
233 211 322 244 χῶραι
334 208 375 234 σοὶ
387 206 567 233 δουλεύσουσι.

129 256 172 282 19.
188 254 225 280 Τὸ
236 253 264 280 δὲ
277 252 454 287 ἁνυψωθῆναι
465 251 495 277 τὺ
509 250 615 285 δένδρον
631 249 728 279 ἐκεῖνο,
748 249 794 275 καὶ
811 249 886 282 ἐγγί-

92 309 138 328 σαι
149 300 189 335 τῷ
200 297 319 334 οὐρανῷ,
337 298 385 324 καὶ
398 297 428 322 τὸ
446 295 527 326 κύτος
547 294 628 321 αὐτοῦ
646 293 766 328 ἅψασθαι
777 292 830 319 τῶν
843 301 886 318 νε-

92 345 194 382 φελῶν,
205 345 249 378 σὺ,
260 343 381 380 βασιλεῦ,
395 341 503 376 ὑψώθης
512 340 581 375 ὑπὲρ
593 340 694 370 πάντας
709 340 770 370 τοὺς
782 338 886 373 ἀνθρώ-

94 401 174 423 πους,
196 390 262 421 τοὺς
276 389 356 420 ὄντας
386 388 433 414 ἐπὶ
460 386 606 422 προσώπου
634 385 725 419 πάσης
748 384 797 418 τῆς
815 384 884 418 γῆς·

95 436 193 471 ὑψώθη
207 444 254 462 σου
266 435 284 469 ἡ
298 433 396 469 καρδία
422 430 596 467 ὑπερηφανίᾳ
613 430 660 456 καὶ
676 429 747 464 ἰσχύϊ
766 429 836 463 ὑπὲρ
852 427 886 454 τὰ

95 482 164 517 πρδς
178 481 225 508 τὸν
238 481 317 514 ἆγιον
342 479 390 505 καὶ
415 479 478 509 τοὺς
501 476 635 511 ἀγγέλους
649 475 730 503 αὑτοῦ
741 484 748 490 ν
769 474 804 501 τὰ
818 474 886 510 ἔργα

96 535 143 554 σου
158 526 250 562 ὤφθη,
261 525 323 553 καθ’
336 525 376 551 ὅτι
390 523 574 558 ὲξηρήμωσας
596 521 642 548 τὸν
663 519 738 547 οἷκον
757 520 804 546 τοῦ
818 519 885 545 Θεοῦ

96 572 142 599 τοῦ
152 572 255 604 ζῶντος
269 570 316 597 ἐπὶ
330 570 389 601 ταῖς
400 567 550 603 ἁμαρτίαις
560 566 607 593 τοῦ
616 565 681 593 λαοῦ
695 564 742 592 τοῦ
758 563 888 600 ἡγιασμέ-

97 627 154 646 νου.

133 663 178 691 20.
193 661 247 688 Καὶ
262 661 280 696 ἡ
291 660 396 694 ὅρασις,
411 659 444 693 ἢν
460 655 541 689 εἶδες,
559 657 600 683 ὄτι
623 655 737 690 ἅγγελος
761 656 789 681 ἐν
815 654 888 689 ἰσχύϊ

99 707 240 740 ἀπεστάλη
255 705 328 741 παρὰ
341 705 387 731 τοῦ
400 704 503 739 Κυρίου
515 723 522 735 ,
543 703 590 729 καὶ
611 702 651 728 ὅτι
669 699 754 727 εἶπεν·
776 700 887 735 Ἐξᾶραι

98 754 130 780 τὸ
144 752 262 786 δένδρον,
281 751 327 778 καὶ
337 749 463 784 ἐκκόψαι,
477 749 494 783 ἡ
512 748 602 783 κρίσις
622 745 669 773 τοῦ
684 745 750 772 Θεοῦ
771 745 818 772 τοῦ
841 753 888 780 με-

99 798 184 833 γάλου
201 797 262 833 ἥξει
276 797 323 823 ἐπὶ
335 796 376 823 σέ.

134 844 180 872 21.
197 844 252 871 Καὶ
273 844 288 870 ὁ
304 842 444 877 Ὕψιστος,
463 840 509 868 καὶ
524 840 549 866 οἱ
567 838 677 873 ἄγγελοι

100 887 324 923 κατατρέχουσιν,
341 887 380 918 είς
390 885 513 921 φυλακὴν
525 882 657 916 ἀπάξουσι
673 891 713 916 σε,
729 882 776 909 καὶ
791 883 831 914 εἰς
846 881 888 908 τό·

100 942 151 960 πον
171 933 275 969 ἔρημον
285 931 464 960 ἀποστελοῦσί
477 939 518 957 σε.

136 979 182 1007 23.
199 978 256 1006 Καὶ
272 979 288 1013 ἠ
300 978 362 1014 ῥίζα
375 977 422 1004 τοῦ
434 976 556 1012 δένδρου,
570 978 586 1012 ἠ
605 975 746 1010 ἀφεθεῖσα,
767 973 829 1000 ἐπεὶ
840 972 889 999 οὐκ

101 1023 262 1059 ὶξεριζώθη,
277 1024 292 1050 ό
305 1023 386 1055 τόπος
400 1022 448 1049 τοῦ
462 1023 557 1057 θρόνου
568 1030 615 1048 σου
628 1022 669 1048 σοὶ
688 1019 889 1054 συντηρηθήσε-

101 1077 147 1096 ται
161 1069 201 1100 είς
216 1068 311 1103 καιρὸν
334 1068 382 1095 καὶ
401 1067 485 1103 ὤραν.
508 1067 573 1094 Ἰδοὺ
586 1068 632 1093 ἐπὶ
649 1066 678 1092 σὲ
691 1065 889 1100 ὲτοιμάζονται,

102 1115 150 1141 καὶ
162 1114 365 1150 μαστιγώσουσί
385 1122 424 1147 σε,
437 1114 484 1141 καὶ
497 1114 625 1147 ἐπάξουσι
641 1112 674 1138 τὰ
684 1111 833 1146 κεκριμένα
846 1110 890 1136 ὲπί

103 1169 146 1187 σε.
166 1160 268 1195 Κύριος
288 1160 321 1196 ζῇ
336 1161 364 1187 ὲν
377 1159 484 1195 οὐρανῷ
498 1180 505 1192 ,
519 1160 566 1186 καὶ
579 1160 596 1195 ἡ
617 1158 726 1191 ἐξουσία
742 1156 824 1184 αὑτοῦ
846 1157 891 1183 ἐπὶ

103 1206 180 1241 πάσῃ
195 1207 227 1241 τῇ
239 1206 287 1241 τῇ.

139 1250 185 1277 24.
202 1249 288 1276 Αὑτοῦ
298 1249 408 1285 δεήθητι
421 1250 484 1286 περὶ
495 1250 549 1277 τῶν
559 1249 702 1285 ἁμαρτιῶν
714 1258 772 1281 σου,
784 1249 831 1276 καὶ
846 1247 893 1275 πά-

104 1304 155 1327 ca;
169 1295 219 1327 τὰς
234 1295 339 1327 ἀδικίας
354 1304 400 1322 σου
416 1296 445 1322 ἐν
465 1295 659 1330 ὲλεημοσύναις
681 1295 815 1329 λύτρωσαι
825 1315 832 1326 ,
850 1295 892 1320 ἵνα

105 1339 240 1366 ἐπιείκεια
254 1339 316 1374 δοθῇ
333 1348 384 1370 σοι,
397 1339 442 1366 καὶ
454 1339 625 1374 πολυήμερος
640 1338 707 1374 γένῃ
719 1337 766 1363 ἐπὶ
774 1336 820 1363 τοῦ
831 1336 893 1371 θρό-

104 1393 151 1412 νου
164 1385 215 1419 τῆς
227 1384 363 1419 βασιλείας
381 1393 439 1416 σου,
456 1384 503 1410 καὶ
520 1384 558 1419 μὴ
577 1383 748 1418 καταφθείρῃ
761 1391 802 1409 σε,

141 1430 188 1458 25.
201 1430 318 1462 Τούτους
332 1431 396 1461 τοὺς
417 1430 512 1464 λόγους
527 1429 668 1464 ἀγάπησαν
679 1437 685 1443 ·
710 1427 828 1463 ἀκριϐὴς
841 1427 893 1462 γάρ

107 1485 160 1511 μου
175 1477 190 1503 ὁ
208 1477 297 1511 λόγος,
313 1476 360 1503 καὶ
371 1476 477 1511 πλήρης
489 1477 502 1502 ὁ
514 1475 609 1510 χρόνος
623 1483 681 1501 σου.
698 1474 752 1500 Καὶ
769 1473 815 1499 ἐπὶ
833 1481 894 1498 συν-
908 1491 928 1518 C

105 1523 199 1558 τελείᾳ
213 1523 267 1550 τῶν
286 1523 372 1557 λόγων
388 1522 623 1557 Ναϐουχοδονόσορ
636 1541 643 1553 ,
668 1521 706 1552 ὼς
720 1521 821 1555 ἢκουσε
845 1519 894 1554 τὴν

107 1569 201 1604 κρίσιν
214 1568 262 1595 τοῦ
277 1569 412 1604 ὁράματος
424 1588 431 1601 ,
444 1568 506 1600 τοὺς
523 1567 618 1602 λόγους
631 1567 659 1593 ὲν
670 1567 703 1602 τῇ
719 1565 817 1602 καρδία
834 1573 896 1591 συν-

109 1615 158 1649 ετή
163 1623 240 1649 ρησε.

145 1661 191 1687 26.
207 1661 263 1687 Καὶ
284 1661 353 1696 μετὰ
377 1661 465 1696 μῆνας
487 1660 592 1687 δώδεκα
607 1660 621 1686 ὁ
636 1659 761 1694 βασιλεὺς
777 1658 822 1684 επὶ
843 1657 897 1685 τῶν

109 1707 209 1742 τειχῶν
225 1708 273 1742 τῆς
285 1707 388 1738 πόλεως
402 1706 470 1742 μετὰ
486 1707 576 1741 πάσης
589 1706 639 1740 τῆς
655 1705 734 1739 δόξης
755 1703 837 1730 αὑτοῦ
851 1712 898 1729 πε-

112 1753 254 1789 ριεπάτει,
275 1753 322 1779 καὶ
343 1753 390 1779 ἐπὶ
402 1752 457 1779 τῶν
472 1752 585 1788 πύργων
602 1751 686 1785 αὐτῆς
703 1750 874 1786 διεπορεύετο
889 1769 896 1781 ,

111 1799 160 1826 καί
177 1798 335 1834 ἀποκριθεὶς
345 1797 430 1826 εἶπεν·

147 1845 192 1873 27.
210 1844 285 1880 Αὕτη
301 1845 358 1872 ἐστὶ
372 1844 502 1874 Βαϐυλὼν
517 1844 534 1879 ἡ
551 1843 667 1878 μεγάλη,
690 1843 722 1878 ἣν
734 1841 789 1876 ἐγὼ
804 1841 900 1876 (3)1086-

113 1899 202 1926 μησα,
219 1890 266 1917 καὶ⁵
280 1888 352 1922 οἶκος
365 1889 504 1925 βασιλείας
524 1897 574 1924 μου
589 1890 617 1915 ὲν
633 1888 705 1923 ίσχύῖ
718 1888 835 1923 κράτους
849 1896 899 1922 μου

112 1935 280 1971 κληθήσεται
293 1936 332 1966 είς
346 1935 428 1970 τιμὴν
442 1935 492 1969 τῆς
505 1934 583 1970 δόξης
595 1943 655 1969 μου.

148 1980 195 2008 28.
221 1981 280 2007 Ἔτι
301 1980 348 2007 τοῦ
369 1981 449 2014 λόγου
467 1982 496 2007 ὲν
514 1979 552 2016 τῷ
569 1980 683 2014 στόματι
704 1978 750 2005 τοῦ
772 1977 901 2013 βασιλέως

113 2027 203 2058 ὄντος,
220 2027 267 2052 ἐπὶ
275 2026 428 2058 συντελείας
439 2026 485 2052 τοῦ
503 2026 582 2060 λόγου
597 2025 690 2056 αὐτοῦ,
705 2023 795 2059 φωνὴν
811 2025 843 2050 ὲκ
854 2023 901 2049 τοῦ

113 2070 232 2106 οὐρανοῦ
247 2071 356 2106 ίικοῐδσε⁸
379 2071 425 2097 Σοὶ
444 2071 563 2106 λέγεται,
575 2070 809 2106 Ναὸουχοδονόσορ
827 2069 903 2104 βασι-

113 2115 176 2147 λεῦ,
191 2115 208 2150 ὴ
223 2115 346 2150 βασιλεία
359 2115 516 2146 Βαϐυλῶνος
530 2114 667 2150 ἀφῄρηταί
684 2121 741 2145 σου,
755 2112 803 2139 καὶ
818 2111 903 2147 ἑτέρῳ

114 2161 220 2188 δίδοται
234 2159 437 2196 ὲξουθενημένῳ
453 2160 589 2196 ἀνθρώπῳ
612 2160 641 2186 ὲν
655 2159 693 2194 τῷ
709 2159 775 2194 οἴκῳ
790 2166 848 2185 σου.

159 2206 225 2233 ’ἰδοὺ
242 2205 297 2240 ἐγὼ
314 2205 463 2241 καθίστημι
478 2205 559 2232 αὐτὸν
574 2205 620 2230 ἐπὶ
630 2205 680 2239 τῆς
696 2203 832 2239 βασιλείας
844 2211 901 2233 σου,

115 2251 167 2279 καὶ
186 2250 236 2286 τὴν
255 2251 379 2283 ἐξουσίαν
403 2259 460 2283 σου,
479 2250 526 2277 καὶ
544 2250 593 2285 τὴν
615 2249 694 2282 δόξαν
721 2257 777 2280 σου,
794 2248 840 2275 καὶ
855 2248 904 2283 τὴν

115 2297 226 2333 τρυφήν
240 2305 287 2323 σου
304 2296 510 2332 παραλήψεται·
533 2296 607 2328 ὅπως
624 2295 753 2330 ἐπιγνῷς,
769 2294 810 2320 ὅτι
830 2293 905 2326 ἐξου-

119 2343 182 2370 σίαν
194 2341 252 2377 ἔχει
263 2342 277 2368 ό
296 2341 363 2373 Θεὸς
378 2341 425 2367 τοῦ
442 2340 557 2376 οὐρανοῦ
568 2341 596 2366 ὲν
609 2341 642 2375 τῇ
659 2339 781 2375 βασιλείᾳ
795 2338 848 2364 τῶν
860 2339 906 2365 ἀν-

118 2387 250 2422 θρώπων,
268 2387 315 2413 καὶ
330 2383 352 2420 ᾧ
375 2387 422 2413 ἐὰν
438 2386 575 2421 βούληται,
592 2385 671 2411 δώσει
693 2385 777 2419 αὐτήν
788 2393 794 2400 ·
813 2384 864 2415 ἕως
878 2383 906 2409 δὲ

119 2434 198 2467 ἡλίου
221 2432 364 2468 ἀνατολῆς,
384 2432 510 2468 βασιλεὺς
531 2431 624 2467 ἔτερος
648 2430 863 2466 εὐφρανθήσεται
878 2429 906 2456 ὲν

119 2478 161 2513 τῷ
174 2479 241 2514 οἴκῳ
256 2487 314 2510 σου,
339 2478 386 2507 καὶ
400 2477 533 2514 κρατήσει
558 2477 607 2512 τῆς
626 2476 704 2512 δόξης
719 2485 765 2502 σου
776 2496 782 2508 ,
797 2475 843 2502 καὶ
859 2475 908 2510 τῆς

122 2524 215 2559 ἰςχύος
231 2533 288 2556 σου,
302 2523 350 2551 καὶ
362 2523 412 2558 τῆς
429 2522 551 2556 ἐξουσίας
565 2530 621 2548 σου.

158 2569 203 2597 Q9.
219 2569 275 2596 Kal.
284 2570 309 2596 oi
325 2568 435 2603 ἄγγελοι
448 2567 587 2599 διώξονταί
605 2575 634 2593 σε
649 2566 696 2593 ἐπὶ
709 2566 757 2600 ἔτη
768 2565 847 2596 ἑπτὰ,
863 2564 909 2590 καὶ

121 2615 154 2642 οὐ
169 2614 207 2650 μὴ
218 2615 316 2650 ὀφθῇς,
339 2615 394 2641 οὐδ’
415 2614 445 2640 οὐ
462 2613 500 2648 μὴ
514 2613 633 2648 λαλήσῃς
652 2611 720 2647 μετὰ
745 2610 845 2642 παντὸς
864 2610 910 2636 ἁν-

123 2660 245 2695 θρὼπου,
260 2661 355 2696 χόρτον
366 2659 404 2691 ὠς
424 2659 487 2694 βοῦν
501 2667 531 2685 σε
545 2658 709 2693 ψωμίσουσι,
732 2656 779 2683 καὶ
794 2655 847 2682 ὰπὸ
862 2655 910 2690 τῆς

123 2705 204 2740 χλόης
219 2705 268 2740 τῆς
279 2705 332 2739 γῆς
342 2704 443 2738 ἐσταιή
458 2704 528 2738 νομή
545 2711 603 2729 σου.
622 2702 687 2728 Ἰδοὺ
698 2701 758 2727 ἀντὶ
771 2701 819 2734 τῆς
833 2699 910 2733 δόξης

125 2759 174 2778 σου
192 2750 307 2786 δήσουσί
327 2758 357 2776 σε
369 2769 377 2781 ,
398 2749 444 2776 καὶ
460 2749 505 2775 τὸν
521 2747 594 2775 οἷκον
609 2747 657 2783 τῆς
671 2747 775 2782 τρυφῆς
789 2755 847 2777 σου,
866 2744 911 2772 καὶ

126 2796 174 2832 τῆς
187 2795 328 2832 βασιλείας
344 2804 390 2822 σου
405 2794 497 2830 ἔτερος
510 2794 576 2828 ἕξει.

937 201 1055 228 servient
1075 199 1133 227 tibi.

974 246 1018 273 l9.
1036 245 1114 278 Quod
1135 248 1225 271 autent
1253 242 1373 270 exaltata
1401 241 1483 268 fuerit
1506 240 1587 267 arbor
1614 239 1670 271 illa,
1694 243 1721 265 ct

937 291 1197 327 appropinquaverit
1217 289 1299 322 caelo,
1327 293 1354 315 et
1377 292 1491 315 truncus
1519 285 1580 321 ejus
1604 283 1721 318 tetigerit

938 339 1023 366 nubes
1042 347 1048 364 :
1063 341 1105 370 tu,
1120 344 1173 369 rex.
1181 336 1302 363 elevatus
1323 342 1354 362 es
1370 341 1452 368 super
1469 339 1565 359 omnes
1585 331 1720 362 homines,

937 384 983 418 qui
1002 387 1066 410 sunt
1085 389 1166 416 super
1181 380 1280 408 faciem
1299 379 1432 406 universxu
1456 382 1535 404 terra;
1551 384 1558 403 :
1586 375 1720 403 elcvalnin

937 434 978 457 est
995 437 1043 456 cor
1058 433 1134 456 tuum
1149 425 1287 462 superbia,
1302 431 1328 452 et
1337 423 1496 452 fortitudine
1511 430 1593 456 supra
1607 428 1649 452 ca,
1661 427 1722 455 qua:

938 475 1024 502 sancti
1037 477 1111 506 sunt,
1127 476 1154 500 et
1169 471 1328 507 angelorum
1341 469 1411 504 ejus.
1427 468 1514 503 Opera
1533 473 1579 494 tua
1600 467 1721 500 inspecta

937 525 1011 552 sunt,
1032 518 1183 547 secundum
1197 516 1270 552 quod
1282 514 1428 543 devaslasti
1444 515 1555 540 domum
1567 511 1615 540 Dei
1630 511 1722 538 viven-

939 568 972 595 tis
989 571 1096 602 propter
1110 569 1218 600 peccata
1234 562 1324 598 populi
1342 560 1512 589 sanetilicati.

974 644 1020 671 20.
1042 644 1075 670 Et
1094 642 1173 674 visio,
1196 648 1278 676 quam
1298 638 1401 670 vidisti,
1416 636 1480 672 quia
1497 636 1611 670 angelus
1627 635 1653 661 in
1666 633 1722 661 for-

940 691 1055 718 titudine
1070 690 1170 716 missus
1185 693 1226 714 est
1244 695 1258 714 a
1279 686 1406 716 Domino,
1424 688 1450 712 et
1465 683 1528 718 quia
1542 682 1630 709 dixit:
1647 679 1724 706 Tolx'e

939 737 1076 767 arborem,
1094 739 1120 762 ct
1140 734 1250 762 surcide
1271 742 1278 760 :
1298 731 1433 767 judicium
1461 728 1507 756 Dei
1525 727 1618 762 magui
1634 725 1724 753 veniet

939 788 1023 816 super
1037 784 1072 807 te.

700 836 782 864 αὑτοῦ
799 837 845 863 ἐπὶ
860 836 889 862 σὲ

976 828 1020 854 21.
1042 826 1074 853 Ει
1090 825 1257 855 Altissimus,
1271 828 1297 850 et
1312 821 1399 856 angeli
1418 819 1477 855 ejus
1491 818 1517 845 in
1531 823 1556 845 te
1570 816 1723 846 incurrunt,

940 874 966 900 in
978 873 1131 901 custodiam
1143 871 1278 898 abduccnt
1292 875 1327 901 te,
1336 873 1362 895 et
1375 867 1402 893 in
1414 866 1503 893 locum
1515 863 1652 891 desertum
1663 860 1726 887 mit-

941 924 998 947 tcnl
1014 923 1050 946 te.

975 965 1020 992 ‘25.
1038 962 1071 991 Et
1087 963 1162 990 radix
1190 961 1306 992 arboris,
1326 966 1386 994 qua:
1405 956 1500 984 relicta
1521 959 1574 987 est,
1597 952 1725 988 quoniam

941 1011 1076 1038 eradicata
1093 1017 1146 1035 non
1168 1013 1219 1040 est,
1237 1007 1313 1033 locus
1328 1004 1417 1031 throni
1436 1002 1474 1029 tui
1491 1001 1536 1029 tibi
1550 997 1726 1026 conservabi-

943 1062 986 1083 lur
998 1056 1030 1083 ad
1049 1060 1167 1089 tempus,
1189 1057 1216 1080 et
1230 1053 1335 1080 iterant.
1350 1051 1418 1076 Ecce
1433 1054 1514 1082 super
1532 1050 1557 1073 te
1574 1050 1727 1079 praeparan-

942 1108 996 1133 tur,
1024 1105 1050 1128 et
1066 1099 1240 1134 ﬂagellabunt
1265 1101 1301 1128 te,
1322 1100 1348 1123 et
1373 1093 1515 1125 inducent,
1537 1098 1598 1126 quae
1618 1089 1726 1116 decreta

942 1151 1006 1175 sunt
1021 1154 1104 1181 super
1118 1151 1143 1172 te
1162 1154 1168 1170 :
1188 1143 1320 1170 Dominus
1334 1139 1402 1168 vivit
1420 1139 1447 1166 in
1465 1137 1546 1170 cosio,
1564 1139 1591 1163 et
1605 1137 1727 1170 potestas

942 1194 1002 1229 ejus
1016 1194 1042 1219 in
1061 1192 1187 1219 universa
1203 1195 1285 1217 terra.

977 1239 1022 1265 24.
1045 1237 1135 1272 Ipsum
1149 1237 1295 1270 deprecare
1310 1240 1360 1268 pro
1374 1230 1494 1267 peccatis
1513 1228 1577 1259 tuis,
1594 1231 1621 1254 et
1632 1231 1728 1252 omnes

943 1284 1091 1319 injustitias
1107 1287 1168 1309 tuas
1180 1278 1360 1314 elecmosynis
1373 1277 1485 1308 redime,
1500 1278 1530 1301 ut
1547 1269 1728 1300 mansuetudo

943 1317 1021 1357 detur
1044 1328 1104 1360 tibi,
1131 1331 1158 1354 et
1186 1325 1279 1353 multis
1304 1323 1402 1350 diebus
1423 1321 1461 1348 sis
1490 1326 1572 1354 super
1600 1317 1728 1344 thronum

944 1375 1020 1410 regni
1038 1374 1087 1404 tui,
1102 1378 1129 1400 et
1145 1379 1198 1399 non
1210 1369 1349 1405 disperdat
1363 1373 1399 1396 te.

978 1420 1023 1447 23.
1055 1418 1111 1446 llos
1136 1423 1278 1445 sermones
1303 1415 1418 1442 observa
1444 1421 1451 1439 ε
1473 1415 1563 1438 certus
1588 1407 1659 1435 enim
1689 1409 1730 1433 est

945 1474 1022 1493 meus
1045 1471 1145 1496 sermo,
1171 1467 1198 1490 et
1221 1461 1386 1494 completum
1407 1463 1515 1491 tempus
1537 1460 1624 1482 tuum.
1647 1452 1680 1478 Et
1703 1451 1729 1478 in

947 1513 1000 1538 linc
1016 1511 1160 1538 vrrborum
1180 1507 1443 1536 Nabuchodonosor,
1465 1505 1609 1538 postquam
1626 1498 1731 1526 audivit

948 1555 1200 1591 interpretationem
1222 1551 1345 1583 visionis,
1363 1550 1444 1577 verba
1470 1549 1497 1575 in
1523 1547 1604 1574 corde
1618 1551 1732 1572 conser-

947 1602 1028 1630 vavit.

981 1648 1028 1676 ‘26.
1047 1647 1078 1675 Et
1095 1651 1156 1682 post
1173 1652 1281 1673 menses
1301 1642 1444 1671 duodecim
1462 1647 1508 1667 rex
1531 1645 1613 1672 super
1637 1642 1732 1663 muros

949 1694 1068 1722 civitatis
1087 1701 1148 1720 cun)
1164 1692 1240 1720 omni
1259 1690 1401 1725 majestate
1417 1694 1467 1714 sua
1490 1682 1691 1714 deambulabat,
1705 1685 1733 1708 et

949 1749 1031 1776 super
1047 1745 1136 1768 turres
1149 1738 1208 1773 ejus
1224 1734 1417 1772 pertransibat,
1432 1736 1459 1759 et
1467 1729 1634 1764 respondens
1645 1727 1730 1755 dixit:

984 1827 1030 1854 ‘27.
1052 1825 1114 1854 llaec
1126 1829 1167 1853 est
1184 1823 1304 1859 Babylon
1316 1829 1425 1856 magna,
1437 1826 1519 1855 quam
1530 1825 1581 1853 ego
1592 1815 1733 1848 aediﬁcavi,

950 1875 1092 1902 ct'douius
1115 1873 1191 1906 regni
1217 1871 1270 1898 mei
1293 1870 1319 1896 in
1340 1867 1501 1896 fortitudine
1519 1864 1646 1900 potentiae
1668 1869 1736 1890 meae

953 1917 1093 1945 vocabitur
1106 1915 1139 1943 ad
1155 1916 1287 1942 honorem
1302 1913 1394 1948 gloriae
1408 1919 1488 1939 meae.

985 1962 1031 1990 28.
1051 1961 1119 1989 Cum
1134 1961 1223 1988 adhuc
1242 1966 1333 1987 sermo
1349 1958 1375 1984 in
1391 1964 1438 1984 ore
1453 1955 1525 1990 regis
1539 1954 1628 1986 esset,’
1640 1953 1667 1979 in
1684 1951 1736 1978 ﬁne

952 2008 1087 2037 sermonis
1099 2007 1142 2035 sui
1157 2013 1250 2034 vocem
1270 2005 1303 2032 de
1316 2004 1386 2032 caelo
1407 2002 1527 2030 audivit:
1546 1999 1607 2026 Tibi
1624 1998 1734 2029 dicitur,

952 2054 1206 2082 Nabuchodonosor
1231 2059 1278 2079 rex
1296 2059 1302 2077 :
1327 2057 1440 2084 regnum
1457 2045 1603 2082 Babylonis
1615 2044 1735 2072 ablatum

941 2106 995 2129 rest
1014 2109 1029 2128 a
1051 2105 1087 2132 te,
1106 2103 1134 2127 et
1158 2097 1235 2125 alteri
1255 2095 1335 2123 datur
1355 2094 1461 2128 abjecto
1486 2091 1589 2120 homini
1611 2090 1637 2117 in
1655 2089 1737 2117 domo

918 2163 939 2190 ι)
955 2151 1011 2176 tua.

991 2192 1060 2219 Ecce
1072 2198 1123 2225 ego
1137 2189 1275 2218 constituo
1288 2195 1348 2215 eum
1371 2193 1453 2221 super
1467 2191 1580 2219 regnum
1601 2187 1689 2213 tuum,
1711 2184 1739 2208 et

955 2242 1117 2274 potestatem
1135 2240 1222 2267 tuam.
1237 2239 1263 2262 et
1279 2233 1392 2270 gloriam
1413 2237 1500 2262 tuam,
1513 2234 1540 2257 ct
1550 2228 1664 2257 delicias
1678 2232 1739 2254 luas

957 2271 1080 2318 accipiet,
1106 2287 1135 2310 ut
1154 2288 1263 2313 noscas,
1289 2279 1353 2314 quia
1381 2279 1543 2313 potestatem
1569 2274 1651 2301 habet
1669 2271 1740 2299 Deus

957 2317 1059 2357 cmliin
1079 2335 1163 2363 regno
1186 2327 1341 2358 hominum,
1363 2328 1391 2351 et
1408 2323 1452 2351 cui
1470 2321 1598 2352 voluerit,
1617 2318 1690 2346 dabit
1707 2317 1740 2345 il-

957 2376 1015 2404 lud.
1037 2375 1130 2409 Usque
1151 2373 1185 2400 ad
1211 2372 1277 2400 solis
1294 2375 1384 2399 ortum
1401 2377 1446 2397 rex
1469 2367 1536 2395 alter
1555 2365 1688 2394 lzetabitur
1713 2364 1740 2391 in

958 2422 1039 2449 domo
1056 2425 1114 2451 tua,
1131 2424 1159 2446 et
1169 2417 1303 2446 obtinebit
1316 2416 1431 2452 gloriam
1447 2419 1533 2445 tuam,
1551 2417 1577 2440 et
1604 2409 1742 2438 fortitudi-

958 2475 1020 2495 nem
1037 2471 1122 2498 tuam,
1134 2469 1161 2492 et
1172 2467 1330 2499 potestatem
1343 2465 1428 2488 tuam.

994 2557 1040 2584 29.
1059 2555 1092 2582 Et
1113 2554 1199 2588 angeli
1218 2555 1420 2588 persequentur
1432 2554 1458 2577 te
1473 2549 1506 2576 ad
1519 2554 1606 2574 annos
1619 2550 1721 2580 septem
1735 2554 1742 2572 :

961 2608 988 2630 et
1009 2610 1062 2629 non
1091 2599 1243 2635 aspicit-ris,
1268 2605 1356 2632 neque
1382 2595 1501 2630 loqueris
1521 2601 1581 2620 cum
1602 2591 1677 2620 omni
1696 2591 1744 2618 ho-

962 2647 1034 2673 mine
1051 2654 1057 2671 :
1077 2644 1151 2672 fumo
1171 2649 1200 2670 ut
1221 2644 1315 2670 bovem
1336 2644 1447 2676 poscent
1470 2643 1506 2671 te,
1524 2642 1551 2665 ct
1571 2638 1603 2664 de
1622 2636 1745 2671 gramine

963 2695 1040 2717 terra:
1057 2690 1108 2716 erit
1123 2689 1250 2723 pabulum
1266 2693 1351 2713 tuum.
1367 2685 1436 2712 Ecce
1455 2690 1505 2718 pro
1518 2682 1603 2718 gloria
1617 2686 1661 2708 tua
1680 2680 1745 2715 liga—

964 2736 1030 2762 bunt
1046 2739 1082 2765 te,
1095 2738 1121 2761 et
1136 2736 1248 2761 domum
1265 2732 1424 2761 deliciarum
1445 2734 1567 2762 tuarum,
1577 2731 1605 2756 et
1618 2727 1695 2763 regni
1708 2726 1746 2753 tui

966 2781 1026 2808 alter
1044 2779 1162 2807 habebit.

1729 2837 1735 2850 ἃ
