1959 3079
276 91 347 120 2805

805 88 1044 122 “EXAPLORUM
1065 87 1109 121 QU
1116 87 1149 115 ΔΕ
1172 86 1388 114 SUPERSUNT.

1839 85 1907 113 28in

277 153 352 183 reni,
369 157 396 179 et
416 159 496 179 nemo
518 156 622 187 poterat
642 152 891 186 interpretationem
913 150 1058 183 scriptura:

1129 147 1155 173 αὶ
1169 147 1330 181 γαζαρηνοὶ,
1346 146 1393 173 καὶ
1410 146 1461 172 οὐκ
1473 144 1588 180 ἠδύνατο
1604 145 1690 177 οὐδεὶς
1712 144 1742 171 τὺ
1761 144 1905 180 σύγκριμα

277 195 450 222 annuutiare.

312 241 337 268 9.
354 241 429 268 Tunc
442 250 486 268 rex
502 243 606 269 vocavit
621 242 740 276 reginam
752 245 860 276 propter
874 241 925 267 hoc
940 241 1059 276 signum,

276 291 303 314 et
323 288 440 314 ostendit
458 288 498 319 ei,
516 295 597 322 quam
616 295 742 321 magnum
760 292 843 317 essot,
865 291 889 313 et
907 287 980 321 quod
997 287 1060 312 IIui-

278 334 319 359 lus
341 333 423 359 ltomo
447 338 537 367 posset
551 332 713 359 annuntiare
733 332 788 366 regi
809 332 1059 366 interpretationem

278 378 428 411 scripturae.

314 424 356 450 10.
380 423 478 451 Eodem
506 429 626 459 tempore
643 425 734 459 regina
757 424 920 451 mentionem
943 423 1061 450 Dauiulis

277 468 346 502 apud
369 475 431 495 eum
450 468 529 499 fecit.
548 469 594 503 qui
612 473 670 495 erat
689 469 722 496 de
749 468 906 501 captivitate
930 466 1040 494 Judrear.

313 512 354 539 ll.
378 512 408 539 Et
422 513 490 540 dixit
512 514 566 547 regi
589 523 595 539 :
613 513 699 540 Homo
716 513 829 540 scientia
848 513 977 547 praeditus
989 517 1059 544 erat,

275 562 303 583 et
318 558 437 591 sapiens,
454 563 481 585 et
495 566 627 592 superans
640 566 736 585 omnes
750 558 887 592 sapientes
903 557 1059 592 Babylonis.

276 607 304 628 et
316 601 435 636 Spiritus
455 607 566 630 sanctus
581 604 608 630 in
629 611 662 630 eo
684 609 725 630 est
745 609 793 630 :et
814 603 840 630 iu
857 603 954 630 diebus
974 603 1060 637 patris

278 648 316 674 tui
340 648 412 682 regis
443 648 679 683 interpretationes
703 649 834 676 sublimes
860 649 1059 676 demonstravit

277 691 527 721 Nabuchodonosor
542 695 610 729 patri
625 699 682 722 tuo.

314 739 357 766 15.
376 738 452 766 Tunc
475 739 566 767 Daniel
587 740 759 767 introductus
781 744 821 767 est
841 740 874 767 ad
898 747 1008 775 regem,
1035 745 1061 767 et

277 787 446 821 respondens
463 795 510 814 rex
524 786 593 813 dixit
607 786 631 813 ei
648 796 654 813 ι

314 833 356 859 11.
372 832 393 860 0
403 833 506 864 Daniel,
521 838 596 867 potes
611 831 1061 865 indiearemihiinterpretationem
1080 823 1098 849 Β

278 879 440 913 scriptum?

316 925 356 952 l6.
374 924 404 951 Et
422 925 534 952 vestiam
557 929 581 951 te
599 932 729 959 purpura,
748 928 775 950 et
793 928 890 958 torque
907 930 992 950 aureo
1009 923 1063 949 cir-

278 972 414 998 eunulabo
437 976 481 1003 te,
502 976 528 998 et
549 970 661 998 habebis
682 974 843 1005 potestatem
869 969 957 996 terti:e
976 968 1062 1004 partis

279 1016 352 1049 regni
365 1016 427 1042 mei.

313 1060 356 1088 17.
375 1059 452 1087 Tunc
476 1059 568 1086 Daniel
592 1059 666 1087 stetit
689 1066 703 1086 θ
726 1059 837 1093 regione
860 1058 1020 1091 scripturae,
1036 1063 1063 1085 ct

278 1105 351 1139 legit,
370 1110 397 1132 et
417 1106 457 1132 sic
482 1105 620 1139 respondit
640 1105 696 1139 regi
716 1113 721 1130 :
748 1104 811 1131 "me
833 1110 874 1131 est
900 1104 1034 1138 scriptura
1054 1113 1060 1130 ;

277 1152 454 1179 Numer-aluta
471 1156 525 1182 est,
543 1156 730 1186 computatum
747 1155 797 1182 est,
820 1151 940 1177 ablatum
955 1153 996 1177 est
1013 1158 1020 1176 :
1037 1153 1064 1176 et

278 1198 354 1225 stetit
368 1205 466 1226 manus
485 1197 623 1230 scribens,
642 1201 668 1224 et
685 1197 742 1224 haec
758 1201 797 1224 est
818 1195 1004 1231 interpretatio
1017 1202 1063 1222 eo-

279 1251 349 1270 l'lNll.

312 1289 356 1316 23.
378 1288 452 1322 Rex,
474 1293 501 1316 tu
522 1289 609 1316 fecisti
635 1288 790 1316 convivium
817 1287 914 1314 atnicis
940 1288 994 1314 tuis
1009 1308 1016 1319 ,
1037 1290 1063 1313 et

278 1333 389 1361 bibebas
404 1335 497 1360 vinum
511 1355 518 1367 ,
535 1339 562 1361 et
581 1341 645 1361 vasa
666 1333 765 1360 domus
783 1332 829 1360 Dei
850 1333 968 1359 viventis
983 1332 1063 1358 allata

278 1385 341 1407 sunt
356 1380 450 1412 tibi,et
465 1380 598 1407 bibebatis
612 1380 637 1406 in
655 1380 703 1412 eis,
727 1383 756 1406 tu
771 1383 797 1406 et
811 1379 955 1413 nptimates
973 1377 1021 1409 tui,
1037 1381 1065 1404 et

278 1425 409 1453 laudastis
427 1426 517 1453 omnia
535 1426 603 1453 idola
619 1425 760 1452 hominum
777 1424 932 1451 mattufacta
943 1443 950 1455 ,
965 1427 993 1450 et
1011 1423 1063 1449 Deo

278 1472 380 1499 viventi
399 1480 452 1499 non
469 1472 660 1504 benedixistis,
685 1476 711 1498 et
726 1471 840 1506 spiritus
858 1476 921 1499 tuus
936 1470 963 1497 in
980 1477 1063 1497 manu
1077 1486 1099 1515 ο

278 1517 348 1551 ejus,
361 1521 386 1544 et
404 1524 516 1552 regnum
535 1522 610 1544 tuum
631 1518 688 1551 ipse
701 1517 775 1544 dedit
790 1517 836 1544 tibi
847 1537 855 1549 ,
872 1521 897 1544 et
911 1523 965 1544 non
982 1515 1062 1542 bette-

279 1563 371 1591 dixisti
386 1564 422 1597 ei,
435 1571 523 1599 neque
536 1563 652 1591 laudasti
667 1571 740 1591 eum.

314 1652 359 1679 26.
378 1652 440 1680 Haec
452 1658 494 1680 est
508 1653 694 1687 interpretatio
710 1653 850 1687 scriptura:
865 1661 871 1678 :
887 1650 1063 1678 Numeratum

279 1702 322 1724 est
342 1702 447 1731 tempus
463 1698 539 1732 regni
560 1698 609 1724 tui.

315 1743 360 1770 27.
383 1743 454 1770 Finit
475 1751 586 1778 regnum
612 1748 703 1776 tuum;
726 1742 867 1777 praecisum
883 1748 941 1775 est,
958 1746 984 1768 et
1002 1748 1065 1768 con-

281 1793 449 1814 summatum
463 1792 514 1814 05L

315 1833 360 1861 28.
383 1832 505 1867 Regnum
523 1839 598 1859 tuum
615 1832 698 1860 Medis
711 1837 738 1859 et
749 1832 840 1860 Persis
857 1833 946 1860 datur.

317 1921 361 1948 29.
376 1921 452 1948 Tunc
467 1920 591 1948 Baltasar
612 1929 658 1949 rex
674 1921 762 1948 induit
780 1921 917 1948 Danielent
935 1929 1063 1955 purpura,

281 1972 308 1993 et
320 1972 442 2001 torquent
459 1974 571 1994 aureum
592 1967 790 2001 circumposuit
806 1967 848 1996 ei.
865 1972 890 1994 et
903 1967 976 1993 dedit
991 1971 1065 2001 pote-

281 2017 378 2040 statem
391 2014 414 2040 ei
432 2014 515 2041 tertia:
535 2013 617 2048 partis
630 2013 703 2048 regni
716 2014 767 2042 sui.

319 2101 363 2128 50.
381 2101 413 2135 Et
428 2102 613 2136 interpretatio
629 2102 701 2129 \‘enit
719 2110 801 2137 super
821 2102 942 2130 Baltasar
957 2109 1044 2136 regem
1058 2110 1064 2128 :

1111 193 1161 227 τῆς
1178 193 1284 228 γραφῆς
1294 191 1470 226 ἀπαγγεῖλαι.

1147 239 1172 266 9.
1191 239 1258 265 Τότε
1283 240 1297 265 ὁ
1315 238 1440 272 βασιλεὺς
1460 237 1574 264 ἐκάλεσε
1590 237 1639 272 τὴν
1662 237 1828 272 βασίλισσαν
1845 238 1904 272 περὶ

1111 287 1205 312 τούτου
1217 284 1342 320 σημείου,
1361 284 1408 311 καὶ
1422 283 1560 316 ὑπέδειξεν
1577 284 1662 318 αὐτῇ,
1681 284 1719 314 ὼς
1737 282 1817 317 μέγα
1836 283 1902 314 ἐστὶ,

1112 332 1158 357 καὶ
1173 331 1213 357 ὅτι
1227 331 1280 361 πᾶς
1293 330 1436 364 ἄνθρωπος
1451 329 1482 356 οὺ
1496 329 1606 356 δύναται
1619 328 1794 362 ἀπαγγεῖλαι
1810 328 1850 363 τῷ
1860 327 1903 362 βα-

1113 376 1181 402 σιλεί
1195 376 1226 402 τὸ
1240 376 1380 411 σύγκριμα
1393 375 1442 410 τῆς
1456 375 1576 411 γραφῆς.

1148 422 1192 449 10.
1210 421 1275 448 Τότε
1298 421 1471 456 ήβασίλισσα
1494 421 1618 456 ἐμνήσθη
1646 422 1714 457 πρὸς
1739 423 1828 449 αὑτὸν
1844 423 1905 457 περὶ

1112 467 1158 494 τοῦ
1174 467 1280 502 Δανιὴλ,
1295 468 1324 499 ὃς
1338 465 1372 502 ἦν
1387 467 1419 493 ὲκ
1429 467 1479 501 τῆς
1489 467 1676 502 αἰχμαλωσίας
1689 468 1739 502 τῆς
1759 468 1902 499 Ἰουδαίας.

1148 514 1191 540 11.
1212 514 1267 540 Καὶ
1279 511 1339 540 εἶπε
1348 513 1389 548 τῷ
1412 513 1532 548 βασιλεῖ’
1543 513 1572 539 '0
1584 513 1726 548 ἄνθρωπος
1742 514 1904 548 ἐπιστήμων

1112 557 1146 595 ἦν
1159 560 1205 585 καὶ
1217 559 1307 593 σοφὸς,
1323 559 1368 585 καὶ
1385 559 1527 594 ὑπερέχων
1541 559 1644 590 πάντας
1661 560 1725 590 τοὺς
1741 560 1847 593 σοφοὺς
1857 560 1903 585 Ba-

1113 604 1242 636 ϐυλὼνος,
1258 604 1304 630 καὶ
1316 604 1428 639 Πνεῦμα
1438 604 1514 638 ἅγιον
1528 604 1557 630 ὲν
1571 604 1644 639 αὐτῷ
1658 605 1725 637 ἐστι,
1744 604 1797 630 καὶ
1809 604 1838 630 ὲν
1849 606 1904 635 ταῖς

1113 650 1231 685 ἡμέραις
1248 650 1294 676 τοῦ
1318 651 1421 685 πατρός
1442 658 1488 676 σου
1506 650 1552 676 τοῦ
1573 650 1705 685 βασιλέως
1728 651 1903 685 συγκρίματα

1113 695 1253 728 ὑπέρογκα
1269 694 1391 727 ὑπέδειξε
1403 695 1638 730 Ναὸουχοδονόσορ
1652 694 1692 729 τῷ
1708 695 1799 730 πατρί
1814 703 1870 721 σου.

1149 741 1191 767 15.
1209 741 1274 767 Τότε
1289 741 1389 775 Δανιὴλ
1415 741 1529 776 εἰσήχθη
1555 741 1622 776 πρὸς
1642 742 1688 768 τὸν
1705 741 1835 776 βασιλέα·
1861 742 1903 767 καὶ

1114 786 1273 822 ἀποκριθεὶς
1289 787 1302 813 6
1324 786 1448 821 βασιλεὺς
1465 785 1540 813 εἶπεν
1552 787 1636 821 αὺτῷ-

1152 831 1194 858 14.
1211 829 1245 857 Ὦ
1271 831 1380 867 Δανιὴλ,
1395 830 1461 868 δύνῃ
1487 840 1530 867 μοι
1556 832 1694 864 ὑποδεῖξαι
1714 831 1746 858 τὸ
1765 830 1901 866 σύγκριμα

1113 877 1162 912 τῆς
1176 877 1302 912 rearis;

1150 924 1192 950 16.
1210 923 1263 949 Καὶ
1287 922 1384 949 στολιῶ
1397 931 1426 949 σε
1451 923 1604 958 πορφύραν,
1619 923 1666 950 καὶ
1683 922 1829 958 μανιάκην
1844 930 1902 957 χρυ-

1115 968 1178 995 σοῦν
1195 968 1336 1004 περιθήσω
1359 977 1411 1000 σοι,
1436 969 1482 995 καὶ
1509 969 1580 1002 ἔξεις
1603 967 1726 1000 ἐξουσίαν
1751 967 1804 995 τοῦ
1815 967 1902 1003 τρίτου

1115 1015 1215 1050 μέρους
1228 1014 1277 1049 τῆς
1296 1014 1435 1049 βασιλείας
1450 1023 1511 1050 μου.

1151 1060 1193 1086 17.
1213 1060 1278 1086 Τότε
1298 1059 1397 1095 Δανιὴλ
1410 1059 1475 1094 ἔστη
1499 1059 1643 1086 κατέναντι
1655 1061 1704 1095 τῆς
1719 1059 1847 1095 γραφῆς,
1861 1060 1902 1085 καὶ

1114 1106 1237 1140 ἀνέγνω,
1262 1106 1308 1132 καὶ
1327 1105 1412 1137 οὕτως
1427 1105 1563 1141 ἀπεκρίθη
1585 1106 1624 1141 τῷ
1652 1106 1778 1140 βασιλεῖ·
1795 1105 1867 1140 Αὕτη

1115 1152 1219 1188 γραφὴ,
1228 1152 1403 1188 Ἠρίθμηται,
1414 1152 1604 1186 κατελογίσθη,
1617 1153 1739 1187 ἐξῆρται,
1747 1152 1800 1178 καὶ
1815 1151 1877 1183 ἔστη
1887 1153 1900 1185 ἡ

1115 1199 1243 1234 γράψασα
1258 1200 1329 1234 χεὶρ,
1349 1199 1395 1225 καὶ
1409 1197 1479 1233 αὓτη
1499 1199 1515 1233 ἠ
1532 1198 1677 1233 σύγκρισις
1694 1198 1802 1224 αὐτῶν.

1149 1290 1193 1317 25.
1211 1288 1335 1322 Βασιλεῠ,
1352 1288 1384 1315 σὺ
1401 1288 1522 1323 ἐποιήσω
1545 1287 1719 1322 ἑστιατορίαν
1736 1287 1798 1317 τοῖς
1823 1286 1901 1320 φίλοις

1115 1345 1173 1369 σου,
1192 1336 1239 1362 καὶ
1261 1335 1352 1366 ἔπινες
1377 1332 1447 1361 οἶνον
1459 1354 1466 1367 ,
1485 1334 1534 1360 καὶ
1550 1334 1583 1360 τὰ
1601 1334 1685 1367 σκεύη
1703 1332 1753 1359 τοῦ
1769 1332 1845 1358 οἴκου
1860 1331 1900 1357 τοῦ

1114 1381 1181 1408 Θεοῦ
1198 1380 1244 1408 toﬁ
1262 1381 1363 1413 ζῶντος
1379 1380 1480 1415 ἠνέχθη
1503 1388 1553 1410 σοι,
1571 1380 1618 1405 καὶ
1637 1379 1746 1405 ἐπίνετε
1757 1379 1788 1404 ὲν
1806 1378 1898 1407 αὐτοῖς.

1116 1427 1147 1453 σὺ
1171 1427 1217 1453 καὶ
1231 1427 1255 1453 οἱ
1269 1426 1433 1461 μγιστᾶνές
1448 1434 1504 1457 σου,
1522 1426 1567 1451 καὶ
1579 1425 1693 1460 ᾐνέσατε
1709 1424 1802 1450 πάντα
1817 1423 1850 1449 τὰ
1867 1423 1899 1449 εί-

1115 1472 1186 1498 δωλα
1198 1471 1233 1498 τὰ
1246 1471 1423 1507 χειροποίητα
1435 1471 1488 1497 τῶν
1506 1469 1668 1505 ἀνθρώπιον,
1684 1470 1732 1496 καὶ
1743 1469 1783 1503 τῷ
1797 1469 1854 1501 Θεῷ
1867 1469 1899 1501 τῷ

1116 1516 1197 1549 ζῶντι
1209 1517 1258 1543 οὐκ
1270 1516 1447 1551 εὐλογήσατε,
1463 1515 1510 1542 καὶ
1522 1515 1552 1541 τὸ
1566 1514 1672 1549 πνεῦμά
1687 1522 1736 1540 σου
1754 1515 1784 1540 ἐν
1794 1514 1826 1548 τῇ
1837 1514 1899 1548 χειρὶ

1116 1563 1210 1595 αὑτοῦ,
1228 1562 1274 1589 καὶ
1288 1562 1319 1588 τὸ
1333 1561 1467 1597 βασίλειόν
1483 1569 1529 1587 σου
1549 1561 1629 1591 αὐτὸς
1645 1560 1731 1586 ἔδωκέ
1749 1568 1791 1586 σοι
1803 1561 1829 1578 ὲ
1840 1567 1847 1574 ·
1859 1559 1898 1585 καὶ

1114 1609 1164 1635 οὐκ
1178 1608 1326 1643 εὐλόγησας
1338 1608 1428 1639 αὑτὸν,
1439 1607 1500 1633 οὐδὲ
1512 1607 1610 1642 ᾔνεσας
1627 1604 1709 1640 αὐτῷ.

1150 1654 1195 1680 26.
1214 1653 1300 1680 Τοῦτο
1313 1653 1343 1679 τὸ
1357 1653 1496 1687 σύγκριμα
1510 1653 1557 1687 τῆς
1569 1650 1678 1686 γραφῆς
1689 1658 1696 1665 ³
1714 1650 1898 1685 Ἦρίθμηταιύ

1117 1699 1212 1734 χρόνος
1229 1707 1275 1725 σον
1290 1698 1340 1732 τῆς
1359 1697 1508 1732 βασιλείας.

1151 1743 1196 1770 27.
1220 1743 1364 1778 Ἀπολήγει
1379 1743 1395 1776 ὴ
1413 1741 1535 1776 βασιλεία
1555 1749 1618 1767 σου·
1633 1740 1834 1774 συντέτμηται,
1857 1737 1898 1764 καὶ

1119 1789 1331 1816 συντετέλεσται.

1152 1835 1197 1861 28.
1217 1834 1248 1860 Ἡ
1264 1833 1385 1869 βασιλεία
1399 1841 1446 1859 σου
1471 1834 1527 1864 τοῖς
1538 1832 1641 1867 Μήδοις
1654 1831 1701 1857 καὶ
1715 1831 1774 1861 τοῖς
1790 1829 1897 1864 Πέρσαις

1117 1880 1227 1906 δίδοται.

1152 1926 1197 1954 29.
1216 1926 1282 1951 Τότε
1298 1925 1441 1959 Βαλτάσαρ
1454 1924 1468 1950 ὁ
1489 1923 1614 1958 βασιλεὺς
1627 1922 1736 1949 ἐνέδυσε
1747 1922 1793 1948 τὸν
1808 1919 1896 1957 Δανιὴλ

1119 1970 1273 2007 πορφύραν⁷
1288 1971 1335 1997 καὶ
1356 1970 1492 2004 μανιάκην
1511 1969 1628 2004 χρυσοῦν
1644 1967 1809 2002 περιέθηκεν
1820 1964 1895 1998 αὐτῷ,

1119 2018 1165 2044 καὶ
1179 2017 1280 2043 ἔδωκεν
1306 2016 1431 2048 ἐξουσίαν
1455 2014 1530 2049 αὐτῷ
1553 2014 1600 2041 τοῦ
1623 2014 1715 2049 τρίτου
1745 2013 1843 2048 μέρους
1854 2011 1896 2044 τῆς

1120 2063 1256 2098 βασιλείας
1268 2062 1360 2089 αὑτοῦ.

1155 2108 1199 2135 50.
1218 2108 1271 2134 Καὶ
1285 2107 1315 2133 τὸ
1330 2107 1470 2142 σύγκριμα
1484 2106 1585 2140 ἐπῆλθε
1606 2104 1753 2139 Βαλτὰσαρ
1775 2103 1813 2138 τῷ
1827 2103 1892 2137 βασι-

282 2152 307 2174 et
324 2155 438 2181 regnum
464 2148 583 2175 ablatum
601 2154 644 2176 est
661 2156 675 2176 a
696 2148 830 2176 Chaldaais
841 2168 853 2181 ,,
869 2153 896 2175 et
914 2149 1012 2175 datum.
1027 2152 1062 2174 est

1129 2155 1174 2180 λεϊ-
1197 2154 1243 2180 καὶ
1267 2153 1297 2180 τὸ
1318 2153 1451 2188 βασίλειον
1473 2152 1585 2187 ἐξῆρται
1613 2151 1668 2176 ἀπὸ
1684 2149 1739 2175 τῶν
1754 2147 1892 2176 Χαλδαίων.

283 2192 379 2225 Medis,
392 2198 418 2219 et
435 2193 535 2221 Persis.

318 2239 362 2267 51.
383 2239 414 2266 Ει
443 2239 605 2267 Artaxerxes
628 2240 722 2268 Medus
749 2241 854 2275 accepit
881 2248 1013 2275 regnum,
1041 2243 1068 2266 ct

284 2283 382 2312 Darius
397 2285 492 2320 plenus
507 2286 612 2313 dierum
624 2306 631 2318 ,
645 2291 671 2314 et
688 2286 826 2321 gloriosus
840 2286 866 2316 in
882 2290 1030 2315 senectute.

583 2398 696 2426 CAPUT
719 2397 760 2426 Vl.

322 2456 346 2483 1.
368 2455 400 2482 Et
417 2456 561 2485 constituit
583 2461 707 2491 satrapas
722 2461 835 2486 centum
852 2456 946 2492 viginti
965 2462 1066 2492 septem

285 2509 365 2536 super
379 2502 533 2529 ιιιιίνθιιειιιιι
549 2510 659 2537 regnum
678 2510 768 2529 suum.

320 2547 346 2574 2.
368 2546 401 2574 Et
417 2555 498 2582 super
512 2556 574 2579 eos,
592 2548 664 2576 viros
683 2553 736 2575 tres
749 2547 831 2575 duces
843 2555 936 2574 eorum
952 2556 957 2573 :
976 2553 1001 2574 ct
1017 2547 1067 2577 Da-

287 2593 339 2619 niel
357 2601 426 2621 unus
439 2599 497 2620 erat
509 2602 540 2621 ex
561 2594 647 2622 tribus
659 2595 739 2629 ritis,

322 2638 348 2664 5.
368 2637 454 2672 Super
472 2647 566 2667 ontnes
584 2640 685 2667 habens
701 2644 860 2674 potestatem
878 2640 904 2667 in
922 2648 1013 2675 regno.

323 2682 348 2708 ’1.
370 2681 462 2709 Daniel
474 2688 562 2711 autem
577 2685 754 2712 eratindutus
773 2692 902 2719 purpura,
915 2689 941 2712 et
955 2692 1069 2720 magnus

288 2732 314 2754 et
331 2727 478 2755 honoratus
501 2728 528 2755 in
548 2734 695 2764 conspectu
721 2729 792 2756 Darii
814 2726 905 2764 regis",
927 2735 1068 2764 propterea

290 2773 359 2807 quod
371 2778 441 2800 esset
454 2773 584 2807 celebris,
606 2779 630 2802 et
649 2775 762 2803 scientia
778 2775 915 2810 prmditus,
931 2779 956 2802 ct
972 2775 1070 2803 intelli«

1119 2199 1165 2225 καὶ
1178 2198 1254 2233 ἐδόθη
1272 2199 1327 2229 τοὶς
1340 2197 1443 2232 Μήδοις
1459 2197 1506 2223 κα)⁹
1520 2198 1575 2227 τοῖς
1590 2196 1719 2231 Πέρσαις.

1153 2245 1197 2272 51.
1216 2244 1272 2271 Καὶ
1295 2243 1476 2279 Ἀρταξέρξης
1488 2244 1502 2268 ὁ
1516 2243 1569 2270 τῶν
1590 2242 1689 2276 Μήδων
1705 2239 1842 2276 παρέλαΰε
1851 2238 1893 2271 τὴν

1120 2289 1268 2325 βασιλείαν,
1278 2289 1325 2315 καὶ
1341 2289 1453 2323 Δαρεῖος
1467 2287 1571 2322 πλήρης
1586 2286 1640 2312 τῶν
1663 2285 1788 2320 ἡμερῶν,
1803 2283 1844 2310 καὶ
1857 2283 1892 2307 ὲν-

1118 2335 1192 2368 δοξος
1207 2335 1235 2361 ὲν
1247 2335 1336 2370 γήρει.

1418 2401 1541 2427 ΚΕΦΛΛ.
1563 2401 1608 2433 ς’.

1157 2458 1180 2484 1.
1198 2457 1251 2483 Καὶ
1270 2456 1421 2491 κατέστησε
1443 2456 1585 2492 σατράπας
1608 2456 1704 2487 ἑκατὸν
1726 2455 1809 2481 εἴκοσι
1831 2451 1889 2479 ἑπτὰ

1120 2504 1165 2530 ἐπὶ
1181 2504 1269 2537 πάσης
1284 2502 1333 2537 τῆς
1351 2502 1488 2536 βασιλείας
1501 2502 1596 2529 αὐτοῦ.

1154 2549 1180 2576 2.
1201 2549 1254 2574 Καὶ
1266 2548 1309 2574 ἐπ’
1323 2547 1412 2574 αὐτῶν
1427 2547 1524 2582 ἄνδρας
1537 2548 1612 2582 τρεῖς
1624 2547 1789 2582 ήγαυμένους
1800 2543 1887 2571 αὐτῶν

1121 2597 1167 2622 καὶ
1181 2594 1278 2630 Δανιὴλ
1290 2593 1329 2625 εἷς
1341 2592 1374 2629 ἦν
1393 2593 1447 2620 τῶν
1462 2594 1544 2629 τριῶν
1560 2594 1673 2628 ἀνδρῶν.

1155 2641 1182 2667 5.
1205 2640 1290 2675 ’Υπὲρ
1310 2639 1414 2671 πάντας
1431 2639 1499 2674 ἔχων
1515 2639 1639 2671 ἐξουσίαν
1656 2639 1684 2665 ἐν
1705 2640 1736 2674 τῇ
1752 2635 1871 2673 βασιλεῐςι.

1154 2687 1181 2712 4.
1196 2686 1251 2712 Καὶ
1262 2685 1360 2720 Δανιὴλ
1373 2683 1406 2720 ἦν
1420 2685 1591 2720 ἐνδεδυμένος
1617 2685 1758 2720 πορφύραν
1770 2704 1777 2717 ,
1794 2682 1835 2708 καὶ
1846 2679 1886 2714 μὲ-

1120 2740 1170 2765 γας
1195 2730 1240 2757 καὶ
1251 2730 1354 2761 ἔνδοξος
1369 2730 1457 2756 ἔναντι
1469 2730 1579 2764 Δαρείου
1594 2730 1640 2756 τοῦ
1657 2728 1797 2764 βασιλέως,
1806 2724 1886 2752 καθότι

1121 2776 1153 2812 ἦν
1169 2775 1282 2808 ἔνδοξος,
1300 2776 1344 2802 καὶ
1357 2776 1524 2811 ἐπιστήμων,
1539 2776 1583 2802 καὶ
1601 2775 1719 2806 suas-31;,
1734 2774 1778 2800 καὶ
1789 2770 1886 2804 Πνεῦμα
