1959 3079
33 182 113 210 2305

678 180 803 208 DANIEL
822 178 935 206 CAI’UT
953 179 997 206 Vl.

1603 171 1674 199 9806

36 243 121 277 ἅγιον
137 243 165 269 ἐν
180 243 257 277 αὐτῷ
275 243 377 275 -ιο,καὶ
390 243 600 277 εὐ-ι-οδούμενος
619 243 648 268 ὲν
669 243 727 274 ταῖς
747 249 836 276 πραγ-

911 247 968 271 eus,
982 244 1007 266 et
1023 239 1139 274 Spiritus
1149 242 1258 266 sanctus
1271 237 1297 263 in
1311 244 1352 268 eo,
1367 239 1392 262 et
1409 240 1536 269 prospere
1550 239 1632 267 agens
1647 233 1673 258 in

40 289 176 323 ματείαις
191 295 223 316 +
239 288 289 315 τοῦ
306 288 451 323 βασιλέως,
466 285 510 319 αἷς
528 288 659 324 ἔπρασσε.

82 333 151 359 Τότε
164 334 178 359 ὁ
191 333 322 368 βασιλεὺς
348 332 525 360 ὲδουλεύσατο
547 334 715 368 καταστῆσαι
727 333 772 359 τὸν
788 334 839 359 Δα-

44 378 108 413 ut)
133 379 180 404 ἐπὶ
204 378 297 414 πάσης
313 380 362 414 τῆς
385 378 522 413 βασιλείας
545 378 637 410 αὐτοῦ,
654 379 699 404 καὶ
714 378 776 409 τοὺς
793 378 840 404 δύο

43 425 161 457 ἄνδρας,
180 423 229 455 οὓς
253 425 406 458 κατέστησε
433 424 492 458 μετ’
508 423 611 455 αὑτοῦ,
632 424 679 450 καὶ
700 423 841 458 σατράπας

45 469 149 495 ἑκατὸν
166 468 255 494 εἴκοσι
268 469 349 496 ἑπτά.
368 468 432 494 Ὅτε
443 468 471 494 δὲ
484 468 663 495 ἐϐουλεύσατο
685 470 699 495 ὁ
716 468 841 503 βασιλεὺς

46 514 225 549 καταστῆσαι
236 514 282 540 τὸν
300 514 398 549 Δανιὴλ
413 514 458 540 ἐπὶ
473 514 562 549 πάσης
581 514 630 549 τῆς
645 514 784 549 βασιλείας
799 515 842 541 αὐ-

48 568 111 588 του.

87 605 115 632 5.
132 605 202 632 Τότε
218 605 315 640 βουλὴν
343 606 389 632 καὶ
404 606 516 641 γνώμην
528 606 719 632 ἐϐουλεύσαντο
740 606 769 632 ὲν
782 606 844 632 ἐαυ‹

50 652 111 682 τοῖς
126 652 150 677 οἱ
164 651 213 677 δύο
230 651 366 678 νεανίσκοι
390 651 459 686 πρὸς
485 651 614 687 ἀλλήλους
631 651 755 686 λέγοντες
771 652 844 687 (ἐπεὶ

50 695 184 730 οὐδεμίαν
200 696 338 731 ἁμαρτίαν
357 697 416 723 οὐδὲ
430 697 541 731 ἄγνοιαν
558 697 688 733 ηὖρισκον
707 697 776 724 κατὰ
796 697 844 724 τοῦ

52 741 165 776 Δανιὴλ,
184 743 249 777 περὶ
262 740 295 777 ἧς
312 744 543 778 κατηγορήσουσιν
560 743 641 770 αὐτοῦ
654 743 722 778 πρὸς
737 743 781 770 τὸν
795 743 843 778 βα-

54 788 159 822 σιλέα),
173 788 220 814 καὶ
229 785 320 816 εἷπαψ
332 788 423 821 Δεῦτε,
436 790 579 825 στήσωμεν
586 790 698 825 ὁρισμὸν
707 789 769 816 καθ’
781 791 845 815 ἑαυ-

54 833 123 865 τῶν,
139 834 182 860 ὅτι
199 835 253 865 πᾶς
265 833 406 869 ἄνθρωπος
423 836 472 862 οὐκ
485 835 596 867 ἀξιώσει
611 835 729 870 ἀξίωμα,
753 836 799 862 καὶ
815 835 845 862 οὺ

58 876 97 913 μὴ
111 877 230 913 εὔξηται
240 878 322 913 εὐχὴν
333 879 387 905 ἀπὸ
397 880 496 911 παντὸς
511 879 572 906 οεοῦ
586 880 637 911 ἕως
649 879 759 915 ἡμερῶν
771 879 846 915 τριά-

57 932 152 956 κοντα,
167 923 227 950 ἀλλ’
242 923 257 958 ἢ
275 924 352 959 παρὰ
366 925 477 960 Δαρείου
495 924 542 951 τοῦ
558 924 688 959 βασιλέως
698 933 705 940 ’
719 926 744 951 εί
757 925 784 951 δὲ
798 924 845 959 μὴ.

56 970 254 996 ἀποθανεῖται·
273 969 315 995 ἵνα
331 970 467 1004 ήττήσωσι
486 970 530 996 τὸν
547 970 646 1005 Δανιὴλ
667 970 787 996 ἐναντιον
800 969 846 996 τοῦ

57 1016 206 1050 βασιλέως,
229 1016 276 1042 καὶ
302 1018 365 1052 ριφῇ
383 1017 421 1048 εἰς
445 1016 490 1043 τὸν
516 1016 616 1043 λάκκον
643 1016 697 1043 τῶν
721 1016 846 1043 λεόντων.

59 1062 194 1096 ᾟδεισαν
209 1061 274 1096 γὰρ,
296 1062 335 1089 ὃτι
355 1061 452 1097 Δανιὴλ
476 1062 671 1097 προσεύχεται,
694 1062 741 1088 καὶ
757 1061 848 1087 δεῖται

57 1107 167 1142 Κυρίου
185 1107 232 1133 τοῦ
244 1107 311 1133 Θεοῦ
325 1107 405 1134 αὑτοῦ
417 1107 476 1142 τρὶς
490 1107 539 1142 τῆς
555 1107 671 1142 ἡμέρας.

92 1197 123 1225 6.
133 1198 203 1224 Τότε
215 1197 402 1233 προσῆλθοσαν
412 1198 436 1224 οξ
448 1197 584 1233 ἄνθρωποι
593 1199 700 1230 ἐκεῖνοι,
714 1198 760 1224 καὶ
771 1196 849 1225 εἶπαν

57 1244 185 1271 ἐναντίον
198 1243 246 1270 τοῦ
263 1244 402 1279 βασιλέως.

95 1291 125 1316 7.
147 1289 277 1325 Ὁρισμὸν
304 1290 351 1316 καὶ
360 1289 624 1324 στάσινὲστήσαμεν,
635 1290 675 1316 ὅτι
689 1291 743 1321 πᾶς
750 1289 851 1325 ἄνθρω-

56 1344 129 1368 πος,
146 1336 177 1367 ὃς
193 1335 226 1362 ἂν
241 1335 350 1370 εὔξηται
365 1335 455 1370 εὐχὴν,
469 1335 485 1369 ἢ
499 1334 600 1370 ἀξιώσῃ
613 1334 721 1370 ἀξίωμά
735 1344 760 1362 τι
777 1335 851 1370 παρὰ

57 1382 166 1414 παντὸς
194 1381 258 1408 θεοῦ
280 1382 332 1413 ἕως
351 1381 462 1418 ἡμερῶν
483 1381 647 1415 τριάκοντα,
664 1381 721 1407 ἀλλ’
745 1381 760 1416 ἢ
777 1380 851 1416 παρὰ

56 1427 179 1464 Δαρείου
191 1428 238 1454 τοῦ
250 1427 391 1462 βασιλέως.

94 1473 126 1501 8.
144 1474 302 1508 Ῥιφήσεται
317 1473 356 1503 εις
369 1472 413 1499 τὸν
430 1471 530 1499 λάκ-κον
544 1472 597 1499 τῶν
609 1472 733 1498 λεόντων.

95 1518 125 1547 9.
140 1519 198 1545 Καὶ
213 1518 299 1549 οὕτως
313 1519 326 1544 ὁ
341 1517 466 1552 βασιλεὺς
477 1518 589 1553 Δαρεῖος
605 1517 712 1552 ἔστησε,
727 1515 774 1542 καὶ
788 1516 852 1542 ἐκύ-

60 1574 165 1601 ρωσεν.

99 1611 145 1638 10.
169 1609 311 1642 Ἐπιγνοὺς
326 1608 353 1635 δὲ
368 1608 466 1643 Δανιὴλ
488 1608 533 1634 τὸν
549 1607 680 1642 ὁρισμὸν,
704 1610 733 1634 ὸν
753 1606 851 1641 ιστησε

61 1655 126 1682 κατ’
158 1654 252 1684 αὑτοῦ,
270 1653 379 1688 θυρίδας
399 1652 502 1688 ἤνοιξεν
522 1652 550 1678 ἐν
567 1651 606 1686 τῷ
630 1652 745 1687 ὑπερῴῳ
769 1649 853 1676 αὐτοῦ

62 1700 211 1727 κατέναντι
233 1698 410 1734 Ἰερουσαλήμ
424 1706 430 1711 ·
459 1699 504 1724 καὶ
520 1698 634 1723 ἔπιπτεν
650 1696 695 1722 ἐπὶ
710 1696 854 1730 πρόσωπον

63 1745 149 1775 αὐτοῦ
165 1746 227 1782 τρὶς
239 1747 289 1781 τῆς
302 1745 416 1780 ἡμέρας,
429 1744 520 1775 καθὼς
535 1744 620 1770 ἐποίει
633 1742 797 1778 ἔμπροσθεν,
807 1741 855 1768 καὶ

64 1801 109 1819 εοε
113 1801 164 1819 ιτο.

102 1839 148 1866 ll.
165 1838 220 1864 Καὶ
240 1837 318 1863 αὐτοὶ
338 1836 475 1871 ἐτήρησαν
489 1835 534 1861 τὸν
551 1834 661 1870 Δανιὴλ,
677 1833 724 1860 καὶ
740 1833 854 1860 κατελά-

64 1886 151 1912 ϐοσαν
163 1884 244 1912 αὑτὸν
251 1884 402 1919 εὐχόμενον
414 1883 473 1918 τρὶς
484 1882 534 1917 τῆς
547 1880 653 1917 ἡμέρας
666 1880 726 1907 καθ’
738 1880 855 1914 ἑκάστην

63 1932 187 1967 ἡμέραν.

103 1988 148 2015 12.
174 1987 240 2014 Τότε
252 1985 325 2013 οὗτοι
340 1986 366 2012 οἱ
388 1985 527 2020 ἄνθρωποι
549 1983 671 2018 ἐνέτυχον
688 1982 727 2018 τῷ
741 1982 855 2017 βασιλεῖ,

66 2035 116 2063 καὶ
130 2033 222 2061 εἶπαν’
238 2034 334 2069 Δαρεῖε
360 2031 481 2066 βασιλεῦ,
498 2031 546 2066 οὐχ
556 2029 669 2065 ὁρισμὸν
693 2029 796 2064 ὡρίσω,
815 2029 857 2054 ἵνα

66 2083 123 2112 πᾶς
138 2080 281 2115 ἄνθρωπος
298 2078 335 2113 μὴ
349 2077 459 2111 εὔξηται
472 2076 564 2112 εὐχὴν,
577 2075 642 2111 μηδὲ
658 2074 761 2110 ἀξιώσῃ
775 2074 857 2106 ἀξίω-

69 2137 108 2164 μα
123 2125 313 2161 παράνπαντδς
332 2124 400 2151 Θεοῦ
423 2124 475 2155 ἕως
487 2122 599 2158 ἡμερῶν
617 2122 772 2158 τριάκοντα,
791 2120 858 2147 ἀλλὰ

67 2174 148 2209 παρὰ
161 2172 219 2205 σοῦ,
237 2171 364 2207 ﬁndat");
382 2171 406 2197 sl.
422 2170 450 2196 δὲ
467 2169 514 2205 μὴ,
527 2169 670 2204 ῥιφήσεται
685 2168 725 2199 εις
735 2166 781 2193 τὸν
790 2166 858 2192 λάκ-

67 2229 118 2247 κον
131 2219 186 2245 τῶν
197 2218 324 2244 λεόντων,

107 2277 150 2304 15.
167 2274 336 2310 ’Δποχριθελς
351 2274 378 2299 δὲ
394 2274 407 2299 ὁ
418 2273 543 2307 βασιλεὺς
558 2269 633 2297 εἶπεν
649 2271 752 2302 αὐτοῖς,
764 2270 858 2305 ’Δκρι-

70 2324 121 2358 Cl};
136 2323 152 2349 ὁ
166 2322 253 2356 λόγος,
266 2322 312 2348 καὶ
331 2322 406 2356 μενεῖ
418 2321 431 2346 ὁ
455 2319 577 2355 ὁρισμός.
605 2319 659 2344 Καὶ
683 2315 758 2343 εἶπον
772 2316 856 2352 αὐτῷ·

76 2368 240 2405 Ὀρκίζομέν
249 2377 278 2394 σε
291 2369 345 2398 τοῖς
360 2366 459 2401 Μήδων
483 2366 529 2391 καὶ
540 2364 653 2400 Περσῶν
664 2364 804 2397 δόγμασιν,
818 2363 860 2389 ἵνα

74 2414 113 2450 μὴ
127 2413 277 2449 ἀλλοιώσῃς
295 2412 324 2438 τὸ
339 2412 514 2447 πρόσταγμα,
533 2409 598 2444 μηδὲ
617 2408 759 2443 θαυμάσῃς
778 2407 860 2442 πρόπ-

71 2468 149 2486 ωπον
159 2466 165 2472 ⁸
183 2459 229 2485 καὶ
241 2458 285 2484 ἴνα
301 2456 338 2492 μὴ
353 2455 505 2491 ἐλαττώσῃς
520 2463 545 2480 τι
555 2453 778 2489 τῶνείρημένων,
794 2452 861 2478 ἀλλὰ

73 2505 122 2532 καὶ
139 2503 258 2540 κολάσῃς
272 2503 318 2529 τὸν
337 2502 490 2537 ἄνθρωπον,
507 2501 535 2532 ὃς
548 2501 598 2526 οὐκ
610 2500 730 2535 ἐνέμεινε
747 2498 786 2533 τῷ
806 2500 860 2533 ὁρι-

75 2550 137 2585 σμῷ
147 2550 244 2584 τούτῳ.
254 2549 310 2576 Καὶ
320 2547 404 2575 εἶπεν·
421 2548 512 2579 Οὕτως
522 2547 635 2581 ποιήσω,
650 2543 741 2576 καθὼς
756 2544 860 2577 λέγετε,

73 2595 121 2622 καὶ
130 2595 230 2630 ἕστηκέ
244 2603 288 2629 μοι
304 2593 391 2620 τοῦτο.

109 2651 154 2678 14.
165 2650 223 2677 Καὶ
239 2647 320 2676 εἶπαν
329 2657 335 2664 ·
353 2648 417 2675 Ἰδοὺ
429 2647 545 2682 εὕρομεν
560 2645 659 2680 Δανιὴλ
673 2644 717 2671 τὸν
733 2643 806 2678 φίλον
816 2651 860 2669 σου

75 2696 222 2731 εὐχόμενον
238 2695 286 2721 καὶ
298 2693 424 2728 δεόμενον
436 2691 483 2718 τοῦ
499 2691 644 2726 προσώπου
664 2689 710 2717 τοῦ
734 2688 799 2715 Θεοῦ
815 2689 863 2714 αὑ-

76 2740 121 2766 τοῦ
143 2740 205 2775 τρὶς
228 2741 279 2775 τῆς
292 2738 407 2773 ἡμέρας.
429 2737 483 2764 Καὶ
506 2735 674 2770 λυπούμενος
696 2735 709 2761 ὁ
726 2733 861 2769 βασιλεὺς,

75 2786 151 2812 εἶπεν
167 2785 282 2821 ῥιφῆναι
296 2784 342 2810 τὸν
357 2782 456 2818 Δανιὴλ
471 2782 510 2813 εἰς
527 2781 572 2808 τὸν
590 2781 690 2807 λάκκον
711 2780 765 2806 τῶν
789 2779 862 2805 λεόν-

73 2842 136 2865 ⁴των,
153 2832 225 2859 κατὰ
239 2831 284 2858 τὸν
295 2829 406 2866 ὁρισμὸν
421 2829 450 2856 ὃν
466 2829 562 2863 ἔστησε
581 2827 641 2854 κατ’
659 2826 752 2853 αὑτοῦ.
768 2826 833 2852 Τότε
849 2826 863 2852 ό

76 2879 201 2912 βασιλεὺς
219 2876 326 2913 σφόδρα
337 2876 458 2911 ἐλυπήθη
470 2875 515 2901 ἐπὶ
534 2874 579 2900 τὸν
596 2872 704 2909 Δανιὴλ,
719 2872 765 2899 καὶ
783 2871 861 2906 ἑΰοή-

891 285 1007 319 Πθὲῐοιὶἰδ
1024 285 1094 319 r--gis
1105 292 1164 319 qua:
1177 283 1297 318 gerebat.

928 331 1004 358 Tunc
1024 340 1070 358 rex
1089 331 1208 358 decrevit
1233 329 1401 357 constituere
1427 326 1564 354 Danielem
1593 332 1674 359 super

892 378 1047 404 universum
1067 384 1178 412 regnum
1196 384 1287 408 suum,
1304 380 1331 402 et
1349 374 1417 401 duos
1431 373 1514 403 viros,
1528 378 1597 406 quos
1609 377 1675 397 con-

892 424 983 451 stituit
997 431 1059 449 cum
1080 430 1123 455 eo,
1143 426 1170 448 et
1185 426 1308 456 satrapas
1320 423 1429 447 centum
1443 418 1538 452 viginti
1558 421 1673 450 septem.

893 469 1008 502 Quando
1022 472 1111 495 autem
1130 467 1288 494 deliberavit
1306 473 1352 492 rex
1377 464 1544 492 constituere
1574 460 1672 488 Danie-

895 517 945 543 lem
967 521 1048 549 super
1062 521 1142 540 omne
1155 520 1266 548 regnum
1285 519 1374 538 suum.

929 603 945 629 5
976 601 1053 629 Tunc
1076 601 1219 628 consilium
1256 603 1282 625 t-t
1306 597 1469 626 sententiam
1495 596 1615 622 inierunt
1637 593 1674 620 illi

894 648 949 675 duo
969 646 1155 674 ado‘escentcs
1173 646 1241 672 inter
1256 653 1285 672 se
1307 644 1448 678 loquentes
1462 641 1576 668 invicem
1593 641 1676 674 (quo-

896 695 967 721 niam
982 694 1086 720 null-uin
1101 693 1240 723 delictum,
1256 697 1343 725 neque
1361 688 1541 723 ignorantiam
1554 686 1675 713 invenie~

896 741 960 767 bant.
990 744 1085 766 contra
1117 738 1271 769 Danielem,
1299 737 1332 763 de
1354 743 1407 770 qua
1436 737 1596 761 accusarent
1615 739 1676 758 eum

897 786 966 820 apud
983 784 1092 820 regem)
1116 789 1142 811 et
1165 783 1291 811 dixerunt
1309 791 1315 809 :
1332 780 1446 811 Venite,
1464 784 1615 806 statuamus
1634 777 1678 802 de-

897 832 999 859 finitam
1025 832 1110 866 legem
1139 835 1234 858 contra
1261 827 1463 862 nosmetipsos,
1486 825 1557 860 quod
1587 823 1678 850 nullus

899 878 979 904 homo
995 877 1102 912 rogabit
1117 876 1286 911 petitionem,
1299 882 1387 908 neque
1403 871 1594 907 deprecabitur
1609 877 1678 904 qua—

898 923 1061 956 lemcunque
1077 922 1159 949 deum
1181 928 1268 955 usque
1285 922 1317 946 all
1343 919 1401 946 dies
1416 918 1525 952 triginta
1536 937 1543 949 ,
1569 920 1680 950 prseter-

897 976 978 1004 quam
998 968 1106 995 Darium
1133 975 1243 1001 regem:
1265 965 1335 1000 quod
1360 965 1388 991 ni
1409 963 1505 993 faciat,
1530 962 1678 992 morietur;

898 1019 927 1041 ut
941 1014 1080 1041 vincerent
1096 1013 1232 1040 Daniclem
1256 1011 1281 1038 in
1298 1014 1444 1044 conspectu
1469 1008 1550 1044 regis.
1570 1011 1597 1033 ct
1614 1014 1678 1041 pro—

895 1060 1027 1094 jiceretur
1047 1059 1074 1085 in
1097 1059 1185 1085 laeum
1208 1058 1329 1084 leonum.
1346 1054 1482 1082 Noveram
1500 1053 1587 1083 mum,
1606 1052 1678 1086 quod

900 1105 992 1132 Daniel
1018 1109 1120 1134 oraret.
1145 1107 1172 1131 et
1203 1103 1394 1137 deprecaretur
1421 1100 1563 1127 Dominum
1594 1098 1678 1124 Detnn

899 1158 977 1178 suum
992 1155 1031 1177 ter
1047 1151 1073 1176 in
1087 1149 1140 1177 die.

932 1196 961 1223 6.
977 1196 1054 1223 Tunc
1080 1200 1253 1224 accesserunt
1278 1194 1404 1221 homines
1425 1192 1463 1219 illi
1477 1212 1483 1223 ,
1501 1195 1528 1218 ct
1551 1190 1680 1218 dixerunt

899 1249 991 1268 coram
1007 1249 1070 1275 rege
1075 1263 1080 1269 .

936 1287 961 1315 7.
981 1287 1122 1316 Definilam
1135 1288 1231 1323 legem,
1248 1291 1274 1314 ct
1285 1285 1506 1313 constitutionem
1524 1282 1680 1310 statuimus.

900 1335 973 1369 quod
991 1334 1080 1362 omnis
1093 1335 1175 1361 homo
1195 1334 1361 1369 quicumque
1375 1331 1494 1358 oraverit
1505 1349 1512 1361 ,
1526 1333 1553 1356 et
1569 1334 1682 1362 rogave-

900 1381 937 1408 rit
950 1381 1107 1415 petitioncm
1122 1380 1240 1414 aliquant
1260 1379 1294 1406 ab
1313 1377 1386 1405 omni
1402 1377 1453 1404 deo
1471 1381 1559 1410 usque
1572 1373 1605 1400 ad
1619 1372 1678 1399 dies

901 1427 1022 1462 triginta.
1037 1426 1088 1453 nisi
1107 1434 1121 1452 a
1144 1425 1224 1453 Dario
1239 1432 1300 1460 rege
1311 1443 1318 1455 ,

936 1473 962 1499 8.
977 1472 1141 1506 'Projicictur
1155 1471 1181 1497 in
1197 1471 1283 1497 lacum
1300 1469 1419 1496 leonum.

934 1519 963 1546 9.
983 1518 1015 1545 Et
1031 1519 1064 1545 ita
1079 1525 1124 1545 rex
1141 1517 1237 1544 Darius
1252 1516 1355 1546 statuit,
1370 1519 1395 1541 et
1409 1519 1496 1540 ratum
1507 1512 1582 1539 fecit.

940 1607 984 1634 ίθ.
1002 1606 1070 1634 Cum
1085 1610 1173 1633 autem
1199 1603 1293 1631 Daniel
1314 1601 1485 1636 cognovisset
1511 1597 1685 1626 constitutio-

904 1661 965 1680 nem
980 1672 988 1684 ,
1003 1659 1084 1687 quam
1101 1655 1233 1678 statuerat
1256 1652 1352 1675 contra
1371 1654 1410 1678 se,
1428 1646 1559 1673 fenestras
1579 1642 1685 1677 aperuit

904 1699 931 1725 in
951 1705 1058 1724 summa
1074 1697 1170 1723 aedium
1189 1702 1301 1722 suarum
1322 1696 1398 1728 parte
1411 1695 1506 1718 contra
1521 1688 1684 1719 Jerusalem,

904 1748 930 1771 et
949 1743 1105 1778 procidebat
1122 1749 1204 1776 super
1221 1740 1318 1768 faciem
1342 1746 1419 1766 suam
1437 1743 1476 1765 ter
1492 1737 1518 1763 in
1538 1735 1598 1767 die,
1614 1734 1685 1762 sicut

907 1789 1020 1816 faciebat
1033 1793 1121 1819 antea.
1139 1793 1163 1815 el
1183 1786 1387 1822 deprecabatur.

941 1835 985 1862 Η.
1004 1834 1037 1862 Et
1055 1834 1105 1869 ipsi
1125 1834 1307 1860 observarunt
1322 1830 1477 1861 Danielem,
1492 1833 1521 1856 et
1538 1827 1686 1862 deprehen-

906 1883 1003 1910 derunt
1013 1889 1076 1909 eum
1090 1885 1213 1908 orantem
1227 1884 1266 1906 ter
1281 1878 1308 1905 in
1326 1878 1369 1905 die
1380 1875 1510 1912 quotidie.

945 1983 986 2010 l2.
1006 1981 1083 2009 Tunc
1103 1980 1147 2008 isti
1171 1979 1297 2007 homines
1317 1979 1503 2005 convenerunt
1526 1975 1635 2009 regem,
1661 1977 1689 1999 et

908 2030 1035 2056 dixerunt
1053 2037 1059 2054 :
1080 2026 1160 2053 Darie
1173 2033 1232 2058 rex,
1252 2031 1342 2050 nonne
1355 2023 1440 2057 legem
1453 2019 1614 2051 statuistLut
1629 2026 1689 2045 om-

909 2075 1041 2102 nishomo
1052 2080 1103 2099 non
1121 2075 1191 2103 oret,
1204 2078 1292 2103 neque
1303 2071 1378 2103 roget
1393 2067 1550 2101 petitionem
1564 2064 1598 2091 ab
1613 2063 1687 2090 omni

908 2119 963 2146 Deo
979 2125 1065 2153 usque
1087 2117 1119 2144 ad
1139 2116 1198 2143 dies
1212 2114 1322 2149 triginta
1335 2133 1342 2145 ,
1361 2111 1414 2138 nisi
1432 2118 1447 2136 a
1468 2114 1504 2142 te,
1522 2117 1586 2136 rex:
1610 2115 1689 2135 secus

908 2171 984 2195 vero,
996 2161 1156 2197 projieiatur
1172 2161 1197 2187 in
1215 2159 1300 2186 lacum
1321 2156 1446 2184 leonum?

947 2266 988 2292 15.
1010 2262 1186 2298 Respondeas
1202 2265 1290 2287 autem
1314 2267 1359 2286 rex
1374 2257 1442 2284 dixit
1463 2257 1502 2284 eis
1516 2267 1521 2284 :
1539 2256 1635 2283 Certus
1651 2259 1692 2282 est

911 2318 1010 2342 sermo,
1025 2314 1052 2336 et
1074 2307 1195 2335 manebit
1210 2307 1262 2333 lex.
1277 2305 1309 2331 Et
1325 2304 1451 2330 dixerunt
1465 2301 1489 2328 ei
1507 2310 1513 2328 :
1527 2301 1692 2335 Adjuratnus

911 2362 936 2384 te
952 2364 999 2390 per
1015 2355 1153 2382 Medorum
1180 2356 1206 2379 et
1226 2350 1366 2377 Persarum
1381 2348 1498 2377 decreta.
1518 2350 1546 2372 ut
1561 2353 1613 2372 non
1631 2352 1692 2379 per-

911 2408 1000 2429 mutes
1014 2403 1176 2435 praeceptum
1188 2418 1194 2430 ,
1213 2404 1299 2430 neque
1319 2394 1462 2422 admireris
1479 2399 1622 2427 pnrsouam
1642 2399 1648 2416 :
1666 2393 1694 2416 et

912 2453 940 2474 ut
957 2453 1010 2473 non
1031 2445 1158 2472 detrahas
1183 2441 1331 2476 quidquam
1358 2447 1390 2467 ex
1417 2439 1476 2470 Itis,
1500 2444 1560 2471 qua:
1585 2436 1692 2462 decreta

912 2498 992 2525 sunt;
1009 2491 1073 2526 quin
1095 2490 1150 2516 imo
1170 2487 1268 2523 punias
1283 2485 1420 2513 hominem
1432 2504 1438 2515 ,
1454 2484 1617 2518 quicumque
1637 2489 1693 2508 non

912 2538 1016 2564 steterit
1039 2534 1225 2563 constitutioni
1250 2533 1324 2559 huic.
1359 2530 1391 2556 Et
1415 2529 1505 2556 dixit:
1535 2528 1572 2554 Ita
1585 2527 1693 2559 faciam,

913 2580 1141 2617 quemadmodum
1157 2578 1257 2610 dicitis,
1269 2581 1296 2604 et
1307 2581 1392 2603 ratum
1408 2579 1448 2602 est
1464 2573 1528 2600 mihi
1541 2572 1622 2600 istud.

949 2638 991 2664 Μ.
1011 2638 1042 2664 lit
1054 2637 1198 2664 dixerunt:
1217 2634 1287 2662 Ecce
1307 2632 1459 2660 invenimus
1477 2630 1612 2658 Danielem
1630 2629 1697 2656 Imi-

913 2692 974 2712 eum
995 2688 1070 2710 tuum
1086 2687 1219 2714 orantem,
1234 2685 1260 2708 et
1276 2680 1464 2711 deprecantem
1486 2677 1580 2704 facient
1594 2675 1639 2703 Dei
1654 2675 1696 2703 sui

915 2736 955 2758 ter
977 2731 1002 2756 in
1029 2729 1083 2756 die.
1103 2727 1134 2755 Et
1149 2728 1327 2755 contristatus
1353 2733 1409 2757 rex,
1437 2724 1505 2751 dixit
1524 2727 1553 2749 ut
1581 2721 1695 2757 projice-

914 2781 989 2804 retur
1004 2774 1096 2801 llaniel
1108 2773 1134 2800 in
1151 2773 1239 2799 lacum
1254 2772 1361 2798 leonum
1376 2771 1452 2804 juxta
1467 2768 1696 2799 constitutionem,

915 2830 995 2857 quam
1011 2824 1142 2848 statuerat
1161 2820 1291 2846 adversus
1304 2825 1376 2844 cum.
1396 2815 1470 2843 Tunc
1483 2823 1526 2842 rex
1547 2812 1697 2840 vehementi

915 2869 1009 2896 dolore
1026 2866 1138 2894 affectus
1161 2870 1202 2892 cst
1226 2870 1307 2899 super
1330 2862 1478 2893 Danie'em,
1505 2864 1532 2888 et
1556 2857 1700 2893 adjuvabat
