1959 3079
231 156 298 184 '18”

743 149 978 177 lll~'..\Al‘L0|lUli
1000 148 1082 182 ρυλε]
1104 145 1321 174 SUPERSUNT.

1799 143 1874 173 2812

235 212 286 239 uiel
301 218 383 246 super
397 210 438 237 his
469 211 494 237 in
516 210 620 237 visione
643 208 730 235 noctis
755 207 955 234 conturbabant
979 214 1021 234 me

1097 205 1194 240 νάματι
1203 204 1253 239 τῆς
1265 203 1360 235 νυκτὸς
1380 205 1409 236 >ιί
1425 203 1611 237 ἑτά>κραεσόν
1623 211 1655 238 με
1666 203 1690 228 οἱ
1701 202 1874 237 διαλογισμοί

235 256 414 291 cogitationes
431 263 506 281 IIICKE.

271 303 316 328 16.
336 300 588 328 Accessi-adultum
601 298 744 329 stantium,
765 303 789 324 et
798 297 1025 330 veritatemquae-

237 350 327 375 rebam
345 347 378 374 ab
392 354 424 373 eo
440 353 522 380 super
534 345 662 371 omnibus
677 343 730 369 his.
742 342 920 376 Respondens
933 347 1024 368 autem

236 394 302 420 dicit
317 393 392 424 mihi,
409 396 435 418 cl
453 390 705 425 interpretationem
728 395 887 416 sermonum
902 387 1026 414 declara—

237 440 274 464 vit
286 438 362 463 mihi.

273 483 315 510 l7.
338 483 383 509 Hm
399 482 492 510 bestia:
509 489 614 517 magna:
630 485 693 509 sunt
715 485 834 515 quatuor
857 487 950 515 regna,
968 487 1028 514 qua:

237 530 365 564 peribunt.
381 529 414 555 de
430 533 511 554 terra.

274 574 318 601 l8.
340 573 374 600 Et
388 573 522 607 accipient
538 579 652 607 regnum
669 571 757 599 sancti
772 571 915 604 Altissimi,
939 575 965 598 et
980 571 1028 598 ob~

237 621 363 648 tiuebunt
381 627 496 655 regnum
513 626 600 653 usque
618 619 644 645 in
671 618 801 646 smculum
817 617 991 645 saeculorum.

276 711 320 738 l9.
342 709 443 736 Eodem
460 713 582 743 tempore
599 708 672 736 volui
693 715 815 743 qumrere
837 708 982 743 diligenter
997 708 1030 735 de

239 757 326 785 bestia
345 760 443 791 quarta
455 755 612 782 destruente
627 754 729 786 omnia,
750 758 777 780 et
793 753 916 781 horribili
936 755 1028 781 valde:

240 809 267 830 ct
281 810 346 830 ecce
360 802 455 829 dentes
472 801 531 835 ejus
549 799 639 832 ferrei,
654 803 681 826 ct
697 807 800 834 ungues
809 799 870 833 ejus
884 799 959 831 terei,
970 807 1031 833 qua:

241 848 391 876 devorabat
407 855 503 874 omnes
519 847 546 873 in
562 844 690 878 circuitu,
711 850 738 872 et
752 845 933 872 conculcabat
955 845 1030 880 pedi-

241 895 302 923 bus.

274 939 320 967 ‘20.
343 939 375 965 Et
392 939 425 966 de
440 938 534 965 decem
547 937 678 965 cornilms
692 937 762 972 ejus,
781 943 842 971 quae
856 940 936 963 erant
949 944 1031 971 super

241 989 333 1019 caput,
350 984 423 1011 etde
439 990 494 1010 uno
510 983 573 1015 alio,
586 983 658 1017 quod
670 982 799 1009 adnatum
826 981 928 1013 fuerat,
944 986 970 1008 et
981 982 1029 1008 de-

241 1029 363 1055 ciderant
381 1033 492 1063 propter
508 1028 572 1054 illud
591 1027 641 1054 tria
655 1047 661 1058 .
687 1031 713 1054 et
732 1034 818 1053 cornu
837 1026 901 1053 illud
916 1027 1031 1053 habebat

242 1075 347 1107 oculos,
364 1079 390 1102 et
407 1082 438 1101 os
454 1075 569 1109 loquens
587 1081 696 1108 magna,
712 1077 738 1100 et
763 1078 890 1107 aspectus
906 1073 965 1108 ejus
984 1081 1031 1100 su—

241 1121 354 1156 perabat
367 1121 431 1147 alia.

277 1167 321 1192 αι.
343 1165 375 1192 Et
401 1164 607 1193 considerabant
635 1172 720 1192 cornu
745 1164 822 1197 illud,
841 1164 912 1199 quod
931 1164 1030 1192 bellum

248 1211 368 1239 faciebat
385 1211 515 1238 adversus
531 1214 653 1242 sanctos,
667 1215 693 1236 et
711 1209 821 1244 fugabat
834 1217 890 1237 eos.

278 1257 324 1284 22.
346 1256 531 1290 Qnoadusque
546 1256 620 1283 venit
637 1255 764 1284 Vetusius
788 1256 906 1289 dierum,
926 1256 1034 1290 etjmli-

243 1303 316 1330 eiutn
334 1301 408 1329 dedit
423 1302 526 1329 sanctis
544 1301 689 1335 Altissimi,
704 1305 732 1329 et
748 1307 854 1337 tempus
869 1302 962 1330 datum
980 1307 1031 1336 est,

246 1350 274 1373 et
291 1354 405 1381 regnum
419 1347 599 1373 obtinuerunt
618 1347 716 1374 sancti.

279 1392 325 1420 25.
342 1391 375 1419 Et
388 1392 490 1420 dictum
511 1397 553 1420 est
576 1393 643 1420 mihi
664 1394 698 1420 de
724 1399 821 1429 quarta
850 1393 948 1427 bestia,
968 1395 1032 1429 quia

246 1447 358 1473 regnum
374 1443 502 1473 quartum
517 1439 570 1466 erit
583 1447 665 1474 super
685 1443 796 1471 terram,
810 1440 880 1474 quod
903 1441 1034 1468 eminebit

246 1492 327 1520 supra
344 1492 451 1511 omnem
466 1489 576 1518 terram,
593 1490 617 1513 et
631 1486 772 1513 devorabit
789 1494 900 1513 onmem
917 1492 1030 1520 terram,

246 1535 274 1558 et
287 1531 427 1559 subvertet
441 1538 511 1564 eam,
527 1536 553 1558 et
567 1531 692 1559 concidet
705 1539 776 1558 eam.

282 1576 326 1603 2t.
339 1576 372 1603 Et
385 1578 477 1604 decem
488 1584 592 1604 cornua
608 1577 695 1611 regni,
706 1578 799 1604 decem
813 1585 889 1611 reges
902 1577 1012 1604 stabunt
1024 1586 1031 1603 :

246 1627 274 1649 et
287 1623 357 1649 alius
373 1630 419 1649 rex
435 1626 497 1656 post
512 1630 560 1649 eos
574 1622 667 1654 stabit,
683 1627 710 1649 et
726 1623 784 1657 ipse
802 1623 881 1650 malis
896 1624 1036 1658 superabit

247 1669 362 1702 primos,
380 1673 406 1695 et
422 1673 476 1696 trcs
492 1675 569 1703 reges
588 1668 751 1695 liumiliabit.

283 1757 329 1784 ‘25.
350 1757 383 1784 Et
410 1757 490 1783 verba
509 1761 603 1784 contra
633 1758 801 1784 Altissimum
832 1758 980 1793 loquetur,
1011 1765 1036 1786 et

250 1808 362 1831 sanctos
392 1803 526 1829 Altissimi
555 1807 676 1829 conteret
701 1812 707 1829 :
737 1809 764 1830 et
783 1810 905 1831 assumet
932 1810 1037 1832 mutare

251 1853 383 1883 tempera,
397 1853 423 1875 et
436 1848 534 1883 legem,
545 1853 572 1875 et
587 1849 727 1876 tradentur
747 1850 838 1877 omnia
864 1851 890 1876 in
912 1852 1038 1879 manibus

251 1893 311 1928 ejus
327 1901 413 1928 usque
425 1894 457 1920 ad
485 1898 603 1928 tempus,
631 1898 658 1921 et
684 1899 816 1929 tempora,
847 1899 873 1922 et
900 1904 986 1931 usque
1004 1897 1037 1924 ad

250 1939 390 1967 dimidium
404 1940 542 1974 temporis.

285 1985 330 2012 ΞΟ.
353 1985 384 2011 Et
395 1984 529 2020 judicium
545 1985 661 2019 sedebit,
677 1989 704 2013 et
713 1990 873 2021 potestatem
885 1987 1036 2021 destruent,

250 2035 278 2058 et
295 2031 484 2058 tlclibcrabunt
497 2031 694 2064 contaminare,
718 2037 744 2060 et
760 2033 872 2067 perdere
895 2042 981 2069 usque
1009 2035 1036 2062 in

250 2077 341 2103 linem.

285 2121 328 2148 27.
351 2121 384 2149 Et
401 2129 526 2156 regnum,
539 2127 566 2149 et
583 2126 754 2157 potestatem,
769 2129 795 2151 et
808 2125 1035 2160 magniﬁcentiam

250 2175 356 2199 eorum,
376 2172 402 2194 ct
418 2167 597 2202 principatum
628 2168 749 2194 onmium
779 2169 829 2196 sub
854 2169 923 2197 caelo
939 2177 1036 2205 regno-

1077 259 1127 285 [L'J'J
1133 272 1138 277 .

1115 297 1156 322 lti.
1175 295 1331 331 Προσῆλθον
1358 294 1424 329 πρὸς
1448 294 1496 320 ἕνα
1516 294 1570 320 τῶν
1593 293 1732 325 ἑστώτων,
1752 293 1800 320 καὶ
1822 293 1856 329 τὴ

1077 342 1222 377 ἀκρίὸειαν
1237 341 1351 374 ἐζήτουν
1369 341 1434 375 παρ’
1449 339 1531 366 αὑτοῦ
1544 340 1614 375 ὑπὲρ
1629 341 1741 367 πάντων
1756 340 1861 366 τούτων

1077 387 1238 423 ἀποκριθεὶς
1253 386 1280 413 δὲ
1296 386 1369 421 λέγει
1384 395 1439 422 μοι,
1462 386 1573 424 καίτὴν
1591 386 1682 421 κρίσιν
1705 386 1758 412 τῶν
1785 385 1867 419 λόγωι.

1078 432 1195 467 ἐδήλωσέ
1211 440 1265 467 μοι.
1496 423 1501 429 ”

1115 479 1158 505 l7.
1176 479 1270 505 Ταῦτα
1285 478 1318 505 τὰ
1334 478 1415 514 θηρία
1428 479 1463 505 τὰ
1482 478 1589 513 μεγάλα
1609 479 1662 505 εἰσὶ
1677 479 1813 514 τέσσαρες
1827 478 1877 514 βει-

1080 524 1188 555 σιλείαι,
1207 524 1235 551 αἴ
1250 524 1414 551 ἀπολοῦνται
1426 524 1481 551 ἀπὸ
1492 524 1541 559 τῆς
1552 524 1613 559 γῆς.

1116 570 1159 597 18.
1176 570 1231 597 Καὶ
1252 570 1460 606 παραλήψονται
1475 570 1525 605 τὴν
1544 570 1683 605 βασιλείαν
1701 571 1777 604 ἆγιοι
1794 570 1873 604 Ὑψί-

1080 625 1161 648 στου,
1183 617 1230 643 καὶ
1252 616 1397 649 καθέξουσι
1417 617 1467 652 τὴν
1488 616 1627 651 βασιλείαν
1641 616 1694 648 ἓως
1715 616 1763 643 τοῦ
1777 617 1875 648 αἰῶνος

1078 661 1134 687 τῶν
1147 660 1263 688 αἰώνων.

1117 707 1160 734 19.
1175 707 1243 733 Τότε
1259 707 1354 743 ἤθελον
1368 707 1607 741 ὲξακριῦώσασθαι
1630 708 1694 742 περὶ
1716 707 1765 734 τοῦ
1780 707 1876 742 θηρίου

1080 752 1127 778 τοῦ
1143 753 1286 787 τετάρτου,
1306 752 1353 779 τοῦ
1371 753 1574 789 διαφθείροντος
1594 755 1693 786 πάντα,
1721 753 1769 779 καὶ
1791 754 1876 788 ὑπερ-

1082 798 1164 832 φόῆου
1176 807 1182 813 ·
1204 799 1251 825 καὶ
1267 799 1322 825 ἰδοὺ
1334 799 1357 825 οἱ
1370 799 1476 831 ὀδόντες
1487 799 1568 826 αὑτοῦ
1588 800 1702 835 σιδηροῖ,
1719 799 1767 825 καὶ
1780 800 1803 825 οἱ
1814 799 1876 825 ὄνυ-

1081 853 1128 878 χες
1143 844 1224 871 αὑτοῦ
1235 845 1339 879 χαλκοῖ,
1354 845 1543 877 κατεσθίοντος
1557 846 1659 877 πάντας
1672 846 1818 879 κυκλόθεν,
1830 847 1878 872 καὶ

1059 881 1069 908 ἶ
1083 891 1303 921 καταπατοῦντος
1317 891 1373 922 τοῖς
1390 891 1464 918 ποσί.

1116 936 1160 963 20.
1175 936 1230 962 Καὶ
1245 937 1310 971 περὶ
1327 937 1380 963 τῶν
1393 937 1458 964 δέκα
1472 937 1595 972 κεράτων
1607 937 1688 963 uti-.05
1701 937 1756 963 τῶν
1771 938 1816 964 ἐπὶ
1828 937 1878 973 τῆς

1082 982 1220 1017 κεφαλῆς,
1237 983 1284 1009 καὶ
1302 983 1349 1008 τοῦ
1371 983 1430 1014 ἐνὸς
1444 982 1490 1009 τοῦ
1506 983 1586 1009 ἄλλον
1605 982 1652 1008 τοῦ
1678 983 1878 1018 προσφυέντο..

1082 1028 1127 1054 καὶ
1141 1027 1271 1060 ἐξέπεσαν
1283 1027 1316 1054 δι’
1328 1028 1410 1054 αὐτοῦ
1420 1027 1492 1063 τρία,
1506 1028 1553 1053 καὶ
1565 1027 1595 1053 τὸ
1607 1027 1689 1061 κέρας
1701 1029 1790 1054 ἐκεῖνο
1804 1026 1878 1063 εἶχεν

1081 1073 1245 1108 optimine-11;,
1263 1074 1309 1100 καὶ
1327 1073 1414 1109 στόμα
1439 1072 1536 1100 λαλοῦν
1551 1073 1674 1108 μεγάλα·
1700 1074 1748 1100 καὶ
1761 1074 1778 1108 ἡ
1789 1074 1878 1109 πρὸσ-

1082 1119 1142 1153 οψις
1152 1119 1235 1146 αὑτοῦ
1251 1119 1403 1154 ὑπερέφερε
1415 1119 1449 1145 τὰ
1465 1119 1543 1147 ἄλλα.

1117 1166 1161 1192 ‘2].
1178 1166 1232 1191 Καὶ
1251 1165 1392 1191 κατενόουν
1419 1164 1449 1190 τὺ
1465 1165 1548 1199 κέρας
1564 1165 1651 1191 ἐκεῖνο
1679 1164 1799 1198 πόλεμον
1814 1173 1881 1191 συν·-

1085 1211 1228 1246 ιστάμενον
1241 1210 1309 1246 πρὸς
1318 1211 1380 1242 τοὺς
1391 1210 1495 1244 ἁγίους,
1511 1210 1557 1236 καὶ
1569 1210 1754 1246 τροπούμενον
1765 1210 1879 1241 αὐτούς.

1118 1257 1162 1283 2'2.
1178 1257 1250 1288 Ἕως
1264 1256 1311 1283 τοῦ
1327 1256 1413 1282 ὲλθεῖν
1427 1256 1472 1283 τὸν
1485 1256 1602 1283 Παλαιον
1622 1256 1746 1292 ἡμερῶν,
1761 1256 1808 1283 καὶ
1826 1256 1880 1290 τὴν

1084 1301 1174 1336 κρίσ,ν
1185 1301 1270 1328 ἔδωκε
1283 1302 1341 1333 τοῖς
1355 1301 1443 1335 ἁγίοις
1458 1301 1505 1327 τοῦ
1531 1301 1660 1336 Ὑψίστου
1673 1310 1681 1316 ·
1695 1301 1742 1327 καὶ
1756 1301 1770 1327 ὁ
1781 1300 1880 1335 καιρὸς

1084 1346 1172 1381 ἐδόθη,
1184 1347 1231 1373 καὶ
1248 1347 1279 1373 τὸ
1295 1345 1429 1381 βασίλειον
1446 1346 1578 1381 κατέσχον
1588 1347 1613 1372 οἱ
1631 1346 1712 1380 ἅγιοι.

1119 1391 1162 1418 25.
1179 1392 1231 1418 Καὶ
1245 1391 1346 1428 ὲῤῥέοη
1363 1400 1408 1426 μοι
1424 1392 1487 1427 περὶ
1500 1391 1547 1418 τοῦ
1563 1392 1655 1427 θηρίου
1670 1391 1717 1418 τοῦ
1733 1392 1879 1426 τετάρτου,

1083 1436 1124 1462 ὅτι
1140 1436 1262 1470 βασ.λεία
1275 1436 1391 1472 τετάρτη
1401 1437 1478 1463 ἔσται
1493 1438 1539 1463 ἐπὶ
1549 1439 1598 1473 τῆς
1612 1439 1678 1473 γῆς,
1701 1439 1763 1473 ἥτις
1782 1439 1879 1465 διοίσει

1085 1482 1160 1516 παρὰ
1178 1483 1268 1508 πᾶσαν
1287 1482 1336 1517 τὴν
1348 1483 1448 1518 γῆνΧ,
1458 1483 1504 1510 καὶ
1520 1484 1707 1518 καταφάγεται
1723 1486 1814 1511 πᾶσαν
1828 1485 1881 1519 τὴν

1047 1548 1068 1576 C
1086 1527 1137 1561 γῆν
1143 1526 1173 1562 /.
1182 1527 1228 1553 καὶ
1239 1527 1426 1554 ἀναστατὼσει
1446 1529 1540 1564 αὐτὴν,
1551 1529 1598 1555 καὶ
1609 1529 1772 1556 καταλεανεῖ
1782 1530 1880 1565 αὑτήν.

1121 1574 1165 1601 24.
1182 1574 1236 1601 Καὶ
1251 1575 1285 1601 τὰ
1297 1575 1363 1602 δέκα
1374 1576 1475 1611 κέρατα
1492 1575 1541 1610 τῆς
1555 1575 1704 1610 βασιλείας,
1720 1575 1786 1602 δέκα
1801 1575 1882 1610 βασι-

1087 1620 1143 1651 λεῖς
1158 1621 1316 1655 στήσονται·
1336 1621 1383 1648 καὶ
1397 1622 1410 1647 ὁ
1424 1621 1502 1653 ἄλλος
1522 1621 1650 1656 βασιλεὺς
1675 1621 1754 1657 μετὰ
1767 1622 1881 1655 τούτους

1089 1667 1226 1702 στήσεται,
1243 1667 1290 1695 καὶ
1310 1668 1390 1699 αὐτὸς
1402 1668 1496 1695 διοίσει
1514 1669 1609 1700 κακοῖς
1626 1669 1696 1704 ὑπὲρ
1719 1669 1783 1700 τοὺς
1804 1669 1877 1704 πρῶ»

1087 1721 1160 1745 τους,
1180 1714 1226 1740 καὶ
1245 1716 1319 1749 τρεῖς
1337 1714 1455 1748 βασιλεῖς
1475 1715 1647 1740 ταπεινώσει.

1123 1759 1167 1786 9.5.
1185 1760 1240 1785 Καὶ
1265 1760 1373 1795 ῥήματα
1401 1760 1442 1791 είς
1467 1760 1512 1786 τὸν
1529 1760 1660 1794 Ὕψιστον
1685 1760 1811 1795 λαλήσει,
1833 1761 1884 1787 καὶ

1088 1803 1150 1834 τοὺς
1168 1803 1262 1837 ἁγίους
1271 1803 1318 1830 τοῦ
1342 1804 1469 1838 Ὑψίστου
1488 1805 1659 1839 κατατρίψει,
1676 1806 1724 1831 καὶ
1734 1805 1883 1841 προσδέξε-

1088 1857 1133 1875 ται
1148 1849 1294 1876 ἀλλοιῶσαι
1314 1850 1426 1884 καιροὺς
1443 1850 1490 1876 καὶ
1507 1850 1599 1885 νόμον,
1615 1850 1663 1876 καὶ
1689 1851 1883 1886 παραδοθήσε-

1088 1901 1134 1918 ται
1151 1892 1238 1919 πάντα
1252 1894 1291 1925 εἰς
1306 1894 1354 1925 τὰς
1371 1896 1464 1930 χεῖρας
1476 1894 1557 1921 αὑτοῦ
1571 1894 1622 1926 ἕως
1638 1895 1734 1931 καιροῦ
1753 1897 1801 1923 καὶ
1820 1905 1883 1923 και-

1090 1938 1156 1974 ρῶν,
1168 1939 1215 1965 καὶ
1231 1939 1282 1971 ἕως
1300 1939 1414 1974 ἡμίσους
1430 1940 1537 1976 καιροῦ.

1123 1984 1168 2012 26.
1187 1985 1242 2011 Καὶ
1257 1986 1274 2020 ὴ
1288 1985 1378 2020 κρίσις
1390 1986 1542 2018 καθίσεται,
1553 1988 1600 2014 καὶ
1614 1988 1663 2023 τὴν
1674 1987 1800 2020 ἐξουσίαν
1816 1988 1883 2014 ἀπο-

1089 2030 1174 2062 λοῦσι,
1198 2031 1245 2058 καὶ
1263 2031 1450 2066 βουλεύσονται
1472 2033 1565 2068 μιᾶναι
1592 2033 1640 2059 καὶ
1667 2033 1802 2060 ἀπολέσαι
1828 2034 1882 2065 ἕως

1087 2077 1191 2108 τέλους.

1123 2123 1169 2149 27.
1186 2123 1241 2150 Καὶ
1256 2124 1305 2159 τὴν
1320 2123 1468 2159 βασιλείαν,
1485 2126 1532 2152 καὶ
1547 2126 1595 2161 τὴν
1615 2127 1748 2159 ἐξουσίαν,
1769 2128 1817 2154 καὶ
1835 2129 1882 2163 τὴν

1091 2169 1290 2205 μεγαλειότητα
1301 2170 1402 2202 αὐτῶν,
1417 2172 1465 2198 καὶ
1485 2171 1534 2206 τὴν
1549 2172 1636 2207 ἀρχὴν
1651 2172 1746 2198 πασῶν
1759 2173 1816 2199 τῶν
1830 2173 1882 2199 ὑπὸ

251 2219 324 2244 rum,
342 2212 416 2239 dedit
433 2213 533 2246 populo
558 2217 654 2240 sancto
679 2213 789 2240 excelso
811 2214 844 2240 ad
870 2215 1031 2250 regnandum

1097 2215 1134 2240 ιὸν
1157 2215 1271 2250 οὐρανὸν
1296 2215 1456 2250 βασιλειῶν,
1479 2216 1563 2243 ἔδωκε
1592 2216 1650 2252 λαῷ
1675 2217 1747 2253 ἁγίῳ
1776 2218 1881 2253 ὑψίστῳ

251 2264 335 2292 regno
350 2257 526 2291 sempiterno,
540 2263 566 2285 et.
582 2266 677 2285 omnes
693 2262 840 2292 potestates
851 2260 875 2286 ei
890 2261 1038 2295 subjicien-

251 2308 306 2336 tur,
326 2308 352 2330 et
363 2303 489 2330 obedient
504 2304 529 2330 ei
548 2311 632 2338 usque
647 2304 680 2331 ad
695 2305 774 2332 liuent
786 2306 931 2333 sermonis.

286 2392 330 2419 “£8.
353 2391 406 2426 Ego
426 2392 516 2418 Daniel
537 2391 621 2418 multo
643 2397 754 2426 stupore
768 2398 911 2428 correptus
924 2402 995 2426 sum,
1011 2399 1039 2422 et

252 2437 339 2465 forma
352 2445 411 2465 mea
429 2438 571 2464 imntutala
587 2444 626 2464 est
641 2447 723 2473 super
749 2447 802 2471 me,
828 2444 854 2466 et
880 2440 991 2467 verbum
1011 2441 1038 2467 in

253 2484 333 2511 corde
347 2491 407 2512 meo
425 2485 537 2512 lirlniter
555 2485 648 2512 statui.

542 2560 655 2589 CAPUT
677 2560 743 2588 Vill.

292 2616 317 2643 l.
339 2616 417 2643 Anno
440 2618 519 2644 tertio
550 2624 679 2652 regnante
701 2618 834 2652 Baltasar,
859 2620 937 2651 visio,
956 2628 1038 2655 quam

255 2663 309 2690 vidi
326 2670 376 2696 ego
393 2662 483 2690 Daniel
496 2683 504 2694 ,
519 2669 661 2698 postquam
680 2664 808 2691 vidissem
823 2665 949 2699 primam.

288 2708 316 2735 2.
338 2708 369 2734 lit
385 2709 436 2735 vidi
450 2709 475 2735 in
490 2709 594 2736 visione
609 2710 707 2736 somnii
723 2711 787 2742 mei,
813 2719 874 2737 cum
890 2720 940 2746 ego
950 2720 1038 2740 essent

255 2754 282 2780 in
293 2753 370 2780 Susis
389 2754 507 2787 civitate,
524 2762 584 2789 quae
608 2761 649 2781 est
667 2755 693 2782 in
718 2755 859 2790 Elymaide
875 2758 997 2793 regione,
1013 2764 1040 2786 et

254 2798 309 2825 vidi
331 2799 357 2824 in
382 2799 499 2828 visione.
515 2807 576 2826 cum
604 2801 694 2828 adhuc
718 2809 804 2829 essem
829 2802 906 2836 juxta
934 2809 1037 2838 portam

253 2843 358 2871 Aelam.

1090 2260 1247 2295 βασιλεῦσαι
1273 2261 1411 2296 βασιλείαν
1435 2261 1552 2295 αἰώνιον,
1580 2263 1627 2289 καὶ
1648 2263 1734 2289 πᾶσαι
1759 2263 1881 2296 ἐξουσίαι

1089 2306 1162 2341 αὑτῷ
1178 2307 1405 2342 ὑποταγήσονται,
1422 2308 1469 2334 καὶ
1490 2308 1721 2344 πειθαρχήσουσιν
1741 2309 1818 2345 αὐτῷ
1831 2310 1881 2341 ἕως

1090 2354 1280 2388 καταστροφῆς
1295 2354 1341 2380 τοῦ
1361 2353 1452 2388 λόγου.

1125 2398 1169 2425 ‘28.
1192 2399 1261 2432 Ἐγὼ
1289 2399 1387 2435 Δανιὴλ
1405 2400 1507 2436 σφόδρα
1534 2401 1662 2428 ἐκστάσει
1690 2402 1879 2437 περιειχόμην,

1090 2446 1137 2472 καὶ
1150 2447 1166 2480 ἡ
1177 2446 1233 2478 ἕξις
1249 2454 1299 2481 μου
1317 2446 1460 2481 διήνεγκεν
1479 2447 1550 2482 ἐμοὶ,
1564 2448 1611 2474 καὶ
1630 2448 1660 2474 τὸ
1678 2448 1753 2483 ῥῆμα
1771 2449 1800 2474 ὲν
1816 2456 1880 2484 καρ-

1089 2491 1133 2526 δίᾳ
1151 2499 1201 2526 μου
1215 2492 1354 2527 ἐστήριξα.
1879 2491 1882 2501 ⁸

1389 2570 1513 2599 ΚΕΦΔΛ.
1536 2571 1565 2598 H‘

1127 2627 1152 2654 1.
1170 2628 1266 2659 Ἐτους
1282 2629 1373 2662 τρίτου
1395 2628 1581 2664 βασιλεύοντος
1604 2629 1759 2663 Βαλτάσαρ,
1778 2629 1878 2664 ὅρασις,

1090 2673 1123 2708 ην
1136 2671 1205 2699 εἶδον
1215 2673 1271 2707 ἐγὼ
1285 2673 1396 2708 Δανιὴλ,
1413 2675 1483 2709 μετὰ
1495 2674 1526 2700 τὸ
1542 2675 1605 2700 ίδεῖν
1627 2683 1660 2709 με
1673 2675 1723 2710 τὴν
1740 2674 1862 2709 πρώτην.

1125 2717 1151 2744 2.
1167 2719 1221 2744 Καὶ
1232 2716 1301 2745 εἶδον
1312 2720 1340 2746 ἐν
1355 2719 1394 2754 τῷ
1405 2720 1524 2755 ὁράματι
1538 2720 1584 2746 τοῦ
1597 2720 1723 2746 ἐνυπνίου
1739 2729 1801 2756 μου,
1815 2719 1880 2754 ἐμοῦ

1090 2762 1165 2794 ὄντος
1181 2764 1210 2790 ὲν
1226 2763 1336 2795 Σούσοις
1362 2766 1392 2800 τῇ
1419 2765 1506 2797 πόλει,
1517 2765 1578 2800 ἥτις
1598 2765 1673 2792 ἐστὶν
1686 2766 1716 2792 ἐν
1743 2765 1880 2800 Ἐλυμαῖδι

1090 2807 1167 2842 χώρᾳ
1182 2809 1213 2841 >κ
1231 2808 1278 2834 καὶ
1291 2807 1360 2835 εἶδον
1375 2810 1403 2836 ὲν
1419 2810 1538 2846 ὁράματι
1551 2810 1579 2845 /.
1598 2809 1636 2836 ἔτι
1652 2810 1728 2841 ὄντος
1746 2819 1798 2845 μου
1815 2809 1878 2846 «ph;

1091 2854 1123 2890 τῇ
1141 2852 1211 2889 πύλῃ
1227 2854 1326 2889 Λίλάμ.
