1959 3079
119 108 192 137 2815

120 213 212 240 ίναντι
226 213 275 248 τῆς
290 212 377 248 πύλης
387 221 393 228 ·
409 212 455 239 καὶ
463 210 519 248 εἶχε
532 213 645 248 κέρατα,
656 215 689 248 χ(
702 213 748 240 καὶ
760 213 793 240 τὰ
808 214 911 249 κέρατα

119 260 156 293 ὶε(
172 258 274 293 ὑψηλὰ,
287 259 333 284 καὶ
352 258 382 285 τὺ
405 257 434 285 ἓν
448 257 613 293 ὑψηλότερον
628 258 674 285 τοῦ
688 259 780 294 ἑτέρου
791 279 798 291 ,
816 259 861 286 καὶ
881 259 912 284 τὸ

121 304 288 340 ὑψηλότερον
304 303 439 331 ἀνέϐαινε.

156 349 183 377 4.
199 350 277 377 Μετά
287 349 314 376 δὲ
327 349 412 376 ταῦτα
423 346 493 376 εἶδον
507 350 552 376 τὸν
565 350 641 385 κριὸν
654 350 831 385 κερατίζοντα
845 350 911 385 πρὸς

120 395 264 427 ἀνατολὰς,
289 395 335 421 καὶ
361 395 429 430 πρὸς
445 395 556 432 βορρᾶν,
571 396 618 422 καὶ
640 395 709 431 πρὸς
730 396 845 430 δυσμὰς,
866 395 912 421 καὶ

122 441 299 477 μεσημϐρίαν
311 449 318 455 ·
335 441 381 467 καὶ
392 441 482 468 πάντα
495 441 528 467 τὰ
541 440 622 476 θηρία
635 441 685 469 οὐκ
699 441 815 476 ἔστησαν
825 441 912 466 ὀπίσω

120 487 216 519 αὑτοῦ,
235 488 281 513 καὶ
291 487 340 513 οὐκ
362 484 396 522 ἦν
411 488 424 513 ὁ
441 487 570 522 ῥυόμενος
582 488 612 512 ὲκ
626 486 679 512 τῶν
704 486 802 521 χειρῶν
817 485 910 516 αὑτοῦ,

121 534 169 560 καὶ
184 533 272 559 ἐποίει
286 533 323 564 ὡς
338 532 427 568 ἧθελε,
442 532 489 559 καὶ
500 532 602 567 ὑψώθη.

159 625 185 653 5.
205 624 261 651 Καὶ
283 623 339 658 ἐγὼ
365 623 534 658 διενοούμην,
558 623 605 649 καὶ
626 623 679 649 ἰδοὺ
703 622 801 658 τράγος
827 623 911 656 αἰγῶν

123 672 224 706 ἦρχετο
236 670 290 696 ἀπὸ
304 669 414 704 δυσμῶν
429 670 475 694 ἐπὶ
500 668 644 704 προσώπου
662 669 710 702 τῆς
734 669 799 703 γῆς·
819 669 866 694 καὶ
878 666 912 703 ἦν

122 717 170 743 τοῦ
187 717 289 751 τράγου
316 716 398 751 κέρας
422 715 450 743 ἓν
467 716 500 749 >ε<
518 715 653 751 θεωρητὺν
664 715 692 749 /.
709 715 844 750 ἀναμέσον
859 715 912 742 τῶν

122 761 274 795 ὀφθαλμῶν
290 760 380 787 αὐτῶν
396 761 424 795 /.

158 806 186 833 6.
199 806 254 833 Καὶ
273 804 354 841 ἦλθεν
365 806 411 832 ἐπὶ
424 806 471 833 τὸν
486 806 560 840 κριὸν
575 806 620 832 τὸν
633 807 666 833 τὰ
685 807 788 842 κέρατα
806 807 910 842 ἔχοντα,

737 107 863 135 IlANll‘II.
883 106 996 134 (ΣΛῘῚΪΤ
1015 107 1081 134 VIII.

159 167 186 194 5.
215 165 376 201 Δναδλέψας
390 163 458 193 εἶδον
477 167 551 202 κριὸν
566 166 612 192 ἕνα
630 167 716 202 μέγαν
730 167 835 194 ἑστῶτα
860 168 913 195 ἁπ-
929 172 951 199 Λ

1680 108 1749 135 2814

1001 167 1028 194 5,
1051 167 1210 201 Suspiciens
1227 167 1278 194 vidi
1294 166 1406 194 arietem
1423 174 1506 193 unum
1527 174 1652 202 magnum
1671 172 1747 194 stan-

964 217 1016 238 tem
1036 220 1051 239 e
1069 212 1178 247 regione
1197 217 1290 247 portae,
1308 217 1335 239 et
1348 212 1463 240 habebat
1480 219 1594 246 cornua,
1606 217 1633 239 et
1645 220 1747 240 cornua

963 259 1093 291 excelsa,
1119 263 1146 286 et
1158 266 1241 286 tinum
1269 259 1403 286 excelsius
1429 259 1534 290 altero,
1563 264 1589 286 et
1615 260 1750 286 excdsius

965 305 1140 332 ascendebat.

999 352 1026 377 4.
1048 351 1112 378 Post
1129 356 1219 378 autem
1236 352 1295 378 haec
1325 350 1378 377 vidi
1399 351 1510 377 arietem
1537 350 1668 377 cornibus
1683 358 1749 377 ven-

963 396 1087 423 tilantem
1103 397 1136 424 ad
1152 398 1296 429 orientem,
1311 401 1338 424 et
1355 396 1387 424 ad
1403 397 1558 431 aquilonem
1569 416 1577 429 ,
1590 401 1617 423 et
1628 396 1659 422 ad
1674 396 1748 423 occi—

962 440 1081 474 dentem,
1096 447 1123 468 et
1135 443 1167 469 ad
1186 442 1326 469 meridiem
1345 452 1351 469 :
1378 447 1405 469 et
1438 447 1543 469 cunctae
1577 441 1671 469 bestias
1694 449 1748 469 non

963 491 1097 514 steterunt
1118 492 1179 521 post
1197 495 1276 519 eum,
1291 492 1317 514 et
1340 494 1393 514 non
1418 491 1476 514 erat
1496 487 1542 522 qui
1562 487 1690 514 liberaret
1716 486 1751 514 de

963 532 1089 559 manibus
1106 533 1175 567 ejus,
1193 537 1220 559 et
1233 532 1359 565 faciebat,
1379 532 1450 560 sicut
1465 533 1582 565 volebat,
1608 537 1634 559 et
1650 532 1749 559 exalta-

963 583 1008 604 ῑυε
1028 582 1080 604 est.

998 623 1025 650 5.
1047 623 1080 650 Et
1094 631 1145 658 ego
1172 623 1420 650 animadvertebam
1436 632 1442 650 :
1457 626 1483 650 et
1509 631 1572 651 cccc
1597 624 1689 651 hircus
1704 632 1750 652 ca-

963 677 1074 703 prarum
1091 670 1214 696 veniebat
1227 671 1261 696 ab
1272 669 1412 696 occidente
1435 677 1516 703 super
1534 668 1629 696 faciem
1653 674 1750 702 tori-aa;

963 718 989 742 et
1004 719 1063 741 erat
1077 715 1143 742 hirci
1161 723 1246 742 cornu
1263 722 1346 742 unum
1375 715 1520 750 spectabile
1536 715 1563 742 iu
1584 715 1673 742 nicdio
1684 723 1750 742 oeu-

964 761 1053 788 Iorum
1067 769 1192 788 suorum.

998 807 1025 834 6.
1042 807 1074 834 Et
1088 807 1161 834 venit
1173 807 1205 834 ad
1222 807 1345 839 arietem,
1356 807 1401 842 qui
1416 814 1520 834 cornua
1535 807 1659 839 habebat,
1670 815 1751 841 quem

123 852 154 878 ὃν
168 850 240 878 εἶδον
253 852 357 878 ἑστῶτα
374 852 441 887 πρὸς
456 854 489 887 τῇ
507 852 586 888 πύλη,
605 853 651 878 καὶ
669 852 768 888 ἔδραμε
782 852 849 888 πρὸς
862 852 911 879 αὖ·

982 852 1085 879 idcram
1104 856 1223 879 stantem
1236 853 1313 886 juxta
1330 857 1449 886 portam,
1477 858 1503 880 et
1522 853 1642 880 cucurrit
1659 857 1750 880 contra

122 898 169 924 τὸν
181 898 211 925 ὲν
226 897 302 932 θυμῷ
314 898 417 933 ζόργῆς.

160 943 188 970 7.
204 943 260 970 Καὶ
273 940 341 970 εἶδον
354 943 434 970 αὑτὸν
449 943 619 978 προσάγοντα
629 943 697 978 πρὸς
709 943 754 969 τὸν
768 943 855 978 κριὸν,
867 943 913 969 καὶ

123 988 253 1024 ἂθυμώθη
274 989 318 1014 ἐπ’
335 989 426 1020 αὑτὸν,
447 989 493 1016 καὶ
510 987 627 1020 ἐπάταξε
643 990 675 1022 ᾖ(
694 989 740 1014 τὸν
758 988 844 1023 κριὸν,
867 987 914 1013 καὶ

124 1035 269 1070 συνέτριψε
285 1034 318 1061 τὰ
327 1034 373 1060 δύο
386 1034 487 1070 κέρατα
500 1034 593 1065 αὐτοῦ,
612 1034 660 1060 καὶ
673 1034 722 1060 οὐκ
735 1033 774 1060 ἔτι
789 1031 823 1068 ἦν
838 1034 913 1068 ἰσχὺς

124 1082 153 1107 ὲν
163 1080 203 1116 τῷ
218 1080 288 1115 κριῷ
305 1080 399 1114 στῆναι
415 1080 558 1106 κατέναντι
571 1079 618 1106 τοῦ
633 1079 734 1114 τράγου
745 1101 752 1112 ,
769 1080 815 1106 καὶ
829 1079 914 1106 ἐσπά-

126 1127 207 1162 ραξεν
221 1127 301 1153 αὐτὸν
315 1127 360 1153 ἐπὶ
373 1127 423 1162 τὴν
437 1126 501 1160 γῆν,
525 1126 572 1152 καὶ
586 1125 744 1160 συνέτριψεν
759 1125 849 1157 αὑτὸν,
868 1125 914 1151 καὶ

123 1174 175 1199 οὐκ
189 1171 223 1208 ἦν
240 1173 254 1198 ὁ
269 1172 399 1208 ῥυόμενος
412 1172 457 1197 τὸν
470 1171 546 1207 κριὸν
558 1171 612 1198 ἀπὸ
627 1171 674 1197 τοῦ
693 1171 805 1206 τράγου.

159 1219 186 1245 8.
208 1219 264 1245 Kal.
282 1219 295 1244 ὁ
306 1218 406 1252 τράγος
420 1217 473 1244 τῶν
487 1217 571 1252 αἰγῶν
581 1217 728 1252 κατίσχυσε
742 1217 854 1252 σφόδρα,
866 1217 914 1243 καὶ

123 1264 169 1290 ὅτε
187 1264 347 1299 κατίσχυσε,
374 1263 520 1299 συνετρίὸη
539 1263 620 1290 αὐτοῦ
637 1263 667 1290 τὸ
682 1263 767 1298 κέρας
783 1263 813 1289 τὺ
830 1263 912 1297 μέγα,

124 1310 172 1336 καὶ
186 1309 271 1345 ἀνέϐη
290 1310 372 1345 ἕτερα
387 1310 508 1344 τέσσαρα
531 1309 633 1345 κέρατα
649 1307 813 1335 κατόπισθεν
833 1307 913 1334 αὐτοῦ

123 1357 165 1387 εἰς
179 1355 243 1386 τοὺς
256 1355 391 1389 τέσσαρας
405 1355 523 1390 ἀνέμους
533 1354 579 1381 τοῦ
592 1355 720 1390 οὐρανοῦ.

160 1401 188 1427 9.
204 1401 260 1426 Καὶ
277 1400 306 1432 ἐξ
326 1400 384 1432 ὲνδς
406 1399 495 1427 αὐτῶν
520 1399 624 1435 ἀνεφύη
640 1400 723 1436 κέρας
743 1399 850 1434 ἰσχυρὸν
874 1399 915 1430 tv,

124 1445 175 1473 καὶ
191 1445 352 1480 κατίσχυσε,
366 1446 414 1472 καὶ
436 1445 571 1477 ἐπάταξεν
590 1445 636 1471 ἐπὶ
662 1445 845 1480 μεσημϐρίαν,
869 1444 916 1471 ὲπὶ

124 1491 216 1523 νότον,
236 1492 284 1517 καὶ
295 1492 337 1517 ἐπ’
350 1491 493 1523 ἀνατολὰς,
511 1491 559 1517 καὶ
576 1491 622 1517 ἐπὶ
640 1491 752 1526 βορρᾶν.

162 1535 207 1562 I0.
224 1535 280 1562 Καὶ
298 1535 392 1570 ὑψώθη
410 1536 462 1568 ἕως
482 1536 535 1561 τῶν
560 1523 753 1571 ἀστέρων-τοῦ
781 1535 913 1570 οὺρανοῦ”
928 1523 949 1551 c

125 1581 176 1609 καὶ
187 1581 311 1618 ἐρῤάχθη
323 1582 368 1607 ἐπὶ
382 1582 432 1617 τὴν
451 1581 502 1616 γῆν
516 1581 570 1608 ἀπὸ
586 1580 640 1607 τῶν
658 1581 791 1615 ἀστέρων,
804 1582 850 1607 καὶ
862 1581 915 1607 ἀπὸ

123 1627 218 1654 αὐτῶν
231 1627 417 1662 κατεπατήθη.

164 1672 208 1700 II.
230 1673 302 1703 Ἕως
322 1673 336 1698 ὁ
352 1672 571 1707 ἀρχιστράτηγος
585 1672 695 1707 ῥύσεται
715 1672 763 1707 τὴν
779 1672 916 1707 αἰχμαλω-

125 1717 206 1743 σίαν·
219 1717 266 1743 καὶ
286 1717 319 1743 δι“
330 1717 412 1742 αὑτὸν
427 1717 460 1743 τὰ
471 1716 522 1752 ὅρη
540 1717 575 1743 τὰ
588 1718 636 1744 ἀπ’
659 1717 756 1748 αἰῶνος
779 1717 914 1753 ὲρῤαχθη·

125 1762 177 1790 καὶ
193 1761 295 1798 ὲξῄρθη
306 1763 320 1789 ὁ
334 1762 416 1794 τόπος
434 1762 540 1794 αὐτῶν,
566 1763 612 1789 καὶ
637 1763 734 1789 θυσίαν
756 1765 802 1790 καὶ
818 1763 917 1798 ἔθηκεν

124 1807 214 1842 αὐτὴν
229 1807 282 1839 ἓως
297 1808 384 1842 χαμαὶ
400 1808 446 1834 ἐπὶ
457 1808 506 1844 τὴν
522 1808 584 1843 γῆν,
602 1809 648 1834 καὶ
664 1808 854 1844 εὑωδώοησαν,
870 1809 917 1835 καὶ

126 1854 246 1889 ἐγενήθη
256 1862 262 1868 ·
279 1854 368 1881 καὶτὸ
382 1853 460 1888 ἅγιον
474 1854 692 1890 ἐρημωθήσεται.

164 1947 209 1974 I2.
229 1946 284 1973 Kal
295 1945 463 1980 ἐγενήθησαν
476 1945 521 1971 ἐπὶ
533 1946 565 1981 τῇ
581 1945 660 1981 θυσία
676 1946 703 1971 αἱ
715 1946 859 1982 ἁμαρτίαι,
872 1947 917 1972 καὶ

125 1992 231 2028 ὲρριφη
248 1990 335 2025 χαμαὶ
351 1991 368 2025 ἡ
382 1990 539 2024 δικαιοσύνη
551 1999 557 2005 ·
576 1991 623 2016 καὶ
644 1991 755 2026 ὲπῖίησε
767 2012 773 2024 ,
795 1992 842 2017 καὶ
873 1992 918 2018 εὑ-

126 2040 237 2074 ωδώθη.

165 2087 211 2113 I5.
231 2086 285 2113 Kal.
301 2086 397 2121 ἤκουον
411 2085 503 2121 ἐτέρου
517 2085 593 2118 ἁγίου
605 2084 748 2116 λαλοῦντος
758 2094 764 2100 ·
782 2086 827 2111 καὶ
843 2083 919 2111 εἶπεν

126 2132 245 2167 ὁὲτερος
257 2131 362 2166 ἆγιοςί.
373 2131 412 2166 τῷ
423 2131 556 2166 Φελμουνὶ
569 2131 608 2166 τῷ
617 2131 751 2157 λαλοῦντι·
764 2131 836 2162 Ἕως
848 2131 920 2162 τίνος

126 2178 160 2204 τὸ
179 2178 272 2213 ὅραμα
293 2179 432 2213 στήσεται,
450 2178 497 2204 καὶ
513 2179 529 2212 ὴ
547 2177 627 2204 θυσία
651 2178 667 2212 ἡ
694 2178 817 2211 ἀρθεῖσα,
843 2178 919 2213 καὶὴ
937 2192 957 2218 D

127 2225 256 2260 ἁμαρτία
266 2225 431 2260 ἐρημώσεως
446 2226 462 2260 ἡ
477 2224 594 2257 δοθεῖσα,
609 2225 655 2251 καὶ
675 2224 709 2250 τὰ
726 2224 790 2258 ἆγια
811 2225 919 2259 ἐρημω-

126 2271 245 2306 θήσεται
258 2271 297 2302 εἰς
314 2271 498 2305 καταπάτημα
509 2279 516 2303 ;

167 2317 212 2343 Η.
227 2317 281 2343 Καὶ
290 2314 366 2342 εἶπεν
377 2316 460 2351 αὐτῷ’
473 2316 542 2347 "Em,
554 2316 683 2351 ἑσπέρας,
697 2315 743 2342 καὶ
756 2315 837 2351 πρωῒ,
854 2316 921 2350 ὴμέ-

129 2372 177 2398 ραι
199 2363 328 2397 δισχίλιαι
356 2362 530 2397 τριακόσιαι,
559 2363 606 2388 καὶ
637 2362 869 2397 καθαρισοήσεται
891 2362 921 2388 τὸ

127 2409 164 2443 ἆγ
169 2418 220 2434 ιον.

167 2453 212 2480 I5.
225 2453 280 2480 Καὶ
299 2453 407 2487 ἐγένετο
420 2454 448 2478 ἐν
463 2452 502 2487 τῷ
517 2452 629 2487 θεωρεῖν
652 2461 686 2487 με
703 2452 758 2486 ἐγὼ
779 2452 877 2487 Δανιὴλ
891 2452 921 2478 τὺ

128 2499 235 2534 ὅραμα,
247 2498 362 2534 ἐζήτουν
379 2497 564 2533 διανοηθῆναι,
579 2499 626 2524 καὶ
644 2498 698 2524 ἰδοὺ
714 2497 778 2533 ἔστη
792 2505 919 2523 κατεναν-

127 2543 187 2570 τίον
200 2552 262 2579 μου,
279 2543 316 2574 ὡς
333 2543 428 2578 ὅρασις
445 2543 600 2578 ἀνθρώπου.

166 2590 213 2616 16.
229 2590 285 2616 Καὶ
303 2589 407 2624 ἤκουσα
432 2589 524 2624 φωνὴν
550 2588 693 2624 ἀνθρώπου
717 2589 856 2624 ἀναμέσον
874 2588 921 2614 τοῦ

128 2635 232 2662 Οὐλαῖ·
249 2635 295 2661 καὶ
314 2635 437 2665 ἐκάλεσε,
454 2635 499 2660 καὶ
515 2632 591 2661 εἶπεν
603 2642 610 2650 ·
636 2634 764 2670 Γαϐριὴλ,
787 2635 923 2661 συνέτισον

129 2683 236 2708 ἐκεῖνον
250 2681 300 2716 τὴν
317 2682 413 2716 ὅρασιν
430 2687 460 2708 —:—
479 2681 523 2707 καὶ
535 2681 690 2716 ἀναϐοήσας
703 2679 780 2707 εἶπεν
794 2682 808 2707 ὁ
818 2679 922 2715 ἄνθρω-

130 2736 182 2759 πος
198 2734 227 2754 -°r
244 2727 291 2754 ἐπὶ
305 2728 335 2754 τὸ
346 2728 509 2762 πρόσταγμα
521 2728 608 2753 ἐκεῖνο
622 2728 637 2762 ή
651 2728 747 2762 ὅρασις
757 2728 785 2761 /.

169 2773 212 2800 Π.
227 2773 279 2800 Kal
294 2770 371 2808 ἦλθε,
385 2774 432 2800 καὶ
445 2775 509 2809 ἑστη
525 2773 653 2808 ἐχόμενος
665 2782 715 2809 μου
728 2773 778 2808 τῆς
790 2773 921 2804 στάσεως,

133 2817 179 2845 καὶ
191 2817 220 2844 ἐν
235 2817 272 2852 τῷ
289 2818 415 2852 ἔρχεσθαι
429 2819 509 2845 αὐτὸν
523 2818 701 2853 ἐθορυϐήθην,
717 2819 762 2845 καὶ
780 2818 864 2845 ἔπεσα
877 2819 923 2844 ἐπὶ

296 2863 430 2894 ΡΛΤΚΟΙ..
455 2863 513 2893 Gn.
540 2864 622 2893 XVI.

963 906 1025 926 eum
1045 899 1072 925 in
1089 898 1180 926 furore
1200 899 1256 926 ira}.

1001 945 1025 970 7.
1047 943 1080 971 Et
1097 944 1151 970 ridi
1167 951 1229 970 eum
1245 944 1419 971 accedentem
1436 944 1468 971 ad
1490 944 1614 976 arietem,
1639 949 1665 971 et
1679 945 1751 971 imli-

964 994 1064 1024 gnatus
1078 994 1118 1017 est
1130 994 1222 1016 contra
1236 997 1309 1021 eunt,
1329 993 1354 1017 et
1369 990 1503 1024 percussit
1517 990 1640 1021 arietem,
1653 995 1678 1016 et
1686 997 1753 1017 cou-

965 1035 1038 1061 trivit
1053 1035 1106 1061 duo
1122 1042 1223 1061 cornua
1235 1035 1293 1069 ejus
1309 1053 1316 1066 ,
1336 1039 1363 1061 et
1385 1042 1439 1061 non
1464 1035 1582 1069 amplius
1601 1039 1658 1062 erat
1675 1034 1753 1062 forti-

966 1079 1033 1106 tudo
1053 1080 1081 1106 iu
1100 1080 1184 1106 ariete
1203 1080 1292 1106 standi
1305 1087 1397 1107 coram
1425 1080 1523 1108 hirco:
1554 1084 1581 1107 et
1612 1080 1754 1107 dilaniavit

964 1131 1025 1150 eum
1045 1131 1128 1157 super
1141 1128 1252 1156 terram,
1268 1128 1295 1150 et
1311 1124 1440 1151 contrivit
1465 1132 1544 1157 eum,
1565 1129 1593 1152 et
1620 1132 1674 1152 non
1694 1130 1753 1152 erat

964 1169 1011 1204 qtti
1030 1169 1156 1196 liberaret
1172 1169 1284 1196 arietem
1298 1170 1332 1196 ab
1348 1170 1433 1196 hirco.

999 1214 1025 1242 8.
1047 1214 1078 1241 Et
1097 1215 1191 1242 hircus
1208 1222 1353 1249 caprarum
1371 1214 1513 1249 przevaluit
1528 1215 1615 1247 valde,
1631 1220 1658 1242 ct
1678 1220 1753 1250 post-

965 1267 1047 1294 quam
1065 1259 1209 1286 roboratus
1224 1259 1286 1290 fuit,
1297 1260 1443 1287 contritum
1459 1264 1501 1287 est
1519 1260 1577 1295 ejus
1591 1267 1674 1287 cornu
1693 1268 1752 1287 ma-

966 1312 1061 1340 gnum,
1082 1310 1109 1332 et
1135 1305 1316 1332 ascenderunt
1345 1305 1398 1332 alia
1428 1313 1531 1332 cornua
1561 1310 1678 1340 quatuor
1693 1310 1753 1340 post

966 1352 1031 1378 illud
1046 1351 1073 1378 in
1091 1356 1210 1386 quatuor
1224 1356 1320 1378 ventos
1336 1351 1409 1378 emli.

1001 1396 1027 1423 9.
1049 1395 1082 1422 Et
1101 1397 1134 1423 de
1151 1403 1205 1422 uno
1228 1396 1336 1422 illorum
1359 1401 1483 1423 reuatttm
1513 1402 1554 1424 est
1575 1404 1660 1424 cornu
1684 1396 1754 1424 forte

966 1449 1062 1474 unum,
1078 1446 1105 1468 et
1117 1441 1267 1476 prmvnluit,
1292 1446 1319 1467 et
1334 1442 1469 1476 percussit
1492 1443 1524 1469 ad
1543 1443 1681 1470 meridiem
1693 1463 1701 1474 ,
1719 1442 1752 1469 ad

966 1490 1102 1518 austrum,
1121 1486 1153 1512 ad
1173 1486 1318 1517 orientem,
1335 1490 1360 1513 et
1379 1486 1412 1513 ad
1424 1487 1591 1521 aquilonem.

1003 1532 1046 1559 I0.
1069 1531 1100 1558 Et
1112 1532 1248 1558 elevatum
1261 1538 1303 1558 est
1319 1539 1404 1566 usque
1417 1532 1449 1558 ad
1464 1533 1557 1559 stellas
1574 1533 1645 1566 caeli,
1663 1539 1689 1560 et
1707 1533 1754 1560 de-

967 1578 1048 1604 traxit
1064 1585 1145 1612 super
1160 1582 1260 1606 terram
1280 1585 1295 1604 e
1312 1578 1409 1610 stellis,
1422 1582 1503 1612 atque
1514 1579 1547 1605 de
1559 1579 1599 1605 eis
1610 1579 1754 1606 conculca-

967 1622 1015 1650 vit.

1003 1667 1046 1694 II.
1067 1667 1158 1695 Donec
1182 1668 1309 1702 princeps
1333 1668 1435 1696 militia)
1463 1669 1591 1696 liberabit
1610 1669 1754 1704 captivita-~

967 1719 1031 1745 tem,
1057 1718 1084 1740 et
1106 1721 1153 1748 per
1173 1715 1262 1749 ipsum
1281 1719 1407 1747 montes,
1436 1715 1483 1749 qui
1515 1722 1530 1742 a
1550 1716 1650 1742 srecnlo
1679 1721 1754 1748 sunt,

967 1759 1069 1787 eﬂ‘racti
1087 1765 1151 1787 sunt
1168 1771 1173 1787 :
1187 1764 1214 1787 et
1227 1760 1335 1788 ablatus
1350 1765 1390 1787 est
1403 1761 1481 1788 locus
1504 1768 1612 1794 eorum,
1630 1765 1656 1788 et
1671 1762 1756 1788 sacri-

968 1808 1059 1835 [icium
1076 1817 1082 1834 :
1102 1813 1129 1835 et
1155 1808 1247 1843 posuit
1278 1807 1345 1835 illud
1364 1815 1452 1842 usque
1477 1808 1510 1835 ad
1538 1808 1652 1835 humutn
1675 1815 1757 1843 super

969 1858 1080 1886 terram,
1097 1858 1124 1880 CI.
1139 1861 1270 1889 prospere
1298 1858 1459 1886 evenerunt,
1486 1858 1514 1881 et
1541 1853 1612 1881 [ἔλθω
1637 1859 1711 1886 sunt,
1730 1859 1758 1881 CI.

969 1900 1154 1927 sanctuarium
1167 1899 1343 1927 desolabitur.

1005 1946 1049 1973 I2.
1072 1945 1105 1972 Et
1118 1945 1268 1973 l‘ueruntin
1283 1946 1419 1973 sacriﬁcio
1431 1951 1558 1981 peccata,
1585 1951 1611 1973 et
1638 1946 1757 1981 projecta

968 1997 1011 2018 est
1024 1991 1051 2018 iu
1066 1995 1137 2018 terra
1149 1991 1266 2025 justitia,
1282 1996 1309 2018 et
1321 1991 1394 2024 fecit,
1410 1996 1437 2019 et
1451 1999 1579 2026 prospere
1593 1993 1684 2019 cessit.

1006 2083 1050 2110 I5.
1071 2083 1104 2110 Et
1114 2082 1204 2109 audivi
1219 2083 1304 2110 alium
1322 2089 1446 2111 sanctttm
1460 2084 1613 2119 laquentem
1629 2094 1634 2110 :
1648 2089 1675 2111 et
1691 2085 1758 2112 dixit

971 2129 1041 2155 alius
1068 2134 1178 2156 sanctus
1197 2129 1340 2155 Pltelmuni
1362 2129 1483 2163 loquenti
1503 2139 1510 2157 :
1530 2129 1677 2165 Usquequo
1690 2132 1757 2158 visio

972 2174 1066 2206 stabit,
1080 2179 1108 2201 et
1122 2174 1300 2206 sacriﬁcium,
1317 2175 1388 2208 quod
1405 2175 1524 2202 ablatum
1540 2181 1599 2209 est,
1621 2183 1647 2203 et
1665 2184 1758 2210 pecca-

973 2224 1028 2246 tum
1045 2220 1232 2252 desolationis,
1249 2221 1321 2255 quod
1336 2221 1429 2248 datum
1446 2226 1498 2253 est,
1524 2227 1550 2248 et
1564 2227 1657 2249 sancta
1679 2223 1759 2250 deso-

972 2266 1100 2293 labuutur
1118 2267 1144 2294 in
1166 2267 1420 2294 conculcationem?

1008 2313 1050 2339 Η.
1072 2312 1104 2339 Et
1128 2313 1195 2339 dixit
1213 2314 1236 2339 ei
1265 2323 1271 2340 :
1297 2313 1387 2348 Usque
1409 2313 1442 2341 ad
1460 2321 1611 2348 vesperam,
1626 2319 1652 2341 et
1669 2322 1757 2347 mune,

972 2360 1030 2387 dies
1042 2361 1097 2387 duo
1115 2360 1199 2386 millia
1213 2361 1336 2393 tet'ccnli,
1351 2366 1378 2388 et
1394 2361 1570 2388 mundabitur
1587 2366 1722 2388 sanctum.

1009 2452 1052 2479 I5.
1075 2451 1187 2479 Factum
1205 2457 1247 2480 est
1263 2457 1365 2485 autem,
1383 2460 1447 2479 cum
1465 2452 1583 2479 \iderem
1600 2461 1649 2487 ego
1668 2453 1759 2481 Daniel

973 2498 1118 2531 visionem,
1133 2499 1288 2532 quaerebam
1304 2499 1456 2534 intelligere
1475 2509 1481 2526 :
1505 2505 1532 2526 et
1546 2507 1610 2527 ecce
1624 2501 1698 2528 stetit
1713 2508 1756 2528 co-

973 2551 1030 2570 ram
1045 2551 1088 2571 me
1101 2545 1181 2572 veluti
1195 2550 1321 2580 aspectus
1336 2546 1465 2573 hominis.

1010 2588 1052 2616 I6.
1075 2589 1107 2616 Et
1121 2591 1212 2617 audivi
1227 2599 1320 2618 vocem
1344 2592 1395 2619 viri
1416 2592 1485 2619 inter
1501 2592 1560 2620 Ulai
1577 2602 1583 2619 :
1600 2597 1626 2620 et
1644 2595 1760 2627 vocavit,

973 2639 1000 2660 et
1015 2634 1083 2662 dixit
1097 2635 1233 2669 :Gabriel,
1250 2636 1291 2664 fac
1307 2638 1383 2664 illum
1401 2638 1550 2674 intelligere
1572 2639 1716 2672 visionem,
1735 2646 1762 2667 et

974 2681 1130 2710 exclamans
1147 2683 1185 2710 ait
1198 2684 1289 2716 homo,
1303 2684 1336 2711 ad
1351 2686 1508 2713 mandatum
1525 2686 1591 2713 illud
1611 2687 1690 2714 visio.

1011 2773 1055 2800 I7.
1076 2772 1108 2800 Et
1121 2774 1203 2806 venit,
1217 2780 1243 2801 et
1258 2775 1331 2802 stetit
1346 2783 1429 2811 prope
1445 2777 1590 2804 stationem
1607 2784 1708 2804 meatu.
1729 2777 1762 2803 Et

975 2827 1036 2846 cum
1053 2819 1096 2848 ille
1123 2821 1250 2854 \euisset,
1268 2822 1440 2856 perturbatus
1461 2831 1535 2853 sum,
1566 2829 1593 2849 et
1618 2828 1710 2850 corrui
1735 2823 1762 2847 in

1541 2868 1579 2898 89
