  <div class='ocr_page' id='page_1' title='image "/cluster/home/n/w/nwhite01/storage/ocr_20150623/16, pt.3/njp.32101010944575/287.png"; bbox 0 0 1959 3079; ppageno 0'>
   <div class='ocr_carea' id='block_1_1' title="bbox 222 132 292 160">
    <p class='ocr_par' dir='ltr' id='par_1_1' title="bbox 222 132 292 160">
     <span class='ocr_line' id='line_1_1' title="bbox 222 132 292 160; baseline 0 0"><span class='ocrx_word' id='word_1_1' title='bbox 222 132 292 160; x_wconf 69' lang='grc' dir='ltr'><strong>98ίῆ</strong></span> 
     </span>
    </p>
   </div>
   <div class='ocr_carea' id='block_1_2' title="bbox 742 133 1320 166">
    <p class='ocr_par' dir='ltr' id='par_1_2' title="bbox 742 133 1320 166">
     <span class='ocr_line' id='line_1_2' title="bbox 742 133 1320 166; baseline -0.002 -5"><span class='ocrx_word' id='word_1_2' title='bbox 742 133 977 162; x_wconf 62' lang='grc' dir='ltr'><strong>ΙΙΕἏΑΡιΟΚυΜ</strong></span> <span class='ocrx_word' id='word_1_3' title='bbox 997 133 1081 166; x_wconf 68' lang='grc' dir='ltr'><strong>ΩυιλΕ</strong></span> <span class='ocrx_word' id='word_1_4' title='bbox 1103 133 1320 162; x_wconf 73' lang='lat' dir='ltr'><strong>SUPERSUNT.</strong></span> 
     </span>
    </p>
   </div>
   <div class='ocr_carea' id='block_1_3' title="bbox 1781 134 1851 162">
    <p class='ocr_par' dir='ltr' id='par_1_3' title="bbox 1781 134 1851 162">
     <span class='ocr_line' id='line_1_3' title="bbox 1781 134 1851 162; baseline 0.014 -1"><span class='ocrx_word' id='word_1_5' title='bbox 1781 134 1851 162; x_wconf 65' lang='lat'><strong>2816</strong></span> 
     </span>
    </p>
   </div>
   <div class='ocr_carea' id='block_1_4' title="bbox 224 191 998 228">
    <p class='ocr_par' dir='ltr' id='par_1_4' title="bbox 224 191 995 224">
     <span class='ocr_line' id='line_1_4' title="bbox 224 191 995 224; baseline 0.004 -7"><span class='ocrx_word' id='word_1_6' title='bbox 224 191 318 218; x_wconf 81' lang='lat' dir='ltr'><strong>faciem</strong></span> <span class='ocrx_word' id='word_1_7' title='bbox 334 199 432 224; x_wconf 83' lang='lat' dir='ltr'><strong>meam,</strong></span> <span class='ocrx_word' id='word_1_8' title='bbox 446 197 472 218; x_wconf 82' lang='lat' dir='ltr'><strong>et</strong></span> <span class='ocrx_word' id='word_1_9' title='bbox 485 191 552 219; x_wconf 81' lang='lat' dir='ltr'><strong>dixit</strong></span> <span class='ocrx_word' id='word_1_10' title='bbox 569 192 634 219; x_wconf 90' lang='lat' dir='ltr'><strong>mihi</strong></span> <span class='ocrx_word' id='word_1_11' title='bbox 645 202 652 220; x_wconf 83' lang='lat'><strong><em>:</em></strong></span> <span class='ocrx_word' id='word_1_12' title='bbox 664 191 864 224; x_wconf 76' lang='lat' dir='ltr'><strong>Animadverte,</strong></span> <span class='ocrx_word' id='word_1_13' title='bbox 876 192 911 219; x_wconf 85' lang='lat' dir='ltr'><strong>fili</strong></span> <span class='ocrx_word' id='word_1_14' title='bbox 923 194 995 220; x_wconf 76' lang='lat' dir='ltr'><strong>lromi</strong></span> 
     </span>
    </p>
   </div>
   <div class='ocr_carea' id='block_1_5' title="bbox 1064 191 1850 228">
    <p class='ocr_par' dir='ltr' id='par_1_5' title="bbox 1064 191 1850 228">
     <span class='ocr_line' id='line_1_5' title="bbox 1064 191 1850 228; baseline 0.003 -10"><span class='ocrx_word' id='word_1_15' title='bbox 1064 192 1207 227; x_wconf 82' lang='grc' dir='ltr'>πρόσωπόν</span> <span class='ocrx_word' id='word_1_16' title='bbox 1223 201 1291 227; x_wconf 81' lang='grc' dir='ltr'>μου,</span> <span class='ocrx_word' id='word_1_17' title='bbox 1312 193 1357 218; x_wconf 81' lang='grc' dir='ltr'>καὶ</span> <span class='ocrx_word' id='word_1_18' title='bbox 1377 191 1452 219; x_wconf 73' lang='grc' dir='ltr'>εἶπέν</span> <span class='ocrx_word' id='word_1_19' title='bbox 1473 201 1533 228; x_wconf 80' lang='grc' dir='ltr'>μοι’</span> <span class='ocrx_word' id='word_1_20' title='bbox 1550 193 1722 228; x_wconf 69' lang='grc' dir='ltr'>Διανοήθητι,</span> <span class='ocrx_word' id='word_1_21' title='bbox 1740 194 1782 221; x_wconf 82' lang='grc' dir='ltr'>υίὲ</span> <span class='ocrx_word' id='word_1_22' title='bbox 1803 195 1850 220; x_wconf 86' lang='grc' dir='ltr'>ἀν-</span> 
     </span>
    </p>
   </div>
   <div class='ocr_carea' id='block_1_6' title="bbox 223 237 936 272">
    <p class='ocr_par' dir='ltr' id='par_1_6' title="bbox 223 237 936 272">
     <span class='ocr_line' id='line_1_6' title="bbox 223 237 936 272; baseline 0.003 -9"><span class='ocrx_word' id='word_1_23' title='bbox 223 238 276 267; x_wconf 87' lang='lat' dir='ltr'><strong>nis.</strong></span> <span class='ocrx_word' id='word_1_24' title='bbox 294 237 382 265; x_wconf 83' lang='lat' dir='ltr'><strong>adhuc</strong></span> <span class='ocrx_word' id='word_1_25' title='bbox 401 238 472 265; x_wconf 87' lang='lat' dir='ltr'><strong>cnim</strong></span> <span class='ocrx_word' id='word_1_26' title='bbox 488 238 521 265; x_wconf 83' lang='lat' dir='ltr'><strong>ad</strong></span> <span class='ocrx_word' id='word_1_27' title='bbox 536 238 630 265; x_wconf 75' lang='lat' dir='ltr'><strong>horam</strong></span> <span class='ocrx_word' id='word_1_28' title='bbox 645 238 772 272; x_wconf 82' lang='lat' dir='ltr'><strong>temporis</strong></span> <span class='ocrx_word' id='word_1_29' title='bbox 787 238 837 265; x_wconf 71' lang='lat' dir='ltr'><strong>isia</strong></span> <span class='ocrx_word' id='word_1_30' title='bbox 858 238 936 266; x_wconf 81' lang='lat' dir='ltr'><strong>visio.</strong></span> 
     </span>
    </p>
   </div>
   <div class='ocr_carea' id='block_1_7' title="bbox 259 283 1009 318">
    <p class='ocr_par' dir='ltr' id='par_1_7' title="bbox 259 283 1009 318">
     <span class='ocr_line' id='line_1_7' title="bbox 259 283 1009 318; baseline 0.003 -9"><span class='ocrx_word' id='word_1_31' title='bbox 259 283 301 309; x_wconf 75' lang='grc'><strong>18.</strong></span> <span class='ocrx_word' id='word_1_32' title='bbox 324 283 446 318; x_wconf 81' lang='lat' dir='ltr'><strong>Cumque</strong></span> <span class='ocrx_word' id='word_1_33' title='bbox 461 283 618 318; x_wconf 84' lang='lat' dir='ltr'><strong>loqueretur</strong></span> <span class='ocrx_word' id='word_1_34' title='bbox 636 283 691 317; x_wconf 87' lang='lat' dir='ltr'><strong>ipse</strong></span> <span class='ocrx_word' id='word_1_35' title='bbox 711 290 815 309; x_wconf 80' lang='lat' dir='ltr'><strong>Inccum</strong></span> <span class='ocrx_word' id='word_1_36' title='bbox 827 304 833 316; x_wconf 97' lang='lat'><strong>,</strong></span> <span class='ocrx_word' id='word_1_37' title='bbox 854 284 950 310; x_wconf 85' lang='lat' dir='ltr'><strong>cubavi</strong></span> <span class='ocrx_word' id='word_1_38' title='bbox 963 293 1009 311; x_wconf 84' lang='lat' dir='ltr'><strong>su-</strong></span> 
     </span>
    </p>
   </div>
   <div class='ocr_carea' id='block_1_8' title="bbox 224 327 1010 364">
    <p class='ocr_par' dir='ltr' id='par_1_8' title="bbox 224 327 1010 364">
     <span class='ocr_line' id='line_1_8' title="bbox 224 327 1010 364; baseline 0.005 -9"><span class='ocrx_word' id='word_1_39' title='bbox 224 336 270 362; x_wconf 87' lang='lat' dir='ltr'><strong>per</strong></span> <span class='ocrx_word' id='word_1_40' title='bbox 290 327 385 356; x_wconf 84' lang='lat' dir='ltr'><strong>f.:eiem</strong></span> <span class='ocrx_word' id='word_1_41' title='bbox 408 329 499 361; x_wconf 90' lang='lat' dir='ltr'><strong>humi;</strong></span> <span class='ocrx_word' id='word_1_42' title='bbox 514 334 541 356; x_wconf 89' lang='lat' dir='ltr'><strong>et</strong></span> <span class='ocrx_word' id='word_1_43' title='bbox 557 337 615 356; x_wconf 90' lang='lat' dir='ltr'><strong>cum</strong></span> <span class='ocrx_word' id='word_1_44' title='bbox 630 329 762 364; x_wconf 76' lang='lat' dir='ltr'><strong>tetigisset</strong></span> <span class='ocrx_word' id='word_1_45' title='bbox 778 338 819 356; x_wconf 88' lang='lat' dir='ltr'><strong>me</strong></span> <span class='ocrx_word' id='word_1_46' title='bbox 831 350 839 362; x_wconf 91' lang='lat'><strong>,</strong></span> <span class='ocrx_word' id='word_1_47' title='bbox 867 331 951 358; x_wconf 87' lang='lat' dir='ltr'><strong>erein</strong></span> <span class='ocrx_word' id='word_1_48' title='bbox 967 339 1010 359; x_wconf 90' lang='lat' dir='ltr'><strong>me</strong></span> 
     </span>
    </p>
   </div>
   <div class='ocr_carea' id='block_1_9' title="bbox 223 373 655 408">
    <p class='ocr_par' dir='ltr' id='par_1_9' title="bbox 223 373 655 408">
     <span class='ocr_line' id='line_1_9' title="bbox 223 373 655 408; baseline -0.002 -8"><span class='ocrx_word' id='word_1_49' title='bbox 223 381 305 408; x_wconf 84' lang='lat' dir='ltr'><strong>super</strong></span> <span class='ocrx_word' id='word_1_50' title='bbox 319 373 419 406; x_wconf 88' lang='lat' dir='ltr'><strong>locum,</strong></span> <span class='ocrx_word' id='word_1_51' title='bbox 435 379 461 399; x_wconf 87' lang='lat' dir='ltr'><strong>ct</strong></span> <span class='ocrx_word' id='word_1_52' title='bbox 475 373 543 400; x_wconf 80' lang='lat' dir='ltr'><strong>dixit</strong></span> <span class='ocrx_word' id='word_1_53' title='bbox 561 373 626 400; x_wconf 90' lang='lat' dir='ltr'><strong>mihi</strong></span> <span class='ocrx_word' id='word_1_54' title='bbox 650 382 655 399; x_wconf 94' lang='lat'><strong>:</strong></span> 
     </span>
    </p>
   </div>
   <div class='ocr_carea' id='block_1_10' title="bbox 262 418 1008 454">
    <p class='ocr_par' dir='ltr' id='par_1_10' title="bbox 262 418 1008 454">
     <span class='ocr_line' id='line_1_10' title="bbox 262 418 1008 454; baseline 0.005 -10"><span class='ocrx_word' id='word_1_55' title='bbox 262 418 302 444; x_wconf 75' lang='grc' dir='ltr'><strong>Η).</strong></span> <span class='ocrx_word' id='word_1_56' title='bbox 326 418 393 445; x_wconf 84' lang='lat' dir='ltr'><strong>Ecce</strong></span> <span class='ocrx_word' id='word_1_57' title='bbox 426 427 474 453; x_wconf 82' lang='lat' dir='ltr'><strong>ego</strong></span> <span class='ocrx_word' id='word_1_58' title='bbox 495 419 630 445; x_wconf 72' lang='lat' dir='ltr'><strong>annuntio</strong></span> <span class='ocrx_word' id='word_1_59' title='bbox 660 419 718 450; x_wconf 86' lang='lat' dir='ltr'><strong>libi,</strong></span> <span class='ocrx_word' id='word_1_60' title='bbox 736 428 796 454; x_wconf 70' lang='lat' dir='ltr'><strong>qua:</strong></span> <span class='ocrx_word' id='word_1_61' title='bbox 822 425 901 448; x_wconf 87' lang='lat' dir='ltr'><strong>erunt</strong></span> <span class='ocrx_word' id='word_1_62' title='bbox 917 422 943 448; x_wconf 87' lang='lat' dir='ltr'><strong>iu</strong></span> <span class='ocrx_word' id='word_1_63' title='bbox 959 430 1008 449; x_wconf 90' lang='lat' dir='ltr'><strong>no-</strong></span> 
     </span>
    </p>
   </div>
   <div class='ocr_carea' id='block_1_11' title="bbox 223 464 1008 498">
    <p class='ocr_par' dir='ltr' id='par_1_11' title="bbox 223 464 1008 498">
     <span class='ocr_line' id='line_1_11' title="bbox 223 464 1008 498; baseline 0.006 -8"><span class='ocrx_word' id='word_1_64' title='bbox 223 465 334 491; x_wconf 64' lang='lat' dir='ltr'><strong>tissimo</strong></span> <span class='ocrx_word' id='word_1_65' title='bbox 348 465 395 490; x_wconf 74' lang='lat' dir='ltr'><strong>ine</strong></span> <span class='ocrx_word' id='word_1_66' title='bbox 413 464 476 491; x_wconf 82' lang='lat' dir='ltr'><strong>filiis</strong></span> <span class='ocrx_word' id='word_1_67' title='bbox 491 464 581 498; x_wconf 95' lang='lat' dir='ltr'><strong>populi</strong></span> <span class='ocrx_word' id='word_1_68' title='bbox 601 464 638 490; x_wconf 88' lang='lat' dir='ltr'><strong>tui</strong></span> <span class='ocrx_word' id='word_1_69' title='bbox 655 474 661 491; x_wconf 84' lang='lat'>:</span> <span class='ocrx_word' id='word_1_70' title='bbox 678 465 767 492; x_wconf 85' lang='lat' dir='ltr'><strong>adhuc</strong></span> <span class='ocrx_word' id='word_1_71' title='bbox 787 466 858 492; x_wconf 85' lang='lat' dir='ltr'><strong>enim</strong></span> <span class='ocrx_word' id='word_1_72' title='bbox 879 467 911 494; x_wconf 86' lang='lat' dir='ltr'><strong>ad</strong></span> <span class='ocrx_word' id='word_1_73' title='bbox 927 467 1008 495; x_wconf 87' lang='lat' dir='ltr'><strong>horas</strong></span> 
     </span>
    </p>
   </div>
   <div class='ocr_carea' id='block_1_12' title="bbox 224 509 788 543">
    <p class='ocr_par' dir='ltr' id='par_1_12' title="bbox 224 509 788 543">
     <span class='ocr_line' id='line_1_12' title="bbox 224 509 788 543; baseline 0.005 -8"><span class='ocrx_word' id='word_1_74' title='bbox 224 509 353 543; x_wconf 81' lang='lat' dir='ltr'><strong>teinpmis</strong></span> <span class='ocrx_word' id='word_1_75' title='bbox 369 510 615 536; x_wconf 82' lang='lat' dir='ltr'><strong>consummationis</strong></span> <span class='ocrx_word' id='word_1_76' title='bbox 629 510 788 538; x_wconf 79' lang='lat' dir='ltr'><strong>manebunt.</strong></span> 
     </span>
    </p>
   </div>
   <div class='ocr_carea' id='block_1_13' title="bbox 255 553 1007 590">
    <p class='ocr_par' dir='ltr' id='par_1_13' title="bbox 255 553 1007 590">
     <span class='ocr_line' id='line_1_13' title="bbox 255 553 1007 590; baseline 0.009 -11"><span class='ocrx_word' id='word_1_77' title='bbox 255 553 299 579; x_wconf 66' lang='lat'><strong>‘20.</strong></span> <span class='ocrx_word' id='word_1_78' title='bbox 322 553 409 585; x_wconf 72' lang='lat' dir='ltr'><strong>Aries,</strong></span> <span class='ocrx_word' id='word_1_79' title='bbox 443 562 522 588; x_wconf 82' lang='lat' dir='ltr'><strong>quem</strong></span> <span class='ocrx_word' id='word_1_80' title='bbox 551 555 640 581; x_wconf 84' lang='lat' dir='ltr'><strong>vidisti</strong></span> <span class='ocrx_word' id='word_1_81' title='bbox 663 557 805 584; x_wconf 77' lang='lat' dir='ltr'><strong>habentem</strong></span> <span class='ocrx_word' id='word_1_82' title='bbox 832 565 944 590; x_wconf 78' lang='lat' dir='ltr'><strong>cornua,</strong></span> <span class='ocrx_word' id='word_1_83' title='bbox 962 567 1007 586; x_wconf 84' lang='lat' dir='ltr'><strong>rex</strong></span> 
     </span>
    </p>
   </div>
   <div class='ocr_carea' id='block_1_14' title="bbox 220 597 639 628">
    <p class='ocr_par' dir='ltr' id='par_1_14' title="bbox 220 597 639 628">
     <span class='ocr_line' id='line_1_14' title="bbox 220 597 639 628; baseline 0.007 -3"><span class='ocrx_word' id='word_1_84' title='bbox 220 597 357 626; x_wconf 66' lang='lat' dir='ltr'><strong>Med-trum</strong></span> <span class='ocrx_word' id='word_1_85' title='bbox 376 604 402 626; x_wconf 82' lang='lat' dir='ltr'><strong>et</strong></span> <span class='ocrx_word' id='word_1_86' title='bbox 417 600 561 628; x_wconf 83' lang='lat' dir='ltr'><strong>Persarum</strong></span> <span class='ocrx_word' id='word_1_87' title='bbox 588 608 639 628; x_wconf 81' lang='lat' dir='ltr'><strong>est.</strong></span> 
     </span>
    </p>
   </div>
   <div class='ocr_carea' id='block_1_15' title="bbox 255 646 1008 685">
    <p class='ocr_par' dir='ltr' id='par_1_15' title="bbox 255 646 1008 685">
     <span class='ocr_line' id='line_1_15' title="bbox 255 646 1008 685; baseline 0.011 -13"><span class='ocrx_word' id='word_1_88' title='bbox 255 646 299 673; x_wconf 79' lang='lat' dir='ltr'><strong>2i.</strong></span> <span class='ocrx_word' id='word_1_89' title='bbox 322 646 354 672; x_wconf 79' lang='lat' dir='ltr'><strong>Et</strong></span> <span class='ocrx_word' id='word_1_90' title='bbox 368 647 461 674; x_wconf 81' lang='lat' dir='ltr'><strong>hircus</strong></span> <span class='ocrx_word' id='word_1_91' title='bbox 479 656 641 682; x_wconf 85' lang='lat' dir='ltr'><strong>caprarum,</strong></span> <span class='ocrx_word' id='word_1_92' title='bbox 670 657 715 677; x_wconf 85' lang='lat' dir='ltr'><strong>rex</strong></span> <span class='ocrx_word' id='word_1_93' title='bbox 742 649 899 678; x_wconf 72' lang='lat' dir='ltr'><strong>Graecorum</strong></span> <span class='ocrx_word' id='word_1_94' title='bbox 914 657 965 685; x_wconf 87' lang='lat' dir='ltr'><strong>cst,</strong></span> <span class='ocrx_word' id='word_1_95' title='bbox 982 657 1008 681; x_wconf 86' lang='lat' dir='ltr'><strong>et</strong></span> 
     </span>
    </p>
   </div>
   <div class='ocr_carea' id='block_1_16' title="bbox 221 694 1007 733">
    <p class='ocr_par' dir='ltr' id='par_1_16' title="bbox 221 694 1007 733">
     <span class='ocr_line' id='line_1_16' title="bbox 221 694 1007 733; baseline 0.011 -16"><span class='ocrx_word' id='word_1_96' title='bbox 221 700 306 719; x_wconf 71' lang='lat' dir='ltr'><strong>cornu</strong></span> <span class='ocrx_word' id='word_1_97' title='bbox 321 694 423 728; x_wconf 74' lang='lat' dir='ltr'><strong>grande</strong></span> <span class='ocrx_word' id='word_1_98' title='bbox 434 713 441 726; x_wconf 88' lang='lat'><strong>,</strong></span> <span class='ocrx_word' id='word_1_99' title='bbox 455 694 526 729; x_wconf 86' lang='lat' dir='ltr'><strong>quod</strong></span> <span class='ocrx_word' id='word_1_100' title='bbox 538 701 596 722; x_wconf 85' lang='lat' dir='ltr'><strong>erat</strong></span> <span class='ocrx_word' id='word_1_101' title='bbox 612 696 682 723; x_wconf 87' lang='lat' dir='ltr'><strong>inter</strong></span> <span class='ocrx_word' id='word_1_102' title='bbox 699 697 792 724; x_wconf 87' lang='lat' dir='ltr'><strong>oculos</strong></span> <span class='ocrx_word' id='word_1_103' title='bbox 811 697 879 733; x_wconf 77' lang='lat' dir='ltr'><strong>ejus,</strong></span> <span class='ocrx_word' id='word_1_104' title='bbox 896 699 952 733; x_wconf 84' lang='lat' dir='ltr'><strong>ipse</strong></span> <span class='ocrx_word' id='word_1_105' title='bbox 967 704 1007 727; x_wconf 88' lang='lat' dir='ltr'><strong>est</strong></span> 
     </span>
    </p>
   </div>
   <div class='ocr_carea' id='block_1_17' title="bbox 219 740 392 773">
    <p class='ocr_par' dir='ltr' id='par_1_17' title="bbox 219 740 392 773">
     <span class='ocr_line' id='line_1_17' title="bbox 219 740 392 773; baseline 0.012 -9"><span class='ocrx_word' id='word_1_106' title='bbox 219 747 264 764; x_wconf 77' lang='lat' dir='ltr'><strong>rex</strong></span> <span class='ocrx_word' id='word_1_107' title='bbox 279 740 392 773; x_wconf 85' lang='lat' dir='ltr'><strong>primus.</strong></span> 
     </span>
    </p>
   </div>
   <div class='ocr_carea' id='block_1_18' title="bbox 254 783 1006 820">
    <p class='ocr_par' dir='ltr' id='par_1_18' title="bbox 254 783 1006 820">
     <span class='ocr_line' id='line_1_18' title="bbox 254 783 1006 820; baseline 0.011 -11"><span class='ocrx_word' id='word_1_108' title='bbox 254 783 298 810; x_wconf 75' lang='lat'><strong>22.</strong></span> <span class='ocrx_word' id='word_1_109' title='bbox 320 784 398 816; x_wconf 83' lang='lat' dir='ltr'><strong>Quod</strong></span> <span class='ocrx_word' id='word_1_110' title='bbox 415 790 505 812; x_wconf 87' lang='lat' dir='ltr'><strong>autem</strong></span> <span class='ocrx_word' id='word_1_111' title='bbox 521 785 662 814; x_wconf 87' lang='lat' dir='ltr'><strong>confraeto</strong></span> <span class='ocrx_word' id='word_1_112' title='bbox 691 787 748 820; x_wconf 93' lang='lat' dir='ltr'><strong>illo,</strong></span> <span class='ocrx_word' id='word_1_113' title='bbox 770 788 850 815; x_wconf 89' lang='lat' dir='ltr'><strong>etiam</strong></span> <span class='ocrx_word' id='word_1_114' title='bbox 876 790 1006 817; x_wconf 83' lang='lat' dir='ltr'><strong>ascende-</strong></span> 
     </span>
    </p>
   </div>
   <div class='ocr_carea' id='block_1_19' title="bbox 219 830 1006 870">
    <p class='ocr_par' dir='ltr' id='par_1_19' title="bbox 219 830 1006 870">
     <span class='ocr_line' id='line_1_19' title="bbox 219 830 1006 870; baseline 0.009 -14"><span class='ocrx_word' id='word_1_115' title='bbox 219 834 284 857; x_wconf 88' lang='lat' dir='ltr'><strong>runt</strong></span> <span class='ocrx_word' id='word_1_116' title='bbox 298 835 360 864; x_wconf 85' lang='lat' dir='ltr'><strong>post</strong></span> <span class='ocrx_word' id='word_1_117' title='bbox 376 830 440 858; x_wconf 89' lang='lat' dir='ltr'><strong>illud</strong></span> <span class='ocrx_word' id='word_1_118' title='bbox 456 837 576 866; x_wconf 76' lang='lat' dir='ltr'><strong>quatuor-</strong></span> <span class='ocrx_word' id='word_1_119' title='bbox 603 840 706 860; x_wconf 83' lang='lat' dir='ltr'><strong>cornua</strong></span> <span class='ocrx_word' id='word_1_120' title='bbox 717 853 724 865; x_wconf 92' lang='lat'><strong>,</strong></span> <span class='ocrx_word' id='word_1_121' title='bbox 748 838 866 868; x_wconf 82' lang='lat' dir='ltr'><strong>quatuor</strong></span> <span class='ocrx_word' id='word_1_122' title='bbox 880 843 957 870; x_wconf 79' lang='lat' dir='ltr'><strong>reges</strong></span> <span class='ocrx_word' id='word_1_123' title='bbox 974 836 1006 863; x_wconf 88' lang='lat' dir='ltr'><strong>de</strong></span> 
     </span>
    </p>
   </div>
   <div class='ocr_carea' id='block_1_20' title="bbox 218 876 1004 914">
    <p class='ocr_par' dir='ltr' id='par_1_20' title="bbox 218 876 1004 914">
     <span class='ocr_line' id='line_1_20' title="bbox 218 876 1004 914; baseline 0.009 -13"><span class='ocrx_word' id='word_1_124' title='bbox 218 881 298 909; x_wconf 59' lang='lat' dir='ltr'><strong>gente</strong></span> <span class='ocrx_word' id='word_1_125' title='bbox 324 876 385 910; x_wconf 80' lang='lat' dir='ltr'><strong>ejus</strong></span> <span class='ocrx_word' id='word_1_126' title='bbox 418 883 592 912; x_wconf 78' lang='lat' dir='ltr'><strong>consurgent,</strong></span> <span class='ocrx_word' id='word_1_127' title='bbox 625 886 679 906; x_wconf 93' lang='lat' dir='ltr'><strong>non</strong></span> <span class='ocrx_word' id='word_1_128' title='bbox 709 880 786 914; x_wconf 79' lang='lat' dir='ltr'><strong>juxta</strong></span> <span class='ocrx_word' id='word_1_129' title='bbox 817 879 1004 908; x_wconf 81' lang='lat' dir='ltr'><strong>fortitudinem</strong></span> 
     </span>
    </p>
   </div>
   <div class='ocr_carea' id='block_1_21' title="bbox 219 928 309 948">
    <p class='ocr_par' dir='ltr' id='par_1_21' title="bbox 219 928 309 948">
     <span class='ocr_line' id='line_1_21' title="bbox 219 928 309 948; baseline 0 0"><span class='ocrx_word' id='word_1_130' title='bbox 219 928 309 948; x_wconf 77' lang='lat' dir='ltr'><strong>suam.</strong></span> 
     </span>
    </p>
   </div>
   <div class='ocr_carea' id='block_1_22' title="bbox 253 966 1004 1008">
    <p class='ocr_par' dir='ltr' id='par_1_22' title="bbox 253 966 1004 1008">
     <span class='ocr_line' id='line_1_22' title="bbox 253 966 1004 1008; baseline 0.011 -15"><span class='ocrx_word' id='word_1_131' title='bbox 253 967 297 993; x_wconf 77' lang='lat'><strong>23.</strong></span> <span class='ocrx_word' id='word_1_132' title='bbox 320 966 353 994; x_wconf 83' lang='lat' dir='ltr'><strong>Et</strong></span> <span class='ocrx_word' id='word_1_133' title='bbox 378 968 405 995; x_wconf 90' lang='lat' dir='ltr'><strong>in</strong></span> <span class='ocrx_word' id='word_1_134' title='bbox 437 969 587 997; x_wconf 85' lang='lat' dir='ltr'><strong>novissimo</strong></span> <span class='ocrx_word' id='word_1_135' title='bbox 617 971 692 1004; x_wconf 82' lang='lat' dir='ltr'><strong>regni</strong></span> <span class='ocrx_word' id='word_1_136' title='bbox 718 978 832 1004; x_wconf 88' lang='lat' dir='ltr'><strong>eorum,</strong></span> <span class='ocrx_word' id='word_1_137' title='bbox 862 973 1004 1008; x_wconf 81' lang='lat' dir='ltr'><strong>completis</strong></span> 
     </span>
    </p>
   </div>
   <div class='ocr_carea' id='block_1_23' title="bbox 217 1013 1005 1052">
    <p class='ocr_par' dir='ltr' id='par_1_23' title="bbox 217 1013 1005 1052">
     <span class='ocr_line' id='line_1_23' title="bbox 217 1013 1005 1052; baseline 0.009 -13"><span class='ocrx_word' id='word_1_138' title='bbox 217 1014 334 1046; x_wconf 81' lang='lat' dir='ltr'><strong>peccatis</strong></span> <span class='ocrx_word' id='word_1_139' title='bbox 348 1013 469 1048; x_wconf 87' lang='lat' dir='ltr'><strong>ipsorum</strong></span> <span class='ocrx_word' id='word_1_140' title='bbox 485 1020 613 1050; x_wconf 72' lang='lat' dir='ltr'><strong>exsurget</strong></span> <span class='ocrx_word' id='word_1_141' title='bbox 624 1024 669 1043; x_wconf 86' lang='lat' dir='ltr'><strong>rex</strong></span> <span class='ocrx_word' id='word_1_142' title='bbox 686 1016 827 1050; x_wconf 81' lang='lat' dir='ltr'><strong>impudens</strong></span> <span class='ocrx_word' id='word_1_143' title='bbox 839 1017 917 1052; x_wconf 83' lang='lat' dir='ltr'><strong>facie,</strong></span> <span class='ocrx_word' id='word_1_144' title='bbox 927 1027 1005 1046; x_wconf 81' lang='lat' dir='ltr'><strong>exco-</strong></span> 
     </span>
    </p>
   </div>
   <div class='ocr_carea' id='block_1_24' title="bbox 217 1058 473 1093">
    <p class='ocr_par' dir='ltr' id='par_1_24' title="bbox 217 1058 473 1093">
     <span class='ocr_line' id='line_1_24' title="bbox 217 1058 473 1093; baseline 0.016 -9"><span class='ocrx_word' id='word_1_145' title='bbox 217 1058 307 1093; x_wconf 76' lang='lat' dir='ltr'><strong>gitans</strong></span> <span class='ocrx_word' id='word_1_146' title='bbox 318 1060 473 1093; x_wconf 69' lang='lat' dir='ltr'><strong>aenigmata.</strong></span> 
     </span>
    </p>
   </div>
   <div class='ocr_carea' id='block_1_25' title="bbox 252 1103 1003 1142">
    <p class='ocr_par' dir='ltr' id='par_1_25' title="bbox 252 1103 1003 1142">
     <span class='ocr_line' id='line_1_25' title="bbox 252 1103 1003 1142; baseline 0.009 -11"><span class='ocrx_word' id='word_1_147' title='bbox 252 1103 296 1131; x_wconf 66' lang='lat'><strong>24.</strong></span> <span class='ocrx_word' id='word_1_148' title='bbox 321 1104 350 1132; x_wconf 83' lang='lat' dir='ltr'><strong>Et</strong></span> <span class='ocrx_word' id='word_1_149' title='bbox 363 1105 536 1133; x_wconf 80' lang='lat' dir='ltr'><strong>roborabitur</strong></span> <span class='ocrx_word' id='word_1_150' title='bbox 553 1106 682 1134; x_wconf 91' lang='lat' dir='ltr'><strong>fortitudo</strong></span> <span class='ocrx_word' id='word_1_151' title='bbox 695 1107 821 1142; x_wconf 82' lang='lat' dir='ltr'><strong>ejus.sed</strong></span> <span class='ocrx_word' id='word_1_152' title='bbox 830 1117 883 1136; x_wconf 92' lang='lat' dir='ltr'><strong>non</strong></span> <span class='ocrx_word' id='word_1_153' title='bbox 902 1110 927 1137; x_wconf 90' lang='lat' dir='ltr'><strong>in</strong></span> <span class='ocrx_word' id='word_1_154' title='bbox 947 1111 1003 1139; x_wconf 89' lang='lat' dir='ltr'><strong>vir-</strong></span> 
     </span>
    </p>
   </div>
   <div class='ocr_carea' id='block_1_26' title="bbox 219 1152 1002 1190">
    <p class='ocr_par' dir='ltr' id='par_1_26' title="bbox 219 1152 1002 1190">
     <span class='ocr_line' id='line_1_26' title="bbox 219 1152 1002 1190; baseline 0.009 -14"><span class='ocrx_word' id='word_1_155' title='bbox 219 1154 275 1177; x_wconf 83' lang='lat' dir='ltr'><strong>tute</strong></span> <span class='ocrx_word' id='word_1_156' title='bbox 292 1158 340 1178; x_wconf 80' lang='lat' dir='ltr'><strong>sua</strong></span> <span class='ocrx_word' id='word_1_157' title='bbox 355 1158 362 1177; x_wconf 85' lang='lat'><strong>:</strong></span> <span class='ocrx_word' id='word_1_158' title='bbox 380 1156 406 1178; x_wconf 91' lang='lat' dir='ltr'><strong>et</strong></span> <span class='ocrx_word' id='word_1_159' title='bbox 420 1152 580 1180; x_wconf 79' lang='lat' dir='ltr'><strong>mirabiliter</strong></span> <span class='ocrx_word' id='word_1_160' title='bbox 595 1153 726 1185; x_wconf 83' lang='lat' dir='ltr'><strong>destruet,</strong></span> <span class='ocrx_word' id='word_1_161' title='bbox 746 1160 772 1181; x_wconf 87' lang='lat' dir='ltr'><strong>et</strong></span> <span class='ocrx_word' id='word_1_162' title='bbox 787 1157 1002 1190; x_wconf 85' lang='lat' dir='ltr'><strong>prosperahitur,</strong></span> 
     </span>
    </p>
   </div>
   <div class='ocr_carea' id='block_1_27' title="bbox 216 1195 1001 1237">
    <p class='ocr_par' dir='ltr' id='par_1_27' title="bbox 216 1195 1001 1237">
     <span class='ocr_line' id='line_1_27' title="bbox 216 1195 1001 1237; baseline 0.008 -14"><span class='ocrx_word' id='word_1_163' title='bbox 216 1201 243 1223; x_wconf 84' lang='lat' dir='ltr'><strong>et</strong></span> <span class='ocrx_word' id='word_1_164' title='bbox 267 1195 357 1228; x_wconf 86' lang='lat' dir='ltr'><strong>faciet,</strong></span> <span class='ocrx_word' id='word_1_165' title='bbox 386 1202 413 1225; x_wconf 90' lang='lat' dir='ltr'><strong>et</strong></span> <span class='ocrx_word' id='word_1_166' title='bbox 428 1199 622 1226; x_wconf 84' lang='lat' dir='ltr'><strong>exterminabit</strong></span> <span class='ocrx_word' id='word_1_167' title='bbox 650 1200 787 1234; x_wconf 84' lang='lat' dir='ltr'><strong>principes</strong></span> <span class='ocrx_word' id='word_1_168' title='bbox 824 1206 850 1228; x_wconf 88' lang='lat' dir='ltr'><strong>et</strong></span> <span class='ocrx_word' id='word_1_169' title='bbox 872 1203 1001 1237; x_wconf 88' lang='lat' dir='ltr'><strong>populum</strong></span> 
     </span>
    </p>
   </div>
   <div class='ocr_carea' id='block_1_28' title="bbox 217 1247 385 1270">
    <p class='ocr_par' dir='ltr' id='par_1_28' title="bbox 217 1247 385 1270">
     <span class='ocr_line' id='line_1_28' title="bbox 217 1247 385 1270; baseline 0.012 -2"><span class='ocrx_word' id='word_1_170' title='bbox 217 1247 385 1270; x_wconf 81' lang='lat' dir='ltr'><strong>sanctorum.</strong></span> 
     </span>
    </p>
   </div>
   <div class='ocr_carea' id='block_1_29' title="bbox 252 1288 1001 1329">
    <p class='ocr_par' dir='ltr' id='par_1_29' title="bbox 252 1288 1001 1329">
     <span class='ocr_line' id='line_1_29' title="bbox 252 1288 1001 1329; baseline 0.009 -14"><span class='ocrx_word' id='word_1_171' title='bbox 252 1288 297 1316; x_wconf 79' lang='grc'><strong>25.</strong></span> <span class='ocrx_word' id='word_1_172' title='bbox 319 1290 351 1316; x_wconf 84' lang='lat' dir='ltr'><strong>Et</strong></span> <span class='ocrx_word' id='word_1_173' title='bbox 363 1297 444 1324; x_wconf 87' lang='lat' dir='ltr'><strong>super</strong></span> <span class='ocrx_word' id='word_1_174' title='bbox 460 1296 568 1317; x_wconf 80' lang='lat' dir='ltr'><strong>sanctos</strong></span> <span class='ocrx_word' id='word_1_175' title='bbox 585 1291 713 1326; x_wconf 77' lang='lat' dir='ltr'><strong>cogitatio</strong></span> <span class='ocrx_word' id='word_1_176' title='bbox 727 1291 786 1327; x_wconf 82' lang='lat' dir='ltr'><strong>ejus</strong></span> <span class='ocrx_word' id='word_1_177' title='bbox 809 1301 816 1320; x_wconf 89' lang='lat'><strong>:</strong></span> <span class='ocrx_word' id='word_1_178' title='bbox 846 1298 872 1320; x_wconf 92' lang='lat' dir='ltr'><strong>et</strong></span> <span class='ocrx_word' id='word_1_179' title='bbox 888 1301 1001 1329; x_wconf 84' lang='lat' dir='ltr'><strong>prospe-</strong></span> 
     </span>
    </p>
   </div>
   <div class='ocr_carea' id='block_1_30' title="bbox 215 1333 1002 1374">
    <p class='ocr_par' dir='ltr' id='par_1_30' title="bbox 215 1333 1002 1374">
     <span class='ocr_line' id='line_1_30' title="bbox 215 1333 1002 1374; baseline 0.01 -15"><span class='ocrx_word' id='word_1_180' title='bbox 215 1333 319 1360; x_wconf 83' lang='lat' dir='ltr'><strong>rabitur</strong></span> <span class='ocrx_word' id='word_1_181' title='bbox 336 1334 507 1361; x_wconf 81' lang='lat' dir='ltr'><strong>mendacium</strong></span> <span class='ocrx_word' id='word_1_182' title='bbox 524 1335 550 1362; x_wconf 94' lang='lat' dir='ltr'><strong>in</strong></span> <span class='ocrx_word' id='word_1_183' title='bbox 570 1336 695 1363; x_wconf 89' lang='lat' dir='ltr'><strong>manibus</strong></span> <span class='ocrx_word' id='word_1_184' title='bbox 718 1337 794 1371; x_wconf 85' lang='lat' dir='ltr'><strong>ejus,</strong></span> <span class='ocrx_word' id='word_1_185' title='bbox 824 1343 850 1365; x_wconf 87' lang='lat' dir='ltr'><strong>et</strong></span> <span class='ocrx_word' id='word_1_186' title='bbox 878 1346 924 1366; x_wconf 92' lang='lat' dir='ltr'><strong>cor</strong></span> <span class='ocrx_word' id='word_1_187' title='bbox 942 1340 1002 1374; x_wconf 88' lang='lat' dir='ltr'><strong>ejus</strong></span> 
     </span>
    </p>
   </div>
   <div class='ocr_carea' id='block_1_31' title="bbox 215 1379 1000 1420">
    <p class='ocr_par' dir='ltr' id='par_1_31' title="bbox 215 1379 1000 1420">
     <span class='ocr_line' id='line_1_31' title="bbox 215 1379 1000 1420; baseline 0.009 -14"><span class='ocrx_word' id='word_1_188' title='bbox 215 1379 375 1414; x_wconf 79' lang='lat' dir='ltr'><strong>elexabitur,</strong></span> <span class='ocrx_word' id='word_1_189' title='bbox 393 1385 420 1408; x_wconf 88' lang='lat' dir='ltr'><strong>et</strong></span> <span class='ocrx_word' id='word_1_190' title='bbox 436 1381 498 1407; x_wconf 86' lang='lat' dir='ltr'><strong>dolo</strong></span> <span class='ocrx_word' id='word_1_191' title='bbox 516 1381 652 1415; x_wconf 87' lang='lat' dir='ltr'><strong>disperdet</strong></span> <span class='ocrx_word' id='word_1_192' title='bbox 667 1383 768 1410; x_wconf 91' lang='lat' dir='ltr'><strong>multos</strong></span> <span class='ocrx_word' id='word_1_193' title='bbox 785 1392 792 1416; x_wconf 88' lang='lat'>;</span> <span class='ocrx_word' id='word_1_194' title='bbox 811 1389 837 1411; x_wconf 91' lang='lat' dir='ltr'><strong>et</strong></span> <span class='ocrx_word' id='word_1_195' title='bbox 863 1384 889 1412; x_wconf 91' lang='lat' dir='ltr'><strong>iu</strong></span> <span class='ocrx_word' id='word_1_196' title='bbox 908 1386 1000 1420; x_wconf 87' lang='lat' dir='ltr'><strong>perdi-</strong></span> 
     </span>
    </p>
   </div>
   <div class='ocr_carea' id='block_1_32' title="bbox 216 1425 1001 1465">
    <p class='ocr_par' dir='ltr' id='par_1_32' title="bbox 216 1425 1001 1465">
     <span class='ocr_line' id='line_1_32' title="bbox 216 1425 1001 1465; baseline 0.011 -14"><span class='ocrx_word' id='word_1_197' title='bbox 216 1425 289 1452; x_wconf 85' lang='lat' dir='ltr'><strong>tione</strong></span> <span class='ocrx_word' id='word_1_198' title='bbox 300 1427 421 1453; x_wconf 87' lang='lat' dir='ltr'><strong>virorum</strong></span> <span class='ocrx_word' id='word_1_199' title='bbox 438 1427 530 1459; x_wconf 83' lang='lat' dir='ltr'><strong>stabit,</strong></span> <span class='ocrx_word' id='word_1_200' title='bbox 559 1432 586 1454; x_wconf 88' lang='lat' dir='ltr'><strong>et</strong></span> <span class='ocrx_word' id='word_1_201' title='bbox 599 1429 774 1464; x_wconf 77' lang='lat' dir='ltr'><strong>congregabit</strong></span> <span class='ocrx_word' id='word_1_202' title='bbox 797 1431 957 1465; x_wconf 84' lang='lat' dir='ltr'><strong>exercitum,</strong></span> <span class='ocrx_word' id='word_1_203' title='bbox 974 1438 1001 1460; x_wconf 90' lang='lat' dir='ltr'><strong>et</strong></span> 
     </span>
    </p>
   </div>
   <div class='ocr_carea' id='block_1_33' title="bbox 216 1471 358 1498">
    <p class='ocr_par' dir='ltr' id='par_1_33' title="bbox 216 1471 358 1498">
     <span class='ocr_line' id='line_1_33' title="bbox 216 1471 358 1498; baseline 0.007 -1"><span class='ocrx_word' id='word_1_204' title='bbox 216 1471 344 1498; x_wconf 77' lang='lat' dir='ltr'><strong>retribuet</strong></span> <span class='ocrx_word' id='word_1_205' title='bbox 351 1491 358 1498; x_wconf 90' lang='lat'><em>.</em></span> 
     </span>
    </p>
   </div>
   <div class='ocr_carea' id='block_1_34' title="bbox 249 1516 1034 1566">
    <p class='ocr_par' dir='ltr' id='par_1_34' title="bbox 249 1516 1034 1566">
     <span class='ocr_line' id='line_1_34' title="bbox 249 1516 1034 1566; baseline 0.01 -23"><span class='ocrx_word' id='word_1_206' title='bbox 249 1517 293 1544; x_wconf 75' lang='lat'><strong>26.</strong></span> <span class='ocrx_word' id='word_1_207' title='bbox 316 1516 401 1551; x_wconf 86' lang='lat' dir='ltr'><strong>Visio,</strong></span> <span class='ocrx_word' id='word_1_208' title='bbox 416 1526 476 1553; x_wconf 63' lang='lat' dir='ltr'><strong>qua:</strong></span> <span class='ocrx_word' id='word_1_209' title='bbox 488 1524 529 1547; x_wconf 91' lang='lat' dir='ltr'><strong>est</strong></span> <span class='ocrx_word' id='word_1_210' title='bbox 542 1527 663 1556; x_wconf 83' lang='lat' dir='ltr'><strong>vespere,</strong></span> <span class='ocrx_word' id='word_1_211' title='bbox 678 1525 705 1548; x_wconf 89' lang='lat' dir='ltr'><strong>et</strong></span> <span class='ocrx_word' id='word_1_212' title='bbox 728 1529 818 1555; x_wconf 83' lang='lat' dir='ltr'><strong>mane,</strong></span> <span class='ocrx_word' id='word_1_213' title='bbox 837 1522 946 1550; x_wconf 82' lang='lat' dir='ltr'><strong>inventa</strong></span> <span class='ocrx_word' id='word_1_214' title='bbox 958 1529 1000 1551; x_wconf 90' lang='lat' dir='ltr'><strong>est</strong></span> <span class='ocrx_word' id='word_1_215' title='bbox 1013 1539 1034 1566; x_wconf 69' lang='grc' dir='ltr'>ο</span> 
     </span>
    </p>
   </div>
   <div class='ocr_carea' id='block_1_35' title="bbox 215 1561 999 1599">
    <p class='ocr_par' dir='ltr' id='par_1_35' title="bbox 215 1561 999 1599">
     <span class='ocr_line' id='line_1_35' title="bbox 215 1561 999 1599; baseline 0.011 -12"><span class='ocrx_word' id='word_1_216' title='bbox 215 1561 241 1588; x_wconf 93' lang='lat' dir='ltr'><strong>in</strong></span> <span class='ocrx_word' id='word_1_217' title='bbox 261 1562 373 1590; x_wconf 86' lang='lat' dir='ltr'><strong>veritate</strong></span> <span class='ocrx_word' id='word_1_218' title='bbox 386 1572 392 1591; x_wconf 90' lang='lat'>:</span> <span class='ocrx_word' id='word_1_219' title='bbox 408 1564 455 1590; x_wconf 88' lang='lat' dir='ltr'><strong>sed</strong></span> <span class='ocrx_word' id='word_1_220' title='bbox 469 1572 542 1592; x_wconf 90' lang='lat' dir='ltr'><strong>nunc</strong></span> <span class='ocrx_word' id='word_1_221' title='bbox 559 1565 668 1593; x_wconf 87' lang='lat' dir='ltr'><strong>occlusa</strong></span> <span class='ocrx_word' id='word_1_222' title='bbox 680 1571 721 1594; x_wconf 88' lang='lat' dir='ltr'><strong>est</strong></span> <span class='ocrx_word' id='word_1_223' title='bbox 736 1566 814 1599; x_wconf 84' lang='lat' dir='ltr'><strong>visio,</strong></span> <span class='ocrx_word' id='word_1_224' title='bbox 828 1567 917 1596; x_wconf 89' lang='lat' dir='ltr'><strong>adhuc</strong></span> <span class='ocrx_word' id='word_1_225' title='bbox 927 1569 999 1596; x_wconf 89' lang='lat' dir='ltr'><strong>enim</strong></span> 
     </span>
    </p>
   </div>
   <div class='ocr_carea' id='block_1_36' title="bbox 212 1607 447 1637">
    <p class='ocr_par' dir='ltr' id='par_1_36' title="bbox 212 1607 447 1637">
     <span class='ocr_line' id='line_1_36' title="bbox 212 1607 447 1637; baseline 0.013 -3"><span class='ocrx_word' id='word_1_226' title='bbox 212 1607 245 1634; x_wconf 85' lang='lat' dir='ltr'><strong>ad</strong></span> <span class='ocrx_word' id='word_1_227' title='bbox 266 1608 323 1635; x_wconf 87' lang='lat' dir='ltr'><strong>dies</strong></span> <span class='ocrx_word' id='word_1_228' title='bbox 337 1609 447 1637; x_wconf 90' lang='lat' dir='ltr'><strong>multos.</strong></span> 
     </span>
    </p>
   </div>
   <div class='ocr_carea' id='block_1_37' title="bbox 246 1652 999 1695">
    <p class='ocr_par' dir='ltr' id='par_1_37' title="bbox 246 1652 999 1695">
     <span class='ocr_line' id='line_1_37' title="bbox 246 1652 999 1695; baseline 0.011 -16"><span class='ocrx_word' id='word_1_229' title='bbox 246 1652 291 1680; x_wconf 80' lang='lat'><strong>27.</strong></span> <span class='ocrx_word' id='word_1_230' title='bbox 313 1653 369 1688; x_wconf 79' lang='lat' dir='ltr'><strong>Ego</strong></span> <span class='ocrx_word' id='word_1_231' title='bbox 383 1654 477 1682; x_wconf 80' lang='lat' dir='ltr'><strong>Daniel</strong></span> <span class='ocrx_word' id='word_1_232' title='bbox 491 1656 620 1691; x_wconf 79' lang='lat' dir='ltr'><strong>tegrotavi</strong></span> <span class='ocrx_word' id='word_1_233' title='bbox 640 1657 737 1684; x_wconf 77' lang='lat' dir='ltr'><strong>diebus</strong></span> <span class='ocrx_word' id='word_1_234' title='bbox 750 1658 842 1686; x_wconf 87' lang='lat' dir='ltr'><strong>multis</strong></span> <span class='ocrx_word' id='word_1_235' title='bbox 861 1668 868 1686; x_wconf 90' lang='lat'><strong><em>:</em></strong></span> <span class='ocrx_word' id='word_1_236' title='bbox 882 1667 999 1695; x_wconf 85' lang='lat' dir='ltr'><strong>cumque</strong></span> 
     </span>
    </p>
   </div>
   <div class='ocr_carea' id='block_1_38' title="bbox 211 1699 997 1740">
    <p class='ocr_par' dir='ltr' id='par_1_38' title="bbox 211 1699 997 1740">
     <span class='ocr_line' id='line_1_38' title="bbox 211 1699 997 1740; baseline 0.01 -16"><span class='ocrx_word' id='word_1_237' title='bbox 211 1699 403 1732; x_wconf 85' lang='lat' dir='ltr'><strong>surrexissem,</strong></span> <span class='ocrx_word' id='word_1_238' title='bbox 418 1700 643 1729; x_wconf 86' lang='lat' dir='ltr'><strong>administrabam</strong></span> <span class='ocrx_word' id='word_1_239' title='bbox 668 1710 765 1730; x_wconf 87' lang='lat' dir='ltr'><strong>rursus</strong></span> <span class='ocrx_word' id='word_1_240' title='bbox 781 1704 854 1738; x_wconf 75' lang='lat' dir='ltr'><strong>regia</strong></span> <span class='ocrx_word' id='word_1_241' title='bbox 880 1706 997 1740; x_wconf 81' lang='lat' dir='ltr'><strong>negotia,</strong></span> 
     </span>
    </p>
   </div>
   <div class='ocr_carea' id='block_1_39' title="bbox 210 1743 996 1785">
    <p class='ocr_par' dir='ltr' id='par_1_39' title="bbox 210 1743 996 1785">
     <span class='ocr_line' id='line_1_39' title="bbox 210 1743 996 1785; baseline 0.009 -15"><span class='ocrx_word' id='word_1_242' title='bbox 210 1748 238 1770; x_wconf 88' lang='lat' dir='ltr'><strong>et</strong></span> <span class='ocrx_word' id='word_1_243' title='bbox 254 1743 412 1771; x_wconf 78' lang='lat' dir='ltr'><strong>deficiebam</strong></span> <span class='ocrx_word' id='word_1_244' title='bbox 431 1753 512 1780; x_wconf 84' lang='lat' dir='ltr'><strong>super</strong></span> <span class='ocrx_word' id='word_1_245' title='bbox 527 1747 642 1780; x_wconf 81' lang='lat' dir='ltr'><strong>visione,</strong></span> <span class='ocrx_word' id='word_1_246' title='bbox 659 1753 686 1775; x_wconf 88' lang='lat' dir='ltr'><strong>et</strong></span> <span class='ocrx_word' id='word_1_247' title='bbox 700 1755 780 1776; x_wconf 88' lang='lat' dir='ltr'><strong>nemo</strong></span> <span class='ocrx_word' id='word_1_248' title='bbox 807 1754 866 1777; x_wconf 86' lang='lat' dir='ltr'><strong>erat</strong></span> <span class='ocrx_word' id='word_1_249' title='bbox 891 1751 938 1785; x_wconf 89' lang='lat' dir='ltr'><strong>qui</strong></span> <span class='ocrx_word' id='word_1_250' title='bbox 954 1751 996 1777; x_wconf 95' lang='lat' dir='ltr'><strong>in-</strong></span> 
     </span>
    </p>
   </div>
   <div class='ocr_carea' id='block_1_40' title="bbox 212 1788 354 1823">
    <p class='ocr_par' dir='ltr' id='par_1_40' title="bbox 212 1788 354 1823">
     <span class='ocr_line' id='line_1_40' title="bbox 212 1788 354 1823; baseline 0.014 -8"><span class='ocrx_word' id='word_1_251' title='bbox 212 1788 354 1823; x_wconf 77' lang='lat' dir='ltr'><strong>telligeret.</strong></span> 
     </span>
    </p>
   </div>
   <div class='ocr_carea' id='block_1_41' title="bbox 509 1858 695 1889">
    <p class='ocr_par' dir='ltr' id='par_1_41' title="bbox 509 1858 695 1889">
     <span class='ocr_line' id='line_1_41' title="bbox 509 1858 695 1889; baseline 0.022 -4"><span class='ocrx_word' id='word_1_252' title='bbox 509 1858 623 1887; x_wconf 78' lang='lat' dir='ltr'><strong>CAPUT</strong></span> <span class='ocrx_word' id='word_1_253' title='bbox 649 1861 695 1889; x_wconf 80' lang='lat' dir='ltr'><strong>IX.</strong></span> 
     </span>
    </p>
   </div>
   <div class='ocr_carea' id='block_1_42' title="bbox 245 1911 996 1955">
    <p class='ocr_par' dir='ltr' id='par_1_42' title="bbox 245 1911 996 1955">
     <span class='ocr_line' id='line_1_42' title="bbox 245 1911 996 1955; baseline 0.013 -17"><span class='ocrx_word' id='word_1_254' title='bbox 245 1911 272 1938; x_wconf 69' lang='grc'><strong>1.</strong></span> <span class='ocrx_word' id='word_1_255' title='bbox 292 1911 372 1940; x_wconf 82' lang='lat' dir='ltr'><strong>Anno</strong></span> <span class='ocrx_word' id='word_1_256' title='bbox 385 1912 473 1948; x_wconf 83' lang='lat' dir='ltr'><strong>primo</strong></span> <span class='ocrx_word' id='word_1_257' title='bbox 487 1915 538 1942; x_wconf 84' lang='lat' dir='ltr'><strong>sub</strong></span> <span class='ocrx_word' id='word_1_258' title='bbox 552 1915 629 1943; x_wconf 92' lang='lat' dir='ltr'><strong>Dario</strong></span> <span class='ocrx_word' id='word_1_259' title='bbox 642 1916 740 1945; x_wconf 85' lang='lat' dir='ltr'><strong>Xerxis</strong></span> <span class='ocrx_word' id='word_1_260' title='bbox 768 1918 824 1946; x_wconf 87' lang='lat' dir='ltr'><strong>tilio</strong></span> <span class='ocrx_word' id='word_1_261' title='bbox 847 1919 881 1946; x_wconf 90' lang='lat' dir='ltr'><strong>de</strong></span> <span class='ocrx_word' id='word_1_262' title='bbox 898 1928 996 1955; x_wconf 76' lang='lat' dir='ltr'><strong>genere</strong></span> 
     </span>
    </p>
   </div>
   <div class='ocr_carea' id='block_1_43' title="bbox 209 1955 976 1997">
    <p class='ocr_par' dir='ltr' id='par_1_43' title="bbox 209 1955 976 1997">
     <span class='ocr_line' id='line_1_43' title="bbox 209 1955 976 1997; baseline 0.014 -14"><span class='ocrx_word' id='word_1_263' title='bbox 209 1955 360 1992; x_wconf 76' lang='lat' dir='ltr'><strong>Medorum,</strong></span> <span class='ocrx_word' id='word_1_264' title='bbox 377 1959 423 1994; x_wconf 86' lang='lat' dir='ltr'><strong>qui</strong></span> <span class='ocrx_word' id='word_1_265' title='bbox 441 1966 589 1995; x_wconf 79' lang='lat' dir='ltr'><strong>regnarunt</strong></span> <span class='ocrx_word' id='word_1_266' title='bbox 603 1962 630 1989; x_wconf 92' lang='lat' dir='ltr'><strong>in</strong></span> <span class='ocrx_word' id='word_1_267' title='bbox 647 1962 761 1997; x_wconf 89' lang='lat' dir='ltr'><strong>imperio</strong></span> <span class='ocrx_word' id='word_1_268' title='bbox 777 1963 976 1994; x_wconf 66' lang='lat' dir='ltr'><strong>Chaldmorum.</strong></span> 
     </span>
    </p>
   </div>
   <div class='ocr_carea' id='block_1_44' title="bbox 243 2047 993 2093">
    <p class='ocr_par' dir='ltr' id='par_1_44' title="bbox 243 2047 993 2093">
     <span class='ocr_line' id='line_1_44' title="bbox 243 2047 993 2093; baseline 0.017 -20"><span class='ocrx_word' id='word_1_269' title='bbox 243 2047 270 2074; x_wconf 77' lang='grc'><strong>2.</strong></span> <span class='ocrx_word' id='word_1_270' title='bbox 291 2048 372 2076; x_wconf 81' lang='lat' dir='ltr'><strong>Anno</strong></span> <span class='ocrx_word' id='word_1_271' title='bbox 385 2050 473 2084; x_wconf 88' lang='lat' dir='ltr'><strong>primo</strong></span> <span class='ocrx_word' id='word_1_272' title='bbox 488 2052 562 2086; x_wconf 81' lang='lat' dir='ltr'><strong>regni</strong></span> <span class='ocrx_word' id='word_1_273' title='bbox 578 2052 637 2088; x_wconf 86' lang='lat' dir='ltr'><strong>ejus</strong></span> <span class='ocrx_word' id='word_1_274' title='bbox 656 2062 705 2089; x_wconf 75' lang='lat' dir='ltr'><strong>ego</strong></span> <span class='ocrx_word' id='word_1_275' title='bbox 726 2054 821 2083; x_wconf 85' lang='lat' dir='ltr'><strong>Daniel</strong></span> <span class='ocrx_word' id='word_1_276' title='bbox 841 2058 993 2093; x_wconf 78' lang='lat' dir='ltr'><strong>excogitavi</strong></span> 
     </span>
    </p>
   </div>
   <div class='ocr_carea' id='block_1_45' title="bbox 208 2092 994 2135">
    <p class='ocr_par' dir='ltr' id='par_1_45' title="bbox 208 2092 994 2135">
     <span class='ocr_line' id='line_1_45' title="bbox 208 2092 994 2135; baseline 0.018 -17"><span class='ocrx_word' id='word_1_277' title='bbox 208 2092 234 2119; x_wconf 92' lang='lat' dir='ltr'><strong>iu</strong></span> <span class='ocrx_word' id='word_1_278' title='bbox 259 2093 336 2121; x_wconf 79' lang='lat' dir='ltr'><strong>libris</strong></span> <span class='ocrx_word' id='word_1_279' title='bbox 360 2102 504 2123; x_wconf 89' lang='lat' dir='ltr'><strong>numerum</strong></span> <span class='ocrx_word' id='word_1_280' title='bbox 529 2105 674 2133; x_wconf 87' lang='lat' dir='ltr'><strong>annorum,</strong></span> <span class='ocrx_word' id='word_1_281' title='bbox 691 2101 800 2135; x_wconf 83' lang='lat' dir='ltr'><strong>quando</strong></span> <span class='ocrx_word' id='word_1_282' title='bbox 832 2092 933 2130; x_wconf 86' lang='lat' dir='ltr'><strong>factum</strong></span> <span class='ocrx_word' id='word_1_283' title='bbox 951 2109 994 2132; x_wconf 90' lang='lat' dir='ltr'><strong>est</strong></span> 
     </span>
    </p>
   </div>
   <div class='ocr_carea' id='block_1_46' title="bbox 206 2138 992 2182">
    <p class='ocr_par' dir='ltr' id='par_1_46' title="bbox 206 2138 992 2182">
     <span class='ocr_line' id='line_1_46' title="bbox 206 2138 992 2182; baseline 0.018 -17"><span class='ocrx_word' id='word_1_284' title='bbox 206 2138 345 2167; x_wconf 82' lang='lat' dir='ltr'><strong>decretum</strong></span> <span class='ocrx_word' id='word_1_285' title='bbox 363 2145 441 2168; x_wconf 73' lang='lat' dir='ltr'><strong>terra:</strong></span> <span class='ocrx_word' id='word_1_286' title='bbox 457 2142 490 2170; x_wconf 86' lang='lat' dir='ltr'><strong>ad</strong></span> <span class='ocrx_word' id='word_1_287' title='bbox 503 2142 648 2172; x_wconf 81' lang='lat' dir='ltr'><strong>Jeremiain</strong></span> <span class='ocrx_word' id='word_1_288' title='bbox 660 2147 832 2182; x_wconf 87' lang='lat' dir='ltr'><strong>prophetam,</strong></span> <span class='ocrx_word' id='word_1_289' title='bbox 856 2153 885 2177; x_wconf 91' lang='lat' dir='ltr'><strong>ut</strong></span> <span class='ocrx_word' id='word_1_290' title='bbox 902 2151 992 2178; x_wconf 89' lang='lat' dir='ltr'><strong>susci-</strong></span> 
     </span>
    </p>
   </div>
   <div class='ocr_carea' id='block_1_47' title="bbox 1062 237 1820 275">
    <p class='ocr_par' dir='ltr' id='par_1_47' title="bbox 1062 237 1820 275">
     <span class='ocr_line' id='line_1_47' title="bbox 1062 237 1820 275; baseline 0.005 -12"><span class='ocrx_word' id='word_1_291' title='bbox 1062 237 1172 272; x_wconf 75' lang='grc' dir='ltr'>θρώπου</span> <span class='ocrx_word' id='word_1_292' title='bbox 1183 247 1189 252; x_wconf 94' lang='grc'><strong>·</strong></span> <span class='ocrx_word' id='word_1_293' title='bbox 1207 238 1245 264; x_wconf 81' lang='grc' dir='ltr'>ἔτι</span> <span class='ocrx_word' id='word_1_294' title='bbox 1260 238 1314 272; x_wconf 83' lang='grc' dir='ltr'><strong>γὰρ</strong></span> <span class='ocrx_word' id='word_1_295' title='bbox 1327 239 1366 270; x_wconf 81' lang='grc' dir='ltr'><strong>είς</strong></span> <span class='ocrx_word' id='word_1_296' title='bbox 1380 238 1453 274; x_wconf 79' lang='grc' dir='ltr'>ὥραν</span> <span class='ocrx_word' id='word_1_297' title='bbox 1469 239 1564 274; x_wconf 80' lang='grc' dir='ltr'>καιροῦ</span> <span class='ocrx_word' id='word_1_298' title='bbox 1577 239 1656 266; x_wconf 78' lang='grc' dir='ltr'>τοῦτο</span> <span class='ocrx_word' id='word_1_299' title='bbox 1672 241 1703 265; x_wconf 78' lang='grc' dir='ltr'>τὸ</span> <span class='ocrx_word' id='word_1_300' title='bbox 1719 240 1820 275; x_wconf 81' lang='grc' dir='ltr'>ὅραμα.</span> 
     </span>
    </p>
   </div>
   <div class='ocr_carea' id='block_1_48' title="bbox 1098 282 1851 320">
    <p class='ocr_par' dir='ltr' id='par_1_48' title="bbox 1098 282 1851 320">
     <span class='ocr_line' id='line_1_48' title="bbox 1098 282 1851 320; baseline 0.005 -12"><span class='ocrx_word' id='word_1_301' title='bbox 1098 282 1138 310; x_wconf 77' lang='grc'><strong>18.</strong></span> <span class='ocrx_word' id='word_1_302' title='bbox 1163 283 1217 309; x_wconf 73' lang='grc' dir='ltr'><strong>Καὶ</strong></span> <span class='ocrx_word' id='word_1_303' title='bbox 1245 282 1388 315; x_wconf 77' lang='grc' dir='ltr'>λαλοῦντος</span> <span class='ocrx_word' id='word_1_304' title='bbox 1415 284 1499 310; x_wconf 78' lang='grc' dir='ltr'>αὐτοῦ</span> <span class='ocrx_word' id='word_1_305' title='bbox 1522 284 1579 319; x_wconf 77' lang='grc' dir='ltr'>μετ’</span> <span class='ocrx_word' id='word_1_306' title='bbox 1605 285 1683 320; x_wconf 79' lang='grc' dir='ltr'>ἐμοῦ,</span> <span class='ocrx_word' id='word_1_307' title='bbox 1699 285 1851 320; x_wconf 65' lang='grc' dir='ltr'>ἐκοιμήθη-θ</span> 
     </span>
    </p>
   </div>
   <div class='ocr_carea' id='block_1_49' title="bbox 1061 328 1850 366">
    <p class='ocr_par' dir='ltr' id='par_1_49' title="bbox 1061 328 1850 366">
     <span class='ocr_line' id='line_1_49' title="bbox 1061 328 1850 366; baseline 0.005 -13"><span class='ocrx_word' id='word_1_308' title='bbox 1061 328 1107 354; x_wconf 73' lang='grc' dir='ltr'><strong>ἐπὶ</strong></span> <span class='ocrx_word' id='word_1_309' title='bbox 1124 328 1270 363; x_wconf 80' lang='grc' dir='ltr'>πρόσωπον</span> <span class='ocrx_word' id='word_1_310' title='bbox 1289 329 1387 363; x_wconf 75' lang='grc' dir='ltr'>χαμαὶ,</span> <span class='ocrx_word' id='word_1_311' title='bbox 1406 329 1454 356; x_wconf 75' lang='grc' dir='ltr'>καὶ</span> <span class='ocrx_word' id='word_1_312' title='bbox 1470 330 1608 365; x_wconf 68' lang='grc' dir='ltr'>ἁψάμενός</span> <span class='ocrx_word' id='word_1_313' title='bbox 1629 339 1682 365; x_wconf 76' lang='grc' dir='ltr'><strong>μου</strong></span> <span class='ocrx_word' id='word_1_314' title='bbox 1706 331 1801 366; x_wconf 79' lang='grc' dir='ltr'>ἧγειρέ</span> <span class='ocrx_word' id='word_1_315' title='bbox 1819 340 1850 365; x_wconf 66' lang='grc' dir='ltr'><strong>με</strong></span> 
     </span>
    </p>
   </div>
   <div class='ocr_carea' id='block_1_50' title="bbox 1061 373 1485 408">
    <p class='ocr_par' dir='ltr' id='par_1_50' title="bbox 1061 373 1485 408">
     <span class='ocr_line' id='line_1_50' title="bbox 1061 373 1485 408; baseline 0.002 -9"><span class='ocrx_word' id='word_1_316' title='bbox 1061 373 1105 399; x_wconf 76' lang='grc' dir='ltr'>ἐπὶ</span> <span class='ocrx_word' id='word_1_317' title='bbox 1117 373 1163 399; x_wconf 83' lang='grc' dir='ltr'>τοῦ</span> <span class='ocrx_word' id='word_1_318' title='bbox 1181 374 1274 405; x_wconf 75' lang='grc' dir='ltr'>τόπου,</span> <span class='ocrx_word' id='word_1_319' title='bbox 1291 375 1337 400; x_wconf 84' lang='grc' dir='ltr'>καὶ</span> <span class='ocrx_word' id='word_1_320' title='bbox 1353 373 1413 400; x_wconf 78' lang='grc' dir='ltr'><strong>εἷπέ</strong></span> <span class='ocrx_word' id='word_1_321' title='bbox 1431 383 1485 408; x_wconf 90' lang='grc' dir='ltr'>μοι·</span> 
     </span>
    </p>
   </div>
   <div class='ocr_carea' id='block_1_51' title="bbox 1097 418 1851 458">
    <p class='ocr_par' dir='ltr' id='par_1_51' title="bbox 1097 418 1851 458">
     <span class='ocr_line' id='line_1_51' title="bbox 1097 418 1851 458; baseline 0.007 -13"><span class='ocrx_word' id='word_1_322' title='bbox 1097 419 1139 446; x_wconf 82' lang='grc'><strong>19.</strong></span> <span class='ocrx_word' id='word_1_323' title='bbox 1158 419 1222 446; x_wconf 71' lang='grc' dir='ltr'>Ἰδοὺ</span> <span class='ocrx_word' id='word_1_324' title='bbox 1233 418 1288 453; x_wconf 85' lang='grc' dir='ltr'><strong>ἐγὼ</strong></span> <span class='ocrx_word' id='word_1_325' title='bbox 1301 419 1465 454; x_wconf 75' lang='grc' dir='ltr'><strong>ἀπαγγέλλω</strong></span> <span class='ocrx_word' id='word_1_326' title='bbox 1479 428 1520 446; x_wconf 81' lang='grc' dir='ltr'><strong>σοι</strong></span> <span class='ocrx_word' id='word_1_327' title='bbox 1538 420 1554 447; x_wconf 82' lang='grc' dir='ltr'>ἂ</span> <span class='ocrx_word' id='word_1_328' title='bbox 1570 420 1646 448; x_wconf 79' lang='grc' dir='ltr'>ἔσται</span> <span class='ocrx_word' id='word_1_329' title='bbox 1671 423 1714 447; x_wconf 75' lang='grc' dir='ltr'><strong>ἐπ’</strong></span> <span class='ocrx_word' id='word_1_330' title='bbox 1733 423 1851 458; x_wconf 75' lang='grc' dir='ltr'><strong>ἐσχάτου</strong></span> 
     </span>
    </p>
   </div>
   <div class='ocr_carea' id='block_1_52' title="bbox 1059 464 1851 505">
    <p class='ocr_par' dir='ltr' id='par_1_52' title="bbox 1059 464 1851 505">
     <span class='ocr_line' id='line_1_52' title="bbox 1059 464 1851 505; baseline 0.008 -15"><span class='ocrx_word' id='word_1_331' title='bbox 1059 464 1109 499; x_wconf 81' lang='grc' dir='ltr'>τῆς</span> <span class='ocrx_word' id='word_1_332' title='bbox 1123 465 1208 500; x_wconf 82' lang='grc' dir='ltr'>ὀργῆς</span> <span class='ocrx_word' id='word_1_333' title='bbox 1219 468 1274 497; x_wconf 81' lang='grc' dir='ltr'>τοῖς</span> <span class='ocrx_word' id='word_1_334' title='bbox 1290 467 1356 496; x_wconf 85' lang='grc' dir='ltr'>υίοῖς</span> <span class='ocrx_word' id='word_1_335' title='bbox 1372 465 1418 492; x_wconf 79' lang='grc' dir='ltr'>τοῦ</span> <span class='ocrx_word' id='word_1_336' title='bbox 1430 466 1495 493; x_wconf 75' lang='grc' dir='ltr'>λαοῦ</span> <span class='ocrx_word' id='word_1_337' title='bbox 1510 475 1556 493; x_wconf 77' lang='grc' dir='ltr'><strong>σου</strong></span> <span class='ocrx_word' id='word_1_338' title='bbox 1568 476 1574 482; x_wconf 93' lang='grc'><strong>·</strong></span> <span class='ocrx_word' id='word_1_339' title='bbox 1588 466 1627 493; x_wconf 81' lang='grc' dir='ltr'><strong>ἔτι</strong></span> <span class='ocrx_word' id='word_1_340' title='bbox 1649 468 1702 503; x_wconf 82' lang='grc' dir='ltr'><strong>γὰρ</strong></span> <span class='ocrx_word' id='word_1_341' title='bbox 1722 470 1761 500; x_wconf 83' lang='grc' dir='ltr'>εἰς</span> <span class='ocrx_word' id='word_1_342' title='bbox 1777 469 1851 505; x_wconf 75' lang='grc' dir='ltr'>ὧρας</span> 
     </span>
    </p>
   </div>
   <div class='ocr_carea' id='block_1_53' title="bbox 1061 511 1421 547">
    <p class='ocr_par' dir='ltr' id='par_1_53' title="bbox 1061 511 1421 547">
     <span class='ocr_line' id='line_1_53' title="bbox 1061 511 1421 547; baseline 0.003 -10"><span class='ocrx_word' id='word_1_343' title='bbox 1061 511 1156 546; x_wconf 81' lang='grc' dir='ltr'>καιροῦ</span> <span class='ocrx_word' id='word_1_344' title='bbox 1169 512 1324 543; x_wconf 77' lang='grc' dir='ltr'><strong>συντελείας</strong></span> <span class='ocrx_word' id='word_1_345' title='bbox 1337 513 1421 547; x_wconf 85' lang='grc' dir='ltr'>μενεῖ.</span> 
     </span>
    </p>
   </div>
   <div class='ocr_carea' id='block_1_54' title="bbox 1095 557 1850 596">
    <p class='ocr_par' dir='ltr' id='par_1_54' title="bbox 1095 557 1850 596">
     <span class='ocr_line' id='line_1_54' title="bbox 1095 557 1850 596; baseline 0.005 -12"><span class='ocrx_word' id='word_1_346' title='bbox 1095 558 1139 585; x_wconf 73' lang='grc'><strong>20.</strong></span> <span class='ocrx_word' id='word_1_347' title='bbox 1160 558 1211 584; x_wconf 73' lang='grc' dir='ltr'>Τὸν</span> <span class='ocrx_word' id='word_1_348' title='bbox 1222 558 1307 593; x_wconf 73' lang='grc' dir='ltr'>κριὸν,</span> <span class='ocrx_word' id='word_1_349' title='bbox 1319 558 1348 584; x_wconf 80' lang='grc' dir='ltr'>ὃν</span> <span class='ocrx_word' id='word_1_350' title='bbox 1363 557 1443 590; x_wconf 72' lang='grc' dir='ltr'>εἶδες,</span> <span class='ocrx_word' id='word_1_351' title='bbox 1459 559 1504 585; x_wconf 81' lang='grc' dir='ltr'>τὸν</span> <span class='ocrx_word' id='word_1_352' title='bbox 1513 559 1609 594; x_wconf 76' lang='grc' dir='ltr'>ἔχοντα</span> <span class='ocrx_word' id='word_1_353' title='bbox 1623 560 1658 586; x_wconf 78' lang='grc' dir='ltr'><strong>τὰ</strong></span> <span class='ocrx_word' id='word_1_354' title='bbox 1671 560 1788 595; x_wconf 82' lang='grc' dir='ltr'>κέρατα,</span> <span class='ocrx_word' id='word_1_355' title='bbox 1803 560 1850 596; x_wconf 64' lang='grc' dir='ltr'>βαη</span> 
     </span>
    </p>
   </div>
   <div class='ocr_carea' id='block_1_55' title="bbox 1060 603 1546 640">
    <p class='ocr_par' dir='ltr' id='par_1_55' title="bbox 1060 603 1546 640">
     <span class='ocr_line' id='line_1_55' title="bbox 1060 603 1546 640; baseline 0.004 -11"><span class='ocrx_word' id='word_1_356' title='bbox 1060 603 1150 634; x_wconf 83' lang='grc' dir='ltr'>σιλεὺς</span> <span class='ocrx_word' id='word_1_357' title='bbox 1164 604 1262 638; x_wconf 81' lang='grc' dir='ltr'>Μήδων</span> <span class='ocrx_word' id='word_1_358' title='bbox 1281 605 1326 630; x_wconf 78' lang='grc' dir='ltr'><strong>καὶ</strong></span> <span class='ocrx_word' id='word_1_359' title='bbox 1344 605 1458 640; x_wconf 86' lang='grc' dir='ltr'>Περσῶν</span> <span class='ocrx_word' id='word_1_360' title='bbox 1478 605 1546 632; x_wconf 71' lang='grc' dir='ltr'>ἔστι.</span> 
     </span>
    </p>
   </div>
   <div class='ocr_carea' id='block_1_56' title="bbox 1093 650 1851 687">
    <p class='ocr_par' dir='ltr' id='par_1_56' title="bbox 1093 650 1851 687">
     <span class='ocr_line' id='line_1_56' title="bbox 1093 650 1851 687; baseline 0.004 -11"><span class='ocrx_word' id='word_1_361' title='bbox 1093 650 1137 676; x_wconf 74' lang='lat' dir='ltr'><strong>2f.</strong></span> <span class='ocrx_word' id='word_1_362' title='bbox 1152 650 1205 676; x_wconf 77' lang='grc' dir='ltr'><strong>Καὶ</strong></span> <span class='ocrx_word' id='word_1_363' title='bbox 1220 651 1234 676; x_wconf 82' lang='grc' dir='ltr'>ὁ</span> <span class='ocrx_word' id='word_1_364' title='bbox 1247 651 1348 685; x_wconf 77' lang='grc' dir='ltr'><strong>τράγος</strong></span> <span class='ocrx_word' id='word_1_365' title='bbox 1363 651 1417 677; x_wconf 82' lang='grc' dir='ltr'>τῶν</span> <span class='ocrx_word' id='word_1_366' title='bbox 1430 652 1526 686; x_wconf 73' lang='grc' dir='ltr'>αἰγῶν,</span> <span class='ocrx_word' id='word_1_367' title='bbox 1541 651 1667 686; x_wconf 74' lang='grc' dir='ltr'>βασιλεὺς</span> <span class='ocrx_word' id='word_1_368' title='bbox 1680 652 1735 679; x_wconf 82' lang='grc' dir='ltr'><strong>τῶν</strong></span> <span class='ocrx_word' id='word_1_369' title='bbox 1755 652 1851 687; x_wconf 81' lang='grc' dir='ltr'>Ἑλλή-</span> 
     </span>
    </p>
   </div>
   <div class='ocr_carea' id='block_1_57' title="bbox 1059 696 1850 734">
    <p class='ocr_par' dir='ltr' id='par_1_57' title="bbox 1059 696 1850 734">
     <span class='ocr_line' id='line_1_57' title="bbox 1059 696 1850 734; baseline 0.005 -13"><span class='ocrx_word' id='word_1_370' title='bbox 1059 704 1111 721; x_wconf 86' lang='grc' dir='ltr'><strong>νων</strong></span> <span class='ocrx_word' id='word_1_371' title='bbox 1137 696 1194 722; x_wconf 77' lang='grc' dir='ltr'>ἐστι</span> <span class='ocrx_word' id='word_1_372' title='bbox 1206 705 1212 711; x_wconf 88' lang='grc'>·</span> <span class='ocrx_word' id='word_1_373' title='bbox 1242 696 1289 722; x_wconf 69' lang='grc' dir='ltr'>καὶ</span> <span class='ocrx_word' id='word_1_374' title='bbox 1305 697 1335 723; x_wconf 74' lang='grc' dir='ltr'>τὸ</span> <span class='ocrx_word' id='word_1_375' title='bbox 1349 697 1434 732; x_wconf 81' lang='grc' dir='ltr'>κέρας</span> <span class='ocrx_word' id='word_1_376' title='bbox 1453 697 1483 724; x_wconf 78' lang='grc' dir='ltr'>τὸ</span> <span class='ocrx_word' id='word_1_377' title='bbox 1498 698 1569 732; x_wconf 82' lang='grc' dir='ltr'>μέγα</span> <span class='ocrx_word' id='word_1_378' title='bbox 1587 698 1617 724; x_wconf 70' lang='grc' dir='ltr'>τὸ</span> <span class='ocrx_word' id='word_1_379' title='bbox 1645 698 1783 734; x_wconf 78' lang='grc' dir='ltr'>ἀνάμεσον</span> <span class='ocrx_word' id='word_1_380' title='bbox 1797 699 1850 725; x_wconf 80' lang='grc' dir='ltr'>τῶν</span> 
     </span>
    </p>
   </div>
   <div class='ocr_carea' id='block_1_58' title="bbox 1058 739 1749 779">
    <p class='ocr_par' dir='ltr' id='par_1_58' title="bbox 1058 739 1749 779">
     <span class='ocr_line' id='line_1_58' title="bbox 1058 739 1749 779; baseline 0.007 -14"><span class='ocrx_word' id='word_1_381' title='bbox 1058 739 1206 775; x_wconf 73' lang='grc' dir='ltr'><strong>ὀφθαλμῶν</strong></span> <span class='ocrx_word' id='word_1_382' title='bbox 1219 740 1311 774; x_wconf 80' lang='grc' dir='ltr'>αὑτοῦ,</span> <span class='ocrx_word' id='word_1_383' title='bbox 1332 742 1413 773; x_wconf 77' lang='grc' dir='ltr'>αὐτὸς</span> <span class='ocrx_word' id='word_1_384' title='bbox 1430 743 1444 768; x_wconf 84' lang='grc' dir='ltr'><strong><em>ὁ</em></strong></span> <span class='ocrx_word' id='word_1_385' title='bbox 1464 742 1589 777; x_wconf 84' lang='grc' dir='ltr'>βασιλεὺς</span> <span class='ocrx_word' id='word_1_386' title='bbox 1601 745 1614 770; x_wconf 81' lang='grc' dir='ltr'><strong><em>ὁ</em></strong></span> <span class='ocrx_word' id='word_1_387' title='bbox 1631 743 1749 779; x_wconf 79' lang='grc' dir='ltr'>πρῶτος.</span> 
     </span>
    </p>
   </div>
   <div class='ocr_carea' id='block_1_59' title="bbox 1093 785 1851 823">
    <p class='ocr_par' dir='ltr' id='par_1_59' title="bbox 1093 785 1851 823">
     <span class='ocr_line' id='line_1_59' title="bbox 1093 785 1851 823; baseline 0.007 -11"><span class='ocrx_word' id='word_1_388' title='bbox 1093 785 1137 812; x_wconf 74' lang='grc'><strong>29..</strong></span> <span class='ocrx_word' id='word_1_389' title='bbox 1162 787 1216 812; x_wconf 87' lang='grc' dir='ltr'><strong>Καὶ</strong></span> <span class='ocrx_word' id='word_1_390' title='bbox 1238 786 1286 813; x_wconf 75' lang='grc' dir='ltr'>τοῦ</span> <span class='ocrx_word' id='word_1_391' title='bbox 1304 787 1501 823; x_wconf 78' lang='grc' dir='ltr'>συντριϐέντος,</span> <span class='ocrx_word' id='word_1_392' title='bbox 1527 788 1574 815; x_wconf 78' lang='grc' dir='ltr'>καὶ</span> <span class='ocrx_word' id='word_1_393' title='bbox 1602 789 1742 816; x_wconf 79' lang='grc' dir='ltr'>ἀναὸάντα</span> <span class='ocrx_word' id='word_1_394' title='bbox 1762 789 1851 817; x_wconf 79' lang='grc' dir='ltr'>ὀπίσω</span> 
     </span>
    </p>
   </div>
   <div class='ocr_carea' id='block_1_60' title="bbox 1058 830 1850 870">
    <p class='ocr_par' dir='ltr' id='par_1_60' title="bbox 1058 830 1850 870">
     <span class='ocr_line' id='line_1_60' title="bbox 1058 830 1850 870; baseline 0.005 -14"><span class='ocrx_word' id='word_1_395' title='bbox 1058 830 1140 856; x_wconf 62' lang='grc' dir='ltr'>αὑτοῦ</span> <span class='ocrx_word' id='word_1_396' title='bbox 1154 831 1274 867; x_wconf 79' lang='grc' dir='ltr'>τέσσαρα</span> <span class='ocrx_word' id='word_1_397' title='bbox 1286 832 1389 867; x_wconf 85' lang='grc' dir='ltr'>κέρατα</span> <span class='ocrx_word' id='word_1_398' title='bbox 1402 841 1409 847; x_wconf 88' lang='grc'>·</span> <span class='ocrx_word' id='word_1_399' title='bbox 1424 833 1556 870; x_wconf 81' lang='grc' dir='ltr'>τέσσαρες</span> <span class='ocrx_word' id='word_1_400' title='bbox 1569 834 1687 869; x_wconf 81' lang='grc' dir='ltr'><strong>βασιλεῖς</strong></span> <span class='ocrx_word' id='word_1_401' title='bbox 1696 835 1745 862; x_wconf 83' lang='grc' dir='ltr'>τοῦ</span> <span class='ocrx_word' id='word_1_402' title='bbox 1757 835 1850 867; x_wconf 71' lang='grc' dir='ltr'>ἔθνους</span> 
     </span>
    </p>
   </div>
   <div class='ocr_carea' id='block_1_61' title="bbox 1057 877 1776 916">
    <p class='ocr_par' dir='ltr' id='par_1_61' title="bbox 1057 877 1776 916">
     <span class='ocr_line' id='line_1_61' title="bbox 1057 877 1776 916; baseline 0.007 -13"><span class='ocrx_word' id='word_1_403' title='bbox 1057 877 1139 904; x_wconf 78' lang='grc' dir='ltr'>αὐτοῦ</span> <span class='ocrx_word' id='word_1_404' title='bbox 1156 877 1364 913; x_wconf 71' lang='grc' dir='ltr'><strong>ἀναστήσονται,</strong></span> <span class='ocrx_word' id='word_1_405' title='bbox 1384 879 1413 906; x_wconf 78' lang='grc' dir='ltr'>οὐ</span> <span class='ocrx_word' id='word_1_406' title='bbox 1431 879 1500 906; x_wconf 85' lang='grc' dir='ltr'><strong>κατά</strong></span> <span class='ocrx_word' id='word_1_407' title='bbox 1516 880 1565 916; x_wconf 82' lang='grc' dir='ltr'>τὴν</span> <span class='ocrx_word' id='word_1_408' title='bbox 1582 881 1657 915; x_wconf 83' lang='grc' dir='ltr'>ίσχὺν</span> <span class='ocrx_word' id='word_1_409' title='bbox 1675 880 1776 908; x_wconf 78' lang='grc' dir='ltr'>αὐτῶν.</span> 
     </span>
    </p>
   </div>
   <div class='ocr_carea' id='block_1_62' title="bbox 1091 970 1850 1007">
    <p class='ocr_par' dir='ltr' id='par_1_62' title="bbox 1091 970 1850 1007">
     <span class='ocr_line' id='line_1_62' title="bbox 1091 970 1850 1007; baseline 0.001 -10"><span class='ocrx_word' id='word_1_410' title='bbox 1091 970 1136 997; x_wconf 73' lang='grc'><strong>23.</strong></span> <span class='ocrx_word' id='word_1_411' title='bbox 1155 970 1210 997; x_wconf 81' lang='grc' dir='ltr'><strong>Καὶ</strong></span> <span class='ocrx_word' id='word_1_412' title='bbox 1223 971 1266 997; x_wconf 73' lang='grc' dir='ltr'><strong>ἐπ’</strong></span> <span class='ocrx_word' id='word_1_413' title='bbox 1277 970 1392 1005; x_wconf 74' lang='grc' dir='ltr'>ἐσχάτου</span> <span class='ocrx_word' id='word_1_414' title='bbox 1404 970 1453 1005; x_wconf 88' lang='grc' dir='ltr'><strong>τῆς</strong></span> <span class='ocrx_word' id='word_1_415' title='bbox 1464 970 1603 1006; x_wconf 81' lang='grc' dir='ltr'><strong>βασιλείας</strong></span> <span class='ocrx_word' id='word_1_416' title='bbox 1613 971 1713 1005; x_wconf 83' lang='grc' dir='ltr'>αὐτῶν,</span> <span class='ocrx_word' id='word_1_417' title='bbox 1727 970 1850 1007; x_wconf 77' lang='grc' dir='ltr'>πληρου-</span> 
     </span>
    </p>
   </div>
   <div class='ocr_carea' id='block_1_63' title="bbox 1057 1015 1848 1052">
    <p class='ocr_par' dir='ltr' id='par_1_63' title="bbox 1057 1015 1848 1052">
     <span class='ocr_line' id='line_1_63' title="bbox 1057 1015 1848 1052; baseline 0.003 -10"><span class='ocrx_word' id='word_1_418' title='bbox 1057 1015 1145 1050; x_wconf 80' lang='grc' dir='ltr'>μένων</span> <span class='ocrx_word' id='word_1_419' title='bbox 1155 1016 1210 1042; x_wconf 86' lang='grc' dir='ltr'>τῶν</span> <span class='ocrx_word' id='word_1_420' title='bbox 1227 1016 1369 1052; x_wconf 84' lang='grc' dir='ltr'>ἁμαρτιῶν</span> <span class='ocrx_word' id='word_1_421' title='bbox 1382 1017 1483 1050; x_wconf 81' lang='grc' dir='ltr'>αὐτῶν,</span> <span class='ocrx_word' id='word_1_422' title='bbox 1511 1017 1693 1052; x_wconf 77' lang='grc' dir='ltr'><strong>ἀναστήσεται</strong></span> <span class='ocrx_word' id='word_1_423' title='bbox 1709 1017 1848 1052; x_wconf 66' lang='grc' dir='ltr'>βασιλεὺς,</span> 
     </span>
    </p>
   </div>
   <div class='ocr_carea' id='block_1_64' title="bbox 1055 1062 1718 1100">
    <p class='ocr_par' dir='ltr' id='par_1_64' title="bbox 1055 1062 1718 1100">
     <span class='ocr_line' id='line_1_64' title="bbox 1055 1062 1718 1100; baseline 0.005 -12"><span class='ocrx_word' id='word_1_424' title='bbox 1055 1062 1166 1098; x_wconf 83' lang='grc' dir='ltr'>ἀναιδὴς</span> <span class='ocrx_word' id='word_1_425' title='bbox 1182 1062 1330 1098; x_wconf 75' lang='grc' dir='ltr'><strong>προσώπῳ,</strong></span> <span class='ocrx_word' id='word_1_426' title='bbox 1346 1063 1535 1099; x_wconf 84' lang='grc' dir='ltr'>διανοούμενος</span> <span class='ocrx_word' id='word_1_427' title='bbox 1556 1064 1718 1100; x_wconf 77' lang='grc' dir='ltr'>αἰνίγματα.</span> 
     </span>
    </p>
   </div>
   <div class='ocr_carea' id='block_1_65' title="bbox 1090 1109 1848 1146">
    <p class='ocr_par' dir='ltr' id='par_1_65' title="bbox 1090 1109 1848 1146">
     <span class='ocr_line' id='line_1_65' title="bbox 1090 1109 1848 1146; baseline 0.005 -11"><span class='ocrx_word' id='word_1_428' title='bbox 1090 1109 1134 1136; x_wconf 67' lang='lat'><strong>24.</strong></span> <span class='ocrx_word' id='word_1_429' title='bbox 1155 1109 1209 1135; x_wconf 82' lang='grc' dir='ltr'>Καὶ</span> <span class='ocrx_word' id='word_1_430' title='bbox 1222 1109 1466 1146; x_wconf 80' lang='grc' dir='ltr'>στερεωθήσεταιή</span> <span class='ocrx_word' id='word_1_431' title='bbox 1483 1111 1560 1146; x_wconf 79' lang='grc' dir='ltr'>ἰσχὺς</span> <span class='ocrx_word' id='word_1_432' title='bbox 1581 1112 1673 1145; x_wconf 83' lang='grc' dir='ltr'>αὐτοῦ,</span> <span class='ocrx_word' id='word_1_433' title='bbox 1689 1112 1737 1139; x_wconf 77' lang='grc' dir='ltr'>καὶ</span> <span class='ocrx_word' id='word_1_434' title='bbox 1755 1113 1806 1139; x_wconf 76' lang='grc' dir='ltr'>οὐκ</span> <span class='ocrx_word' id='word_1_435' title='bbox 1819 1114 1848 1139; x_wconf 84' lang='grc' dir='ltr'>ὲν</span> 
     </span>
    </p>
   </div>
   <div class='ocr_carea' id='block_1_66' title="bbox 1054 1155 1848 1193">
    <p class='ocr_par' dir='ltr' id='par_1_66' title="bbox 1054 1155 1848 1193">
     <span class='ocr_line' id='line_1_66' title="bbox 1054 1155 1848 1193; baseline 0.006 -13"><span class='ocrx_word' id='word_1_436' title='bbox 1054 1155 1086 1189; x_wconf 87' lang='grc' dir='ltr'><strong>τῇ</strong></span> <span class='ocrx_word' id='word_1_437' title='bbox 1106 1155 1178 1190; x_wconf 77' lang='grc' dir='ltr'>ίσχύῑ</span> <span class='ocrx_word' id='word_1_438' title='bbox 1193 1155 1286 1187; x_wconf 73' lang='grc' dir='ltr'>αὑτοῦ,</span> <span class='ocrx_word' id='word_1_439' title='bbox 1304 1155 1350 1182; x_wconf 80' lang='grc' dir='ltr'>καὶ</span> <span class='ocrx_word' id='word_1_440' title='bbox 1366 1156 1532 1191; x_wconf 79' lang='grc' dir='ltr'><strong>θαυμαστῶς</strong></span> <span class='ocrx_word' id='word_1_441' title='bbox 1547 1157 1661 1193; x_wconf 77' lang='grc' dir='ltr'>φθερεῖ,</span> <span class='ocrx_word' id='word_1_442' title='bbox 1687 1159 1735 1185; x_wconf 82' lang='grc' dir='ltr'>καὶ</span> <span class='ocrx_word' id='word_1_443' title='bbox 1750 1159 1848 1185; x_wconf 71' lang='grc' dir='ltr'>εὐοδω-</span> 
     </span>
    </p>
   </div>
   <div class='ocr_carea' id='block_1_67' title="bbox 1054 1201 1846 1241">
    <p class='ocr_par' dir='ltr' id='par_1_67' title="bbox 1054 1201 1846 1241">
     <span class='ocr_line' id='line_1_67' title="bbox 1054 1201 1846 1241; baseline 0.008 -15"><span class='ocrx_word' id='word_1_444' title='bbox 1054 1201 1177 1236; x_wconf 80' lang='grc' dir='ltr'>θήσεται,</span> <span class='ocrx_word' id='word_1_445' title='bbox 1190 1201 1237 1228; x_wconf 73' lang='grc' dir='ltr'>καὶ</span> <span class='ocrx_word' id='word_1_446' title='bbox 1250 1202 1366 1237; x_wconf 80' lang='grc' dir='ltr'>ποιήσει,</span> <span class='ocrx_word' id='word_1_447' title='bbox 1380 1203 1427 1229; x_wconf 69' lang='grc' dir='ltr'><strong>καὶ</strong></span> <span class='ocrx_word' id='word_1_448' title='bbox 1437 1204 1532 1239; x_wconf 79' lang='grc' dir='ltr'><strong>φθερεῖ</strong></span> <span class='ocrx_word' id='word_1_449' title='bbox 1546 1204 1680 1236; x_wconf 75' lang='grc' dir='ltr'><strong>δυνάστας</strong></span> <span class='ocrx_word' id='word_1_450' title='bbox 1701 1205 1748 1231; x_wconf 83' lang='grc' dir='ltr'>καὶ</span> <span class='ocrx_word' id='word_1_451' title='bbox 1761 1205 1846 1241; x_wconf 86' lang='grc' dir='ltr'>δῆμον</span> 
     </span>
    </p>
   </div>
   <div class='ocr_carea' id='block_1_68' title="bbox 1055 1247 1149 1281">
    <p class='ocr_par' dir='ltr' id='par_1_68' title="bbox 1055 1247 1149 1281">
     <span class='ocr_line' id='line_1_68' title="bbox 1055 1247 1149 1281; baseline 0 -8"><span class='ocrx_word' id='word_1_452' title='bbox 1055 1247 1149 1281; x_wconf 78' lang='grc' dir='ltr'>ἁγίων.</span> 
     </span>
    </p>
   </div>
   <div class='ocr_carea' id='block_1_69' title="bbox 1091 1293 1847 1332">
    <p class='ocr_par' dir='ltr' id='par_1_69' title="bbox 1091 1293 1847 1332">
     <span class='ocr_line' id='line_1_69' title="bbox 1091 1293 1847 1332; baseline 0.007 -13"><span class='ocrx_word' id='word_1_453' title='bbox 1091 1293 1137 1320; x_wconf 80' lang='grc'><strong>25.</strong></span> <span class='ocrx_word' id='word_1_454' title='bbox 1153 1294 1208 1320; x_wconf 74' lang='grc' dir='ltr'><strong>Καὶ</strong></span> <span class='ocrx_word' id='word_1_455' title='bbox 1221 1293 1267 1320; x_wconf 74' lang='grc' dir='ltr'>ἐπὶ</span> <span class='ocrx_word' id='word_1_456' title='bbox 1289 1294 1352 1326; x_wconf 82' lang='grc' dir='ltr'>τοὺς</span> <span class='ocrx_word' id='word_1_457' title='bbox 1368 1295 1462 1329; x_wconf 84' lang='grc' dir='ltr'>ἀγίους</span> <span class='ocrx_word' id='word_1_458' title='bbox 1477 1296 1508 1322; x_wconf 80' lang='grc' dir='ltr'><strong>τὺ</strong></span> <span class='ocrx_word' id='word_1_459' title='bbox 1523 1296 1657 1332; x_wconf 72' lang='grc' dir='ltr'>διανόημα</span> <span class='ocrx_word' id='word_1_460' title='bbox 1680 1297 1762 1324; x_wconf 68' lang='grc' dir='ltr'>αὑτοῦ</span> <span class='ocrx_word' id='word_1_461' title='bbox 1775 1319 1782 1331; x_wconf 91' lang='grc'><strong>,</strong></span> <span class='ocrx_word' id='word_1_462' title='bbox 1800 1300 1847 1326; x_wconf 77' lang='grc' dir='ltr'>καὶ</span> 
     </span>
    </p>
   </div>
   <div class='ocr_carea' id='block_1_70' title="bbox 1053 1337 1846 1381">
    <p class='ocr_par' dir='ltr' id='par_1_70' title="bbox 1053 1337 1846 1381">
     <span class='ocr_line' id='line_1_70' title="bbox 1053 1337 1846 1381; baseline 0.01 -17"><span class='ocrx_word' id='word_1_463' title='bbox 1053 1337 1250 1374; x_wconf 76' lang='grc' dir='ltr'>εὐοδωθήσεται</span> <span class='ocrx_word' id='word_1_464' title='bbox 1267 1340 1298 1366; x_wconf 79' lang='grc' dir='ltr'>τὸ</span> <span class='ocrx_word' id='word_1_465' title='bbox 1318 1339 1414 1374; x_wconf 70' lang='grc' dir='ltr'>ψεῦδος</span> <span class='ocrx_word' id='word_1_466' title='bbox 1436 1342 1465 1367; x_wconf 78' lang='grc' dir='ltr'>ἐν</span> <span class='ocrx_word' id='word_1_467' title='bbox 1476 1343 1536 1374; x_wconf 79' lang='grc' dir='ltr'>ταῖς</span> <span class='ocrx_word' id='word_1_468' title='bbox 1550 1343 1643 1377; x_wconf 73' lang='grc' dir='ltr'>χερσὶν</span> <span class='ocrx_word' id='word_1_469' title='bbox 1655 1344 1749 1376; x_wconf 84' lang='grc' dir='ltr'>αὐτοῦ,</span> <span class='ocrx_word' id='word_1_470' title='bbox 1766 1345 1814 1372; x_wconf 79' lang='grc' dir='ltr'>καὶ</span> <span class='ocrx_word' id='word_1_471' title='bbox 1827 1347 1846 1381; x_wconf 80' lang='grc' dir='ltr'>ἡ</span> 
     </span>
    </p>
   </div>
   <div class='ocr_carea' id='block_1_71' title="bbox 1053 1384 1844 1423">
    <p class='ocr_par' dir='ltr' id='par_1_71' title="bbox 1053 1384 1844 1423">
     <span class='ocr_line' id='line_1_71' title="bbox 1053 1384 1844 1423; baseline 0.01 -13"><span class='ocrx_word' id='word_1_472' title='bbox 1053 1384 1151 1419; x_wconf 79' lang='grc' dir='ltr'>καρδία</span> <span class='ocrx_word' id='word_1_473' title='bbox 1165 1385 1247 1412; x_wconf 78' lang='grc' dir='ltr'>αὑτοῦ</span> <span class='ocrx_word' id='word_1_474' title='bbox 1260 1386 1443 1422; x_wconf 69' lang='grc' dir='ltr'>ὑψωθήσεται,</span> <span class='ocrx_word' id='word_1_475' title='bbox 1460 1388 1506 1415; x_wconf 76' lang='grc' dir='ltr'>καὶ</span> <span class='ocrx_word' id='word_1_476' title='bbox 1518 1388 1587 1423; x_wconf 84' lang='grc' dir='ltr'>δόλῳ</span> <span class='ocrx_word' id='word_1_477' title='bbox 1597 1389 1708 1423; x_wconf 72' lang='grc' dir='ltr'>ἀφανιεί</span> <span class='ocrx_word' id='word_1_478' title='bbox 1718 1391 1844 1423; x_wconf 71' lang='grc' dir='ltr'>πολλοὺς.</span> 
     </span>
    </p>
   </div>
   <div class='ocr_carea' id='block_1_72' title="bbox 1052 1430 1846 1472">
    <p class='ocr_par' dir='ltr' id='par_1_72' title="bbox 1052 1430 1846 1472">
     <span class='ocr_line' id='line_1_72' title="bbox 1052 1430 1846 1472; baseline 0.011 -16"><span class='ocrx_word' id='word_1_479' title='bbox 1052 1430 1100 1457; x_wconf 82' lang='grc' dir='ltr'>καὶ</span> <span class='ocrx_word' id='word_1_480' title='bbox 1114 1430 1161 1457; x_wconf 79' lang='grc' dir='ltr'>ἐπὶ</span> <span class='ocrx_word' id='word_1_481' title='bbox 1176 1432 1313 1465; x_wconf 76' lang='grc' dir='ltr'><strong>ἀπωλείας</strong></span> <span class='ocrx_word' id='word_1_482' title='bbox 1323 1434 1428 1470; x_wconf 84' lang='grc' dir='ltr'>ἀνδρῶν</span> <span class='ocrx_word' id='word_1_483' title='bbox 1441 1436 1585 1471; x_wconf 83' lang='grc' dir='ltr'>στήσεται·</span> <span class='ocrx_word' id='word_1_484' title='bbox 1601 1437 1646 1463; x_wconf 76' lang='grc' dir='ltr'>καὶ</span> <span class='ocrx_word' id='word_1_485' title='bbox 1658 1438 1766 1472; x_wconf 85' lang='grc' dir='ltr'>ποιήσει</span> <span class='ocrx_word' id='word_1_486' title='bbox 1784 1447 1846 1465; x_wconf 88' lang='grc' dir='ltr'>συν-</span> 
     </span>
    </p>
   </div>
   <div class='ocr_carea' id='block_1_73' title="bbox 1052 1478 1574 1515">
    <p class='ocr_par' dir='ltr' id='par_1_73' title="bbox 1052 1478 1574 1515">
     <span class='ocr_line' id='line_1_73' title="bbox 1052 1478 1574 1515; baseline 0.013 -12"><span class='ocrx_word' id='word_1_487' title='bbox 1052 1478 1164 1513; x_wconf 84' lang='grc' dir='ltr'>αγωγὴν</span> <span class='ocrx_word' id='word_1_488' title='bbox 1180 1480 1281 1515; x_wconf 78' lang='grc' dir='ltr'>χειρὸς,</span> <span class='ocrx_word' id='word_1_489' title='bbox 1298 1480 1345 1507; x_wconf 81' lang='grc' dir='ltr'>καὶ</span> <span class='ocrx_word' id='word_1_490' title='bbox 1363 1481 1533 1510; x_wconf 71' lang='grc' dir='ltr'>ἀποδώσεται</span> <span class='ocrx_word' id='word_1_491' title='bbox 1549 1486 1574 1503; x_wconf 84' lang='lat'><strong>—&#39;-</strong></span> 
     </span>
    </p>
   </div>
   <div class='ocr_carea' id='block_1_74' title="bbox 1087 1523 1844 1569">
    <p class='ocr_par' dir='ltr' id='par_1_74' title="bbox 1087 1523 1844 1569">
     <span class='ocr_line' id='line_1_74' title="bbox 1087 1523 1844 1569; baseline 0.015 -19"><span class='ocrx_word' id='word_1_492' title='bbox 1087 1523 1130 1550; x_wconf 81' lang='lat'><strong>‘26.</strong></span> <span class='ocrx_word' id='word_1_493' title='bbox 1149 1524 1185 1551; x_wconf 81' lang='grc' dir='ltr'><strong>Τὸ</strong></span> <span class='ocrx_word' id='word_1_494' title='bbox 1195 1525 1286 1561; x_wconf 83' lang='grc' dir='ltr'>ὅραμα</span> <span class='ocrx_word' id='word_1_495' title='bbox 1301 1526 1330 1553; x_wconf 80' lang='grc' dir='ltr'>τὸ</span> <span class='ocrx_word' id='word_1_496' title='bbox 1355 1528 1473 1564; x_wconf 75' lang='grc' dir='ltr'>ἑσπέρας</span> <span class='ocrx_word' id='word_1_497' title='bbox 1499 1531 1547 1558; x_wconf 78' lang='grc' dir='ltr'>καὶ</span> <span class='ocrx_word' id='word_1_498' title='bbox 1575 1533 1658 1568; x_wconf 75' lang='grc' dir='ltr'>πρωῒ,</span> <span class='ocrx_word' id='word_1_499' title='bbox 1671 1533 1776 1569; x_wconf 79' lang='grc' dir='ltr'>ηὑρέθη</span> <span class='ocrx_word' id='word_1_500' title='bbox 1799 1534 1844 1560; x_wconf 74' lang='grc' dir='ltr'><strong>ἐπ’</strong></span> 
     </span>
    </p>
   </div>
   <div class='ocr_carea' id='block_1_75' title="bbox 1051 1568 1843 1614">
    <p class='ocr_par' dir='ltr' id='par_1_75' title="bbox 1051 1568 1843 1614">
     <span class='ocr_line' id='line_1_75' title="bbox 1051 1568 1843 1614; baseline 0.014 -19"><span class='ocrx_word' id='word_1_501' title='bbox 1051 1568 1197 1604; x_wconf 81' lang='grc' dir='ltr'><strong>ἀληθείας,</strong></span> <span class='ocrx_word' id='word_1_502' title='bbox 1223 1571 1269 1598; x_wconf 78' lang='grc' dir='ltr'><strong>καὶ</strong></span> <span class='ocrx_word' id='word_1_503' title='bbox 1292 1572 1340 1599; x_wconf 79' lang='grc' dir='ltr'>νῦν</span> <span class='ocrx_word' id='word_1_504' title='bbox 1357 1575 1552 1610; x_wconf 78' lang='grc' dir='ltr'>πεφραγμένον</span> <span class='ocrx_word' id='word_1_505' title='bbox 1565 1577 1595 1603; x_wconf 83' lang='grc' dir='ltr'><strong>τὺ</strong></span> <span class='ocrx_word' id='word_1_506' title='bbox 1611 1578 1714 1613; x_wconf 69' lang='grc' dir='ltr'><strong>ὅραμα⁸</strong></span> <span class='ocrx_word' id='word_1_507' title='bbox 1731 1568 1775 1605; x_wconf 78' lang='grc' dir='ltr'>ἔτι</span> <span class='ocrx_word' id='word_1_508' title='bbox 1787 1579 1843 1614; x_wconf 75' lang='grc' dir='ltr'>γὰρ</span> 
     </span>
    </p>
   </div>
   <div class='ocr_carea' id='block_1_76' title="bbox 1051 1617 1342 1652">
    <p class='ocr_par' dir='ltr' id='par_1_76' title="bbox 1051 1617 1342 1652">
     <span class='ocr_line' id='line_1_76' title="bbox 1051 1617 1342 1652; baseline 0.017 -11"><span class='ocrx_word' id='word_1_509' title='bbox 1051 1617 1090 1648; x_wconf 81' lang='grc' dir='ltr'>εἰς</span> <span class='ocrx_word' id='word_1_510' title='bbox 1108 1617 1216 1652; x_wconf 77' lang='grc' dir='ltr'>ἡμέρας</span> <span class='ocrx_word' id='word_1_511' title='bbox 1233 1618 1342 1650; x_wconf 84' lang='grc' dir='ltr'>πολλάς.</span> 
     </span>
    </p>
   </div>
   <div class='ocr_carea' id='block_1_77' title="bbox 1085 1661 1842 1704">
    <p class='ocr_par' dir='ltr' id='par_1_77' title="bbox 1085 1661 1842 1704">
     <span class='ocr_line' id='line_1_77' title="bbox 1085 1661 1842 1704; baseline 0.015 -17"><span class='ocrx_word' id='word_1_512' title='bbox 1085 1661 1131 1688; x_wconf 78' lang='lat'><strong>27.</strong></span> <span class='ocrx_word' id='word_1_513' title='bbox 1155 1662 1225 1696; x_wconf 86' lang='grc' dir='ltr'><strong>Ἐγὼ</strong></span> <span class='ocrx_word' id='word_1_514' title='bbox 1246 1664 1346 1700; x_wconf 81' lang='grc' dir='ltr'>Δανιὴλ</span> <span class='ocrx_word' id='word_1_515' title='bbox 1372 1666 1523 1702; x_wconf 82' lang='grc' dir='ltr'>ἀσθενήσας</span> <span class='ocrx_word' id='word_1_516' title='bbox 1543 1669 1649 1704; x_wconf 83' lang='grc' dir='ltr'>ἡμέρας</span> <span class='ocrx_word' id='word_1_517' title='bbox 1669 1670 1780 1704; x_wconf 80' lang='grc' dir='ltr'>πολλὰς,</span> <span class='ocrx_word' id='word_1_518' title='bbox 1796 1673 1842 1698; x_wconf 73' lang='grc' dir='ltr'>καὶ</span> 
     </span>
    </p>
   </div>
   <div class='ocr_carea' id='block_1_78' title="bbox 1049 1706 1842 1749">
    <p class='ocr_par' dir='ltr' id='par_1_78' title="bbox 1049 1706 1842 1749">
     <span class='ocr_line' id='line_1_78' title="bbox 1049 1706 1842 1749; baseline 0.015 -18"><span class='ocrx_word' id='word_1_519' title='bbox 1049 1706 1169 1738; x_wconf 73' lang='grc' dir='ltr'>ἀναστὰς</span> <span class='ocrx_word' id='word_1_520' title='bbox 1193 1708 1447 1746; x_wconf 81' lang='grc' dir='ltr'><strong>ἐπραγματευόμην</strong></span> <span class='ocrx_word' id='word_1_521' title='bbox 1466 1713 1546 1740; x_wconf 78' lang='grc' dir='ltr'>πάλιν</span> <span class='ocrx_word' id='word_1_522' title='bbox 1559 1713 1686 1748; x_wconf 64' lang='grc' dir='ltr'>βασιλικὰ</span> <span class='ocrx_word' id='word_1_523' title='bbox 1701 1734 1707 1746; x_wconf 89' lang='grc'><strong>,</strong></span> <span class='ocrx_word' id='word_1_524' title='bbox 1735 1716 1786 1744; x_wconf 28' lang='grc' dir='ltr'>καὶ,</span> <span class='ocrx_word' id='word_1_525' title='bbox 1799 1716 1842 1749; x_wconf 59' lang='grc' dir='ltr'><strong>ἐξα</strong></span> 
     </span>
    </p>
   </div>
   <div class='ocr_carea' id='block_1_79' title="bbox 1049 1752 1840 1796">
    <p class='ocr_par' dir='ltr' id='par_1_79' title="bbox 1049 1752 1840 1796">
     <span class='ocr_line' id='line_1_79' title="bbox 1049 1752 1840 1796; baseline 0.014 -18"><span class='ocrx_word' id='word_1_526' title='bbox 1049 1752 1168 1789; x_wconf 83' lang='grc' dir='ltr'>ελυόμην</span> <span class='ocrx_word' id='word_1_527' title='bbox 1188 1754 1236 1781; x_wconf 78' lang='grc' dir='ltr'><strong>ἐπὶ</strong></span> <span class='ocrx_word' id='word_1_528' title='bbox 1257 1755 1296 1791; x_wconf 84' lang='grc' dir='ltr'>τῷ</span> <span class='ocrx_word' id='word_1_529' title='bbox 1314 1757 1444 1792; x_wconf 77' lang='grc' dir='ltr'>ὁράματι,</span> <span class='ocrx_word' id='word_1_530' title='bbox 1469 1759 1516 1786; x_wconf 73' lang='grc' dir='ltr'>καὶ</span> <span class='ocrx_word' id='word_1_531' title='bbox 1530 1760 1617 1793; x_wconf 68' lang='grc' dir='ltr'>οὐδεὶς</span> <span class='ocrx_word' id='word_1_532' title='bbox 1634 1759 1668 1796; x_wconf 83' lang='grc' dir='ltr'>ἦν</span> <span class='ocrx_word' id='word_1_533' title='bbox 1688 1763 1702 1788; x_wconf 81' lang='grc' dir='ltr'><strong>ό</strong></span> <span class='ocrx_word' id='word_1_534' title='bbox 1721 1761 1840 1789; x_wconf 75' lang='grc' dir='ltr'>διανοούο</span> 
     </span>
    </p>
   </div>
   <div class='ocr_carea' id='block_1_80' title="bbox 1051 1805 1139 1832">
    <p class='ocr_par' dir='ltr' id='par_1_80' title="bbox 1051 1805 1139 1832">
     <span class='ocr_line' id='line_1_80' title="bbox 1051 1805 1139 1832; baseline 0.011 -9"><span class='ocrx_word' id='word_1_535' title='bbox 1051 1805 1139 1832; x_wconf 79' lang='grc' dir='ltr'>μενος.</span> 
     </span>
    </p>
   </div>
   <div class='ocr_carea' id='block_1_81' title="bbox 1353 1870 1542 1901">
    <p class='ocr_par' dir='ltr' id='par_1_81' title="bbox 1353 1870 1542 1901">
     <span class='ocr_line' id='line_1_81' title="bbox 1353 1870 1542 1901; baseline 0.026 -5"><span class='ocrx_word' id='word_1_536' title='bbox 1353 1870 1481 1899; x_wconf 71' lang='grc' dir='ltr'><strong>ΚΕΦΛΛ.</strong></span> <span class='ocrx_word' id='word_1_537' title='bbox 1503 1872 1542 1901; x_wconf 86' lang='grc' dir='ltr'><strong>Θ’.</strong></span> 
     </span>
    </p>
   </div>
   <div class='ocr_carea' id='block_1_82' title="bbox 1083 1924 1837 1969">
    <p class='ocr_par' dir='ltr' id='par_1_82' title="bbox 1083 1924 1837 1969">
     <span class='ocr_line' id='line_1_82' title="bbox 1083 1924 1837 1969; baseline 0.015 -19"><span class='ocrx_word' id='word_1_538' title='bbox 1083 1924 1108 1952; x_wconf 79' lang='grc'><strong>1.</strong></span> <span class='ocrx_word' id='word_1_539' title='bbox 1130 1925 1226 1958; x_wconf 81' lang='grc' dir='ltr'>Ἕτους</span> <span class='ocrx_word' id='word_1_540' title='bbox 1240 1926 1350 1962; x_wconf 82' lang='grc' dir='ltr'>πρώτου</span> <span class='ocrx_word' id='word_1_541' title='bbox 1366 1928 1411 1955; x_wconf 76' lang='grc' dir='ltr'><strong>ἐπὶ</strong></span> <span class='ocrx_word' id='word_1_542' title='bbox 1424 1929 1536 1964; x_wconf 81' lang='grc' dir='ltr'>Δαρείου</span> <span class='ocrx_word' id='word_1_543' title='bbox 1551 1930 1598 1957; x_wconf 82' lang='grc' dir='ltr'>τοῦ</span> <span class='ocrx_word' id='word_1_544' title='bbox 1613 1931 1713 1968; x_wconf 81' lang='grc' dir='ltr'>Ξέρξου</span> <span class='ocrx_word' id='word_1_545' title='bbox 1724 1933 1779 1960; x_wconf 78' lang='grc' dir='ltr'>ἀπὸ</span> <span class='ocrx_word' id='word_1_546' title='bbox 1790 1934 1837 1969; x_wconf 86' lang='grc' dir='ltr'>τῆς</span> 
     </span>
    </p>
   </div>
   <div class='ocr_carea' id='block_1_83' title="bbox 1046 1970 1836 2015">
    <p class='ocr_par' dir='ltr' id='par_1_83' title="bbox 1046 1970 1836 2015">
     <span class='ocr_line' id='line_1_83' title="bbox 1046 1970 1836 2015; baseline 0.013 -19"><span class='ocrx_word' id='word_1_547' title='bbox 1046 1970 1142 2003; x_wconf 81' lang='grc' dir='ltr'>γενεᾶς</span> <span class='ocrx_word' id='word_1_548' title='bbox 1159 1971 1209 2006; x_wconf 83' lang='grc' dir='ltr'>τῆς</span> <span class='ocrx_word' id='word_1_549' title='bbox 1223 1973 1365 2008; x_wconf 81' lang='grc' dir='ltr'><strong>Μηδικῆς,</strong></span> <span class='ocrx_word' id='word_1_550' title='bbox 1385 1973 1408 2000; x_wconf 79' lang='grc' dir='ltr'>οἳ</span> <span class='ocrx_word' id='word_1_551' title='bbox 1426 1975 1601 2003; x_wconf 77' lang='grc' dir='ltr'>ἐϐασίλευσαν</span> <span class='ocrx_word' id='word_1_552' title='bbox 1622 1978 1669 2004; x_wconf 77' lang='grc' dir='ltr'><strong>ἐπὶ</strong></span> <span class='ocrx_word' id='word_1_553' title='bbox 1690 1978 1739 2014; x_wconf 81' lang='grc' dir='ltr'><strong>τήν</strong></span> <span class='ocrx_word' id='word_1_554' title='bbox 1759 1979 1836 2015; x_wconf 77' lang='grc' dir='ltr'>βασι-</span> 
     </span>
    </p>
   </div>
   <div class='ocr_carea' id='block_1_84' title="bbox 1045 2015 1354 2046">
    <p class='ocr_par' dir='ltr' id='par_1_84' title="bbox 1045 2015 1354 2046">
     <span class='ocr_line' id='line_1_84' title="bbox 1045 2015 1354 2046; baseline 0.016 -5"><span class='ocrx_word' id='word_1_555' title='bbox 1045 2015 1119 2043; x_wconf 86' lang='grc' dir='ltr'>λείαν</span> <span class='ocrx_word' id='word_1_556' title='bbox 1134 2017 1188 2043; x_wconf 85' lang='grc' dir='ltr'>τῶν</span> <span class='ocrx_word' id='word_1_557' title='bbox 1204 2018 1354 2046; x_wconf 79' lang='grc' dir='ltr'>Χαλδαίων.</span> 
     </span>
    </p>
   </div>
   <div class='ocr_carea' id='block_1_85' title="bbox 1080 2062 1835 2105">
    <p class='ocr_par' dir='ltr' id='par_1_85' title="bbox 1080 2062 1835 2105">
     <span class='ocr_line' id='line_1_85' title="bbox 1080 2062 1835 2105; baseline 0.013 -16"><span class='ocrx_word' id='word_1_558' title='bbox 1080 2062 1108 2089; x_wconf 74' lang='grc'><strong>2.</strong></span> <span class='ocrx_word' id='word_1_559' title='bbox 1123 2063 1167 2098; x_wconf 84' lang='grc' dir='ltr'><strong>Τῷ</strong></span> <span class='ocrx_word' id='word_1_560' title='bbox 1182 2064 1283 2100; x_wconf 81' lang='grc' dir='ltr'>πρώτῳ</span> <span class='ocrx_word' id='word_1_561' title='bbox 1297 2065 1352 2092; x_wconf 76' lang='grc' dir='ltr'>ἔτει</span> <span class='ocrx_word' id='word_1_562' title='bbox 1371 2066 1421 2102; x_wconf 80' lang='grc' dir='ltr'>τῆς</span> <span class='ocrx_word' id='word_1_563' title='bbox 1435 2067 1572 2102; x_wconf 78' lang='grc' dir='ltr'>βασιλείας</span> <span class='ocrx_word' id='word_1_564' title='bbox 1591 2070 1673 2097; x_wconf 79' lang='grc' dir='ltr'>αὑτοῦ</span> <span class='ocrx_word' id='word_1_565' title='bbox 1685 2091 1692 2103; x_wconf 92' lang='grc'><strong>,</strong></span> <span class='ocrx_word' id='word_1_566' title='bbox 1716 2071 1772 2105; x_wconf 75' lang='grc' dir='ltr'><strong>ἐγὼ</strong></span> <span class='ocrx_word' id='word_1_567' title='bbox 1785 2073 1835 2098; x_wconf 77' lang='grc' dir='ltr'><strong>Δα-</strong></span> 
     </span>
    </p>
   </div>
   <div class='ocr_carea' id='block_1_86' title="bbox 1045 2108 1833 2151">
    <p class='ocr_par' dir='ltr' id='par_1_86' title="bbox 1045 2108 1833 2151">
     <span class='ocr_line' id='line_1_86' title="bbox 1045 2108 1833 2151; baseline 0.014 -17"><span class='ocrx_word' id='word_1_568' title='bbox 1045 2108 1105 2144; x_wconf 82' lang='grc' dir='ltr'>νιὴλ</span> <span class='ocrx_word' id='word_1_569' title='bbox 1116 2110 1259 2146; x_wconf 84' lang='grc' dir='ltr'>διενοήθην</span> <span class='ocrx_word' id='word_1_570' title='bbox 1271 2112 1300 2137; x_wconf 83' lang='grc' dir='ltr'>ἐν</span> <span class='ocrx_word' id='word_1_571' title='bbox 1313 2113 1371 2144; x_wconf 83' lang='grc' dir='ltr'>ταῖς</span> <span class='ocrx_word' id='word_1_572' title='bbox 1388 2113 1490 2147; x_wconf 67' lang='grc' dir='ltr'>βίϐλοις</span> <span class='ocrx_word' id='word_1_573' title='bbox 1505 2114 1550 2140; x_wconf 71' lang='grc' dir='ltr'>τὴν</span> <span class='ocrx_word' id='word_1_574' title='bbox 1563 2115 1678 2151; x_wconf 75' lang='grc' dir='ltr'>ἀριθμὸν</span> <span class='ocrx_word' id='word_1_575' title='bbox 1689 2117 1742 2144; x_wconf 81' lang='grc' dir='ltr'>τῶν</span> <span class='ocrx_word' id='word_1_576' title='bbox 1755 2118 1833 2151; x_wconf 77' lang='grc' dir='ltr'>ἐτῶν,</span> 
     </span>
    </p>
   </div>
   <div class='ocr_carea' id='block_1_87' title="bbox 1044 2154 1833 2200">
    <p class='ocr_par' dir='ltr' id='par_1_87' title="bbox 1044 2154 1833 2200">
     <span class='ocr_line' id='line_1_87' title="bbox 1044 2154 1833 2200; baseline 0.013 -20"><span class='ocrx_word' id='word_1_577' title='bbox 1044 2154 1088 2181; x_wconf 79' lang='grc' dir='ltr'>ὅτε</span> <span class='ocrx_word' id='word_1_578' title='bbox 1104 2155 1213 2189; x_wconf 81' lang='grc' dir='ltr'>ἐγένετο</span> <span class='ocrx_word' id='word_1_579' title='bbox 1227 2157 1392 2193; x_wconf 76' lang='grc' dir='ltr'>πρόσταγμα</span> <span class='ocrx_word' id='word_1_580' title='bbox 1400 2160 1431 2194; x_wconf 85' lang='grc' dir='ltr'><strong>τῇ</strong></span> <span class='ocrx_word' id='word_1_581' title='bbox 1447 2161 1483 2195; x_wconf 82' lang='grc' dir='ltr'>γῇ</span> <span class='ocrx_word' id='word_1_582' title='bbox 1494 2160 1539 2186; x_wconf 75' lang='grc' dir='ltr'><strong>ἐπὶ</strong></span> <span class='ocrx_word' id='word_1_583' title='bbox 1559 2161 1694 2197; x_wconf 79' lang='grc' dir='ltr'>Ἱερεμίαν</span> <span class='ocrx_word' id='word_1_584' title='bbox 1709 2162 1755 2189; x_wconf 78' lang='grc' dir='ltr'><strong>τὸν</strong></span> <span class='ocrx_word' id='word_1_585' title='bbox 1769 2172 1833 2200; x_wconf 55' lang='grc' dir='ltr'>προ.</span> 
     </span>
    </p>
   </div>
   <div class='ocr_carea' id='block_1_88' title="bbox 206 2187 998 2245">
    <p class='ocr_par' dir='ltr' id='par_1_88' title="bbox 206 2187 991 2227">
     <span class='ocr_line' id='line_1_88' title="bbox 206 2187 991 2227; baseline 0.017 -16"><span class='ocrx_word' id='word_1_586' title='bbox 206 2189 329 2213; x_wconf 80' lang='lat' dir='ltr'><strong>tarentur</strong></span> <span class='ocrx_word' id='word_1_587' title='bbox 343 2187 377 2214; x_wconf 83' lang='lat' dir='ltr'><strong>ad</strong></span> <span class='ocrx_word' id='word_1_588' title='bbox 393 2189 603 2224; x_wconf 86' lang='lat' dir='ltr'><strong>completionem</strong></span> <span class='ocrx_word' id='word_1_589' title='bbox 616 2194 756 2227; x_wconf 87' lang='lat' dir='ltr'><strong>opprobrii</strong></span> <span class='ocrx_word' id='word_1_590' title='bbox 781 2194 931 2223; x_wconf 81' lang='lat' dir='ltr'><strong>Jerusalem</strong></span> <span class='ocrx_word' id='word_1_591' title='bbox 948 2205 991 2224; x_wconf 91' lang='lat' dir='ltr'><strong>se-</strong></span> 
     </span>
    </p>
   </div>
   <div class='ocr_carea' id='block_1_89' title="bbox 1064 2187 1834 2245">
    <p class='ocr_par' dir='ltr' id='par_1_89' title="bbox 1066 2187 1834 2245">
     <span class='ocr_line' id='line_1_89' title="bbox 1066 2187 1834 2245; baseline 0.013 -19"><span class='ocrx_word' id='word_1_592' title='bbox 1066 2187 1134 2237; x_wconf 79' lang='grc' dir='ltr'>ήτην</span> <span class='ocrx_word' id='word_1_593' title='bbox 1145 2221 1152 2234; x_wconf 91' lang='grc'><strong>,</strong></span> <span class='ocrx_word' id='word_1_594' title='bbox 1174 2187 1278 2238; x_wconf 69' lang='grc' dir='ltr'>ἐγεῖραι</span> <span class='ocrx_word' id='word_1_595' title='bbox 1295 2187 1547 2241; x_wconf 37' lang='grc' dir='ltr'>εἰς’ἀνατςλήὲωσιν</span> <span class='ocrx_word' id='word_1_596' title='bbox 1559 2187 1834 2245; x_wconf 21' lang='grc' dir='ltr'>ὀνέιδισμοῦγιίερέυ-</span> 
     </span>
    </p>
   </div>
   <div class='ocr_carea' id='block_1_90' title="bbox 205 2233 436 2266">
    <p class='ocr_par' dir='ltr' id='par_1_90' title="bbox 205 2233 436 2266">
     <span class='ocr_line' id='line_1_90' title="bbox 205 2233 436 2266; baseline 0.022 -10"><span class='ocrx_word' id='word_1_597' title='bbox 205 2236 251 2265; x_wconf 86' lang='lat' dir='ltr'><strong>ptu</strong></span> <span class='ocrx_word' id='word_1_598' title='bbox 263 2233 346 2266; x_wconf 71' lang='lat' dir='ltr'><strong>vginta</strong></span> <span class='ocrx_word' id='word_1_599' title='bbox 362 2234 436 2261; x_wconf 88' lang='lat' dir='ltr'><strong>anni.</strong></span> 
     </span>
    </p>
   </div>
   <div class='ocr_carea' id='block_1_91' title="bbox 239 2278 990 2323">
    <p class='ocr_par' dir='ltr' id='par_1_91' title="bbox 239 2278 990 2323">
     <span class='ocr_line' id='line_1_91' title="bbox 239 2278 990 2323; baseline 0.019 -19"><span class='ocrx_word' id='word_1_600' title='bbox 239 2279 264 2304; x_wconf 78' lang='grc'><strong>5.</strong></span> <span class='ocrx_word' id='word_1_601' title='bbox 285 2279 316 2306; x_wconf 77' lang='lat' dir='ltr'><strong>Et</strong></span> <span class='ocrx_word' id='word_1_602' title='bbox 331 2279 392 2307; x_wconf 87' lang='lat' dir='ltr'><strong>dedi</strong></span> <span class='ocrx_word' id='word_1_603' title='bbox 409 2278 504 2310; x_wconf 87' lang='lat' dir='ltr'><strong>faciem</strong></span> <span class='ocrx_word' id='word_1_604' title='bbox 520 2291 607 2312; x_wconf 86' lang='lat' dir='ltr'><strong>meam</strong></span> <span class='ocrx_word' id='word_1_605' title='bbox 622 2287 655 2313; x_wconf 86' lang='lat' dir='ltr'><strong>ad</strong></span> <span class='ocrx_word' id='word_1_606' title='bbox 678 2285 824 2315; x_wconf 91' lang='lat' dir='ltr'><strong>Dominum</strong></span> <span class='ocrx_word' id='word_1_607' title='bbox 843 2287 939 2323; x_wconf 88' lang='lat' dir='ltr'><strong>Deum,</strong></span> <span class='ocrx_word' id='word_1_608' title='bbox 960 2295 990 2318; x_wconf 88' lang='lat' dir='ltr'><strong>ut</strong></span> 
     </span>
    </p>
   </div>
   <div class='ocr_carea' id='block_1_92' title="bbox 204 2323 990 2364">
    <p class='ocr_par' dir='ltr' id='par_1_92' title="bbox 204 2323 990 2364">
     <span class='ocr_line' id='line_1_92' title="bbox 204 2323 990 2364; baseline 0.018 -15"><span class='ocrx_word' id='word_1_609' title='bbox 204 2323 355 2352; x_wconf 68' lang='lat' dir='ltr'><strong>invenirem</strong></span> <span class='ocrx_word' id='word_1_610' title='bbox 382 2327 628 2364; x_wconf 82' lang='lat' dir='ltr'><strong>deprecationem,</strong></span> <span class='ocrx_word' id='word_1_611' title='bbox 659 2337 685 2359; x_wconf 89' lang='lat' dir='ltr'><strong>et</strong></span> <span class='ocrx_word' id='word_1_612' title='bbox 716 2333 932 2362; x_wconf 87' lang='lat' dir='ltr'><strong>misericordiam</strong></span> <span class='ocrx_word' id='word_1_613' title='bbox 963 2337 990 2363; x_wconf 88' lang='lat' dir='ltr'><strong>in</strong></span> 
     </span>
    </p>
   </div>
   <div class='ocr_carea' id='block_1_93' title="bbox 200 2368 620 2406">
    <p class='ocr_par' dir='ltr' id='par_1_93' title="bbox 200 2368 620 2406">
     <span class='ocr_line' id='line_1_93' title="bbox 200 2368 620 2406; baseline 0.021 -12"><span class='ocrx_word' id='word_1_614' title='bbox 200 2368 322 2403; x_wconf 81' lang='lat' dir='ltr'><strong>jejuniis,</strong></span> <span class='ocrx_word' id='word_1_615' title='bbox 337 2375 365 2398; x_wconf 93' lang='lat' dir='ltr'><strong>et</strong></span> <span class='ocrx_word' id='word_1_616' title='bbox 377 2380 467 2406; x_wconf 85' lang='lat' dir='ltr'><strong>sacco,</strong></span> <span class='ocrx_word' id='word_1_617' title='bbox 477 2378 504 2400; x_wconf 88' lang='lat' dir='ltr'><strong>et</strong></span> <span class='ocrx_word' id='word_1_618' title='bbox 519 2375 620 2403; x_wconf 88' lang='lat' dir='ltr'><strong>cinere.</strong></span> 
     </span>
    </p>
   </div>
   <div class='ocr_carea' id='block_1_94' title="bbox 236 2415 990 2460">
    <p class='ocr_par' dir='ltr' id='par_1_94' title="bbox 236 2415 990 2460">
     <span class='ocr_line' id='line_1_94' title="bbox 236 2415 990 2460; baseline 0.017 -18"><span class='ocrx_word' id='word_1_619' title='bbox 236 2415 264 2443; x_wconf 70' lang='grc'><strong>4.</strong></span> <span class='ocrx_word' id='word_1_620' title='bbox 286 2416 319 2444; x_wconf 87' lang='lat' dir='ltr'><strong>Et</strong></span> <span class='ocrx_word' id='word_1_621' title='bbox 331 2423 457 2452; x_wconf 83' lang='lat' dir='ltr'><strong>precatus</strong></span> <span class='ocrx_word' id='word_1_622' title='bbox 483 2428 543 2447; x_wconf 86' lang='lat' dir='ltr'><strong>sum</strong></span> <span class='ocrx_word' id='word_1_623' title='bbox 575 2421 608 2449; x_wconf 85' lang='lat' dir='ltr'><strong>ad</strong></span> <span class='ocrx_word' id='word_1_624' title='bbox 630 2422 773 2451; x_wconf 82' lang='lat' dir='ltr'><strong>Dominum</strong></span> <span class='ocrx_word' id='word_1_625' title='bbox 798 2425 882 2454; x_wconf 88' lang='lat' dir='ltr'><strong>Deum</strong></span> <span class='ocrx_word' id='word_1_626' title='bbox 896 2449 903 2460; x_wconf 91' lang='lat'><strong>,</strong></span> <span class='ocrx_word' id='word_1_627' title='bbox 924 2436 990 2457; x_wconf 86' lang='lat' dir='ltr'><strong>con-</strong></span> 
     </span>
    </p>
   </div>
   <div class='ocr_carea' id='block_1_95' title="bbox 201 2459 989 2503">
    <p class='ocr_par' dir='ltr' id='par_1_95' title="bbox 201 2459 989 2503">
     <span class='ocr_line' id='line_1_95' title="bbox 201 2459 989 2503; baseline 0.022 -17"><span class='ocrx_word' id='word_1_628' title='bbox 201 2459 292 2488; x_wconf 78' lang='lat' dir='ltr'><strong>fessus</strong></span> <span class='ocrx_word' id='word_1_629' title='bbox 303 2469 374 2496; x_wconf 84' lang='lat' dir='ltr'><strong>sum,</strong></span> <span class='ocrx_word' id='word_1_630' title='bbox 387 2469 414 2490; x_wconf 90' lang='lat' dir='ltr'><strong>et</strong></span> <span class='ocrx_word' id='word_1_631' title='bbox 430 2463 485 2491; x_wconf 87' lang='lat' dir='ltr'><strong>dixi</strong></span> <span class='ocrx_word' id='word_1_632' title='bbox 500 2474 506 2492; x_wconf 87' lang='lat'>:</span> <span class='ocrx_word' id='word_1_633' title='bbox 524 2465 602 2500; x_wconf 88' lang='lat' dir='ltr'><strong>Ecce,</strong></span> <span class='ocrx_word' id='word_1_634' title='bbox 619 2469 740 2503; x_wconf 83' lang='lat' dir='ltr'><strong>Domine,</strong></span> <span class='ocrx_word' id='word_1_635' title='bbox 758 2475 785 2498; x_wconf 91' lang='lat' dir='ltr'><strong>tu</strong></span> <span class='ocrx_word' id='word_1_636' title='bbox 796 2479 826 2499; x_wconf 85' lang='lat' dir='ltr'><strong>es</strong></span> <span class='ocrx_word' id='word_1_637' title='bbox 840 2459 912 2501; x_wconf 88' lang='lat' dir='ltr'><strong>Deus</strong></span> <span class='ocrx_word' id='word_1_638' title='bbox 931 2482 989 2503; x_wconf 77' lang='lat' dir='ltr'><strong>ma-</strong></span> 
     </span>
    </p>
   </div>
   <div class='ocr_carea' id='block_1_96' title="bbox 201 2507 986 2554">
    <p class='ocr_par' dir='ltr' id='par_1_96' title="bbox 201 2507 986 2554">
     <span class='ocr_line' id='line_1_96' title="bbox 201 2507 986 2554; baseline 0.019 -22"><span class='ocrx_word' id='word_1_639' title='bbox 201 2513 284 2539; x_wconf 68' lang='lat' dir='ltr'><strong>gnus,</strong></span> <span class='ocrx_word' id='word_1_640' title='bbox 299 2511 326 2534; x_wconf 89' lang='lat' dir='ltr'><strong>et</strong></span> <span class='ocrx_word' id='word_1_641' title='bbox 340 2507 427 2542; x_wconf 83' lang='lat' dir='ltr'><strong>fortis,</strong></span> <span class='ocrx_word' id='word_1_642' title='bbox 443 2515 469 2537; x_wconf 85' lang='lat' dir='ltr'><strong>et</strong></span> <span class='ocrx_word' id='word_1_643' title='bbox 484 2512 612 2540; x_wconf 82' lang='lat' dir='ltr'><strong>terribilis</strong></span> <span class='ocrx_word' id='word_1_644' title='bbox 623 2535 630 2546; x_wconf 91' lang='lat'><strong>,</strong></span> <span class='ocrx_word' id='word_1_645' title='bbox 652 2522 765 2544; x_wconf 83' lang='lat' dir='ltr'><strong>servans</strong></span> <span class='ocrx_word' id='word_1_646' title='bbox 783 2523 986 2554; x_wconf 86' lang='lat' dir='ltr'><strong>testamentum,</strong></span> 
     </span>
    </p>
   </div>
   <div class='ocr_carea' id='block_1_97' title="bbox 202 2552 987 2595">
    <p class='ocr_par' dir='ltr' id='par_1_97' title="bbox 202 2552 987 2595">
     <span class='ocr_line' id='line_1_97' title="bbox 202 2552 987 2595; baseline 0.022 -18"><span class='ocrx_word' id='word_1_647' title='bbox 202 2558 230 2579; x_wconf 81' lang='lat' dir='ltr'><strong>et</strong></span> <span class='ocrx_word' id='word_1_648' title='bbox 247 2552 462 2583; x_wconf 84' lang='lat' dir='ltr'><strong>misericordiam</strong></span> <span class='ocrx_word' id='word_1_649' title='bbox 475 2557 650 2594; x_wconf 77' lang='lat' dir='ltr'><strong>diligentibus</strong></span> <span class='ocrx_word' id='word_1_650' title='bbox 670 2566 709 2594; x_wconf 86' lang='lat' dir='ltr'><strong>Ic,</strong></span> <span class='ocrx_word' id='word_1_651' title='bbox 724 2568 749 2590; x_wconf 81' lang='lat' dir='ltr'><strong>et</strong></span> <span class='ocrx_word' id='word_1_652' title='bbox 768 2552 987 2595; x_wconf 74' lang='lat' dir='ltr'><strong>custodientibus</strong></span> 
     </span>
    </p>
   </div>
   <div class='ocr_carea' id='block_1_98' title="bbox 201 2598 400 2628">
    <p class='ocr_par' dir='ltr' id='par_1_98' title="bbox 201 2598 400 2628">
     <span class='ocr_line' id='line_1_98' title="bbox 201 2598 400 2628; baseline 0.02 -4"><span class='ocrx_word' id='word_1_653' title='bbox 201 2598 330 2626; x_wconf 84' lang='lat' dir='ltr'><strong>mandata</strong></span> <span class='ocrx_word' id='word_1_654' title='bbox 346 2604 400 2628; x_wconf 83' lang='lat' dir='ltr'><strong>tua.</strong></span> 
     </span>
    </p>
   </div>
   <div class='ocr_carea' id='block_1_99' title="bbox 235 2641 986 2693">
    <p class='ocr_par' dir='ltr' id='par_1_99' title="bbox 235 2641 986 2693">
     <span class='ocr_line' id='line_1_99' title="bbox 235 2641 986 2693; baseline 0.024 -26"><span class='ocrx_word' id='word_1_655' title='bbox 235 2641 263 2668; x_wconf 82' lang='lat'><strong>5.</strong></span> <span class='ocrx_word' id='word_1_656' title='bbox 284 2641 469 2678; x_wconf 79' lang='lat' dir='ltr'><strong>Peccavimus,</strong></span> <span class='ocrx_word' id='word_1_657' title='bbox 486 2647 655 2683; x_wconf 83' lang='lat' dir='ltr'><strong>iniquitatem</strong></span> <span class='ocrx_word' id='word_1_658' title='bbox 680 2651 803 2687; x_wconf 86' lang='lat' dir='ltr'><strong>fecimus,</strong></span> <span class='ocrx_word' id='word_1_659' title='bbox 833 2655 914 2692; x_wconf 87' lang='lat' dir='ltr'><strong>impie</strong></span> <span class='ocrx_word' id='word_1_660' title='bbox 930 2659 986 2693; x_wconf 71' lang='lat' dir='ltr'><strong>egi-</strong></span> 
     </span>
    </p>
   </div>
   <div class='ocr_carea' id='block_1_100' title="bbox 200 2690 985 2732">
    <p class='ocr_par' dir='ltr' id='par_1_100' title="bbox 200 2690 985 2732">
     <span class='ocr_line' id='line_1_100' title="bbox 200 2690 985 2732; baseline 0.023 -19"><span class='ocrx_word' id='word_1_661' title='bbox 200 2694 273 2720; x_wconf 87' lang='lat' dir='ltr'><strong>mus,</strong></span> <span class='ocrx_word' id='word_1_662' title='bbox 290 2692 317 2715; x_wconf 86' lang='lat' dir='ltr'><strong>el</strong></span> <span class='ocrx_word' id='word_1_663' title='bbox 328 2690 503 2724; x_wconf 79' lang='lat' dir='ltr'><strong>recessimus,</strong></span> <span class='ocrx_word' id='word_1_664' title='bbox 520 2699 545 2720; x_wconf 87' lang='lat' dir='ltr'><strong>et</strong></span> <span class='ocrx_word' id='word_1_665' title='bbox 559 2698 720 2732; x_wconf 78' lang='lat' dir='ltr'><strong>transgressi</strong></span> <span class='ocrx_word' id='word_1_666' title='bbox 739 2706 834 2728; x_wconf 84' lang='lat' dir='ltr'><strong>sumus</strong></span> <span class='ocrx_word' id='word_1_667' title='bbox 857 2690 985 2731; x_wconf 72' lang='lat' dir='ltr'><strong>mandata</strong></span> 
     </span>
    </p>
   </div>
   <div class='ocr_carea' id='block_1_101' title="bbox 200 2734 474 2768">
    <p class='ocr_par' dir='ltr' id='par_1_101' title="bbox 200 2734 474 2768">
     <span class='ocr_line' id='line_1_101' title="bbox 200 2734 474 2768; baseline 0.018 -8"><span class='ocrx_word' id='word_1_668' title='bbox 200 2736 245 2760; x_wconf 73' lang='lat' dir='ltr'><strong>tua</strong></span> <span class='ocrx_word' id='word_1_669' title='bbox 259 2738 288 2761; x_wconf 83' lang='lat' dir='ltr'><strong>et</strong></span> <span class='ocrx_word' id='word_1_670' title='bbox 299 2734 401 2768; x_wconf 86' lang='lat' dir='ltr'><strong>judicia</strong></span> <span class='ocrx_word' id='word_1_671' title='bbox 418 2740 474 2764; x_wconf 86' lang='lat' dir='ltr'><strong>tua.</strong></span> 
     </span>
    </p>
   </div>
   <div class='ocr_carea' id='block_1_102' title="bbox 234 2777 982 2831">
    <p class='ocr_par' dir='ltr' id='par_1_102' title="bbox 234 2777 982 2831">
     <span class='ocr_line' id='line_1_102' title="bbox 234 2777 982 2831; baseline 0.023 -26"><span class='ocrx_word' id='word_1_672' title='bbox 234 2777 262 2808; x_wconf 82' lang='grc'><strong>6.</strong></span> <span class='ocrx_word' id='word_1_673' title='bbox 282 2779 315 2806; x_wconf 71' lang='lat' dir='ltr'><strong>Et</strong></span> <span class='ocrx_word' id='word_1_674' title='bbox 329 2787 384 2808; x_wconf 89' lang='lat' dir='ltr'><strong>non</strong></span> <span class='ocrx_word' id='word_1_675' title='bbox 401 2783 555 2813; x_wconf 82' lang='lat' dir='ltr'><strong>audivimus</strong></span> <span class='ocrx_word' id='word_1_676' title='bbox 567 2794 666 2821; x_wconf 85' lang='lat' dir='ltr'><strong>pueros</strong></span> <span class='ocrx_word' id='word_1_677' title='bbox 684 2794 746 2818; x_wconf 84' lang='lat' dir='ltr'><strong>tuos</strong></span> <span class='ocrx_word' id='word_1_678' title='bbox 765 2794 920 2828; x_wconf 71' lang='lat' dir='ltr'><strong>prophetas,</strong></span> <span class='ocrx_word' id='word_1_679' title='bbox 935 2795 982 2831; x_wconf 85' lang='lat' dir='ltr'><strong>qui</strong></span> 
     </span>
    </p>
   </div>
   <div class='ocr_carea' id='block_1_103' title="bbox 195 2821 979 2873">
    <p class='ocr_par' dir='ltr' id='par_1_103' title="bbox 195 2821 979 2873">
     <span class='ocr_line' id='line_1_103' title="bbox 195 2821 979 2873; baseline 0.023 -22"><span class='ocrx_word' id='word_1_680' title='bbox 195 2821 282 2853; x_wconf 81' lang='lat' dir='ltr'><strong>locuti</strong></span> <span class='ocrx_word' id='word_1_681' title='bbox 297 2831 359 2854; x_wconf 79' lang='lat' dir='ltr'><strong>sunt</strong></span> <span class='ocrx_word' id='word_1_682' title='bbox 376 2827 403 2855; x_wconf 87' lang='lat' dir='ltr'><strong>in</strong></span> <span class='ocrx_word' id='word_1_683' title='bbox 420 2830 531 2857; x_wconf 85' lang='lat' dir='ltr'><strong>nomine</strong></span> <span class='ocrx_word' id='word_1_684' title='bbox 546 2835 590 2858; x_wconf 94' lang='lat' dir='ltr'><strong>tuo</strong></span> <span class='ocrx_word' id='word_1_685' title='bbox 607 2833 639 2861; x_wconf 88' lang='lat' dir='ltr'><strong>ad</strong></span> <span class='ocrx_word' id='word_1_686' title='bbox 658 2842 734 2869; x_wconf 60' lang='lat' dir='ltr'><strong>rcges</strong></span> <span class='ocrx_word' id='word_1_687' title='bbox 750 2821 868 2873; x_wconf 44' lang='lat' dir='ltr'><strong>nostros,</strong></span> <span class='ocrx_word' id='word_1_688' title='bbox 886 2821 979 2868; x_wconf 43' lang='lat' dir='ltr'><strong>et&#39;nia-</strong></span> 
     </span>
    </p>
   </div>
   <div class='ocr_carea' id='block_1_104' title="bbox 1045 2248 1410 2287">
    <p class='ocr_par' dir='ltr' id='par_1_104' title="bbox 1045 2248 1410 2287">
     <span class='ocr_line' id='line_1_104' title="bbox 1045 2248 1410 2287; baseline 0.011 -13"><span class='ocrx_word' id='word_1_689' title='bbox 1045 2248 1112 2283; x_wconf 85' lang='grc' dir='ltr'>σαλὴ</span> <span class='ocrx_word' id='word_1_690' title='bbox 1117 2257 1136 2283; x_wconf 91' lang='grc' dir='ltr'><strong>μ</strong></span> <span class='ocrx_word' id='word_1_691' title='bbox 1153 2249 1338 2285; x_wconf 83' lang='grc' dir='ltr'>ἑϐδομήκοντα</span> <span class='ocrx_word' id='word_1_692' title='bbox 1353 2250 1410 2287; x_wconf 75' lang='grc' dir='ltr'>ἔτη.</span> 
     </span>
    </p>
   </div>
   <div class='ocr_carea' id='block_1_105' title="bbox 1078 2294 1832 2337">
    <p class='ocr_par' dir='ltr' id='par_1_105' title="bbox 1078 2294 1832 2337">
     <span class='ocr_line' id='line_1_105' title="bbox 1078 2294 1832 2337; baseline 0.015 -18"><span class='ocrx_word' id='word_1_693' title='bbox 1078 2294 1105 2321; x_wconf 76' lang='lat'><strong>5.</strong></span> <span class='ocrx_word' id='word_1_694' title='bbox 1121 2295 1174 2321; x_wconf 72' lang='grc' dir='ltr'>Καὶ</span> <span class='ocrx_word' id='word_1_695' title='bbox 1192 2294 1278 2322; x_wconf 77' lang='grc' dir='ltr'>ἔδωκα</span> <span class='ocrx_word' id='word_1_696' title='bbox 1298 2297 1328 2323; x_wconf 85' lang='grc' dir='ltr'>τὸ</span> <span class='ocrx_word' id='word_1_697' title='bbox 1344 2297 1488 2333; x_wconf 79' lang='grc' dir='ltr'>πρόσωπόν</span> <span class='ocrx_word' id='word_1_698' title='bbox 1511 2309 1562 2335; x_wconf 86' lang='grc' dir='ltr'><strong>μου</strong></span> <span class='ocrx_word' id='word_1_699' title='bbox 1587 2302 1632 2328; x_wconf 79' lang='grc' dir='ltr'><strong>ἐπὶ</strong></span> <span class='ocrx_word' id='word_1_700' title='bbox 1656 2302 1758 2337; x_wconf 75' lang='grc' dir='ltr'>Κύριον</span> <span class='ocrx_word' id='word_1_701' title='bbox 1786 2303 1832 2330; x_wconf 76' lang='grc' dir='ltr'><strong>τὸν</strong></span> 
     </span>
    </p>
   </div>
   <div class='ocr_carea' id='block_1_106' title="bbox 1041 2339 1832 2382">
    <p class='ocr_par' dir='ltr' id='par_1_106' title="bbox 1041 2339 1832 2382">
     <span class='ocr_line' id='line_1_106' title="bbox 1041 2339 1832 2382; baseline 0.014 -17"><span class='ocrx_word' id='word_1_702' title='bbox 1041 2339 1118 2372; x_wconf 73' lang='grc' dir='ltr'>Θεὸν,</span> <span class='ocrx_word' id='word_1_703' title='bbox 1133 2340 1224 2376; x_wconf 84' lang='grc' dir='ltr'>εὑρεῖν</span> <span class='ocrx_word' id='word_1_704' title='bbox 1240 2343 1405 2378; x_wconf 78' lang='grc' dir='ltr'>προσευχὴν,</span> <span class='ocrx_word' id='word_1_705' title='bbox 1423 2345 1470 2370; x_wconf 73' lang='grc' dir='ltr'><strong>καὶ</strong></span> <span class='ocrx_word' id='word_1_706' title='bbox 1487 2345 1560 2377; x_wconf 78' lang='grc' dir='ltr'>ἕλεος</span> <span class='ocrx_word' id='word_1_707' title='bbox 1575 2347 1603 2373; x_wconf 85' lang='grc' dir='ltr'>ὲν</span> <span class='ocrx_word' id='word_1_708' title='bbox 1619 2349 1769 2382; x_wconf 78' lang='grc' dir='ltr'>νηστείαις,</span> <span class='ocrx_word' id='word_1_709' title='bbox 1786 2350 1832 2376; x_wconf 82' lang='grc' dir='ltr'>καὶ</span> 
     </span>
    </p>
   </div>
   <div class='ocr_carea' id='block_1_107' title="bbox 1042 2386 1323 2422">
    <p class='ocr_par' dir='ltr' id='par_1_107' title="bbox 1042 2386 1323 2422">
     <span class='ocr_line' id='line_1_107' title="bbox 1042 2386 1323 2422; baseline 0.014 -11"><span class='ocrx_word' id='word_1_710' title='bbox 1042 2387 1146 2421; x_wconf 84' lang='grc' dir='ltr'>σάκκῳ,</span> <span class='ocrx_word' id='word_1_711' title='bbox 1163 2386 1210 2413; x_wconf 82' lang='grc' dir='ltr'>καὶ</span> <span class='ocrx_word' id='word_1_712' title='bbox 1224 2388 1323 2422; x_wconf 83' lang='grc' dir='ltr'>σποδῷ.</span> 
     </span>
    </p>
   </div>
   <div class='ocr_carea' id='block_1_108' title="bbox 1077 2431 1832 2477">
    <p class='ocr_par' dir='ltr' id='par_1_108' title="bbox 1077 2431 1832 2477">
     <span class='ocr_line' id='line_1_108' title="bbox 1077 2431 1832 2477; baseline 0.016 -20"><span class='ocrx_word' id='word_1_713' title='bbox 1077 2431 1104 2457; x_wconf 77' lang='grc'><strong>4.</strong></span> <span class='ocrx_word' id='word_1_714' title='bbox 1118 2432 1173 2459; x_wconf 82' lang='grc' dir='ltr'><strong>Καὶ</strong></span> <span class='ocrx_word' id='word_1_715' title='bbox 1188 2433 1385 2470; x_wconf 73' lang='grc' dir='ltr'>προσηυξάμην</span> <span class='ocrx_word' id='word_1_716' title='bbox 1396 2436 1462 2471; x_wconf 84' lang='grc' dir='ltr'>πρὸς</span> <span class='ocrx_word' id='word_1_717' title='bbox 1480 2437 1582 2471; x_wconf 82' lang='grc' dir='ltr'>Κύριον</span> <span class='ocrx_word' id='word_1_718' title='bbox 1592 2438 1636 2465; x_wconf 81' lang='grc' dir='ltr'>τὸν</span> <span class='ocrx_word' id='word_1_719' title='bbox 1645 2439 1720 2473; x_wconf 81' lang='grc' dir='ltr'>Θεὸν,</span> <span class='ocrx_word' id='word_1_720' title='bbox 1732 2441 1832 2477; x_wconf 76' lang='grc' dir='ltr'>ἐξωμο-</span> 
     </span>
    </p>
   </div>
   <div class='ocr_carea' id='block_1_109' title="bbox 1040 2477 1830 2519">
    <p class='ocr_par' dir='ltr' id='par_1_109' title="bbox 1040 2477 1830 2519">
     <span class='ocr_line' id='line_1_109' title="bbox 1040 2477 1830 2519; baseline 0.015 -17"><span class='ocrx_word' id='word_1_721' title='bbox 1040 2477 1213 2513; x_wconf 84' lang='grc' dir='ltr'>λογησάμην,</span> <span class='ocrx_word' id='word_1_722' title='bbox 1232 2479 1279 2505; x_wconf 86' lang='grc' dir='ltr'>καὶ</span> <span class='ocrx_word' id='word_1_723' title='bbox 1303 2477 1376 2507; x_wconf 71' lang='grc' dir='ltr'>εἶπα·</span> <span class='ocrx_word' id='word_1_724' title='bbox 1403 2482 1582 2518; x_wconf 78' lang='grc' dir='ltr'>Ίδοὺ,Κὺριε,</span> <span class='ocrx_word' id='word_1_725' title='bbox 1610 2485 1641 2511; x_wconf 87' lang='grc' dir='ltr'>σὺ</span> <span class='ocrx_word' id='word_1_726' title='bbox 1665 2483 1691 2512; x_wconf 77' lang='grc' dir='ltr'>εἴ</span> <span class='ocrx_word' id='word_1_727' title='bbox 1704 2487 1718 2512; x_wconf 85' lang='grc' dir='ltr'><strong>ὸ</strong></span> <span class='ocrx_word' id='word_1_728' title='bbox 1738 2486 1830 2519; x_wconf 76' lang='grc' dir='ltr'>Θεδςό</span> 
     </span>
    </p>
   </div>
   <div class='ocr_carea' id='block_1_110' title="bbox 1041 2523 1826 2567">
    <p class='ocr_par' dir='ltr' id='par_1_110' title="bbox 1041 2523 1826 2567">
     <span class='ocr_line' id='line_1_110' title="bbox 1041 2523 1826 2567; baseline 0.013 -18"><span class='ocrx_word' id='word_1_729' title='bbox 1041 2523 1138 2558; x_wconf 78' lang='grc' dir='ltr'>μέγας,</span> <span class='ocrx_word' id='word_1_730' title='bbox 1152 2525 1199 2551; x_wconf 68' lang='grc' dir='ltr'>καὶ</span> <span class='ocrx_word' id='word_1_731' title='bbox 1211 2526 1224 2551; x_wconf 82' lang='grc' dir='ltr'>ὀ</span> <span class='ocrx_word' id='word_1_732' title='bbox 1242 2526 1361 2561; x_wconf 65' lang='grc' dir='ltr'>ἰσχυρὸς,</span> <span class='ocrx_word' id='word_1_733' title='bbox 1375 2527 1422 2554; x_wconf 82' lang='grc' dir='ltr'>καὶ</span> <span class='ocrx_word' id='word_1_734' title='bbox 1434 2529 1448 2554; x_wconf 84' lang='grc' dir='ltr'>ὁ</span> <span class='ocrx_word' id='word_1_735' title='bbox 1461 2528 1585 2564; x_wconf 79' lang='grc' dir='ltr'>φοὸερὸς,</span> <span class='ocrx_word' id='word_1_736' title='bbox 1601 2530 1692 2566; x_wconf 71' lang='grc' dir='ltr'>τηρῶν</span> <span class='ocrx_word' id='word_1_737' title='bbox 1705 2532 1754 2567; x_wconf 76' lang='grc' dir='ltr'>τὴν</span> <span class='ocrx_word' id='word_1_738' title='bbox 1769 2533 1826 2559; x_wconf 79' lang='grc' dir='ltr'>δια-</span> 
     </span>
    </p>
   </div>
   <div class='ocr_carea' id='block_1_111' title="bbox 1040 2568 1827 2613">
    <p class='ocr_par' dir='ltr' id='par_1_111' title="bbox 1040 2568 1827 2613">
     <span class='ocr_line' id='line_1_111' title="bbox 1040 2568 1827 2613; baseline 0.013 -19"><span class='ocrx_word' id='word_1_739' title='bbox 1040 2568 1138 2605; x_wconf 78' lang='grc' dir='ltr'>θήκην,</span> <span class='ocrx_word' id='word_1_740' title='bbox 1157 2570 1204 2597; x_wconf 70' lang='grc' dir='ltr'>καὶ</span> <span class='ocrx_word' id='word_1_741' title='bbox 1219 2571 1248 2597; x_wconf 71' lang='grc' dir='ltr'>τὸ</span> <span class='ocrx_word' id='word_1_742' title='bbox 1264 2570 1338 2603; x_wconf 77' lang='grc' dir='ltr'>ἔλεος</span> <span class='ocrx_word' id='word_1_743' title='bbox 1352 2574 1408 2606; x_wconf 71' lang='grc' dir='ltr'>τοῖς</span> <span class='ocrx_word' id='word_1_744' title='bbox 1424 2573 1552 2607; x_wconf 78' lang='grc' dir='ltr'>ἀγαπῶσί</span> <span class='ocrx_word' id='word_1_745' title='bbox 1572 2583 1601 2601; x_wconf 80' lang='grc' dir='ltr'><strong>σε</strong></span> <span class='ocrx_word' id='word_1_746' title='bbox 1612 2596 1619 2608; x_wconf 83' lang='grc'><strong>,</strong></span> <span class='ocrx_word' id='word_1_747' title='bbox 1640 2577 1687 2603; x_wconf 78' lang='grc' dir='ltr'>καὶ</span> <span class='ocrx_word' id='word_1_748' title='bbox 1703 2579 1756 2609; x_wconf 78' lang='grc' dir='ltr'>τοῖς</span> <span class='ocrx_word' id='word_1_749' title='bbox 1777 2587 1827 2613; x_wconf 77' lang='grc' dir='ltr'><strong>φυ-</strong></span> 
     </span>
    </p>
   </div>
   <div class='ocr_carea' id='block_1_112' title="bbox 1039 2614 1506 2652">
    <p class='ocr_par' dir='ltr' id='par_1_112' title="bbox 1039 2614 1506 2652">
     <span class='ocr_line' id='line_1_112' title="bbox 1039 2614 1506 2652; baseline 0.013 -12"><span class='ocrx_word' id='word_1_750' title='bbox 1039 2614 1166 2642; x_wconf 77' lang='grc' dir='ltr'>λάσσουσι</span> <span class='ocrx_word' id='word_1_751' title='bbox 1185 2616 1219 2643; x_wconf 85' lang='grc' dir='ltr'><strong>τὰ</strong></span> <span class='ocrx_word' id='word_1_752' title='bbox 1234 2617 1431 2652; x_wconf 80' lang='grc' dir='ltr'>προστάγματά</span> <span class='ocrx_word' id='word_1_753' title='bbox 1450 2628 1506 2647; x_wconf 85' lang='grc' dir='ltr'>σου.</span> 
     </span>
    </p>
   </div>
   <div class='ocr_carea' id='block_1_113' title="bbox 1073 2660 1827 2704">
    <p class='ocr_par' dir='ltr' id='par_1_113' title="bbox 1073 2660 1827 2704">
     <span class='ocr_line' id='line_1_113' title="bbox 1073 2660 1827 2704; baseline 0.015 -18"><span class='ocrx_word' id='word_1_754' title='bbox 1073 2660 1099 2687; x_wconf 86' lang='lat'><strong>5.</strong></span> <span class='ocrx_word' id='word_1_755' title='bbox 1124 2660 1310 2697; x_wconf 81' lang='grc' dir='ltr'>Ἠμάρτομεν,</span> <span class='ocrx_word' id='word_1_756' title='bbox 1323 2663 1502 2701; x_wconf 72' lang='grc' dir='ltr'>ἠδικήσαμεν,</span> <span class='ocrx_word' id='word_1_757' title='bbox 1517 2667 1703 2704; x_wconf 74' lang='grc' dir='ltr'>ὴσεϐήσαμεν,</span> <span class='ocrx_word' id='word_1_758' title='bbox 1716 2671 1761 2696; x_wconf 78' lang='grc' dir='ltr'>καὶ</span> <span class='ocrx_word' id='word_1_759' title='bbox 1774 2671 1827 2697; x_wconf 79' lang='grc' dir='ltr'>ἀπ-</span> 
     </span>
    </p>
   </div>
   <div class='ocr_carea' id='block_1_114' title="bbox 1039 2707 1826 2746">
    <p class='ocr_par' dir='ltr' id='par_1_114' title="bbox 1039 2707 1826 2746">
     <span class='ocr_line' id='line_1_114' title="bbox 1039 2707 1826 2746; baseline 0.015 -14"><span class='ocrx_word' id='word_1_760' title='bbox 1039 2707 1166 2742; x_wconf 82' lang='grc' dir='ltr'>έστημεν,</span> <span class='ocrx_word' id='word_1_761' title='bbox 1187 2709 1234 2735; x_wconf 68' lang='grc' dir='ltr'>καὶ</span> <span class='ocrx_word' id='word_1_762' title='bbox 1257 2710 1418 2746; x_wconf 80' lang='grc' dir='ltr'>παρέῢημεν</span> <span class='ocrx_word' id='word_1_763' title='bbox 1441 2712 1490 2744; x_wconf 75' lang='grc' dir='ltr'><strong>τὰς</strong></span> <span class='ocrx_word' id='word_1_764' title='bbox 1518 2714 1627 2746; x_wconf 74' lang='grc' dir='ltr'>ἐντολάς</span> <span class='ocrx_word' id='word_1_765' title='bbox 1650 2725 1697 2742; x_wconf 74' lang='grc' dir='ltr'><strong>σου</strong></span> <span class='ocrx_word' id='word_1_766' title='bbox 1723 2718 1769 2743; x_wconf 70' lang='grc' dir='ltr'>καὶ</span> <span class='ocrx_word' id='word_1_767' title='bbox 1792 2719 1826 2744; x_wconf 60' lang='grc' dir='ltr'>τὰ</span> 
     </span>
    </p>
   </div>
   <div class='ocr_carea' id='block_1_115' title="bbox 1038 2753 1227 2787">
    <p class='ocr_par' dir='ltr' id='par_1_115' title="bbox 1038 2753 1227 2787">
     <span class='ocr_line' id='line_1_115' title="bbox 1038 2753 1227 2787; baseline 0.016 -9"><span class='ocrx_word' id='word_1_768' title='bbox 1038 2753 1160 2787; x_wconf 81' lang='grc' dir='ltr'>κρίματά</span> <span class='ocrx_word' id='word_1_769' title='bbox 1172 2762 1227 2781; x_wconf 86' lang='grc' dir='ltr'>σου.</span> 
     </span>
    </p>
   </div>
   <div class='ocr_carea' id='block_1_116' title="bbox 1072 2796 1826 2842">
    <p class='ocr_par' dir='ltr' id='par_1_116' title="bbox 1072 2796 1826 2842">
     <span class='ocr_line' id='line_1_116' title="bbox 1072 2796 1826 2842; baseline 0.015 -19"><span class='ocrx_word' id='word_1_770' title='bbox 1072 2796 1098 2824; x_wconf 83' lang='lat'><strong>6.</strong></span> <span class='ocrx_word' id='word_1_771' title='bbox 1117 2798 1170 2824; x_wconf 70' lang='grc' dir='ltr'><strong>Καὶ</strong></span> <span class='ocrx_word' id='word_1_772' title='bbox 1184 2800 1233 2825; x_wconf 69' lang='grc' dir='ltr'>οὐκ</span> <span class='ocrx_word' id='word_1_773' title='bbox 1254 2800 1411 2837; x_wconf 77' lang='grc' dir='ltr'>ἠκούσαμεν</span> <span class='ocrx_word' id='word_1_774' title='bbox 1427 2803 1482 2830; x_wconf 75' lang='grc' dir='ltr'>τῶν</span> <span class='ocrx_word' id='word_1_775' title='bbox 1501 2805 1602 2831; x_wconf 72' lang='grc' dir='ltr'>παίδων</span> <span class='ocrx_word' id='word_1_776' title='bbox 1626 2815 1671 2832; x_wconf 72' lang='grc' dir='ltr'>σου</span> <span class='ocrx_word' id='word_1_777' title='bbox 1689 2806 1741 2833; x_wconf 73' lang='grc' dir='ltr'>τῶι</span> <span class='ocrx_word' id='word_1_778' title='bbox 1760 2816 1826 2842; x_wconf 73' lang='grc' dir='ltr'>προ-</span> 
     </span>
    </p>
   </div>
   <div class='ocr_carea' id='block_1_117' title="bbox 1037 2844 1824 2885">
    <p class='ocr_par' dir='ltr' id='par_1_117' title="bbox 1037 2844 1824 2885">
     <span class='ocr_line' id='line_1_117' title="bbox 1037 2844 1824 2885; baseline 0.017 -16"><span class='ocrx_word' id='word_1_779' title='bbox 1037 2844 1140 2878; x_wconf 81' lang='grc' dir='ltr'>φητῶν,</span> <span class='ocrx_word' id='word_1_780' title='bbox 1164 2847 1188 2872; x_wconf 79' lang='grc' dir='ltr'>οἳ</span> <span class='ocrx_word' id='word_1_781' title='bbox 1213 2847 1346 2882; x_wconf 73' lang='grc' dir='ltr'>ἐλάλησαν</span> <span class='ocrx_word' id='word_1_782' title='bbox 1372 2849 1417 2876; x_wconf 63' lang='grc' dir='ltr'><strong>ἐπὶ</strong></span> <span class='ocrx_word' id='word_1_783' title='bbox 1432 2850 1471 2884; x_wconf 82' lang='grc' dir='ltr'>τῷ</span> <span class='ocrx_word' id='word_1_784' title='bbox 1487 2851 1599 2885; x_wconf 77' lang='grc' dir='ltr'>ὀνόματί</span> <span class='ocrx_word' id='word_1_785' title='bbox 1625 2861 1672 2879; x_wconf 83' lang='grc' dir='ltr'><strong>σου</strong></span> <span class='ocrx_word' id='word_1_786' title='bbox 1700 2854 1744 2880; x_wconf 70' lang='grc' dir='ltr'><strong>ἐπὶ</strong></span> <span class='ocrx_word' id='word_1_787' title='bbox 1762 2852 1824 2882; x_wconf 64' lang='grc' dir='ltr'>τοῖς</span> 
     </span>
    </p>
   </div>
  </div>
