1959 3079
227 162 297 190 2M9

861 154 985 182 DANIEL
1001 154 1110 182 JUXTA
1129 155 1208 184 LXX.

1245 149 1270 160 κη

1777 156 1846 184 289.0

225 221 339 253 propter
367 214 550 249 temetipsum,
581 213 716 245 Domine,
749 211 901 246 quoniam"
913 219 1011 238 nomen

1073 220 1113 246 της
1129 211 1209 238 ἓνεκα
1226 213 1352 245 σεαυτοῦ,
1370 214 1503 246 Δέσποτα,
1522 215 1561 241 ὅτι
1585 215 1615 241 τὸ
1631 215 1717 250 ὃνομά
1733 224 1780 241 σου
1800 217 1848 241 ir.»

230 268 305 290 tuum
324 262 478 288 invocatum
491 264 532 288 est
548 267 630 294 super
643 259 778 286 civitatein
798 261 872 284 luam
891 256 967 290 Sion,
984 261 1012 284 ct

230 316 314 343 super
326 307 455 342 populum
472 311 544 334 tuum
568 305 660 333 lsmel.

264 353 309 381 20.
331 353 364 379 Ει
383 353 447 380 dum
474 359 523 386 ego
548 350 678 385 loquebar
707 357 798 381 orans,
828 353 854 375 et
881 348 1013 376 confitens

223 403 339 432 peccata
355 405 425 429 mea,
437 403 463 424 et
478 401 588 431 peccata
602 396 693 431 populi
708 395 760 422 mei
776 395 869 426 Israel,
889 400 915 422 et
930 402 1013 421 orans

224 445 258 472 in
278 443 514 478 deprecationibus
525 449 616 469 coram
631 441 745 469 Domino
768 440 823 468 Deo
849 448 909 468 meo
931 441 1011 467 etiam

223 497 278 524 pro
295 492 385 516 monte
396 492 490 515 sancto
506 487 552 514 Dei
566 487 662 515 nostri.

263 579 308 608 21.
330 580 362 608 Et
374 580 463 608 adhuc
487 587 529 606 me
553 579 679 612 loquente
699 578 724 604 in
741 577 863 604 oratione
883 585 961 609 mea.
987 582 1014 604 et

228 634 292 654 ecce
308 626 359 657 vir,
374 633 461 660 quem
486 625 540 651 vidi
563 625 589 650 in
618 631 714 650 somno
733 630 793 649 meo
811 623 844 649 ah
858 623 942 649 ‘initio
959 622 1013 649 Gu-

229 674 307 706 briel,
327 674 381 701 cito
396 673 508 701 veniens
527 669 754 704 appropinquavit
768 669 834 695 mihi
847 670 873 695 in
892 669 957 696 hora
971 677 1014 696 sa-

231 719 323 746 crilicii
340 717 496 753 vespertini.

264 762 308 789 2'2.
330 762 363 789 Et
375 762 500 794 accessit,
512 765 539 787 et
553 760 681 794 loquutus
696 762 736 784 est
751 766 869 789 mecum,
883 763 910 785 et
924 758 992 786 dixit
1005 766 1011 784 :

228 806 335 838 Daniel,
352 815 425 835 nunc
436 807 507 834 exivi
523 799 667 836 ostendere
689 803 735 830 tibi
751 810 871 830 sensum.

265 855 311 881 25.
331 853 359 880 In
380 853 513 888 principio
530 850 725 878 obsecrationis
749 854 801 875 tua:
820 849 904 875 exivit
921 848 1012 875 decre-

230 903 286 926 tum
306 906 321 925 a
336 898 464 930 Domino,
477 901 504 924 et
522 903 572 930 ego
587 895 666 926 veni,
699 898 728 921 ut
749 894 932 921 demonstrem
952 893 1012 926 tibi,

229 944 292 979 quia
308 942 521 971 misericordiam
541 945 703 969 consecutus
717 947 764 972 es;
791 943 818 966 et
828 939 1013 966 animadverte

229 989 397 1016 mandatum.

262 1035 307 1062 24.
330 1033 508 1070 Septuaginta
522 1029 706 1059 hebdomades
719 1029 834 1057 decretae
853 1034 916 1056 sunt
932 1037 1012 1065 super

228 1080 358 1116 populum
382 1084 469 1111 tuum,
497 1082 524 1106 et
549 1084 631 1112 super
649 1076 785 1103 civitatem
807 1074 884 1108 Sion,
901 1078 931 1102 ut
946 1083 1013 1102 con-

227 1130 381 1153 summetur
401 1128 562 1160 peccatum,
589 1127 616 1149 et
645 1121 772 1148 deliciant
797 1120 965 1155 iniquitates,
985 1124 1013 1148 et

227 1171 368 1200 deleantur
382 1169 531 1205 iniustitiae,
557 1172 586 1195 et
603 1167 767 1201 intelligatur
795 1166 876 1199 visio,
894 1171 920 1193 et
934 1166 1013 1194 detur

227 1217 333 1253 iustitia
360 1215 534 1250 sempiterna,
556 1218 582 1240 et
603 1215 828 1240 consummentur
852 1211 972 1239 visiones
986 1216 1012 1239 et

228 1264 372 1300 propheta,
389 1266 415 1288 et
432 1261 535 1288 lauetur
552 1259 669 1285 Sanctus
682 1261 852 1284 sanctorum.

263 1309 308 1336 25.
329 1307 363 1334 Et
379 1307 459 1338 scies,
473 1310 499 1333 et
512 1305 656 1339 intelliges,
674 1308 701 1330 et
718 1302 850 1330 laetaberis
861 1320 869 1333 ,
889 1307 916 1328 et
936 1303 1011 1329 inve-

227 1355 289 1383 nies
301 1357 444 1389 przecepta,
459 1356 489 1379 ut
502 1350 715 1385 respondeatur:
733 1354 760 1376 et
773 1347 918 1375 tediiicabis
935 1346 1012 1375 Jeru-

228 1401 311 1429 salem
331 1400 468 1427 civitalem
484 1396 610 1424 Domino.

262 1446 308 1473 26.
329 1445 362 1472 Et
374 1449 434 1480 post
452 1448 553 1478 septem
578 1446 605 1469 et
622 1439 803 1475 septuaginta,
822 1443 848 1466 et
871 1440 1010 1474 sexaginta

227 1494 298 1522 duos
317 1492 425 1520 deﬁciet
442 1490 546 1522 unctio,
562 1493 589 1516 et
602 1495 657 1515 non
670 1487 722 1514 erit
742 1493 748 1512 :
773 1491 800 1513 et
820 1493 932 1521 regnum
947 1494 1013 1521 gen-

227 1540 294 1567 tium
304 1539 425 1566 destruet
438 1536 584 1567 civitatem,
602 1537 629 1561 et
643 1532 828 1561 sanctuarium
837 1539 898 1559 cum
910 1537 1010 1559 uncto:
1025 1550 1046 1576 α

228 1589 256 1612 ct
271 1584 361 1612 veniet
377 1580 577 1609 consummatio
592 1580 651 1614 ejus
666 1586 729 1606 cum
756 1578 856 1610 lurore,
883 1582 910 1605 et
925 1585 1012 1613 usque

228 1630 263 1659 ad
282 1634 389 1664 tempus
407 1626 652 1656 consummationis
668 1633 683 1652 a
695 1624 764 1652 bello
783 1624 992 1659 oppugnabitur.

263 1676 309 1703 27.
329 1675 363 1702 Ει
380 1673 534 1709 praevalebit
550 1675 741 1699 testamentum
757 1670 783 1696 in
804 1669 906 1702 multis,
918 1674 1013 1697 etrur-

229 1730 278 1750 sus
291 1724 453 1750 revertetur.
482 1722 509 1745 et
540 1717 746 1744 reaedilicabitur
761 1715 788 1742 in
814 1715 966 1747 latitudine,
987 1720 1014 1742 et

229 1765 410 1801 longitudine,
424 1768 451 1790 et
465 1763 541 1798 juxta
555 1760 819 1789 consummationem
841 1764 992 1793 temporum
1004 1768 1011 1786 :

230 1816 258 1840 et
272 1816 335 1847 post
352 1814 453 1844 septem
478 1813 504 1836 et
529 1806 699 1842 septuaginta
722 1809 856 1840 tempora,
881 1810 908 1832 et
935 1813 1014 1833 sexa-

230 1858 306 1893 ginta
320 1857 374 1883 duo
388 1861 532 1885 annorum,
551 1859 638 1886 usque
659 1851 692 1878 ad
715 1856 819 1885 tempus
841 1858 1014 1878 consumma-

230 1903 315 1932 tionis
341 1901 422 1933 belli,
448 1905 475 1928 et
490 1899 635 1926 auferetur
649 1897 780 1924 desolatio
804 1897 831 1923 in
844 1897 1014 1932 praevalendo

233 1950 397 1977 testamento
412 1945 445 1973 ad
463 1945 563 1972 multas
579 1943 772 1974 hebdomadas,
792 1946 819 1969 et
835 1942 862 1969 in
880 1942 933 1969 line
952 1942 1015 1970 heb-

231 1994 355 2022 domade
368 1991 506 2020 auferetur
533 1989 708 2021 sacriﬁcium,
735 1991 763 2015 et
786 1987 914 2019 libamen,
942 1993 969 2015 et
986 1988 1013 2016 in

231 2040 332 2075 templo
344 2036 511 2066 abominatio
522 2035 719 2063 desolationum
733 2033 783 2061 erit
798 2041 884 2067 usque
903 2034 936 2061 ad
947 2041 1015 2061 con-

231 2084 463 2114 summationem:
481 2087 508 2111 et
522 2080 723 2109 consummatio
740 2079 849 2106 dabitur
869 2087 950 2114 super
968 2079 1015 2107 de-

231 2131 403 2159 solationem.

538 2184 651 2212 CAPUT
674 2184 708 2211 Χ.

1029 880 1049 906 Β

1063 255 1164 291 εκλήθη
1180 257 1225 282 ἐπὶ
1246 257 1294 292 τὴν
1314 257 1390 284 πόλιν
1411 267 1456 285 σου
1479 258 1558 290 Σιὼν,
1579 259 1626 285 καὶ
1649 260 1695 286 ἐπὶ
1713 260 1759 285 τὸν
1788 260 1850 286 λαόν

1064 309 1109 327 σου
1132 301 1245 337 Ἰσραήλ.

1098 347 1143 374 20.
1155 347 1208 374 Καὶ
1217 348 1269 380 ἓως
1278 348 1333 382 ἐγὼ
1343 349 1453 376 ἐλάλουν
1465 350 1692 385 προσευχόμενος,
1702 351 1749 377 καὶ
1759 352 1852 386 ἐξομο-

1063 393 1226 428 λογούμενος
1239 393 1289 425 τὰς
1305 395 1441 429 ἁμαρτίας
1458 402 1520 430 μου,
1534 395 1579 421 καὶ
1594 395 1643 426 τὰς
1655 396 1794 430 ἁμαρτίας
1806 397 1851 424 τοῦ

1063 438 1126 464 λαοῦ
1145 447 1196 474 μου
1217 439 1334 475 Ἰσραὴλ,
1352 441 1398 466 καὶ
1411 440 1538 474 δεόμενος
1558 441 1586 467 ἐν
1609 443 1668 472 ταῖς
1688 444 1853 477 προσευχαῖς

1063 484 1183 510 ἐναντίον
1201 485 1303 519 Κυρίου
1320 485 1387 511 Θεοῦ
1409 495 1459 521 μου
1472 506 1479 519 ,
1499 487 1547 513 καὶ
1560 487 1632 522 ὑπὲρ
1648 487 1694 514 τοῦ
1709 488 1790 523 ὄρους
1804 488 1850 514 τοῦ

1064 529 1140 563 ἁγίου
1152 530 1198 556 τοῦ
1208 530 1275 557 Θεοῦ
1288 532 1376 566 ἡμῶν.

1098 575 1142 602 21.
1157 577 1212 602 Καὶ
1232 577 1270 602 ἔτι
1296 576 1439 608 λαλοῦντός
1454 586 1505 612 μου
1533 578 1561 604 ὲν
1580 579 1611 612 τῇ
1630 579 1769 612 προσευχῇ
1789 586 1850 612 μου,

1065 621 1111 646 καὶ
1127 621 1180 647 ἰδοὺ
1192 622 1206 647 ὁ
1221 621 1307 657 ἀνὴρ,
1320 621 1349 648 ὃν
1362 621 1431 648 εἶδον
1448 623 1475 648 ὲν
1488 623 1526 657 τῷ
1542 622 1617 657 ὕπνῳ
1634 630 1685 657 μου
1701 622 1750 657 τὴν
1764 622 1852 657 ἀρχὴν

1064 666 1193 702 Γαϐριὴλ,
1217 668 1293 702 τάχει
1321 668 1469 703 φερόμενος
1498 667 1665 703 προσήγγισέ
1691 677 1735 703 μοι
1750 669 1778 694 ἐν
1794 667 1852 703 ὥρα

1064 712 1158 744 θυσίας
1174 713 1331 748 ἐσπερινῆς.

1099 757 1144 784 ‘22.
1161 758 1214 784 Καὶ
1231 758 1378 793 προσῆλθε,
1403 760 1449 784 καὶ
1472 758 1586 793 ἐλάλησε
1615 761 1672 793 μετ’
1699 758 1780 794 ἐμοῦ,
1807 759 1852 785 καὶ

1064 800 1140 829 εἶπεν
1153 812 1158 818 ⁸
1173 804 1280 839 Δανιὴλ,
1298 804 1360 839 ἄρτι
1375 804 1486 839 ἐξῆλθον
1502 804 1639 838 ὑποδεῖξαί
1656 814 1697 832 σοι
1721 806 1850 832 διάνοιαν.

1097 848 1143 875 23.
1162 849 1206 875 Ἐν
1222 851 1292 884 ἀρχῇ
1310 850 1358 884 τῆς
1373 850 1490 884 δεήσεώς
1507 859 1553 876 σου
1572 850 1667 885 ἐξῆλθε
1685 851 1852 886 πρόσταγμα

1064 894 1139 929 παρὰ
1153 894 1266 929 Κυρίου,
1279 895 1326 921 καὶ
1340 895 1394 928 ἐγὼ
1404 893 1485 930 ἦλθον
1502 895 1638 927 ὑποδεῖξαί
1650 904 1702 928 σοι,
1720 897 1761 922 ὃτι
1776 897 1852 931 ἐλεη-

1063 940 1107 970 νὶς
1122 937 1157 971 εἷ,
1172 940 1219 966 καὶ
1232 940 1387 975 διανοήθητι
1401 940 1432 966 τὸ
1446 941 1618 976 πρόσταγμα.

1097 1029 1142 1057 24.
1166 1030 1366 1066 Ἐὃδομήκοντα
1389 1031 1535 1068 ὲὸδομάδες
1558 1032 1708 1068 ἐκρίθησαν
1732 1033 1779 1059 ἐπὶ
1805 1033 1851 1060 τὸν

1062 1074 1126 1102 λαόν
1143 1084 1200 1107 σου,
1215 1076 1261 1102 καὶ
1274 1077 1320 1102 ἐπὶ
1337 1076 1386 1112 τήν
1401 1078 1476 1104 πόλιν
1494 1078 1562 1104 Σιὼν
1578 1079 1786 1114 συντελεσθῆναι
1801 1079 1851 1113 τὴν

1063 1121 1209 1157 ἁμαρτίαν,
1235 1122 1282 1148 καὶ
1297 1121 1345 1154 τὰς
1356 1123 1461 1155 ἀδικίας
1476 1124 1612 1156 σπανίσαι,
1632 1125 1679 1151 καὶ
1700 1124 1851 1158 ἀπαλεῖψαι

1062 1166 1111 1197 τὰς
1128 1166 1243 1198 ἀδικίας,
1261 1167 1307 1193 καὶ
1327 1167 1543 1203 διανοηθῆναιτὸ
1557 1170 1662 1204 ὅραμα,
1678 1171 1726 1196 καὶ
1741 1170 1850 1205 δοθῆναι

1062 1210 1235 1246 δικαιοσύνην
1248 1211 1365 1245 αἰώνιον,
1387 1213 1433 1239 καὶ
1447 1214 1654 1248 συντελεσθῆναι
1672 1215 1706 1241 τὰ
1724 1216 1850 1250 ὁράματα

1063 1257 1097 1290 χ(
1110 1256 1158 1282 καὶ
1167 1258 1200 1290 Β(
1213 1258 1365 1292 προφήτην,
1377 1259 1423 1284 καὶ
1437 1259 1569 1294 εὐφράναι
1587 1260 1681 1294 ’Ἃγιον
1697 1260 1795 1294 ἁγίων.

1098 1302 1142 1328 25.
1156 1303 1210 1329 Καὶ
1224 1303 1326 1339 γνώσῃ,
1352 1304 1398 1330 καὶ
1411 1304 1584 1341 διανοηθήσῃ,
1599 1306 1646 1332 καὶ
1661 1307 1848 1344 εὐφρανθήσῃ,

1063 1347 1110 1373 καὶ
1121 1348 1248 1383 εὑρήσεις
1262 1350 1461 1384 προστάγματα
1480 1351 1671 1386 ἀποκριθῆναι,
1691 1353 1852 1379 καὶλοξκοξο-

1065 1393 1162 1428 μήσεις
1185 1394 1361 1430 Ἰερουσαλὴμ
1378 1395 1454 1422 πόλιν
1470 1396 1573 1431 Κυρίῳ,

1097 1439 1140 1465 96.
1157 1440 1210 1465 Καὶ
1223 1439 1291 1474 μετὰ
1307 1440 1377 1466 ἑπτὰ
1389 1441 1436 1467 καὶ
1448 1441 1641 1476 ἐϐδομήκοντα,
1658 1443 1706 1469 καὶ
1719 1444 1852 1480 ἐξήκοντα

1062 1483 1108 1510 δύο
1120 1485 1341 1520 ἀποσταθήσεςαι
1356 1485 1470 1521 χρίσμα,
1486 1487 1532 1513 καὶ
1546 1487 1596 1514 οὐκ
1613 1488 1700 1520 ἔσται,
1717 1491 1764 1516 καὶ
1775 1490 1853 1524 βασι-

1063 1529 1123 1555 λεία
1140 1528 1223 1555 ὲθνῶν
1239 1529 1334 1564 φθερεῖ
1347 1531 1397 1565 τὴν
1419 1531 1506 1563 πόλιν,
1520 1532 1567 1558 καὶ
1583 1533 1614 1558 τὸ
1629 1534 1706 1566 ἅγιον
1722 1535 1791 1569 μετὰ
1804 1535 1852 1562 τοῦ

1063 1575 1173 1610 χριστοῦ
1184 1583 1190 1589 ·
1206 1576 1253 1602 κει)⁷
1280 1575 1339 1610 ἥξει
1353 1577 1369 1611 ἡ
1384 1576 1520 1603 συντέλεια
1533 1577 1614 1604 αὐτοῦ
1633 1579 1690 1613 μετ’
1699 1580 1795 1615 ὀργῆς,
1806 1581 1853 1607 καὶ

1063 1619 1115 1651 ἕως
1134 1620 1230 1654 καιροῦ
1244 1621 1408 1653 συντελείας,
1423 1621 1477 1648 ἀπὸ
1490 1623 1608 1658 πολέμου
1621 1624 1850 1660 πολεμηθήσεται.

1098 1664 1142 1691 27.
1160 1665 1213 1691 Καὶ
1227 1665 1401 1692 δυναστεύσει
1419 1667 1434 1701 ή
1455 1667 1568 1703 διαθήκη
1585 1669 1624 1700 είς
1647 1669 1763 1701 πολλοὺς
1775 1690 1782 1702 ,

1065 1710 1144 1736 πάλιν
1156 1711 1324 1746 ἐπιστρέψει,
1341 1711 1388 1738 καὶ
1398 1712 1676 1749 ἀνοικοδομηθήσεται
1687 1716 1727 1747 εἰς
1740 1716 1851 1749 πλάτος,

1064 1756 1111 1783 καὶ
1128 1757 1224 1791 μῆκος,
1243 1757 1289 1783 καὶ
1302 1757 1371 1783 κατὰ
1390 1759 1544 1786 συντέλειαν
1568 1760 1673 1795 καιρῶν
1687 1769 1694 1776 ·
1716 1762 1764 1788 καὶ
1783 1763 1853 1797 μετὰ

1064 1802 1134 1828 ἑπτὰ
1156 1803 1200 1828 καὶ
1225 1802 1412 1838 ἐϐδομήκοντα
1435 1805 1558 1840 καιροὺς,
1576 1806 1622 1832 καὶ
1639 1806 1678 1840 ξβ¹
1701 1807 1779 1838 ἑτῶν,
1801 1808 1853 1840 ἕως

1064 1847 1160 1883 καιροῦ
1181 1849 1335 1880 συντελείας
1362 1849 1478 1884 πολέμου
1495 1871 1501 1882 ,
1529 1852 1576 1877 καὶ
1599 1852 1812 1888 ἀφαιρεθήσεται
1835 1855 1852 1888 ή

1064 1893 1202 1929 ἐρήμωσις
1215 1895 1244 1921 ὲν
1255 1895 1293 1930 τῷ
1311 1897 1471 1930 κατισχύσαι
1483 1897 1531 1932 τήν
1546 1896 1678 1933 διαθήκην
1690 1899 1736 1925 ἐπὶ
1752 1899 1852 1931 πολλὰς

1064 1939 1224 1976 ἑϐδομάδας,
1237 1942 1284 1967 καὶ
1299 1942 1327 1968 ὲν
1342 1941 1381 1976 τῷ
1393 1942 1464 1968 τέλει
1478 1943 1526 1978 τῆς
1543 1943 1689 1978 ὲὸδομάδος
1704 1944 1850 1980 ἀρθήσεται

1064 1987 1080 2020 ἡ
1097 1985 1176 2012 θυσία
1188 2005 1196 2018 ,
1213 1987 1260 2012 καὶ
1278 1988 1294 2021 ή
1313 1985 1430 2022 σπονδὴ,
1452 1988 1498 2014 καὶ
1510 1989 1556 2015 ἐπὶ
1569 1989 1599 2015 τὸ
1619 1989 1690 2024 ἱερὸν
1715 1989 1853 2026 βδέλυγμα

1064 2031 1118 2058 τῶν
1135 2031 1299 2067 ὲρημώσεων
1310 2033 1385 2059 ἔσται
1398 2033 1450 2065 ἕως
1472 2034 1634 2066 συντελείας,
1652 2035 1699 2062 καὶ
1714 2036 1854 2063 συντέλεια

1065 2076 1208 2112 δοθήσεται
1224 2085 1254 2105 +
1270 2078 1317 2105 ὲπὶ
1335 2079 1384 2114 τὴν
1401 2080 1551 2114 ἐρήμωσιν.

1806 1672 1852 1697 καὶ

1373 2171 1495 2198 ΚΕΦΛΛ.
1516 2173 1543 2197 l'.

266 2233 294 2260 1.
314 2232 344 2258 1η
358 2237 430 2258 anno
451 2230 539 2265 primo
564 2229 626 2264 Cyri
642 2229 712 2263 regis
736 2227 880 2255 Persarum
901 2227 1013 2254 manda-

1102 2217 1128 2244 l.
1151 2218 1194 2244 Ἐν
1205 2218 1243 2252 τῷ
1258 2217 1373 2253 ἐνιαυτῷ
1387 2218 1426 2253 τῷ
1441 2218 1542 2254 πρώτῳ
1555 2218 1644 2253 Κύρου
1656 2218 1702 2245 τοῦ
1721 2218 1852 2253 βασιλέως

229 2283 289 2306 tum
302 2277 518 2305 demonstratum
530 2280 571 2302 est
583 2274 697 2307 Danieli,
706 2273 749 2300 cui
759 2273 916 2308 impositum
926 2272 1014 2300 fuerat

230 2331 331 2353 nomen
345 2322 479 2353 Baltasar,
499 2325 526 2348 et
554 2327 617 2347 vera
632 2318 711 2350 visio,
741 2323 767 2345 et
791 2318 969 2351 mandatum;
988 2323 1020 2346 et-

229 2369 377 2399 multitudo
396 2368 475 2395 fortis
497 2365 629 2400 intelliget
658 2364 828 2396 mandatum,
855 2369 881 2391 et
895 2364 1014 2392 intellexi

230 2416 297 2444 illud
309 2415 336 2442 in
354 2414 468 2441 visione.

264 2462 293 2488 2.
312 2461 342 2487 In
359 2460 456 2487 diebus
474 2458 527 2486 illis
557 2463 606 2492 ego
632 2455 726 2482 Daniel
744 2462 818 2482 erant
843 2454 938 2490 lugens
961 2459 1015 2482 tres

231 2505 425 2534 hebdomadas.

267 2552 295 2579 3.
315 2550 416 2579 Panem
432 2548 629 2577 desideriorum
643 2554 697 2574 non
719 2545 836 2577 comedi,
853 2548 880 2572 et
893 2552 969 2577 caro,
989 2549 1016 2572 et

232 2598 326 2624 vinum
346 2603 399 2624 non
414 2595 577 2624 introierunt
588 2595 614 2621 in
635 2601 665 2621 os
681 2600 792 2620 meum:
813 2591 873 2618 oleo
894 2599 948 2617 non
967 2599 1017 2617 un-

235 2647 295 2671 ctus
309 2650 381 2675 sum,
394 2641 480 2669 donec
494 2646 710 2668 consummat-em
733 2645 784 2673 ego
802 2641 855 2666 tres
870 2636 1017 2664 hebdoma-

235 2690 283 2716 das
297 2688 415 2716 dierum.

268 2735 296 2762 4.
315 2734 349 2761 Ει
364 2733 464 2761 factum
480 2737 521 2760 est
536 2732 580 2759 die
603 2735 699 2765 quarta
723 2734 750 2757 et
768 2729 895 2764 vigesima
916 2729 1017 2756 mensis

235 2780 326 2816 primi,
347 2784 374 2806 et
386 2785 437 2813 ego
451 2784 527 2804 eram
545 2784 626 2811 super
643 2775 744 2803 lahium
759 2774 834 2802 ﬂuvii
852 2773 954 2809 magni.
971 2773 1017 2808 qui

223 2831 275 2854 .est
294 2825 393 2859 Tigris.

268 2874 296 2902 5,
319 2873 349 2900 lit
365 2870 448 2900 levavi
466 2869 560 2897 oculos
574 2875 659 2902 meos,
680 2873 706 2895 et
733 2866 797 2898 vidi,
815 2870 842 2894 et
858 2872 921 2894 ecce
935 2864 1017 2891 homo

1066 2262 1178 2298 Περσῶν
1195 2263 1357 2298 πρόσταγμα
1373 2263 1479 2299 ἐδείχθη
1489 2263 1528 2298 τῷ
1542 2264 1650 2298 Δανιὴλ,
1666 2264 1696 2295 ὃς
1713 2264 1851 2299 ἐπεκλήθη

1064 2308 1094 2334 τὸ
1109 2307 1195 2342 ὄνομα
1209 2308 1350 2343 Βαλτάσαρ
1361 2316 1367 2324 ·
1389 2308 1436 2334 καὶ
1455 2307 1554 2343 ἀληθὲς
1579 2308 1609 2334 τὸ
1630 2309 1721 2343 ὅραμα
1734 2328 1741 2340 ,
1760 2308 1808 2334 καὶ
1823 2308 1852 2334 τὺ

1065 2354 1230 2389 πρόσταγμα
1240 2362 1246 2368 “
1262 2353 1310 2380 καὶ
1326 2354 1356 2379 τὸ
1368 2353 1468 2389 πλῆθος
1477 2353 1508 2380 τὸ
1524 2354 1632 2388 ἰσχυρὸν
1644 2353 1851 2388 διανοηθήσεται

1066 2399 1095 2426 τὸ
1115 2399 1290 2434 πρόσταγμα,
1308 2399 1355 2425 καὶ
1367 2398 1508 2434 διενοήθην
1529 2406 1559 2426 +
1574 2399 1639 2426 αὺτὸ
1652 2400 1680 2425 ὲν
1694 2399 1849 2433 ὁράματιί.

1100 2446 1127 2472 2.
1149 2446 1192 2471 Ἑν
1201 2446 1261 2476 ταῖς
1271 2445 1385 2481 ἡμέραις
1396 2445 1513 2476 ἐκείναις
1526 2444 1581 2479 ἐγὼ
1594 2444 1691 2479 Δανιὴλ
1702 2445 1778 2479 ήμην
1792 2452 1853 2470 πεν-

1066 2490 1121 2518 θῶν
1135 2492 1208 2527 τρεῖς
1223 2490 1381 2526 ἑϐδομάδας.

1101 2538 1127 2564 5.
1145 2538 1244 2572 ’Ἄρτον
1261 2537 1413 2571 ἐπιθυμιῶν
1437 2537 1487 2563 οὐκ
1510 2536 1620 2570 ἔφαγον,
1636 2536 1682 2562 καὶ
1697 2535 1793 2570 κρέας,
1809 2535 1853 2561 καὶ

1066 2581 1137 2614 οἶνος
1147 2583 1197 2610 οὐκ
1211 2581 1336 2616 εἰσῆλθεν
1350 2583 1390 2614 εἰς
1402 2581 1432 2608 τδ
1444 2581 1530 2617 στόμα
1546 2590 1608 2617 μου,
1623 2581 1710 2607 ἐλαιον
1721 2581 1772 2607 οὐκ
1784 2580 1854 2615 ήλειι

1066 2631 1171 2666 ψάμην,
1184 2630 1237 2662 ἕως
1248 2629 1294 2657 τοῦ
1309 2629 1466 2656 συντελέσαι
1485 2637 1518 2664 με
1531 2628 1581 2660 τὰς
1605 2629 1680 2663 τρεῖς
1702 2627 1854 2662 ἑϐδομάδας

1066 2677 1121 2703 τῶν
1131 2676 1251 2712 ἡμερῶν.

1103 2723 1130 2749 4.
1148 2722 1202 2749 Καὶ
1217 2721 1324 2755 ἐγένετο
1337 2722 1369 2756 τῇ
1390 2720 1481 2756 ἡμέρα
1505 2721 1537 2754 τῇ
1555 2719 1672 2754 τετάρτῃ
1701 2717 1750 2744 καὶ
1768 2717 1854 2744 εἰκάδι

1068 2767 1114 2795 τοῦ
1131 2767 1215 2803 μηνὸς
1230 2766 1277 2793 τοῦ
1288 2766 1407 2801 πρώτου,
1424 2765 1471 2791 καὶ
1480 2763 1534 2798 ἐγὼ
1546 2764 1619 2799 ήμην
1629 2762 1676 2788 ἐπὶ
1687 2761 1735 2788 τοῦ
1749 2760 1855 2796 χείλους

1069 2813 1114 2840 τοῦ
1134 2812 1255 2848 ποταμοῦ
1271 2811 1318 2838 τοῦ
1332 2811 1460 2847 μεγάλου,
1477 2811 1506 2841 ὃς
1519 2810 1576 2835 ἐστι
1593 2808 1707 2843 Τίγρης.

1106 2861 1131 2887 5.
1147 2859 1202 2886 Καὶ
1214 2857 1266 2895 ᾖρα
1279 2858 1341 2890 τοὺς
1351 2857 1504 2892 ὀφθαλμούς
1519 2864 1580 2891 μου,
1594 2855 1639 2882 καὶ
1651 2851 1729 2887 εἶδον,
1740 2852 1790 2879 καὶ
1802 2849 1856 2879 ῑδσιῦ
