  <div class='ocr_page' id='page_1' title='image "/cluster/home/n/w/nwhite01/storage/ocr_20150623/16, pt.3/njp.32101010944575/290.png"; bbox 0 0 1959 3079; ppageno 0'>
   <div class='ocr_carea' id='block_1_1' title="bbox 115 137 190 166">
    <p class='ocr_par' dir='ltr' id='par_1_1' title="bbox 115 137 190 166">
     <span class='ocr_line' id='line_1_1' title="bbox 115 137 190 166; baseline 0 -1"><span class='ocrx_word' id='word_1_1' title='bbox 115 137 190 166; x_wconf 61' lang='grc'>28⁸11</span> 
     </span>
    </p>
   </div>
   <div class='ocr_carea' id='block_1_2' title="bbox 838 141 1006 170">
    <p class='ocr_par' dir='ltr' id='par_1_2' title="bbox 838 141 1006 170">
     <span class='ocr_line' id='line_1_2' title="bbox 838 141 1006 170; baseline 0.006 -1"><span class='ocrx_word' id='word_1_2' title='bbox 838 141 952 170; x_wconf 78' lang='lat' dir='ltr'><strong>CAPUT</strong></span> <span class='ocrx_word' id='word_1_3' title='bbox 973 143 1006 170; x_wconf 87' lang='lat' dir='ltr'><strong>X.</strong></span> 
     </span>
    </p>
   </div>
   <div class='ocr_carea' id='block_1_3' title="bbox 1676 150 1746 178">
    <p class='ocr_par' dir='ltr' id='par_1_3' title="bbox 1676 150 1746 178">
     <span class='ocr_line' id='line_1_3' title="bbox 1676 150 1746 178; baseline 0.014 -1"><span class='ocrx_word' id='word_1_4' title='bbox 1676 150 1746 178; x_wconf 74' lang='grc'><strong>28⁸22</strong></span> 
     </span>
    </p>
   </div>
   <div class='ocr_carea' id='block_1_4' title="bbox 117 193 910 244">
    <p class='ocr_par' dir='ltr' id='par_1_4' title="bbox 117 193 910 235">
     <span class='ocr_line' id='line_1_4' title="bbox 117 193 910 235; baseline 0.008 -13"><span class='ocrx_word' id='word_1_5' title='bbox 117 196 266 232; x_wconf 77' lang='grc' dir='ltr'>ἄνθρωπος</span> <span class='ocrx_word' id='word_1_6' title='bbox 292 193 333 228; x_wconf 74' lang='grc' dir='ltr'>εἷς</span> <span class='ocrx_word' id='word_1_7' title='bbox 351 197 524 233; x_wconf 77' lang='grc' dir='ltr'><strong>ἐνδεδυμένος</strong></span> <span class='ocrx_word' id='word_1_8' title='bbox 545 198 669 234; x_wconf 81' lang='grc' dir='ltr'>βύσσινα,</span> <span class='ocrx_word' id='word_1_9' title='bbox 700 199 746 226; x_wconf 71' lang='grc' dir='ltr'><strong>καὶ</strong></span> <span class='ocrx_word' id='word_1_10' title='bbox 760 200 808 235; x_wconf 83' lang='grc' dir='ltr'>τὴν</span> <span class='ocrx_word' id='word_1_11' title='bbox 832 201 910 235; x_wconf 73' lang='grc' dir='ltr'>ὀσφῦι</span> 
     </span>
    </p>
   </div>
   <div class='ocr_carea' id='block_1_5' title="bbox 975 193 1749 244">
    <p class='ocr_par' dir='ltr' id='par_1_5' title="bbox 975 202 1749 244">
     <span class='ocr_line' id='line_1_5' title="bbox 975 202 1749 244; baseline 0.01 -15"><span class='ocrx_word' id='word_1_12' title='bbox 975 209 1040 230; x_wconf 70' lang='lat' dir='ltr'><strong>anus</strong></span> <span class='ocrx_word' id='word_1_13' title='bbox 1058 202 1174 231; x_wconf 83' lang='lat' dir='ltr'><strong>vestitus</strong></span> <span class='ocrx_word' id='word_1_14' title='bbox 1190 203 1319 239; x_wconf 77' lang='lat' dir='ltr'><strong>byssinis,</strong></span> <span class='ocrx_word' id='word_1_15' title='bbox 1331 210 1357 233; x_wconf 89' lang='lat' dir='ltr'><strong>et</strong></span> <span class='ocrx_word' id='word_1_16' title='bbox 1371 213 1451 234; x_wconf 87' lang='lat' dir='ltr'><strong>renes</strong></span> <span class='ocrx_word' id='word_1_17' title='bbox 1464 207 1709 244; x_wconf 81' lang='lat' dir='ltr'><strong>accinctibyssino;</strong></span> <span class='ocrx_word' id='word_1_18' title='bbox 1722 215 1749 238; x_wconf 83' lang='lat' dir='ltr'><strong>et</strong></span> 
     </span>
    </p>
   </div>
   <div class='ocr_carea' id='block_1_6' title="bbox 118 240 911 280">
    <p class='ocr_par' dir='ltr' id='par_1_6' title="bbox 118 240 911 280">
     <span class='ocr_line' id='line_1_6' title="bbox 118 240 911 280; baseline 0.006 -14"><span class='ocrx_word' id='word_1_19' title='bbox 118 240 343 275; x_wconf 71' lang='grc' dir='ltr'><strong>περιεζωσμένος</strong></span> <span class='ocrx_word' id='word_1_20' title='bbox 371 241 498 277; x_wconf 81' lang='grc' dir='ltr'><strong>βυσσίνῳ,</strong></span> <span class='ocrx_word' id='word_1_21' title='bbox 527 243 574 269; x_wconf 71' lang='grc' dir='ltr'>καὶ</span> <span class='ocrx_word' id='word_1_22' title='bbox 588 244 619 270; x_wconf 79' lang='grc' dir='ltr'>ἐκ</span> <span class='ocrx_word' id='word_1_23' title='bbox 638 243 721 278; x_wconf 82' lang='grc' dir='ltr'><strong>μέσου</strong></span> <span class='ocrx_word' id='word_1_24' title='bbox 745 244 827 271; x_wconf 84' lang='grc' dir='ltr'>αὑτοῦ</span> <span class='ocrx_word' id='word_1_25' title='bbox 843 245 911 280; x_wconf 81' lang='grc' dir='ltr'>φῶς,</span> 
     </span>
    </p>
   </div>
   <div class='ocr_carea' id='block_1_7' title="bbox 117 286 663 322">
    <p class='ocr_par' dir='ltr' id='par_1_7' title="bbox 117 286 663 322">
     <span class='ocr_line' id='line_1_7' title="bbox 117 286 663 322; baseline 0.005 -10"><span class='ocrx_word' id='word_1_26' title='bbox 117 286 165 313; x_wconf 68' lang='grc' dir='ltr'><strong>καὶ</strong></span> <span class='ocrx_word' id='word_1_27' title='bbox 181 286 212 312; x_wconf 84' lang='grc' dir='ltr'><strong>τὺ</strong></span> <span class='ocrx_word' id='word_1_28' title='bbox 231 287 321 321; x_wconf 80' lang='grc' dir='ltr'><strong>στόμα</strong></span> <span class='ocrx_word' id='word_1_29' title='bbox 336 287 418 313; x_wconf 86' lang='grc' dir='ltr'>αὐτοῦ</span> <span class='ocrx_word' id='word_1_30' title='bbox 438 287 504 314; x_wconf 82' lang='grc' dir='ltr'>ὡσεὶ</span> <span class='ocrx_word' id='word_1_31' title='bbox 515 287 663 322; x_wconf 82' lang='grc' dir='ltr'><strong>θαλάσσης.</strong></span> 
     </span>
    </p>
   </div>
   <div class='ocr_carea' id='block_1_8' title="bbox 153 334 912 372">
    <p class='ocr_par' dir='ltr' id='par_1_8' title="bbox 153 334 912 372">
     <span class='ocr_line' id='line_1_8' title="bbox 153 334 912 372; baseline 0.005 -13"><span class='ocrx_word' id='word_1_32' title='bbox 153 334 179 360; x_wconf 80' lang='lat'><strong>6.</strong></span> <span class='ocrx_word' id='word_1_33' title='bbox 197 334 254 360; x_wconf 76' lang='grc' dir='ltr'><strong>Καὶ</strong></span> <span class='ocrx_word' id='word_1_34' title='bbox 271 334 302 359; x_wconf 80' lang='grc' dir='ltr'>τὸ</span> <span class='ocrx_word' id='word_1_35' title='bbox 312 334 457 369; x_wconf 82' lang='grc' dir='ltr'>πρόσωπον</span> <span class='ocrx_word' id='word_1_36' title='bbox 467 334 550 361; x_wconf 86' lang='grc' dir='ltr'>αὑτοῦ</span> <span class='ocrx_word' id='word_1_37' title='bbox 567 335 633 362; x_wconf 76' lang='grc' dir='ltr'>ὡσεὶ</span> <span class='ocrx_word' id='word_1_38' title='bbox 645 337 738 371; x_wconf 85' lang='grc' dir='ltr'>ὅρασις</span> <span class='ocrx_word' id='word_1_39' title='bbox 756 337 912 372; x_wconf 77' lang='grc' dir='ltr'><strong>ἀστραπῆς,</strong></span> 
     </span>
    </p>
   </div>
   <div class='ocr_carea' id='block_1_9' title="bbox 116 378 912 417">
    <p class='ocr_par' dir='ltr' id='par_1_9' title="bbox 116 378 912 417">
     <span class='ocr_line' id='line_1_9' title="bbox 116 378 912 417; baseline 0.004 -12"><span class='ocrx_word' id='word_1_40' title='bbox 116 381 165 406; x_wconf 81' lang='grc' dir='ltr'><strong>καὶ</strong></span> <span class='ocrx_word' id='word_1_41' title='bbox 175 380 200 405; x_wconf 86' lang='grc' dir='ltr'>οἱ</span> <span class='ocrx_word' id='word_1_42' title='bbox 211 378 346 414; x_wconf 75' lang='grc' dir='ltr'>ὀφθαλμοὶ</span> <span class='ocrx_word' id='word_1_43' title='bbox 359 378 441 405; x_wconf 83' lang='grc' dir='ltr'>αὐτοῦ</span> <span class='ocrx_word' id='word_1_44' title='bbox 461 379 527 406; x_wconf 84' lang='grc' dir='ltr'>ὡσεὶ</span> <span class='ocrx_word' id='word_1_45' title='bbox 547 380 688 415; x_wconf 84' lang='grc' dir='ltr'><strong>λαμπάδες</strong></span> <span class='ocrx_word' id='word_1_46' title='bbox 708 382 802 417; x_wconf 81' lang='grc' dir='ltr'>πυρὸς,</span> <span class='ocrx_word' id='word_1_47' title='bbox 826 383 872 409; x_wconf 75' lang='grc' dir='ltr'><strong>καὶ</strong></span> <span class='ocrx_word' id='word_1_48' title='bbox 887 383 912 408; x_wconf 77' lang='grc' dir='ltr'>οι</span> 
     </span>
    </p>
   </div>
   <div class='ocr_carea' id='block_1_10' title="bbox 118 424 911 464">
    <p class='ocr_par' dir='ltr' id='par_1_10' title="bbox 118 424 911 464">
     <span class='ocr_line' id='line_1_10' title="bbox 118 424 911 464; baseline 0.005 -13"><span class='ocrx_word' id='word_1_49' title='bbox 118 424 264 460; x_wconf 75' lang='grc' dir='ltr'>βραχίονες</span> <span class='ocrx_word' id='word_1_50' title='bbox 278 424 372 458; x_wconf 84' lang='grc' dir='ltr'>αὐτοῦ,</span> <span class='ocrx_word' id='word_1_51' title='bbox 390 426 437 451; x_wconf 75' lang='grc' dir='ltr'>καὶ</span> <span class='ocrx_word' id='word_1_52' title='bbox 456 426 479 451; x_wconf 74' lang='grc' dir='ltr'>οι</span> <span class='ocrx_word' id='word_1_53' title='bbox 495 426 573 457; x_wconf 81' lang='grc' dir='ltr'>πόδες</span> <span class='ocrx_word' id='word_1_54' title='bbox 591 426 656 453; x_wconf 78' lang='grc' dir='ltr'>ὡσεὶ</span> <span class='ocrx_word' id='word_1_55' title='bbox 667 427 766 462; x_wconf 79' lang='grc' dir='ltr'>χαλκὸς</span> <span class='ocrx_word' id='word_1_56' title='bbox 778 428 911 464; x_wconf 78' lang='grc' dir='ltr'>ἐξαστρά-</span> 
     </span>
    </p>
   </div>
   <div class='ocr_carea' id='block_1_11' title="bbox 117 470 876 508">
    <p class='ocr_par' dir='ltr' id='par_1_11' title="bbox 117 470 876 508">
     <span class='ocr_line' id='line_1_11' title="bbox 117 470 876 508; baseline 0.008 -13"><span class='ocrx_word' id='word_1_57' title='bbox 117 479 204 502; x_wconf 78' lang='grc' dir='ltr'>πτων,</span> <span class='ocrx_word' id='word_1_58' title='bbox 215 470 264 496; x_wconf 79' lang='grc' dir='ltr'><strong>καὶ</strong></span> <span class='ocrx_word' id='word_1_59' title='bbox 274 470 351 505; x_wconf 84' lang='grc' dir='ltr'>φωνὴ</span> <span class='ocrx_word' id='word_1_60' title='bbox 364 470 458 502; x_wconf 79' lang='grc' dir='ltr'>λαλιᾶς</span> <span class='ocrx_word' id='word_1_61' title='bbox 475 471 557 498; x_wconf 84' lang='grc' dir='ltr'>αὑτοῦ</span> <span class='ocrx_word' id='word_1_62' title='bbox 573 472 638 498; x_wconf 68' lang='grc' dir='ltr'>ὡσεὶ</span> <span class='ocrx_word' id='word_1_63' title='bbox 651 473 726 508; x_wconf 73' lang='grc' dir='ltr'>φωνὴ</span> <span class='ocrx_word' id='word_1_64' title='bbox 749 473 876 508; x_wconf 79' lang='grc' dir='ltr'>θορύϐου.</span> 
     </span>
    </p>
   </div>
   <div class='ocr_carea' id='block_1_12' title="bbox 152 514 912 554">
    <p class='ocr_par' dir='ltr' id='par_1_12' title="bbox 152 514 912 554">
     <span class='ocr_line' id='line_1_12' title="bbox 152 514 912 554; baseline 0.007 -13"><span class='ocrx_word' id='word_1_65' title='bbox 152 516 180 542; x_wconf 92' lang='grc'>7.</span> <span class='ocrx_word' id='word_1_66' title='bbox 197 516 254 542; x_wconf 71' lang='grc' dir='ltr'><strong>Καὶ</strong></span> <span class='ocrx_word' id='word_1_67' title='bbox 271 514 340 543; x_wconf 77' lang='grc' dir='ltr'>εἶδον</span> <span class='ocrx_word' id='word_1_68' title='bbox 357 516 411 550; x_wconf 86' lang='grc' dir='ltr'><strong>ἐγὼ</strong></span> <span class='ocrx_word' id='word_1_69' title='bbox 426 517 524 553; x_wconf 80' lang='grc' dir='ltr'>Δανιὴλ</span> <span class='ocrx_word' id='word_1_70' title='bbox 537 518 586 552; x_wconf 84' lang='grc' dir='ltr'>τὴν</span> <span class='ocrx_word' id='word_1_71' title='bbox 605 519 699 554; x_wconf 77' lang='grc' dir='ltr'>ὅρασιν</span> <span class='ocrx_word' id='word_1_72' title='bbox 717 519 766 554; x_wconf 87' lang='grc' dir='ltr'>τὴν</span> <span class='ocrx_word' id='word_1_73' title='bbox 790 520 912 554; x_wconf 78' lang='grc' dir='ltr'><strong>μεγάλην</strong></span> 
     </span>
    </p>
   </div>
   <div class='ocr_carea' id='block_1_13' title="bbox 116 562 911 600">
    <p class='ocr_par' dir='ltr' id='par_1_13' title="bbox 116 562 911 600">
     <span class='ocr_line' id='line_1_13' title="bbox 116 562 911 600; baseline 0.005 -12"><span class='ocrx_word' id='word_1_74' title='bbox 116 562 231 597; x_wconf 84' lang='grc' dir='ltr'>ταύτην,</span> <span class='ocrx_word' id='word_1_75' title='bbox 245 563 292 589; x_wconf 78' lang='grc' dir='ltr'>καὶ</span> <span class='ocrx_word' id='word_1_76' title='bbox 308 564 333 589; x_wconf 83' lang='grc' dir='ltr'>οἱ</span> <span class='ocrx_word' id='word_1_77' title='bbox 344 562 482 597; x_wconf 84' lang='grc' dir='ltr'>ἄνθρωποι</span> <span class='ocrx_word' id='word_1_78' title='bbox 497 565 521 590; x_wconf 86' lang='grc' dir='ltr'>οἰ</span> <span class='ocrx_word' id='word_1_79' title='bbox 537 563 612 596; x_wconf 73' lang='grc' dir='ltr'>ὄντες</span> <span class='ocrx_word' id='word_1_80' title='bbox 629 566 688 599; x_wconf 88' lang='grc' dir='ltr'>μετ’</span> <span class='ocrx_word' id='word_1_81' title='bbox 703 566 769 600; x_wconf 76' lang='grc' dir='ltr'>ἐμοῦ</span> <span class='ocrx_word' id='word_1_82' title='bbox 783 565 832 592; x_wconf 74' lang='grc' dir='ltr'>οὐκ</span> <span class='ocrx_word' id='word_1_83' title='bbox 842 566 911 592; x_wconf 82' lang='grc' dir='ltr'>εἴδο-</span> 
     </span>
    </p>
   </div>
   <div class='ocr_carea' id='block_1_14' title="bbox 118 608 911 646">
    <p class='ocr_par' dir='ltr' id='par_1_14' title="bbox 118 608 911 646">
     <span class='ocr_line' id='line_1_14' title="bbox 118 608 911 646; baseline 0.005 -11"><span class='ocrx_word' id='word_1_84' title='bbox 118 617 168 636; x_wconf 84' lang='grc' dir='ltr'><strong>σαν</strong></span> <span class='ocrx_word' id='word_1_85' title='bbox 178 608 228 644; x_wconf 84' lang='grc' dir='ltr'>τὴν</span> <span class='ocrx_word' id='word_1_86' title='bbox 245 609 462 644; x_wconf 37' lang='grc' dir='ltr'>ὅρασιννταύτην,</span> <span class='ocrx_word' id='word_1_87' title='bbox 479 610 525 637; x_wconf 82' lang='grc' dir='ltr'><strong>καὶ</strong></span> <span class='ocrx_word' id='word_1_88' title='bbox 543 611 627 644; x_wconf 73' lang='grc' dir='ltr'>φόϐος</span> <span class='ocrx_word' id='word_1_89' title='bbox 647 611 756 646; x_wconf 75' lang='grc' dir='ltr'>ἰσχυρὸς</span> <span class='ocrx_word' id='word_1_90' title='bbox 777 612 911 639; x_wconf 75' lang='grc' dir='ltr'><strong>ἐπέπεσεν</strong></span> 
     </span>
    </p>
   </div>
   <div class='ocr_carea' id='block_1_15' title="bbox 117 655 696 692">
    <p class='ocr_par' dir='ltr' id='par_1_15' title="bbox 117 655 696 692">
     <span class='ocr_line' id='line_1_15' title="bbox 117 655 696 692; baseline 0.003 -11"><span class='ocrx_word' id='word_1_91' title='bbox 117 655 161 681; x_wconf 75' lang='grc' dir='ltr'>ἐπ’</span> <span class='ocrx_word' id='word_1_92' title='bbox 177 655 288 687; x_wconf 73' lang='grc' dir='ltr'>αὐτοὺς,</span> <span class='ocrx_word' id='word_1_93' title='bbox 303 655 350 682; x_wconf 76' lang='grc' dir='ltr'><strong>καὶ</strong></span> <span class='ocrx_word' id='word_1_94' title='bbox 363 655 520 690; x_wconf 77' lang='grc' dir='ltr'>ἀπέδρασαν</span> <span class='ocrx_word' id='word_1_95' title='bbox 534 656 562 682; x_wconf 80' lang='grc' dir='ltr'><strong>ἐν</strong></span> <span class='ocrx_word' id='word_1_96' title='bbox 582 657 696 692; x_wconf 84' lang='grc' dir='ltr'>σπουδῇ.</span> 
     </span>
    </p>
   </div>
   <div class='ocr_carea' id='block_1_16' title="bbox 152 699 910 738">
    <p class='ocr_par' dir='ltr' id='par_1_16' title="bbox 152 699 910 738">
     <span class='ocr_line' id='line_1_16' title="bbox 152 699 910 738; baseline 0.005 -12"><span class='ocrx_word' id='word_1_97' title='bbox 152 700 178 726; x_wconf 85' lang='grc'>8.</span> <span class='ocrx_word' id='word_1_98' title='bbox 191 700 247 727; x_wconf 74' lang='grc' dir='ltr'>Καὶ</span> <span class='ocrx_word' id='word_1_99' title='bbox 261 699 316 734; x_wconf 82' lang='grc' dir='ltr'>ἐγὼ</span> <span class='ocrx_word' id='word_1_100' title='bbox 327 701 508 736; x_wconf 79' lang='grc' dir='ltr'>κατελείφθην</span> <span class='ocrx_word' id='word_1_101' title='bbox 525 701 614 736; x_wconf 73' lang='grc' dir='ltr'>μόνος,</span> <span class='ocrx_word' id='word_1_102' title='bbox 630 702 676 728; x_wconf 77' lang='grc' dir='ltr'>καὶ</span> <span class='ocrx_word' id='word_1_103' title='bbox 696 700 766 729; x_wconf 86' lang='grc' dir='ltr'>εἶδον</span> <span class='ocrx_word' id='word_1_104' title='bbox 778 702 826 738; x_wconf 88' lang='grc' dir='ltr'>τὴν</span> <span class='ocrx_word' id='word_1_105' title='bbox 845 703 910 738; x_wconf 81' lang='grc' dir='ltr'>ὅρα-</span> 
     </span>
    </p>
   </div>
   <div class='ocr_carea' id='block_1_17' title="bbox 117 745 911 782">
    <p class='ocr_par' dir='ltr' id='par_1_17' title="bbox 117 745 911 782">
     <span class='ocr_line' id='line_1_17' title="bbox 117 745 911 782; baseline 0.004 -11"><span class='ocrx_word' id='word_1_106' title='bbox 117 754 160 772; x_wconf 80' lang='grc' dir='ltr'><strong>σιν</strong></span> <span class='ocrx_word' id='word_1_107' title='bbox 172 745 224 780; x_wconf 78' lang='grc' dir='ltr'>τὴν</span> <span class='ocrx_word' id='word_1_108' title='bbox 243 745 370 780; x_wconf 82' lang='grc' dir='ltr'>μεγάλην.</span> <span class='ocrx_word' id='word_1_109' title='bbox 379 745 490 780; x_wconf 79' lang='grc' dir='ltr'>ταύτην,</span> <span class='ocrx_word' id='word_1_110' title='bbox 508 746 555 772; x_wconf 75' lang='grc' dir='ltr'><strong>καὶ</strong></span> <span class='ocrx_word' id='word_1_111' title='bbox 569 747 598 772; x_wconf 79' lang='grc' dir='ltr'>οὺ</span> <span class='ocrx_word' id='word_1_112' title='bbox 616 747 778 782; x_wconf 70' lang='grc' dir='ltr'><strong>κατελείφθη</strong></span> <span class='ocrx_word' id='word_1_113' title='bbox 800 748 836 774; x_wconf 81' lang='grc' dir='ltr'>ἐν.</span> <span class='ocrx_word' id='word_1_114' title='bbox 849 748 911 782; x_wconf 74' lang='grc' dir='ltr'>ἐμοὶ</span> 
     </span>
    </p>
   </div>
   <div class='ocr_carea' id='block_1_18' title="bbox 117 790 911 828">
    <p class='ocr_par' dir='ltr' id='par_1_18' title="bbox 117 790 911 828">
     <span class='ocr_line' id='line_1_18' title="bbox 117 790 911 828; baseline 0.004 -11"><span class='ocrx_word' id='word_1_115' title='bbox 117 790 205 825; x_wconf 83' lang='grc' dir='ltr'>ἰσχύς·</span> <span class='ocrx_word' id='word_1_116' title='bbox 229 791 277 817; x_wconf 73' lang='grc' dir='ltr'><strong>καὶ</strong></span> <span class='ocrx_word' id='word_1_117' title='bbox 295 791 349 819; x_wconf 76' lang='grc' dir='ltr'>ἰδοὺ</span> <span class='ocrx_word' id='word_1_118' title='bbox 368 791 477 826; x_wconf 87' lang='grc' dir='ltr'>πνεῦμα</span> <span class='ocrx_word' id='word_1_119' title='bbox 493 793 652 828; x_wconf 75' lang='grc' dir='ltr'><strong>ἐπεστράφη</strong></span> <span class='ocrx_word' id='word_1_120' title='bbox 668 794 711 820; x_wconf 80' lang='grc' dir='ltr'>ἐπ’</span> <span class='ocrx_word' id='word_1_121' title='bbox 728 794 778 828; x_wconf 79' lang='grc' dir='ltr'>ἐμὲ</span> <span class='ocrx_word' id='word_1_122' title='bbox 793 795 831 826; x_wconf 85' lang='grc' dir='ltr'>εἰς</span> <span class='ocrx_word' id='word_1_123' title='bbox 847 794 911 828; x_wconf 82' lang='grc' dir='ltr'>φθο-</span> 
     </span>
    </p>
   </div>
   <div class='ocr_carea' id='block_1_19' title="bbox 116 837 468 872">
    <p class='ocr_par' dir='ltr' id='par_1_19' title="bbox 116 837 468 872">
     <span class='ocr_line' id='line_1_19' title="bbox 116 837 468 872; baseline 0.003 -9"><span class='ocrx_word' id='word_1_124' title='bbox 116 837 179 872; x_wconf 78' lang='grc' dir='ltr'>ρὰν,</span> <span class='ocrx_word' id='word_1_125' title='bbox 194 838 241 865; x_wconf 75' lang='lat' dir='ltr'><strong>xat</strong></span> <span class='ocrx_word' id='word_1_126' title='bbox 257 837 287 863; x_wconf 78' lang='grc' dir='ltr'>οὺ</span> <span class='ocrx_word' id='word_1_127' title='bbox 307 837 468 871; x_wconf 80' lang='grc' dir='ltr'>κατίσχυσα.</span> 
     </span>
    </p>
   </div>
   <div class='ocr_carea' id='block_1_20' title="bbox 966 248 1623 287">
    <p class='ocr_par' dir='ltr' id='par_1_20' title="bbox 966 248 1623 287">
     <span class='ocr_line' id='line_1_20' title="bbox 966 248 1623 287; baseline 0.011 -13"><span class='ocrx_word' id='word_1_128' title='bbox 966 248 999 275; x_wconf 91' lang='lat' dir='ltr'><strong>de</strong></span> <span class='ocrx_word' id='word_1_129' title='bbox 1015 248 1104 276; x_wconf 91' lang='lat' dir='ltr'><strong>medio</strong></span> <span class='ocrx_word' id='word_1_130' title='bbox 1119 249 1179 285; x_wconf 84' lang='lat' dir='ltr'><strong>ejus</strong></span> <span class='ocrx_word' id='word_1_131' title='bbox 1191 250 1248 283; x_wconf 80' lang='lat' dir='ltr'><strong>lux,</strong></span> <span class='ocrx_word' id='word_1_132' title='bbox 1265 255 1291 278; x_wconf 92' lang='lat' dir='ltr'><strong>et</strong></span> <span class='ocrx_word' id='word_1_133' title='bbox 1310 257 1340 279; x_wconf 90' lang='lat' dir='ltr'><strong>os</strong></span> <span class='ocrx_word' id='word_1_134' title='bbox 1357 252 1417 287; x_wconf 89' lang='lat' dir='ltr'><strong>ejus</strong></span> <span class='ocrx_word' id='word_1_135' title='bbox 1436 253 1514 287; x_wconf 86' lang='lat' dir='ltr'><strong>quasi</strong></span> <span class='ocrx_word' id='word_1_136' title='bbox 1528 253 1623 282; x_wconf 85' lang='lat' dir='ltr'><strong>maris.</strong></span> 
     </span>
    </p>
   </div>
   <div class='ocr_carea' id='block_1_21' title="bbox 998 339 1749 379">
    <p class='ocr_par' dir='ltr' id='par_1_21' title="bbox 998 339 1749 379">
     <span class='ocr_line' id='line_1_21' title="bbox 998 339 1749 379; baseline 0.008 -13"><span class='ocrx_word' id='word_1_137' title='bbox 998 339 1025 367; x_wconf 85' lang='lat'><strong>6.</strong></span> <span class='ocrx_word' id='word_1_138' title='bbox 1047 340 1080 367; x_wconf 85' lang='lat' dir='ltr'><strong>Et</strong></span> <span class='ocrx_word' id='word_1_139' title='bbox 1098 340 1181 369; x_wconf 82' lang='lat' dir='ltr'><strong>facies</strong></span> <span class='ocrx_word' id='word_1_140' title='bbox 1196 341 1256 376; x_wconf 83' lang='lat' dir='ltr'><strong>ejus</strong></span> <span class='ocrx_word' id='word_1_141' title='bbox 1270 342 1349 377; x_wconf 82' lang='lat' dir='ltr'><strong>quasi</strong></span> <span class='ocrx_word' id='word_1_142' title='bbox 1365 343 1469 377; x_wconf 82' lang='lat' dir='ltr'><strong>species</strong></span> <span class='ocrx_word' id='word_1_143' title='bbox 1485 342 1613 379; x_wconf 75' lang='lat' dir='ltr'><strong>fulguris,</strong></span> <span class='ocrx_word' id='word_1_144' title='bbox 1632 349 1659 371; x_wconf 89' lang='lat' dir='ltr'><strong>et</strong></span> <span class='ocrx_word' id='word_1_145' title='bbox 1677 345 1749 372; x_wconf 89' lang='lat' dir='ltr'><strong>oculi</strong></span> 
     </span>
    </p>
   </div>
   <div class='ocr_carea' id='block_1_22' title="bbox 964 385 1749 425">
    <p class='ocr_par' dir='ltr' id='par_1_22' title="bbox 964 385 1749 425">
     <span class='ocr_line' id='line_1_22' title="bbox 964 385 1749 425; baseline 0.008 -13"><span class='ocrx_word' id='word_1_146' title='bbox 964 385 1023 420; x_wconf 83' lang='lat' dir='ltr'><strong>ejus</strong></span> <span class='ocrx_word' id='word_1_147' title='bbox 1043 387 1120 421; x_wconf 87' lang='lat' dir='ltr'><strong>quasi</strong></span> <span class='ocrx_word' id='word_1_148' title='bbox 1134 387 1270 422; x_wconf 81' lang='lat' dir='ltr'><strong>lampades</strong></span> <span class='ocrx_word' id='word_1_149' title='bbox 1286 388 1366 422; x_wconf 79' lang='lat' dir='ltr'><strong>ignis,</strong></span> <span class='ocrx_word' id='word_1_150' title='bbox 1380 392 1407 415; x_wconf 90' lang='lat' dir='ltr'><strong>et</strong></span> <span class='ocrx_word' id='word_1_151' title='bbox 1421 388 1531 416; x_wconf 85' lang='lat' dir='ltr'><strong>brachia</strong></span> <span class='ocrx_word' id='word_1_152' title='bbox 1547 389 1606 423; x_wconf 85' lang='lat' dir='ltr'><strong>ejus</strong></span> <span class='ocrx_word' id='word_1_153' title='bbox 1624 394 1651 416; x_wconf 89' lang='lat' dir='ltr'><strong>et</strong></span> <span class='ocrx_word' id='word_1_154' title='bbox 1668 390 1749 425; x_wconf 82' lang='lat' dir='ltr'><strong>pedes</strong></span> 
     </span>
    </p>
   </div>
   <div class='ocr_carea' id='block_1_23' title="bbox 964 432 1748 470">
    <p class='ocr_par' dir='ltr' id='par_1_23' title="bbox 964 432 1748 470">
     <span class='ocr_line' id='line_1_23' title="bbox 964 432 1748 470; baseline 0.008 -12"><span class='ocrx_word' id='word_1_155' title='bbox 964 432 1040 466; x_wconf 85' lang='lat' dir='ltr'><strong>quasi</strong></span> <span class='ocrx_word' id='word_1_156' title='bbox 1056 440 1092 459; x_wconf 71' lang='grc' dir='ltr'><strong>ωε</strong></span> <span class='ocrx_word' id='word_1_157' title='bbox 1107 432 1264 467; x_wconf 78' lang='lat' dir='ltr'><strong>refulgens:</strong></span> <span class='ocrx_word' id='word_1_158' title='bbox 1286 438 1314 461; x_wconf 90' lang='lat' dir='ltr'><strong>et</strong></span> <span class='ocrx_word' id='word_1_159' title='bbox 1329 441 1380 460; x_wconf 84' lang='lat' dir='ltr'><strong>vox</strong></span> <span class='ocrx_word' id='word_1_160' title='bbox 1400 434 1513 469; x_wconf 76' lang='lat' dir='ltr'><strong>loquelae</strong></span> <span class='ocrx_word' id='word_1_161' title='bbox 1527 434 1587 469; x_wconf 83' lang='lat' dir='ltr'><strong>ejus</strong></span> <span class='ocrx_word' id='word_1_162' title='bbox 1603 436 1682 470; x_wconf 85' lang='lat' dir='ltr'><strong>quasi</strong></span> <span class='ocrx_word' id='word_1_163' title='bbox 1695 443 1748 464; x_wconf 82' lang='lat' dir='ltr'><strong>vox</strong></span> 
     </span>
    </p>
   </div>
   <div class='ocr_carea' id='block_1_24' title="bbox 964 476 1059 503">
    <p class='ocr_par' dir='ltr' id='par_1_24' title="bbox 964 476 1059 503">
     <span class='ocr_line' id='line_1_24' title="bbox 964 476 1059 503; baseline -0.011 0"><span class='ocrx_word' id='word_1_164' title='bbox 964 476 1059 503; x_wconf 58' lang='lat' dir='ltr'><strong>turbae.</strong></span> 
     </span>
    </p>
   </div>
   <div class='ocr_carea' id='block_1_25' title="bbox 1000 520 1748 559">
    <p class='ocr_par' dir='ltr' id='par_1_25' title="bbox 1000 520 1748 559">
     <span class='ocr_line' id='line_1_25' title="bbox 1000 520 1748 559; baseline 0.005 -12"><span class='ocrx_word' id='word_1_165' title='bbox 1000 521 1025 548; x_wconf 88' lang='lat'><strong>7.</strong></span> <span class='ocrx_word' id='word_1_166' title='bbox 1047 520 1079 548; x_wconf 85' lang='lat' dir='ltr'><strong>Et</strong></span> <span class='ocrx_word' id='word_1_167' title='bbox 1091 521 1144 548; x_wconf 83' lang='lat' dir='ltr'><strong>vidi</strong></span> <span class='ocrx_word' id='word_1_168' title='bbox 1159 529 1208 556; x_wconf 71' lang='lat' dir='ltr'><strong>ego</strong></span> <span class='ocrx_word' id='word_1_169' title='bbox 1222 521 1316 548; x_wconf 81' lang='lat' dir='ltr'><strong>Daniel</strong></span> <span class='ocrx_word' id='word_1_170' title='bbox 1338 522 1475 550; x_wconf 73' lang='lat' dir='ltr'><strong>vigionem.</strong></span> <span class='ocrx_word' id='word_1_171' title='bbox 1488 523 1558 552; x_wconf 86' lang='lat' dir='ltr'><strong>hanc</strong></span> <span class='ocrx_word' id='word_1_172' title='bbox 1576 528 1748 559; x_wconf 80' lang='lat' dir='ltr'><strong>magnam,_et</strong></span> 
     </span>
    </p>
   </div>
   <div class='ocr_carea' id='block_1_26' title="bbox 964 567 1749 602">
    <p class='ocr_par' dir='ltr' id='par_1_26' title="bbox 964 567 1749 602">
     <span class='ocr_line' id='line_1_26' title="bbox 964 567 1749 602; baseline 0.004 -8"><span class='ocrx_word' id='word_1_173' title='bbox 964 567 1098 599; x_wconf 85' lang='lat' dir='ltr'><strong>homines,</strong></span> <span class='ocrx_word' id='word_1_174' title='bbox 1114 567 1160 601; x_wconf 82' lang='lat' dir='ltr'><strong>qui</strong></span> <span class='ocrx_word' id='word_1_175' title='bbox 1176 572 1253 594; x_wconf 87' lang='lat' dir='ltr'><strong>erant</strong></span> <span class='ocrx_word' id='word_1_176' title='bbox 1269 575 1374 595; x_wconf 86' lang='lat' dir='ltr'><strong>meeum</strong></span> <span class='ocrx_word' id='word_1_177' title='bbox 1390 576 1443 595; x_wconf 93' lang='lat' dir='ltr'><strong>non</strong></span> <span class='ocrx_word' id='word_1_178' title='bbox 1465 568 1589 596; x_wconf 83' lang='lat' dir='ltr'><strong>viderunt</strong></span> <span class='ocrx_word' id='word_1_179' title='bbox 1615 569 1749 602; x_wconf 82' lang='lat' dir='ltr'><strong>visionem</strong></span> 
     </span>
    </p>
   </div>
   <div class='ocr_carea' id='block_1_27' title="bbox 963 612 1748 648">
    <p class='ocr_par' dir='ltr' id='par_1_27' title="bbox 963 612 1748 648">
     <span class='ocr_line' id='line_1_27' title="bbox 963 612 1748 648; baseline 0.005 -10"><span class='ocrx_word' id='word_1_180' title='bbox 963 612 1033 638; x_wconf 92' lang='lat' dir='ltr'><strong>hanc</strong></span> <span class='ocrx_word' id='word_1_181' title='bbox 1049 621 1055 639; x_wconf 94' lang='lat'>:</span> <span class='ocrx_word' id='word_1_182' title='bbox 1073 616 1099 639; x_wconf 83' lang='lat' dir='ltr'><strong>et</strong></span> <span class='ocrx_word' id='word_1_183' title='bbox 1115 616 1202 639; x_wconf 85' lang='lat' dir='ltr'><strong>terror</strong></span> <span class='ocrx_word' id='word_1_184' title='bbox 1218 613 1364 640; x_wconf 73' lang='lat' dir='ltr'><strong>vehemens</strong></span> <span class='ocrx_word' id='word_1_185' title='bbox 1375 613 1454 640; x_wconf 89' lang='lat' dir='ltr'><strong>irruit</strong></span> <span class='ocrx_word' id='word_1_186' title='bbox 1468 621 1550 648; x_wconf 86' lang='lat' dir='ltr'><strong>super</strong></span> <span class='ocrx_word' id='word_1_187' title='bbox 1574 621 1632 648; x_wconf 93' lang='lat' dir='ltr'><strong>eos,</strong></span> <span class='ocrx_word' id='word_1_188' title='bbox 1661 619 1686 642; x_wconf 85' lang='lat' dir='ltr'><strong>et</strong></span> <span class='ocrx_word' id='word_1_189' title='bbox 1700 623 1748 642; x_wconf 87' lang='lat' dir='ltr'><strong>au-</strong></span> 
     </span>
    </p>
   </div>
   <div class='ocr_carea' id='block_1_28' title="bbox 962 657 1242 692">
    <p class='ocr_par' dir='ltr' id='par_1_28' title="bbox 962 657 1242 692">
     <span class='ocr_line' id='line_1_28' title="bbox 962 657 1242 692; baseline 0 -8"><span class='ocrx_word' id='word_1_190' title='bbox 962 657 1092 692; x_wconf 74' lang='lat' dir='ltr'><strong>fugerunt</strong></span> <span class='ocrx_word' id='word_1_191' title='bbox 1110 657 1242 684; x_wconf 83' lang='lat' dir='ltr'><strong>celeriter.</strong></span> 
     </span>
    </p>
   </div>
   <div class='ocr_carea' id='block_1_29' title="bbox 997 701 1746 737">
    <p class='ocr_par' dir='ltr' id='par_1_29' title="bbox 997 701 1746 737">
     <span class='ocr_line' id='line_1_29' title="bbox 997 701 1746 737; baseline -0.001 -6"><span class='ocrx_word' id='word_1_192' title='bbox 997 703 1024 731; x_wconf 93' lang='lat'><strong>8.</strong></span> <span class='ocrx_word' id='word_1_193' title='bbox 1047 701 1079 729; x_wconf 87' lang='lat' dir='ltr'><strong>Et</strong></span> <span class='ocrx_word' id='word_1_194' title='bbox 1094 710 1145 737; x_wconf 83' lang='lat' dir='ltr'><strong>ego</strong></span> <span class='ocrx_word' id='word_1_195' title='bbox 1160 702 1306 730; x_wconf 82' lang='lat' dir='ltr'><strong>derelictus</strong></span> <span class='ocrx_word' id='word_1_196' title='bbox 1321 710 1380 729; x_wconf 91' lang='lat' dir='ltr'><strong>sum</strong></span> <span class='ocrx_word' id='word_1_197' title='bbox 1398 702 1483 735; x_wconf 88' lang='lat' dir='ltr'><strong>solus,</strong></span> <span class='ocrx_word' id='word_1_198' title='bbox 1497 707 1525 730; x_wconf 91' lang='lat' dir='ltr'><strong>et</strong></span> <span class='ocrx_word' id='word_1_199' title='bbox 1543 703 1597 730; x_wconf 82' lang='lat' dir='ltr'><strong>vidi</strong></span> <span class='ocrx_word' id='word_1_200' title='bbox 1613 703 1746 731; x_wconf 83' lang='lat' dir='ltr'><strong>visionem</strong></span> 
     </span>
    </p>
   </div>
   <div class='ocr_carea' id='block_1_30' title="bbox 962 747 1747 782">
    <p class='ocr_par' dir='ltr' id='par_1_30' title="bbox 962 747 1747 782">
     <span class='ocr_line' id='line_1_30' title="bbox 962 747 1747 782; baseline 0.003 -8"><span class='ocrx_word' id='word_1_201' title='bbox 962 755 1088 782; x_wconf 78' lang='lat' dir='ltr'><strong>magnam</strong></span> <span class='ocrx_word' id='word_1_202' title='bbox 1106 748 1177 775; x_wconf 89' lang='lat' dir='ltr'><strong>hanc</strong></span> <span class='ocrx_word' id='word_1_203' title='bbox 1193 757 1198 774; x_wconf 96' lang='lat'>:</span> <span class='ocrx_word' id='word_1_204' title='bbox 1215 751 1242 775; x_wconf 88' lang='lat' dir='ltr'><strong>et</strong></span> <span class='ocrx_word' id='word_1_205' title='bbox 1257 755 1309 774; x_wconf 89' lang='lat' dir='ltr'><strong>non</strong></span> <span class='ocrx_word' id='word_1_206' title='bbox 1332 747 1425 779; x_wconf 85' lang='lat' dir='ltr'><strong>relicta</strong></span> <span class='ocrx_word' id='word_1_207' title='bbox 1438 749 1488 778; x_wconf 70' lang='lat' dir='ltr'><strong>est</strong></span> <span class='ocrx_word' id='word_1_208' title='bbox 1505 747 1532 774; x_wconf 88' lang='lat' dir='ltr'><strong>in</strong></span> <span class='ocrx_word' id='word_1_209' title='bbox 1548 755 1591 776; x_wconf 89' lang='lat' dir='ltr'><strong>me</strong></span> <span class='ocrx_word' id='word_1_210' title='bbox 1604 747 1747 781; x_wconf 82' lang='lat' dir='ltr'><strong>fortitudo,</strong></span> 
     </span>
    </p>
   </div>
   <div class='ocr_carea' id='block_1_31' title="bbox 962 793 1746 829">
    <p class='ocr_par' dir='ltr' id='par_1_31' title="bbox 962 793 1746 829">
     <span class='ocr_line' id='line_1_31' title="bbox 962 793 1746 829; baseline 0 -8"><span class='ocrx_word' id='word_1_211' title='bbox 962 799 988 821; x_wconf 91' lang='lat' dir='ltr'><strong>et</strong></span> <span class='ocrx_word' id='word_1_212' title='bbox 1002 802 1066 821; x_wconf 88' lang='lat' dir='ltr'><strong>ecce</strong></span> <span class='ocrx_word' id='word_1_213' title='bbox 1079 794 1190 829; x_wconf 82' lang='lat' dir='ltr'><strong>spiritus</strong></span> <span class='ocrx_word' id='word_1_214' title='bbox 1210 801 1359 822; x_wconf 80' lang='lat' dir='ltr'><strong>conversus</strong></span> <span class='ocrx_word' id='word_1_215' title='bbox 1374 798 1415 820; x_wconf 83' lang='lat' dir='ltr'><strong>est</strong></span> <span class='ocrx_word' id='word_1_216' title='bbox 1434 793 1460 820; x_wconf 92' lang='lat' dir='ltr'><strong>in</strong></span> <span class='ocrx_word' id='word_1_217' title='bbox 1481 801 1524 821; x_wconf 88' lang='lat' dir='ltr'><strong>me</strong></span> <span class='ocrx_word' id='word_1_218' title='bbox 1550 794 1583 821; x_wconf 89' lang='lat' dir='ltr'><strong>ad</strong></span> <span class='ocrx_word' id='word_1_219' title='bbox 1611 799 1746 828; x_wconf 88' lang='lat' dir='ltr'><strong>mortem;</strong></span> 
     </span>
    </p>
   </div>
   <div class='ocr_carea' id='block_1_32' title="bbox 962 839 1258 866">
    <p class='ocr_par' dir='ltr' id='par_1_32' title="bbox 962 839 1258 866">
     <span class='ocr_line' id='line_1_32' title="bbox 962 839 1258 866; baseline -0.003 0"><span class='ocrx_word' id='word_1_220' title='bbox 962 844 988 866; x_wconf 89' lang='lat' dir='ltr'><strong>et</strong></span> <span class='ocrx_word' id='word_1_221' title='bbox 1005 846 1058 866; x_wconf 94' lang='lat' dir='ltr'><strong>non</strong></span> <span class='ocrx_word' id='word_1_222' title='bbox 1077 839 1159 866; x_wconf 83' lang='lat' dir='ltr'><strong>habui</strong></span> <span class='ocrx_word' id='word_1_223' title='bbox 1176 839 1258 866; x_wconf 86' lang='lat' dir='ltr'><strong>vires.</strong></span> 
     </span>
    </p>
   </div>
   <div class='ocr_carea' id='block_1_33' title="bbox 151 870 910 920">
    <p class='ocr_par' dir='ltr' id='par_1_33' title="bbox 151 880 909 919">
     <span class='ocr_line' id='line_1_33' title="bbox 151 880 909 919; baseline 0.007 -13"><span class='ocrx_word' id='word_1_224' title='bbox 151 881 181 906; x_wconf 90' lang='lat'><strong>9.</strong></span> <span class='ocrx_word' id='word_1_225' title='bbox 197 881 250 907; x_wconf 79' lang='grc' dir='ltr'><strong>Καὶ</strong></span> <span class='ocrx_word' id='word_1_226' title='bbox 266 880 315 906; x_wconf 78' lang='grc' dir='ltr'>οὐκ</span> <span class='ocrx_word' id='word_1_227' title='bbox 329 881 434 915; x_wconf 79' lang='grc' dir='ltr'>ἥκουσα</span> <span class='ocrx_word' id='word_1_228' title='bbox 447 881 496 916; x_wconf 81' lang='grc' dir='ltr'><strong>τὴν</strong></span> <span class='ocrx_word' id='word_1_229' title='bbox 513 882 604 918; x_wconf 73' lang='grc' dir='ltr'>φωνὴν</span> <span class='ocrx_word' id='word_1_230' title='bbox 624 883 718 914; x_wconf 81' lang='grc' dir='ltr'>λαλιᾶς</span> <span class='ocrx_word' id='word_1_231' title='bbox 737 883 836 910; x_wconf 75' lang='grc' dir='ltr'>αὐτοῦ’</span> <span class='ocrx_word' id='word_1_232' title='bbox 854 884 909 919; x_wconf 83' lang='grc' dir='ltr'>ἐγὼ</span> 
     </span>
    </p>
   </div>
   <div class='ocr_carea' id='block_1_34' title="bbox 975 870 1746 920">
    <p class='ocr_par' dir='ltr' id='par_1_34' title="bbox 995 884 1746 920">
     <span class='ocr_line' id='line_1_34' title="bbox 995 884 1746 920; baseline 0 -8"><span class='ocrx_word' id='word_1_233' title='bbox 995 885 1021 912; x_wconf 92' lang='grc'><strong>9.</strong></span> <span class='ocrx_word' id='word_1_234' title='bbox 1043 885 1077 912; x_wconf 82' lang='lat' dir='ltr'><strong>Et</strong></span> <span class='ocrx_word' id='word_1_235' title='bbox 1096 892 1150 912; x_wconf 88' lang='lat' dir='ltr'><strong>non</strong></span> <span class='ocrx_word' id='word_1_236' title='bbox 1165 884 1256 912; x_wconf 79' lang='lat' dir='ltr'><strong>audivi</strong></span> <span class='ocrx_word' id='word_1_237' title='bbox 1272 891 1365 911; x_wconf 86' lang='lat' dir='ltr'><strong>vocem</strong></span> <span class='ocrx_word' id='word_1_238' title='bbox 1379 885 1494 920; x_wconf 71' lang='lat' dir='ltr'><strong>loquelae</strong></span> <span class='ocrx_word' id='word_1_239' title='bbox 1505 884 1565 920; x_wconf 90' lang='lat' dir='ltr'><strong>ejus</strong></span> <span class='ocrx_word' id='word_1_240' title='bbox 1579 894 1585 912; x_wconf 93' lang='lat'>:</span> <span class='ocrx_word' id='word_1_241' title='bbox 1604 892 1654 920; x_wconf 76' lang='lat' dir='ltr'><strong>ego</strong></span> <span class='ocrx_word' id='word_1_242' title='bbox 1671 891 1746 912; x_wconf 86' lang='lat' dir='ltr'><strong>eram</strong></span> 
     </span>
    </p>
   </div>
   <div class='ocr_carea' id='block_1_35' title="bbox 115 925 848 965">
    <p class='ocr_par' dir='ltr' id='par_1_35' title="bbox 115 925 848 965">
     <span class='ocr_line' id='line_1_35' title="bbox 115 925 848 965; baseline 0.007 -14"><span class='ocrx_word' id='word_1_243' title='bbox 115 925 192 960; x_wconf 73' lang='grc' dir='ltr'>ἥμην</span> <span class='ocrx_word' id='word_1_244' title='bbox 204 925 356 958; x_wconf 82' lang='grc' dir='ltr'><strong>πεπτωκὼς</strong></span> <span class='ocrx_word' id='word_1_245' title='bbox 370 927 416 952; x_wconf 65' lang='grc' dir='ltr'><strong>ἐπὶ</strong></span> <span class='ocrx_word' id='word_1_246' title='bbox 433 928 577 962; x_wconf 71' lang='grc' dir='ltr'>πρόσωπόν</span> <span class='ocrx_word' id='word_1_247' title='bbox 596 936 646 962; x_wconf 90' lang='grc' dir='ltr'><strong>μου</strong></span> <span class='ocrx_word' id='word_1_248' title='bbox 664 929 710 955; x_wconf 78' lang='grc' dir='ltr'>ἐπὶ</span> <span class='ocrx_word' id='word_1_249' title='bbox 723 929 772 964; x_wconf 86' lang='grc' dir='ltr'>τὴν</span> <span class='ocrx_word' id='word_1_250' title='bbox 786 929 848 965; x_wconf 85' lang='grc' dir='ltr'>γῆν.</span> 
     </span>
    </p>
   </div>
   <div class='ocr_carea' id='block_1_36' title="bbox 151 970 908 1011">
    <p class='ocr_par' dir='ltr' id='par_1_36' title="bbox 151 970 908 1011">
     <span class='ocr_line' id='line_1_36' title="bbox 151 970 908 1011; baseline 0.007 -14"><span class='ocrx_word' id='word_1_251' title='bbox 151 970 196 998; x_wconf 82' lang='grc'>10.</span> <span class='ocrx_word' id='word_1_252' title='bbox 208 971 263 998; x_wconf 72' lang='grc' dir='ltr'><strong>Καὶ</strong></span> <span class='ocrx_word' id='word_1_253' title='bbox 278 971 332 998; x_wconf 73' lang='grc' dir='ltr'>ἰδοὺ</span> <span class='ocrx_word' id='word_1_254' title='bbox 347 972 426 1007; x_wconf 84' lang='grc' dir='ltr'>χεῖρα</span> <span class='ocrx_word' id='word_1_255' title='bbox 441 973 600 1008; x_wconf 82' lang='grc' dir='ltr'>προσήγαγέ</span> <span class='ocrx_word' id='word_1_256' title='bbox 617 982 672 1008; x_wconf 81' lang='grc' dir='ltr'>μοι,</span> <span class='ocrx_word' id='word_1_257' title='bbox 697 975 744 1001; x_wconf 76' lang='grc' dir='ltr'>καὶ</span> <span class='ocrx_word' id='word_1_258' title='bbox 764 975 858 1010; x_wconf 82' lang='grc' dir='ltr'>ἦγειρέ</span> <span class='ocrx_word' id='word_1_259' title='bbox 874 985 908 1011; x_wconf 86' lang='grc' dir='ltr'><strong>με</strong></span> 
     </span>
    </p>
   </div>
   <div class='ocr_carea' id='block_1_37' title="bbox 115 1017 801 1054">
    <p class='ocr_par' dir='ltr' id='par_1_37' title="bbox 115 1017 801 1054">
     <span class='ocr_line' id='line_1_37' title="bbox 115 1017 801 1054; baseline 0.007 -12"><span class='ocrx_word' id='word_1_260' title='bbox 115 1017 164 1045; x_wconf 72' lang='grc' dir='ltr'>ἐπὶ</span> <span class='ocrx_word' id='word_1_261' title='bbox 179 1017 234 1044; x_wconf 82' lang='grc' dir='ltr'>τῶν</span> <span class='ocrx_word' id='word_1_262' title='bbox 247 1018 368 1051; x_wconf 81' lang='grc' dir='ltr'><strong>γονάτων</strong></span> <span class='ocrx_word' id='word_1_263' title='bbox 380 1018 426 1044; x_wconf 77' lang='grc' dir='ltr'><strong>ἐπὶ</strong></span> <span class='ocrx_word' id='word_1_264' title='bbox 435 1018 470 1045; x_wconf 86' lang='grc' dir='ltr'><strong>τὰ</strong></span> <span class='ocrx_word' id='word_1_265' title='bbox 487 1019 546 1054; x_wconf 80' lang='grc' dir='ltr'>ἴχνη</span> <span class='ocrx_word' id='word_1_266' title='bbox 567 1019 621 1046; x_wconf 85' lang='grc' dir='ltr'>τῶν</span> <span class='ocrx_word' id='word_1_267' title='bbox 637 1020 724 1049; x_wconf 76' lang='grc' dir='ltr'>ποδῶν</span> <span class='ocrx_word' id='word_1_268' title='bbox 740 1029 801 1054; x_wconf 84' lang='grc' dir='ltr'>μου.</span> 
     </span>
    </p>
   </div>
   <div class='ocr_carea' id='block_1_38' title="bbox 153 1059 908 1101">
    <p class='ocr_par' dir='ltr' id='par_1_38' title="bbox 153 1059 908 1101">
     <span class='ocr_line' id='line_1_38' title="bbox 153 1059 908 1101; baseline 0.008 -14"><span class='ocrx_word' id='word_1_269' title='bbox 153 1061 198 1088; x_wconf 81' lang='grc'><strong>11.</strong></span> <span class='ocrx_word' id='word_1_270' title='bbox 215 1062 270 1088; x_wconf 84' lang='lat' dir='ltr'><strong>Ka‘t</strong></span> <span class='ocrx_word' id='word_1_271' title='bbox 284 1059 363 1089; x_wconf 80' lang='grc' dir='ltr'>εἶπέν</span> <span class='ocrx_word' id='word_1_272' title='bbox 379 1072 441 1098; x_wconf 86' lang='grc' dir='ltr'>μοι·</span> <span class='ocrx_word' id='word_1_273' title='bbox 459 1063 570 1099; x_wconf 83' lang='grc' dir='ltr'>Δανιὴλ,</span> <span class='ocrx_word' id='word_1_274' title='bbox 589 1064 733 1100; x_wconf 82' lang='grc' dir='ltr'>ἄνθρωπος</span> <span class='ocrx_word' id='word_1_275' title='bbox 746 1066 856 1101; x_wconf 83' lang='grc' dir='ltr'>ἐλεηνὸς</span> <span class='ocrx_word' id='word_1_276' title='bbox 873 1064 908 1099; x_wconf 80' lang='grc' dir='ltr'><strong>εἶ,</strong></span> 
     </span>
    </p>
   </div>
   <div class='ocr_carea' id='block_1_39' title="bbox 115 1106 907 1144">
    <p class='ocr_par' dir='ltr' id='par_1_39' title="bbox 115 1106 907 1144">
     <span class='ocr_line' id='line_1_39' title="bbox 115 1106 907 1144; baseline 0.006 -11"><span class='ocrx_word' id='word_1_277' title='bbox 115 1106 273 1143; x_wconf 70' lang='grc' dir='ltr'>διανοήθητι</span> <span class='ocrx_word' id='word_1_278' title='bbox 290 1109 347 1139; x_wconf 85' lang='grc' dir='ltr'>τοῖς</span> <span class='ocrx_word' id='word_1_279' title='bbox 362 1109 571 1144; x_wconf 81' lang='grc' dir='ltr'>προστάγμασιν</span> <span class='ocrx_word' id='word_1_280' title='bbox 588 1106 629 1141; x_wconf 79' lang='grc' dir='ltr'>οἷς</span> <span class='ocrx_word' id='word_1_281' title='bbox 647 1109 702 1143; x_wconf 78' lang='grc' dir='ltr'>ἐγὼ</span> <span class='ocrx_word' id='word_1_282' title='bbox 717 1110 791 1137; x_wconf 87' lang='grc' dir='ltr'>λαλῶ</span> <span class='ocrx_word' id='word_1_283' title='bbox 809 1111 855 1137; x_wconf 77' lang='grc' dir='ltr'><strong>ἐπὶ</strong></span> <span class='ocrx_word' id='word_1_284' title='bbox 868 1112 907 1144; x_wconf 84' lang='grc' dir='ltr'><strong>σὲ,</strong></span> 
     </span>
    </p>
   </div>
   <div class='ocr_carea' id='block_1_40' title="bbox 116 1153 909 1192">
    <p class='ocr_par' dir='ltr' id='par_1_40' title="bbox 116 1153 909 1192">
     <span class='ocr_line' id='line_1_40' title="bbox 116 1153 909 1192; baseline 0.005 -12"><span class='ocrx_word' id='word_1_285' title='bbox 116 1153 164 1180; x_wconf 75' lang='grc' dir='ltr'><strong>καὶ</strong></span> <span class='ocrx_word' id='word_1_286' title='bbox 191 1153 270 1188; x_wconf 79' lang='grc' dir='ltr'>στῆθι</span> <span class='ocrx_word' id='word_1_287' title='bbox 286 1154 332 1179; x_wconf 74' lang='grc' dir='ltr'>ἐπὶ</span> <span class='ocrx_word' id='word_1_288' title='bbox 346 1154 392 1180; x_wconf 88' lang='grc' dir='ltr'><strong>τοῦ</strong></span> <span class='ocrx_word' id='word_1_289' title='bbox 411 1154 494 1181; x_wconf 76' lang='grc' dir='ltr'>τόπου</span> <span class='ocrx_word' id='word_1_290' title='bbox 515 1164 573 1182; x_wconf 89' lang='grc' dir='ltr'>σου·</span> <span class='ocrx_word' id='word_1_291' title='bbox 599 1156 661 1190; x_wconf 81' lang='grc' dir='ltr'>ἄρτι</span> <span class='ocrx_word' id='word_1_292' title='bbox 676 1155 730 1192; x_wconf 86' lang='grc' dir='ltr'>γὰρ</span> <span class='ocrx_word' id='word_1_293' title='bbox 754 1157 909 1192; x_wconf 82' lang='grc' dir='ltr'>ἀπεστάλην</span> 
     </span>
    </p>
   </div>
   <div class='ocr_carea' id='block_1_41' title="bbox 116 1199 909 1238">
    <p class='ocr_par' dir='ltr' id='par_1_41' title="bbox 116 1199 909 1238">
     <span class='ocr_line' id='line_1_41' title="bbox 116 1199 909 1238; baseline 0.005 -14"><span class='ocrx_word' id='word_1_294' title='bbox 116 1199 165 1225; x_wconf 77' lang='grc' dir='ltr'><strong>ἐπί</strong></span> <span class='ocrx_word' id='word_1_295' title='bbox 178 1207 222 1225; x_wconf 82' lang='grc' dir='ltr'>σε·</span> <span class='ocrx_word' id='word_1_296' title='bbox 235 1200 281 1226; x_wconf 78' lang='grc' dir='ltr'><strong>καὶ</strong></span> <span class='ocrx_word' id='word_1_297' title='bbox 295 1200 324 1226; x_wconf 81' lang='grc' dir='ltr'>ὲν</span> <span class='ocrx_word' id='word_1_298' title='bbox 340 1199 380 1234; x_wconf 84' lang='grc' dir='ltr'>τῷ</span> <span class='ocrx_word' id='word_1_299' title='bbox 395 1199 510 1235; x_wconf 75' lang='grc' dir='ltr'>λαλῆσαι</span> <span class='ocrx_word' id='word_1_300' title='bbox 529 1201 611 1228; x_wconf 80' lang='grc' dir='ltr'>αὐτὸν</span> <span class='ocrx_word' id='word_1_301' title='bbox 627 1201 686 1236; x_wconf 81' lang='grc' dir='ltr'>μετ’</span> <span class='ocrx_word' id='word_1_302' title='bbox 699 1201 767 1237; x_wconf 80' lang='grc' dir='ltr'>ἐμοῦ</span> <span class='ocrx_word' id='word_1_303' title='bbox 783 1202 812 1228; x_wconf 82' lang='grc' dir='ltr'>τὸ</span> <span class='ocrx_word' id='word_1_304' title='bbox 823 1203 909 1238; x_wconf 86' lang='grc' dir='ltr'>πρόσ-</span> 
     </span>
    </p>
   </div>
   <div class='ocr_carea' id='block_1_42' title="bbox 114 1245 550 1282">
    <p class='ocr_par' dir='ltr' id='par_1_42' title="bbox 114 1245 550 1282">
     <span class='ocr_line' id='line_1_42' title="bbox 114 1245 550 1282; baseline 0.007 -11"><span class='ocrx_word' id='word_1_305' title='bbox 114 1253 210 1280; x_wconf 80' lang='grc' dir='ltr'>ταγμα</span> <span class='ocrx_word' id='word_1_306' title='bbox 228 1245 316 1278; x_wconf 82' lang='grc' dir='ltr'>τοῦτο,</span> <span class='ocrx_word' id='word_1_307' title='bbox 331 1245 412 1281; x_wconf 84' lang='grc' dir='ltr'>ἔστην</span> <span class='ocrx_word' id='word_1_308' title='bbox 430 1246 550 1282; x_wconf 84' lang='grc' dir='ltr'>τρέμων.</span> 
     </span>
    </p>
   </div>
   <div class='ocr_carea' id='block_1_43' title="bbox 153 1289 910 1327">
    <p class='ocr_par' dir='ltr' id='par_1_43' title="bbox 153 1289 910 1327">
     <span class='ocr_line' id='line_1_43' title="bbox 153 1289 910 1327; baseline 0.005 -11"><span class='ocrx_word' id='word_1_309' title='bbox 153 1290 198 1316; x_wconf 76' lang='grc'>12.</span> <span class='ocrx_word' id='word_1_310' title='bbox 215 1290 273 1316; x_wconf 68' lang='grc' dir='ltr'><strong>Καὶ</strong></span> <span class='ocrx_word' id='word_1_311' title='bbox 281 1289 355 1317; x_wconf 74' lang='grc' dir='ltr'>εἶπεν</span> <span class='ocrx_word' id='word_1_312' title='bbox 371 1291 440 1326; x_wconf 79' lang='grc' dir='ltr'>πρὸς</span> <span class='ocrx_word' id='word_1_313' title='bbox 456 1291 505 1327; x_wconf 85' lang='grc' dir='ltr'>μέ·</span> <span class='ocrx_word' id='word_1_314' title='bbox 520 1291 565 1327; x_wconf 88' lang='grc' dir='ltr'><strong>Μὴ</strong></span> <span class='ocrx_word' id='word_1_315' title='bbox 578 1291 672 1326; x_wconf 72' lang='grc' dir='ltr'>φοϐοῦ,</span> <span class='ocrx_word' id='word_1_316' title='bbox 686 1292 796 1327; x_wconf 82' lang='grc' dir='ltr'>Δανιὴλ,</span> <span class='ocrx_word' id='word_1_317' title='bbox 807 1294 910 1320; x_wconf 62' lang='lat' dir='ltr'><strong>auena</strong></span> 
     </span>
    </p>
   </div>
   <div class='ocr_carea' id='block_1_44' title="bbox 113 1333 908 1372">
    <p class='ocr_par' dir='ltr' id='par_1_44' title="bbox 113 1333 908 1372">
     <span class='ocr_line' id='line_1_44' title="bbox 113 1333 908 1372; baseline 0.005 -11"><span class='ocrx_word' id='word_1_318' title='bbox 113 1335 165 1370; x_wconf 79' lang='grc' dir='ltr'>τῆς</span> <span class='ocrx_word' id='word_1_319' title='bbox 177 1335 285 1370; x_wconf 79' lang='grc' dir='ltr'>ἡμέρας</span> <span class='ocrx_word' id='word_1_320' title='bbox 297 1335 346 1370; x_wconf 87' lang='grc' dir='ltr'>τῆς</span> <span class='ocrx_word' id='word_1_321' title='bbox 364 1336 487 1372; x_wconf 87' lang='grc' dir='ltr'>πρώτης,</span> <span class='ocrx_word' id='word_1_322' title='bbox 501 1333 534 1372; x_wconf 81' lang='grc' dir='ltr'>ἦς</span> <span class='ocrx_word' id='word_1_323' title='bbox 549 1336 653 1368; x_wconf 80' lang='grc' dir='ltr'>ἔδωκας</span> <span class='ocrx_word' id='word_1_324' title='bbox 662 1337 692 1364; x_wconf 73' lang='grc' dir='ltr'>τὸ</span> <span class='ocrx_word' id='word_1_325' title='bbox 703 1338 850 1372; x_wconf 79' lang='grc' dir='ltr'>πρόσωπόν</span> <span class='ocrx_word' id='word_1_326' title='bbox 862 1347 908 1365; x_wconf 87' lang='grc' dir='ltr'><strong>σου</strong></span> 
     </span>
    </p>
   </div>
   <div class='ocr_carea' id='block_1_45' title="bbox 114 1380 909 1418">
    <p class='ocr_par' dir='ltr' id='par_1_45' title="bbox 114 1380 909 1418">
     <span class='ocr_line' id='line_1_45' title="bbox 114 1380 909 1418; baseline 0.005 -12"><span class='ocrx_word' id='word_1_327' title='bbox 114 1380 301 1415; x_wconf 78' lang='grc' dir='ltr'>διανοηθῆναι,</span> <span class='ocrx_word' id='word_1_328' title='bbox 316 1381 363 1408; x_wconf 79' lang='grc' dir='ltr'><strong>καὶ</strong></span> <span class='ocrx_word' id='word_1_329' title='bbox 380 1381 583 1416; x_wconf 77' lang='grc' dir='ltr'>ταπεινωθῆναι</span> <span class='ocrx_word' id='word_1_330' title='bbox 599 1382 718 1408; x_wconf 89' lang='grc' dir='ltr'>ἐναντίον</span> <span class='ocrx_word' id='word_1_331' title='bbox 743 1383 844 1418; x_wconf 77' lang='grc' dir='ltr'>Κυρίου</span> <span class='ocrx_word' id='word_1_332' title='bbox 861 1383 909 1410; x_wconf 83' lang='grc' dir='ltr'><strong>τοῦ</strong></span> 
     </span>
    </p>
   </div>
   <div class='ocr_carea' id='block_1_46' title="bbox 114 1426 911 1465">
    <p class='ocr_par' dir='ltr' id='par_1_46' title="bbox 114 1426 911 1465">
     <span class='ocr_line' id='line_1_46' title="bbox 114 1426 911 1465; baseline 0.004 -12"><span class='ocrx_word' id='word_1_333' title='bbox 114 1426 184 1453; x_wconf 78' lang='grc' dir='ltr'>Θεοῦ</span> <span class='ocrx_word' id='word_1_334' title='bbox 202 1435 260 1459; x_wconf 81' lang='grc' dir='ltr'>σου,</span> <span class='ocrx_word' id='word_1_335' title='bbox 274 1427 440 1463; x_wconf 77' lang='grc' dir='ltr'>εἰσηκούσθη</span> <span class='ocrx_word' id='word_1_336' title='bbox 464 1428 494 1453; x_wconf 85' lang='grc' dir='ltr'>τὸ</span> <span class='ocrx_word' id='word_1_337' title='bbox 512 1427 588 1462; x_wconf 77' lang='grc' dir='ltr'>ῥῆμά</span> <span class='ocrx_word' id='word_1_338' title='bbox 602 1437 664 1460; x_wconf 83' lang='grc' dir='ltr'>σου,</span> <span class='ocrx_word' id='word_1_339' title='bbox 687 1429 733 1455; x_wconf 75' lang='grc' dir='ltr'>καὶ</span> <span class='ocrx_word' id='word_1_340' title='bbox 751 1428 806 1463; x_wconf 80' lang='grc' dir='ltr'><strong>ἐγὼ</strong></span> <span class='ocrx_word' id='word_1_341' title='bbox 819 1429 911 1465; x_wconf 60' lang='grc' dir='ltr'>εἰσῆλτ</span> 
     </span>
    </p>
   </div>
   <div class='ocr_carea' id='block_1_47' title="bbox 115 1472 407 1508">
    <p class='ocr_par' dir='ltr' id='par_1_47' title="bbox 115 1472 407 1508">
     <span class='ocr_line' id='line_1_47' title="bbox 115 1472 407 1508; baseline 0 -9"><span class='ocrx_word' id='word_1_342' title='bbox 115 1473 162 1499; x_wconf 87' lang='grc' dir='ltr'>οον</span> <span class='ocrx_word' id='word_1_343' title='bbox 177 1472 216 1508; x_wconf 80' lang='grc' dir='ltr'>τῷ</span> <span class='ocrx_word' id='word_1_344' title='bbox 229 1473 332 1508; x_wconf 77' lang='grc' dir='ltr'>ῥήματί</span> <span class='ocrx_word' id='word_1_345' title='bbox 349 1481 407 1500; x_wconf 80' lang='grc' dir='ltr'>σου.</span> 
     </span>
    </p>
   </div>
   <div class='ocr_carea' id='block_1_48' title="bbox 150 1518 943 1570">
    <p class='ocr_par' dir='ltr' id='par_1_48' title="bbox 150 1518 943 1570">
     <span class='ocr_line' id='line_1_48' title="bbox 150 1518 943 1570; baseline 0.001 -24"><span class='ocrx_word' id='word_1_346' title='bbox 150 1519 196 1546; x_wconf 83' lang='grc'>15.</span> <span class='ocrx_word' id='word_1_347' title='bbox 216 1519 294 1546; x_wconf 81' lang='grc' dir='ltr'><strong>Καὶό</strong></span> <span class='ocrx_word' id='word_1_348' title='bbox 309 1518 460 1570; x_wconf 67' lang='grc' dir='ltr'>στρατηγὸς</span> <span class='ocrx_word' id='word_1_349' title='bbox 487 1518 618 1553; x_wconf 83' lang='grc' dir='ltr'>βασιλέως</span> <span class='ocrx_word' id='word_1_350' title='bbox 640 1519 754 1555; x_wconf 85' lang='grc' dir='ltr'>Περσῶν</span> <span class='ocrx_word' id='word_1_351' title='bbox 769 1520 909 1557; x_wconf 78' lang='grc' dir='ltr'>ἀνθειστή-</span> <span class='ocrx_word' id='word_1_352' title='bbox 923 1542 943 1570; x_wconf 77' lang='lat' dir='ltr'>c</span> 
     </span>
    </p>
   </div>
   <div class='ocr_carea' id='block_1_49' title="bbox 113 1563 908 1601">
    <p class='ocr_par' dir='ltr' id='par_1_49' title="bbox 113 1563 908 1601">
     <span class='ocr_line' id='line_1_49' title="bbox 113 1563 908 1601; baseline 0.003 -10"><span class='ocrx_word' id='word_1_353' title='bbox 113 1573 158 1591; x_wconf 85' lang='grc' dir='ltr'><strong>κει</strong></span> <span class='ocrx_word' id='word_1_354' title='bbox 174 1564 296 1591; x_wconf 77' lang='grc' dir='ltr'>ἐναντίον</span> <span class='ocrx_word' id='word_1_355' title='bbox 314 1573 364 1598; x_wconf 71' lang='grc' dir='ltr'><strong>μου</strong></span> <span class='ocrx_word' id='word_1_356' title='bbox 380 1563 466 1590; x_wconf 74' lang='grc' dir='ltr'>εἴκοσι</span> <span class='ocrx_word' id='word_1_357' title='bbox 482 1564 528 1590; x_wconf 76' lang='grc' dir='ltr'>καὶ</span> <span class='ocrx_word' id='word_1_358' title='bbox 553 1564 618 1599; x_wconf 84' lang='grc' dir='ltr'>μίαν</span> <span class='ocrx_word' id='word_1_359' title='bbox 636 1565 758 1601; x_wconf 61' lang='grc' dir='ltr'><strong>ἡμέραν⁷</strong></span> <span class='ocrx_word' id='word_1_360' title='bbox 783 1566 830 1594; x_wconf 78' lang='grc' dir='ltr'><strong>καὶ</strong></span> <span class='ocrx_word' id='word_1_361' title='bbox 855 1566 908 1594; x_wconf 80' lang='grc' dir='ltr'>ἰδοὺ</span> 
     </span>
    </p>
   </div>
   <div class='ocr_carea' id='block_1_50' title="bbox 113 1601 910 1648">
    <p class='ocr_par' dir='ltr' id='par_1_50' title="bbox 113 1601 910 1648">
     <span class='ocr_line' id='line_1_50' title="bbox 113 1601 910 1648; baseline 0 -10"><span class='ocrx_word' id='word_1_362' title='bbox 113 1609 226 1647; x_wconf 64' lang='grc' dir='ltr'>Μιχαὴλ</span> <span class='ocrx_word' id='word_1_363' title='bbox 237 1607 276 1641; x_wconf 77' lang='grc' dir='ltr'>εἷς</span> <span class='ocrx_word' id='word_1_364' title='bbox 291 1609 344 1636; x_wconf 80' lang='grc' dir='ltr'>τῶν</span> <span class='ocrx_word' id='word_1_365' title='bbox 364 1609 502 1644; x_wconf 74' lang='grc' dir='ltr'>ἀρχόντων</span> <span class='ocrx_word' id='word_1_366' title='bbox 522 1609 576 1636; x_wconf 85' lang='grc' dir='ltr'>τῶν</span> <span class='ocrx_word' id='word_1_367' title='bbox 594 1601 710 1646; x_wconf 81' lang='grc' dir='ltr'>πρώτων</span> <span class='ocrx_word' id='word_1_368' title='bbox 727 1610 828 1646; x_wconf 79' lang='grc' dir='ltr'>ἐπῆλθε</span> <span class='ocrx_word' id='word_1_369' title='bbox 845 1611 910 1648; x_wconf 83' lang='grc' dir='ltr'>βοη-</span> 
     </span>
    </p>
   </div>
   <div class='ocr_carea' id='block_1_51' title="bbox 113 1655 911 1694">
    <p class='ocr_par' dir='ltr' id='par_1_51' title="bbox 113 1655 911 1694">
     <span class='ocr_line' id='line_1_51' title="bbox 113 1655 911 1694; baseline 0.001 -11"><span class='ocrx_word' id='word_1_370' title='bbox 113 1657 197 1692; x_wconf 76' lang='grc' dir='ltr'>θῆσαί</span> <span class='ocrx_word' id='word_1_371' title='bbox 214 1665 269 1691; x_wconf 79' lang='grc' dir='ltr'>μοι,</span> <span class='ocrx_word' id='word_1_372' title='bbox 286 1656 332 1683; x_wconf 77' lang='grc' dir='ltr'><strong>καὶ</strong></span> <span class='ocrx_word' id='word_1_373' title='bbox 348 1656 428 1682; x_wconf 79' lang='grc' dir='ltr'>αὑτὸν</span> <span class='ocrx_word' id='word_1_374' title='bbox 444 1657 504 1682; x_wconf 84' lang='grc' dir='ltr'>ἐκεῖ</span> <span class='ocrx_word' id='word_1_375' title='bbox 515 1656 659 1683; x_wconf 83' lang='grc' dir='ltr'>κατέλιπον</span> <span class='ocrx_word' id='word_1_376' title='bbox 679 1656 749 1692; x_wconf 80' lang='grc' dir='ltr'>μετὰ</span> <span class='ocrx_word' id='word_1_377' title='bbox 763 1655 810 1683; x_wconf 82' lang='grc' dir='ltr'><strong>τοῦ</strong></span> <span class='ocrx_word' id='word_1_378' title='bbox 828 1666 911 1694; x_wconf 82' lang='grc' dir='ltr'>στρα-</span> 
     </span>
    </p>
   </div>
   <div class='ocr_carea' id='block_1_52' title="bbox 111 1701 544 1738">
    <p class='ocr_par' dir='ltr' id='par_1_52' title="bbox 111 1701 544 1738">
     <span class='ocr_line' id='line_1_52' title="bbox 111 1701 544 1738; baseline 0 -10"><span class='ocrx_word' id='word_1_379' title='bbox 111 1701 199 1738; x_wconf 76' lang='grc' dir='ltr'>τηγοῦ</span> <span class='ocrx_word' id='word_1_380' title='bbox 213 1702 266 1733; x_wconf 60' lang='grc' dir='ltr'><strong>τοῦΔ</strong></span> <span class='ocrx_word' id='word_1_381' title='bbox 278 1701 410 1737; x_wconf 80' lang='grc' dir='ltr'>βασιλέως</span> <span class='ocrx_word' id='word_1_382' title='bbox 421 1702 544 1737; x_wconf 84' lang='grc' dir='ltr'>Περσῶν.</span> 
     </span>
    </p>
   </div>
   <div class='ocr_carea' id='block_1_53' title="bbox 150 1745 910 1783">
    <p class='ocr_par' dir='ltr' id='par_1_53' title="bbox 150 1745 910 1783">
     <span class='ocr_line' id='line_1_53' title="bbox 150 1745 910 1783; baseline 0.001 -9"><span class='ocrx_word' id='word_1_383' title='bbox 150 1748 196 1774; x_wconf 64' lang='grc'><strong>11.</strong></span> <span class='ocrx_word' id='word_1_384' title='bbox 211 1747 267 1774; x_wconf 69' lang='grc' dir='ltr'>Καὶ</span> <span class='ocrx_word' id='word_1_385' title='bbox 280 1745 356 1774; x_wconf 80' lang='grc' dir='ltr'>εἶπέν</span> <span class='ocrx_word' id='word_1_386' title='bbox 371 1745 532 1782; x_wconf 83' lang='grc' dir='ltr'>μοι-Ἦλθον</span> <span class='ocrx_word' id='word_1_387' title='bbox 546 1747 684 1780; x_wconf 69' lang='grc' dir='ltr'>ὑποδεῖξαί</span> <span class='ocrx_word' id='word_1_388' title='bbox 700 1756 741 1774; x_wconf 78' lang='grc' dir='ltr'><strong>σοι</strong></span> <span class='ocrx_word' id='word_1_389' title='bbox 754 1748 779 1774; x_wconf 85' lang='grc' dir='ltr'>τι</span> <span class='ocrx_word' id='word_1_390' title='bbox 791 1748 910 1783; x_wconf 77' lang='grc' dir='ltr'>ὑπαντή-</span> 
     </span>
    </p>
   </div>
   <div class='ocr_carea' id='block_1_54' title="bbox 114 1793 909 1830">
    <p class='ocr_par' dir='ltr' id='par_1_54' title="bbox 114 1793 909 1830">
     <span class='ocr_line' id='line_1_54' title="bbox 114 1793 909 1830; baseline 0.001 -10"><span class='ocrx_word' id='word_1_391' title='bbox 114 1802 199 1822; x_wconf 78' lang='grc' dir='ltr'>σεται,</span> <span class='ocrx_word' id='word_1_392' title='bbox 216 1793 254 1828; x_wconf 84' lang='grc' dir='ltr'>τῷ</span> <span class='ocrx_word' id='word_1_393' title='bbox 269 1793 325 1828; x_wconf 88' lang='grc' dir='ltr'>λαῷ</span> <span class='ocrx_word' id='word_1_394' title='bbox 341 1802 388 1820; x_wconf 84' lang='grc' dir='ltr'><strong>σου</strong></span> <span class='ocrx_word' id='word_1_395' title='bbox 406 1793 450 1819; x_wconf 78' lang='grc' dir='ltr'>ἐπ’</span> <span class='ocrx_word' id='word_1_396' title='bbox 462 1793 579 1828; x_wconf 76' lang='grc' dir='ltr'>ἐσχάτου</span> <span class='ocrx_word' id='word_1_397' title='bbox 597 1793 651 1820; x_wconf 85' lang='grc' dir='ltr'>τῶν</span> <span class='ocrx_word' id='word_1_398' title='bbox 666 1795 788 1830; x_wconf 80' lang='grc' dir='ltr'>ἡμερῶν·</span> <span class='ocrx_word' id='word_1_399' title='bbox 800 1795 841 1821; x_wconf 77' lang='grc' dir='ltr'>ἔτι</span> <span class='ocrx_word' id='word_1_400' title='bbox 856 1795 909 1830; x_wconf 86' lang='grc' dir='ltr'><strong>γὰρ</strong></span> 
     </span>
    </p>
   </div>
   <div class='ocr_carea' id='block_1_55' title="bbox 111 1839 394 1875">
    <p class='ocr_par' dir='ltr' id='par_1_55' title="bbox 111 1839 394 1875">
     <span class='ocr_line' id='line_1_55' title="bbox 111 1839 394 1875; baseline 0.007 -10"><span class='ocrx_word' id='word_1_401' title='bbox 111 1841 210 1875; x_wconf 75' lang='grc' dir='ltr'>ὅρασις</span> <span class='ocrx_word' id='word_1_402' title='bbox 224 1840 263 1870; x_wconf 85' lang='grc' dir='ltr'><strong>εἰς</strong></span> <span class='ocrx_word' id='word_1_403' title='bbox 277 1839 394 1874; x_wconf 77' lang='grc' dir='ltr'>ἡμέρας.</span> 
     </span>
    </p>
   </div>
   <div class='ocr_carea' id='block_1_56' title="bbox 150 1885 910 1923">
    <p class='ocr_par' dir='ltr' id='par_1_56' title="bbox 150 1885 910 1923">
     <span class='ocr_line' id='line_1_56' title="bbox 150 1885 910 1923; baseline 0.004 -12"><span class='ocrx_word' id='word_1_404' title='bbox 150 1885 194 1912; x_wconf 80' lang='grc'>15.</span> <span class='ocrx_word' id='word_1_405' title='bbox 207 1886 262 1912; x_wconf 72' lang='grc' dir='ltr'>Καὶ</span> <span class='ocrx_word' id='word_1_406' title='bbox 278 1886 307 1912; x_wconf 87' lang='grc' dir='ltr'><strong>ἐν</strong></span> <span class='ocrx_word' id='word_1_407' title='bbox 331 1885 370 1920; x_wconf 75' lang='grc' dir='ltr'>τῷ</span> <span class='ocrx_word' id='word_1_408' title='bbox 390 1886 471 1912; x_wconf 79' lang='grc' dir='ltr'>αὑτὸν</span> <span class='ocrx_word' id='word_1_409' title='bbox 488 1886 603 1921; x_wconf 75' lang='grc' dir='ltr'>λαλῆσαι</span> <span class='ocrx_word' id='word_1_410' title='bbox 622 1888 680 1921; x_wconf 76' lang='grc' dir='ltr'>μετ’</span> <span class='ocrx_word' id='word_1_411' title='bbox 697 1886 763 1921; x_wconf 73' lang='grc' dir='ltr'>ἐμοῦ</span> <span class='ocrx_word' id='word_1_412' title='bbox 781 1887 815 1914; x_wconf 77' lang='grc' dir='ltr'><strong>τὰ</strong></span> <span class='ocrx_word' id='word_1_413' title='bbox 826 1896 910 1923; x_wconf 85' lang='grc' dir='ltr'>προσ-</span> 
     </span>
    </p>
   </div>
   <div class='ocr_carea' id='block_1_57' title="bbox 111 1931 910 1969">
    <p class='ocr_par' dir='ltr' id='par_1_57' title="bbox 111 1931 910 1969">
     <span class='ocr_line' id='line_1_57' title="bbox 111 1931 910 1969; baseline 0.003 -12"><span class='ocrx_word' id='word_1_414' title='bbox 111 1931 245 1968; x_wconf 62' lang='grc' dir='ltr'>τάγματα</span> <span class='ocrx_word' id='word_1_415' title='bbox 263 1931 358 1964; x_wconf 83' lang='grc' dir='ltr'>ταῦτα,</span> <span class='ocrx_word' id='word_1_416' title='bbox 375 1931 463 1958; x_wconf 86' lang='grc' dir='ltr'>ἔδωκα</span> <span class='ocrx_word' id='word_1_417' title='bbox 480 1932 511 1958; x_wconf 80' lang='grc' dir='ltr'>τὸ</span> <span class='ocrx_word' id='word_1_418' title='bbox 540 1931 686 1967; x_wconf 83' lang='grc' dir='ltr'>πρόσωπόν</span> <span class='ocrx_word' id='word_1_419' title='bbox 711 1941 762 1968; x_wconf 80' lang='grc' dir='ltr'><strong>μου</strong></span> <span class='ocrx_word' id='word_1_420' title='bbox 789 1933 836 1960; x_wconf 69' lang='grc' dir='ltr'>ἐπὶ</span> <span class='ocrx_word' id='word_1_421' title='bbox 861 1933 910 1969; x_wconf 82' lang='grc' dir='ltr'>τὴν</span> 
     </span>
    </p>
   </div>
   <div class='ocr_carea' id='block_1_58' title="bbox 111 1978 407 2014">
    <p class='ocr_par' dir='ltr' id='par_1_58' title="bbox 111 1978 407 2014">
     <span class='ocr_line' id='line_1_58' title="bbox 111 1978 407 2014; baseline 0.007 -10"><span class='ocrx_word' id='word_1_422' title='bbox 111 1978 180 2014; x_wconf 79' lang='grc' dir='ltr'>γῆν,</span> <span class='ocrx_word' id='word_1_423' title='bbox 193 1978 240 2005; x_wconf 80' lang='grc' dir='ltr'>καὶ</span> <span class='ocrx_word' id='word_1_424' title='bbox 255 1978 407 2014; x_wconf 83' lang='grc' dir='ltr'>ἐσιώπησα.</span> 
     </span>
    </p>
   </div>
   <div class='ocr_carea' id='block_1_59' title="bbox 151 2023 910 2059">
    <p class='ocr_par' dir='ltr' id='par_1_59' title="bbox 151 2023 910 2059">
     <span class='ocr_line' id='line_1_59' title="bbox 151 2023 910 2059; baseline 0.001 -9"><span class='ocrx_word' id='word_1_425' title='bbox 151 2024 196 2051; x_wconf 81' lang='grc'>16.</span> <span class='ocrx_word' id='word_1_426' title='bbox 214 2024 270 2050; x_wconf 68' lang='lat' dir='ltr'><strong>Kat</strong></span> <span class='ocrx_word' id='word_1_427' title='bbox 288 2024 341 2050; x_wconf 74' lang='grc' dir='ltr'>ίδοὺ</span> <span class='ocrx_word' id='word_1_428' title='bbox 355 2024 392 2055; x_wconf 83' lang='grc' dir='ltr'>ὡς</span> <span class='ocrx_word' id='word_1_429' title='bbox 405 2023 537 2059; x_wconf 78' lang='grc' dir='ltr'>ὁμοίωσις</span> <span class='ocrx_word' id='word_1_430' title='bbox 553 2023 643 2059; x_wconf 85' lang='grc' dir='ltr'>χειρὸς</span> <span class='ocrx_word' id='word_1_431' title='bbox 667 2023 810 2059; x_wconf 78' lang='grc' dir='ltr'>ἀνθρώπου</span> <span class='ocrx_word' id='word_1_432' title='bbox 822 2024 910 2059; x_wconf 68' lang='grc' dir='ltr'>ἣψατό</span> 
     </span>
    </p>
   </div>
   <div class='ocr_carea' id='block_1_60' title="bbox 114 2069 911 2104">
    <p class='ocr_par' dir='ltr' id='par_1_60' title="bbox 114 2069 911 2104">
     <span class='ocr_line' id='line_1_60' title="bbox 114 2069 911 2104; baseline 0 -8"><span class='ocrx_word' id='word_1_433' title='bbox 114 2079 168 2104; x_wconf 82' lang='grc' dir='ltr'><strong>μου</strong></span> <span class='ocrx_word' id='word_1_434' title='bbox 187 2069 243 2096; x_wconf 86' lang='grc' dir='ltr'>τῶν</span> <span class='ocrx_word' id='word_1_435' title='bbox 257 2069 379 2104; x_wconf 82' lang='grc' dir='ltr'>χειλέων,</span> <span class='ocrx_word' id='word_1_436' title='bbox 400 2069 448 2096; x_wconf 76' lang='grc' dir='ltr'><strong>καὶ</strong></span> <span class='ocrx_word' id='word_1_437' title='bbox 463 2069 557 2104; x_wconf 79' lang='grc' dir='ltr'>ἡνοιξα</span> <span class='ocrx_word' id='word_1_438' title='bbox 570 2070 600 2096; x_wconf 85' lang='grc' dir='ltr'>τὸ</span> <span class='ocrx_word' id='word_1_439' title='bbox 615 2070 701 2104; x_wconf 87' lang='grc' dir='ltr'>στόμα</span> <span class='ocrx_word' id='word_1_440' title='bbox 715 2078 776 2104; x_wconf 83' lang='grc' dir='ltr'>μου,</span> <span class='ocrx_word' id='word_1_441' title='bbox 792 2070 837 2096; x_wconf 75' lang='grc' dir='ltr'><strong>καὶ</strong></span> <span class='ocrx_word' id='word_1_442' title='bbox 848 2070 911 2097; x_wconf 86' lang='grc' dir='ltr'>ἐλά-</span> 
     </span>
    </p>
   </div>
   <div class='ocr_carea' id='block_1_61' title="bbox 108 2113 908 2151">
    <p class='ocr_par' dir='ltr' id='par_1_61' title="bbox 108 2113 908 2151">
     <span class='ocr_line' id='line_1_61' title="bbox 108 2113 908 2151; baseline -0.001 -9"><span class='ocrx_word' id='word_1_443' title='bbox 108 2117 196 2151; x_wconf 74' lang='grc' dir='ltr'>λησα,</span> <span class='ocrx_word' id='word_1_444' title='bbox 217 2116 264 2142; x_wconf 76' lang='grc' dir='ltr'><strong>καὶ</strong></span> <span class='ocrx_word' id='word_1_445' title='bbox 281 2113 345 2142; x_wconf 81' lang='grc' dir='ltr'>εἶπα</span> <span class='ocrx_word' id='word_1_446' title='bbox 363 2116 401 2151; x_wconf 80' lang='grc' dir='ltr'>τῷ</span> <span class='ocrx_word' id='word_1_447' title='bbox 418 2115 546 2151; x_wconf 76' lang='grc' dir='ltr'>ἑστηκότι</span> <span class='ocrx_word' id='word_1_448' title='bbox 563 2115 696 2142; x_wconf 83' lang='grc' dir='ltr'>άπέναντί</span> <span class='ocrx_word' id='word_1_449' title='bbox 725 2124 788 2150; x_wconf 80' lang='grc' dir='ltr'>μου-</span> <span class='ocrx_word' id='word_1_450' title='bbox 805 2115 908 2151; x_wconf 82' lang='grc' dir='ltr'>Κύριε·</span> 
     </span>
    </p>
   </div>
   <div class='ocr_carea' id='block_1_62' title="bbox 111 2161 907 2197">
    <p class='ocr_par' dir='ltr' id='par_1_62' title="bbox 111 2161 907 2197">
     <span class='ocr_line' id='line_1_62' title="bbox 111 2161 907 2197; baseline 0 -9"><span class='ocrx_word' id='word_1_451' title='bbox 111 2161 164 2188; x_wconf 76' lang='grc' dir='ltr'><strong>καὶ</strong></span> <span class='ocrx_word' id='word_1_452' title='bbox 175 2161 213 2193; x_wconf 82' lang='grc' dir='ltr'>ὡς</span> <span class='ocrx_word' id='word_1_453' title='bbox 221 2162 315 2196; x_wconf 76' lang='grc' dir='ltr'>ὅρασις</span> <span class='ocrx_word' id='word_1_454' title='bbox 328 2162 488 2197; x_wconf 68' lang='grc' dir='ltr'>ἐπεστράφη</span> <span class='ocrx_word' id='word_1_455' title='bbox 499 2161 545 2188; x_wconf 73' lang='grc' dir='ltr'><strong>ἐπὶ</strong></span> <span class='ocrx_word' id='word_1_456' title='bbox 558 2161 588 2188; x_wconf 83' lang='grc' dir='ltr'>τὸ</span> <span class='ocrx_word' id='word_1_457' title='bbox 599 2161 713 2197; x_wconf 85' lang='grc' dir='ltr'>πλευρόν</span> <span class='ocrx_word' id='word_1_458' title='bbox 725 2170 774 2196; x_wconf 89' lang='grc' dir='ltr'><strong>μου</strong></span> <span class='ocrx_word' id='word_1_459' title='bbox 789 2162 832 2188; x_wconf 78' lang='grc' dir='ltr'>ἐπ’</span> <span class='ocrx_word' id='word_1_460' title='bbox 847 2162 907 2196; x_wconf 77' lang='grc' dir='ltr'>ἐμὲ,</span> 
     </span>
    </p>
   </div>
   <div class='ocr_carea' id='block_1_63' title="bbox 111 2206 511 2243">
    <p class='ocr_par' dir='ltr' id='par_1_63' title="bbox 111 2206 511 2243">
     <span class='ocr_line' id='line_1_63' title="bbox 111 2206 511 2243; baseline -0.003 -8"><span class='ocrx_word' id='word_1_461' title='bbox 111 2208 163 2235; x_wconf 74' lang='grc' dir='ltr'><strong>καὶ</strong></span> <span class='ocrx_word' id='word_1_462' title='bbox 175 2208 226 2235; x_wconf 74' lang='grc' dir='ltr'><strong>οὐκ</strong></span> <span class='ocrx_word' id='word_1_463' title='bbox 240 2206 274 2243; x_wconf 85' lang='grc' dir='ltr'>ἦν</span> <span class='ocrx_word' id='word_1_464' title='bbox 291 2208 334 2234; x_wconf 75' lang='grc' dir='ltr'>ἐπ’</span> <span class='ocrx_word' id='word_1_465' title='bbox 347 2209 408 2243; x_wconf 78' lang='grc' dir='ltr'>ἐμοὶ</span> <span class='ocrx_word' id='word_1_466' title='bbox 424 2207 511 2243; x_wconf 78' lang='grc' dir='ltr'>ἰσχύς.</span> 
     </span>
    </p>
   </div>
   <div class='ocr_carea' id='block_1_64' title="bbox 152 2252 908 2289">
    <p class='ocr_par' dir='ltr' id='par_1_64' title="bbox 152 2252 908 2289">
     <span class='ocr_line' id='line_1_64' title="bbox 152 2252 908 2289; baseline -0.001 -9"><span class='ocrx_word' id='word_1_467' title='bbox 152 2254 196 2280; x_wconf 87' lang='grc'>17.</span> <span class='ocrx_word' id='word_1_468' title='bbox 215 2254 269 2281; x_wconf 80' lang='grc' dir='ltr'>Καὶ</span> <span class='ocrx_word' id='word_1_469' title='bbox 288 2254 346 2285; x_wconf 83' lang='grc' dir='ltr'><strong>πῶς</strong></span> <span class='ocrx_word' id='word_1_470' title='bbox 356 2254 501 2289; x_wconf 87' lang='grc' dir='ltr'>δυνήσεται</span> <span class='ocrx_word' id='word_1_471' title='bbox 522 2255 535 2280; x_wconf 84' lang='grc' dir='ltr'>ὁ</span> <span class='ocrx_word' id='word_1_472' title='bbox 554 2255 618 2285; x_wconf 85' lang='grc' dir='ltr'>παῖς</span> <span class='ocrx_word' id='word_1_473' title='bbox 635 2253 750 2288; x_wconf 84' lang='grc' dir='ltr'>λαλῆσαι</span> <span class='ocrx_word' id='word_1_474' title='bbox 774 2252 843 2288; x_wconf 80' lang='grc' dir='ltr'>μετὰ</span> <span class='ocrx_word' id='word_1_475' title='bbox 862 2252 908 2279; x_wconf 75' lang='grc' dir='ltr'><strong>τοῦ</strong></span> 
     </span>
    </p>
   </div>
   <div class='ocr_carea' id='block_1_65' title="bbox 111 2298 910 2336">
    <p class='ocr_par' dir='ltr' id='par_1_65' title="bbox 111 2298 910 2336">
     <span class='ocr_line' id='line_1_65' title="bbox 111 2298 910 2336; baseline -0.001 -9"><span class='ocrx_word' id='word_1_476' title='bbox 111 2300 220 2336; x_wconf 79' lang='grc' dir='ltr'>Κυρίου</span> <span class='ocrx_word' id='word_1_477' title='bbox 237 2300 334 2332; x_wconf 78' lang='grc' dir='ltr'>αὐτοῦ;</span> <span class='ocrx_word' id='word_1_478' title='bbox 348 2300 401 2326; x_wconf 74' lang='grc' dir='ltr'>Καὶ</span> <span class='ocrx_word' id='word_1_479' title='bbox 425 2299 480 2333; x_wconf 73' lang='grc' dir='ltr'>ἐγὼ</span> <span class='ocrx_word' id='word_1_480' title='bbox 496 2299 645 2334; x_wconf 76' lang='grc' dir='ltr'>ἠσθένησα,</span> <span class='ocrx_word' id='word_1_481' title='bbox 667 2299 714 2325; x_wconf 79' lang='grc' dir='ltr'><strong>καὶ</strong></span> <span class='ocrx_word' id='word_1_482' title='bbox 729 2298 778 2325; x_wconf 81' lang='grc' dir='ltr'>οὐκ</span> <span class='ocrx_word' id='word_1_483' title='bbox 795 2298 868 2325; x_wconf 82' lang='grc' dir='ltr'>ἐστιν</span> <span class='ocrx_word' id='word_1_484' title='bbox 881 2299 910 2326; x_wconf 78' lang='grc' dir='ltr'>ὲν</span> 
     </span>
    </p>
   </div>
   <div class='ocr_carea' id='block_1_66' title="bbox 111 2344 820 2381">
    <p class='ocr_par' dir='ltr' id='par_1_66' title="bbox 111 2344 820 2381">
     <span class='ocr_line' id='line_1_66' title="bbox 111 2344 820 2381; baseline -0.003 -9"><span class='ocrx_word' id='word_1_485' title='bbox 111 2346 178 2381; x_wconf 78' lang='grc' dir='ltr'>ἐμοὶ</span> <span class='ocrx_word' id='word_1_486' title='bbox 195 2346 282 2379; x_wconf 75' lang='grc' dir='ltr'>ἰσχὺς,</span> <span class='ocrx_word' id='word_1_487' title='bbox 293 2345 339 2371; x_wconf 76' lang='grc' dir='ltr'>καὶ</span> <span class='ocrx_word' id='word_1_488' title='bbox 354 2344 463 2379; x_wconf 86' lang='grc' dir='ltr'>πνεῦμα</span> <span class='ocrx_word' id='word_1_489' title='bbox 476 2344 506 2371; x_wconf 78' lang='grc' dir='ltr'>οὺ</span> <span class='ocrx_word' id='word_1_490' title='bbox 527 2344 692 2379; x_wconf 80' lang='grc' dir='ltr'>κατελείφθη</span> <span class='ocrx_word' id='word_1_491' title='bbox 709 2346 738 2371; x_wconf 79' lang='grc' dir='ltr'><strong>ἐν</strong></span> <span class='ocrx_word' id='word_1_492' title='bbox 749 2344 820 2378; x_wconf 82' lang='grc' dir='ltr'>ἐμοί.</span> 
     </span>
    </p>
   </div>
   <div class='ocr_carea' id='block_1_67' title="bbox 151 2390 910 2425">
    <p class='ocr_par' dir='ltr' id='par_1_67' title="bbox 151 2390 910 2425">
     <span class='ocr_line' id='line_1_67' title="bbox 151 2390 910 2425; baseline -0.003 -7"><span class='ocrx_word' id='word_1_493' title='bbox 151 2391 197 2418; x_wconf 64' lang='grc'>18.</span> <span class='ocrx_word' id='word_1_494' title='bbox 213 2391 268 2417; x_wconf 74' lang='grc' dir='ltr'><strong>Καὶ</strong></span> <span class='ocrx_word' id='word_1_495' title='bbox 284 2390 451 2424; x_wconf 80' lang='grc' dir='ltr'>προσέθηκε,</span> <span class='ocrx_word' id='word_1_496' title='bbox 467 2390 610 2425; x_wconf 71' lang='grc' dir='ltr'>χαῖἤψατό</span> <span class='ocrx_word' id='word_1_497' title='bbox 628 2399 679 2425; x_wconf 88' lang='grc' dir='ltr'><strong>μου</strong></span> <span class='ocrx_word' id='word_1_498' title='bbox 693 2390 731 2421; x_wconf 80' lang='grc' dir='ltr'>ὡς</span> <span class='ocrx_word' id='word_1_499' title='bbox 752 2391 846 2425; x_wconf 77' lang='grc' dir='ltr'>ὅρασις</span> <span class='ocrx_word' id='word_1_500' title='bbox 863 2390 910 2417; x_wconf 85' lang='grc' dir='ltr'>άν-</span> 
     </span>
    </p>
   </div>
   <div class='ocr_carea' id='block_1_68' title="bbox 113 2437 527 2473">
    <p class='ocr_par' dir='ltr' id='par_1_68' title="bbox 113 2437 527 2473">
     <span class='ocr_line' id='line_1_68' title="bbox 113 2437 527 2473; baseline -0.005 -8"><span class='ocrx_word' id='word_1_501' title='bbox 113 2437 238 2473; x_wconf 78' lang='grc' dir='ltr'>Θρὼπου,</span> <span class='ocrx_word' id='word_1_502' title='bbox 253 2438 300 2464; x_wconf 73' lang='grc' dir='ltr'>καὶ</span> <span class='ocrx_word' id='word_1_503' title='bbox 316 2437 466 2472; x_wconf 81' lang='grc' dir='ltr'>κατίσχυσέ</span> <span class='ocrx_word' id='word_1_504' title='bbox 482 2446 527 2472; x_wconf 90' lang='grc' dir='ltr'>με.</span> 
     </span>
    </p>
   </div>
   <div class='ocr_carea' id='block_1_69' title="bbox 152 2481 910 2518">
    <p class='ocr_par' dir='ltr' id='par_1_69' title="bbox 152 2481 910 2518">
     <span class='ocr_line' id='line_1_69' title="bbox 152 2481 910 2518; baseline 0 -8"><span class='ocrx_word' id='word_1_505' title='bbox 152 2483 196 2510; x_wconf 86' lang='grc'>19.</span> <span class='ocrx_word' id='word_1_506' title='bbox 208 2483 263 2509; x_wconf 70' lang='grc' dir='ltr'>Καὶ</span> <span class='ocrx_word' id='word_1_507' title='bbox 276 2481 351 2509; x_wconf 78' lang='grc' dir='ltr'>εἷπέν</span> <span class='ocrx_word' id='word_1_508' title='bbox 362 2491 417 2518; x_wconf 89' lang='grc' dir='ltr'>μοι·</span> <span class='ocrx_word' id='word_1_509' title='bbox 432 2483 593 2518; x_wconf 73' lang='grc' dir='ltr'>Ἄνθρωπος</span> <span class='ocrx_word' id='word_1_510' title='bbox 602 2482 711 2518; x_wconf 76' lang='grc' dir='ltr'>ἑλεηνδς</span> <span class='ocrx_word' id='word_1_511' title='bbox 726 2481 760 2514; x_wconf 80' lang='grc' dir='ltr'><strong>εἴ,</strong></span> <span class='ocrx_word' id='word_1_512' title='bbox 770 2483 806 2518; x_wconf 88' lang='grc' dir='ltr'>μὴ</span> <span class='ocrx_word' id='word_1_513' title='bbox 815 2483 910 2518; x_wconf 77' lang='grc' dir='ltr'>φοϐοῦ,</span> 
     </span>
    </p>
   </div>
   <div class='ocr_carea' id='block_1_70' title="bbox 112 2528 911 2564">
    <p class='ocr_par' dir='ltr' id='par_1_70' title="bbox 112 2528 911 2564">
     <span class='ocr_line' id='line_1_70' title="bbox 112 2528 911 2564; baseline 0 -9"><span class='ocrx_word' id='word_1_514' title='bbox 112 2528 232 2563; x_wconf 73' lang='grc' dir='ltr'>ὑγίαινε,</span> <span class='ocrx_word' id='word_1_515' title='bbox 250 2528 387 2564; x_wconf 78' lang='grc' dir='ltr'>ἀνδρίςου,</span> <span class='ocrx_word' id='word_1_516' title='bbox 403 2528 451 2555; x_wconf 73' lang='grc' dir='ltr'>καὶ</span> <span class='ocrx_word' id='word_1_517' title='bbox 466 2529 542 2563; x_wconf 82' lang='grc' dir='ltr'>ἴσχυε</span> <span class='ocrx_word' id='word_1_518' title='bbox 552 2535 559 2543; x_wconf 65' lang='grc' dir='ltr'><strong>ο</strong></span> <span class='ocrx_word' id='word_1_519' title='bbox 576 2528 624 2554; x_wconf 76' lang='grc' dir='ltr'><strong>καὶ</strong></span> <span class='ocrx_word' id='word_1_520' title='bbox 637 2529 665 2554; x_wconf 82' lang='grc' dir='ltr'><strong>ἐν</strong></span> <span class='ocrx_word' id='word_1_521' title='bbox 676 2528 714 2563; x_wconf 83' lang='grc' dir='ltr'>τῷ</span> <span class='ocrx_word' id='word_1_522' title='bbox 735 2529 850 2564; x_wconf 76' lang='grc' dir='ltr'>λαλῆσαι</span> <span class='ocrx_word' id='word_1_523' title='bbox 862 2529 911 2555; x_wconf 85' lang='grc' dir='ltr'><strong>αὺ-</strong></span> 
     </span>
    </p>
   </div>
   <div class='ocr_carea' id='block_1_71' title="bbox 111 2572 913 2609">
    <p class='ocr_par' dir='ltr' id='par_1_71' title="bbox 111 2572 913 2609">
     <span class='ocr_line' id='line_1_71' title="bbox 111 2572 913 2609; baseline 0.001 -10"><span class='ocrx_word' id='word_1_524' title='bbox 111 2574 161 2600; x_wconf 78' lang='grc' dir='ltr'>τὸν</span> <span class='ocrx_word' id='word_1_525' title='bbox 177 2573 237 2608; x_wconf 80' lang='grc' dir='ltr'>μετ’</span> <span class='ocrx_word' id='word_1_526' title='bbox 251 2573 318 2608; x_wconf 82' lang='grc' dir='ltr'>ἐμοῦ</span> <span class='ocrx_word' id='word_1_527' title='bbox 331 2574 442 2609; x_wconf 82' lang='grc' dir='ltr'>ῐσχυσα,</span> <span class='ocrx_word' id='word_1_528' title='bbox 459 2575 506 2600; x_wconf 79' lang='grc' dir='ltr'>καὶ</span> <span class='ocrx_word' id='word_1_529' title='bbox 519 2572 585 2600; x_wconf 85' lang='grc' dir='ltr'>εἶπα</span> <span class='ocrx_word' id='word_1_530' title='bbox 595 2582 602 2588; x_wconf 66' lang='grc' dir='ltr'>θ</span> <span class='ocrx_word' id='word_1_531' title='bbox 613 2573 765 2608; x_wconf 84' lang='grc' dir='ltr'>Λαλησάτω</span> <span class='ocrx_word' id='word_1_532' title='bbox 777 2575 790 2600; x_wconf 86' lang='grc' dir='ltr'>ὁ</span> <span class='ocrx_word' id='word_1_533' title='bbox 811 2574 913 2609; x_wconf 84' lang='grc' dir='ltr'>Κύριός</span> 
     </span>
    </p>
   </div>
   <div class='ocr_carea' id='block_1_72' title="bbox 113 2619 441 2655">
    <p class='ocr_par' dir='ltr' id='par_1_72' title="bbox 113 2619 441 2655">
     <span class='ocr_line' id='line_1_72' title="bbox 113 2619 441 2655; baseline 0.003 -10"><span class='ocrx_word' id='word_1_534' title='bbox 113 2627 179 2654; x_wconf 80' lang='grc' dir='ltr'>μου,</span> <span class='ocrx_word' id='word_1_535' title='bbox 195 2619 236 2645; x_wconf 85' lang='grc' dir='ltr'>ὃτι</span> <span class='ocrx_word' id='word_1_536' title='bbox 252 2619 378 2653; x_wconf 82' lang='grc' dir='ltr'>ὲνίσχυσέ</span> <span class='ocrx_word' id='word_1_537' title='bbox 396 2628 441 2655; x_wconf 82' lang='grc' dir='ltr'>με.</span> 
     </span>
    </p>
   </div>
   <div class='ocr_carea' id='block_1_73' title="bbox 148 2662 914 2700">
    <p class='ocr_par' dir='ltr' id='par_1_73' title="bbox 148 2662 914 2700">
     <span class='ocr_line' id='line_1_73' title="bbox 148 2662 914 2700; baseline 0 -9"><span class='ocrx_word' id='word_1_538' title='bbox 148 2664 194 2691; x_wconf 76' lang='grc'><strong>20.</strong></span> <span class='ocrx_word' id='word_1_539' title='bbox 210 2664 267 2691; x_wconf 82' lang='grc' dir='ltr'><strong>Καὶ</strong></span> <span class='ocrx_word' id='word_1_540' title='bbox 278 2663 356 2691; x_wconf 87' lang='grc' dir='ltr'>εἶπεν</span> <span class='ocrx_word' id='word_1_541' title='bbox 379 2665 449 2700; x_wconf 82' lang='grc' dir='ltr'>πρὸς</span> <span class='ocrx_word' id='word_1_542' title='bbox 473 2665 507 2700; x_wconf 86' lang='grc' dir='ltr'><strong>μέ</strong></span> <span class='ocrx_word' id='word_1_543' title='bbox 518 2672 524 2680; x_wconf 82' lang='lat'>&#39;</span> <span class='ocrx_word' id='word_1_544' title='bbox 542 2664 689 2696; x_wconf 87' lang='grc' dir='ltr'>Γινώσκεις</span> <span class='ocrx_word' id='word_1_545' title='bbox 700 2665 726 2691; x_wconf 87' lang='grc' dir='ltr'><strong>τι</strong></span> <span class='ocrx_word' id='word_1_546' title='bbox 743 2662 824 2700; x_wconf 80' lang='grc' dir='ltr'>ἦλθον</span> <span class='ocrx_word' id='word_1_547' title='bbox 845 2665 914 2699; x_wconf 75' lang='grc' dir='ltr'>πρὸς</span> 
     </span>
    </p>
   </div>
   <div class='ocr_carea' id='block_1_74' title="bbox 113 2709 914 2747">
    <p class='ocr_par' dir='ltr' id='par_1_74' title="bbox 113 2709 914 2747">
     <span class='ocr_line' id='line_1_74' title="bbox 113 2709 914 2747; baseline 0 -10"><span class='ocrx_word' id='word_1_548' title='bbox 113 2711 164 2742; x_wconf 63' lang='lat' dir='ltr'><strong>at;</strong></span> <span class='ocrx_word' id='word_1_549' title='bbox 186 2711 234 2737; x_wconf 74' lang='grc' dir='ltr'>καὶ</span> <span class='ocrx_word' id='word_1_550' title='bbox 247 2709 295 2737; x_wconf 92' lang='grc' dir='ltr'><strong>νῦν</strong></span> <span class='ocrx_word' id='word_1_551' title='bbox 309 2711 467 2747; x_wconf 73' lang='grc' dir='ltr'>ἐπιστρέψω</span> <span class='ocrx_word' id='word_1_552' title='bbox 480 2711 661 2746; x_wconf 85' lang='grc' dir='ltr'>διαμάχεσθαι</span> <span class='ocrx_word' id='word_1_553' title='bbox 679 2711 748 2746; x_wconf 77' lang='grc' dir='ltr'>μετὰ</span> <span class='ocrx_word' id='word_1_554' title='bbox 768 2710 814 2737; x_wconf 87' lang='grc' dir='ltr'><strong>τοῦ</strong></span> <span class='ocrx_word' id='word_1_555' title='bbox 831 2719 914 2746; x_wconf 85' lang='grc' dir='ltr'>στρα-</span> 
     </span>
    </p>
   </div>
   <div class='ocr_carea' id='block_1_75' title="bbox 111 2755 913 2792">
    <p class='ocr_par' dir='ltr' id='par_1_75' title="bbox 111 2755 913 2792">
     <span class='ocr_line' id='line_1_75' title="bbox 111 2755 913 2792; baseline 0.001 -10"><span class='ocrx_word' id='word_1_556' title='bbox 111 2755 201 2790; x_wconf 80' lang='grc' dir='ltr'>τηγοῦ</span> <span class='ocrx_word' id='word_1_557' title='bbox 219 2756 353 2791; x_wconf 82' lang='grc' dir='ltr'>βασιλέως</span> <span class='ocrx_word' id='word_1_558' title='bbox 360 2757 414 2784; x_wconf 86' lang='grc' dir='ltr'>τῶν</span> <span class='ocrx_word' id='word_1_559' title='bbox 426 2757 463 2783; x_wconf 87' lang='grc' dir='ltr'>Πε</span> <span class='ocrx_word' id='word_1_560' title='bbox 469 2757 550 2791; x_wconf 88' lang='grc' dir='ltr'>ρσῶν.</span> <span class='ocrx_word' id='word_1_561' title='bbox 566 2757 622 2783; x_wconf 77' lang='grc' dir='ltr'><strong>Καὶ</strong></span> <span class='ocrx_word' id='word_1_562' title='bbox 631 2756 686 2790; x_wconf 79' lang='grc' dir='ltr'>ἐγὼ</span> <span class='ocrx_word' id='word_1_563' title='bbox 701 2755 913 2792; x_wconf 75' lang='grc' dir='ltr'>ἐξεπορευόμην.</span> 
     </span>
    </p>
   </div>
   <div class='ocr_carea' id='block_1_76' title="bbox 114 2800 770 2837">
    <p class='ocr_par' dir='ltr' id='par_1_76' title="bbox 114 2800 770 2837">
     <span class='ocr_line' id='line_1_76' title="bbox 114 2800 770 2837; baseline 0.002 -10"><span class='ocrx_word' id='word_1_564' title='bbox 114 2801 162 2827; x_wconf 67' lang='grc' dir='ltr'><strong>καὶ</strong></span> <span class='ocrx_word' id='word_1_565' title='bbox 173 2800 228 2826; x_wconf 75' lang='grc' dir='ltr'>ἰδοὺ</span> <span class='ocrx_word' id='word_1_566' title='bbox 246 2801 401 2836; x_wconf 81' lang='grc' dir='ltr'>στρατηγὸς</span> <span class='ocrx_word' id='word_1_567' title='bbox 419 2801 554 2836; x_wconf 84' lang='grc' dir='ltr'>Ἑλλήνων</span> <span class='ocrx_word' id='word_1_568' title='bbox 569 2800 770 2837; x_wconf 77' lang='grc' dir='ltr'>εἰσεπορεύετο.</span> 
     </span>
    </p>
   </div>
   <div class='ocr_carea' id='block_1_77' title="bbox 151 2845 913 2884">
    <p class='ocr_par' dir='ltr' id='par_1_77' title="bbox 151 2845 913 2884">
     <span class='ocr_line' id='line_1_77' title="bbox 151 2845 913 2884; baseline 0.001 -11"><span class='ocrx_word' id='word_1_569' title='bbox 151 2845 198 2878; x_wconf 69' lang='grc'>21.</span> <span class='ocrx_word' id='word_1_570' title='bbox 212 2846 267 2873; x_wconf 79' lang='grc' dir='ltr'><strong>Καὶ</strong></span> <span class='ocrx_word' id='word_1_571' title='bbox 282 2846 354 2881; x_wconf 84' lang='grc' dir='ltr'>μάλα</span> <span class='ocrx_word' id='word_1_572' title='bbox 372 2846 504 2880; x_wconf 76' lang='grc' dir='ltr'><strong>ὑποδείξω</strong></span> <span class='ocrx_word' id='word_1_573' title='bbox 516 2855 557 2877; x_wconf 84' lang='grc' dir='ltr'><strong>σοι</strong></span> <span class='ocrx_word' id='word_1_574' title='bbox 572 2846 606 2873; x_wconf 82' lang='grc' dir='ltr'>τὰ</span> <span class='ocrx_word' id='word_1_575' title='bbox 620 2847 715 2884; x_wconf 77' lang='grc' dir='ltr'>πρῶτα</span> <span class='ocrx_word' id='word_1_576' title='bbox 726 2847 755 2875; x_wconf 83' lang='grc' dir='ltr'><strong>ἐν</strong></span> <span class='ocrx_word' id='word_1_577' title='bbox 766 2847 913 2883; x_wconf 85' lang='grc' dir='ltr'>ἀπογραφῇ</span> 
     </span>
    </p>
   </div>
   <div class='ocr_carea' id='block_1_78' title="bbox 960 929 1539 965">
    <p class='ocr_par' dir='ltr' id='par_1_78' title="bbox 960 929 1539 965">
     <span class='ocr_line' id='line_1_78' title="bbox 960 929 1539 965; baseline 0 -7"><span class='ocrx_word' id='word_1_578' title='bbox 960 930 1052 965; x_wconf 81' lang='lat' dir='ltr'><strong>lapsus</strong></span> <span class='ocrx_word' id='word_1_579' title='bbox 1070 930 1096 957; x_wconf 91' lang='lat' dir='ltr'><strong>in</strong></span> <span class='ocrx_word' id='word_1_580' title='bbox 1115 929 1211 957; x_wconf 80' lang='lat' dir='ltr'><strong>faciem</strong></span> <span class='ocrx_word' id='word_1_581' title='bbox 1231 938 1318 958; x_wconf 84' lang='lat' dir='ltr'><strong>meam</strong></span> <span class='ocrx_word' id='word_1_582' title='bbox 1333 938 1415 964; x_wconf 87' lang='lat' dir='ltr'><strong>super</strong></span> <span class='ocrx_word' id='word_1_583' title='bbox 1428 935 1539 958; x_wconf 87' lang='lat' dir='ltr'><strong>terram.</strong></span> 
     </span>
    </p>
   </div>
   <div class='ocr_carea' id='block_1_79' title="bbox 996 976 1748 1011">
    <p class='ocr_par' dir='ltr' id='par_1_79' title="bbox 996 976 1748 1011">
     <span class='ocr_line' id='line_1_79' title="bbox 996 976 1748 1011; baseline 0 -8"><span class='ocrx_word' id='word_1_584' title='bbox 996 976 1040 1004; x_wconf 85' lang='grc'>10.</span> <span class='ocrx_word' id='word_1_585' title='bbox 1061 976 1094 1003; x_wconf 87' lang='lat' dir='ltr'><strong>Et</strong></span> <span class='ocrx_word' id='word_1_586' title='bbox 1108 984 1172 1004; x_wconf 85' lang='lat' dir='ltr'><strong>ecce</strong></span> <span class='ocrx_word' id='word_1_587' title='bbox 1187 984 1297 1003; x_wconf 88' lang='lat' dir='ltr'><strong>manum</strong></span> <span class='ocrx_word' id='word_1_588' title='bbox 1315 977 1447 1011; x_wconf 82' lang='lat' dir='ltr'><strong>applicuit</strong></span> <span class='ocrx_word' id='word_1_589' title='bbox 1461 977 1539 1009; x_wconf 88' lang='lat' dir='ltr'><strong>mihi,</strong></span> <span class='ocrx_word' id='word_1_590' title='bbox 1563 980 1590 1003; x_wconf 88' lang='lat' dir='ltr'><strong>et</strong></span> <span class='ocrx_word' id='word_1_591' title='bbox 1602 976 1687 1004; x_wconf 85' lang='lat' dir='ltr'><strong>erexit</strong></span> <span class='ocrx_word' id='word_1_592' title='bbox 1704 984 1748 1004; x_wconf 88' lang='lat' dir='ltr'><strong>me</strong></span> 
     </span>
    </p>
   </div>
   <div class='ocr_carea' id='block_1_80' title="bbox 959 1022 1578 1057">
    <p class='ocr_par' dir='ltr' id='par_1_80' title="bbox 959 1022 1578 1057">
     <span class='ocr_line' id='line_1_80' title="bbox 959 1022 1578 1057; baseline -0.003 -8"><span class='ocrx_word' id='word_1_593' title='bbox 959 1022 986 1050; x_wconf 88' lang='lat' dir='ltr'><strong>in</strong></span> <span class='ocrx_word' id='word_1_594' title='bbox 1000 1022 1208 1057; x_wconf 77' lang='lat' dir='ltr'><strong>genubussuper</strong></span> <span class='ocrx_word' id='word_1_595' title='bbox 1215 1022 1319 1056; x_wconf 85' lang='lat' dir='ltr'><strong>plantas</strong></span> <span class='ocrx_word' id='word_1_596' title='bbox 1334 1023 1432 1055; x_wconf 86' lang='lat' dir='ltr'><strong>pedum</strong></span> <span class='ocrx_word' id='word_1_597' title='bbox 1447 1028 1578 1048; x_wconf 88' lang='lat' dir='ltr'><strong>meorum.</strong></span> 
     </span>
    </p>
   </div>
   <div class='ocr_carea' id='block_1_81' title="bbox 995 1064 1745 1100">
    <p class='ocr_par' dir='ltr' id='par_1_81' title="bbox 995 1064 1745 1100">
     <span class='ocr_line' id='line_1_81' title="bbox 995 1064 1745 1100; baseline 0 -7"><span class='ocrx_word' id='word_1_598' title='bbox 995 1066 1038 1093; x_wconf 89' lang='grc'><strong>11.</strong></span> <span class='ocrx_word' id='word_1_599' title='bbox 1060 1066 1092 1093; x_wconf 86' lang='lat' dir='ltr'><strong>Et</strong></span> <span class='ocrx_word' id='word_1_600' title='bbox 1102 1066 1171 1093; x_wconf 79' lang='lat' dir='ltr'><strong>dixit</strong></span> <span class='ocrx_word' id='word_1_601' title='bbox 1184 1066 1267 1093; x_wconf 91' lang='lat' dir='ltr'><strong>mihi:</strong></span> <span class='ocrx_word' id='word_1_602' title='bbox 1286 1065 1388 1099; x_wconf 84' lang='lat' dir='ltr'><strong>Daniel,</strong></span> <span class='ocrx_word' id='word_1_603' title='bbox 1400 1065 1482 1093; x_wconf 94' lang='lat' dir='ltr'><strong>homo</strong></span> <span class='ocrx_word' id='word_1_604' title='bbox 1499 1064 1693 1092; x_wconf 63' lang='lat' dir='ltr'><strong>misericordiae</strong></span> <span class='ocrx_word' id='word_1_605' title='bbox 1705 1073 1745 1100; x_wconf 86' lang='lat' dir='ltr'><strong>es,</strong></span> 
     </span>
    </p>
   </div>
   <div class='ocr_carea' id='block_1_82' title="bbox 960 1110 1746 1146">
    <p class='ocr_par' dir='ltr' id='par_1_82' title="bbox 960 1110 1746 1146">
     <span class='ocr_line' id='line_1_82' title="bbox 960 1110 1746 1146; baseline -0.003 -7"><span class='ocrx_word' id='word_1_606' title='bbox 960 1112 1145 1140; x_wconf 80' lang='lat' dir='ltr'><strong>animadverte</strong></span> <span class='ocrx_word' id='word_1_607' title='bbox 1158 1111 1284 1138; x_wconf 87' lang='lat' dir='ltr'><strong>mandata</strong></span> <span class='ocrx_word' id='word_1_608' title='bbox 1296 1130 1303 1143; x_wconf 81' lang='lat'><strong>,</strong></span> <span class='ocrx_word' id='word_1_609' title='bbox 1318 1119 1379 1146; x_wconf 78' lang='lat' dir='ltr'><strong>quae</strong></span> <span class='ocrx_word' id='word_1_610' title='bbox 1387 1118 1436 1146; x_wconf 79' lang='lat' dir='ltr'><strong>ego</strong></span> <span class='ocrx_word' id='word_1_611' title='bbox 1453 1111 1550 1145; x_wconf 84' lang='lat' dir='ltr'><strong>loquor</strong></span> <span class='ocrx_word' id='word_1_612' title='bbox 1571 1110 1604 1137; x_wconf 90' lang='lat' dir='ltr'><strong>ad</strong></span> <span class='ocrx_word' id='word_1_613' title='bbox 1622 1114 1658 1142; x_wconf 91' lang='lat' dir='ltr'><strong>le,</strong></span> <span class='ocrx_word' id='word_1_614' title='bbox 1669 1115 1693 1137; x_wconf 89' lang='lat' dir='ltr'><strong>et</strong></span> <span class='ocrx_word' id='word_1_615' title='bbox 1705 1115 1746 1138; x_wconf 84' lang='lat' dir='ltr'><strong>sta</strong></span> 
     </span>
    </p>
   </div>
   <div class='ocr_carea' id='block_1_83' title="bbox 959 1155 1744 1191">
    <p class='ocr_par' dir='ltr' id='par_1_83' title="bbox 959 1155 1744 1191">
     <span class='ocr_line' id='line_1_83' title="bbox 959 1155 1744 1191; baseline -0.004 -6"><span class='ocrx_word' id='word_1_616' title='bbox 959 1158 987 1185; x_wconf 94' lang='lat' dir='ltr'><strong>in</strong></span> <span class='ocrx_word' id='word_1_617' title='bbox 1004 1158 1065 1185; x_wconf 90' lang='lat' dir='ltr'><strong>loco</strong></span> <span class='ocrx_word' id='word_1_618' title='bbox 1082 1163 1147 1191; x_wconf 93' lang='lat' dir='ltr'><strong>tuo;</strong></span> <span class='ocrx_word' id='word_1_619' title='bbox 1165 1158 1245 1184; x_wconf 87' lang='lat' dir='ltr'><strong>modo</strong></span> <span class='ocrx_word' id='word_1_620' title='bbox 1264 1157 1336 1184; x_wconf 88' lang='lat' dir='ltr'><strong>enim</strong></span> <span class='ocrx_word' id='word_1_621' title='bbox 1353 1157 1454 1184; x_wconf 89' lang='lat' dir='ltr'><strong>missus</strong></span> <span class='ocrx_word' id='word_1_622' title='bbox 1466 1164 1525 1183; x_wconf 90' lang='lat' dir='ltr'><strong>sum</strong></span> <span class='ocrx_word' id='word_1_623' title='bbox 1547 1155 1580 1183; x_wconf 89' lang='lat' dir='ltr'><strong>ad</strong></span> <span class='ocrx_word' id='word_1_624' title='bbox 1597 1161 1632 1183; x_wconf 89' lang='lat' dir='ltr'><strong>te.</strong></span> <span class='ocrx_word' id='word_1_625' title='bbox 1658 1155 1744 1183; x_wconf 86' lang='lat' dir='ltr'><strong>Cum-</strong></span> 
     </span>
    </p>
   </div>
   <div class='ocr_carea' id='block_1_84' title="bbox 960 1201 1750 1240">
    <p class='ocr_par' dir='ltr' id='par_1_84' title="bbox 960 1201 1750 1240">
     <span class='ocr_line' id='line_1_84' title="bbox 960 1201 1750 1240; baseline -0.003 -9"><span class='ocrx_word' id='word_1_626' title='bbox 960 1211 1014 1239; x_wconf 86' lang='lat' dir='ltr'><strong>que</strong></span> <span class='ocrx_word' id='word_1_627' title='bbox 1029 1204 1185 1239; x_wconf 78' lang='lat' dir='ltr'><strong>loqueretur</strong></span> <span class='ocrx_word' id='word_1_628' title='bbox 1198 1203 1256 1238; x_wconf 86' lang='lat' dir='ltr'><strong>ipse</strong></span> <span class='ocrx_word' id='word_1_629' title='bbox 1276 1209 1382 1229; x_wconf 90' lang='lat' dir='ltr'><strong>mecum</strong></span> <span class='ocrx_word' id='word_1_630' title='bbox 1416 1201 1575 1236; x_wconf 82' lang='lat' dir='ltr'><strong>mandatum</strong></span> <span class='ocrx_word' id='word_1_631' title='bbox 1599 1201 1750 1240; x_wconf 18' lang='lat' dir='ltr'><strong>hoc,Asteti‘</strong></span> 
     </span>
    </p>
   </div>
   <div class='ocr_carea' id='block_1_85' title="bbox 958 1253 1092 1277">
    <p class='ocr_par' dir='ltr' id='par_1_85' title="bbox 958 1253 1092 1277">
     <span class='ocr_line' id='line_1_85' title="bbox 958 1253 1092 1277; baseline -0.007 0"><span class='ocrx_word' id='word_1_632' title='bbox 958 1253 1092 1277; x_wconf 87' lang='lat' dir='ltr'><strong>tremens.</strong></span> 
     </span>
    </p>
   </div>
   <div class='ocr_carea' id='block_1_86' title="bbox 994 1292 1746 1327">
    <p class='ocr_par' dir='ltr' id='par_1_86' title="bbox 994 1292 1746 1327">
     <span class='ocr_line' id='line_1_86' title="bbox 994 1292 1746 1327; baseline -0.001 -7"><span class='ocrx_word' id='word_1_633' title='bbox 994 1293 1036 1320; x_wconf 71' lang='grc'>12.</span> <span class='ocrx_word' id='word_1_634' title='bbox 1059 1293 1091 1320; x_wconf 86' lang='lat' dir='ltr'><strong>Et</strong></span> <span class='ocrx_word' id='word_1_635' title='bbox 1107 1293 1174 1320; x_wconf 89' lang='lat' dir='ltr'><strong>dixit</strong></span> <span class='ocrx_word' id='word_1_636' title='bbox 1189 1293 1222 1320; x_wconf 88' lang='lat' dir='ltr'><strong>ad</strong></span> <span class='ocrx_word' id='word_1_637' title='bbox 1244 1300 1306 1320; x_wconf 89' lang='lat' dir='ltr'><strong>mc:</strong></span> <span class='ocrx_word' id='word_1_638' title='bbox 1323 1292 1362 1320; x_wconf 88' lang='lat' dir='ltr'><strong>Ne</strong></span> <span class='ocrx_word' id='word_1_639' title='bbox 1381 1292 1489 1326; x_wconf 83' lang='lat' dir='ltr'><strong>timeas,</strong></span> <span class='ocrx_word' id='word_1_640' title='bbox 1518 1292 1622 1326; x_wconf 77' lang='lat' dir='ltr'><strong>Daniel,</strong></span> <span class='ocrx_word' id='word_1_641' title='bbox 1638 1292 1702 1327; x_wconf 84' lang='lat' dir='ltr'><strong>quia</strong></span> <span class='ocrx_word' id='word_1_642' title='bbox 1713 1299 1746 1319; x_wconf 83' lang='lat' dir='ltr'><strong>ex</strong></span> 
     </span>
    </p>
   </div>
   <div class='ocr_carea' id='block_1_87' title="bbox 959 1337 1747 1372">
    <p class='ocr_par' dir='ltr' id='par_1_87' title="bbox 959 1337 1747 1372">
     <span class='ocr_line' id='line_1_87' title="bbox 959 1337 1747 1372; baseline 0 -8"><span class='ocrx_word' id='word_1_643' title='bbox 959 1337 1002 1364; x_wconf 87' lang='lat' dir='ltr'><strong>die</strong></span> <span class='ocrx_word' id='word_1_644' title='bbox 1017 1338 1114 1372; x_wconf 89' lang='lat' dir='ltr'><strong>prima,</strong></span> <span class='ocrx_word' id='word_1_645' title='bbox 1130 1345 1183 1372; x_wconf 89' lang='lat' dir='ltr'><strong>qua</strong></span> <span class='ocrx_word' id='word_1_646' title='bbox 1202 1337 1302 1364; x_wconf 85' lang='lat' dir='ltr'><strong>dedisti</strong></span> <span class='ocrx_word' id='word_1_647' title='bbox 1320 1337 1416 1364; x_wconf 81' lang='lat' dir='ltr'><strong>faciem</strong></span> <span class='ocrx_word' id='word_1_648' title='bbox 1430 1341 1505 1364; x_wconf 84' lang='lat' dir='ltr'><strong>tuam</strong></span> <span class='ocrx_word' id='word_1_649' title='bbox 1535 1337 1569 1364; x_wconf 88' lang='lat' dir='ltr'><strong>ad</strong></span> <span class='ocrx_word' id='word_1_650' title='bbox 1595 1337 1747 1372; x_wconf 77' lang='lat' dir='ltr'><strong>recogitan-</strong></span> 
     </span>
    </p>
   </div>
   <div class='ocr_carea' id='block_1_88' title="bbox 959 1382 1746 1419">
    <p class='ocr_par' dir='ltr' id='par_1_88' title="bbox 959 1382 1746 1419">
     <span class='ocr_line' id='line_1_88' title="bbox 959 1382 1746 1419; baseline -0.003 -8"><span class='ocrx_word' id='word_1_651' title='bbox 959 1385 1023 1411; x_wconf 90' lang='lat' dir='ltr'><strong>dum</strong></span> <span class='ocrx_word' id='word_1_652' title='bbox 1046 1388 1072 1411; x_wconf 89' lang='lat' dir='ltr'><strong>et</strong></span> <span class='ocrx_word' id='word_1_653' title='bbox 1094 1383 1265 1419; x_wconf 78' lang='lat' dir='ltr'><strong>affligendum</strong></span> <span class='ocrx_word' id='word_1_654' title='bbox 1297 1387 1324 1410; x_wconf 87' lang='lat' dir='ltr'><strong>te</strong></span> <span class='ocrx_word' id='word_1_655' title='bbox 1343 1391 1436 1410; x_wconf 88' lang='lat' dir='ltr'><strong>coram</strong></span> <span class='ocrx_word' id='word_1_656' title='bbox 1464 1382 1580 1410; x_wconf 91' lang='lat' dir='ltr'><strong>Domino</strong></span> <span class='ocrx_word' id='word_1_657' title='bbox 1601 1382 1656 1410; x_wconf 89' lang='lat' dir='ltr'><strong>Deo</strong></span> <span class='ocrx_word' id='word_1_658' title='bbox 1688 1388 1746 1414; x_wconf 87' lang='lat' dir='ltr'><strong>tuo,</strong></span> 
     </span>
    </p>
   </div>
   <div class='ocr_carea' id='block_1_89' title="bbox 959 1428 1746 1464">
    <p class='ocr_par' dir='ltr' id='par_1_89' title="bbox 959 1428 1746 1464">
     <span class='ocr_line' id='line_1_89' title="bbox 959 1428 1746 1464; baseline -0.001 -7"><span class='ocrx_word' id='word_1_659' title='bbox 959 1430 1115 1457; x_wconf 83' lang='lat' dir='ltr'><strong>exauditum</strong></span> <span class='ocrx_word' id='word_1_660' title='bbox 1130 1435 1173 1458; x_wconf 92' lang='lat' dir='ltr'><strong>est</strong></span> <span class='ocrx_word' id='word_1_661' title='bbox 1189 1429 1302 1457; x_wconf 84' lang='lat' dir='ltr'><strong>verbum</strong></span> <span class='ocrx_word' id='word_1_662' title='bbox 1318 1433 1395 1456; x_wconf 88' lang='lat' dir='ltr'><strong>tuum</strong></span> <span class='ocrx_word' id='word_1_663' title='bbox 1408 1450 1414 1462; x_wconf 92' lang='lat'><strong>,</strong></span> <span class='ocrx_word' id='word_1_664' title='bbox 1435 1433 1462 1456; x_wconf 87' lang='lat' dir='ltr'><strong>et</strong></span> <span class='ocrx_word' id='word_1_665' title='bbox 1487 1437 1536 1464; x_wconf 77' lang='lat' dir='ltr'><strong>ego</strong></span> <span class='ocrx_word' id='word_1_666' title='bbox 1552 1428 1650 1457; x_wconf 81' lang='lat' dir='ltr'><strong>adveni</strong></span> <span class='ocrx_word' id='word_1_667' title='bbox 1664 1429 1746 1456; x_wconf 88' lang='lat' dir='ltr'><strong>verbo</strong></span> 
     </span>
    </p>
   </div>
   <div class='ocr_carea' id='block_1_90' title="bbox 960 1480 1019 1503">
    <p class='ocr_par' dir='ltr' id='par_1_90' title="bbox 960 1480 1019 1503">
     <span class='ocr_line' id='line_1_90' title="bbox 960 1480 1019 1503; baseline -0.017 -1"><span class='ocrx_word' id='word_1_668' title='bbox 960 1480 1019 1503; x_wconf 79' lang='grc' dir='ltr'>ῑυο.</span> 
     </span>
    </p>
   </div>
   <div class='ocr_carea' id='block_1_91' title="bbox 996 1520 1747 1556">
    <p class='ocr_par' dir='ltr' id='par_1_91' title="bbox 996 1520 1747 1556">
     <span class='ocr_line' id='line_1_91' title="bbox 996 1520 1747 1556; baseline 0 -8"><span class='ocrx_word' id='word_1_669' title='bbox 996 1522 1039 1549; x_wconf 82' lang='grc'><strong>15.</strong></span> <span class='ocrx_word' id='word_1_670' title='bbox 1060 1521 1093 1548; x_wconf 87' lang='lat' dir='ltr'><strong>Et</strong></span> <span class='ocrx_word' id='word_1_671' title='bbox 1125 1520 1180 1548; x_wconf 83' lang='lat' dir='ltr'><strong>dux</strong></span> <span class='ocrx_word' id='word_1_672' title='bbox 1191 1521 1263 1556; x_wconf 78' lang='lat' dir='ltr'><strong>regis</strong></span> <span class='ocrx_word' id='word_1_673' title='bbox 1285 1520 1430 1548; x_wconf 75' lang='lat' dir='ltr'><strong>Persarum</strong></span> <span class='ocrx_word' id='word_1_674' title='bbox 1455 1521 1556 1548; x_wconf 84' lang='lat' dir='ltr'><strong>restitit</strong></span> <span class='ocrx_word' id='word_1_675' title='bbox 1577 1529 1609 1548; x_wconf 82' lang='lat' dir='ltr'><strong>ex</strong></span> <span class='ocrx_word' id='word_1_676' title='bbox 1631 1521 1747 1549; x_wconf 82' lang='lat' dir='ltr'><strong>adverso</strong></span> 
     </span>
    </p>
   </div>
   <div class='ocr_carea' id='block_1_92' title="bbox 961 1566 1747 1602">
    <p class='ocr_par' dir='ltr' id='par_1_92' title="bbox 961 1566 1747 1602">
     <span class='ocr_line' id='line_1_92' title="bbox 961 1566 1747 1602; baseline 0.001 -8"><span class='ocrx_word' id='word_1_677' title='bbox 961 1567 1028 1594; x_wconf 93' lang='lat' dir='ltr'><strong>mihi</strong></span> <span class='ocrx_word' id='word_1_678' title='bbox 1041 1567 1136 1602; x_wconf 77' lang='lat' dir='ltr'><strong>viginti</strong></span> <span class='ocrx_word' id='word_1_679' title='bbox 1150 1571 1177 1594; x_wconf 88' lang='lat' dir='ltr'><strong>et</strong></span> <span class='ocrx_word' id='word_1_680' title='bbox 1189 1574 1243 1593; x_wconf 91' lang='lat' dir='ltr'><strong>uno</strong></span> <span class='ocrx_word' id='word_1_681' title='bbox 1254 1566 1368 1594; x_wconf 85' lang='lat' dir='ltr'><strong>diebus:</strong></span> <span class='ocrx_word' id='word_1_682' title='bbox 1383 1571 1410 1594; x_wconf 90' lang='lat' dir='ltr'><strong>ct</strong></span> <span class='ocrx_word' id='word_1_683' title='bbox 1425 1574 1487 1594; x_wconf 84' lang='lat' dir='ltr'><strong>ecce</strong></span> <span class='ocrx_word' id='word_1_684' title='bbox 1499 1566 1611 1594; x_wconf 79' lang='lat' dir='ltr'><strong>Michael</strong></span> <span class='ocrx_word' id='word_1_685' title='bbox 1626 1575 1697 1595; x_wconf 89' lang='lat' dir='ltr'><strong>unus</strong></span> <span class='ocrx_word' id='word_1_686' title='bbox 1713 1568 1747 1595; x_wconf 84' lang='lat' dir='ltr'><strong>de</strong></span> 
     </span>
    </p>
   </div>
   <div class='ocr_carea' id='block_1_93' title="bbox 959 1612 1746 1649">
    <p class='ocr_par' dir='ltr' id='par_1_93' title="bbox 959 1612 1746 1649">
     <span class='ocr_line' id='line_1_93' title="bbox 959 1612 1746 1649; baseline 0 -9"><span class='ocrx_word' id='word_1_687' title='bbox 959 1613 1129 1649; x_wconf 84' lang='lat' dir='ltr'><strong>principibus</strong></span> <span class='ocrx_word' id='word_1_688' title='bbox 1141 1613 1235 1647; x_wconf 85' lang='lat' dir='ltr'><strong>primis</strong></span> <span class='ocrx_word' id='word_1_689' title='bbox 1251 1613 1407 1647; x_wconf 81' lang='lat' dir='ltr'><strong>supervenit</strong></span> <span class='ocrx_word' id='word_1_690' title='bbox 1421 1612 1455 1639; x_wconf 93' lang='lat' dir='ltr'><strong>ad</strong></span> <span class='ocrx_word' id='word_1_691' title='bbox 1470 1613 1656 1640; x_wconf 83' lang='lat' dir='ltr'><strong>auxiliandum</strong></span> <span class='ocrx_word' id='word_1_692' title='bbox 1667 1614 1746 1646; x_wconf 88' lang='lat' dir='ltr'><strong>mihi,</strong></span> 
     </span>
    </p>
   </div>
   <div class='ocr_carea' id='block_1_94' title="bbox 959 1658 1680 1694">
    <p class='ocr_par' dir='ltr' id='par_1_94' title="bbox 959 1658 1680 1694">
     <span class='ocr_line' id='line_1_94' title="bbox 959 1658 1680 1694; baseline 0 -8"><span class='ocrx_word' id='word_1_693' title='bbox 959 1663 987 1687; x_wconf 93' lang='lat' dir='ltr'><strong>et</strong></span> <span class='ocrx_word' id='word_1_694' title='bbox 1003 1659 1093 1693; x_wconf 88' lang='lat' dir='ltr'><strong>ipsum</strong></span> <span class='ocrx_word' id='word_1_695' title='bbox 1106 1659 1144 1686; x_wconf 88' lang='lat' dir='ltr'><strong>ibi</strong></span> <span class='ocrx_word' id='word_1_696' title='bbox 1163 1659 1261 1694; x_wconf 87' lang='lat' dir='ltr'><strong>reliqui</strong></span> <span class='ocrx_word' id='word_1_697' title='bbox 1276 1666 1339 1686; x_wconf 90' lang='lat' dir='ltr'><strong>cum</strong></span> <span class='ocrx_word' id='word_1_698' title='bbox 1354 1659 1422 1686; x_wconf 85' lang='lat' dir='ltr'><strong>duce</strong></span> <span class='ocrx_word' id='word_1_699' title='bbox 1434 1658 1505 1694; x_wconf 76' lang='lat' dir='ltr'><strong>regis</strong></span> <span class='ocrx_word' id='word_1_700' title='bbox 1524 1658 1680 1686; x_wconf 78' lang='lat' dir='ltr'><strong>Persarum.</strong></span> 
     </span>
    </p>
   </div>
   <div class='ocr_carea' id='block_1_95' title="bbox 997 1749 1744 1783">
    <p class='ocr_par' dir='ltr' id='par_1_95' title="bbox 997 1749 1744 1783">
     <span class='ocr_line' id='line_1_95' title="bbox 997 1749 1744 1783; baseline -0.001 -5"><span class='ocrx_word' id='word_1_701' title='bbox 997 1750 1041 1778; x_wconf 68' lang='grc'>14.</span> <span class='ocrx_word' id='word_1_702' title='bbox 1063 1750 1096 1777; x_wconf 82' lang='grc' dir='ltr'><strong>Ει</strong></span> <span class='ocrx_word' id='word_1_703' title='bbox 1111 1750 1179 1778; x_wconf 88' lang='lat' dir='ltr'><strong>dixit</strong></span> <span class='ocrx_word' id='word_1_704' title='bbox 1194 1750 1280 1777; x_wconf 88' lang='lat' dir='ltr'><strong>mihi:</strong></span> <span class='ocrx_word' id='word_1_705' title='bbox 1301 1749 1378 1783; x_wconf 84' lang='lat' dir='ltr'><strong>Veni,</strong></span> <span class='ocrx_word' id='word_1_706' title='bbox 1403 1754 1433 1777; x_wconf 93' lang='lat' dir='ltr'><strong>ut</strong></span> <span class='ocrx_word' id='word_1_707' title='bbox 1453 1749 1668 1777; x_wconf 86' lang='lat' dir='ltr'><strong>demonstrarem</strong></span> <span class='ocrx_word' id='word_1_708' title='bbox 1686 1749 1744 1783; x_wconf 82' lang='lat' dir='ltr'><strong>tibi,</strong></span> 
     </span>
    </p>
   </div>
   <div class='ocr_carea' id='block_1_96' title="bbox 959 1794 1747 1830">
    <p class='ocr_par' dir='ltr' id='par_1_96' title="bbox 959 1794 1747 1830">
     <span class='ocr_line' id='line_1_96' title="bbox 959 1794 1747 1830; baseline 0 -8"><span class='ocrx_word' id='word_1_709' title='bbox 959 1795 1024 1830; x_wconf 88' lang='lat' dir='ltr'><strong>quid</strong></span> <span class='ocrx_word' id='word_1_710' title='bbox 1040 1795 1164 1822; x_wconf 87' lang='lat' dir='ltr'><strong>obveuiet</strong></span> <span class='ocrx_word' id='word_1_711' title='bbox 1181 1794 1280 1829; x_wconf 87' lang='lat' dir='ltr'><strong>populo</strong></span> <span class='ocrx_word' id='word_1_712' title='bbox 1297 1799 1344 1822; x_wconf 89' lang='lat' dir='ltr'><strong>tuo</strong></span> <span class='ocrx_word' id='word_1_713' title='bbox 1358 1795 1384 1821; x_wconf 90' lang='lat' dir='ltr'><strong>in</strong></span> <span class='ocrx_word' id='word_1_714' title='bbox 1402 1794 1550 1822; x_wconf 90' lang='lat' dir='ltr'><strong>novissimo</strong></span> <span class='ocrx_word' id='word_1_715' title='bbox 1564 1794 1685 1828; x_wconf 84' lang='lat' dir='ltr'><strong>dierum;</strong></span> <span class='ocrx_word' id='word_1_716' title='bbox 1697 1795 1747 1823; x_wconf 85' lang='lat' dir='ltr'><strong>ad-</strong></span> 
     </span>
    </p>
   </div>
   <div class='ocr_carea' id='block_1_97' title="bbox 962 1840 1329 1869">
    <p class='ocr_par' dir='ltr' id='par_1_97' title="bbox 962 1840 1329 1869">
     <span class='ocr_line' id='line_1_97' title="bbox 962 1840 1329 1869; baseline -0.003 0"><span class='ocrx_word' id='word_1_717' title='bbox 962 1842 1017 1869; x_wconf 86' lang='lat' dir='ltr'><strong>huc</strong></span> <span class='ocrx_word' id='word_1_718' title='bbox 1035 1841 1107 1868; x_wconf 87' lang='lat' dir='ltr'><strong>enim</strong></span> <span class='ocrx_word' id='word_1_719' title='bbox 1130 1841 1199 1868; x_wconf 82' lang='lat' dir='ltr'><strong>visio</strong></span> <span class='ocrx_word' id='word_1_720' title='bbox 1217 1841 1243 1867; x_wconf 92' lang='lat' dir='ltr'><strong>in</strong></span> <span class='ocrx_word' id='word_1_721' title='bbox 1260 1840 1329 1868; x_wconf 86' lang='lat' dir='ltr'><strong>dies.</strong></span> 
     </span>
    </p>
   </div>
   <div class='ocr_carea' id='block_1_98' title="bbox 997 1886 1746 1922">
    <p class='ocr_par' dir='ltr' id='par_1_98' title="bbox 997 1886 1746 1922">
     <span class='ocr_line' id='line_1_98' title="bbox 997 1886 1746 1922; baseline 0 -8"><span class='ocrx_word' id='word_1_722' title='bbox 997 1887 1040 1914; x_wconf 75' lang='lat' dir='ltr'><strong>l5.</strong></span> <span class='ocrx_word' id='word_1_723' title='bbox 1057 1887 1180 1921; x_wconf 79' lang='lat' dir='ltr'><strong>Cumque</strong></span> <span class='ocrx_word' id='word_1_724' title='bbox 1206 1886 1265 1922; x_wconf 87' lang='lat' dir='ltr'><strong>ipse</strong></span> <span class='ocrx_word' id='word_1_725' title='bbox 1294 1886 1452 1921; x_wconf 79' lang='lat' dir='ltr'><strong>laqueretur</strong></span> <span class='ocrx_word' id='word_1_726' title='bbox 1474 1894 1581 1914; x_wconf 91' lang='lat' dir='ltr'><strong>meeum</strong></span> <span class='ocrx_word' id='word_1_727' title='bbox 1617 1886 1746 1914; x_wconf 83' lang='lat' dir='ltr'><strong>mandata</strong></span> 
     </span>
    </p>
   </div>
   <div class='ocr_carea' id='block_1_99' title="bbox 959 1931 1676 1967">
    <p class='ocr_par' dir='ltr' id='par_1_99' title="bbox 959 1931 1676 1967">
     <span class='ocr_line' id='line_1_99' title="bbox 959 1931 1676 1967; baseline -0.001 -7"><span class='ocrx_word' id='word_1_728' title='bbox 959 1933 1027 1965; x_wconf 76' lang='lat' dir='ltr'><strong>haec,</strong></span> <span class='ocrx_word' id='word_1_729' title='bbox 1046 1932 1107 1960; x_wconf 88' lang='lat' dir='ltr'><strong>dedi</strong></span> <span class='ocrx_word' id='word_1_730' title='bbox 1121 1931 1218 1959; x_wconf 82' lang='lat' dir='ltr'><strong>faciem</strong></span> <span class='ocrx_word' id='word_1_731' title='bbox 1236 1939 1324 1959; x_wconf 82' lang='lat' dir='ltr'><strong>meam</strong></span> <span class='ocrx_word' id='word_1_732' title='bbox 1340 1939 1421 1967; x_wconf 86' lang='lat' dir='ltr'><strong>super</strong></span> <span class='ocrx_word' id='word_1_733' title='bbox 1436 1936 1545 1964; x_wconf 86' lang='lat' dir='ltr'><strong>terram,</strong></span> <span class='ocrx_word' id='word_1_734' title='bbox 1562 1936 1589 1959; x_wconf 89' lang='lat' dir='ltr'><strong>et</strong></span> <span class='ocrx_word' id='word_1_735' title='bbox 1603 1933 1676 1960; x_wconf 90' lang='lat' dir='ltr'><strong>silui.</strong></span> 
     </span>
    </p>
   </div>
   <div class='ocr_carea' id='block_1_100' title="bbox 996 2023 1748 2058">
    <p class='ocr_par' dir='ltr' id='par_1_100' title="bbox 996 2023 1748 2058">
     <span class='ocr_line' id='line_1_100' title="bbox 996 2023 1748 2058; baseline 0 -7"><span class='ocrx_word' id='word_1_736' title='bbox 996 2024 1039 2051; x_wconf 85' lang='grc'>16.</span> <span class='ocrx_word' id='word_1_737' title='bbox 1061 2024 1094 2051; x_wconf 89' lang='lat' dir='ltr'><strong>Et</strong></span> <span class='ocrx_word' id='word_1_738' title='bbox 1108 2031 1172 2051; x_wconf 88' lang='lat' dir='ltr'><strong>ecce</strong></span> <span class='ocrx_word' id='word_1_739' title='bbox 1188 2023 1267 2058; x_wconf 86' lang='lat' dir='ltr'><strong>quasi</strong></span> <span class='ocrx_word' id='word_1_740' title='bbox 1284 2023 1435 2051; x_wconf 85' lang='lat' dir='ltr'><strong>similitudo</strong></span> <span class='ocrx_word' id='word_1_741' title='bbox 1457 2031 1554 2051; x_wconf 91' lang='lat' dir='ltr'><strong>manus</strong></span> <span class='ocrx_word' id='word_1_742' title='bbox 1569 2023 1687 2051; x_wconf 89' lang='lat' dir='ltr'><strong>hominis</strong></span> <span class='ocrx_word' id='word_1_743' title='bbox 1709 2029 1748 2052; x_wconf 87' lang='lat' dir='ltr'><strong>te-</strong></span> 
     </span>
    </p>
   </div>
   <div class='ocr_carea' id='block_1_101' title="bbox 960 2069 1746 2105">
    <p class='ocr_par' dir='ltr' id='par_1_101' title="bbox 960 2069 1746 2105">
     <span class='ocr_line' id='line_1_101' title="bbox 960 2069 1746 2105; baseline -0.001 -8"><span class='ocrx_word' id='word_1_744' title='bbox 960 2070 1020 2105; x_wconf 83' lang='lat' dir='ltr'><strong>tigit</strong></span> <span class='ocrx_word' id='word_1_745' title='bbox 1033 2069 1104 2097; x_wconf 81' lang='lat' dir='ltr'><strong>labia</strong></span> <span class='ocrx_word' id='word_1_746' title='bbox 1121 2077 1191 2100; x_wconf 86' lang='lat' dir='ltr'><strong>mea,</strong></span> <span class='ocrx_word' id='word_1_747' title='bbox 1208 2072 1234 2096; x_wconf 89' lang='lat' dir='ltr'><strong>et</strong></span> <span class='ocrx_word' id='word_1_748' title='bbox 1260 2069 1353 2103; x_wconf 86' lang='lat' dir='ltr'><strong>aperui</strong></span> <span class='ocrx_word' id='word_1_749' title='bbox 1370 2077 1400 2096; x_wconf 92' lang='lat' dir='ltr'><strong>os</strong></span> <span class='ocrx_word' id='word_1_750' title='bbox 1412 2077 1514 2102; x_wconf 86' lang='lat' dir='ltr'><strong>meum,</strong></span> <span class='ocrx_word' id='word_1_751' title='bbox 1529 2069 1746 2103; x_wconf 84' lang='lat' dir='ltr'><strong>etlocutussum,</strong></span> 
     </span>
    </p>
   </div>
   <div class='ocr_carea' id='block_1_102' title="bbox 959 2115 1748 2151">
    <p class='ocr_par' dir='ltr' id='par_1_102' title="bbox 959 2115 1748 2151">
     <span class='ocr_line' id='line_1_102' title="bbox 959 2115 1748 2151; baseline -0.003 -7"><span class='ocrx_word' id='word_1_752' title='bbox 959 2122 986 2144; x_wconf 85' lang='lat' dir='ltr'><strong>et</strong></span> <span class='ocrx_word' id='word_1_753' title='bbox 1005 2116 1060 2143; x_wconf 85' lang='lat' dir='ltr'><strong>dixi</strong></span> <span class='ocrx_word' id='word_1_754' title='bbox 1078 2116 1114 2149; x_wconf 91' lang='lat' dir='ltr'><strong>ei,</strong></span> <span class='ocrx_word' id='word_1_755' title='bbox 1132 2116 1179 2151; x_wconf 87' lang='lat' dir='ltr'><strong>qui</strong></span> <span class='ocrx_word' id='word_1_756' title='bbox 1193 2116 1282 2143; x_wconf 86' lang='lat' dir='ltr'><strong>stabat</strong></span> <span class='ocrx_word' id='word_1_757' title='bbox 1294 2123 1385 2142; x_wconf 89' lang='lat' dir='ltr'><strong>coram</strong></span> <span class='ocrx_word' id='word_1_758' title='bbox 1402 2123 1446 2143; x_wconf 91' lang='lat' dir='ltr'><strong>me</strong></span> <span class='ocrx_word' id='word_1_759' title='bbox 1462 2125 1468 2143; x_wconf 93' lang='lat'>:</span> <span class='ocrx_word' id='word_1_760' title='bbox 1497 2115 1626 2148; x_wconf 90' lang='lat' dir='ltr'><strong>Domine;</strong></span> <span class='ocrx_word' id='word_1_761' title='bbox 1650 2121 1676 2142; x_wconf 90' lang='lat' dir='ltr'><strong>et</strong></span> <span class='ocrx_word' id='word_1_762' title='bbox 1688 2119 1748 2142; x_wconf 76' lang='lat' dir='ltr'><strong>tan~</strong></span> 
     </span>
    </p>
   </div>
   <div class='ocr_carea' id='block_1_103' title="bbox 959 2162 1748 2198">
    <p class='ocr_par' dir='ltr' id='par_1_103' title="bbox 959 2162 1748 2198">
     <span class='ocr_line' id='line_1_103' title="bbox 959 2162 1748 2198; baseline -0.001 -9"><span class='ocrx_word' id='word_1_763' title='bbox 959 2170 1042 2198; x_wconf 88' lang='lat' dir='ltr'><strong>quam</strong></span> <span class='ocrx_word' id='word_1_764' title='bbox 1059 2162 1128 2189; x_wconf 89' lang='lat' dir='ltr'><strong>visio</strong></span> <span class='ocrx_word' id='word_1_765' title='bbox 1140 2169 1270 2189; x_wconf 86' lang='lat' dir='ltr'><strong>conversa</strong></span> <span class='ocrx_word' id='word_1_766' title='bbox 1281 2166 1322 2189; x_wconf 90' lang='lat' dir='ltr'><strong>est</strong></span> <span class='ocrx_word' id='word_1_767' title='bbox 1334 2162 1361 2189; x_wconf 92' lang='lat' dir='ltr'><strong>in</strong></span> <span class='ocrx_word' id='word_1_768' title='bbox 1377 2162 1447 2189; x_wconf 84' lang='lat' dir='ltr'><strong>latus</strong></span> <span class='ocrx_word' id='word_1_769' title='bbox 1460 2169 1549 2189; x_wconf 92' lang='lat' dir='ltr'><strong>meum</strong></span> <span class='ocrx_word' id='word_1_770' title='bbox 1563 2169 1645 2196; x_wconf 90' lang='lat' dir='ltr'><strong>super</strong></span> <span class='ocrx_word' id='word_1_771' title='bbox 1658 2169 1710 2194; x_wconf 90' lang='lat' dir='ltr'><strong>me,</strong></span> <span class='ocrx_word' id='word_1_772' title='bbox 1721 2166 1748 2189; x_wconf 91' lang='lat' dir='ltr'><strong>et</strong></span> 
     </span>
    </p>
   </div>
   <div class='ocr_carea' id='block_1_104' title="bbox 925 2207 1342 2238">
    <p class='ocr_par' dir='ltr' id='par_1_104' title="bbox 925 2207 1342 2238">
     <span class='ocr_line' id='line_1_104' title="bbox 925 2207 1342 2238; baseline -0.007 -1"><span class='ocrx_word' id='word_1_773' title='bbox 925 2210 947 2238; x_wconf 90' lang='lat' dir='ltr'><strong>D</strong></span> <span class='ocrx_word' id='word_1_774' title='bbox 963 2217 1016 2236; x_wconf 92' lang='lat' dir='ltr'><strong>non</strong></span> <span class='ocrx_word' id='word_1_775' title='bbox 1034 2208 1085 2235; x_wconf 89' lang='lat' dir='ltr'><strong>fuit</strong></span> <span class='ocrx_word' id='word_1_776' title='bbox 1101 2209 1129 2235; x_wconf 92' lang='lat' dir='ltr'><strong>in</strong></span> <span class='ocrx_word' id='word_1_777' title='bbox 1144 2216 1187 2235; x_wconf 89' lang='lat' dir='ltr'><strong>me</strong></span> <span class='ocrx_word' id='word_1_778' title='bbox 1202 2207 1342 2235; x_wconf 89' lang='lat' dir='ltr'><strong>fortitudo.</strong></span> 
     </span>
    </p>
   </div>
   <div class='ocr_carea' id='block_1_105' title="bbox 999 2253 1748 2288">
    <p class='ocr_par' dir='ltr' id='par_1_105' title="bbox 999 2253 1748 2288">
     <span class='ocr_line' id='line_1_105' title="bbox 999 2253 1748 2288; baseline 0.001 -8"><span class='ocrx_word' id='word_1_779' title='bbox 999 2254 1042 2281; x_wconf 89' lang='grc'>17.</span> <span class='ocrx_word' id='word_1_780' title='bbox 1065 2253 1242 2288; x_wconf 89' lang='lat' dir='ltr'><strong>thuomodo</strong></span> <span class='ocrx_word' id='word_1_781' title='bbox 1253 2253 1354 2287; x_wconf 88' lang='lat' dir='ltr'><strong>poterit</strong></span> <span class='ocrx_word' id='word_1_782' title='bbox 1367 2260 1462 2281; x_wconf 87' lang='lat' dir='ltr'><strong>servus</strong></span> <span class='ocrx_word' id='word_1_783' title='bbox 1476 2253 1549 2288; x_wconf 91' lang='lat' dir='ltr'><strong>loqui</strong></span> <span class='ocrx_word' id='word_1_784' title='bbox 1560 2260 1622 2280; x_wconf 91' lang='lat' dir='ltr'><strong>cum</strong></span> <span class='ocrx_word' id='word_1_785' title='bbox 1633 2253 1748 2281; x_wconf 88' lang='lat' dir='ltr'><strong>Domino</strong></span> 
     </span>
    </p>
   </div>
   <div class='ocr_carea' id='block_1_106' title="bbox 962 2298 1749 2334">
    <p class='ocr_par' dir='ltr' id='par_1_106' title="bbox 962 2298 1749 2334">
     <span class='ocr_line' id='line_1_106' title="bbox 962 2298 1749 2334; baseline -0.001 -6"><span class='ocrx_word' id='word_1_786' title='bbox 962 2300 1031 2328; x_wconf 85' lang='lat' dir='ltr'><strong>suo?</strong></span> <span class='ocrx_word' id='word_1_787' title='bbox 1044 2301 1078 2327; x_wconf 86' lang='lat' dir='ltr'><strong>Et</strong></span> <span class='ocrx_word' id='word_1_788' title='bbox 1091 2307 1141 2334; x_wconf 76' lang='lat' dir='ltr'><strong>ego</strong></span> <span class='ocrx_word' id='word_1_789' title='bbox 1156 2298 1254 2331; x_wconf 89' lang='lat' dir='ltr'><strong>defeei,</strong></span> <span class='ocrx_word' id='word_1_790' title='bbox 1279 2303 1305 2326; x_wconf 90' lang='lat' dir='ltr'><strong>et</strong></span> <span class='ocrx_word' id='word_1_791' title='bbox 1319 2306 1372 2325; x_wconf 86' lang='lat' dir='ltr'><strong>non</strong></span> <span class='ocrx_word' id='word_1_792' title='bbox 1388 2303 1429 2326; x_wconf 87' lang='lat' dir='ltr'><strong>est</strong></span> <span class='ocrx_word' id='word_1_793' title='bbox 1454 2299 1481 2326; x_wconf 90' lang='lat' dir='ltr'><strong>in</strong></span> <span class='ocrx_word' id='word_1_794' title='bbox 1501 2307 1544 2327; x_wconf 91' lang='lat' dir='ltr'><strong>me</strong></span> <span class='ocrx_word' id='word_1_795' title='bbox 1560 2299 1703 2331; x_wconf 82' lang='lat' dir='ltr'><strong>fortitudo,</strong></span> <span class='ocrx_word' id='word_1_796' title='bbox 1721 2304 1749 2327; x_wconf 87' lang='lat' dir='ltr'><strong>et</strong></span> 
     </span>
    </p>
   </div>
   <div class='ocr_carea' id='block_1_107' title="bbox 962 2345 1432 2381">
    <p class='ocr_par' dir='ltr' id='par_1_107' title="bbox 962 2345 1432 2381">
     <span class='ocr_line' id='line_1_107' title="bbox 962 2345 1432 2381; baseline -0.004 -7"><span class='ocrx_word' id='word_1_797' title='bbox 962 2346 1074 2381; x_wconf 87' lang='lat' dir='ltr'><strong>spiritus</strong></span> <span class='ocrx_word' id='word_1_798' title='bbox 1087 2353 1140 2372; x_wconf 90' lang='lat' dir='ltr'><strong>non</strong></span> <span class='ocrx_word' id='word_1_799' title='bbox 1153 2345 1264 2372; x_wconf 86' lang='lat' dir='ltr'><strong>relictus</strong></span> <span class='ocrx_word' id='word_1_800' title='bbox 1278 2349 1319 2372; x_wconf 91' lang='lat' dir='ltr'><strong>est</strong></span> <span class='ocrx_word' id='word_1_801' title='bbox 1336 2345 1363 2372; x_wconf 92' lang='lat' dir='ltr'><strong>in</strong></span> <span class='ocrx_word' id='word_1_802' title='bbox 1378 2352 1432 2372; x_wconf 89' lang='lat' dir='ltr'><strong>me.</strong></span> 
     </span>
    </p>
   </div>
   <div class='ocr_carea' id='block_1_108' title="bbox 999 2391 1747 2426">
    <p class='ocr_par' dir='ltr' id='par_1_108' title="bbox 999 2391 1747 2426">
     <span class='ocr_line' id='line_1_108' title="bbox 999 2391 1747 2426; baseline 0.001 -9"><span class='ocrx_word' id='word_1_803' title='bbox 999 2391 1041 2418; x_wconf 88' lang='lat' dir='ltr'><strong>l8.</strong></span> <span class='ocrx_word' id='word_1_804' title='bbox 1063 2391 1096 2418; x_wconf 87' lang='lat' dir='ltr'><strong>Et</strong></span> <span class='ocrx_word' id='word_1_805' title='bbox 1109 2391 1247 2426; x_wconf 82' lang='lat' dir='ltr'><strong>apposuit,</strong></span> <span class='ocrx_word' id='word_1_806' title='bbox 1261 2394 1288 2418; x_wconf 91' lang='lat' dir='ltr'><strong>et</strong></span> <span class='ocrx_word' id='word_1_807' title='bbox 1299 2391 1386 2426; x_wconf 75' lang='lat' dir='ltr'><strong>tetigit</strong></span> <span class='ocrx_word' id='word_1_808' title='bbox 1396 2399 1440 2419; x_wconf 86' lang='lat' dir='ltr'><strong>me</strong></span> <span class='ocrx_word' id='word_1_809' title='bbox 1450 2391 1528 2426; x_wconf 88' lang='lat' dir='ltr'><strong>quasi</strong></span> <span class='ocrx_word' id='word_1_810' title='bbox 1540 2391 1609 2419; x_wconf 82' lang='lat' dir='ltr'><strong>visio</strong></span> <span class='ocrx_word' id='word_1_811' title='bbox 1619 2391 1747 2424; x_wconf 86' lang='lat' dir='ltr'><strong>hominis,</strong></span> 
     </span>
    </p>
   </div>
   <div class='ocr_carea' id='block_1_109' title="bbox 961 2437 1227 2465">
    <p class='ocr_par' dir='ltr' id='par_1_109' title="bbox 961 2437 1227 2465">
     <span class='ocr_line' id='line_1_109' title="bbox 961 2437 1227 2465; baseline -0.011 0"><span class='ocrx_word' id='word_1_812' title='bbox 961 2442 988 2465; x_wconf 86' lang='lat' dir='ltr'><strong>et</strong></span> <span class='ocrx_word' id='word_1_813' title='bbox 1000 2437 1162 2464; x_wconf 77' lang='lat' dir='ltr'><strong>confer-tavit</strong></span> <span class='ocrx_word' id='word_1_814' title='bbox 1175 2444 1227 2463; x_wconf 88' lang='lat' dir='ltr'><strong>me.</strong></span> 
     </span>
    </p>
   </div>
   <div class='ocr_carea' id='block_1_110' title="bbox 998 2481 1749 2516">
    <p class='ocr_par' dir='ltr' id='par_1_110' title="bbox 998 2481 1749 2516">
     <span class='ocr_line' id='line_1_110' title="bbox 998 2481 1749 2516; baseline 0 -7"><span class='ocrx_word' id='word_1_815' title='bbox 998 2482 1042 2509; x_wconf 79' lang='lat' dir='ltr'><strong>l9.</strong></span> <span class='ocrx_word' id='word_1_816' title='bbox 1063 2481 1173 2509; x_wconf 86' lang='lat' dir='ltr'><strong>Etdixit</strong></span> <span class='ocrx_word' id='word_1_817' title='bbox 1185 2482 1270 2508; x_wconf 87' lang='lat' dir='ltr'><strong>mihi:</strong></span> <span class='ocrx_word' id='word_1_818' title='bbox 1287 2481 1375 2510; x_wconf 89' lang='lat' dir='ltr'><strong>Homo</strong></span> <span class='ocrx_word' id='word_1_819' title='bbox 1388 2481 1581 2509; x_wconf 71' lang='lat' dir='ltr'><strong>misericordia:</strong></span> <span class='ocrx_word' id='word_1_820' title='bbox 1603 2489 1643 2516; x_wconf 85' lang='lat' dir='ltr'><strong>es,</strong></span> <span class='ocrx_word' id='word_1_821' title='bbox 1655 2489 1688 2510; x_wconf 90' lang='lat' dir='ltr'><strong>ne</strong></span> <span class='ocrx_word' id='word_1_822' title='bbox 1709 2482 1749 2509; x_wconf 87' lang='lat' dir='ltr'><strong>ti-</strong></span> 
     </span>
    </p>
   </div>
   <div class='ocr_carea' id='block_1_111' title="bbox 963 2521 1750 2563">
    <p class='ocr_par' dir='ltr' id='par_1_111' title="bbox 963 2521 1750 2563">
     <span class='ocr_line' id='line_1_111' title="bbox 963 2521 1750 2563; baseline 0.001 -9"><span class='ocrx_word' id='word_1_823' title='bbox 963 2535 1056 2554; x_wconf 89' lang='lat' dir='ltr'><strong>meas:</strong></span> <span class='ocrx_word' id='word_1_824' title='bbox 1070 2527 1145 2561; x_wconf 61' lang='lat' dir='ltr'><strong>vale,</strong></span> <span class='ocrx_word' id='word_1_825' title='bbox 1165 2527 1280 2554; x_wconf 76' lang='lat' dir='ltr'><strong>viriliter</strong></span> <span class='ocrx_word' id='word_1_826' title='bbox 1295 2534 1354 2562; x_wconf 77' lang='lat' dir='ltr'><strong>age,</strong></span> <span class='ocrx_word' id='word_1_827' title='bbox 1383 2531 1411 2554; x_wconf 90' lang='lat' dir='ltr'><strong>et</strong></span> <span class='ocrx_word' id='word_1_828' title='bbox 1434 2526 1601 2555; x_wconf 78' lang='lat' dir='ltr'><strong>confortare.</strong></span> <span class='ocrx_word' id='word_1_829' title='bbox 1626 2521 1750 2563; x_wconf 83' lang='lat' dir='ltr'><strong>Cumque</strong></span> 
     </span>
    </p>
   </div>
   <div class='ocr_carea' id='block_1_112' title="bbox 963 2573 1749 2608">
    <p class='ocr_par' dir='ltr' id='par_1_112' title="bbox 963 2573 1749 2608">
     <span class='ocr_line' id='line_1_112' title="bbox 963 2573 1749 2608; baseline 0.003 -8"><span class='ocrx_word' id='word_1_830' title='bbox 963 2574 1122 2608; x_wconf 85' lang='lat' dir='ltr'><strong>loqueretur</strong></span> <span class='ocrx_word' id='word_1_831' title='bbox 1135 2573 1194 2607; x_wconf 88' lang='lat' dir='ltr'><strong>ipse</strong></span> <span class='ocrx_word' id='word_1_832' title='bbox 1209 2581 1327 2605; x_wconf 89' lang='lat' dir='ltr'><strong>mecum,</strong></span> <span class='ocrx_word' id='word_1_833' title='bbox 1353 2573 1524 2601; x_wconf 87' lang='lat' dir='ltr'><strong>confortatus</strong></span> <span class='ocrx_word' id='word_1_834' title='bbox 1547 2581 1619 2607; x_wconf 91' lang='lat' dir='ltr'><strong>sum,</strong></span> <span class='ocrx_word' id='word_1_835' title='bbox 1637 2578 1664 2601; x_wconf 89' lang='lat' dir='ltr'><strong>et</strong></span> <span class='ocrx_word' id='word_1_836' title='bbox 1677 2574 1749 2602; x_wconf 85' lang='lat' dir='ltr'><strong>dixi:</strong></span> 
     </span>
    </p>
   </div>
   <div class='ocr_carea' id='block_1_113' title="bbox 963 2618 1678 2656">
    <p class='ocr_par' dir='ltr' id='par_1_113' title="bbox 963 2618 1678 2656">
     <span class='ocr_line' id='line_1_113' title="bbox 963 2618 1678 2656; baseline 0.004 -11"><span class='ocrx_word' id='word_1_837' title='bbox 963 2619 1103 2654; x_wconf 79' lang='lat' dir='ltr'><strong>Loquatur</strong></span> <span class='ocrx_word' id='word_1_838' title='bbox 1117 2618 1248 2646; x_wconf 90' lang='lat' dir='ltr'><strong>Dominus</strong></span> <span class='ocrx_word' id='word_1_839' title='bbox 1263 2626 1350 2651; x_wconf 84' lang='lat' dir='ltr'><strong>meus,</strong></span> <span class='ocrx_word' id='word_1_840' title='bbox 1365 2619 1429 2654; x_wconf 88' lang='lat' dir='ltr'><strong>quia</strong></span> <span class='ocrx_word' id='word_1_841' title='bbox 1442 2618 1612 2656; x_wconf 89' lang='lat' dir='ltr'><strong>_confortavit</strong></span> <span class='ocrx_word' id='word_1_842' title='bbox 1625 2627 1678 2648; x_wconf 87' lang='lat' dir='ltr'><strong>me.</strong></span> 
     </span>
    </p>
   </div>
   <div class='ocr_carea' id='block_1_114' title="bbox 998 2663 1751 2699">
    <p class='ocr_par' dir='ltr' id='par_1_114' title="bbox 998 2663 1751 2699">
     <span class='ocr_line' id='line_1_114' title="bbox 998 2663 1751 2699; baseline 0.003 -8"><span class='ocrx_word' id='word_1_843' title='bbox 998 2665 1043 2691; x_wconf 74' lang='lat'><strong>20.</strong></span> <span class='ocrx_word' id='word_1_844' title='bbox 1066 2663 1099 2690; x_wconf 88' lang='lat' dir='ltr'><strong>Et</strong></span> <span class='ocrx_word' id='word_1_845' title='bbox 1115 2664 1183 2692; x_wconf 87' lang='lat' dir='ltr'><strong>dixit</strong></span> <span class='ocrx_word' id='word_1_846' title='bbox 1199 2664 1232 2691; x_wconf 87' lang='lat' dir='ltr'><strong>ad</strong></span> <span class='ocrx_word' id='word_1_847' title='bbox 1248 2671 1290 2691; x_wconf 88' lang='lat' dir='ltr'><strong>me</strong></span> <span class='ocrx_word' id='word_1_848' title='bbox 1305 2673 1312 2691; x_wconf 89' lang='lat'><strong>:</strong></span> <span class='ocrx_word' id='word_1_849' title='bbox 1328 2663 1476 2699; x_wconf 80' lang='lat' dir='ltr'><strong>Cognoscis</strong></span> <span class='ocrx_word' id='word_1_850' title='bbox 1485 2672 1571 2698; x_wconf 88' lang='lat' dir='ltr'><strong>quare</strong></span> <span class='ocrx_word' id='word_1_851' title='bbox 1582 2665 1703 2692; x_wconf 82' lang='lat' dir='ltr'><strong>venerim</strong></span> <span class='ocrx_word' id='word_1_852' title='bbox 1718 2666 1751 2694; x_wconf 79' lang='lat' dir='ltr'><strong>ad</strong></span> 
     </span>
    </p>
   </div>
   <div class='ocr_carea' id='block_1_115' title="bbox 965 2710 1752 2747">
    <p class='ocr_par' dir='ltr' id='par_1_115' title="bbox 965 2710 1752 2747">
     <span class='ocr_line' id='line_1_115' title="bbox 965 2710 1752 2747; baseline -0.001 -9"><span class='ocrx_word' id='word_1_853' title='bbox 965 2711 1007 2738; x_wconf 85' lang='lat' dir='ltr'><strong>te?</strong></span> <span class='ocrx_word' id='word_1_854' title='bbox 1019 2710 1053 2738; x_wconf 89' lang='lat' dir='ltr'><strong>Et</strong></span> <span class='ocrx_word' id='word_1_855' title='bbox 1068 2719 1144 2743; x_wconf 77' lang='lat' dir='ltr'><strong>nune</strong></span> <span class='ocrx_word' id='word_1_856' title='bbox 1158 2714 1277 2738; x_wconf 85' lang='lat' dir='ltr'><strong>revertar</strong></span> <span class='ocrx_word' id='word_1_857' title='bbox 1292 2710 1324 2738; x_wconf 88' lang='lat' dir='ltr'><strong>ad</strong></span> <span class='ocrx_word' id='word_1_858' title='bbox 1338 2710 1512 2747; x_wconf 77' lang='lat' dir='ltr'><strong>pugnandum</strong></span> <span class='ocrx_word' id='word_1_859' title='bbox 1526 2717 1588 2737; x_wconf 88' lang='lat' dir='ltr'><strong>cum</strong></span> <span class='ocrx_word' id='word_1_860' title='bbox 1601 2711 1669 2738; x_wconf 86' lang='lat' dir='ltr'><strong>duce</strong></span> <span class='ocrx_word' id='word_1_861' title='bbox 1681 2712 1752 2745; x_wconf 76' lang='lat' dir='ltr'><strong>regis</strong></span> 
     </span>
    </p>
   </div>
   <div class='ocr_carea' id='block_1_116' title="bbox 964 2756 1751 2791">
    <p class='ocr_par' dir='ltr' id='par_1_116' title="bbox 964 2756 1751 2791">
     <span class='ocr_line' id='line_1_116' title="bbox 964 2756 1751 2791; baseline -0.003 -7"><span class='ocrx_word' id='word_1_862' title='bbox 964 2756 1119 2784; x_wconf 83' lang='lat' dir='ltr'><strong>Persarum.</strong></span> <span class='ocrx_word' id='word_1_863' title='bbox 1138 2756 1172 2782; x_wconf 82' lang='lat' dir='ltr'><strong>Et</strong></span> <span class='ocrx_word' id='word_1_864' title='bbox 1187 2763 1237 2791; x_wconf 79' lang='lat' dir='ltr'><strong>ego</strong></span> <span class='ocrx_word' id='word_1_865' title='bbox 1251 2756 1346 2789; x_wconf 89' lang='lat' dir='ltr'><strong>exivi,</strong></span> <span class='ocrx_word' id='word_1_866' title='bbox 1385 2761 1413 2784; x_wconf 86' lang='lat' dir='ltr'><strong>et</strong></span> <span class='ocrx_word' id='word_1_867' title='bbox 1427 2764 1490 2784; x_wconf 88' lang='lat' dir='ltr'><strong>ecce</strong></span> <span class='ocrx_word' id='word_1_868' title='bbox 1520 2756 1575 2784; x_wconf 88' lang='lat' dir='ltr'><strong>dux</strong></span> <span class='ocrx_word' id='word_1_869' title='bbox 1594 2756 1751 2784; x_wconf 74' lang='lat' dir='ltr'><strong>Graecorum</strong></span> 
     </span>
    </p>
   </div>
   <div class='ocr_carea' id='block_1_117' title="bbox 965 2801 1097 2829">
    <p class='ocr_par' dir='ltr' id='par_1_117' title="bbox 965 2801 1097 2829">
     <span class='ocr_line' id='line_1_117' title="bbox 965 2801 1097 2829; baseline -0.015 0"><span class='ocrx_word' id='word_1_870' title='bbox 965 2801 1097 2829; x_wconf 84' lang='lat' dir='ltr'><strong>introivit.</strong></span> 
     </span>
    </p>
   </div>
   <div class='ocr_carea' id='block_1_118' title="bbox 1003 2845 1751 2882">
    <p class='ocr_par' dir='ltr' id='par_1_118' title="bbox 1003 2845 1751 2882">
     <span class='ocr_line' id='line_1_118' title="bbox 1003 2845 1751 2882; baseline -0.004 -8"><span class='ocrx_word' id='word_1_871' title='bbox 1003 2847 1048 2874; x_wconf 67' lang='lat'><strong>21.</strong></span> <span class='ocrx_word' id='word_1_872' title='bbox 1071 2846 1103 2874; x_wconf 77' lang='lat' dir='ltr'><strong>Et</strong></span> <span class='ocrx_word' id='word_1_873' title='bbox 1116 2854 1181 2874; x_wconf 88' lang='lat' dir='ltr'><strong>sane</strong></span> <span class='ocrx_word' id='word_1_874' title='bbox 1194 2846 1334 2874; x_wconf 82' lang='lat' dir='ltr'><strong>ostendant</strong></span> <span class='ocrx_word' id='word_1_875' title='bbox 1356 2846 1405 2874; x_wconf 90' lang='lat' dir='ltr'><strong>tibi</strong></span> <span class='ocrx_word' id='word_1_876' title='bbox 1421 2847 1556 2882; x_wconf 62' lang='lat' dir='ltr'><strong>praecipua</strong></span> <span class='ocrx_word' id='word_1_877' title='bbox 1575 2845 1601 2873; x_wconf 91' lang='lat' dir='ltr'><strong>in</strong></span> <span class='ocrx_word' id='word_1_878' title='bbox 1615 2845 1751 2880; x_wconf 76' lang='lat' dir='ltr'><strong>scriptura</strong></span> 
     </span>
    </p>
   </div>
  </div>
