1967 3079
219 146 287 173 9323

878 136 1002 164 DANIEL
1025 135 1138 163 JUX‘I‘A
1158 135 1239 162 LXX.

1777 135 1830 164 282'
1835 137 1848 164 ι

221 203 341 231 veritatis
355 213 361 230 :
379 207 405 230 et
422 210 502 230 nemo
511 207 581 234 erat,
593 201 639 237 qui
654 200 795 236 adjuvaret
805 205 848 226 me
864 197 1004 233 superbis,

1069 196 1197 230 ιληθειας·
1219 196 1266 222 καὶ
1284 195 1373 228 οὐδεὶς
1393 194 1427 231 ἦν
1447 197 1461 222 ὁ
1484 195 1588 231 βοηθῶν
1606 197 1663 230 μετ’
1689 196 1758 232 ἐμοῦ
1780 197 1849 232 ὺπλρ

220 250 272 277 nisi
291 249 404 277 Michael
426 248 549 284 angelus.

516 303 630 332 CAPUT
654 303 698 330 XI.

258 349 283 376 l.
304 348 336 376 Et
350 357 421 376 anno
435 349 522 384 primo
533 349 595 384 Cyri
610 349 679 384 regis
704 348 771 376 dixit
795 348 874 380 mibi,
892 353 921 375 ut
941 355 1007 375 con-

222 394 346 427 fortarer.
359 400 385 422 et
400 395 512 422 viriliter
527 402 643 430 agerem.

254 440 282 468 2.
301 440 335 467 Et
364 448 436 467 nunc
461 440 534 472 veni,
558 444 588 466 ut
613 441 753 468 veritatem
789 440 1005 468 demonstrarem

221 486 278 514 tibi.
291 486 359 514 Ecce
371 492 425 514 tres
440 495 516 522 reges
527 488 686 515 restiterunt
710 488 736 514 in
753 486 873 518 Perside,
883 491 910 513 et
924 494 1006 521 quar-

221 537 263 559 tus
281 532 411 559 dilabitur
428 533 529 560 divitiis
543 533 649 568 magnis
667 540 749 567 super
765 539 880 559 omnes:
899 537 924 558 et
942 539 1004 559 cum

220 579 366 606 roboratus
377 578 458 606 fuerit
473 579 529 613 ipse
543 579 570 606 in
586 579 688 606 divitiis
701 579 770 611 suis,
789 579 911 613 insurget
925 585 1007 612 super

220 633 329 652 omnem
345 633 434 659 regem
449 624 605 652 Graecorum
611 646 617 651 .

256 671 282 697 5.
305 670 338 697 Et
355 671 439 698 stabit
455 678 500 697 rex
520 676 627 706 potens,
640 675 666 697 et
680 670 867 697 dominabitur
882 669 1007 697 domina-

221 717 295 744 tione
307 718 403 750 multa,
419 722 446 744 et
461 717 542 745 faciet
558 717 629 744 sicut
640 717 766 744 voluerit.

255 763 282 790 4.
304 762 337 790 Et
356 771 418 790 cum
439 763 574 790 exaltatus
596 762 678 789 fuerit
696 762 762 797 ipse.
785 762 942 789 coneidetur
967 769 1007 788 re-

221 816 303 842 gnum
320 809 380 843 ejus
392 831 399 842 ,
419 815 446 836 et
469 809 607 836 dividetur
630 808 656 834 in
674 813 791 843 quatuor
821 811 916 835 ventos
933 807 1005 839 caeli,

223 860 276 880 non
293 854 443 881 secundum
460 854 532 881 vires
551 853 623 888 ejus,
639 861 726 888 neque
747 853 824 887 juxta
841 853 1007 880 dominatio-
1022 873 1042 899 Β

222 906 282 925 nem
296 899 366 934 ejus,
379 907 431 934 qua
444 899 599 926 dominatus
611 903 661 930 est,
681 899 744 933 quia
769 898 874 925 deficiet
891 906 1004 933 regnum

223 944 293 978 ejus,
309 949 336 971 et
352 945 421 972 alios
434 945 570 972 docebunt
589 945 650 972 ista.

255 989 282 1016 5.
304 988 336 1015 Ει
351 989 550 1016 confortabitur
570 996 682 1023 regnum
703 988 822 1024 Egypti,
847 993 872 1016 et
888 997 959 1016 unus
972 989 1007 1017 de

220 1033 391 1068 principibus
403 1034 558 1069 praevalebit
572 1035 607 1067 ei,
624 1038 650 1061 et
676 1033 862 1062 dominabitur
881 1044 887 1061 :
915 1034 1004 1062 domi~

221 1081 296 1107 natio
309 1088 417 1116 magna,
433 1080 584 1108 dominatio
601 1080 669 1115 ejus.

255 1125 282 1152 6.
304 1126 336 1152 Et
352 1126 378 1152 in
395 1126 474 1153 ﬁnem
491 1133 625 1153 annorum
651 1126 766 1153 adducet
789 1133 837 1153 eos
853 1135 860 1152 :
875 1131 899 1153 et
917 1126 1004 1161 ingre-

220 1169 310 1198 dictur
337 1178 384 1198 rex
408 1170 515 1205 Egypti
534 1171 561 1197 iu
586 1178 698 1205 regnum
722 1170 864 1205 Aquilonis
886 1171 1005 1197 facturus

222 1216 335 1249 fuedera,
351 1221 377 1243 et
392 1224 445 1243 non
462 1216 629 1250 praevalebit,
643 1217 706 1250 quia
723 1216 866 1244 brachium
883 1216 1004 1250 ejusnon

223 1262 305 1289 stabit
320 1261 490 1294 fortitudine,
510 1266 536 1289 et
562 1261 704 1288 brachium
730 1261 790 1295 ejus
819 1265 963 1296 torpescet.
979 1266 1006 1289 et

220 1315 328 1340 eorum,
342 1307 389 1342 qui
417 1307 583 1335 conveniunt
603 1315 666 1334 cum
693 1314 746 1339 eo;
775 1311 801 1334 et
836 1309 956 1335 manebit
972 1309 1006 1336 ad

221 1352 315 1381 horas.

258 1398 285 1427 7.
306 1398 339 1425 Et
352 1403 444 1433 surget
458 1406 567 1433 germen
579 1399 613 1426 de
638 1399 730 1426 radice
743 1399 803 1434 ejus
816 1406 865 1434 pro
881 1400 956 1434 ipso:
978 1404 1005 1426 et

221 1444 313 1471 veniet
340 1444 372 1471 ad
397 1445 544 1471 exercitum
567 1444 626 1478 ejus
657 1445 683 1471 in
704 1444 863 1472 fortitudine
890 1453 938 1472 sua
959 1453 1004 1472 rex

222 1489 378 1524 Aquilonis,
388 1494 414 1517 et
428 1489 509 1517 faciet
524 1490 681 1521 tumultum.
702 1495 729 1517 et
743 1490 908 1524 praevalebit.

256 1582 282 1609 8.
304 1582 338 1608 Et
351 1581 418 1609 deos
441 1589 535 1609 eorum
562 1582 700 1610 subvertet
729 1590 790 1609 cum
820 1582 1004 1610 conﬂatilibus

221 1635 328 1661 eorum,
344 1634 371 1656 et
383 1629 476 1657 turbas
499 1636 593 1656 eorum
612 1636 674 1656 cum
701 1629 773 1656 vasis
806 1629 1004 1656 desideriorum

221 1681 347 1708 suorum,
361 1679 498 1709 argentum
535 1678 561 1700 et
580 1682 677 1700 aurum
696 1674 722 1700 in
741 1674 897 1709 captivitate
912 1682 1006 1709 aspor—

223 1719 319 1748 tabunt
334 1720 360 1746 in
377 1719 539 1755 Egyptum;
560 1724 588 1748 et
600 1721 652 1748 erit
667 1728 756 1748 annus
772 1721 827 1756 regi
850 1721 1004 1756 Aquilonis.

257 1811 284 1838 9.
304 1810 337 1838 Et
351 1812 515 1846 ingredietur
530 1812 557 1840 in
575 1820 688 1847 regnum
704 1821 750 1841 rex
767 1813 872 1850 .IEgypti
892 1814 925 1841 ad
937 1815 1009 1847 dies,

222 1862 249 1884 ει
267 1862 417 1885 revertetur
433 1858 465 1885 ad
482 1863 581 1885 terram
594 1866 681 1885 suam.

260 1904 304 1931 to.
325 1903 357 1931 Et
373 1904 445 1932 ﬁlius
461 1904 521 1938 ejus
536 1904 617 1931 etiam
637 1904 842 1938 provoeabitur.
853 1910 881 1932 et
898 1906 1008 1942 colliget

223 1950 459 1985 congregationem
485 1949 570 1976 turbae
594 1950 695 1980 multm,
722 1955 748 1977 et
765 1951 930 1985 ingredietur
944 1959 1006 1979 cum

223 2003 253 2022 ea
269 1996 401 2023 adversus
416 1994 509 2030 Syros,
526 1995 713 2029 pertransibit,
737 1999 763 2022 et
776 2000 934 2023 revertetur.

258 2041 301 2068 ll.
322 2041 355 2068 Et
367 2041 573 2068 exacerbabitur
591 2041 810 2074 vehementemet
823 2041 1008 2076 indignabitur

223 2095 270 2115 rex
289 2087 397 2123 Egypti
419 2091 445 2114 et
462 2087 624 2128 egredietur.
649 2086 681 2113 Et
693 2087 824 2123 pugnabit
856 2095 917 2116 cum
945 2096 1007 2124 rege

222 2133 374 2168 Aquilonis,
395 2137 422 2160 et
440 2137 538 2161 statuet
559 2133 667 2160 turbam
688 2133 812 2165 multam,
830 2138 857 2161 et
887 2135 1007 2162 tradetur

222 2178 394 2212 congregatio
410 2179 438 2204 in
456 2185 553 2204 manus
565 2178 634 2212 ejus.

259 2268 303 2296 li.
325 2267 357 2295 Et
371 2269 458 2303 capiet
473 2269 723 2304 congregationem,
739 2274 767 2296 et
780 2268 945 2296 cxaltabitur
959 2276 1006 2296 cor

222 2313 292 2349 ejus,
307 2319 334 2341 et
351 2314 470 2341 turbabit
485 2315 594 2347 multos,
607 2319 696 2342 etnon
714 2313 819 2341 timebit

259 2406 302 2433 15.
326 2406 358 2433 Et
373 2410 522 2433 revertetur
539 2413 586 2432 rex
604 2405 759 2440 Aquilonis,
787 2410 813 2432 et
833 2405 1006 2440 eongregabit

225 2452 347 2479 civitatis
372 2452 610 2487 congregationem
639 2451 769 2486 majorem
791 2452 861 2479 ultra
878 2452 1007 2486 priorem.

225 2498 373 2524 secundum
388 2497 649 2525 consummationem
677 2498 806 2532 temporis
827 2497 910 2524 anni:
927 2502 953 2524 et
967 2497 1008 2524 in-

224 2543 361 2577 gredietur
380 2543 406 2570 in
423 2551 483 2570 eam
499 2543 627 2570 adversus
642 2551 703 2570 eum
721 2543 747 2570 in
771 2543 849 2570 turba
872 2543 966 2574 multa,
982 2547 1009 2570 et

225 2588 252 2614 in
272 2587 368 2621 opibus
383 2588 485 2614 multis.

260 2632 304 2660 Η.
326 2632 355 2658 ln
371 2634 538 2668 temporibus
559 2633 611 2661 illis
619 2634 796 2669 cogitationes
809 2639 1009 2668 surgentsupcr

225 2685 316 2712 regem
333 2676 452 2713 Egypti,
471 2682 499 2706 et
522 2679 658 2713 reparabit
678 2679 771 2706 ruinas
795 2679 882 2713 gentis
897 2683 949 2706 tua:
962 2689 968 2705 :
983 2685 1008 2706 et

226 2723 400 2756 excitabitur,
418 2728 447 2750 ut
474 2732 585 2759 surgere
606 2724 688 2752 faciat
711 2725 880 2759 prophetiam
895 2733 901 2755 ;
919 2730 945 2751 et
960 2725 1009 2751 im-

227 2769 347 2804 pingent.

261 2815 305 2841 15.
327 2813 359 2840 Et
375 2814 547 2848 superveniet
574 2821 619 2841 rex
646 2815 800 2850 Aquilonis,
832 2820 857 2844 et
872 2821 1010 2844 convertet

229 2868 302 2888 arma
317 2867 378 2893 sua,
391 2865 417 2888 et
440 2859 528 2895 capiet
555 2859 649 2886 urbem
675 2861 827 2888 munitam:
851 2866 877 2889 (ιι
899 2861 1009 2889 brachia

1059 242 1171 274 τούτων,
1186 242 1244 269 ἀλλ’
1258 242 1273 277 ἧ
1285 241 1396 277 Μιχαὴλ
1411 243 1426 268 6
1438 241 1562 276 ἄγγελος.

1351 299 1475 326 ΚΕΦΑΛ.
1493 298 1542 326 IA'.

1094 345 1118 371 l.
1137 344 1190 371 Kal
1207 345 1236 371 ὲν
1254 344 1293 380 τῷ
1303 346 1421 381 ἐνιαυτῷ
1434 345 1473 381 τῷ
1486 345 1586 382 πρώτῳ
1601 347 1692 381 Κύρου
1704 346 1752 373 τοῦ
1772 347 1849 382 βασι-

1056 390 1125 422 λέως
1136 388 1214 417 εἶπέν
1233 399 1278 425 μοι
1295 391 1445 426 ἐνισχύσαι,
1465 392 1512 419 καὶ
1527 392 1710 427 ἀνδρίζεσθαι.

1091 436 1119 463 2.
1138 436 1193 463 Καὶ
1215 436 1261 462 νῦν
1277 434 1358 471 ἦλθον
1387 437 1436 473 τὴν
1465 437 1592 472 ἀλήθειαν
1619 437 1758 471 ὑποδεῖξαί
1788 446 1849 466 σοι·

1063 482 1128 509 Ἰδοὺ
1140 484 1214 517 τρεξ
1226 482 1345 518 βασιλεῖς
1360 483 1560 519 ἀνθεστήκασιν
1573 484 1602 510 ὲν
1614 485 1647 519 τῇ
1664 484 1786 519 Περσίδι,
1804 486 1849 512 καὶ

1056 529 1070 554 6
1085 528 1214 564 τέταρτος
1232 529 1377 564 πλουτήσει
1401 529 1516 556 πλοῦτον
1531 530 1618 564 μέγαν
1630 529 1707 565 παρᾶ
1726 531 1847 562 πάντας·

1057 575 1104 601 καὶ
1126 576 1155 601 ὲν
1179 574 1218 610 τῷ
1239 575 1403 611 κατισχύσαι
1420 576 1501 603 αὐτὸν
1521 577 1551 602 ἐν
1577 577 1616 611 τῷ
1629 577 1738 612 πλούτῳ
1754 578 1846 608 αὑτοῦ.

1056 619 1274 655 ἐπαναστήσεται
1290 621 1370 647 παντὶ
1388 621 1495 655 βασιλεῖ
1512 621 1657 657 Ἑλλήνων.

1092 665 1119 692 3.
1135 665 1190 692 Καὶ
1214 667 1343 701 στήσεται
1357 667 1483 701 βασιλεὺς
1505 667 1626 700 δυνατὸς,
1646 669 1692 695 καὶ
1709 670 1848 704 κυριεύσει

1057 711 1167 746 κυρείας
1185 711 1295 746 πολλῆς,
1310 713 1357 738 καὶ
1373 714 1481 748 ποιήσει
1495 713 1585 745 καθὼς
1602 714 1634 740 ἂν
1650 714 1790 750 βούληται.

1091 755 1118 782 4.
1133 757 1189 783 Kal
1209 757 1238 783 ἐν
1264 757 1302 792 τῷ
1322 759 1469 793 ἀναστῆναι
1495 759 1576 785 αὐτον
1600 760 1812 795 συντριϐήσεται
1833 762 1849 796 ή

1058 801 1179 836 βασιλεία
1192 803 1283 836 αὑτοῦ,
1301 804 1349 830 καὶ
1365 804 1558 840 μερισθήσεται
1573 806 1613 837 είς
1625 806 1689 837 τοὺς
1711 807 1850 842 τέσσαρας

1058 849 1176 885 ἀνέμους
1190 849 1238 876 τοῦ
1254 850 1386 885 οὺρανοῑν
1400 851 1430 877 οὐ
1443 852 1513 878 κατὰ
1528 852 1576 886 τὴν
1596 851 1681 887 ἀλκὴν
1693 852 1777 879 αὑτοῦ
1788 853 1849 880 οὐδὲ

1058 894 1128 921 κατὰ
1139 894 1187 931 τὴν
1197 895 1309 930 κυρείαν
1324 896 1418 929 αὑτοῦ,
1432 897 1465 932 ἠν
1476 897 1662 930 ἐδυνάστευσε,
1675 898 1716 925 ὅτι
1728 899 1849 925 ἀποστα-

1057 939 1193 975 Θήσεταιή
1211 940 1336 975 βασιλεία
1349 942 1441 972 αὐτοῦ.
1452 943 1498 969 καὶ
1512 943 1622 979 ἐτέρους
1638 944 1739 977 διδάξει
1750 944 1847 972 ταῦτα.

1092 985 1118 1012 5.
1136 986 1191 1012 Kal
1205 986 1341 1021 ὲνισχὺσει
1359 987 1498 1022 βασιλείαν
1520 989 1668 1022 Αἰγύπτου,
1685 989 1734 1015 καὶ
1751 986 1792 1020 εἷς
1817 991 1848 1016 ἐκ

1056 1030 1110 1057 τῶν
1123 1030 1262 1058 δυναστῶν
1286 1032 1444 1068 κατισχύσει
1467 1033 1559 1065 αὐτὸν,
1585 1035 1632 1061 καὶ
1655 1035 1847 1062 ευναστεύσει·

1056 1076 1200 1103 δυναστεία
1215 1077 1321 1113 μεγάλη
1337 1080 1353 1113 ἡ
1367 1078 1508 1105 δυναστεία
1522 1079 1616 1106 αὑτοῦ.

1091 1121 1118 1148 6.
1132 1122 1187 1149 Kal
1201 1124 1241 1154 εἰς
1259 1124 1415 1150 συντέλειαν
1432 1125 1564 1151 ἐνιαυτῶν
1589 1125 1648 1159 ἄξει
1670 1127 1784 1159 αὐτούς·
1801 1129 1849 1155 καὶ

1056 1167 1238 1195 εἰσελεύσεται
1253 1169 1380 1204 βασιλεὺς
1390 1170 1528 1204 Αἰγύπτου
1541 1172 1579 1202 εἰς
1589 1171 1636 1207 τὴν
1646 1172 1787 1206 βασιλείαν
1799 1174 1848 1209 τὴν

1057 1213 1147 1249 Βορρἆ
1161 1214 1327 1250 ποιήσασθαι
1343 1215 1489 1251 συνθήκας,
1506 1217 1554 1242 καὶ
1574 1217 1604 1243 οὐ
1624 1218 1662 1252 μὴ
1674 1219 1846 1255 κατισχύσει,

1056 1259 1097 1286 ὅτι
1110 1260 1124 1285 6
1142 1259 1260 1295 βραχίων
1270 1260 1353 1286 αὑτοῦ
1368 1261 1399 1287 οὐ
1416 1263 1508 1296 στήσει
1529 1263 1619 1297 ἰσχὺν,
1639 1265 1685 1290 καὶ
1699 1265 1714 1290 6
1725 1265 1848 1301 βραχίων

1055 1305 1137 1332 αὑτοῦ
1157 1306 1299 1341 ναρκήσει,
1315 1307 1361 1333 καὶ
1376 1307 1430 1333 τῶν
1447 1309 1696 1344 συμπορευομένων
1715 1313 1775 1345 μετ’
1799 1313 1849 1339 αὐ-

1055 1350 1112 1382 τοῦ,
1130 1351 1177 1378 καὶ
1193 1353 1269 1386 μενεῖ
1282 1352 1323 1383 εἰς
1335 1351 1421 1387 ὥρας.

1091 1396 1116 1423 ’1.
1131 1397 1185 1424 K'al
1197 1397 1380 1433 ἀναστήσεται
1393 1398 1476 1432 φυτὸν
1491 1399 1522 1425 ἐκ
1534 1400 1582 1434 τῆς
1592 1399 1671 1436 ῥίζης
1686 1402 1771 1429 αὑτοῦ
1786 1404 1847 1430 καθ¹

1056 1443 1161 1475 ἑαυτὸν,
1178 1443 1225 1469 καὶ
1237 1443 1297 1478 ἥξει
1311 1444 1358 1470 ἐπὶ
1373 1444 1422 1479 τὴν
1435 1444 1551 1479 δύναμιν
1567 1446 1650 1473 αὑτοῦ
1665 1448 1695 1473 ὲν
1712 1449 1785 1483 ίσχιῖῖ
1797 1449 1847 1476 αὗ-

1055 1490 1101 1516 τοῦ
1117 1489 1242 1522 βασιλεὺς
1258 1489 1357 1526 Βορρᾶ,
1369 1491 1416 1516 καὶ
1438 1491 1545 1526 ποιήσει
1560 1493 1692 1528 ταραχὴν,
1715 1495 1764 1521 καὶ
1783 1504 1835 1522 κατ

1020 1535 1043 1566 C
1060 1535 1174 1571 ισχύσει.

1091 1583 1119 1609 8.
1133 1583 1188 1610 Kal
1203 1583 1267 1615 τοὺς
1287 1584 1365 1615 θεοὺς
1380 1584 1471 1611 αὐτῶν
1494 1585 1679 1620 καταστρέψει
1699 1585 1769 1622 μετὰ
1793 1586 1848 1614 τῶν

1056 1629 1198 1664 χωνευτῶν
1211 1629 1312 1663 αὐτῶν,
1327 1629 1450 1661 καὶτοὺς
1471 1629 1567 1664 ὗχλους
1588 1631 1678 1658 αὐτῶν
1701 1632 1771 1666 μετὰ
1793 1632 1847 1659 τῶν

1058 1675 1162 1701 σκευῶν
1171 1674 1224 1701 τῶν
1240 1674 1457 1710 ἐπιθυμημάτων
1477 1676 1578 1708 αὐτῶν,
1606 1677 1636 1703 τὸ
1651 1677 1782 1713 ἀργύριον
1800 1679 1848 1705 καὶ

1056 1721 1086 1746 τδ
1097 1720 1205 1756 χρυσίον
1225 1721 1254 1747 ὲν
1268 1721 1443 1756 αἰχμαλωσίᾳ
1456 1721 1614 1748 ἀποίσουσιν
1633 1724 1674 1755 εἰς
1696 1723 1845 1758 Αἴγυπτον.

1057 1766 1103 1792 καὶ
1117 1766 1193 1792 ἔσται
1210 1766 1269 1798 ἔτος
1283 1766 1388 1801 βασιλεῖ
1406 1767 1506 1803 Βορρἄ

1092 1811 1118 1838 9.
1135 1812 1190 1838 Kal
1204 1811 1386 1839 εἰσελεύσεται
1403 1813 1444 1845 εἰς
1464 1813 1602 1848 βασιλείαν
1619 1814 1745 1849 βασιλεὺς
1761 1816 1847 1851 Αἰγύ‹

1057 1866 1123 1884 πτου
1140 1857 1256 1894 ἡμέρας,
1273 1859 1319 1884 καὶ
1335 1859 1493 1894 ἐπιστρέψει
1508 1860 1554 1887 ἐπὶ
1568 1861 1617 1896 τὴν
1634 1861 1684 1896 γῆν
1697 1862 1792 1890 αὑτοῦ.

1092 1903 1135 1931 10.
1147 1903 1203 1931 Kal
1213 1904 1227 1931 6
1244 1904 1301 1936 υἱὸς
1315 1904 1397 1931 αὑτοῦ
1423 1906 1470 1932 καὶ
1485 1905 1702 1941 ἐρεθισοήσεται,
1718 1908 1767 1935 καὶ
1783 1917 1845 1935 συν-

1058 1949 1116 1982 άξει
1136 1950 1298 1985 συναγωγὴν
1312 1950 1390 1985 ὄχλου
1407 1950 1516 1983 πολλοῦ,
1528 1952 1575 1978 καί
1585 1953 1770 1980 εἰσελεύσεται
1785 1955 1845 1981 κατ’

1058 1995 1142 2030 αὐτὴν
1157 1995 1228 2022 κατὰ
1243 1995 1347 2030 Σύρων,
1365 1996 1572 2031 παρελεύσεται,
1596 2000 1642 2026 καὶ
1655 2000 1825 2035 ἐπιστρέψει.

1094 2041 1137 2067 Η.
1153 2041 1207 2067 Καὶ
1223 2041 1455 2076 παροξυνθήσετειι
1469 2043 1515 2069 ἐπὶ
1531 2043 1609 2076 πολὺ,
1625 2045 1672 2071 καὶ
1684 2045 1844 2081 ὀργισθήσε-

1058 2094 1101 2112 ται
1117 2085 1240 2120 βασιλεὺς
1256 2086 1392 2119 Αἰγύπτου
1409 2088 1443 2120 Χ
1454 2088 1500 2114 καὶ
1517 2087 1685 2120 ἐξελεύσεται
1697 2091 1725 2126 /.
1736 2092 1784 2117 καὶ
1799 2100 1844 2119 πο-

1058 2131 1171 2166 λεμήσει
1193 2130 1262 2166 μετὰ
1283 2131 1413 2165 βασιλέως
1433 2132 1524 2168 Βορῤᾶ
1536 2135 1570 2168 χ
1586 2135 1633 2161 καὶ
1657 2137 1752 2171 στήσει
1769 2137 1844 2172 ὄχλον

1060 2177 1143 2203 πολὺν
1155 2176 1183 2212 /.
1200 2175 1246 2203 καὶ
1264 2176 1447 2212 παραδοθήσει
1467 2179 1484 2214 ἡ
1503 2180 1648 2214 συναγωγὴ
1665 2181 1704 2212 εἰς
1725 2181 1776 2213 τὰς
1792 2183 1846 2216 χεῖ-

1061 2231 1109 2258 ρας
1125 2221 1218 2249 αὑτοῦ.

1096 2267 1140 2294 12.
1159 2267 1213 2293 Kal
1226 2266 1340 2302 λήψεται
1353 2267 1401 2303 τὴν
1417 2269 1587 2303 συναγωγὴν,
1613 2270 1659 2296 καὶ
1671 2270 1845 2306 ὑψωθήσεται

1057 2315 1074 2350 ἡ
1089 2313 1188 2348 καρδία
1203 2312 1285 2339 αὑτοῦ
1298 2333 1303 2345 ,
1320 2312 1366 2340 καὶ
1381 2314 1493 2350 ταράξει
1509 2315 1632 2348 πολλοὺς,
1647 2316 1695 2343 καὶ
1705 2318 1736 2343 οὐ
1750 2317 1788 2353 μὴ
1799 2327 1844 2352 φο-

1058 2360 1139 2396 6ηοῇ.

1094 2406 1136 2433 15.
1148 2406 1203 2431 Καὶ
1222 2404 1380 2440 ἐπιστρέψει
1403 2404 1528 2438 βασιλεὺς
1547 2405 1649 2441 Βορρᾶ,
1673 2407 1720 2433 καὶ
1739 2408 1844 2440 συνάξει

1058 2451 1163 2482 πόλεως
1177 2451 1338 2485 συναγωγὴν
1358 2450 1467 2485 μείζονα
1486 2451 1560 2486 παρὰ
1578 2451 1627 2485 τὴν
1640 2452 1761 2487 πρώτην,
1774 2453 1844 2479 κατὰ

1060 2496 1213 2523 συντέλειαν
1241 2495 1338 2531 καιροῦ
1360 2495 1501 2527 ἐνιαυτοῦ,
1527 2497 1574 2522 καὶ
1598 2497 1781 2524 εἰσελεύσεται
1806 2499 1845 2529 εἰς

1059 2542 1142 2576 αὐτὴν
1155 2543 1197 2568 ἐπ’
1211 2542 1291 2568 αὐτὸν
1303 2543 1331 2567 ἐν
1345 2541 1415 2576 ὄχλῳ
1429 2541 1529 2576 πολλῷ,
1544 2542 1591 2568 καὶ
1608 2543 1638 2569 ὲν
1649 2543 1773 2578 χρήμασι
1781 2543 1844 2570 πολ-

1059 2588 1112 2614 λοῖς
1117 2609 1124 2614 .

1095 2633 1137 2660 16.
1154 2634 1208 2660 Kal
1222 2634 1250 2660 ὲν
1265 2635 1320 2665 τοῖς
1337 2636 1442 2669 καιροῖς
1460 2635 1574 2666 ἐκείνοις
1591 2634 1706 2662 διάνοιαι
1729 2635 1848 2670 ἀναστή-

1061 2688 1149 2706 σονται
1163 2679 1209 2705 ἐπὶ
1223 2680 1268 2705 τὸν
1283 2679 1394 2714 βασιλέα
1403 2681 1553 2714 Αἰγύπτου,
1570 2680 1618 2707 καὶ
1640 2680 1843 2716 ἀνοικοδομήσει

1060 2723 1093 2750 τὰ
1111 2724 1272 2750 πεπτωκότα
1295 2723 1340 2750 τοῦ
1358 2724 1450 2756 ἓονους
1467 2733 1524 2756 σου,
1547 2724 1594 2750 καὶ
1605 2724 1790 2759 ἀναστήσεται
1807 2724 1844 2755 εις

1059 2769 1089 2795 το
1105 2769 1255 2805 ἀναστῆσαι
1267 2769 1314 2804 τὴν
1331 2770 1508 2805 προφητείαν,
1522 2769 1569 2796 καὶ
1582 2768 1777 2805 προσκόψουσι.

1097 2815 1138 2841 l5.
1156 2815 1210 2841 Kal
1223 2814 1397 2842 ἐπελεύσεται
1409 2815 1533 2850 βασιλεὺς
1545 2814 1646 2851 Βορρἃ
1660 2814 1707 2841 καὶ
1720 2813 1846 2849 ἐπιστρέ-

1061 2861 1106 2895 ψει
1120 2861 1153 2887 τὰ
1165 2860 1264 2896 δόρατα
1275 2860 1368 2894 αὐτοῦ,
1381 2861 1427 2887 καὶ
1438 2860 1552 2896 λήψεται
1565 2861 1614 2896 τὴν
1628 2860 1704 2887 πόλιν
1723 2859 1773 2894 τὴν
1783 2858 1844 2894 ὀχυ-
