1967 3079
107 152 181 180 9323'

827 155 940 183 CAPUT
963 158 1007 184 Xi.

1661 165 1731 193 2826

107 208 167 242 ρὰν,
185 206 231 233 καὶ
246 207 272 233 oi
283 207 426 242 βραχίονες
443 209 573 244 βασιλέως
591 210 728 244 Αἰγύπτου
753 211 890 245 στήσονται

956 215 1019 249 uagis
1037 215 1145 250 :Egypti
1161 217 1270 244 stalmnt
1286 226 1346 244 (‘tltlt
1360 218 1528 252 principibus
1553 219 1619 252 suis,
1636 224 1662 247 et
1677 228 1730 248 non

107 252 179 286 μετὰ
194 251 248 279 τῶν
261 252 401 280 δυναστῶν
416 253 510 286 αὑτοῦ,
526 255 572 281 καὶ
587 255 636 282 οὐκ
646 255 718 282 ἔσται
730 255 803 291 αὐτῷ
819 257 895 291 ἰσχὺς

106 297 147 328 είς
159 296 191 324 τὺ
203 298 364 333 ἀντιστῆναι
379 298 463 334 αὐτῷ.

145 342 188 370 i6.
206 343 261 370 Kal.
276 345 384 379 ποιήσει
398 345 412 370 ὸ
427 345 651 381 εἰσπορευόμενος
671 347 715 374 ἐπ’
725 347 805 374 αὐτὸν
826 347 896 374 κατὰ

105 387 138 414 τὺ
151 387 258 422 Θέλημα
270 388 363 421 αὑτοῦ,
380 389 427 415 καὶ
443 389 492 415 οὐκ
506 389 581 416 ἔσται
601 391 615 417 ὁ
630 391 802 428 ἀνθεστηκὼς
820 394 896 419 ἐναν-

105 433 163 460 τίον
178 433 276 460 αὑτοῦ·
293 434 340 460 καὶ
356 435 484 469 στήσεται
506 436 535 462 ὲν
552 437 585 471 τῇ
598 435 691 472 χώρᾳ,
711 438 756 464 καὶ
777 438 896 465 ἐπιτελε-

106 478 238 514 σθήσεται
250 479 338 505 πάντα
349 479 384 506 τὰ
397 480 426 506 ἐν
437 481 495 512 ταῖς
512 481 606 515 χερσὶν
623 481 717 508 αὑτοῦ.

141 525 185 552 17.
201 525 256 551 Καὶ
269 525 350 552 δώσει
363 525 393 552 τὺ
404 525 550 561 πρόσωπον
566 526 648 554 αὑτοῦ
665 527 788 554 ἐπελθεῖν
800 527 846 563 βίᾳ
865 530 895 556 τὸ

104 569 187 605 ἔργον
211 570 306 604 αὐτοῦ,
335 572 382 598 καὶ
406 572 543 608 συνθήκας
559 574 618 608 μετ’
634 573 716 600 αὑτοῦ
733 575 893 610 ποιήσεται·

103 616 151 642 καὶ
170 616 307 652 θυγατέρα
325 617 469 652 ἀνθρώπου
493 617 573 645 δώσει
593 619 668 655 αὺτῷ
685 621 724 652 είς
740 621 770 647 τὸ
785 621 894 657 φθεῖραι

102 663 200 698 αὐτὴν,
213 663 259 690 καὶ
276 663 307 690 οὑ
321 664 454 695 πείσεται,
474 665 521 691 καὶ
531 665 581 692 οὐκ
593 665 679 692 ἔσται.

140 709 184 736 i8.
200 709 256 736 Καὶ
271 709 349 735 δώσει
364 709 393 736 τὸ
411 710 557 745 πρόσωπον
571 711 654 737 αὑτοῦ
666 713 712 738 ἐπὶ
725 712 774 748 τὴν
791 711 894 739 θάλασ-

102 762 165 786 σαν,
178 755 225 780 καὶ
239 754 355 789 λήψεται
367 755 491 789 πολλοὺς,
506 756 552 782 καὶ
564 757 720 792 ἐπιστρέψει
733 758 817 793 ὀργήν
826 758 894 784 ὀνει-

100 799 200 834 δισμοῦ
216 799 305 826 αὐτῶν
321 801 349 826 ὲν
361 801 435 836 ὅρκῳ
453 801 524 828 κατὰ
541 803 585 828 τὸν
599 803 750 838 ὀνειδισμὸν
764 802 857 830 αὑτοῦ.

138 845 183 874 19.
210 845 387 882 Ἐπιστρέψει
405 846 437 873 τὸ
454 847 600 882 πρόσωπον
619 847 702 874 αὑτοῦ
724 849 764 880 εἰς
777 848 808 875 τὸ
826 857 893 875 κατ-

947 267 1026 288 erunt
1043 261 1065 288 ei
1087 262 1156 290 vires
1172 263 1203 290 ad
1220 264 1400 291 resistendum
1416 265 1452 292 ei.

982 342 1024 369 16.
1047 342 1078 369 Et
1095 343 1186 377 faciet,
1198 345 1245 379 qni
1264 346 1413 380 ingreditur
1424 347 1557 375 adversus
1570 348 1728 382 eum,juxta

946 388 1111 416 voluntatem
1139 397 1227 421 suam.
1251 395 1278 417 rt
1293 399 1346 418 non
1360 392 1423 424 erit,
1439 392 1486 426 qui
1509 393 1620 419 resistat
1637 399 1730 420 coram

945 440 977 460 eo
991 441 998 459 :
1016 437 1042 460 et
1058 433 1140 460 stabit
1157 434 1183 461 in
1205 435 1547 470 rcgionc,rtperﬁcienlur
1561 437 1732 472 omnia,qu2

946 479 972 505 in
988 479 1114 507 manibus
1129 480 1187 514 ejus
1201 486 1275 508 sunt.
1354 498 1369 513 ,ι

982 524 1024 551 17.
1047 523 1080 551 Ει
1100 525 1174 553 dabit
1187 525 1280 554 faciem
1295 535 1384 560 suam.
1404 535 1432 556 ut
1450 530 1540 557 veniat
1567 537 1614 564 per
1630 530 1683 557 vim
1697 531 1730 557 ad

945 577 1013 604 opus
1033 578 1123 601 suum,
1140 577 1166 598 et
1181 571 1280 600 foedera
1295 580 1356 600 cum
1377 581 1409 601 eo
1426 574 1515 606 faciet.
1534 580 1561 602 et
1581 575 1663 602 tiliam
1682 575 1730 602 ho-

945 616 1027 643 minis
1044 616 1118 643 dabit
1132 617 1156 644 ei
1175 617 1207 644 ad
1226 619 1388 652 perdendam
1409 627 1467 647 eam
1481 629 1488 653 ;
1507 625 1533 648 et
1550 628 1602 647 non
1618 629 1731 656 persua-

945 661 1028 694 debit,
1043 667 1136 690 etnon
1151 664 1212 690 crit.

981 707 1023 734 t8.
1046 707 1078 734 Et
1095 708 1169 736 dabit
1183 709 1278 737 faciem
1296 718 1374 738 suam
1393 720 1476 746 super
1495 719 1580 743 mare,
1602 716 1629 739 et
1643 713 1731 748 capiet

945 754 1053 786 multos,
1067 759 1094 781 et
1109 760 1248 782 convertet
1262 756 1329 783 iram
1341 758 1480 792 opprobrii
1499 766 1594 786 eorum
1607 759 1634 786 in
1649 759 1729 796 jure-

942 799 1059 834 jurando
1072 801 1221 828 secundum
1238 802 1412 837 opprobrium
1426 812 1506 831 suum

980 844 1023 872 i9.
1045 846 1189 874 Convertct
1220 847 1318 875 faciem
1343 857 1420 876 suam
1447 849 1479 876 ad
1499 851 1729 878 corroborandam

103 890 215 927 ισχύσαι
229 891 278 926 τὴν
292 891 384 927 χώραν
394 891 489 925 αὐτοῦ,
501 893 549 919 καὶ
568 893 729 929 προσκὸψει,
742 894 788 921 καὶ
801 895 890 921 πεσεῖ-

956 891 1081 926 ‘egionem
1099 900 1188 925 suam,
1206 898 1232 921 et
1246 893 1371 927 offendet,
1401 901 1428 923 et
1460 896 1546 929 cadet.
1572 901 1598 924 et
1621 905 1674 925 non
1689 897 1730 925 in-

100 945 157 968 ται,
178 937 225 964 καὶ
242 937 292 972 οὐχ
306 937 496 973 εὑρεθήσεται.

136 984 183 1011 20.
201 984 254 1010 Καὶ
266 984 451 1019 ἀναστήσεται
476 985 509 1011 ὲκ
529 985 579 1020 τῆς
600 985 680 1021 ῥίζης
702 985 787 1012 αὑτοῦ
810 986 894 1019 φυτὸν

101 1029 242 1064 βασιλείας
260 1030 299 1061 είς
317 1029 482 1064 ἀνάστασιν,
504 1030 576 1066 ἀνὴρ
602 1031 710 1058 τύπτων
725 1031 804 1063 δόξαν
817 1031 888 1066 βασι-

99 1076 180 1108 λέως.

134 1122 181 1149 21.
196 1122 251 1149 Καὶ
273 1122 301 1148 ὲν
326 1122 443 1157 ἡμέραις
464 1122 595 1157 ἐσχάταις
609 1122 830 1157 συντριϐήσεται,
846 1122 892 1149 καὶ

98 1168 151 1195 οὐκ
169 1168 198 1194 ἐν
211 1168 292 1203 ὀργῇ,
304 1167 364 1194 οὐδὲ
379 1168 407 1194 ὲν
423 1167 544 1203 πολέμῳ·
565 1169 612 1195 καὶ
639 1169 821 1203 ἀναστήσεται
846 1169 893 1196 ἐπὶ

97 1213 144 1240 τὸν
164 1213 246 1241 τόπον
263 1213 345 1240 αὐτοῦ
367 1213 622 1249 εὐκαταφρόνητος,
644 1213 691 1240 καὶ
703 1213 732 1240 οὐ
750 1213 891 1249 δοθήσεται

97 1258 142 1285 ἐπ’
156 1258 239 1285 αὐτὸν
249 1257 313 1290 δόξα
333 1258 476 1293 βασιλέως,
488 1259 534 1285 καὶ
546 1257 605 1294 ἣξει
621 1258 746 1291 ἐξάπινα*
762 1259 892 1294 κατισχύ-

98 1313 140 1332 σει
153 1304 282 1340 βασιλεὺς
299 1306 327 1331 ὲν
348 1304 511 1340 κληροδοσίᾳ
529 1305 623 1334 αὐτοῦ.

131 1351 178 1378 22.
190 1352 246 1378 Καὶ
259 1352 322 1383 τοὺς
337 1351 484 1387 βραχίονας
494 1353 558 1384 τοὺς
570 1353 762 1388 ωντριὸέντας
779 1353 888 1389 συντρι-

95 1398 142 1433 ψει
156 1398 210 1424 ἀπὸ
227 1397 376 1433 προσώπου
386 1397 481 1425 αὐτοῦ.

130 1444 178 1472 25,
193 1445 249 1471 Καὶ
261 1445 332 1479 μετὰ
347 1445 396 1479 τῆς
411 1445 555 1480 διαθήκης,
570 1445 618 1472 καὶ
641 1445 726 1481 δήμου
744 1446 889 1479 συνταγέν-

94 1499 141 1522 τος
155 1490 214 1525 μετ’
228 1490 322 1523 αὑτοῦ,
340 1491 449 1526 ποιήσει
459 1490 566 1526 ψεῦδος,
585 1491 632 1518 καὶ
649 1492 696 1518 ἐπὶ
713 1491 789 1523 ἔθνος
815 1493 888 1526 ισχυ-

95 1536 143 1572 ρὸν
159 1537 188 1563 ἐν
204 1535 336 1571 ὀλιγοστῷ
347 1536 429 1564 ἔθνει.

130 1582 178 1610 241.
199 1582 329 1614 Ἐξιὶπινα
342 1581 482 1617 ἐρημώσει
494 1582 581 1614 πόλιν,
598 1583 645 1610 καὶ
655 1583 764 1618 ποιήσει
779 1583 828 1610 ὅσα
841 1583 891 1610 οὐκ

95 1627 231 1662 ἐποίησαν
257 1628 282 1654 οί
312 1627 430 1663 πατέρες
449 1628 543 1662 αὑτοῦ,
564 1628 624 1655 οὐδὲ
647 1629 672 1655 οἱ
693 1629 811 1665 πατέρες
837 1629 891 1657 τῶν

95 1673 225 1708 πατέρων
240 1672 323 1700 αὑτοῦ
334 1681 341 1688 ·
364 1673 503 1709 προνομὴν
527 1675 573 1700 καὶ
591 1674 677 1701 σκῦλα
700 1675 748 1702 καὶ
761 1675 891 1710 χρήματα

95 1719 191 1752 αὐτοῖς
209 1719 301 1751 δώσει.
317 1720 366 1746 καὶ
377 1720 424 1746 ἐπὶ
438 1720 487 1756 τὴν
503 1720 580 1747 πόλιν
595 1722 645 1756 τὴν
659 1721 772 1756 ἰσχυρὰν
785 1721 891 1757 διανοη-

95 1766 222 1802 θήσεται,
239 1768 286 1792 καὶ
297 1766 322 1792 oi
334 1766 462 1801 λογισμοὶ
477 1766 561 1793 αὑτοῦ
579 1767 619 1799 είς
631 1767 731 1803 μάτην.

130 1811 179 1839 9.5.
193 1811 249 1839 Kal
265 1811 445 1847 ἐγερθήσεται
462 1813 478 1847 ή
494 1813 571 1848 ίσχὺς
586 1813 679 1845 αὑτοῦ,
696 1814 743 1839 καὶ
760 1814 776 1849 ή
792 1813 890 1849 καρδία

96 1857 182 1886 αὐτοῦ
196 1857 242 1884 ἐπὶ
255 1857 429 1892 τὸνβασιλέα
440 1857 580 1891 Αἰγύπτου
596 1858 625 1884 ἐν
643 1858 714 1894 ὔχλῳ
729 1859 829 1895 πολλῷ,
843 1860 891 1886 καὶ

95 1904 112 1930 ὁ
133 1903 262 1939 βασιλεὺς
282 1903 420 1938 Αἰγύπτου
439 1903 642 1940 ὲρεθισθήσεται
661 1906 701 1937 εἰς
726 1905 844 1940 πόλεμον
861 1906 890 1932 ἐν

95 1949 170 1984 οχλῳ
191 1948 294 1984 ισχυρῷ
312 1949 414 1985 σφόδρα
428 1949 501 1982 λίαν,
515 1950 563 1977 καὶ
578 1951 609 1977 οὐ
626 1951 765 1987 στήσεται,
781 1951 822 1978 ὅτι
834 1951 891 1978 δια-

95 1994 261 2030 νοηθήσεται
278 1995 322 2021 ἐπ’
337 1994 419 2022 αὑτὸν
430 1994 546 2022 διάνοια.

131 2039 176 2068 2'3.
191 2040 246 2067 Kal
261 2039 500 2067 καταναλώσουσιν
528 2040 610 2067 αὺτὸν
636 2041 768 2077 μέριμναι
793 2043 889 2076 αὑτοῦ,

95 2087 145 2114 καὶ
161 2086 381 2122 ἀποστρέψουσιν
401 2086 500 2119 αὑτὸν,
524 2087 572 2113 καὶ
590 2087 823 2122 παρελεύσονται,
843 2089 891 2115 καὶ

95 2133 272 2168 κατασυριεῖ,
284 2133 331 2159 καὶ
350 2132 496 2159 πεσοῦνται
513 2134 681 2169 τραυματίαι
697 2134 800 2161 πολλοί.

131 2178 178 2206 27.
192 2179 248 2205 Καὶ
261 2178 309 2205 δύο
334 2177 455 2213 βασιλεῖς
473 2179 548 2214 μόνοι
576 2179 766 2214 δειπνήσουσιν
785 2181 831 2207 ἐπὶ
860 2181 890 2208 τὸ

944 936 1077 964 venietur.

979 982 1024 1009 ‘20.
1047 983 1078 1009 Et
1096 990 1189 1018 surget
1203 984 1236 1012 de
1250 985 1340 1013 radice
1354 986 1413 1020 ejus
1430 987 1522 1021 planta
1539 987 1613 1022 regni
1634 987 1668 1014 ad
1688 996 1730 1015 re.

943 1028 1133 1061 staurandum,
1149 1030 1190 1057 vir
1205 1032 1360 1064 percutiens
1374 1032 1489 1066 gloriam
1505 1033 1586 1068 regis.

976 1118 1021 1144 ‘Jl.
1042 1117 1074 1146 Et
1087 1119 1112 1146 in
1126 1120 1223 1148 diebus
1240 1122 1397 1150 novissimis
1413 1128 1577 1155 conteretur.
1590 1129 1616 1151 et
1633 1133 1687 1152 non
1700 1126 1726 1152 in

942 1162 992 1195 ira,
1007 1170 1096 1198 neque
1117 1164 1144 1190 in
1166 1165 1247 1193 bello.
1277 1166 1309 1193 Et
1323 1172 1416 1202 surget
1442 1175 1525 1203 super
1556 1170 1645 1197 locum
1669 1171 1729 1205 ejus

940 1209 1162 1244 contemptibilis,
1193 1214 1219 1238 et
1243 1219 1297 1238 non
1315 1212 1425 1240 dabitur
1449 1222 1532 1248 super
1558 1223 1620 1242 eum
1642 1216 1728 1251 gloria

941 1254 1021 1289 regis,
1040 1260 1067 1282 et
1083 1256 1172 1284 veniet
1187 1262 1317 1292 repente;
1335 1259 1559 1288 corroborabitur
1571 1268 1619 1288 rex
1632 1261 1658 1288 in
1674 1261 1730 1289 bre-

940 1301 1056 1328 reditate
1069 1309 1130 1328 sua.

973 1347 1018 1374 ‘22.
1041 1347 1073 1374 Et
1088 1348 1209 1382 brachia,
1221 1358 1283 1385 qua:
1297 1352 1413 1379 contrita
1428 1357 1502 1386 sunt,
1522 1357 1642 1382 conteret
1657 1362 1673 1382 ο
1690 1355 1730 1382 fs-

938 1393 980 1420 cie
998 1401 1057 1421 sua.
1188 1388 1192 1393 ’

972 1439 1018 1466 25.
1040 1439 1148 1467 Etcum
1167 1445 1340 1474 testamento,
1367 1447 1395 1470 et
1426 1444 1527 1479 populo
1554 1452 1645 1472 secum
1661 1452 1729 1472 can-

936 1485 1043 1520 junrto,
1059 1485 1139 1513 faciet
1153 1487 1245 1514 dolum
1270 1497 1276 1514 :
1301 1491 1328 1515 et
1344 1493 1437 1516 contra
1460 1495 1567 1525 gentem
1587 1489 1683 1519 fortem
1702 1492 1728 1519 in

903 1553 924 1584 ο
940 1531 1107 1565 paucissima
1127 1537 1217 1566 gente.

975 1575 1021 1603 24.
1044 1577 1140 1603 Statim
1162 1577 1314 1605 devastabit
1342 1579 1489 1612 civitatem,
1510 1585 1537 1608 et
1558 1580 1647 1614 faciet,
1668 1590 1729 1617 quas

941 1630 994 1649 non
1008 1622 1131 1650 fecerunt
1141 1627 1232 1657 patres
1245 1623 1315 1657 ejus,
1332 1631 1420 1659 neque
1434 1630 1525 1659 patres
1541 1632 1647 1660 patrum
1657 1628 1727 1662 ejus:

940 1666 1186 1701 depraedationem,
1195 1672 1222 1694 et
1233 1668 1329 1702 spolia,
1351 1673 1378 1696 et
1393 1670 1523 1703 pecunias
1539 1671 1580 1698 eis
1600 1671 1685 1704 dabit,
1701 1679 1729 1701 et

940 1720 1022 1747 super
1034 1712 1128 1739 urbem
1145 1712 1242 1740 fortem
1260 1713 1388 1749 cogitabit
1402 1723 1410 1748 ;
1423 1714 1470 1742 sed
1482 1716 1660 1752 cogitationes
1669 1718 1729 1754 ejus

941 1757 967 1785 in
983 1765 1095 1784 vanum.

974 1803 1019 1831 25.
1041 1803 1075 1830 Et
1087 1803 1251 1831 excitabitur
1267 1804 1397 1833 fortitudo
1413 1806 1483 1842 ejus,
1499 1813 1526 1835 et
1540 1815 1588 1836 cor
1602 1809 1662 1843 ejus
1679 1817 1727 1838 su-

941 1856 989 1884 per
1001 1857 1091 1884 regem
1106 1849 1218 1886 Egypti
1233 1851 1259 1878 in
1277 1853 1355 1879 turba
1373 1853 1459 1880 multa
1476 1862 1482 1880 :
1501 1858 1528 1881 et
1551 1862 1598 1882 rex
1616 1854 1727 1890 Egyptl

940 1896 1132 1930 prevocabitur
1147 1896 1180 1924 ad
1196 1896 1297 1923 bellum
1319 1897 1347 1924 in
1370 1899 1546 1928 multitudine
1565 1900 1629 1928 forti
1649 1902 1729 1929 valde

941 1940 1040 1967 nimis:
1061 1945 1088 1968 et
1107 1948 1160 1969 non
1173 1941 1267 1974 stabit,
1279 1942 1343 1977 quia
1358 1944 1557 1979 cxcogitabitur
1572 1953 1655 1982 super
1665 1954 1727 1975 eum

941 1985 1095 2013 consilium.

975 2030 1021 2057 26.
1043 2031 1076 2058 Et
1099 2037 1259 2060 consument
1285 2041 1347 2060 eum
1376 2033 1574 2063 sollicitudines
1599 2036 1670 2070 ejus,
1701 2042 1728 2065 et

942 2080 1064 2104 avertent
1077 2085 1150 2111 eum,
1175 2082 1202 2105 et
1221 2078 1386 2110 transibunt,
1406 2083 1433 2107 et
1449 2080 1564 2108 buccina
1595 2087 1685 2114 canet,
1701 2087 1728 2111 et

941 2123 1040 2151 cadent
1052 2125 1187 2152 vulnerati
1206 2125 1295 2154 multi.

976 2170 1021 2198 27.
1042 2170 1076 2198 Et
1086 2171 1139 2198 duo
1155 2179 1232 2207 reges
1256 2172 1306 2200 soli
1333 2173 1552 2201 convivabuntur
1575 2177 1684 2210 pariter,
1701 2181 1728 2204 et

95 2224 175 2256 αὐτὸ,
184 2224 231 2250 καὶ
239 2225 285 2250 ἐπὶ
295 2225 359 2260 μιᾶς
367 2225 508 2260 τραπέζης
520 2225 665 2260 φάγονται,
673 2225 720 2251 καὶ
730 2225 890 2262 ψευδολογή-

958 2224 1024 2252 uper
1034 2224 1116 2244 unam
1134 2225 1256 2244 mensam
1273 2219 1431 2252 comedent,
1456 2224 1483 2247 et
1503 2221 1667 2249 mendaciter
1679 2222 1727 2249 lo—

96 2277 187 2300 σουσι,
207 2269 255 2296 καὶ
266 2270 316 2296 οὐκ
330 2269 543 2305 εὐοδωθήσονται
553 2277 559 2284 ·
574 2269 614 2296 ἔτι
628 2269 682 2306 γὰρ
699 2270 838 2297 συντέλεια
850 2271 891 2302 εἰς

96 2315 204 2350 καιρόν.

132 2359 179 2387 28.
196 2360 250 2387 Kal
269 2360 430 2396 ἐπιστρέψει
443 2361 483 2393 εἰς
497 2361 545 2396 τὴν
566 2361 659 2396 χώραν
680 2361 762 2388 αὐτοῦ
780 2362 808 2388 ἐν
824 2364 892 2398 χρή-

99 2414 168 2441 μασι
189 2405 308 2439 πολλοῖς,
323 2407 396 2442 καὶὴ
411 2407 511 2442 καρδία
525 2407 608 2434 αὑτοῦ
624 2408 670 2434 ἐπὶ
685 2408 735 2444 τὴν
757 2408 890 2444 διαθήκην

98 2450 147 2478 τοῦ
166 2451 255 2486 ἁγίου·
275 2453 382 2488 ποιήσει
396 2471 404 2485 ,
418 2452 467 2480 καὶ
491 2453 651 2489 ἐπιστρέψει
674 2454 721 2480 ἐπὶ
734 2454 784 2490 τὴν
800 2454 891 2491 χώραν

99 2496 195 2525 αὐτοῦ.

135 2543 180 2571 29.
198 2544 244 2575 Εἰς
264 2544 359 2579 καιρὸν
374 2545 408 2578 Χ
426 2543 585 2580 ἐπιστρέψει
597 2544 625 2580 /.
644 2546 690 2572 καὶ
706 2546 891 2574 εἰσελεύσεται

100 2589 142 2619 είς
164 2589 321 2623 Αῐγυπτον,
345 2589 393 2616 καί¹
418 2590 467 2616 οὐκ
483 2589 560 2617 ἔσται
584 2590 621 2622 ὡς
646 2591 662 2626 ἡ
688 2591 785 2627 πρώτη
812 2593 857 2619 καί
875 2593 892 2628 ἠ

100 2635 213 2671 ἐσχάτη.

135 2681 181 2709 30.
196 2682 252 2709 Καὶ
278 2682 374 2718 ἥξουσι
396 2682 536 2718 Ῥωμαῖοι,
562 2683 608 2710 καὶ
628 2683 775 2726 sit-Beova
792 2684 890 2717 αὑτὸν,

101 2747 147 2773 καὶ
164 2747 383 2783 ὲμόριμήσονται
397 2748 472 2784 αὐτῷ
489 2756 519 2776 -ι-
534 2748 581 2776 καὶ
597 2741 772 2784 ἐπιστρέψει,
786 2750 832 2777 καὶ
846 2750 890 2786 ὀρ-

100 2793 262 2828 γισθήσεται
273 2794 302 2829 /.
317 2794 364 2820 ἐπὶ
379 2794 429 2830 τὴν
444 2794 577 2830 διαθήκην
589 2794 637 2821 τοῦ
653 2795 740 2829 ἁγίου,
755 2796 802 2822 καὶ
815 2797 890 2831 ποιή-

101 2846 151 2870 σει,
170 2838 219 2866 καὶ
235 2839 413 2875 ἐπιστρέψει,
439 2840 485 2867 καὶ
501 2840 710 2876 διανοηθήσεται
727 2841 889 2874 ὲπ“αὑτοὺς,

99 2883 158 2910 ἀνθ’
171 2881 209 2912 ὧν
229 2884 409 2919 ὲγκατέλιπον
422 2885 470 2922 τὴν
486 2885 619 2922 διαθήκην
637 2887 682 2913 τοῦ
702 2886 788 2921 ἁγίου.

942 2267 1070 2298 quentur,
1083 2267 1110 2291 et
1127 2271 1180 2290 non
1196 2265 1448 2300 prosperabuntur:
1470 2266 1559 2295 adhuc
1578 2267 1649 2295 enim
1664 2277 1726 2296 con-

941 2310 1089 2337 summatio
1100 2310 1133 2337 ad
1143 2314 1262 2345 tempus.

976 2353 1022 2380 28.
1044 2353 1076 2381 Et
1090 2360 1239 2382 revertetur
1253 2356 1280 2382 in
1309 2356 1447 2391 regionem
1464 2364 1540 2384 suam
1571 2358 1598 2384 in
1629 2358 1726 2393 opibus

943 2400 1045 2436 multis,
1064 2405 1090 2428 et
1103 2408 1151 2428 cor
1169 2401 1229 2436 eius
1248 2410 1328 2437 super
1348 2407 1542 2431 testamentum
1563 2406 1668 2438 sancti;
1687 2405 1727 2434 fa-

943 2446 1004 2478 ciet,
1018 2451 1044 2473 et
1061 2451 1210 2475 revertetur
1221 2447 1248 2475 in
1260 2449 1396 2484 regionem
1412 2458 1500 2478 suam.

976 2537 1021 2564 29.
1041 2538 1081 2564 Ad
1095 2542 1202 2572 tempus
1220 2544 1369 2567 revertetur
1379 2546 1406 2568 et
1424 2541 1625 2577 ingredieturin
1644 2543 1727 2582 (Egy-

942 2587 1016 2617 ptum
1031 2591 1037 2609 :
1051 2587 1077 2610 et
1088 2591 1140 2610 non
1157 2588 1236 2611 erunt
1247 2585 1318 2612 sicut
1333 2587 1423 2620 priora
1438 2588 1518 2614 etiam
1533 2588 1692 2619 novissima.

977 2673 1020 2700 30.
1042 2672 1073 2700 Et
1089 2674 1196 2700 venient
1208 2673 1333 2706 Romani,
1348 2679 1374 2702 et
1387 2676 1520 2710 expellent
1534 2685 1607 2709 eum.
1623 2684 1648 2706 et
1660 2680 1729 2707 acri-

943 2723 982 2746 ter
1012 2719 1253 2747 comminabuntur
1277 2720 1313 2753 ei,
1327 2725 1354 2748 et
1369 2727 1530 2756 revertetur,
1549 2729 1575 2751 et
1602 2724 1729 2760 indigna—

941 2764 1015 2791 bitur
1028 2771 1110 2798 super
1125 2769 1315 2793 testamentnm
1332 2768 1430 2800 sancti,
1443 2773 1470 2796 et
1487 2767 1565 2796 faciet
1578 2779 1584 2797 :
1597 2775 1623 2797 et
1638 2778 1729 2798 rever-

943 2814 1023 2841 tetul‘,
1043 2813 1071 2836 et
1086 2810 1214 2844 cogitabit
1228 2819 1309 2847 super
1321 2819 1379 2846 eos,
1396 2815 1509 2850 ecquod
1527 2815 1728 2852 dereliquerunt

942 2858 1132 2883 testamentum
1149 2855 1245 2882 sancti.
