1967 3079
236 139 305 165 ἳ827

871 136 996 164 DANIEL
1013 135 1122 164 JUXTA
1143 139 1223 166 LXX.

269 193 298 220 5i
335 193 367 220 Et
382 194 491 221 brachia
515 202 546 222 ex
565 202 597 221 eo
625 195 745 225 stabunt.
765 199 792 222 et
819 195 938 229 polluent
955 203 1020 222 san—
1035 196 1060 224 Α.

1790 138 1860 165 2828

1106 197 1150 225 3|.
1168 198 1220 224 Καὶ
1238 197 1378 234 βραχίονες
1391 198 1454 233 παρ’
1470 197 1551 224 αὑτοῦ
1569 197 1710 232 στήσονται
1740 196 1788 223 καὶ
1801 205 1861 231 μια-

235 241 308 264 ctum
326 238 449 271 timoris;
467 243 494 265 et
507 239 672 266 amovebnnl
687 239 863 272 sacrificium,
876 244 902 266 et
919 240 1019 267 dabunt

1083 243 1148 269 ὀὖσι
1163 243 1193 269 τὸ
1207 244 1284 278 ἅγιον
1298 243 1345 270 τοῦ
1363 243 1445 278 φόϐου
1457 252 1463 258 ε
1481 244 1528 270 καὶ
1547 243 1735 277 ἀποστήσαντι
1752 241 1802 276 τὴν
1817 241 1861 268 θυ-

235 284 466 312 abominationem
485 285 673 313 desolationis.

269 332 313 359 52.
335 331 368 358 Et
385 332 411 358 in
436 333 553 366 peccatis
578 333 732 360 testamenti
760 333 882 368 polluent
905 334 930 360 in
951 335 1021 361 duro

234 379 333 412 populo
350 387 357 404 :
374 382 401 405 et
419 378 535 412 populus
554 378 644 406 sciens
668 379 736 411 haec,
767 379 967 408 confortahitur
995 387 1021 409 ct

233 423 323 449 faciet.

267 467 310 492 55.
334 467 365 493 Et
379 467 526 501 prudentes
542 467 575 495 de
593 471 672 503 gente
689 469 837 504 intelligent
862 471 888 499 in
906 471 1019 503 multos,

231 517 258 538 et
274 512 424 547 impingent
440 513 540 548 gladio,
555 519 581 541 et
604 515 804 543 inveterascth
829 516 855 543 in
875 524 919 549 eo,
934 521 961 543 et
992 517 1018 543 in

231 559 397 594 captivitate,
424 565 452 587 et
475 561 500 587 in
526 561 676 589 directione
703 562 808 589 dierum
840 563 1018 590 maculabun-

232 612 286 632 tur.

269 652 314 678 54.
332 652 458 687 Cumque
473 653 562 680 afﬂicti
587 653 699 685 fuerint,
719 655 922 690 congregabunt
946 655 1018 682 vires

231 697 360 732 exiguas:
378 703 404 725 et
416 700 633 734 aggregabunlur
652 701 685 727 ad
702 707 749 727 cos
765 700 841 727 multi
859 700 884 727 in
898 701 1016 734 civitate.

231 748 258 771 et
271 744 347 771 multi
379 749 506 780 tanquam
521 746 547 772 in
562 747 681 780 partium
698 746 841 774 divisione.

267 790 311 817 35.
335 790 366 816 Et
384 791 418 818 de
432 791 645 826 intelligentibus
660 793 862 827 engitabuntad
880 794 1016 821 mundan-

231 835 296 862 clum
308 837 423 870 seipsos,
442 841 468 863 et
483 841 511 863 ut
525 838 685 872 seligantur,
700 843 726 865 et
741 839 919 872 put-ilicentur
931 847 1017 874 usque

231 881 266 907 ad
282 883 546 909 consummationem
561 883 706 918 temporis:
721 883 811 911 adhuc
824 885 895 911 enim
911 889 1018 920 tempus

231 931 258 956 in
275 930 366 958 horas.

267 976 310 1003 56.
333 976 364 1003 Et
379 976 458 1004 faciet
471 976 549 1011 juxta
567 977 732 1005 voluntatem
748 986 825 1006 suam
840 986 898 1011 rex,
914 983 941 1006 et
953 979 1017 1006 irri-

231 1023 344 1056 tabitur,
361 1027 388 1049 et
402 1023 546 1050 extolletur
563 1031 645 1058 super
672 1031 781 1051 omnem
809 1023 905 1057 Deum,
926 1029 953 1051 et
974 1026 1019 1052 ad-

230 1076 326 1095 versus
344 1068 427 1095 Deum
441 1068 553 1096 deorum
571 1069 714 1103 magniﬁca
738 1069 865 1104 loquetur
883 1079 888 1096 :
910 1073 937 1096 et
955 1077 1018 1104 pro-

230 1114 393 1148 sperabitur,
410 1114 496 1141 donec
510 1119 715 1142 consummetur
733 1115 787 1148 ira;
800 1115 827 1142 in
846 1115 933 1150 ipsum
944 1115 1016 1142 enim

229 1160 431 1187 consummatio
445 1160 484 1186 fit.

266 1204 311 1231 57.
334 1205 366 1231 Et
384 1213 465 1239 super
477 1205 543 1232 deos
555 1209 661 1240 patrum
681 1213 792 1233 suorum
813 1206 1015 1242 uonintelliget,

231 1254 258 1277 et
274 1250 300 1276 in
316 1250 537 1285 concupiscentia
554 1250 672 1278 foemina:
691 1259 744 1278 non
764 1252 940 1287 excogitabit,
953 1254 1016 1288 quia

231 1297 258 1323 in
273 1296 346 1323 omni
360 1296 520 1330 elevnbitur,
533 1301 559 1323 et
571 1297 741 1331 subjcicntur
757 1298 781 1324 ei
798 1302 891 1332 gentes
905 1298 998 1326 fortes.

266 1386 311 1414 58.
334 1385 422 1421 Super
437 1387 525 1416 locum
535 1395 612 1416 suum
625 1388 773 1420 excitabit,
790 1393 816 1416 et
828 1388 924 1423 Deum,
936 1397 1016 1424 quem

232 1439 287 1458 non
303 1437 490 1466 cognoverunt
503 1437 594 1467 patres
606 1433 676 1468 ejus,
698 1433 843 1462 honorabit
862 1435 888 1462 in
903 1442 981 1468 auro,
992 1440 1018 1463 et

231 1482 354 1511 argento,
367 1482 393 1505 et
406 1478 494 1513 lapide
509 1479 640 1514 pretioso.

266 1523 311 1550 59.
333 1523 366 1550 Et
394 1523 420 1550 in
438 1525 668 1559 concupiscentiis
680 1528 740 1561 aget
759 1525 900 1553 civitatum
913 1547 920 1558 ,
939 1530 966 1556 et
989 1526 1015 1553 in
1030 1538 1051 1567 ο

232 1569 412 1597 munitionem
436 1569 532 1598 fortem
550 1572 641 1598 veniet
658 1579 720 1598 cum
743 1572 794 1599 deo
816 1572 918 1605 alieno,
936 1581 1016 1607 quem

230 1623 292 1643 cum
308 1615 474 1650 cognoverit,
490 1616 682 1650 multiplicabit
698 1616 828 1651 gloriam,
848 1622 874 1644 et
890 1617 1016 1645 domina-

232 1662 306 1689 bitur
318 1662 343 1689 ei
363 1662 489 1693 multum,
509 1666 536 1688 et
552 1661 655 1691 dividet
670 1662 806 1696 regionem
822 1662 848 1689 in
864 1663 947 1690 dono.

267 1708 311 1734 40.
329 1707 362 1734 Et
378 1708 404 1734 in
423 1708 489 1735 hora
517 1709 762 1736 c0nsummationis
789 1709 899 1743 impetet
932 1716 1018 1737 cornu

233 1761 283 1781 suo
301 1761 363 1781 cum
378 1761 425 1781 rex
441 1753 548 1789 ,Ἐπριί
562 1762 568 1779 :
583 1758 610 1781 et
625 1754 777 1789 impetuose
792 1754 894 1782 feretur
908 1755 934 1782 in
955 1764 1017 1783 cum

234 1807 280 1827 rex
295 1799 438 1833 Aquilonis
452 1807 514 1826 cum
528 1800 665 1833 curribus,
690 1805 717 1827 et
731 1801 808 1835 equis
825 1802 928 1834 multis,
945 1807 972 1829 et
991 1803 1018 1829 in

234 1845 348 1875 navibus
362 1845 465 1878 multis,
479 1849 506 1872 et
526 1845 691 1880 ingredietur
704 1846 731 1873 in
747 1847 884 1882 regionem
896 1847 1017 1883 IEgypti.

269 1935 312 1962 41.
326 1935 359 1962 Et
375 1935 483 1962 invadet
495 1935 634 1969 regionem
647 1943 747 1969 meam.
761 1941 787 1964 ct
801 1937 893 1969 multa:
904 1938 1019 1965 scanda-

235 1980 401 2012 lizahuntur.
411 1985 438 2008 et
452 1981 492 2008 hae
507 1981 686 2008 salvabuntur
695 1981 728 2008 de
741 1989 824 2010 manu
836 1982 907 2017 ejus,
922 1982 1016 2016 Edon),

233 2030 261 2053 et
273 2025 363 2059 Moab,
380 2031 407 2054 ct
422 2031 502 2061 caput
517 2026 634 2054 filiorum
649 2027 776 2055 Ammon.

267 2116 313 2143 42.
327 2116 358 2145 Et
372 2115 459 2145 mittet
469 2123 579 2145 manum
592 2123 669 2146 suam
683 2116 709 2143 in
725 2118 893 2150 terras,etin
909 2119 1018 2153 regione

236 2163 346 2198 Egypti
360 2170 412 2190 non
429 2162 481 2191 erit
495 2163 521 2189 in
533 2169 565 2190 ea
577 2163 624 2197 qui
643 2162 772 2190 salvetur.

269 2254 313 2280 45.
336 2253 368 2280 Et
382 2253 514 2281 obtinebit
529 2255 618 2281 locum
633 2254 703 2286 auri,
720 2258 746 2281 et
759 2254 847 2282 locum
864 2255 977 2290 argenti,
993 2261 1019 2282 et

234 2306 341 2326 omnem
355 2298 602 2335 concupiscentiam
620 2298 739 2335 Egypti,
753 2304 780 2327 et
791 2300 890 2336 Libyes
912 2299 1019 2331 [Ethio-

234 2350 336 2378 pcsque
351 2347 431 2371 erunt
449 2343 476 2370 in
493 2343 573 2371 turba
588 2344 657 2378 ejus.

269 2432 313 2459 Μ.
335 2431 368 2458 Et
383 2440 477 2459 rumor
490 2432 610 2460 turbabit
622 2441 683 2460 eum
707 2434 740 2461 ab
755 2434 876 2467 Oriente,
897 2440 923 2462 et
939 2436 1020 2470 Aqui-

235 2477 306 2510 lone,
319 2482 345 2504 et
357 2479 508 2513 egredietur
528 2479 555 2506 in
579 2479 671 2507 furore
692 2480 845 2511 vehementi
869 2486 896 2509 et
919 2483 1017 2516 gladio,

235 2523 267 2550 ad
279 2523 490 2558 disperdendum
505 2529 532 2552 ct
550 2524 767 2552 interﬁciendum
782 2527 890 2554 multos.

271 2568 314 2595 45.
337 2569 370 2596 Et
381 2573 483 2597 statuet
492 2572 697 2599 tabernaculum
710 2580 790 2599 suum
806 2577 871 2600 tunc
885 2573 954 2600 inter
967 2582 1020 2600 ma-

237 2614 288 2643 ria.
301 2619 328 2641 et
344 2619 462 2642 montem
485 2616 634 2645 voluntatis
659 2618 746 2645 sancti
764 2627 770 2644 :
796 2623 823 2646 et
842 2619 931 2647 veniet
953 2619 1034 2647 hora‘

236 2660 479 2687 consummationis
509 2661 588 2696 ejus,
608 2667 636 2690 et
661 2671 714 2690 non
746 2664 817 2696 erit,
837 2665 882 2699 qui
912 2665 1020 2699 adjuvet

237 2711 309 2731 cum.

525 2771 639 2801 CAPUT
665 2774 722 2802 XII.

278 2816 301 2846 Ι.
323 2817 356 2844 Et
369 2824 415 2852 per
433 2816 570 2851 regionem
591 2819 663 2847 illam
691 2822 818 2850 transibit
838 2823 949 2852 Michael
973 2833 1020 2850 an-

1075 288 1145 320 σίαν,
1164 289 1209 315 καὶ
1223 288 1338 317 δώσουσι
1353 288 1491 324 βδέλυγμα
1507 288 1681 323 ἐρημώσεως.

1107 333 1151 360 32.
1168 334 1224 360 Kal.
1237 335 1265 360 ὲν
1276 334 1426 369 ἁμαρτίαις
1439 334 1570 369 διαθήκης
1585 332 1728 368 μιανοῦσιν
1742 333 1772 358 ἐν
1784 331 1863 365 σκλη-

1073 379 1113 415 ρῷ
1129 380 1201 414 λαῷ·
1226 381 1272 407 καὶ
1291 382 1305 408 ὁ
1326 381 1412 416 δῆμος
1425 382 1438 407 ὁ
1451 381 1594 415 γινώσκων
1621 379 1708 406 ταῦτα
1729 377 1862 412 κατισχύο

1073 435 1148 452 σουσι
1166 427 1213 453 καὶ
1229 428 1290 462 ποιή
1296 435 1380 452 σουσι.

1106 471 1151 498 53.
1168 471 1223 497 Καὶ
1249 470 1418 505 ἐννοούμενοι
1438 470 1485 496 τοῦ
1514 469 1609 501 ἔθνους
1633 469 1799 504 συνήσουσιν
1823 468 1861 499 εἰς

1071 516 1184 546 πολλοὺς
1195 537 1202 548 ,
1215 517 1263 542 καὶ
1277 515 1462 552 προσκὸψουσι
1485 515 1608 551 ῥομφαίᾳ
1619 536 1627 548 ,
1643 516 1691 541 καὶ
1706 514 1862 548 παλαιωθή-

1072 569 1161 588 σονται
1176 563 1205 588 ἐν
1219 562 1299 597 αὐτῇ,
1316 562 1363 588 καὶ
1376 562 1404 587 ὲν
1421 561 1606 596 αἰιμαλωσίᾳ,
1625 561 1672 587 καὶ
1691 561 1718 586 ἐν
1737 561 1860 595 προνομῇ

1073 607 1182 642 ἡμερῶν
1196 607 1438 643 κηλιδωθήσονται.

1104 654 1148 680 54.
1168 653 1223 680 Καὶ
1240 654 1278 680 ὅτ’
1295 654 1328 680 ἂν
1356 653 1552 688 συντρίϐωνται
1566 674 1572 686 ,
1598 653 1758 685 συνάξουσιν
1785 652 1861 687 ἰσχὺν

1070 697 1200 733 βραχεῖαν
1213 719 1219 731 ,
1246 699 1293 724 καὶ
1319 698 1581 732 ἐπισυναχθήσονται
1599 699 1752 729 ἐπάὑτοὺς
1768 698 1860 724 πολλοὶ

1069 744 1116 770 ἐπὶ
1129 744 1244 776 πόλεως,
1259 745 1306 770 καὶ
1320 745 1412 771 πολλοὶ
1428 745 1464 775 ὡς
1480 746 1508 771 ἐν
1529 745 1700 780 κληροδοσίᾳ.

1103 789 1148 817 55.
1162 790 1216 816 Καὶ
1237 791 1268 816 ἐκ
1293 790 1347 816 τῶν
1360 791 1505 817 συνιέντων
1529 790 1754 826 διανοηθήσονται
1777 791 1818 822 εἰς
1832 790 1860 816 τι

1069 836 1214 871 καθαρίσαι
1230 837 1352 870 ἑαυτοὺς,
1371 838 1419 863 καὶ
1436 837 1476 868 εἰς
1491 837 1521 863 τὸ
1534 837 1679 871 ὲκλεγῆναι
1691 857 1698 869 ,
1715 836 1763 862 καὶ
1776 837 1816 867 εἰς
1831 836 1859 862 τὸ

1069 874 1268 917 καθαρισθῆναι
1281 883 1332 914 ἕως
1349 882 1445 919 καιροῦ
1464 883 1629 915 συντελείας·
1643 882 1682 909 ἐτι
1693 883 1748 916 γὰρ
1765 881 1860 917 καιρὸς

1068 929 1107 960 εὶς
1120 928 1204 964 ὥρας,

1103 974 1147 1001 56.
1168 975 1223 1000 Καὶ
1236 975 1344 1010 ποιήσει
1361 974 1429 1001 κατὰ
1441 974 1471 1000 τὸ
1483 973 1589 1010 θέλημα
1603 973 1685 1000 αὐτοῦ
1697 974 1710 999 ὀ
1722 972 1859 1008 βασιλεὺς,

1068 1020 1116 1046 καὶ
1140 1021 1403 1056 παροργισθήσεται,
1433 1021 1480 1047 καὶ
1494 1020 1668 1055 ὑψωθήσεται
1694 1020 1742 1045 ἐπὶ
1770 1019 1860 1046 πάντα

1067 1065 1143 1098 Θεὸν,
1162 1067 1209 1099 καὶ
1226 1067 1272 1093 ἐπὶ
1293 1067 1338 1093 τὸν
1364 1066 1430 1092 Θεὸν
1445 1066 1500 1093 τῶν
1525 1066 1594 1092 θεῶν
1617 1065 1716 1097 ἔξαλλα
1735 1064 1859 1099 λαλήσει,

1068 1112 1115 1138 καὶ
1134 1111 1348 1148 εὐοδωθήσεται,
1373 1112 1425 1143 ἓως
1444 1111 1477 1138 ἂν
1498 1112 1660 1146 συντελεσθῇ
1684 1112 1701 1146 ἡ
1714 1111 1784 1146 ὀργή
1797 1119 1805 1125 ·
1821 1111 1859 1141 είς

1067 1156 1149 1183 αὑτὸν
1163 1157 1217 1192 γὰρ
1233 1157 1373 1184 συντέλεια
1391 1157 1506 1191 γίνεται.

1102 1203 1146 1228 57.
1165 1203 1219 1229 Καὶ
1237 1203 1283 1229 ἐπὶ
1294 1204 1355 1235 τοὺς
1373 1204 1450 1235 θεοὺς
1464 1203 1517 1229 τῶν
1535 1203 1662 1237 πατέρων
1676 1202 1759 1229 αὑτοῦ
1774 1202 1805 1228 οὐ
1822 1201 1859 1237 μὴ

1068 1249 1216 1284 προνοηθῇ,
1228 1249 1275 1275 καὶ
1290 1248 1459 1284 ἐνὲπιθυμίᾳ
1473 1249 1601 1282 γυναικὸς
1613 1248 1643 1274 οὐ
1659 1248 1696 1283 μὴ
1710 1247 1857 1283 προνοηθῇ,

1067 1293 1109 1320 ὅτι
1124 1294 1152 1320 ἐν
1170 1295 1253 1320 παντὶ
1271 1294 1465 1330 ὑψωθήσεται,
1488 1295 1535 1321 καὶ
1564 1295 1769 1329 ὑποταγήσεται
1786 1294 1859 1329 αὐτῷ

1068 1339 1132 1374 ἔθνη
1149 1339 1257 1375 ἰσχυρά.

1102 1386 1147 1413 58.
1166 1386 1227 1412 Ἐπὶ
1239 1386 1285 1412 τὸν
1300 1386 1382 1415 τόπον
1394 1386 1476 1413 αὑτοῦ
1493 1387 1608 1422 κινήσει,
1624 1387 1671 1413 καὶ
1689 1385 1755 1412 Θεὸν
1769 1386 1800 1411 ὃν
1810 1385 1859 1412 οὐκ

1067 1430 1189 1465 ἔγνωσαν
1211 1432 1236 1458 οἱ
1252 1432 1369 1467 πατέρες
1397 1432 1478 1458 αὐτοῦ
1493 1432 1604 1467 τιμήσει
1630 1432 1660 1457 ὲν
1676 1431 1792 1467 χρυσίῳ,
1813 1433 1860 1458 καὶ

1067 1478 1202 1513 ἀργυρίῳ,
1218 1478 1265 1505 καὶ
1275 1478 1341 1511 λίθῳ
1356 1478 1507 1504 πολυτελεῖ.

1103 1523 1146 1550 59.
1162 1524 1216 1552 Καὶ
1235 1524 1263 1549 ὲν
1286 1523 1475 1559 ὲπιθυμήμασι
1493 1524 1601 1558 ποιήσει
1623 1523 1742 1556 πόλεων,
1758 1524 1807 1549 καὶ
1821 1523 1860 1553 εἰς

1068 1569 1199 1605 ὀχύρωμα
1212 1569 1320 1604 ἰσχυρὸν
1331 1569 1390 1604 ἡξει
1404 1570 1474 1604 μετὰ
1498 1568 1560 1596 θεοῦ
1581 1569 1722 1604 ἀλλοτρίου
1734 1577 1741 1583 ·
1765 1566 1796 1595 οὗ
1813 1568 1859 1594 ἐὰν

1068 1606 1183 1649 ὲττιγνῷ,
1200 1615 1331 1650 πληθυνεῖ
1348 1615 1428 1648 δόξαν
1440 1634 1447 1646 ,
1469 1615 1515 1641 καὶ
1539 1614 1752 1649 κατακυριεύσει
1778 1613 1858 1640 αὐτοῦ

1069 1660 1115 1686 ἐπὶ
1131 1660 1209 1691 πολὺ,
1226 1660 1273 1687 καὶ
1288 1659 1379 1695 χώραν
1391 1660 1539 1694 ἁπομεριεῖ
1554 1660 1594 1690 εἰς
1610 1659 1724 1694 δωρεάν.

1104 1705 1147 1732 40.
1169 1706 1225 1732 Καὶ
1239 1705 1300 1732 καθ’
1315 1705 1390 1741 ὥραν
1402 1705 1559 1736 συντελείας
1578 1705 1858 1742 συγκερατισθήσεται

1069 1751 1142 1786 αὖτῴ
1152 1752 1166 1778 ὁ
1182 1751 1308 1786 βασιλεὺς
1322 1751 1471 1785 Αἰγύπτου,
1483 1752 1530 1778 καὶ
1545 1751 1774 1786 ὲποργισθήσεται
1786 1750 1860 1784 αὐτῷ

1070 1797 1194 1832 βασιλεὺς
1211 1797 1302 1832 Βορῤἄ
1324 1797 1353 1822 ἐν
1378 1797 1495 1832 ἅρμασι,
1516 1797 1564 1823 καὶ
1583 1797 1611 1823 ὲν
1629 1797 1723 1827 ἵπποις
1741 1795 1858 1827 πολλοῖς,

1069 1843 1116 1869 καὶ
1127 1843 1155 1869 ἐν
1173 1842 1277 1874 πλοίοις
1299 1842 1418 1874 πολλοῖς,
1433 1843 1480 1868 καὶ
1494 1841 1678 1868 εἰσελεύσεται
1701 1843 1742 1873 εἰς
1767 1840 1859 1877 χώραν

1068 1889 1206 1923 Αἰγύπτου
1211 1909 1217 1916 .

1103 1925 1148 1962 Η.
1166 1935 1220 1961 Καὶ
1244 1935 1420 1962 ἐπελεύσεται
1435 1937 1474 1967 εἰς
1493 1936 1542 1971 τὴν
1556 1934 1649 1973 χώραν
1675 1943 1727 1970 μου
1745 1936 1790 1968 >ξ<,
1813 1935 1859 1961 καὶ

1070 1980 1166 2006 πολλαὶ
1181 1982 1214 2015 >ε<
1233 1980 1519 2015 σκανδαλισθήσονται,
1536 1982 1583 2007 καὶ
1598 1978 1677 2007 αὗται
1692 1980 1858 2015 σωθήσονται

1069 2025 1123 2052 ἀπὸ
1134 2026 1226 2061 χειρὸς
1243 2026 1325 2052 αὐτοῦ
1343 2026 1370 2060 /.
1397 2026 1498 2062 Ἐδὼμ,
1524 2027 1571 2053 καὶ
1592 2026 1697 2060 Μωέιϐ,
1713 2027 1761 2053 καὶ
1775 2026 1859 2060 κεφά-

1069 2071 1143 2098 λαιον
1157 2071 1221 2097 υῐῶν
1242 2071 1365 2106 Ἀμμών.

1106 2117 1150 2143 12.
1165 2117 1222 2143 Καὶ
1240 2117 1384 2143 ἀποστελεῖ
1398 2118 1476 2152 χεῖρα
1499 2117 1581 2144 αὐτοῦ
1598 2120 1627 2144 ἐν
1647 2120 1709 2150 ταῖς
1728 2119 1818 2153 γαίαις
1831 2119 1857 2153 /.

1069 2163 1116 2189 καὶ
1131 2163 1160 2188 ὲν
1176 2162 1253 2198 χώρᾳ
1279 2162 1417 2196 Αἰγύπτου
1434 2163 1483 2189 οὐκ
1505 2163 1581 2189 ἔσται
1596 2164 1625 2190 ὲν
1640 2164 1709 2199 αὐτῇ
1731 2164 1860 2196 διασωζόα

1034 2204 1056 2230 D
1073 2215 1162 2242 μενος.

1105 2253 1150 2280 45.
1168 2254 1223 2280 Καὶ
1237 2254 1368 2289 κρατήσει
1383 2253 1430 2280 τοῦ
1444 2255 1527 2281 τόπου
1542 2255 1589 2281 τοῦ
1611 2255 1736 2290 χρυσίου,
1754 2257 1801 2282 καὶ
1813 2256 1858 2282 τοῦ

1070 2299 1152 2326 τόπου
1166 2299 1212 2326 τοῦ
1227 2300 1370 2335 ἀργυρίου,
1382 2301 1429 2328 καὶ
1442 2301 1530 2335 πάσης
1542 2301 1593 2336 τῆς
1612 2302 1765 2337 ἐπιθυμίας
1777 2304 1858 2336 Αἰγύ-

1070 2354 1148 2376 πτου,
1165 2346 1212 2372 καὶ
1229 2345 1327 2378 Λιὸύες
1346 2346 1393 2372 καὶ
1409 2346 1537 2378 Αἰθίοπες
1560 2346 1671 2373 ἔσονται
1682 2348 1712 2373 ἐν
1734 2347 1773 2382 τῷ
1789 2347 1858 2382 ὄχλῳ

1071 2389 1151 2416 αὐτοῦ
1156 2410 1162 2416 .

1105 2436 1150 2462 44.
1170 2437 1224 2462 Καὶ
1244 2436 1312 2471 ἀκοὴ
1333 2437 1447 2472 ταράξει
1467 2438 1547 2464 αὐτὸν
1569 2438 1624 2464 ἀπὸ
1647 2439 1786 2466 ἀνατολῶν
1813 2438 1858 2465 καὶ

1072 2482 1173 2517 βορῥᾶ¹
1188 2483 1234 2508 καὶ
1250 2482 1420 2513 ἐξελεύσεται
1443 2483 1471 2509 ἐν
1484 2483 1562 2518 θυμῷ
1592 2484 1694 2519 ἰσχυρῷ
1720 2485 1768 2511 καὶ
1792 2485 1858 2519 ῥομ-

1071 2526 1148 2561 φαίᾳ,
1164 2527 1294 2560 ἀφανίσαι
1306 2527 1353 2553 καὶ
1367 2527 1527 2554 ἀποκτεῖναι
1542 2527 1666 2559 πολλούς.

1105 2572 1150 2598 45.
1167 2572 1222 2598 Καὶ
1237 2573 1330 2607 στήσει
1352 2571 1435 2598 αὑτοῦ
1449 2573 1497 2608 τὴν
1519 2574 1622 2609 σκηνὴν
1646 2574 1708 2600 τότε
1724 2574 1859 2608 ἁνάμεσον

1071 2616 1124 2642 τῶν
1148 2617 1311 2649 θαλασσῶν,
1337 2618 1385 2644 καὶ
1408 2618 1456 2644 τοῦ
1478 2618 1557 2653 ὅρους
1582 2620 1632 2654 τῆς
1657 2618 1794 2654 θελήσεως
1812 2617 1858 2646 τοῖ

1071 2662 1159 2695 ἁγίου,
1179 2663 1225 2689 καὶ
1238 2662 1297 2697 ἥξει
1312 2660 1371 2697 ὥρα
1385 2663 1435 2699 τῆς
1456 2663 1609 2695 συντελείας
1632 2664 1726 2698 αὑτοῦ,
1740 2665 1786 2691 καὶ
1812 2665 1859 2690 οὐκ

1071 2707 1146 2734 ἔσται
1161 2709 1175 2734 ὁ
1193 2707 1298 2742 βοηθῶν
1311 2709 1394 2744 αὐτῷ.

1380 2779 1504 2805 ΚΕΦΛΛ.
1520 2779 1569 2805 lB'.

1111 2825 1134 2851 1.
1152 2826 1207 2852 Καὶ
1223 2825 1291 2852 κατὰ
1303 2825 1350 2860 τὴν
1365 2825 1457 2860 χώραν
1474 2825 1580 2859 ἐκείνην
1595 2824 1794 2859 παρελεύσεται
1809 2825 1859 2851 Μι-
