1967 3079
141 148 211 176 282‘)

864 152 976 181 CAPUT
998 153 1065 180 XIII.

1699 151 1768 178 283-0

141 211 212 245 Χπῆλ
225 211 238 236 ὁ
256 211 372 244 ἄγγελος
399 212 412 237 ὁ
429 212 524 247 μέγας,
546 212 560 238 ὁ
574 212 698 247 ἑστηκὼς
722 212 768 239 ἐπὶ
783 213 845 244 τοὺς
861 213 936 244 υἱοὺς
953 239 954 242 η

1022 214 1065 242 lus
1082 222 1207 249 magnus,
1223 214 1269 249 qui
1286 217 1340 240 stat
1354 219 1433 247 super
1455 211 1526 238 ﬁlios
1543 210 1634 246 populi
1652 209 1689 237 lui
1703 218 1708 235 ε
1724 211 1769 237 illa

142 256 190 282 τοῦ
207 257 273 282 λαοῦ
292 265 340 283 σου
352 266 358 272 ·
373 257 464 292 ἐκείνη
479 258 495 292 ἡ
512 258 601 293 ἡμέρα
613 257 738 293 θλίψεως,
756 258 799 284 οἵα
811 258 860 284 οὐκ
875 258 935 292 ἐγε-

142 302 225 337 νήθη,
244 302 292 337 ἀφ’
316 299 346 330 οὗ
374 303 542 338 ἐγενήθησαν
559 303 612 335 ἕως
635 305 685 339 τῆς
698 304 802 339 ἡμέρας
817 304 934 339 ἐκείνης.

144 349 201 375 Καὶ
217 350 245 375 ἐν
260 349 352 386 ἐκείνῃ
367 350 400 385 τῇ
414 350 505 385 ἡμέρᾳ
517 349 691 385 ὑψωθήσεται
710 351 763 382 πᾶς
783 352 796 377 ὁ
815 351 889 382 λαὸς,
908 350 937 382 ὃς

145 395 179 421 ἂν
196 394 294 430 εὑρεθῇ
309 395 535 431 ἐγγεγραμμένος
552 397 580 422 ἐν
596 395 634 431 τῷ
647 396 751 431 βιϐλίῳ.

179 441 207 466 2.
222 441 279 466 Καὶ
295 441 388 467 πολλοὶ
398 440 453 467 τῶν
468 440 653 467 καθευδόντων
677 442 705 467 ἐν
719 441 758 475 τῷ
779 441 873 467 πλάτει
888 442 937 475 τῆς

146 486 198 521 γῆς
212 487 423 521 ἀναστήσονται,
437 487 462 512 οἱ
475 487 524 521 μὲν
536 487 575 517 εἰς
589 486 661 521 ζωὴν
682 486 804 519 αἰώνιον¹
819 487 844 512 οἱ
856 486 884 512 δὲ
899 486 938 517 εἱς

145 531 318 567 ὀνειδισμὸν,
336 533 362 558 οἱ
382 532 410 559 δὲ
430 532 470 563 είς
484 532 644 566 διασπορὰν,
663 533 711 558 καὶ
725 531 856 567 αἰσχύνην
875 530 939 557 αἰώ-

146 586 215 604 νιον.

184 624 211 649 3.
224 624 281 650 Καὶ
296 625 320 650 οἱ
335 624 471 656 συνιέντες
485 625 615 660 φανοῦσιν
625 625 662 657 ὡς
672 624 816 659 φωστῆρες
835 622 880 649 τοῦ
897 622 941 648 οὑ-

150 670 244 704 ρανοῦ,
262 670 309 696 καὶ
327 671 353 697 οἱ
377 671 569 706 κατισχύοντες
591 672 652 702 τοὺς
672 671 769 704 λόγους
792 678 858 704 μου,
876 668 942 694 ὡσεὶ

147 716 184 742 τὰ
199 717 286 751 ἄστρα
298 716 344 743 τοῦ
359 717 474 752 ούρανοῦ
492 718 532 748 είς
548 717 594 743 τὸν
614 716 700 743 αἰῶνα
712 715 758 742 τοῦ
771 714 879 746 αἰῶνος.

187 762 212 789 ὦ.
229 763 285 789 Καὶ
300 763 343 796 σὺ,
361 762 470 798 Δανιὴλ,
483 763 602 798 κάλυψον
613 763 648 789 τὰ
668 761 876 797 προστάγματα,
895 759 942 785 καὶ

151 809 304 844 σφραγίσαι
315 809 345 836 τὸ
359 809 460 844 βιὸλίον
476 810 528 841 ἕως
549 810 645 844 καιροῦ
662 807 828 838 συντελείας,
845 806 896 837 ἕως
911 804 942 831 ἂν

151 855 332 890 ἀπομανῶσιν
351 856 376 881 οἱ
392 855 495 888 πολλοὶ,
515 855 560 882 καὶ
576 854 682 890 πλησθῇ
699 855 715 889 ἡ
739 853 776 888 γῆ
791 852 905 882 ἀδικίας.

988 261 1128 296 (erit)dics
1142 260 1363 292 tribulalationis.
1395 259 1482 294 qualis
1500 265 1553 285 non
1580 257 1650 284 facta
1669 261 1720 286 est.
1738 265 1770 284 ex

987 315 1042 342 quo
1056 306 1134 334 tactae
1148 312 1212 335 sunt
1228 306 1343 342 (gentes)
1360 313 1446 339 usque
1459 304 1490 331 ad
1504 305 1575 331 diem
1599 304 1684 330 illam.
1698 302 1730 330 Et
1745 303 1771 329 in

988 351 1033 378 illa
1051 352 1094 379 die
1124 352 1287 379 exaltabitur
1317 350 1406 377 omnis
1433 350 1562 384 populus,
1579 348 1625 383 qui
1646 347 1773 374 inventus

988 397 1069 425 fuerit
1085 399 1232 433 inscriptus
1246 399 1273 425 in
1295 397 1374 424 libro.

1024 445 1051 472 2.
1073 444 1105 471 Et
1117 444 1194 471 multi
1210 443 1403 472 dormientium
1424 443 1450 469 in
1470 441 1611 468 latitudine
1631 445 1709 466 terra:
1726 446 1774 465 cx-

990 496 1112 526 surgent,
1134 491 1179 518 alii
1199 491 1308 525 quidem
1336 490 1362 516 in
1384 489 1467 516 vitam
1488 491 1626 517 aeternam,
1649 485 1694 512 alii
1713 491 1776 511 vero

991 536 1017 562 in
1035 535 1223 570 opprobrium,
1239 535 1285 562 alii
1297 541 1359 561 vero
1375 533 1401 560 in
1417 531 1626 567 dispersionem,
1639 533 1666 556 et
1679 527 1775 556 conlu-

992 581 1094 609 sionem
1117 580 1318 615 sempiternam.

1027 627 1053 653 5.
1074 626 1108 654 Et
1131 626 1312 661 intelligentes
1330 623 1510 660 splendebunt
1540 623 1611 650 sicut
1633 619 1777 648 luminaria

993 672 1073 699 coeli:
1089 670 1322 699 etconﬁrmantes
1349 675 1490 696 sermones
1516 675 1591 694 mcos
1615 665 1691 700 quasi
1706 669 1778 691 astra

993 717 1056 744 mali
1071 717 1098 743 in
1113 716 1241 744 sa=culnm
1258 716 1361 743 saeculi.

1031 764 1058 790 4.
1078 763 1119 790 Tu
1136 770 1238 794 autem,
1253 762 1357 793 Daniel,
1370 761 1506 789 absconde
1516 760 1653 791 mandata,
1663 758 1780 792 etsigna

994 811 1092 838 librum
1106 817 1192 844 usque
1205 809 1237 836 ad
1254 813 1360 843 tempus
1374 805 1627 838 consummationis,
1639 805 1724 831 donec
1738 804 1780 829 in.

996 856 1105 884 saniant
1120 855 1209 887 multi.
1226 859 1251 882 et
1268 854 1411 889 impleatur
1426 858 1497 879 terra
1513 851 1676 886 iniquitatis.

190 901 216 928 5.
233 901 287 927 Καὶ
295 899 364 927 εἶδον
378 901 433 935 ἐγὼ
444 901 554 936 Δανιὴλ,
564 900 610 927 καὶ
624 900 677 927 ἰδοὺ
689 899 735 925 δύο
750 899 837 933 ἕτεροι
854 897 944 932 εἱστή-

1031 901 1058 928 5.
1079 900 1111 927 Et
1129 900 1183 927 vidi
1201 907 1250 934 ego
1267 898 1371 929 Daniel,
1387 901 1413 924 et
1436 904 1499 924 ecce
1515 896 1570 922 duo
1594 894 1639 921 alii
1665 893 1783 924 stabant,

153 955 259 975 κεισαν.
276 944 316 977 εἷς
329 946 405 973 ἐνθεν
419 946 466 973 τοῦ
485 946 619 982 ποταμοῦ,
637 945 685 972 καὶ
697 942 736 976 εἷς
753 944 837 970 ἐνθεν.

191 993 218 1019 6.
234 992 290 1019 Καὶ
304 990 368 1018 εἶπα
378 992 417 1027 τῷ
435 992 476 1018 ἐνὶ
492 991 530 1027 τῷ
544 990 770 1027 περιϐεϐλημένῳ
783 990 818 1016 τὰ
834 988 946 1023 βύσσινα

153 1038 195 1073 τῷ
214 1038 307 1065 ἐπάνω
320 1037 366 1064 τοῦ
384 1037 479 1070 ὓδατος
491 1037 538 1064 τοῦ
556 1037 678 1073 ποταμοῦ
688 1044 694 1050 ·
712 1036 780 1062 Πότε
793 1033 839 1061 οὖν
853 1033 948 1060 συντέα

155 1084 217 1111 λεια
236 1081 273 1111 ὧν
287 1084 402 1119 εἴρηκάς
420 1093 465 1119 μοι
480 1085 534 1111 τῶν
552 1083 731 1119 θαυμαστῶνς
752 1089 781 1109 +
797 1081 845 1108 καὶ
862 1081 875 1107 ὁ
899 1088 948 1106 κα-

157 1130 294 1165 θαρισμὺς
313 1137 343 1158 οι-
357 1129 459 1157 τούτων

195 1180 222 1206 7.
236 1180 291 1206 Καὶ
305 1180 408 1215 ηκουσα
424 1178 470 1205 τοῦ
483 1177 717 1214 περιϐεϐλημένου
733 1176 766 1203 τὰ
779 1176 903 1211 βύσσινα,
921 1174 950 1205 ὃς

158 1224 193 1261 ἦν
206 1226 299 1252 ἐπάνω
308 1225 355 1253 τοῦ
366 1225 462 1256 ὓδατος
474 1224 520 1251 τοῦ
540 1224 675 1259 ποταμοῦ·
690 1224 762 1255 Ἕως
780 1221 874 1258 καιροῦ
888 1230 950 1248 συν-

158 1271 282 1304 τελείας·
302 1271 349 1298 καὶ
375 1270 465 1305 ὖψωσε
489 1270 538 1306 τὴν
560 1269 648 1302 δεξιὰν
666 1269 714 1296 καὶ
732 1268 781 1304 τὴν
803 1267 951 1303 ἀριστερὰν

160 1319 202 1349 είς
217 1319 262 1344 τὸν
282 1317 406 1352 οὐρανὸν,
419 1317 467 1344 καὶ¹
478 1316 568 1351 ὤμοσε
584 1316 629 1343 τὸν
642 1314 730 1348 ζῶντα
747 1315 786 1346 εἰς
803 1313 848 1340 τὸν
866 1313 952 1339 αίῶνα

160 1363 239 1394 Θεὸν,
257 1364 297 1390 ὅτι
313 1363 351 1395 εἰς
366 1361 460 1398 καιρὸν
476 1362 524 1388 καὶ
548 1361 672 1396 καιροὺς,
688 1359 736 1386 καὶ
751 1359 836 1393 ἥμισυ
856 1355 952 1392 καιροῦ

161 1410 180 1444 ἡ
207 1408 348 1435 συντέλεια
369 1407 470 1443 χειρῶν
496 1406 620 1442 ἀφέσεως
644 1404 707 1432 λαοῦ
724 1404 813 1438 ἁγίου,
827 1404 875 1430 καὶ
891 1411 953 1429 συν-

162 1455 358 1490 τελεσοήσεται
375 1454 464 1481 πάντα
481 1452 578 1479 ταῦτα.

200 1502 227 1527 8.
245 1500 301 1526 Καὶ
321 1498 375 1533 ἐγὼ
390 1499 506 1533 ἥκουσα,
521 1497 569 1524 καὶ
581 1497 610 1523 ού
628 1494 768 1531 διενοήθην
791 1494 855 1529 παρ’
873 1492 954 1519 αὑτὸν

997 955 1068 975 unus
1081 947 1115 973 ab
1127 954 1181 973 una
1196 950 1274 980 parte
1290 943 1420 975 ﬂuminis.
1432 947 1459 970 et
1472 942 1542 968 alius
1554 942 1588 967 ab
1603 940 1687 967 altera

1032 993 1058 1020 6,
1081 992 1114 1019 Ει
1127 991 1182 1018 dixi
1198 990 1255 1022 uni,
1269 990 1314 1023 qui
1330 989 1440 1015 indultis
1452 991 1508 1013 erat
1523 985 1652 1020 byssinis,
1666 983 1711 1018 qui
1729 986 1785 1009 sla-

998 1039 1044 1066 bat
1056 1045 1137 1072 supra
1153 1044 1252 1071 aquam
1271 1034 1393 1062 ﬂuminis
1409 1041 1415 1058 ε
1431 1031 1546 1065 Quando
1562 1030 1643 1064 igitur
1655 1035 1784 1056 consum-

999 1085 1082 1111 matio
1104 1084 1218 1111 istorum
1232 1101 1239 1114 ,
1269 1088 1330 1116 qua:
1353 1079 1445 1106 dixisti
1470 1077 1535 1104 Inibi
1564 1075 1742 1106 mirabilium,
1759 1078 1786 1099 ct

1000 1130 1140 1160 mundatio
1158 1127 1293 1156 istorum?

1036 1175 1063 1203 '7.
1081 1174 1114 1201 Et
1130 1173 1218 1201 audivi
1232 1179 1306 1203 eum.
1322 1171 1368 1205 qui
1388 1168 1500 1196 indutus
1520 1171 1579 1194 erat
1589 1165 1725 1200 byssinis,
1741 1163 1786 1197 qui

1001 1226 1060 1249 erat
1077 1228 1159 1255 super
1173 1226 1271 1254 aquam
1285 1216 1421 1244 ﬂuminis:
1437 1214 1531 1248 Usque
1545 1213 1577 1240 ad
1596 1217 1703 1245 tempus
1721 1217 1787 1237 con-

1003 1265 1194 1294 summationis
1213 1275 1219 1291 :
1236 1268 1262 1291 et
1279 1262 1394 1290 elevavit
1413 1262 1535 1288 dextram
1558 1262 1585 1285 et
1602 1257 1740 1284 sinistram
1762 1254 1788 1281 in

1003 1313 1114 1344 coelum,
1131 1317 1157 1339 et
1173 1311 1274 1347 juravit
1290 1318 1337 1345 per
1351 1309 1487 1335 viventem
1504 1306 1530 1333 in
1542 1309 1673 1332 mternum
1693 1302 1789 1332 Deum,

1003 1362 1067 1396 quia
1086 1361 1113 1388 in
1128 1363 1245 1394 tempus,
1258 1363 1284 1385 et
1298 1362 1431 1392 tempora.
1455 1359 1483 1381 et
1500 1352 1641 1380 dimidium
1661 1349 1791 1384 temporis

1003 1406 1204 1435 consummatio
1222 1411 1352 1431 manuum
1371 1399 1539 1429 dimissionis
1566 1396 1659 1433 populi
1687 1394 1792 1427 sancti;

1004 1458 1032 1481 et
1046 1451 1310 1480 consummabuntur
1325 1448 1416 1475 omnia
1431 1447 1500 1474 haec.

1041 1499 1067 1526 8.
1088 1498 1121 1525 Et
1137 1504 1187 1532 ego
1206 1495 1308 1524 audivi.
1329 1498 1354 1521 et
1381 1500 1435 1520 n0n
1469 1490 1588 1519 intellexi
1607 1489 1678 1516 circa
1703 1488 1792 1522 ipsum

163 1546 211 1573 τὸν
228 1545 333 1580 καιρὸν,
349 1544 398 1572 καὶ
408 1542 489 1571 εἴπω
504 1543 602 1579 Κύριε,
619 1543 660 1574 τίς
685 1542 702 1576 ἡ
718 1541 795 1572 λύσις
811 1539 859 1566 τοῦ
875 1539 954 1572 λόγου

1022 1552 1124 1580 tempus,
1138 1547 1164 1570 et
1177 1541 1231 1569 dixi
1256 1549 1262 1566 :
1281 1539 1407 1571 Domine,
1421 1545 1546 1572 quamam
1567 1534 1667 1563 solutio
1688 1540 1792 1561 sermo-

164 1591 274 1623 τούτου,
287 1591 334 1618 καὶ
348 1591 419 1622 τίνος
435 1590 463 1617 αἱ
479 1589 633 1625 παραϐολαὶ
648 1584 744 1619 aii-tat;

202 1638 229 1665 9.
248 1638 304 1664 Καὶ
319 1635 379 1664 εἶπέ
394 1645 449 1672 μοι·
459 1636 616 1670 Ἀπότρεχε,
626 1633 735 1668 Δανιὴλ,
745 1633 786 1659 ὅτι
805 1640 959 1658 κατακεκα-

167 1684 306 1719 λυμμένα,
320 1683 368 1710 καὶ
380 1681 588 1716 ἐσφραγισμένοι
594 1680 628 1706 τά
639 1678 848 1715 προστάγματα,
863 1676 916 1708 ἕως
927 1675 959 1702 ἂν

168 1728 337 1765 πειρασθιῖηι
355 1728 402 1754 καὶ
421 1726 572 1761 ἁγιασοῶσι
585 1724 688 1751 πολλοί.

206 1775 252 1804 10.
266 1774 322 1802 Καὶ
331 1773 490 1809 ἁμάρτωσιν
507 1773 530 1798 oi
548 1770 717 1806 ἁμαρτωλοὶ,
731 1770 778 1796 καὶ
801 1769 831 1796 οὐ
852 1769 890 1803 μὴ
904 1768 962 1795 δια-

170 1820 288 1857 νοηθῶσι
305 1820 406 1850 πάντες
420 1819 445 1846 οἱ
464 1817 641 1854 ἁμαρτωλοὶ,
665 1816 713 1842 καὶ
736 1815 760 1841 οἱ
777 1813 962 1849 διανοούμενοι

171 1867 360 1903 προσέξουσιν,

209 1914 254 1940 Η.
273 1913 332 1947 Ἀφ’
349 1908 380 1939 οὗ
395 1912 428 1938 ἃν
440 1910 582 1945 ἀποσταθῇ
598 1911 615 1945 ἠ
634 1909 713 1936 θυσία
737 1907 901 1939 διαπαντὸς,
917 1906 964 1932 καὶ

173 1957 325 1994 ἑτοιμασθῇ
357 1956 469 1992 δοθῆναι
491 1955 521 1982 τὸ
547 1955 685 1990 βδέλυγμα
711 1953 761 1988 τῆς
786 1951 964 1988 ἐρημώσεως,

173 2005 283 2041 ἡμέρας
296 2003 383 2039 χιλίας
399 2001 538 2033 διακοσίας
552 2001 723 2036 ἐνενήκοντα.

213 2051 256 2078 12.
272 2049 415 2084 Μακάριος
432 2049 446 2074 ὁ
461 2047 588 2083 ἐμμένων
606 2046 654 2073 καὶ
672 2044 781 2077 συνάξει
798 2044 838 2075 είς
859 2042 967 2078 ἡμέρας

175 2096 266 2133 χιλίας
281 2094 441 2132 τριακοσίας
455 2093 601 2129 τριάκοντα
617 2091 707 2118 πέντε.

213 2149 257 2176 I5.
277 2148 333 2174 Καὶ
348 2146 379 2173 σὺ
396 2145 517 2180 βάδιζον,
540 2141 679 2169 ἀναπαύου
705 2148 734 2167 -εα
757 2140 797 2166 ἔτι
822 2139 876 2174 γὰρ
901 2138 969 2164 εἰσιν

176 2194 283 2230 ἡμέραι
304 2193 351 2220 καὶ
367 2192 437 2227 ὧραι
455 2191 495 2222 εἰς
510 2188 703 2224 ἀναπλήρωσιν
719 2185 873 2215 συντελείας
883 2184 910 2219 /.
923 2183 970 2210 καὶ

178 2238 337 2274 ἀναπαύσῃ,
353 2238 401 2264 καὶ
414 2236 553 2270 ἀναστήσῃ
569 2234 615 2261 ἐπὶ
624 2233 674 2269 τὴν
693 2231 772 2264 δόξαν
791 2239 836 2257 σου
853 2230 893 2261 εἰς
908 2238 971 2256 συν-

178 2285 286 2312 τέλειαν
300 2282 420 2319 ἡμερῶν.

217 2330 318 2367 Δανιὴλ
336 2328 408 2357 κατὰ
419 2329 482 2359 τοὺς
496 2328 535 2359 θ’,
553 2324 663 2362 ἐγράφη
678 2323 708 2355 ἐξ
718 2322 886 2358 ἀντιγράφου
899 2321 974 2356 ἔχον-

180 2385 228 2409 τος
246 2376 297 2411 τὴν
312 2375 515 2410 ὖποσημείωσιν
528 2371 630 2405 ταύτην
640 2379 648 2386 ·
667 2368 789 2404 Ἐγράφη
803 2369 835 2394 ὲκ
854 2367 907 2394 τῶν
921 2366 973 2394 Τε-

182 2421 312 2459 τραπλῶν
328 2420 358 2453 ἐξ
370 2417 407 2448 ὧν
421 2419 469 2446 καὶ
485 2417 632 2454 παρετέθη.

488 2484 614 2512 ΚΕΦΑΔ.
628 2482 665 2510 II"

494 2530 664 2558 Σουσάννα.

224 2583 250 2610 L
267 2583 294 2616 2
313 2580 370 2608 Καὶ
381 2577 415 2616 ’ἦν
431 2578 501 2613 ἀνὴρ
513 2575 596 2603 οἰκῶν
610 2576 639 2602 ὲν
655 2575 806 2608 Βαϐυλῶνι,
829 2575 877 2602 καὶ
891 2575 975 2609 ὄνομα

191 2630 219 2663 κ
237 2627 311 2663 αὐτῷ
336 2625 475 2660 Ἰωακείμ.

225 2674 252 2701 2.
268 2675 294 2708 2
310 2672 367 2700 Καὶ
378 2671 457 2698 ἔλαϐε
469 2672 595 2706 γυναῖκα,
637 2670 721 2704 ὗνομα
736 2667 882 2698 Σουσάννα,
894 2664 978 2699 Θυγά-

194 2721 222 2755 2
239 2727 292 2755 τηρ
308 2718 436 2751 Χελκίου,
463 2717 533 2752 καλὴ
553 2716 667 2752 σφόδρα,
687 2714 735 2741 καὶ
762 2711 918 2748 φοϐουμένη
932 2709 978 2735 τὸν

196 2765 222 2797 2
240 2763 281 2790 Κύ
287 2772 351 2799 ριον.

229 2811 256 2837 5.
276 2811 301 2843 2
319 2809 375 2836 Καὶ
388 2810 412 2835 οἱ
435 2809 525 2842 γονεῖς
551 2807 636 2842 αὐτῆς
653 2806 763 2837 δίκαιοι,
792 2804 839 2831 καὶ
858 2800 979 2834 ἐδίδαξαν

198 2856 225 2889 2
242 2855 291 2890 τὴν
302 2854 438 2890 θυγατέρα
450 2854 539 2881 αὐτῶν
559 2853 630 2880 κατὰ
642 2852 686 2879 τὸν
703 2852 783 2886 νόμον
801 2848 917 2882 Μωῡσῆ.

233 2901 258 2928 lt-
275 2901 301 2933 Ζ
315 2901 370 2927 Καὶ
389 2899 422 2936 ἦν
445 2900 572 2935 Ἱωακεὶμ
593 2898 718 2930 πλούσιος
743 2897 844 2932 σφόδρα
857 2915 864 2927 ,
885 2894 930 2921 καὶ
947 2891 980 2929 ἦν

1009 1590 1052 1618 nis
1070 1589 1151 1623 hujus
1162 1609 1168 1619 ,
1185 1592 1211 1614 et
1228 1586 1306 1619 cujus
1319 1584 1455 1619 parabola:
1468 1581 1547 1609 istae!

1043 1636 1070 1663 9.
1091 1633 1124 1661 Et
1139 1633 1207 1660 dixit
1224 1631 1307 1658 mihi:
1326 1629 1481 1659 Revertere,
1491 1625 1594 1658 Daniel,
1607 1625 1670 1659 quia
1689 1623 1795 1651 obtecta

1010 1686 1038 1710 ct
1055 1680 1196 1714 obsignata
1213 1681 1278 1704 sunt
1295 1675 1433 1706 mandata,
1451 1671 1631 1708 quoadusque
1659 1673 1798 1696 tcntcntur

1011 1734 1038 1756 et
1051 1725 1254 1754 sanctiﬁcentur
1269 1721 1357 1749 multi.

1048 1773 1092 1799 It).
1113 1771 1146 1797 Et
1162 1773 1274 1805 peccent
1285 1771 1452 1803 peccatores,
1467 1769 1554 1792 etnon
1567 1762 1720 1797 intelligant
1738 1767 1799 1787 om.

1013 1825 1062 1845 nes
1080 1820 1247 1852 peccatores,
1261 1817 1287 1840 et
1301 1811 1481 1846 intelligentes
1493 1808 1641 1836 attendant.

1050 1904 1092 1931 Il.
1114 1902 1153 1929 Ex
1169 1909 1223 1937 quo
1239 1904 1361 1935 tempore
1376 1898 1505 1926 checeril
1516 1895 1680 1924 sacriﬁcium
1691 1895 1764 1929 jugc,
1777 1897 1803 1920 et

1016 1954 1139 1985 paratutn
1159 1947 1251 1978 fuerit,
1270 1951 1300 1974 ut
1313 1946 1391 1973 dctttr
1414 1943 1583 1970 abominatio
1613 1941 1801 1974 desolationis,

1017 1997 1076 2024 dics
1094 1995 1166 2022 mille
1181 1992 1292 2021 ducenti
1308 1990 1465 2025 nonaginta.

1054 2043 1097 2069 12.
1113 2041 1212 2068 Beatus
1222 2039 1268 2074 qni
1286 2041 1434 2072 exspectat,
1448 2039 1473 2062 et
1491 2034 1665 2069 congregabit
1687 2032 1720 2059 ad
1747 2031 1805 2059 dies

1019 2089 1093 2116 mille
1106 2090 1243 2114 trecentos
1259 2084 1369 2119 triginta
1383 2082 1513 2117 quinque.

1056 2134 1099 2161 I5.
1120 2132 1161 2159 Tu
1179 2135 1268 2158 autem
1284 2129 1362 2160 vade,
1379 2127 1530 2162 requiesco,
1549 2124 1638 2151 adhuc
1657 2123 1728 2150 enim
1744 2127 1809 2150 sunt

1021 2181 1132 2212 dies,ct
1158 2178 1233 2205 bone
1258 2175 1292 2202 ad
1319 2173 1526 2208 complctionem
1553 2169 1806 2198 consummationis.

988 2240 1010 2268 ι)
1024 2225 1188 2260 Requiesces
1200 2227 1301 2254 autent,
1317 2225 1344 2248 et
1358 2226 1483 2254 resurges
1497 2225 1581 2253 super
1604 2215 1715 2253 gloriam
1734 2219 1808 2242 tuam

1024 2272 1051 2299 in
1064 2269 1302 2298 consummatione
1316 2266 1433 2293 dierum.

1062 2315 1156 2343 Daniel
1167 2313 1245 2347 juxta
1264 2310 1333 2338 LXX
1361 2308 1516 2343 descriptus
1541 2310 1582 2334 est
1608 2306 1642 2333 ab
1662 2303 1811 2338 exemplari

1025 2362 1143 2390 habente
1159 2357 1390 2392 subscriptionem
1408 2355 1480 2382 banc
1501 2351 1680 2387 :Descriptus
1711 2355 1752 2378 cst
1778 2357 1811 2376 ex

1026 2406 1161 2441 Tctraplis
1178 2412 1238 2432 cum
1254 2403 1354 2438 quibus
1370 2401 1452 2429 etiam
1471 2399 1587 2427 collatus
1601 2403 1653 2425 est.

1315 2468 1430 2497 CAPUT
1453 2467 1525 2494 XIII.

1354 2515 1489 2541 Susanna.

1063 2573 1087 2599 I.
1110 2571 1141 2599 Et
1152 2573 1212 2598 erat
1225 2569 1266 2596 vir
1294 2567 1420 2594 habitans
1446 2565 1473 2592 in
1506 2564 1651 2599 Babylone,
1676 2566 1702 2590 ct
1718 2568 1815 2589 nomen

1028 2622 1089 2657 eius
1103 2618 1217 2648 Joacim.

1064 2667 1092 2694 2.
1112 2665 1146 2692 Ει
1160 2662 1264 2698 accepit
1278 2667 1403 2693 uxorem,
1419 2659 1463 2687 cui
1473 2666 1571 2686 nomen
1596 2657 1720 2684 Susanna
1734 2676 1741 2688 ,
1763 2655 1817 2682 tilia

1030 2712 1148 2742 Chelcia:
1161 2709 1276 2746 pulchra
1292 2707 1382 2740 valde,
1399 2710 1426 2734 et
1443 2706 1542 2733 timens
1559 2703 1714 2731 Dominum.

1068 2801 1095 2827 5.
1116 2799 1148 2826 Et
1160 2801 1287 2834 parentes
1312 2795 1371 2831 cjus
1393 2794 1479 2829 justi;
1505 2798 1531 2822 et
1557 2793 1709 2821 docuerunt
1735 2788 1816 2816 tiliam

1032 2852 1109 2872 suam
1125 2842 1273 2871 secundum
1291 2841 1377 2876 legem
1389 2839 1485 2875 Moysi.

1068 2891 1095 2917 4.
1115 2888 1178 2915 Erat
1191 2892 1280 2916 autem
1289 2885 1392 2914 Joacim
1401 2885 1475 2913 dives
1491 2883 1677 2916 valdc,etcial
1693 2880 1817 2913 t-ipoma-
