1967 3079
189 135 240 161 283
246 135 253 160 l

802 133 927 160 DAMEL
947 132 1059 160 JUXTA
1081 133 1150 160 L...~t

1745 130 1817 156 ἱεὂῖ

190 193 259 217 rium
277 191 393 217 \iciuum
407 190 500 218 domui
524 198 595 223 sum;
617 196 642 217 et
661 191 692 218 ad
708 191 795 225 ipsum
811 191 970 218 accedebant

1038 192 1056 224 ᾖ
1074 189 1148 224 αὐτῷ
1169 189 1331 225 παρᾷδειςιις
1346 187 1472 222 γειτνιῶν
1499 186 1536 221 τῷ
1555 186 1621 220 οιχῳ
1639 183 1737 210 αὑτοῦ·
1770 187 1817 211 καὶ

187 235 283 268 Ιυιιευὶ,
297 243 328 262 eo
343 236 414 271 quod
434 240 506 267 esset
522 237 709 264 bonorabilior
731 237 869 264 omnibus.

224 323 251 351 5.
274 323 304 350 Et
318 324 446 350 declarati
462 329 526 352 sunt
539 325 594 351 duo
619 325 742 352 seniores
764 325 796 351 de
817 325 917 359 populo
930 325 975 359 ju—

188 369 262 396 diees
276 370 301 395 in
313 377 385 396 anno
399 369 455 401 illo,
469 370 501 396 de
511 370 611 404 quibus
625 370 754 404 loquutus
770 375 811 397 est
825 369 972 397 Dominus:

189 414 256 447 Quia
268 422 376 449 egressa
393 419 434 441 est
451 414 580 449 iniquitas
600 414 633 441 de
658 414 797 450 Babylone
821 423 835 441 a
858 415 975 442 seniori-

189 460 239 487 bus
249 460 399 495 judicibus,
415 460 461 495 qui
479 460 641 488 videbantur
651 467 745 497 regere
762 460 902 497 populum.

223 546 249 573 6.
272 546 305 574 Et
319 547 464 575 veniebant
483 548 677 576 controversiae
693 549 724 575 de
737 549 798 576 aliis
815 549 973 579 civitatibus

187 593 220 620 ad
234 600 290 620 eos.

224 639 249 666 7.
271 639 314 666 Isti
327 647 388 666 cum
404 639 526 666 viderent
544 641 682 667 mulierem
705 641 855 677 elegantem
875 641 973 673 forma,

189 685 331 711 mulierem
353 685 445 713 fratris
464 685 504 712 sui
522 686 555 712 de
569 686 631 713 {iliis
647 687 729 713 Israel
744 687 853 714 nomine
871 687 974 715 Susan-

189 738 262 762 nam,
270 731 350 757 tiliam
360 731 486 763 Cheleize,
501 739 613 758 uxorum
623 731 670 759 Joa
676 732 738 763 cini,
752 732 972 760 deambulanlem

189 776 216 802 in
231 777 353 810 pomario
372 776 421 803 νίς-ἱ
441 777 482 803 sui
499 781 620 811 tempore
634 777 830 812 pomeridiano.

224 865 250 891 8.
273 864 304 892 Et
319 873 379 892 cum
396 866 588 900 concupissent
603 874 674 894 eam.

224 911 251 938 9.
274 912 465 939 Pervcrlemnl
482 917 599 941 mentem
616 921 704 945 suam,
724 918 750 939 et
769 913 974 940 declinaverunt

188 957 282 984 oculos
294 965 370 988 suus,
389 965 423 985 ne
440 958 593 992 aspicerent
608 959 634 985 in
650 959 760 990 cmlum.
783 967 869 993 neque
887 966 974 985 recor-

187 1002 489 1037 darcnturjudiciorum
506 1004 656 1037 justorum.

224 1048 266 1074 10.
289 1047 411 1076 Etambo
423 1054 501 1076 erant
521 1050 640 1077 stimulis
663 1050 756 1085 agitali
773 1058 837 1084 erga
857 1057 927 1081 eam.
946 1054 974 1077 et

187 1091 256 1119 alter
273 1092 348 1119 alteri
362 1093 553 1120 dissimulabat
563 1094 708 1125 malitiam.
735 1101 794 1129 qua:
819 1094 974 1129 possidebat

187 1145 235 1165 cos
249 1142 359 1173 propter
372 1138 477 1174 ipsam;
497 1147 586 1174 neque
616 1139 713 1166 mulier
733 1144 897 1174 cognoverat
916 1147 972 1167 rem

187 1183 268 1211 hanc.

222 1229 264 1255 12.
285 1228 317 1256 Ει
335 1230 426 1256 statim
440 1230 560 1258 diluculo
575 1231 711 1258 venientes
736 1231 861 1258 fallebant
887 1240 916 1259 se
934 1232 974 1259 in-

186 1274 286 1310 vicem,
303 1276 487 1304 accelerantes
498 1277 559 1312 quis
575 1282 716 1312 appareret
732 1278 755 1305 ci
782 1278 866 1312 prier.
888 1284 914 1306 et
935 1281 973 1306 lo-

187 1326 317 1355 queretur
331 1321 362 1348 ad
379 1330 449 1349 eam.

223 1367 266 1393 15.
289 1367 321 1394 Et
337 1375 400 1395 ecce
414 1368 470 1403 ipsa
491 1369 568 1403 juxta
592 1369 818 1396 consuetudinem
840 1370 973 1397 deambu-

187 1411 270 1442 labat.
283 1417 309 1439 ct
325 1421 395 1440 unus
410 1414 442 1440 de
462 1414 617 1441 senioribus
635 1420 760 1448 venerat;
779 1420 806 1442 et
825 1423 887 1443 ecce
903 1416 972 1443 alius

188 1458 306 1491 advenit,
323 1463 349 1486 et
362 1467 433 1487 unus
450 1460 532 1486 alium
548 1459 736 1496 interrogavit,
757 1461 851 1488 dicens
865 1471 871 1488 :
884 1461 972 1495 Quare

187 1507 216 1530 tu
236 1504 270 1530 ita
284 1511 362 1530 mane
377 1511 503 1538 egressus
516 1512 556 1536 es,
574 1512 626 1531 non
638 1505 775 1539 accipiens
786 1505 849 1532 me?

224 1549 267 1576 H.
290 1549 321 1576 Et
336 1549 453 1578 confessi
470 1554 534 1577 sunt
549 1550 736 1585 unusquisque
760 1550 830 1578 inter
843 1558 872 1578 se
895 1551 971 1578 dolo-

186 1602 243 1622 rem
261 1602 352 1622 suum.

223 1639 266 1668 l9.
287 1640 319 1667 Et
334 1641 402 1668 dixit
416 1649 487 1668 Unus
504 1640 580 1668 altcri
596 1650 602 1668 :
624 1640 723 1669 Eamus
739 1641 770 1668 ad
783 1649 854 1673 eam.
868 1641 900 1668 Et
910 1649 973 1668 con-

183 1686 272 1723 juncti
297 1692 473 1716 accesserunt
496 1686 529 1713 ad
558 1693 630 1718 eam,
646 1690 672 1714 et
703 1687 756 1713 vim
782 1686 916 1714 faciebant
946 1687 971 1713 in

186 1740 257 1760 eam.

220 1777 266 1804 22.
287 1777 320 1803 Et
335 1777 403 1804 dixit
417 1777 469 1804 illis
481 1775 575 1804 Iudaea
588 1784 594 1802 :
609 1775 675 1803 Novi
687 1777 751 1812 quia
765 1777 788 1805 si
811 1785 893 1812 egero
908 1776 970 1810 hoc,

186 1830 263 1851 mors
277 1822 343 1849 mihi
357 1827 408 1854 est,
422 1826 449 1850 ct
460 1822 482 1849 si
500 1830 553 1850 non
567 1830 657 1857 egero,
673 1829 726 1850 non
737 1822 862 1858 etl‘ugiam
875 1830 972 1850 manus

186 1873 301 1895 vestras.

221 1915 267 1941 25.
286 1913 338 1941 Sed
352 1913 494 1940 honestius
509 1913 574 1940 mihi
591 1917 632 1940 est
652 1921 704 1940 non
730 1912 875 1940 facientem
901 1914 971 1941 inci-

185 1961 251 1988 dere
265 1960 292 1987 in
308 1967 405 1986 manus
421 1964 535 1991 vestras,
549 1966 628 1993 quam
648 1965 759 1993 peccare
783 1959 808 1986 in
825 1963 971 1994 conspectu

187 2005 304 2034 Domini.

220 2053 264 2080 28.
286 2051 372 2086 Iniqui
388 2056 477 2078 autem
493 2051 543 2078 viri
568 2051 669 2078 reversi
692 2056 756 2079 sunt
775 2052 971 2080 comminantes

186 2100 213 2127 in
225 2099 388 2133 semetipsis.
401 2103 428 2125 et
445 2098 558 2125 insidias
572 2102 710 2132 parantes,
733 2103 762 2125 ut
786 2103 872 2125 morte
883 2097 971 2125 allice—

185 2150 247 2174 rent
261 2154 329 2174 eam.
350 2145 381 2172 Et
396 2149 527 2171 venerunt
544 2144 576 2171 ad
591 2144 763 2180 Synagogam
779 2144 910 2177 civitatis,
924 2144 970 2172 ubi

1031 237 1056 269 Ζ
1074 234 1142 270 πρὸς
1159 235 1239 261 αὑτὸν
1255 234 1422 268 προσήγοντο
1441 232 1465 258 οι
1488 231 1620 261 Ἰουδαῖοι,
1644 229 1687 255 διὰ
1702 229 1731 254 τὲ
1749 225 1816 254 εἶναι

1031 283 1056 315 2
1074 281 1154 308 αὑτὸν
1171 279 1339 314 ἐνδοξότερον
1355 279 1472 306 πάντων.

1062 327 1088 353 5.
1107 327 1132 359 2
1149 326 1206 352 Kal.
1228 323 1428 359 ἀπεδείχθησαν
1446 322 1492 349 δύο
1513 320 1694 357 πρεσϐύτεροι
1722 319 1754 345 ἑκ
1769 317 1815 344 τοῦ

1030 373 1056 405 2
1075 371 1140 397 λαοῦ
1165 371 1259 406 κριταὶ
1283 371 1312 396 ἐν
1337 369 1376 404 τῷ
1402 367 1518 402 ἐνιαυτῷ
1538 365 1635 400 ἐκεινῳ
1698 364 1764 399 περὶ
1778 360 1816 390 ὧν

1025 417 1156 451 ἐλάλησεν
1172 417 1186 443 ὁ
1200 416 1348 450 Δεσπότης¹
1370 416 1430 441 Ὅτι
1444 412 1556 447 ἐξῆλθεν
1574 411 1675 445 ἀνομία
1685 411 1718 437 ἐκ
1728 409 1816 436 Βα6υ‹

1025 462 1109 495 λὼνος
1119 463 1151 488 ἐκ
1167 461 1360 497 πρεσϐυτέρων
1375 459 1487 495 κριτῶν,
1512 458 1536 484 οἳ
1553 457 1663 484 ἐδόκουν
1680 455 1814 490 κυϐερνᾷν

1025 507 1070 534 τὸν
1083 507 1155 535 λαόν.

1061 553 1087 580 6.
1108 554 1162 580 Kal.
1183 554 1298 588 ἦρχον-ιο
1328 550 1432 585 κρίσεις
1453 549 1482 581 ἐξ
1507 548 1595 576 ἄλλων
1616 547 1719 574 πόλεων
1748 547 1815 582 πρὸς

1025 599 1134 631 αὐτούς.

1062 647 1086 673 7.
1102 644 1181 673 Οὗτοι
1197 645 1296 677 ἰδόντες
1307 645 1424 679 γυναῖκα
1438 642 1549 669 ἀστείαν
1562 641 1601 676 τῷ
1611 641 1685 667 εἴδει.
1699 642 1814 674 γυναῖκα

1025 691 1139 726 ἁδελφοῦ
1156 691 1244 718 αὐτῶν
1263 691 1294 716 ἐκ
1308 689 1360 716 τῶν
1380 687 1446 714 υἱῶν
1469 686 1577 722 Ἰσραὴλ
1598 685 1685 720 ὄνομα
1698 685 1815 711 Σουσάν-

1025 745 1082 769 ναν,
1102 736 1239 771 θυγατέρα
1253 734 1380 765 Χελκίου,
1398 733 1516 768 γυναῖκα
1538 730 1678 765 Ἰωακεὶμ,
1696 737 1815 765 περιπα-

1024 782 1124 809 τοῦσαν
1138 783 1166 808 ἐν
1175 781 1214 817 τῷ
1230 780 1386 817 παραδείσῳ
1399 778 1447 806 τοῦ
1469 776 1565 813 ἀνδρὸς
1589 776 1674 812 αὐτῆς
1683 775 1714 802 τὸ
1727 775 1815 802 δειλι-

1024 829 1080 856 νόν.

990 859 1011 886 Β
1061 875 1087 902 8.
1105 874 1160 900 Kal
1179 872 1401 907 ἐπιθυμήσαντες
1411 871 1505 904 αὐτῆς.

1059 919 1085 947 9.
1104 918 1270 953 Διέστρεψαν
1284 917 1329 943 τὸν
1339 915 1400 942 νοῦν
1413 915 1511 946 αὐτῶν,
1530 913 1576 940 καὶ
1593 912 1733 947 ἐξέκλιναν
1751 911 1815 942 τοὺς

1024 965 1179 1000 ὀφθαλμοὺς
1197 963 1298 996 αὐτῶν,
1315 961 1363 988 τοῦ
1385 961 1422 996 μὴ
1439 960 1548 995 βλέπειν
1564 960 1604 990 εις
1625 957 1670 984 τὸν
1688 955 1814 990 οὐρανὸν,

1026 1012 1093 1048 μηδέ
1111 1009 1293 1047 μνημονεύειν
1304 1008 1446 1044 κριμάτων
1458 1005 1580 1033 δικαίων.

1061 1056 1102 1084 10.
1123 1056 1178 1083 Καὶ
1191 1054 1343 1090 ἀμφότεροι
1354 1051 1423 1088 ἦσαν
1437 1049 1667 1085 κατανενυγμένοι
1682 1048 1748 1084 περὶ
1762 1049 1813 1075 αὖα-

1023 1101 1084 1136 τῆς,
1100 1100 1148 1126 καὶ
1157 1100 1251 1135 ἔτερος
1263 1098 1302 1133 τῷ
1322 1097 1409 1133 ἑτέρῳ
1427 1096 1458 1122 οὐ
1482 1094 1667 1130 προσεποιεῖτο
1683 1093 1713 1119 τὺ
1728 1091 1812 1118 κακὸν

1023 1147 1053 1174 τὸ
1068 1146 1128 1181 ἔχον
1153 1145 1254 1175 αὐτοὺς
1279 1143 1344 1179 περὶ
1363 1141 1467 1177 αὐτῆς,
1485 1139 1547 1167 οὐδὲ
1570 1140 1586 1174 ἡ
1614 1138 1682 1174 γυνὴ
1696 1138 1767 1172 ἔγνω
1781 1138 1813 1164 τδ

1026 1193 1140 1228 πρᾶγμα
1153 1189 1240 1216 τοῦτο.

1061 1237 1103 1264 ιε.
1122 1237 1178 1263 Kal.
1203 1236 1241 1266 ὼς
1262 1234 1368 1269 ἐγίνετο
1384 1233 1496 1268 ὗρθρος,
1524 1231 1664 1267 ἐρχόμενοι
1683 1230 1813 1256 ἔκλεπτον

1024 1283 1154 1318 ἀλλήλους
1171 1281 1343 1313 σπεύδοντες,
1356 1279 1398 1310 τις
1421 1279 1570 1314 φανήσεται
1583 1277 1652 1312 αὐτῇ
1670 1275 1810 1310 πρότερος.

1025 1330 1071 1357 xal.
1087 1328 1199 1364 λαλήσει
1213 1327 1281 1362 πρὸς
1299 1326 1393 1360 αὐτήν.

1060 1375 1102 1402 15.
1121 1374 1177 1401 Kal.
1191 1373 1245 1399 ἰδοὺ
1258 1371 1329 1406 αὕτη
1340 1370 1412 1397 κατὰ
1424 1370 1454 1396 τὸ
1465 1368 1560 1400 εἰωθὸς
1575 1367 1736 1404 περιεπάτει
1746 1374 1752 1379 ·
1765 1365 1811 1392 καὶ

1023 1422 1036 1447 ὀ
1051 1418 1091 1452 εἷς
1104 1420 1158 1446 τῶν
1179 1417 1373 1454 πρεσϐυτέρων
1389 1414 1522 1450 ἐληλύθει,
1551 1413 1599 1440 καὶ
1627 1412 1682 1439 ἰδοὺ
1696 1413 1709 1438 ὀ
1719 1411 1812 1446 ἔτερος

1025 1466 1203 1502 παρεγένετο,
1214 1464 1260 1490 xal.
1280 1460 1320 1494 εἷς
1339 1462 1385 1488 τὸν
1400 1461 1493 1496 ἕτερον
1510 1459 1645 1495 ἀνέκρινε.
1663 1457 1750 1491 λέγων
1761 1464 1768 1471 ·
1779 1455 1813 1483 Τί

986 1521 1006 1548 c
1025 1512 1056 1538 σὺ
1071 1512 1156 1542 οὕτως
1173 1509 1270 1545 ὄρθρου
1286 1507 1397 1543 ἐξῆλθες
1410 1507 1440 1533 οὗ
1457 1504 1622 1542 παραλαϐών
1637 1511 1691 1538 μες

1059 1557 1101 1584 14.
1118 1556 1174 1582 Kal.
1188 1554 1426 1590 ἐξωμολογήσαντο
1440 1552 1508 1587 πρὸς
1523 1550 1656 1585 ἀλλήλους
1682 1549 1811 1585 ἑκάτερος

1022 1604 1072 1639 τὴν
1085 1602 1182 1638 ὀδύνην
1197 1600 1289 1628 αὐτοῦ.

1058 1646 1101 1674 19.
1117 1647 1172 1672 Kal.
1196 1643 1272 1671 εἶπεν
1292 1645 1334 1677 τὶς
1359 1644 1399 1680 τῷ
1415 1643 1516 1678 ἑτέρῳ·
1530 1640 1713 1678 Πορευθῶμεν
1741 1640 1810 1674 πρὸς

1023 1693 1118 1727 αὑτήν.
1138 1691 1193 1718 Kal
1208 1691 1365 1726 συνθέμενοι
1386 1688 1573 1725 προσήλθοσαν
1595 1687 1676 1722 αὐτῇ,
1696 1685 1745 1712 καὶ
1767 1685 1812 1718 ἐξ·

1022 1738 1162 1769 εὸιάζοντο
1176 1737 1272 1772 αὐτήν.

1056 1783 1102 1810 22.
1117 1783 1173 1809 Kal.
1182 1779 1258 1808 εἶπεν
1270 1781 1360 1813 αὐτοῖς
1372 1782 1389 1816 ή
1408 1776 1615 1811 Ἰουδαῖαοοῖδα,
1624 1778 1666 1805 ὅτι
1677 1778 1724 1804 ἐὰν
1741 1777 1812 1812 πρά-

1023 1829 1060 1863 ξω
1074 1828 1162 1860 τοῦτο,
1179 1827 1292 1859 θάνατός
1308 1835 1354 1861 μοι
1363 1825 1431 1853 ἐστι·
1448 1825 1496 1852 καὶ
1512 1825 1559 1852 ἐὰν
1579 1824 1617 1859 μὴ
1635 1823 1748 1859 πράξω,
1760 1823 1810 1850 οὐκ

1022 1872 1187 1908 ἐκφεύξομαι
1203 1871 1251 1903 τὰς
1264 1872 1358 1906 χεῖρας
1373 1869 1459 1904 ὑμῶν.

1055 1918 1102 1945 25.
1119 1916 1235 1944 Κάλλιον
1252 1916 1280 1942 δέ
1294 1924 1327 1951 με
1341 1915 1378 1951 μὴ
1391 1914 1535 1950 πράξασαν
1555 1915 1686 1949 ἐμπεσεῖν
1707 1915 1746 1945 εις
1761 1913 1809 1944 τὰς

1022 1965 1116 2000 χεῖρας
1129 1963 1215 1998 ὑμῶν,
1227 1963 1244 1998 ἢ
1263 1963 1396 1997 ἁμαρτεῖν
1408 1960 1524 1987 ἐνώπιον
1537 1960 1652 1996 Κυρίου.

1057 2055 1101 2082 28,
1116 2055 1148 2082 Ol.
1160 2054 1188 2081 δὲ
1203 2054 1354 2089 παράνομοι
1368 2052 1463 2088 ἄνδρες
1474 2051 1650 2087 ἀπέστρεψαν
1666 2051 1809 2078 ἀπειλοῦν-

1022 2109 1066 2132 τες
1079 2101 1108 2127 ἐν
1125 2101 1241 2131 ἑαυτοῖς,
1257 2099 1305 2126 καὶ
1320 2098 1514 2133 ἐνεδρεύοντες,
1537 2097 1581 2124 ἵνα
1606 2096 1808 2123 θανατώσουσιν

1022 2145 1108 2180 αὐτήν
1116 2153 1122 2160 ·
1145 2145 1193 2171 καὶ
1203 2144 1324 2175 ἐλθόντες
1335 2143 1382 2170 ἐπὶ
1394 2143 1443 2177 τὴν
1463 2141 1630 2176 Συναγωγὴν
1638 2141 1687 2176 τῆς
1704 2140 1807 2172 πόλεως

186 2192 355 2223 habitabant,
374 2195 402 2218 et
427 2190 620 2222 consederunt,
646 2191 692 2224 qui
717 2195 795 2218 erant
819 2191 855 2218 ibi
873 2198 970 2219 omnes

1038 2189 1222 2228 ὕπαρῲκουν,
1235 2190 1283 2217 καὶ
1301 2189 1485 2225 συνήδρευσαν
1498 2188 1523 2214 al
1537 2187 1613 2218 ὄντες
1632 2187 1690 2213 ἐκεῖ
1707 2186 1808 2218 πάντες

139 2247 143 2249 ’
185 2237 232 2266 ﬁlii
247 2236 339 2264 Israel.

219 2281 265 2310 29.
287 2281 319 2308 Et
335 2285 478 2316 surgentes
493 2280 548 2307 duo
579 2280 702 2308 soniores
719 2284 745 2307 et
769 2280 876 2315 judices
896 2281 971 2308 dixe-

185 2331 250 2356 runt
265 2335 272 2354 ι
288 2327 385 2354 Mittite
399 2325 431 2353 ad
445 2327 600 2353 Susannam
615 2325 696 2351 liliam
716 2325 841 2357 Chelcim,
856 2333 916 2360 qua:
929 2330 971 2353 est

183 2380 256 2402 uxor
268 2371 383 2400 Joacim.
405 2371 445 2398 illi
464 2375 554 2398 autem
569 2370 660 2398 statim
676 2376 849 2405 vocaverunt
861 2379 932 2398 eam.

219 2463 262 2491 33.
286 2462 317 2490 Ut
335 2466 426 2489 autem
440 2461 549 2489 advenit
563 2461 663 2489 mulier
685 2468 747 2488 cum
774 2465 850 2496 patre
866 2468 927 2492 suo.
943 2466 967 2488 et

186 2513 282 2540 matre,
307 2508 426 2539 ctservi,
441 2513 468 2534 et
492 2507 596 2535 ancilla:
621 2507 692 2541 ejus.
719 2514 781 2533 cum
811 2512 903 2533 essent
919 2515 969 2534 nu-

185 2561 261 2582 mero
289 2553 495 2589 quinquaginta,
524 2552 672 2580 adfuerunt
697 2557 723 2579 et
743 2552 818 2580 tilioli
837 2552 969 2580 Susanna:

185 2604 310 2636 quatuor.

220 2645 264 2672 5|.
286 2643 350 2670 lirat
362 2648 451 2670 autem
468 2644 564 2671 mulier
580 2643 695 2672 delicata
716 2643 807 2672 nimis.

220 2690 263 2716 52.
285 2689 317 2716 Et
331 2689 473 2724 jusserunt
489 2690 574 2725 iniqui
598 2690 858 2724 discooperiricam,
879 2695 908 2719 ut
925 2699 969 2719 sa-

185 2736 320 2763 tiarentur
334 2736 433 2763 decore
449 2736 678 2770 concupiscentia:
694 2736 764 2771 ejus.

219 2781 263 2809 ‘55.
287 2781 317 2808 Et
336 2781 467 2809 ﬂeverunt
483 2782 523 2808 sui
541 2788 645 2815 omnes,
665 2782 747 2816 etqui
764 2789 823 2810 cam
837 2789 968 2811 noverant

187 2835 290 2854 annos.

1021 2238 1046 2264 οἱ
1057 2237 1111 2264 ulol.
1134 2236 1252 2272 Ἰσραήλ.

1055 2283 1101 2311 99.
1114 2283 1166 2309 Kal
1183 2282 1348 2311 ἀναστάντες
1361 2281 1386 2308 οἱ
1395 2280 1441 2307 δύο
1451 2279 1629 2316 πρεσὸύτεροι
1654 2281 1701 2308 καὶ
1716 2280 1807 2315 κριταὶ

1021 2328 1103 2357 εἶπαν
1113 2338 1120 2345 ·
1143 2327 1336 2356 Ἀποστείλατε
1350 2327 1397 2353 ἐπὶ
1420 2327 1573 2353 Σουσάνναν
1585 2326 1723 2362 θυγατέρα
1740 2326 1806 2352 Χελ-

1021 2377 1091 2408 κίου,
1106 2375 1166 2410 1ἣτις
1182 2374 1241 2400 ἐστὶ
1253 2373 1321 2408 γυνὴ
1341 2372 1476 2407 Ἶωακείμ.
1492 2373 1524 2399 Οἱ
1541 2372 1569 2398 δὲ
1590 2371 1692 2403 εὐθέως
1713 2371 1807 2398 ἐκάλε-

1022 2430 1070 2449 σαν
1084 2421 1178 2456 αὑτήν.

1055 2467 1099 2494 50.
1120 2466 1164 2497 Ὠς
1177 2465 1206 2491 δὲ
1218 2463 1393 2499 παρεγενήθη
1407 2463 1422 2498 ἡ
1441 2462 1509 2497 γυνὴ
1524 2462 1571 2489 σὺν
1591 2462 1629 2497 τῷ
1641 2463 1727 2497 πατρὶ
1741 2461 1804 2488 ἑαυ-

1019 2513 1077 2548 τῆς,
1094 2512 1142 2539 καὶ
1166 2512 1198 2546 τῇ
1215 2510 1308 2546 μητρὶ,
1326 2510 1373 2537 καὶ
1388 2510 1411 2536 οἱ
1425 2509 1529 2540 παῖδες,
1557 2508 1605 2534 καὶ
1619 2508 1647 2534 αἱ
1664 2507 1803 2534 παιδίσκαι

1019 2557 1104 2591 αὐτῆς
1114 2555 1190 2587 ὄντες
1203 2555 1248 2582 τὸν
1270 2554 1384 2590 ἀριθμὸν
1409 2553 1600 2589 πεντηκοστοὶ,
1626 2553 1804 2588 παρεγένοντο

1019 2603 1067 2630 καὶ
1078 2602 1111 2628 τὰ
1127 2601 1220 2628 παιδία
1235 2601 1388 2631 Σουσάννας
1403 2600 1533 2634 τέσσαρα.

1055 2649 1097 2676 51.
1109 2645 1162 2674 Ἦν
1177 2647 1206 2674 δὲ
1220 2647 1235 2683 ἡ
1251 2646 1320 2682 γυνὴ
1334 2648 1457 2682 τρυφερά
1480 2645 1591 2680 σφόδρα.

1055 2693 1099 2720 52.
1114 2693 1169 2719 Kal.
1198 2691 1369 2728 προσέταξαν
1395 2691 1418 2717 οἱ
1443 2690 1595 2725 παράνομοι
1630 2689 1802 2723 ἀποκαλύψαι

1019 2738 1114 2773 αὐτὴν,
1133 2738 1176 2764 ἵνα
1187 2737 1364 2772 ὲμπλησθῶσι
1380 2737 1494 2768 κάλλους
1510 2735 1658 2770 ἐπιθυμίας
1676 2735 1771 2768 αὐτῆς.

1054 2783 1098 2811 55.
1113 2783 1170 2811 Καὶ
1184 2782 1328 2811 ὲκλαῐοσαν
1339 2782 1364 2809 οι
1380 2781 1444 2818 παρ’
1456 2781 1539 2816 αὐτῆς
1564 2780 1673 2812 πάντες,
1688 2779 1735 2806 καὶ
1747 2779 1802 2806 ὅσοι

1020 2829 1103 2860 αὐτὴν
1116 2825 1223 2860 ᾔδεισαν
1244 2827 1351 2859 πάντες.
