1967 3079
203 127 274 155 2855

846 128 970 156 [)ANll-JL
985 129 1022 157 JU
1029 129 1098 156 ΧΤΑ
1118 129 1199 157 LXX.

1759 128 1829 156 2836

205 187 278 222 quali
299 187 357 215 loco
387 187 457 215 horti
483 188 710 223 comprehendisti
731 188 861 215 eosinter
882 196 911 215 se
924 196 989 215 con-

1058 189 1088 216 οὗ
1105 191 1193 223 κήπου
1208 190 1282 224 τόπῳ
1296 188 1443 220 κατέλαϐες
1454 188 1551 220 αὐτοὺς
1570 188 1731 223 ὁμιλοῦντας
1747 188 1830 224 άλλη-

205 233 376 260 suetudinem
397 234 547 262 habentes?
566 234 617 267 Qui
635 242 700 261 vero
719 234 767 266 ait,
785 234 842 261 Sub
864 234 952 269 prino.

240 280 285 307 59.
308 280 434 315 Dixitque
452 280 571 308 Daniel:
592 281 696 316 Inique,
719 288 790 307 nunc
803 281 916 315 angelus
938 281 990 308 Do-

206 325 272 352 mini
290 326 365 353 stetit
381 326 501 360 gladium
516 326 628 358 habens,
651 331 680 353 ut
697 327 813 354 disseeet
841 331 876 358 te,
904 327 991 354 donec

205 372 321 406 populus
340 371 561 398 cxterminavcrit
577 379 636 398 vos.

241 417 284 444 60.
298 417 330 444 Et
349 417 438 444 omnis
459 424 594 452 synagoga
612 417 866 452 cxclamavitsuper
881 417 990 445 adoles-

205 463 340 490 centulum
355 471 361 495 ;
379 463 441 497 quia
453 470 486 490 ex
498 471 545 490 ore
573 464 684 499 proprio
698 464 818 491 convicit
834 472 882 491 eos
895 464 992 491 ambos

204 506 343 534 confessos
354 506 436 534 falsos
452 511 544 535 testes.

239 552 283 580 61.
300 553 333 580 Et
349 557 377 580 ut
393 553 433 580 lex
449 554 579 589 praecipit,
602 554 724 582 fecerunt
741 554 792 586 eis,
813 555 990 590 quemadmo-

204 599 267 625 dum
281 599 403 634 improbe
421 605 535 634 cgerunt
551 601 577 627 in
598 609 730 628 sororem.

240 645 284 671 62.
300 644 333 671 Et
347 646 541 681 colligaverunt
557 655 605 673 eos
622 647 752 681 capistro,
774 654 800 674 et
823 646 990 674 abducentes

205 691 378 725 projecerunt
403 692 428 719 in
462 693 566 719 vallem.
600 693 699 720 Eodem
730 699 851 727 tempore
879 693 991 727 angelus

207 737 312 764 Domini
326 738 439 766 immisit
459 739 548 774 ignem
574 739 645 766 inter
663 747 720 771 eos,
752 744 779 766 et
805 739 926 767 salvatus
949 743 991 766 est

205 784 316 818 sanguis
327 784 455 812 innoxius
467 786 493 812 in
512 785 555 812 dic
566 785 622 812 illa.

240 830 284 856 65.
301 829 363 858 ideo
375 831 498 866 iuniores
518 831 610 859 dilecti
629 836 693 860 sunt
709 831 812 859 Iacobo
825 832 851 858 in
883 831 990 866 simpli-

205 876 288 903 citate
303 884 362 904 sua.

240 921 283 948 οι.
302 923 335 950 Ει
354 931 404 950 nos
415 924 586 952 attendamus
606 925 638 952 ad
658 925 728 952 lilios
757 928 881 959 potentes
898 923 992 957 junio-

207 976 264 995 res:
284 969 410 1003 pietatem
422 970 494 996 enim
515 972 680 998 exercebunt
696 971 830 1005 juniores.
844 974 871 997 et
894 970 942 997 erit
964 970 990 997 in

205 1013 244 1040 eis
271 1013 383 1047 spiritus
401 1014 520 1042 scientia:
542 1020 569 1043 et
599 1015 785 1050 intelligentiae
810 1016 836 1042 in
861 1015 990 1042 saeculum

205 1058 309 1085 saeculi.

496 1105 611 1134 CAPUT
632 1105 701 1133 XIV.

204 1147 243 1175 Ex
261 1148 417 1177 Pnorneru
433 1150 564 1179 Annaeum
587 1159 652 1178 rtLtt
677 1151 742 1179 Jesn
760 1160 794 1178 ne
811 1159 891 1178 rmau
912 1150 989 1178 Law.

239 1227 266 1254 1.
286 1227 373 1255 Homo
387 1228 499 1263 quidam
516 1235 577 1257 erat
611 1230 749 1263 sacerdos,
764 1230 808 1257 cui
825 1237 923 1256 nomen
940 1229 992 1256 Da-

205 1273 270 1307 niel,
285 1274 356 1302 ﬁlius
368 1274 445 1308 Abal,
462 1276 576 1303 conviva
592 1276 665 1311 regis
679 1275 835 1311 Babylonis.

240 1318 267 1344 2.
282 1318 315 1345 Et
330 1323 388 1346 erat
400 1320 502 1347 idolum
521 1320 577 1354 Bel,
596 1321 669 1355 quod
690 1321 815 1348 colebant
828 1319 968 1355 Babylonii
982 1328 989 1345 :

206 1363 432 1396 impendebantur
448 1370 538 1392 autem
560 1366 588 1392 in
604 1373 637 1392 eo
660 1373 707 1400 per
727 1365 850 1400 singulos
868 1365 925 1391 dies
952 1364 991 1391 si-

205 1411 277 1438 milae
289 1412 389 1439 artabte
419 1411 574 1444 duodecim,
596 1418 624 1439 et
651 1420 716 1440 oves
745 1416 874 1446 quatuor.
894 1416 921 1438 et
938 1410 990 1438 olei

206 1463 327 1486 metretm
340 1466 385 1486 scx
391 1479 397 1485 .

241 1506 267 1532 5.
289 1505 321 1532 Et
336 1514 383 1533 rex
396 1506 501 1533 colebat
521 1513 593 1539 eum,
607 1511 634 1532 et
653 1506 710 1533 ibat
737 1513 784 1533 rex
805 1513 853 1540 per
868 1505 991 1540 singulos

205 1551 275 1584 dies,
305 1559 421 1586 eumque
450 1552 590 1579 adorabat.
611 1551 704 1579 Daniel
736 1556 825 1579 autem
842 1551 938 1578 orabat
956 1550 989 1577 ad

206 1597 359 1624 Dominum.
379 1597 505 1632 Dixitque
532 1604 578 1624 rex
595 1596 700 1623 Danieli
724 1595 841 1629 :Quare
867 1603 922 1622 non
947 1595 991 1622 ad-

203 1650 266 1670 oras
279 1642 342 1670 Bel?

240 1688 267 1716 4.
280 1688 312 1716 Et
330 1688 399 1716 dixit
415 1689 508 1716 Daniel
521 1689 555 1716 ad
570 1697 661 1724 regem
675 1697 683 1716 ι
701 1689 841 1717 Neminem
855 1689 916 1717 colo
929 1696 990 1723 ego,

205 1734 258 1760 nisi
274 1733 418 1761 Dominum
437 1734 532 1766 Deum,
548 1734 594 1768 qui
607 1735 708 1761 creavit
719 1735 818 1762 malum
835 1739 862 1762 et
877 1739 988 1766 terram,

205 1785 232 1807 et
252 1780 330 1807 habet
351 1779 441 1807 omnis
467 1779 557 1807 carnis
571 1779 794 1808 dominationem.

242 1869 269 1895 5.
287 1869 358 1895 Dixit
375 1872 465 1896 autem
478 1876 524 1895 rex
538 1868 562 1895 ei
577 1877 584 1896 :
598 1868 648 1895 llic
664 1869 747 1904 igitur
762 1876 817 1896 non
838 1873 879 1896 est
899 1868 990 1896 Deus?

206 1921 261 1941 non
278 1914 352 1942 vides
366 1918 466 1949 quanta
479 1914 506 1941 in
523 1921 584 1941 eum
599 1919 796 1942 consumantur
812 1922 860 1949 per
870 1915 991 1950 singulos

206 1958 284 1986 dies?

242 2005 268 2032 6.
279 2005 312 2032 Et
329 2005 398 2032 dixit
412 2005 436 2032 ei
456 2003 550 2032 Daniel
566 2014 573 2032 τ
594 2005 783 2040 Nequaquam,
797 2005 890 2032 nullus
904 2010 930 2032 te
945 2005 991 2033 de-

206 2052 289 2086 cipiat
306 2061 312 2078 :
326 2051 370 2078 hic
382 2051 454 2078 enim
471 2051 636 2079 intrinsecus
647 2052 756 2086 quidem
773 2051 862 2079 luteus
880 2055 931 2084 est,
948 2051 989 2079 fo-

206 2098 330 2125 rinsecus
345 2101 434 2125 autem
449 2106 535 2126 aereus
549 2107 555 2131 ;
568 2098 630 2133 juro
641 2106 705 2125 vero
723 2098 770 2125 tibi
785 2106 832 2133 per
845 2099 990 2126 Dominum

205 2143 290 2171 Deum
315 2143 438 2176 deorum,
462 2143 534 2177 quod
563 2144 629 2171 nihil
648 2144 765 2172 comedit
790 2152 909 2178 unquam
928 2145 988 2172 iste.

243 2188 270 2216 7.
287 2188 320 2215 Et
339 2189 426 2216 iratus
454 2197 500 2216 rex
529 2190 636 2217 vocavit
666 2189 809 2225 praefectos
837 2191 939 2226 templi,
965 2195 992 2219 et

207 2235 276 2262 dixit
293 2234 333 2261 eis
351 2243 356 2260 :
374 2233 493 2262 lndicate
510 2235 598 2267 illum,
618 2236 664 2270 qui
680 2236 807 2268 comedit,
820 2244 882 2271 quae
897 2244 993 2271 paran-

207 2286 252 2308 tur
271 2280 327 2313 Bel,
343 2288 422 2308 secus
441 2288 505 2308 vero
523 2281 687 2309 moriemini.

241 2370 268 2397 8.
285 2370 339 2397 Aut
356 2370 461 2403 Daniel,
477 2371 523 2406 qui
540 2376 678 2399 asseverat
696 2380 749 2399 non
768 2373 873 2401 comedi
893 2373 949 2402 haec
959 2374 994 2402 ab

208 2425 250 2444 eo.
265 2416 296 2444 lli
318 2421 406 2444 autem
419 2417 548 2444 dixerunt
566 2417 645 2452 :lpsc
669 2417 715 2444 Bel
731 2422 783 2450 est,
808 2419 854 2453 qui
881 2419 995 2447 devorat

208 2464 271 2491 ista.
284 2463 480 2491 Danielautem
497 2464 565 2490 dixit
578 2464 610 2491 ad
624 2472 714 2498 regem
735 2474 741 2491 :
764 2464 823 2492 Fiat
857 2466 908 2498 ita;
942 2465 994 2494 nisi

209 2509 365 2541 ostendero,
386 2510 459 2545 quod
481 2518 533 2537 non
553 2510 589 2537 sit
608 2510 665 2543 Bel,
695 2510 743 2545 qui
764 2511 910 2538 mandueat
930 2512 992 2545 ista,

210 2555 311 2582 moriar
326 2563 386 2591 ego.
404 2560 431 2583 et
442 2563 538 2583 omnes
560 2557 623 2584 mei.

245 2601 268 2628 9.
285 2600 370 2628 Erant
382 2605 470 2628 autem
480 2602 636 2631 sacerdotes
649 2603 696 2631 Bel
710 2605 879 2640 septuaginta
893 2605 996 2640 absque

211 2646 344 2674 uxoribus
369 2651 396 2674 ct
411 2646 484 2675 ﬁliis.
500 2647 643 2676 Duxerunt
655 2654 746 2677 autem
760 2658 850 2685 regem
862 2651 896 2678 ad
914 2651 994 2678 delu-

211 2693 289 2721 brum
303 2693 379 2721 idoli.

247 2739 290 2767 10.
310 2739 344 2767 Et
359 2740 489 2775 apposita
504 2746 568 2769 sunt
583 2750 652 2771 escae
670 2744 696 2771 in
711 2748 858 2779 conspectu
881 2745 952 2780 regis
969 2749 997 2773 et

213 2785 353 2818 Daniclis;
374 2790 402 2813 ct
431 2786 526 2814 vinum
557 2788 670 2816 mixtum
688 2789 872 2818 introductum
900 2796 951 2824 est,
970 2796 997 2819 et

214 2830 368 2865 appositum
389 2835 429 2859 est
445 2830 518 2858 Belo.

1042 234 1112 267 λοις;
1134 235 1164 261 ὐ
1177 234 1205 260 δὲ
1223 232 1315 260 εἶπεν·
1342 233 1411 259 Ὑπὸ
1423 234 1526 268 πρῖνον.

1079 280 1121 307 59.
1140 280 1194 306 Kal
1210 277 1286 306 εἶπεν
1298 278 1398 314 Δανιήλ
1408 286 1414 292 “
1441 278 1612 313 ’Δμαρτωλὲ,
1621 278 1669 304 νῦν
1681 279 1695 304 ὁ
1715 277 1829 312 ἄγγελος

1042 327 1145 363 Κυρίου
1161 327 1209 362 τὴν
1225 325 1361 361 ῥομφαίαν
1374 325 1489 360 ἕστηκεν
1503 324 1573 359 ἔχων
1583 344 1590 356 ,
1606 323 1658 355 ἕως
1676 325 1690 350 ὁ
1704 324 1769 355 λαὸς
1790 323 1831 356 ἑξ-

1041 372 1196 407 ολοθρεύσει
1207 373 1288 407 ὑμᾶς,
1310 372 1353 398 ἵνα
1363 371 1518 406 καταπρίσῃ
1533 379 1573 397 σε.

1077 418 1122 445 60.
1138 418 1195 444 Kal
1210 418 1286 443 πᾶσα
1299 417 1314 452 ἡ
1331 416 1475 450 συναγωγὴ
1491 416 1637 451 ἁνεὸόησεν
1653 415 1700 442 ἐπὶ
1713 415 1752 450 τῷ
1766 424 1831 441 νεω-

1041 465 1124 501 τέρῳ,
1147 464 1185 496 ὡς
1208 465 1239 490 ἐκ
1262 463 1307 489 τοῦ
1331 462 1396 489 ἰδίου
1418 462 1551 497 στόματος
1572 462 1721 497 ὁμολόγους
1733 462 1830 493 αὐτοὺς

1042 511 1209 544 κατέστησεν
1226 510 1242 536 ἀ
1247 510 1331 545 μφοτέ
1336 517 1397 544 ρους
1413 508 1494 542 ψευδο
1498 507 1585 543 μάρτυ
1589 516 1649 543 ρας.

1078 556 1121 583 61.
1135 556 1190 582 Kal.
1204 555 1242 587 ὡς
1262 556 1275 581 ὁ
1290 557 1372 589 νόμος
1386 553 1554 589 διαγορεύει,
1576 553 1709 589 ἐποίησαν
1729 553 1828 585 αὐτοῖς,

1042 601 1133 633 καθὼς
1146 600 1363 636 ὲπονηρεύσαντο
1379 600 1449 626 κατὰ
1459 599 1507 634 τῆς
1525 599 1652 634 ἀδελφῆς.

1077 647 1121 675 62.
1136 647 1191 674 Kal
1206 647 1349 681 ἐφίμωσαν
1365 646 1473 677 αὐτοὺς,
1489 644 1538 671 καὶ⁸
1561 644 1740 679 ἐξαγαγόντες
1755 644 1829 679 ἔρρι-

1041 694 1095 729 ψαν
1109 695 1148 725 εἰς
1164 693 1294 728 φάραγγα
1305 700 1312 707 ·
1327 692 1387 718 τότε
1400 693 1414 718 ὁ
1426 691 1541 725 ἄγγελος
1551 690 1650 726 Κυρίου
1667 690 1764 725 ἔρριψε
1776 690 1830 726 πῦρ

1041 739 1086 766 διὰ
1104 739 1187 774 μέσου
1207 737 1307 768 αὐτῶν,
1336 737 1384 763 καὶ
1398 735 1487 771 ἐσώθη
1503 733 1573 770 αἷμα
1597 735 1718 762 ἀναίτιον
1742 736 1772 761 ὲν
1796 737 1829 770 τῇ

1042 786 1135 821 ἡμέρᾳ
1151 784 1251 819 ἐκείνῃ.

1077 831 1120 858 65.
1137 831 1186 857 Διὰ
1205 830 1284 856 τοῦτο
1295 830 1320 856 οἱ
1339 828 1466 863 νεώτεροι
1477 828 1616 862 ἀγαπητοὶ
1641 826 1739 854 Ἰακὼῦ
1755 827 1783 853 ἐν
1798 828 1830 862 τῇ

1007 874 1028 901 Β
1043 876 1174 911 ἁπλότητι
1189 875 1288 901 αὐτῶν.

1077 923 1188 949 64.Καὶ
1209 922 1289 957 ἡμεῖς
1318 919 1520 954 φυλασσώμεθα
1542 919 1581 950 εἰς
1602 919 1676 950 υἱοὺς
1702 918 1832 948 δυνατοὺς

1041 970 1205 1004 νεωτέρους·
1227 967 1404 1002 εὐσεϐήσουσι
1419 967 1473 1004 γὰρ
1494 964 1631 1000 νεώτεροι,
1648 965 1696 991 καὶ
1710 963 1788 990 ἔσται
1804 964 1832 989 ἐν

1042 1015 1134 1046 αὐτοῖς
1158 1013 1266 1049 πνεῦμα
1290 1013 1447 1048 ἐπιστήμης
1471 1012 1517 1039 καὶ
1538 1011 1671 1043 συνέσεως
1691 1011 1731 1042 εἰς
1745 1009 1835 1037 αἰῶνα

1042 1060 1150 1092 αἰῶνος.

1345 1104 1471 1131 ΚΕΦΑΛ.
1493 1105 1541 1132 ίΔ’.

1048 1152 1094 1178 Ἐκ
1111 1150 1293 1186 προφητείας
1318 1150 1481 1186 Ἀμϐαξροὺμ
1501 1150 1569 1176 vim")
1597 1149 1698 1183 Ἰησοῦ
1720 1148 1755 1175 ἐκ
1778 1148 1835 1182 τῆς

1335 1185 1434 1220 φυλῆς
1454 1185 1534 1212 Λευΐ.

1078 1231 1104 1259 1.
1122 1231 1281 1267 Ἄνθρωπός
1294 1239 1337 1262 τις
1352 1228 1385 1266 ἦν
1406 1230 1504 1265 ἱερεὺς,
1519 1226 1541 1263 ᾧ
1552 1230 1638 1264 ὄνομα
1651 1229 1761 1264 Δανιὴλ,
1776 1228 1835 1260 υίὸς

1044 1278 1142 1310 Ἀὃαλ,
1155 1277 1313 1313 συμόιωτὴς
1325 1277 1372 1303 τοῦ
1386 1276 1520 1311 βασιλέως
1534 1275 1706 1305 Βαϐυλῶνος.

1076 1324 1104 1350 2.
1121 1324 1176 1350 Καὶ
1189 1321 1223 1358 ἦν
1236 1322 1344 1350 εἴδωλον
1359 1322 1424 1357 Βὴλ,
1443 1322 1456 1348 ὃ
1473 1321 1598 1348 ἐσέϐοντο
1608 1323 1632 1347 οἱ
1654 1321 1834 1347 Βαϐυλώνιοι·

1042 1369 1203 1405 ἀνηλίσκετο
1212 1369 1239 1396 δὲ
1252 1369 1328 1404 αὐτῷ
1340 1369 1400 1395 καθ’
1413 1368 1532 1402 ἑκάστην
1546 1367 1653 1402 ἡμέραν
1665 1366 1836 1402 σεμιδάλεως

1042 1415 1158 1451 ἀρτάϐαι
1174 1414 1299 1447 δεκαδύο,
1317 1415 1365 1442 καὶ
1388 1413 1513 1449 πρόϐατα
1531 1414 1663 1449 τέσσαρα,
1678 1414 1725 1440 καὶ
1743 1413 1836 1439 ἐλαίου

1043 1461 1180 1496 μετρηταὶ
1194 1461 1233 1494 ἐξ.

1077 1509 1103 1535 3.
1119 1509 1198 1535 Καὶὸ
1214 1508 1339 1543 βασιλεὺς
1350 1508 1459 1535 ὲσέὸετο
1481 1508 1571 1539 αὐτὸν,
1593 1509 1641 1535 καὶ
1658 1507 1806 1544 ἐπορεύετο
1821 1507 1837 1533 ὁ

1045 1554 1170 1589 βασιλεὺς
1182 1554 1242 1580 καθ’
1253 1555 1372 1589 ἑκάστην
1383 1554 1499 1589 ἡμέραν,
1514 1555 1561 1581 καὶ
1571 1554 1734 1589 προσεκύνει
1746 1553 1834 1588 αὐτῷ.

1043 1599 1141 1635 Δανιὴλ
1150 1599 1178 1625 δὲ
1194 1599 1365 1635 προσηύχετο
1379 1601 1446 1636 πρὸς
1462 1599 1581 1635 Κύριον,
1601 1601 1649 1627 καὶ
1668 1598 1744 1626 εἶπεν
1761 1601 1775 1626 ὁ
1787 1599 1837 1634 βα-

1044 1646 1134 1678 σιλεὺς
1146 1645 1183 1681 τῷ
1198 1646 1307 1681 Δανιήλ-
1323 1646 1399 1673 Διατί
1413 1647 1443 1673 οὗ
1461 1648 1622 1682 προσκυνεῖς
1634 1646 1673 1681 τῷ
1688 1646 1761 1682 Βήλς

1079 1692 1104 1719 4.
1122 1692 1178 1718 Kal.
1195 1689 1254 1718 εἷπε
1265 1691 1365 1726 Δανιὴλ
1375 1692 1443 1726 πρὸς
1451 1692 1495 1718 τὸν
1508 1691 1629 1726 βασιλέα·
1643 1692 1747 1718 οὐδένα
1760 1691 1837 1718 ’σέϐο-

1046 1746 1095 1771 μαι
1110 1737 1176 1772 ἐγὼ,
1193 1739 1217 1765 εἰ
1245 1738 1282 1773 μὴ
1298 1737 1400 1773 Κύριον
1414 1737 1459 1764 τὸν
1475 1737 1541 1764 Θεὸν
1562 1738 1608 1764 τὸν
1632 1737 1767 1765 κτίσαντα·
1789 1738 1836 1764 τὸν

1043 1784 1157 1820 οὐρανὸν
1175 1784 1221 1810 καὶ
1233 1783 1282 1819 τὴν
1301 1783 1364 1819 γῆν,
1378 1784 1425 1810 καὶ
1436 1784 1533 1818 ἔχοντα
1558 1783 1648 1818 πάσης
1669 1784 1768 1818 σαρκὸς
1788 1793 1837 1810 κυ-

1046 1838 1075 1865 ρε
1080 1829 1133 1857 ίαν.

1081 1876 1109 1903 5.
1128 1873 1212 1902 Εἶπεν
1231 1876 1258 1903 δὲ
1272 1877 1286 1903 ὁ
1301 1875 1427 1910 βασιλεὺς
1438 1875 1522 1911 αὐτῷ’
1539 1873 1623 1907 Οὗτος
1647 1873 1693 1903 οὖν
1707 1875 1759 1902 οὐκ
1777 1875 1836 1902 ἐστι

1043 1920 1124 1953 Θεός;
1136 1920 1184 1955 οὐχ
1195 1921 1260 1955 ὁρᾷς
1273 1921 1321 1947 ὅσα
1333 1921 1372 1952 εἰς
1386 1921 1466 1947 αὑτὸν
1477 1921 1629 1948 δαπανᾶται
1642 1921 1705 1947 καθ’
1715 1920 1836 1955 ἑκάστην

1026 1964 1028 1966 ⁷
1045 1966 1167 2002 ἡμέρανς

1079 2013 1106 2040 6.
1117 2013 1171 2040 Καὶ
1181 2009 1257 2040 εἶπεν
1271 2013 1345 2048 αὑτῷ
1354 2014 1462 2049 Δανιήλ’
1477 2013 1628 2049 Μηδαμῶς,
1642 2013 1739 2048 μηδείς
1749 2021 1780 2039 σε
1787 2020 1838 2039 πα-

1047 2060 1246 2096 ραλογιζὲσθω’
1263 2056 1341 2091 οὗτος
1357 2059 1411 2096 γὰρ
1427 2060 1530 2086 ἔσωθεν
1547 2060 1597 2095 μὲν
1621 2059 1733 2094 πήλινός
1748 2061 1834 2090 ἐστιν,

1045 2105 1143 2138 ἔξωθεν
1157 2105 1186 2131 δὲ
1200 2104 1317 2140 χαλκοῦς
1328 2112 1335 2120 ⁸
1359 2104 1452 2138 ὀμνύω
1477 2104 1505 2130 δέ
1527 2113 1567 2130 σοι
1593 2103 1696 2139 Κύριον
1709 2104 1755 2130 τὸν
1768 2102 1836 2129 Θεὸν

1044 2151 1097 2178 τῶν
1112 2151 1190 2184 θεῶν,
1207 2151 1247 2177 ὅτι
1260 2150 1338 2176 οὐθὲν
1355 2149 1477 2185 βέϐρωκε
1498 2149 1607 2176 πώποτε
1621 2147 1707 2181 οὗτος.

1080 2198 1106 2225 7.
1119 2197 1174 2224 Kal.
1187 2196 1323 2232 θυμωθεὶς
1336 2197 1350 2222 ὁ
1361 2196 1487 2231 βασιλεὺς
1503 2197 1616 2222 ἐκάλεσε
1627 2196 1690 2227 τοὺς
1702 2203 1833 2231 προεστη-

1045 2244 1126 2275 κότας
1142 2243 1188 2270 τοῦ
1204 2242 1288 2279 ἱεροῦ,
1305 2243 1352 2269 καὶ
1368 2240 1446 2269 εἶπεν
1462 2242 1553 2274 αὐτοῖς
1563 2250 1569 2256 ·
1588 2241 1772 2277 Παραδειξατε
1790 2241 1835 2268 τὸν

1045 2289 1169 2315 ἐσθίοντα
1187 2289 1222 2315 τὰ
1237 2287 1503 2323 παρασκευαζόμενα
1515 2286 1554 2322 τῷ
1567 2286 1622 2322 Βήλ
1633 2294 1640 2301 ·
1657 2286 1681 2311 εἰ
1692 2285 1721 2311 δὲ
1738 2285 1777 2320 μή
1790 2293 1832 2319 γε,

1044 2336 1061 2362 ἀ
1066 2335 1233 2362 ποθανείσθε.

1080 2382 1106 2408 8.
1125 2381 1159 2407 Ἦ
1174 2379 1273 2415 Δανιὴλ
1284 2380 1298 2406 ὁ
1312 2380 1425 2415 φάσκων
1440 2379 1476 2414 μὴ
1491 2378 1629 2405 ἐσθίεσθαι
1645 2377 1715 2404 αὐτὰ
1728 2376 1774 2403 ὑπ’
1785 2376 1834 2403 αὺ-

1044 2427 1101 2454 τοῦ.
1117 2427 1148 2454 Οἱ
1163 2427 1191 2453 δὲ
1206 2425 1285 2453 εἶπαν
1297 2433 1303 2440 ·
1321 2425 1407 2457 Αὐτὸς
1431 2426 1445 2450 ὁ
1469 2425 1524 2460 Βήλ
1547 2426 1622 2451 ἔστιν
1643 2425 1658 2451 ὁ
1684 2423 1834 2450 κατεσθίων

1046 2473 1124 2500 αὐτά.
1141 2470 1208 2499 Elite
1223 2472 1250 2498 δὲ
1262 2471 1362 2506 Δανιὴλ
1375 2471 1443 2506 πρὸς
1460 2470 1506 2497 τὸν
1520 2469 1641 2504 βασιλέα·
1654 2468 1774 2495 Γινέσθω
1789 2467 1834 2494 οὖ-

1045 2527 1110 2550 τως·
1125 2518 1172 2545 ἐὰν
1200 2518 1237 2553 μὴ
1253 2516 1418 2553 παραδείξω,
1433 2517 1475 2543 ὅτι
1489 2516 1539 2542 οὐκ
1554 2515 1627 2541 ἐστιν
1640 2516 1654 2541 6
1677 2514 1732 2549 Βὴλ
1743 2514 1757 2540 ὁ
1774 2521 1835 2540 κατ-

1046 2564 1143 2591 εσθίων
1154 2563 1250 2594 ταῦτα,
1268 2561 1467 2597 ἀποθανοῦμαι,
1479 2562 1528 2588 καὶ
1539 2561 1638 2592 πάντες
1646 2561 1671 2587 οἱ
1680 2560 1743 2594 παρ’
1761 2559 1831 2594 ἐμοί.

1082 2608 1108 2636 9.
1126 2607 1216 2635 Ἦσαν
1232 2608 1260 2634 δὲ
1270 2607 1309 2642 τῷ
1323 2606 1378 2642 Βὴλ
1392 2607 1475 2641 ἱερεῖς
1485 2606 1671 2641 ἑϐδομήκοντα
1686 2605 1772 2641 χωρὶς
1784 2613 1833 2638 γυ-

1048 2653 1150 2681 ναικῶν
1171 2654 1220 2680 καὶ
1238 2654 1342 2680 τέκνων
1353 2661 1361 2668 ο
1375 2653 1479 2688 ἤγαγον
1504 2652 1534 2678 δὲ
1556 2651 1603 2678 τὸν
1620 2650 1733 2685 βασιλέα
1748 2651 1788 2682 εἰς
1803 2650 1832 2676 τὸ

1047 2699 1190 2726 εἱδωλεῖον.

1083 2745 1128 2772 lt).
1142 2745 1198 2772 Καὶ
1210 2744 1348 2779 παρετέθη
1367 2744 1401 2770 τὰ
1413 2743 1546 2779 βρώματα
1564 2741 1679 2769 ἐνώπιον
1694 2741 1741 2768 τοῦ
1757 2740 1833 2776 βασι-

1047 2791 1116 2822 λέως
1129 2791 1175 2817 καὶ
1188 2789 1235 2816 τοῦ
1245 2789 1359 2825 Δανιήλ·
1374 2789 1422 2817 καὶ
1433 2787 1503 2821 alvo;
1519 2787 1662 2823 κερασθεὶς
1677 2785 1831 2822 εἰσηνέχθη,

1049 2836 1095 2863 καὶ
1112 2836 1246 2872 παρετέθη
1261 2835 1300 2868 τῷ
1316 2835 1378 2865 Βήλ.
