1967 3079
152 143 220 169 2857

866 140 982 167 CAPUT
1002 140 1060 168 XIV

1710 145 1780 173 283‘!

192 203 231 229 ll.
252 203 308 229 Kal
320 202 397 229 εἴπεν
412 202 526 238 Δανιήλ’
545 203 579 229 Σὺ
593 202 673 234 αὐτὸς
695 202 771 238 ὁρᾷς,
796 202 836 227 ὅτι
857 202 945 227 κεῖται

1033 201 1075 228 ll.
1093 201 1125 228 lit
1142 201 1210 228 dixit
1221 201 1313 229 Daniel
1331 211 1339 229 :
1359 201 1398 228 Tu
1413 202 1467 237 ipse
1482 202 1566 235 vides,
1584 203 1648 238 quin
1682 212 1781 239 propo-

150 248 250 280 τςιῦτει,
273 248 397 283 βασιλεῦ.

189 294 233 321 l2.
248 295 284 321 Σὺ
302 292 349 321 οὖν
371 293 582 328 ὲπισφραγίσεις
600 293 650 325 τὰς
665 294 772 325 κλεῖδας
793 293 840 319 τοῦ
856 293 920 319 ναοῦ
933 314 940 326 ,

151 340 223 366 ἐπὰν
236 340 347 375 κλεισθῇ
361 349 367 355 -
380 340 461 375 ἤρεσε
479 339 507 365 δὲ
521 340 535 365 6
550 338 627 371 λόγος
648 338 687 373 τῷ
705 338 818 373 βασιλεῖ.

190 386 233 413 l5.
258 386 287 412 '0
301 386 329 413 δὲ
345 386 444 421 Δανιὴλ
463 385 588 412 ἐκέλευσε
601 386 664 416 τοὺς
681 385 745 419 παρ’
755 384 847 416 αὐτοῦ,
861 383 943 410 ὲκῢα-

151 432 250 463 λόντας
264 432 368 463 πάντας
379 433 410 457 ἐκ
420 431 467 457 τοῦ
477 431 551 463 ναοῦ,
569 430 736 465 καταστῆσαι
748 430 808 456 ὅλον
824 429 869 455 τὸν
880 429 943 455 ναὸν

154 477 256 512 σποδῷ,
282 477 388 507 οὐδενὸς
407 476 461 502 τῶν
484 476 562 507 ἐκτὸς
578 475 659 502 αὐτοῦ
680 475 788 505 εἰδότος.
814 475 868 500 Kal
883 473 942 500 τότε

154 522 379 557 σφραγισάμενος
395 521 440 548 τὸν
452 521 515 547 ναὸν
531 520 658 547 ἐκέλευσε
673 520 823 555 σφραγίσας
842 519 879 554 τῷ
896 520 943 546 τοῦ

153 567 292 602 βασιλέως
306 566 449 602 δακτυλίῳ,
470 567 518 594 καὶ
538 567 596 595 τοῖς
616 566 765 597 δακτυλίοις
779 566 858 592 τινῶν
873 565 944 592 ἐνδό-

155 612 210 644 ξων
226 612 335 647 ἱερέων·
351 611 398 638 καὶ
412 610 519 645 ἐγένετο
532 609 628 642 οὕτως.

191 657 235 683 14.
256 657 312 683 Kal
325 656 442 690 ἐγένετο,
457 657 490 691 τῇ
502 656 631 690 ἐπαύριον
647 655 827 690 παρεγένοντο
841 654 887 681 ἐπὶ
898 655 944 681 τὸν

153 701 238 728 τόπον
250 708 256 715 ·
269 701 294 727 οἱ
307 701 335 727 δὲ
350 701 432 736 ἱερεῖς
446 701 493 727 τοῦ
514 701 568 736 Βὴλ
580 700 624 727 διὰ
647 700 843 735 ψευδοθυρίδων
858 699 944 725 εἰσελ-

155 746 259 778 Θόντες,
274 746 462 780 κατεφάγοσαν
477 747 565 773 πάντα
575 745 609 773 τὰ
622 745 809 781 παρακείμενα
825 744 863 780 τῷ
879 744 943 780 Βὴλ,

155 792 206 818 καὶ
220 791 328 824 ἐξέπιον
345 790 391 817 τὸν
408 789 489 817 οἶνον.

192 836 236 864 15.
259 836 314 863 Kal
338 834 415 862 εἶπεν
442 836 556 871 Δανιήλ·
579 837 700 863 Ἐπίδετε
715 835 764 867 τὰς
794 836 945 871 σφραγῖδας

155 882 278 917 ὑμῶν,εἱ
292 883 427 917 μένουσιν,
440 882 535 917 ἄνδρες
549 883 641 918 ἱερεῖς·
659 882 707 909 καὶ
723 883 754 909 σὺ
767 882 807 915 δὲ,
823 882 944 917 βασιλεῦ,
962 877 983 906 Β

158 927 270 962 σκέψαι,
287 928 323 963 μὴ
336 927 363 954 τί
380 936 420 954 σοι
432 927 597 963 ἀσύμφωνον
612 928 771 964 γεγένηται.

193 974 237 1001 16.
253 975 308 1001 Kal
325 972 403 1009 εὖρον
417 973 454 1004 ὡς
475 972 510 1009 ἦν
525 973 653 1009 σφραγὶς,
675 974 722 1001 καὶ
740 973 875 1001 ἀπέϐαλον
900 973 948 1009 τὴν

157 1029 194 1054 σφ
198 1020 306 1055 ραγῖδα.

194 1066 239 1093 17.
257 1066 312 1093 Kal
325 1065 478 1099 ἀνοίξαντες
491 1066 541 1098 τὰς
556 1066 652 1102 θύρας,
672 1066 777 1092 εῖδοσαν
796 1065 948 1100 δεδαπανη-

159 1112 229 1147 μένα
241 1112 328 1138 πάντα
341 1112 375 1138 τὰ
389 1112 591 1148 παρατεθέντα,
616 1112 663 1139 καὶ
680 1111 730 1143 τὰς
742 1110 882 1146 τραπέζας
902 1118 949 1136 κε-

157 1158 208 1189 νάς
219 1166 225 1172 ·
238 1158 286 1184 καὶ
300 1159 387 1194 ἐχάρη
399 1159 413 1184 6
428 1157 565 1193 βασιλεὺς,
585 1158 633 1184 καὶ
645 1154 722 1184 εἷπεν
747 1156 816 1191 πρὸς
833 1156 880 1183 τὸν
897 1156 950 1182 Δα-

156 1205 236 1240 νιήλ·
257 1204 352 1239 Μέγας
377 1204 450 1231 ἐστὶν
467 1205 481 1231 ὁ
495 1204 562 1239 Βὴλ,
586 1204 634 1231 καὶ.
652 1203 701 1230 οὐκ
717 1202 775 1229 ἔστι
795 1202 861 1238 παρ’
873 1200 949 1236 αὑτῷ

156 1250 243 1282 δόλος.

194 1297 239 1324 18.
254 1297 309 1323 Καὶ
319 1296 432 1330 ἐγέλασε
443 1295 542 1331 Δανιὴλ
553 1296 666 1331 σφόδρα,
678 1295 725 1322 καὶ
736 1293 812 1321 εἶπεν
825 1293 863 1329 τῷ
875 1294 950 1329 βασι-

156 1342 201 1368 λεῖ
209 1349 217 1356 ”
233 1342 318 1377 Δεῦρο
337 1343 375 1369 ἴδε
393 1342 437 1369 τὸν
452 1341 527 1368 δόλον
541 1342 595 1368 τῶν
614 1341 719 1377 ἱερέων.
733 1341 790 1367 Kotl
804 1338 880 1366 εἴπεν
895 1340 948 1366 Δα-

157 1387 235 1422 νιήλ·
252 1387 377 1417 Βασιλεῦ.
389 1387 475 1414 ταῦτα
490 1387 526 1413 τὰ
537 1386 597 1422 ῐχνη
612 1388 684 1418 τινος
696 1386 754 1413 ὲστί
765 1394 771 1419 ;

196 1431 240 1460 19.
258 1433 313 1459 Kal
328 1430 404 1459 εἶπεν
415 1432 429 1458 6
443 1431 583 1468 βασιλεύς·
603 1431 730 1467 Ἀνδρῶν,
743 1429 946 1465 καὶγυναικῶν,

157 1478 209 1505 καὶ
222 1478 346 1505 παιδίων.

195 1523 240 1550 20.
254 1523 309 1550 Kal
320 1523 436 1558 ἐπῆλθεν
450 1523 498 1549 ὲτιὶ
508 1522 555 1549 τὺν
568 1520 641 1549 οἷκον
656 1522 684 1548 ἐν
698 1517 720 1555 ᾧ
733 1518 804 1557 ἦσαν
823 1521 848 1547 οἱ
866 1521 949 1556 ἱερεῖς

158 1556 372 1604 καταγινόμενοι
382 1589 389 1601 ,
414 1569 462 1595 καὶ
474 1565 537 1604 εὗρε
550 1568 584 1595 τὰ
601 1567 733 1604 βρώματα
752 1566 800 1593 τοῦ
818 1566 883 1601 Βὴλ,
901 1566 949 1593 καὶ
962 1556 983 1584 C

160 1613 207 1640 τὸν
221 1611 301 1646 οἶνον,
315 1613 362 1640 καὶ
375 1614 495 1646 ἐπέδειξε
506 1613 604 1649 Δανιὴλ
617 1612 656 1648 τῷ
679 1612 782 1648 βασιλεῖ
805 1611 840 1638 τὰ
852 1611 948 1646 ψευδο-

159 1659 252 1695 θύρια,
264 1660 297 1686 δι’
312 1656 349 1686 ὦν
364 1659 585 1695 εἰσπορευόμενοι
600 1660 624 1685 oi
648 1659 741 1694 ἱερεῖς,
759 1657 901 1684 ἐδαπάνων
915 1655 950 1684 τὰ

160 1705 368 1740 παρατιθέμενα
381 1705 419 1740 τῷ
432 1706 498 1741 Βήλ.

195 1750 242 1778 2|.
251 1750 307 1777 Kal
319 1750 451 1785 ἐξήγαγεν
462 1749 561 1781 αὐτοὺς
573 1751 587 1776 6
597 1749 723 1785 βασιλεὺς
737 1749 768 1775 ὲκ
777 1747 824 1775 τοῦ
839 1748 948 1784 Βηλίου,

159 1795 210 1822 καὶ
220 1795 378 1829 παρέδωκεν
395 1795 495 1826 αὐτοὺς
513 1795 552 1830 τῷ
563 1795 672 1830 Δανιὴλ,
692 1795 739 1822 καὶ
758 1794 807 1830 τὴν
827 1794 949 1829 δαπάνην

159 1842 211 1877 τὴν
229 1843 269 1873 εις
293 1841 373 1868 αὐτὸν
394 1841 477 1868 ἔδωκε
498 1841 537 1869 τῶ
553 1841 668 1877 Δανιήλ·
693 1841 738 1868 τὸν
758 1841 786 1866 δὲ
806 1840 860 1876 Βὴλ
883 1848 950 1866 κατ-

160 1887 289 1921 έστρεψε.

196 1933 242 1960 22.
261 1934 317 1960 Kal
328 1931 362 1969 ἦν
378 1933 484 1969 δράκων
494 1933 523 1960 ὲν
536 1932 575 1968 τῷ
585 1932 659 1968 αὐτῷ
674 1932 758 1967 τόπῳ,
769 1932 815 1958 καὶ
826 1931 950 1958 ἐσέϐοντο

160 1979 186 2007 οἱ
206 1979 383 2007 Βαϐυλώνιοι.

196 2015 242 2052 23.
259 2025 315 2051 Kal
328 2023 404 2051 εἶπεν
415 2025 428 2050 ὀ
444 2024 569 2060 βασιλεὺς
581 2024 619 2060 τῷ
633 2025 731 2060 Δανιὴλ
740 2032 747 2039 ·
767 2024 813 2059 Μὴ
827 2024 874 2050 καὶ
891 2023 951 2050 τοῦ·

159 2079 207 2098 τον
230 2071 302 2106 ὲρεῖς
314 2091 321 2103 ,
338 2071 379 2097 ὃτι
398 2070 516 2106 χαλκοῦς
539 2072 632 2102 ὲστιν;
655 2070 708 2097 ἰδοὺ
726 2070 770 2105 ζῇ,
789 2069 837 2096 καὶ
851 2069 948 2102 ἐσθίει,

160 2116 212 2144 καὶ
223 2117 305 2148 πίνει,
321 2116 509 2152 προσκύνησον
521 2116 605 2151 αὐτῷ.

196 2162 242 2190 25.
256 2163 311 2189 Kal
323 2160 398 2188 εἶπεν
408 2161 515 2197 Δανιήλ-
530 2160 656 2192 Βααιλεῦ,
670 2161 714 2192 δός
734 2169 779 2196 μοι
799 2161 849 2196 τὴν
872 2160 949 2193 ἐξου-

161 2209 233 2239 σίαν,
258 2208 305 2235 καὶ
329 2208 417 2234 ἀνελῶ
434 2208 479 2234 τὸν
514 2207 650 2242 δράκοντα
673 2207 738 2234 ἄνευ
764 2207 873 2243 σιδήρου
899 2206 949 2233 καὶ

162 2253 272 2289 ῥάϐδου.
285 2253 340 2280 Kal
352 2252 539 2288 συνεχώρησεν
552 2252 626 2287 αὺτῷ
637 2253 650 2279 6
661 2251 798 2287 βασιλεὺς,
815 2251 863 2278 καὶ
871 2248 948 2277 εἶπεν

160 2299 248 2334 αὐτῷ·
258 2299 366 2325 Δέὀοταί
378 2307 428 2325 σοι.

197 2345 243 2372 26.
260 2345 315 2372 Kal
325 2344 415 2371 λαόὼν
430 2345 527 2380 Δανιὴλ
539 2345 638 2380 πίσσης
655 2345 723 2378 μνᾶς
736 2343 890 2379 τριάκοντα,
903 2343 950 2370 καὶ

161 2391 259 2426 στέαρ.
273 2391 320 2417 καὶ
334 2391 439 2426 τρίχας,
455 2391 559 2426 ἥψησεν
573 2390 620 2417 ἐπὶ
639 2389 669 2416 τὺ
684 2389 760 2420 αὐτὸ,
778 2389 826 2415 καὶ
840 2389 950 2424 ἐποίησε

162 2435 266 2472 μάζαν,
277 2437 325 2463 καὶ
338 2436 464 2463 ὲνέῦαλεν
477 2437 517 2467 είς
528 2437 558 2462 τὸ
575 2436 662 2470 στόμα
677 2434 724 2462 τοῦ
738 2435 892 2472 δράκοντος,
904 2435 950 2462 καὶ

162 2480 260 2516 φαγὼν
272 2481 413 2516 διερῤἀγη,
434 2481 482 2507 καὶ
503 2480 603 2513 ἔδειξεν
617 2480 697 2507 αὑτὸν
711 2480 750 2515 τῷ
772 2480 885 2515 βασιλεῖ,
908 2480 950 2506 λέ-

160 2536 235 2565 γων’
246 2528 284 2554 Οὺ
296 2527 381 2554 ταῦτα
396 2526 518 2558 σέϐεσθε,
530 2526 655 2561 βασιλεΰ;

198 2574 244 2601 2".
260 2574 316 2600 Καὶ
332 2573 504 2608 συνήχθησαν
520 2573 545 2598 οἰ
559 2571 612 2598 ἀπὸ
624 2571 674 2604 τῆς
686 2570 777 2606 χώρας
794 2571 892 2601 πάντες
904 2571 950 2597 ἐπὶ

161 2620 209 2647 τὸν
229 2619 327 2655 Δανιὴλ
339 2639 347 2650 ,
375 2619 422 2645 καὶ
446 2617 526 2644 εἶπαν
538 2625 545 2633 ·
574 2617 698 2648 Ἰουδαῖθς
719 2616 831 2650 γέγονεν
847 2617 861 2642 ὁ
875 2616 951 2651 βασι-

161 2663 240 2695 λεὺςο
262 2663 308 2689 τὸν
328 2662 382 2698 Βὴλ
402 2661 570 2697 κατέστρεψε
586 2681 593 2693 ,
609 2661 657 2687 καὶ
673 2661 718 2687 τὸν
742 2660 876 2695 δράκοντα
896 2661 950 2687 ἁπ-

163 2710 278 2736 ἔκτεινε.

198 2753 243 2781 29.
265 2754 320 2780 Kal
333 2753 394 2780 ἰδὼν
411 2754 424 2780 ὁ
441 2753 578 2789 βασιλεὺς,
596 2754 636 2780 ὅτι
654 2752 822 2788 ὲπισυνήχθη
844 2753 858 2778 6
874 2752 951 2787 ὄχλος

162 2800 215 2835 τῆς
226 2799 317 2835 χώρας
328 2800 370 2826 ἐπ’
384 2799 474 2833 αὑτὸν,
488 2800 598 2826 ἐκάλεσε
613 2799 676 2831 τοὺς
688 2797 844 2833 συμϐιωτὰς
857 2798 949 2830 αὑτοῦ,

165 2846 213 2873 καὶ
227 2844 314 2873 εἷπεν⁸
335 2846 432 2882 Δίδωμι
448 2847 492 2874 τὸν
503 2846 599 2881 Δανιὴλ
615 2847 652 2878 εἰς
664 2844 808 2872 ἀπώλειαν.

997 247 1047 274 sila
1059 253 1122 274 sunt
1134 248 1196 280 ista,
1213 255 1270 275 rex.

1033 294 1077 321 12.
1102 293 1141 321 Tu
1174 302 1239 329 ergo
1271 294 1428 328 obsignabis
1450 295 1541 322 claves
1573 296 1674 330 templi,
1709 301 1782 330 post-

996 346 1078 373 quam
1095 339 1218 367 clausum
1235 339 1325 367 fuerit.
1338 340 1443 368 Placuit
1458 345 1547 368 autem
1561 349 1653 368 sermo
1661 341 1725 375 regi.

1033 385 1075 412 l3.
1094 385 1185 413 Daniel
1199 387 1355 420 verojussit
1369 387 1480 421 lnis.qui
1502 395 1563 414 cum
1594 395 1626 414 eo
1645 392 1733 418 erant,
1753 392 1782 413 ut

997 430 1091 464 ejectis
1111 431 1236 458 omnibus
1254 432 1287 458 de
1305 432 1416 466 templo.
1430 438 1643 466 conspergercnt
1660 433 1780 459 cinerem

997 482 1045 509 per
1062 479 1147 502 totum
1165 475 1306 510 templum,
1319 477 1424 503 nemine
1435 484 1540 507 eorum,
1553 477 1599 511 qui
1612 476 1677 503 foris
1691 481 1778 509 erant,

997 520 1110 547 sciente.
1129 520 1161 547 Et
1175 520 1271 548 eodem
1289 525 1410 555 tempore
1423 522 1517 549 clauso
1526 522 1626 556 templo
1642 522 1779 557 praecepit,

998 569 1027 592 ut
1043 565 1218 600 obsignarent
1233 567 1334 593 annulo
1346 567 1582 601 regis.elanuulis
1596 568 1779 602 quorumdam

998 611 1143 645 insignium
1160 611 1332 638 sacerdotum
1346 620 1354 644 ;
1374 616 1400 639 et
1415 612 1515 639 factum
1533 618 1574 640 est
1592 614 1637 639 ita.

1033 656 1076 683 M.
1092 656 1124 684 Et
1138 656 1238 684 factum
1248 661 1299 688 est,
1308 662 1416 691 postero
1427 658 1610 685 dievcnerunt
1621 659 1653 685 ad
1670 660 1759 686 locum
1772 668 1778 686 :

998 703 1152 730 sacerdotes
1179 708 1269 731 autem
1299 703 1345 731 Bel
1375 712 1422 738 per
1449 704 1532 731 falsas
1554 705 1626 733 fores
1652 706 1780 740 ingressiI

998 749 1176 776 comederunt
1208 749 1311 781 omnia,
1341 757 1401 784 qua:
1427 754 1520 784 parata
1541 750 1649 778 fuerant
1676 751 1732 785 Bel,
1755 759 1782 779 et

998 795 1126 822 biberunt
1141 796 1244 823 vinum.

1035 840 1078 867 l5.
1094 840 1127 867 Et
1155 841 1224 868 dixit
1246 840 1340 869 Daniel
1358 850 1364 868 :
1383 842 1508 878 Inspicite
1525 844 1613 878 sigilla
1629 849 1727 875 vestra,
1744 852 1777 870 an

998 891 1133 918 maneant,
1149 887 1199 914 viri
1217 888 1373 916 sacerdotes
1391 889 1456 917 :sed
1472 889 1554 916 etiam
1564 894 1602 923 tu,
1616 897 1673 922 rex,
1691 890 1780 917 consi-

997 932 1072 964 dera,
1086 940 1119 959 nc
1135 933 1198 966 quid
1212 933 1259 960 tibi
1275 935 1441 961 contrarium
1467 935 1568 962 factum
1585 935 1676 964 fuerit.
1705 961 1707 963 .

1033 976 1076 1003 16.
1097 977 1128 1003 Et
1143 978 1304 1005 invenerunt
1318 979 1390 1006 sicut
1404 984 1463 1006 erat
1478 980 1661 1014 signaculum,
1683 987 1710 1007 et
1733 981 1783 1008 ab—

997 1022 1120 1057 iecerunt
1139 1023 1268 1058 sigillum.

1033 1069 1077 1096 l7.
1094 1068 1127 1095 Et
1156 1069 1308 1104 aperientes
1332 1070 1448 1105 januas,
1476 1071 1602 1098 viderunt
1632 1072 1780 1107 absumpta

998 1113 1100 1146 omnia,
1118 1122 1178 1149 quae
1192 1115 1313 1150 apposita
1337 1115 1455 1148 fuerant,
1473 1121 1501 1143 et
1526 1124 1635 1144 mensas
1661 1125 1779 1147 vacuas;

998 1164 1024 1187 et
1041 1160 1150 1194 gavisus
1168 1165 1210 1188 est
1225 1168 1281 1193 rex,
1297 1167 1324 1188 et
1336 1161 1404 1188 dixit
1428 1161 1461 1188 ad
1489 1161 1646 1189 Danielem:
1663 1162 1777 1198 Magnus

997 1210 1038 1233 est
1050 1205 1106 1239 Bel,
1123 1211 1151 1233 et
1166 1214 1219 1234 non
1233 1211 1275 1234 est
1290 1207 1316 1233 in
1330 1215 1363 1234 eo
1373 1208 1462 1234 dolus.

1034 1293 1077 1320 18.
1090 1293 1122 1320 Et
1152 1294 1213 1322 risit
1241 1294 1335 1322 Daniel
1361 1295 1553 1329 vehementer;
1571 1301 1597 1323 et
1617 1297 1685 1323 dixit
1700 1297 1755 1332 μεςί
1774 1307 1780 1324 :

997 1337 1113 1371 Accede,
1127 1339 1189 1366 vide
1206 1339 1296 1366 dolum
1312 1341 1496 1368 sacerdotum.
1513 1341 1546 1368 Et
1572 1341 1640 1368 dixit
1661 1341 1754 1368 Daniel
1774 1351 1780 1367 :

999 1384 1134 1417 Rex,haec
1150 1386 1265 1421 vestigia
1280 1386 1359 1421 cujus
1379 1388 1465 1414 sunt?

1034 1430 1078 1458 19.
1098 1430 1130 1457 Et
1141 1431 1265 1459 dixitrex
1287 1441 1292 1458 :
1310 1431 1449 1466 Virorum,
1465 1439 1491 1460 ct
1503 1433 1661 1466 mulierum,
1677 1439 1703 1461 ct
1716 1442 1783 1468 puc-

999 1483 1101 1503 rorum.

1033 1522 1079 1549 ‘20.
1092 1522 1125 1550 Et
1144 1523 1211 1550 abiit
1224 1523 1251 1550 in
1273 1523 1397 1555 domum,
1414 1523 1441 1550 in
1467 1532 1520 1559 qua
1546 1525 1700 1553 sacerdotes
1721 1533 1782 1553 ver—

999 1568 1141 1601 sabantur,
1153 1571 1181 1595 et
1198 1568 1300 1596 invenit
1328 1575 1406 1596 escas
1424 1568 1505 1602 Belis,
1521 1574 1548 1596 et
1564 1570 1654 1597 vinum
1670 1576 1717 1603 ;et
1742 1572 1783 1598 in-

999 1613 1100 1641 dicavit
1126 1613 1221 1641 Daniel
1253 1613 1310 1649 regi
1339 1614 1422 1642 falsas
1447 1614 1532 1647 fores,
1546 1622 1593 1649 per
1607 1623 1676 1650 quas
1692 1616 1782 1651 ingrc-

999 1659 1104 1687 dientes
1121 1659 1278 1688 sacerdotes
1299 1660 1480 1688 absumebant
1493 1669 1554 1695 quae
1576 1661 1782 1696 apponebantur

999 1705 1044 1733 Bel

1033 1751 1078 1778 ‘zi.
1099 1751 1131 1778 Et
1142 1751 1222 1786 ejecit
1234 1759 1281 1779 eos
1298 1759 1344 1778 rex
1361 1752 1393 1779 de
1426 1752 1526 1787 templo
1543 1752 1600 1785 Bel,
1619 1758 1646 1780 et
1669 1753 1782 1780 tradidit

999 1804 1045 1824 eos
1062 1797 1177 1829 Danieli,
1195 1801 1222 1824 et
1236 1797 1397 1831 impensam,
1411 1805 1472 1831 quze
1485 1798 1510 1825 in
1524 1806 1585 1825 eum
1604 1799 1778 1833 erogabatur,

1000 1842 1073 1870 dedit
1088 1842 1192 1869 Danieli
1206 1852 1212 1875 ;
1230 1842 1274 1870 Bel
1286 1847 1380 1870 autem
1390 1844 1500 1870 evertit.

1034 1931 1079 1958 2‘2.
1094 1930 1126 1957 Et
1141 1930 1289 1957 eratdraco
1303 1930 1328 1957 in
1345 1931 1404 1966 ipso
1415 1931 1485 1965 loco,
1502 1938 1529 1961 et
1557 1933 1680 1960 colebant
1700 1932 1783 1967 Baby-

999 1977 1076 2005 Ionii.

1033 2024 1077 2050 23.
1090 2023 1122 2051 Et
1136 2024 1204 2052 dixit
1216 2033 1263 2053 rex
1279 2025 1384 2052 Danieli
1396 2024 1546 2060 :Numquid
1566 2030 1593 2052 et
1607 2025 1679 2052 hunc
1694 2025 1780 2057 dices,

1000 2070 1071 2103 quod
1086 2077 1171 2098 terens
1187 2071 1238 2097 sit?
1252 2079 1315 2098 cccc
1333 2071 1407 2104 vivit,
1427 2071 1555 2102 comedit,
1574 2076 1601 2098 et
1611 2071 1781 2103 bibit,adora

999 2121 1072 2142 eum.

1034 2160 1078 2187 25.
1095 2160 1127 2188 Et
1138 2161 1205 2189 dixit
1223 2162 1315 2189 Daniel
1331 2171 1337 2189 :
1357 2161 1424 2194 ilex,
1440 2161 1474 2188 da
1489 2161 1553 2188 mihi
1568 2166 1739 2196 potestatem,
1753 2167 1782 2189 et

1000 2205 1160 2234 interﬁciatur
1190 2208 1334 2236 draconem
1369 2209 1472 2243 absque
1498 2208 1570 2237 ferro
1587 2214 1614 2237 et
1643 2209 1724 2237 fuste.
1749 2208 1782 2236 Et

1000 2254 1122 2288 permisit
1139 2254 1162 2282 ci
1178 2262 1243 2288 rex;
1263 2258 1290 2282 et
1306 2255 1376 2282 dixit
1391 2255 1415 2282 ei
1437 2265 1443 2283 :
1464 2255 1531 2282 Data
1542 2260 1584 2283 est
1602 2256 1661 2283 tibi.

1036 2342 1081 2369 26.
1095 2341 1130 2369 Et
1151 2343 1287 2377 accipiens
1307 2342 1399 2370 Daniel
1422 2343 1489 2377 picis
1520 2351 1599 2370 mnas
1623 2344 1743 2378 triginta,
1757 2348 1784 2371 et

1000 2388 1119 2422 adipem,
1139 2391 1166 2413 et
1184 2388 1263 2421 pilos.
1283 2389 1356 2414 coxit
1375 2388 1467 2415 omnia
1484 2388 1576 2420 simul,
1591 2393 1617 2415 et
1634 2388 1697 2415 fecit
1710 2395 1783 2416 mas-

1001 2441 1069 2464 sam,
1088 2437 1114 2460 ct
1127 2432 1201 2459 misit
1218 2433 1245 2459 in
1261 2441 1291 2460 os
1307 2434 1445 2467 draconis,
1472 2439 1497 2461 et
1513 2433 1658 2461 comedens
1675 2433 1784 2468 disrup-

1000 2483 1045 2506 tus
1062 2482 1114 2511 est,
1129 2481 1156 2505 et
1171 2478 1289 2505 ostendit
1308 2486 1370 2505 cum
1390 2479 1456 2514 rogi,
1475 2479 1568 2506 dicens
1587 2488 1593 2506 :
1613 2478 1707 2506 Nonne
1726 2478 1784 2506 haec

1001 2525 1099 2557 colitis,
1120 2525 1189 2551 rex?

1035 2571 1080 2597 27.
1099 2570 1129 2597 Et
1139 2570 1294 2605 congregati
1306 2575 1369 2597 sunt
1380 2571 1414 2598 de
1428 2571 1537 2606 regione
1548 2578 1641 2598 omnes
1652 2571 1783 2599 adversus

1003 2618 1149 2649 Danielem,
1181 2622 1208 2645 et
1234 2617 1362 2644 dixerunt
1380 2627 1386 2644 :
1404 2616 1513 2644 Judaeus
1540 2617 1630 2645 factus
1655 2622 1697 2645 est
1723 2625 1781 2645 rex.

1001 2663 1047 2691 Bel
1059 2664 1166 2695 evertit,
1187 2667 1214 2690 et
1228 2663 1373 2690 draconem
1391 2663 1536 2690 interfecit.

1036 2752 1080 2778 29.
1102 2751 1135 2778 Et
1146 2752 1241 2779 videns
1251 2760 1307 2784 rex,
1325 2751 1397 2786 quod
1414 2755 1575 2787 congregata
1591 2756 1663 2780 esset
1688 2752 1783 2781 multi‘

1002 2798 1067 2825 tudo
1084 2797 1204 2832 regionis
1221 2797 1351 2824 adversus
1377 2805 1416 2830 sc,
1434 2797 1539 2824 vocavit
1561 2797 1689 2826 convivas
1704 2805 1782 2832 suos,

1003 2849 1026 2869 ct
1045 2843 1127 2871 dixit:
1139 2843 1228 2871 Τπ-λκιο
1245 2843 1380 2870 Dauiclcin
1396 2843 1428 2870 ad
1442 2841 1632 2878 perditionem.
