  <div class='ocr_page' id='page_1' title='image "/cluster/home/n/w/nwhite01/storage/ocr_20150623/16, pt.3/njp.32101010944575/300.png"; bbox 0 0 1967 3079; ppageno 0'>
   <div class='ocr_carea' id='block_1_1' title="bbox 139 129 205 157">
    <p class='ocr_par' dir='ltr' id='par_1_1' title="bbox 139 129 205 157">
     <span class='ocr_line' id='line_1_1' title="bbox 139 129 205 157; baseline 0 -2"><span class='ocrx_word' id='word_1_1' title='bbox 139 129 205 157; x_wconf 69' lang='lat' dir='ltr'><strong>mi</strong></span> 
     </span>
    </p>
   </div>
   <div class='ocr_carea' id='block_1_2' title="bbox 878 131 1030 160">
    <p class='ocr_par' dir='ltr' id='par_1_2' title="bbox 878 131 1030 160">
     <span class='ocr_line' id='line_1_2' title="bbox 878 131 1030 160; baseline 0.007 -2"><span class='ocrx_word' id='word_1_2' title='bbox 878 131 991 159; x_wconf 70' lang='lat' dir='ltr'><strong>CAPUT</strong></span> <span class='ocrx_word' id='word_1_3' title='bbox 1012 131 1030 160; x_wconf 86' lang='grc' dir='ltr'><strong>Ι.</strong></span> 
     </span>
    </p>
   </div>
   <div class='ocr_carea' id='block_1_3' title="bbox 1701 133 1772 163">
    <p class='ocr_par' dir='ltr' id='par_1_3' title="bbox 1701 133 1772 163">
     <span class='ocr_line' id='line_1_3' title="bbox 1701 133 1772 163; baseline -0.042 -1"><span class='ocrx_word' id='word_1_4' title='bbox 1701 135 1754 163; x_wconf 67' lang='lat'><strong>285</strong></span> <span class='ocrx_word' id='word_1_5' title='bbox 1763 133 1772 159; x_wconf 69' lang='grc' dir='ltr'>ἔ</span> 
     </span>
    </p>
   </div>
   <div class='ocr_carea' id='block_1_4' title="bbox 140 187 924 229">
    <p class='ocr_par' dir='ltr' id='par_1_4' title="bbox 140 187 924 227">
     <span class='ocr_line' id='line_1_4' title="bbox 140 187 924 227; baseline 0.005 -13"><span class='ocrx_word' id='word_1_6' title='bbox 140 187 200 215; x_wconf 81' lang='grc' dir='ltr'>καθ’</span> <span class='ocrx_word' id='word_1_7' title='bbox 214 189 337 224; x_wconf 73' lang='grc' dir='ltr'>ἡμέραν,</span> <span class='ocrx_word' id='word_1_8' title='bbox 353 190 407 216; x_wconf 69' lang='grc' dir='ltr'><strong>ἀπὸ</strong></span> <span class='ocrx_word' id='word_1_9' title='bbox 424 191 471 226; x_wconf 76' lang='grc' dir='ltr'><strong>τῆς</strong></span> <span class='ocrx_word' id='word_1_10' title='bbox 498 191 636 227; x_wconf 73' lang='grc' dir='ltr'><strong>τραπέζης</strong></span> <span class='ocrx_word' id='word_1_11' title='bbox 655 191 701 218; x_wconf 73' lang='grc' dir='ltr'>τοῦ</span> <span class='ocrx_word' id='word_1_12' title='bbox 726 192 867 227; x_wconf 77' lang='grc' dir='ltr'>βασιλέως,</span> <span class='ocrx_word' id='word_1_13' title='bbox 886 192 924 218; x_wconf 76' lang='grc' dir='ltr'><strong>χα’</strong></span> 
     </span>
    </p>
   </div>
   <div class='ocr_carea' id='block_1_5' title="bbox 991 187 1769 229">
    <p class='ocr_par' dir='ltr' id='par_1_5' title="bbox 991 191 1769 229">
     <span class='ocr_line' id='line_1_5' title="bbox 991 191 1769 229; baseline 0.008 -13"><span class='ocrx_word' id='word_1_14' title='bbox 991 191 1104 225; x_wconf 61' lang='grc' dir='ltr'>ιυοιίάἰο</span> <span class='ocrx_word' id='word_1_15' title='bbox 1117 191 1149 219; x_wconf 90' lang='lat' dir='ltr'><strong>de</strong></span> <span class='ocrx_word' id='word_1_16' title='bbox 1159 201 1251 220; x_wconf 83' lang='lat' dir='ltr'><strong>mensa</strong></span> <span class='ocrx_word' id='word_1_17' title='bbox 1267 194 1348 229; x_wconf 75' lang='lat' dir='ltr'><strong>regis,</strong></span> <span class='ocrx_word' id='word_1_18' title='bbox 1368 198 1395 221; x_wconf 85' lang='lat' dir='ltr'><strong>et</strong></span> <span class='ocrx_word' id='word_1_19' title='bbox 1409 194 1441 222; x_wconf 78' lang='lat' dir='ltr'><strong>de</strong></span> <span class='ocrx_word' id='word_1_20' title='bbox 1457 194 1519 221; x_wconf 88' lang='lat' dir='ltr'><strong>vino</strong></span> <span class='ocrx_word' id='word_1_21' title='bbox 1538 198 1618 228; x_wconf 88' lang='lat' dir='ltr'><strong>potus</strong></span> <span class='ocrx_word' id='word_1_22' title='bbox 1634 194 1729 229; x_wconf 84' lang='lat' dir='ltr'><strong>ipsius.</strong></span> <span class='ocrx_word' id='word_1_23' title='bbox 1742 202 1769 222; x_wconf 86' lang='lat' dir='ltr'><strong>ut</strong></span> 
     </span>
    </p>
   </div>
   <div class='ocr_carea' id='block_1_6' title="bbox 139 235 932 274">
    <p class='ocr_par' dir='ltr' id='par_1_6' title="bbox 139 235 932 274">
     <span class='ocr_line' id='line_1_6' title="bbox 139 235 932 274; baseline 0.009 -14"><span class='ocrx_word' id='word_1_24' title='bbox 139 235 195 261; x_wconf 79' lang='grc' dir='ltr'><strong>ἀπὸ</strong></span> <span class='ocrx_word' id='word_1_25' title='bbox 208 235 254 261; x_wconf 75' lang='grc' dir='ltr'>τοῦ</span> <span class='ocrx_word' id='word_1_26' title='bbox 268 236 342 262; x_wconf 76' lang='grc' dir='ltr'>οἴνου</span> <span class='ocrx_word' id='word_1_27' title='bbox 358 236 404 263; x_wconf 72' lang='grc' dir='ltr'><strong>τοῦ</strong></span> <span class='ocrx_word' id='word_1_28' title='bbox 419 237 501 263; x_wconf 82' lang='grc' dir='ltr'>ποτοῦ</span> <span class='ocrx_word' id='word_1_29' title='bbox 515 237 607 266; x_wconf 71' lang='grc' dir='ltr'>αὑτοῦ.</span> <span class='ocrx_word' id='word_1_30' title='bbox 627 239 675 264; x_wconf 71' lang='grc' dir='ltr'><strong>καὶ</strong></span> <span class='ocrx_word' id='word_1_31' title='bbox 689 238 819 274; x_wconf 70' lang='grc' dir='ltr'>ἐκθρέψαι</span> <span class='ocrx_word' id='word_1_32' title='bbox 835 240 932 272; x_wconf 68' lang='grc' dir='ltr'>αὐτοὺς</span> 
     </span>
    </p>
   </div>
   <div class='ocr_carea' id='block_1_7' title="bbox 140 280 932 318">
    <p class='ocr_par' dir='ltr' id='par_1_7' title="bbox 140 280 932 318">
     <span class='ocr_line' id='line_1_7' title="bbox 140 280 932 318; baseline 0.009 -13"><span class='ocrx_word' id='word_1_33' title='bbox 140 280 188 314; x_wconf 73' lang='grc' dir='ltr'><strong>ἔτη</strong></span> <span class='ocrx_word' id='word_1_34' title='bbox 213 280 276 315; x_wconf 83' lang='grc' dir='ltr'>τρία</span> <span class='ocrx_word' id='word_1_35' title='bbox 289 302 296 312; x_wconf 89' lang='grc'>,</span> <span class='ocrx_word' id='word_1_36' title='bbox 315 282 363 308; x_wconf 68' lang='grc' dir='ltr'><strong>καὶ</strong></span> <span class='ocrx_word' id='word_1_37' title='bbox 382 282 450 316; x_wconf 79' lang='grc' dir='ltr'>μετὰ</span> <span class='ocrx_word' id='word_1_38' title='bbox 474 283 559 309; x_wconf 76' lang='grc' dir='ltr'>ταῦτα</span> <span class='ocrx_word' id='word_1_39' title='bbox 580 283 675 318; x_wconf 81' lang='grc' dir='ltr'>στῆναι</span> <span class='ocrx_word' id='word_1_40' title='bbox 700 285 799 316; x_wconf 75' lang='grc' dir='ltr'>αὐτοὺς</span> <span class='ocrx_word' id='word_1_41' title='bbox 818 285 932 312; x_wconf 73' lang='grc' dir='ltr'>ἐνώπιον</span> 
     </span>
    </p>
   </div>
   <div class='ocr_carea' id='block_1_8' title="bbox 138 325 349 361">
    <p class='ocr_par' dir='ltr' id='par_1_8' title="bbox 138 325 349 361">
     <span class='ocr_line' id='line_1_8' title="bbox 138 325 349 361; baseline 0.014 -10"><span class='ocrx_word' id='word_1_42' title='bbox 138 325 187 352; x_wconf 77' lang='grc' dir='ltr'>τοῦ</span> <span class='ocrx_word' id='word_1_43' title='bbox 206 326 349 361; x_wconf 76' lang='grc' dir='ltr'>βασιλέως.</span> 
     </span>
    </p>
   </div>
   <div class='ocr_carea' id='block_1_9' title="bbox 175 370 931 405">
    <p class='ocr_par' dir='ltr' id='par_1_9' title="bbox 175 370 931 405">
     <span class='ocr_line' id='line_1_9' title="bbox 175 370 931 405; baseline 0.009 -8"><span class='ocrx_word' id='word_1_44' title='bbox 175 370 200 398; x_wconf 84' lang='lat'><strong>6.</strong></span> <span class='ocrx_word' id='word_1_45' title='bbox 219 372 274 398; x_wconf 70' lang='grc' dir='ltr'><strong>Καὶ</strong></span> <span class='ocrx_word' id='word_1_46' title='bbox 288 372 414 405; x_wconf 82' lang='grc' dir='ltr'>ἐγένοντο</span> <span class='ocrx_word' id='word_1_47' title='bbox 431 373 460 399; x_wconf 78' lang='grc' dir='ltr'>ἐν</span> <span class='ocrx_word' id='word_1_48' title='bbox 475 373 566 405; x_wconf 78' lang='grc' dir='ltr'>αὐτοῖς</span> <span class='ocrx_word' id='word_1_49' title='bbox 579 375 611 401; x_wconf 74' lang='grc' dir='ltr'>ἐκ</span> <span class='ocrx_word' id='word_1_50' title='bbox 621 375 674 401; x_wconf 79' lang='grc' dir='ltr'>τῶν</span> <span class='ocrx_word' id='word_1_51' title='bbox 691 376 756 402; x_wconf 76' lang='grc' dir='ltr'><strong>υἱῶν</strong></span> <span class='ocrx_word' id='word_1_52' title='bbox 777 376 862 403; x_wconf 74' lang='grc' dir='ltr'>Ἰούδα</span> <span class='ocrx_word' id='word_1_53' title='bbox 879 378 931 404; x_wconf 67' lang='grc' dir='ltr'><strong>Δαο</strong></span> 
     </span>
    </p>
   </div>
   <div class='ocr_carea' id='block_1_10' title="bbox 137 417 857 458">
    <p class='ocr_par' dir='ltr' id='par_1_10' title="bbox 137 417 857 458">
     <span class='ocr_line' id='line_1_10' title="bbox 137 417 857 458; baseline 0.008 -15"><span class='ocrx_word' id='word_1_54' title='bbox 137 417 209 453; x_wconf 80' lang='grc' dir='ltr'>νιὴλ,</span> <span class='ocrx_word' id='word_1_55' title='bbox 227 419 274 444; x_wconf 78' lang='grc' dir='ltr'><strong>καὶ</strong></span> <span class='ocrx_word' id='word_1_56' title='bbox 299 419 432 451; x_wconf 75' lang='grc' dir='ltr'>Ἀνανίας,</span> <span class='ocrx_word' id='word_1_57' title='bbox 454 421 501 447; x_wconf 72' lang='grc' dir='ltr'><strong>καὶ</strong></span> <span class='ocrx_word' id='word_1_58' title='bbox 524 421 660 456; x_wconf 71' lang='grc' dir='ltr'>Ἀζαρίας,</span> <span class='ocrx_word' id='word_1_59' title='bbox 676 423 722 449; x_wconf 72' lang='grc' dir='ltr'><strong>καὶ</strong></span> <span class='ocrx_word' id='word_1_60' title='bbox 737 423 857 458; x_wconf 68' lang='grc' dir='ltr'>Μισαήὶ..</span> 
     </span>
    </p>
   </div>
   <div class='ocr_carea' id='block_1_11' title="bbox 174 463 928 505">
    <p class='ocr_par' dir='ltr' id='par_1_11' title="bbox 174 463 928 505">
     <span class='ocr_line' id='line_1_11' title="bbox 174 463 928 505; baseline 0.011 -16"><span class='ocrx_word' id='word_1_61' title='bbox 174 463 200 489; x_wconf 87' lang='grc'><strong>’1.</strong></span> <span class='ocrx_word' id='word_1_62' title='bbox 215 464 270 490; x_wconf 79' lang='lat' dir='ltr'><strong>Kal</strong></span> <span class='ocrx_word' id='word_1_63' title='bbox 293 465 430 500; x_wconf 66' lang='grc' dir='ltr'><strong>ἐπέθηκεν</strong></span> <span class='ocrx_word' id='word_1_64' title='bbox 451 467 543 497; x_wconf 73' lang='grc' dir='ltr'>αὐτοῖς</span> <span class='ocrx_word' id='word_1_65' title='bbox 567 468 580 493; x_wconf 81' lang='grc' dir='ltr'>ὁ</span> <span class='ocrx_word' id='word_1_66' title='bbox 594 468 784 503; x_wconf 78' lang='grc' dir='ltr'><strong>ἁρχιευνοῦχος</strong></span> <span class='ocrx_word' id='word_1_67' title='bbox 800 469 928 505; x_wconf 75' lang='grc' dir='ltr'>ὀνόματα.</span> 
     </span>
    </p>
   </div>
   <div class='ocr_carea' id='block_1_12' title="bbox 137 508 931 552">
    <p class='ocr_par' dir='ltr' id='par_1_12' title="bbox 137 508 931 552">
     <span class='ocr_line' id='line_1_12' title="bbox 137 508 931 552; baseline 0.011 -18"><span class='ocrx_word' id='word_1_68' title='bbox 137 508 178 543; x_wconf 71' lang='grc' dir='ltr'>τῷ</span> <span class='ocrx_word' id='word_1_69' title='bbox 191 509 293 545; x_wconf 77' lang='grc' dir='ltr'>Δανιὴλ</span> <span class='ocrx_word' id='word_1_70' title='bbox 304 510 457 546; x_wconf 77' lang='grc' dir='ltr'>Βαλτάσαρ,</span> <span class='ocrx_word' id='word_1_71' title='bbox 468 513 514 538; x_wconf 74' lang='grc' dir='ltr'><strong>καὶ</strong></span> <span class='ocrx_word' id='word_1_72' title='bbox 527 512 566 547; x_wconf 83' lang='grc' dir='ltr'>τῷ</span> <span class='ocrx_word' id='word_1_73' title='bbox 585 513 692 549; x_wconf 78' lang='grc' dir='ltr'>Ἀνανίᾳ</span> <span class='ocrx_word' id='word_1_74' title='bbox 704 515 817 550; x_wconf 80' lang='grc' dir='ltr'><strong>Σεδρὰχ,</strong></span> <span class='ocrx_word' id='word_1_75' title='bbox 834 517 880 543; x_wconf 72' lang='grc' dir='ltr'><strong>καὶ</strong></span> <span class='ocrx_word' id='word_1_76' title='bbox 893 517 931 552; x_wconf 83' lang='grc' dir='ltr'>τῷ</span> 
     </span>
    </p>
   </div>
   <div class='ocr_carea' id='block_1_13' title="bbox 143 555 804 596">
    <p class='ocr_par' dir='ltr' id='par_1_13' title="bbox 143 555 804 596">
     <span class='ocr_line' id='line_1_13' title="bbox 143 555 804 596; baseline 0.012 -16"><span class='ocrx_word' id='word_1_77' title='bbox 143 555 260 590; x_wconf 71' lang='grc' dir='ltr'>Ἀζαρία</span> <span class='ocrx_word' id='word_1_78' title='bbox 277 556 441 591; x_wconf 77' lang='grc' dir='ltr'><strong>’Λσδεναγὼ,</strong></span> <span class='ocrx_word' id='word_1_79' title='bbox 457 558 505 584; x_wconf 74' lang='grc' dir='ltr'><strong>καὶ</strong></span> <span class='ocrx_word' id='word_1_80' title='bbox 521 558 560 594; x_wconf 84' lang='grc' dir='ltr'>τῷ</span> <span class='ocrx_word' id='word_1_81' title='bbox 576 559 685 594; x_wconf 73' lang='grc' dir='ltr'>Μισαὴλ</span> <span class='ocrx_word' id='word_1_82' title='bbox 700 561 804 596; x_wconf 82' lang='grc' dir='ltr'>Μισάχ.</span> 
     </span>
    </p>
   </div>
   <div class='ocr_carea' id='block_1_14' title="bbox 174 601 929 645">
    <p class='ocr_par' dir='ltr' id='par_1_14' title="bbox 174 601 929 645">
     <span class='ocr_line' id='line_1_14' title="bbox 174 601 929 645; baseline 0.012 -18"><span class='ocrx_word' id='word_1_83' title='bbox 174 601 200 628; x_wconf 84' lang='grc'><strong>8.</strong></span> <span class='ocrx_word' id='word_1_84' title='bbox 215 602 269 628; x_wconf 89' lang='lat' dir='ltr'><strong>Kal</strong></span> <span class='ocrx_word' id='word_1_85' title='bbox 279 601 355 629; x_wconf 82' lang='grc' dir='ltr'>ἔθετο</span> <span class='ocrx_word' id='word_1_86' title='bbox 365 603 462 638; x_wconf 80' lang='grc' dir='ltr'>Δανιὴλ</span> <span class='ocrx_word' id='word_1_87' title='bbox 477 605 523 630; x_wconf 74' lang='grc' dir='ltr'><strong>ἐπὶ</strong></span> <span class='ocrx_word' id='word_1_88' title='bbox 540 604 590 640; x_wconf 81' lang='grc' dir='ltr'>τὴν</span> <span class='ocrx_word' id='word_1_89' title='bbox 609 605 722 640; x_wconf 76' lang='grc' dir='ltr'><strong>καρδίαν</strong></span> <span class='ocrx_word' id='word_1_90' title='bbox 735 607 817 634; x_wconf 75' lang='grc' dir='ltr'>αὑτοῦ</span> <span class='ocrx_word' id='word_1_91' title='bbox 832 608 879 635; x_wconf 86' lang='grc' dir='ltr'>τοῦ</span> <span class='ocrx_word' id='word_1_92' title='bbox 893 610 929 645; x_wconf 87' lang='grc' dir='ltr'>μὴ</span> 
     </span>
    </p>
   </div>
   <div class='ocr_carea' id='block_1_15' title="bbox 136 647 930 691">
    <p class='ocr_par' dir='ltr' id='par_1_15' title="bbox 136 647 930 691">
     <span class='ocr_line' id='line_1_15' title="bbox 136 647 930 691; baseline 0.011 -18"><span class='ocrx_word' id='word_1_93' title='bbox 136 647 319 683; x_wconf 79' lang='grc' dir='ltr'>ἁλισγηθῆναι</span> <span class='ocrx_word' id='word_1_94' title='bbox 337 649 366 676; x_wconf 84' lang='grc' dir='ltr'>ὲν</span> <span class='ocrx_word' id='word_1_95' title='bbox 382 651 414 685; x_wconf 82' lang='grc' dir='ltr'>τῇ</span> <span class='ocrx_word' id='word_1_96' title='bbox 426 650 549 686; x_wconf 78' lang='grc' dir='ltr'><strong>τραπέζῃ</strong></span> <span class='ocrx_word' id='word_1_97' title='bbox 569 650 616 678; x_wconf 81' lang='grc' dir='ltr'>τοῦ</span> <span class='ocrx_word' id='word_1_98' title='bbox 631 650 771 687; x_wconf 79' lang='grc' dir='ltr'>βασιλέως,</span> <span class='ocrx_word' id='word_1_99' title='bbox 791 654 838 680; x_wconf 69' lang='grc' dir='ltr'><strong>καὶ</strong></span> <span class='ocrx_word' id='word_1_100' title='bbox 851 655 879 681; x_wconf 72' lang='grc' dir='ltr'>ἐν</span> <span class='ocrx_word' id='word_1_101' title='bbox 892 655 930 691; x_wconf 83' lang='grc' dir='ltr'>τῷ</span> 
     </span>
    </p>
   </div>
   <div class='ocr_carea' id='block_1_16' title="bbox 134 692 928 736">
    <p class='ocr_par' dir='ltr' id='par_1_16' title="bbox 134 692 928 736">
     <span class='ocr_line' id='line_1_16' title="bbox 134 692 928 736; baseline 0.013 -18"><span class='ocrx_word' id='word_1_102' title='bbox 134 692 202 728; x_wconf 74' lang='grc' dir='ltr'>οϊνῳ</span> <span class='ocrx_word' id='word_1_103' title='bbox 217 693 264 720; x_wconf 77' lang='grc' dir='ltr'>τοῦ</span> <span class='ocrx_word' id='word_1_104' title='bbox 282 694 365 721; x_wconf 79' lang='grc' dir='ltr'>ποτοῦ</span> <span class='ocrx_word' id='word_1_105' title='bbox 377 695 477 722; x_wconf 82' lang='grc' dir='ltr'>αὐτοῦ’</span> <span class='ocrx_word' id='word_1_106' title='bbox 494 697 541 723; x_wconf 74' lang='grc' dir='ltr'><strong>καὶ</strong></span> <span class='ocrx_word' id='word_1_107' title='bbox 556 694 655 731; x_wconf 74' lang='grc' dir='ltr'>ἠξίωσε</span> <span class='ocrx_word' id='word_1_108' title='bbox 670 698 716 724; x_wconf 77' lang='grc' dir='ltr'>τὸν</span> <span class='ocrx_word' id='word_1_109' title='bbox 726 699 928 736; x_wconf 75' lang='grc' dir='ltr'>ἀρχιευνοῦχον,</span> 
     </span>
    </p>
   </div>
   <div class='ocr_carea' id='block_1_17' title="bbox 134 738 426 776">
    <p class='ocr_par' dir='ltr' id='par_1_17' title="bbox 134 738 426 776">
     <span class='ocr_line' id='line_1_17' title="bbox 134 738 426 776; baseline 0.01 -12"><span class='ocrx_word' id='word_1_110' title='bbox 134 738 211 769; x_wconf 73' lang='grc' dir='ltr'>ὅπως</span> <span class='ocrx_word' id='word_1_111' title='bbox 229 739 266 774; x_wconf 85' lang='grc' dir='ltr'>μὴ</span> <span class='ocrx_word' id='word_1_112' title='bbox 282 739 426 776; x_wconf 80' lang='grc' dir='ltr'>ἀλισγηθῇ.</span> 
     </span>
    </p>
   </div>
   <div class='ocr_carea' id='block_1_18' title="bbox 172 783 929 824">
    <p class='ocr_par' dir='ltr' id='par_1_18' title="bbox 172 783 929 824">
     <span class='ocr_line' id='line_1_18' title="bbox 172 783 929 824; baseline 0.012 -14"><span class='ocrx_word' id='word_1_113' title='bbox 172 783 198 810; x_wconf 88' lang='lat'><strong>9.</strong></span> <span class='ocrx_word' id='word_1_114' title='bbox 215 783 267 811; x_wconf 82' lang='lat' dir='ltr'><strong>Kal</strong></span> <span class='ocrx_word' id='word_1_115' title='bbox 282 784 382 812; x_wconf 78' lang='grc' dir='ltr'>ἔδωκεν</span> <span class='ocrx_word' id='word_1_116' title='bbox 395 787 409 812; x_wconf 87' lang='grc' dir='ltr'>ὁ</span> <span class='ocrx_word' id='word_1_117' title='bbox 422 786 488 817; x_wconf 79' lang='grc' dir='ltr'><strong>Θεὸς</strong></span> <span class='ocrx_word' id='word_1_118' title='bbox 498 786 544 813; x_wconf 75' lang='grc' dir='ltr'>τὸν</span> <span class='ocrx_word' id='word_1_119' title='bbox 557 787 657 824; x_wconf 78' lang='grc' dir='ltr'>Δανιὴλ</span> <span class='ocrx_word' id='word_1_120' title='bbox 676 790 716 821; x_wconf 70' lang='grc' dir='ltr'><strong>εἰς</strong></span> <span class='ocrx_word' id='word_1_121' title='bbox 730 789 814 823; x_wconf 74' lang='grc' dir='ltr'>ἔλεον,</span> <span class='ocrx_word' id='word_1_122' title='bbox 828 792 875 818; x_wconf 73' lang='grc' dir='ltr'><strong>καὶ</strong></span> <span class='ocrx_word' id='word_1_123' title='bbox 889 793 929 824; x_wconf 85' lang='grc' dir='ltr'><strong>είς</strong></span> 
     </span>
    </p>
   </div>
   <div class='ocr_carea' id='block_1_19' title="bbox 134 829 680 868">
    <p class='ocr_par' dir='ltr' id='par_1_19' title="bbox 134 829 680 868">
     <span class='ocr_line' id='line_1_19' title="bbox 134 829 680 868; baseline 0.011 -14"><span class='ocrx_word' id='word_1_124' title='bbox 134 829 277 864; x_wconf 81' lang='grc' dir='ltr'>οίκτιρμδν</span> <span class='ocrx_word' id='word_1_125' title='bbox 287 830 403 857; x_wconf 79' lang='grc' dir='ltr'>ἐνώπιον</span> <span class='ocrx_word' id='word_1_126' title='bbox 414 831 460 858; x_wconf 80' lang='grc' dir='ltr'>τοῦ</span> <span class='ocrx_word' id='word_1_127' title='bbox 475 832 680 868; x_wconf 81' lang='grc' dir='ltr'><strong>ἀρχιευνούχου.</strong></span> 
     </span>
    </p>
   </div>
   <div class='ocr_carea' id='block_1_20' title="bbox 172 916 929 957">
    <p class='ocr_par' dir='ltr' id='par_1_20' title="bbox 172 916 929 957">
     <span class='ocr_line' id='line_1_20' title="bbox 172 916 929 957; baseline 0.011 -15"><span class='ocrx_word' id='word_1_128' title='bbox 172 916 216 943; x_wconf 73' lang='grc'><strong>10.</strong></span> <span class='ocrx_word' id='word_1_129' title='bbox 236 917 292 943; x_wconf 89' lang='lat' dir='ltr'><strong>Kal</strong></span> <span class='ocrx_word' id='word_1_130' title='bbox 306 916 383 944; x_wconf 74' lang='grc' dir='ltr'>εἶπεν</span> <span class='ocrx_word' id='word_1_131' title='bbox 402 920 416 945; x_wconf 84' lang='grc' dir='ltr'>ὁ</span> <span class='ocrx_word' id='word_1_132' title='bbox 432 919 623 954; x_wconf 79' lang='grc' dir='ltr'>ἀρχιευνοῦχος</span> <span class='ocrx_word' id='word_1_133' title='bbox 647 919 686 955; x_wconf 85' lang='grc' dir='ltr'>τῷ</span> <span class='ocrx_word' id='word_1_134' title='bbox 702 922 811 957; x_wconf 87' lang='grc' dir='ltr'>Δανιήλ·</span> <span class='ocrx_word' id='word_1_135' title='bbox 829 923 929 950; x_wconf 75' lang='grc' dir='ltr'>Φοϐοῦ-</span> 
     </span>
    </p>
   </div>
   <div class='ocr_carea' id='block_1_21' title="bbox 135 962 929 1001">
    <p class='ocr_par' dir='ltr' id='par_1_21' title="bbox 135 962 929 1001">
     <span class='ocr_line' id='line_1_21' title="bbox 135 962 929 1001; baseline 0.01 -13"><span class='ocrx_word' id='word_1_136' title='bbox 135 969 187 995; x_wconf 84' lang='grc' dir='ltr'><strong>μαι</strong></span> <span class='ocrx_word' id='word_1_137' title='bbox 202 962 258 996; x_wconf 82' lang='grc' dir='ltr'><strong>ἐγὼ</strong></span> <span class='ocrx_word' id='word_1_138' title='bbox 275 963 320 989; x_wconf 82' lang='grc' dir='ltr'>τὸν</span> <span class='ocrx_word' id='word_1_139' title='bbox 335 963 430 1000; x_wconf 79' lang='grc' dir='ltr'>κύριόν</span> <span class='ocrx_word' id='word_1_140' title='bbox 451 973 502 1000; x_wconf 87' lang='grc' dir='ltr'><strong>μου</strong></span> <span class='ocrx_word' id='word_1_141' title='bbox 520 965 566 991; x_wconf 69' lang='grc' dir='ltr'><strong>τὸν</strong></span> <span class='ocrx_word' id='word_1_142' title='bbox 582 965 704 1000; x_wconf 80' lang='grc' dir='ltr'>βασιλέα,</span> <span class='ocrx_word' id='word_1_143' title='bbox 716 967 761 993; x_wconf 76' lang='grc' dir='ltr'><strong>τὸν</strong></span> <span class='ocrx_word' id='word_1_144' title='bbox 776 968 929 1001; x_wconf 80' lang='grc' dir='ltr'>ἐκτάξαντα</span> 
     </span>
    </p>
   </div>
   <div class='ocr_carea' id='block_1_22' title="bbox 133 1006 928 1050">
    <p class='ocr_par' dir='ltr' id='par_1_22' title="bbox 133 1006 928 1050">
     <span class='ocr_line' id='line_1_22' title="bbox 133 1006 928 1050; baseline 0.01 -18"><span class='ocrx_word' id='word_1_145' title='bbox 133 1006 187 1042; x_wconf 77' lang='grc' dir='ltr'>τὴν</span> <span class='ocrx_word' id='word_1_146' title='bbox 200 1007 301 1042; x_wconf 86' lang='grc' dir='ltr'>βρῶσιν</span> <span class='ocrx_word' id='word_1_147' title='bbox 321 1008 408 1043; x_wconf 77' lang='grc' dir='ltr'>ὑμῶν,</span> <span class='ocrx_word' id='word_1_148' title='bbox 425 1010 473 1037; x_wconf 81' lang='grc' dir='ltr'><strong>καὶ</strong></span> <span class='ocrx_word' id='word_1_149' title='bbox 485 1010 534 1045; x_wconf 80' lang='grc' dir='ltr'>τὴν</span> <span class='ocrx_word' id='word_1_150' title='bbox 549 1010 628 1037; x_wconf 88' lang='grc' dir='ltr'>πόσιν</span> <span class='ocrx_word' id='word_1_151' title='bbox 641 1011 719 1046; x_wconf 87' lang='grc' dir='ltr'>ὑμῶν</span> <span class='ocrx_word' id='word_1_152' title='bbox 731 1032 738 1045; x_wconf 85' lang='grc'>,</span> <span class='ocrx_word' id='word_1_153' title='bbox 761 1013 866 1048; x_wconf 80' lang='grc' dir='ltr'>μήποτε</span> <span class='ocrx_word' id='word_1_154' title='bbox 886 1014 928 1050; x_wconf 85' lang='grc' dir='ltr'><strong>ῐὸῃ</strong></span> 
     </span>
    </p>
   </div>
   <div class='ocr_carea' id='block_1_23' title="bbox 132 1051 929 1093">
    <p class='ocr_par' dir='ltr' id='par_1_23' title="bbox 132 1051 929 1093">
     <span class='ocr_line' id='line_1_23' title="bbox 132 1051 929 1093; baseline 0.011 -16"><span class='ocrx_word' id='word_1_155' title='bbox 132 1051 170 1077; x_wconf 77' lang='grc' dir='ltr'>τὰ</span> <span class='ocrx_word' id='word_1_156' title='bbox 180 1052 316 1087; x_wconf 79' lang='grc' dir='ltr'>πρόσωπα</span> <span class='ocrx_word' id='word_1_157' title='bbox 332 1053 409 1088; x_wconf 84' lang='grc' dir='ltr'>ὑμῶν</span> <span class='ocrx_word' id='word_1_158' title='bbox 429 1053 580 1089; x_wconf 77' lang='grc' dir='ltr'>σκυθρωπὰ</span> <span class='ocrx_word' id='word_1_159' title='bbox 594 1056 670 1091; x_wconf 85' lang='grc' dir='ltr'>παρὰ</span> <span class='ocrx_word' id='word_1_160' title='bbox 691 1057 726 1084; x_wconf 82' lang='grc' dir='ltr'><strong>τὰ</strong></span> <span class='ocrx_word' id='word_1_161' title='bbox 745 1057 876 1093; x_wconf 83' lang='grc' dir='ltr'><strong>παιδάρια</strong></span> <span class='ocrx_word' id='word_1_162' title='bbox 894 1060 929 1086; x_wconf 80' lang='grc' dir='ltr'>τὰ</span> 
     </span>
    </p>
   </div>
   <div class='ocr_carea' id='block_1_24' title="bbox 134 1097 928 1138">
    <p class='ocr_par' dir='ltr' id='par_1_24' title="bbox 134 1097 928 1138">
     <span class='ocr_line' id='line_1_24' title="bbox 134 1097 928 1138; baseline 0.009 -15"><span class='ocrx_word' id='word_1_163' title='bbox 134 1097 268 1132; x_wconf 78' lang='grc' dir='ltr'>συνήλικα</span> <span class='ocrx_word' id='word_1_164' title='bbox 286 1098 374 1134; x_wconf 81' lang='grc' dir='ltr'>ὑμῶν,</span> <span class='ocrx_word' id='word_1_165' title='bbox 389 1099 438 1126; x_wconf 70' lang='grc' dir='ltr'><strong>καὶ</strong></span> <span class='ocrx_word' id='word_1_166' title='bbox 451 1099 652 1136; x_wconf 73' lang='grc' dir='ltr'>καταδικάσητε</span> <span class='ocrx_word' id='word_1_167' title='bbox 669 1101 718 1136; x_wconf 74' lang='grc' dir='ltr'>τὴν</span> <span class='ocrx_word' id='word_1_168' title='bbox 737 1102 858 1137; x_wconf 72' lang='grc' dir='ltr'>κεφαλήν</span> <span class='ocrx_word' id='word_1_169' title='bbox 876 1112 928 1138; x_wconf 85' lang='grc' dir='ltr'>μου</span> 
     </span>
    </p>
   </div>
   <div class='ocr_carea' id='block_1_25' title="bbox 133 1142 303 1177">
    <p class='ocr_par' dir='ltr' id='par_1_25' title="bbox 133 1142 303 1177">
     <span class='ocr_line' id='line_1_25' title="bbox 133 1142 303 1177; baseline 0.018 -9"><span class='ocrx_word' id='word_1_170' title='bbox 133 1143 173 1177; x_wconf 88' lang='grc' dir='ltr'>τῷ</span> <span class='ocrx_word' id='word_1_171' title='bbox 188 1142 303 1177; x_wconf 79' lang='grc' dir='ltr'>βασιλεῖ.</span> 
     </span>
    </p>
   </div>
   <div class='ocr_carea' id='block_1_26' title="bbox 171 1188 928 1230">
    <p class='ocr_par' dir='ltr' id='par_1_26' title="bbox 171 1188 928 1230">
     <span class='ocr_line' id='line_1_26' title="bbox 171 1188 928 1230; baseline 0.007 -14"><span class='ocrx_word' id='word_1_172' title='bbox 171 1190 215 1216; x_wconf 78' lang='grc'><strong>11.</strong></span> <span class='ocrx_word' id='word_1_173' title='bbox 232 1191 287 1217; x_wconf 80' lang='lat' dir='ltr'><strong>Kal</strong></span> <span class='ocrx_word' id='word_1_174' title='bbox 301 1188 377 1217; x_wconf 75' lang='grc' dir='ltr'>εἶπεν</span> <span class='ocrx_word' id='word_1_175' title='bbox 401 1192 500 1228; x_wconf 78' lang='grc' dir='ltr'><strong>Δανιὴλ</strong></span> <span class='ocrx_word' id='word_1_176' title='bbox 527 1193 595 1227; x_wconf 75' lang='grc' dir='ltr'>πρὸς</span> <span class='ocrx_word' id='word_1_177' title='bbox 616 1193 839 1230; x_wconf 75' lang='grc' dir='ltr'>Ἀμελλαςὰρ,ὃν</span> <span class='ocrx_word' id='word_1_178' title='bbox 863 1203 928 1222; x_wconf 79' lang='grc' dir='ltr'>κατ-</span> 
     </span>
    </p>
   </div>
   <div class='ocr_carea' id='block_1_27' title="bbox 133 1235 926 1276">
    <p class='ocr_par' dir='ltr' id='par_1_27' title="bbox 133 1235 926 1276">
     <span class='ocr_line' id='line_1_27' title="bbox 133 1235 926 1276; baseline 0.009 -15"><span class='ocrx_word' id='word_1_179' title='bbox 133 1235 250 1271; x_wconf 74' lang='grc' dir='ltr'>έστησεν</span> <span class='ocrx_word' id='word_1_180' title='bbox 263 1238 277 1263; x_wconf 88' lang='grc' dir='ltr'><strong>ό</strong></span> <span class='ocrx_word' id='word_1_181' title='bbox 292 1238 485 1273; x_wconf 80' lang='grc' dir='ltr'><strong>ἀρχιευνοῦχος</strong></span> <span class='ocrx_word' id='word_1_182' title='bbox 503 1239 549 1265; x_wconf 70' lang='grc' dir='ltr'><strong>ἐπὶ</strong></span> <span class='ocrx_word' id='word_1_183' title='bbox 566 1239 677 1275; x_wconf 79' lang='grc' dir='ltr'><strong>Δανιὴλ,</strong></span> <span class='ocrx_word' id='word_1_184' title='bbox 700 1241 838 1276; x_wconf 76' lang='grc' dir='ltr'>Ἀζαρίαν,</span> <span class='ocrx_word' id='word_1_185' title='bbox 848 1241 926 1268; x_wconf 73' lang='grc' dir='ltr'>Ἀνα-</span> 
     </span>
    </p>
   </div>
   <div class='ocr_carea' id='block_1_28' title="bbox 131 1281 399 1318">
    <p class='ocr_par' dir='ltr' id='par_1_28' title="bbox 131 1281 399 1318">
     <span class='ocr_line' id='line_1_28' title="bbox 131 1281 399 1318; baseline 0.015 -12"><span class='ocrx_word' id='word_1_186' title='bbox 131 1281 203 1313; x_wconf 85' lang='grc' dir='ltr'>νίαν,</span> <span class='ocrx_word' id='word_1_187' title='bbox 220 1282 267 1308; x_wconf 78' lang='grc' dir='ltr'>καὶ</span> <span class='ocrx_word' id='word_1_188' title='bbox 280 1283 399 1318; x_wconf 81' lang='grc' dir='ltr'>Μισαήλ.</span> 
     </span>
    </p>
   </div>
   <div class='ocr_carea' id='block_1_29' title="bbox 169 1327 926 1367">
    <p class='ocr_par' dir='ltr' id='par_1_29' title="bbox 169 1327 926 1367">
     <span class='ocr_line' id='line_1_29' title="bbox 169 1327 926 1367; baseline 0.009 -14"><span class='ocrx_word' id='word_1_189' title='bbox 169 1327 213 1354; x_wconf 71' lang='grc'><strong>12.</strong></span> <span class='ocrx_word' id='word_1_190' title='bbox 230 1327 364 1363; x_wconf 74' lang='grc' dir='ltr'>Πείρασον</span> <span class='ocrx_word' id='word_1_191' title='bbox 379 1329 411 1365; x_wconf 85' lang='grc' dir='ltr'><strong>δὴ</strong></span> <span class='ocrx_word' id='word_1_192' title='bbox 425 1331 489 1362; x_wconf 80' lang='grc' dir='ltr'>τοὺς</span> <span class='ocrx_word' id='word_1_193' title='bbox 503 1330 601 1362; x_wconf 74' lang='grc' dir='ltr'>παῖδάς</span> <span class='ocrx_word' id='word_1_194' title='bbox 614 1339 661 1357; x_wconf 86' lang='grc' dir='ltr'><strong>σου</strong></span> <span class='ocrx_word' id='word_1_195' title='bbox 676 1332 783 1367; x_wconf 70' lang='grc' dir='ltr'>ἡμέρας</span> <span class='ocrx_word' id='word_1_196' title='bbox 793 1332 869 1366; x_wconf 80' lang='grc' dir='ltr'><strong>δέκα,</strong></span> <span class='ocrx_word' id='word_1_197' title='bbox 879 1334 926 1360; x_wconf 75' lang='grc' dir='ltr'><strong>καὶ</strong></span> 
     </span>
    </p>
   </div>
   <div class='ocr_carea' id='block_1_30' title="bbox 130 1372 926 1414">
    <p class='ocr_par' dir='ltr' id='par_1_30' title="bbox 130 1372 926 1414">
     <span class='ocr_line' id='line_1_30' title="bbox 130 1372 926 1414; baseline 0.009 -15"><span class='ocrx_word' id='word_1_198' title='bbox 130 1372 254 1400; x_wconf 77' lang='grc' dir='ltr'><strong>δότωσαν</strong></span> <span class='ocrx_word' id='word_1_199' title='bbox 268 1374 334 1409; x_wconf 84' lang='grc' dir='ltr'>ἡμῖν</span> <span class='ocrx_word' id='word_1_200' title='bbox 348 1375 403 1403; x_wconf 82' lang='grc' dir='ltr'><strong>ἀπὸ</strong></span> <span class='ocrx_word' id='word_1_201' title='bbox 415 1377 470 1404; x_wconf 83' lang='grc' dir='ltr'>τῶν</span> <span class='ocrx_word' id='word_1_202' title='bbox 486 1376 653 1413; x_wconf 81' lang='grc' dir='ltr'><strong>σπερμάτων</strong></span> <span class='ocrx_word' id='word_1_203' title='bbox 669 1377 718 1412; x_wconf 83' lang='grc' dir='ltr'><strong>τῆς</strong></span> <span class='ocrx_word' id='word_1_204' title='bbox 733 1378 795 1412; x_wconf 83' lang='grc' dir='ltr'><strong>γῆς,</strong></span> <span class='ocrx_word' id='word_1_205' title='bbox 811 1379 857 1405; x_wconf 78' lang='grc' dir='ltr'><strong>καὶ</strong></span> <span class='ocrx_word' id='word_1_206' title='bbox 875 1387 926 1414; x_wconf 85' lang='grc' dir='ltr'>φα-</span> 
     </span>
    </p>
   </div>
   <div class='ocr_carea' id='block_1_31' title="bbox 132 1417 545 1457">
    <p class='ocr_par' dir='ltr' id='par_1_31' title="bbox 132 1417 545 1457">
     <span class='ocr_line' id='line_1_31' title="bbox 132 1417 545 1457; baseline 0.017 -14"><span class='ocrx_word' id='word_1_207' title='bbox 132 1417 248 1452; x_wconf 86' lang='grc' dir='ltr'>γόμεθα.</span> <span class='ocrx_word' id='word_1_208' title='bbox 266 1420 314 1446; x_wconf 75' lang='grc' dir='ltr'><strong>καὶ</strong></span> <span class='ocrx_word' id='word_1_209' title='bbox 328 1419 400 1456; x_wconf 79' lang='grc' dir='ltr'>ὕδωρ</span> <span class='ocrx_word' id='word_1_210' title='bbox 414 1422 545 1457; x_wconf 78' lang='grc' dir='ltr'>πιόμεθα.</span> 
     </span>
    </p>
   </div>
   <div class='ocr_carea' id='block_1_32' title="bbox 169 1464 926 1505">
    <p class='ocr_par' dir='ltr' id='par_1_32' title="bbox 169 1464 926 1505">
     <span class='ocr_line' id='line_1_32' title="bbox 169 1464 926 1505; baseline 0.011 -16"><span class='ocrx_word' id='word_1_211' title='bbox 169 1464 213 1491; x_wconf 79' lang='grc'><strong>15.</strong></span> <span class='ocrx_word' id='word_1_212' title='bbox 227 1464 283 1491; x_wconf 76' lang='lat' dir='ltr'><strong>Kal</strong></span> <span class='ocrx_word' id='word_1_213' title='bbox 296 1465 457 1501; x_wconf 82' lang='grc' dir='ltr'>ὀφθήτωσαν</span> <span class='ocrx_word' id='word_1_214' title='bbox 472 1467 587 1496; x_wconf 76' lang='grc' dir='ltr'>ἐνώπιόν</span> <span class='ocrx_word' id='word_1_215' title='bbox 599 1478 647 1496; x_wconf 89' lang='grc' dir='ltr'><strong>σου</strong></span> <span class='ocrx_word' id='word_1_216' title='bbox 660 1470 688 1496; x_wconf 78' lang='lat' dir='ltr'><strong>a&#39;.</strong></span> <span class='ocrx_word' id='word_1_217' title='bbox 698 1469 765 1496; x_wconf 85' lang='grc' dir='ltr'><strong>ἰδέαι</strong></span> <span class='ocrx_word' id='word_1_218' title='bbox 780 1470 868 1505; x_wconf 80' lang='grc' dir='ltr'>ἡμῶν,</span> <span class='ocrx_word' id='word_1_219' title='bbox 878 1471 926 1498; x_wconf 77' lang='grc' dir='ltr'><strong>καὶ</strong></span> 
     </span>
    </p>
   </div>
   <div class='ocr_carea' id='block_1_33' title="bbox 131 1511 925 1553">
    <p class='ocr_par' dir='ltr' id='par_1_33' title="bbox 131 1511 925 1553">
     <span class='ocr_line' id='line_1_33' title="bbox 131 1511 925 1553; baseline 0.008 -15"><span class='ocrx_word' id='word_1_220' title='bbox 131 1511 162 1538; x_wconf 72' lang='grc' dir='ltr'>αἱ</span> <span class='ocrx_word' id='word_1_221' title='bbox 175 1511 243 1538; x_wconf 77' lang='grc' dir='ltr'>ἰδέαι</span> <span class='ocrx_word' id='word_1_222' title='bbox 258 1511 310 1538; x_wconf 87' lang='grc' dir='ltr'>τῶν</span> <span class='ocrx_word' id='word_1_223' title='bbox 325 1513 477 1548; x_wconf 78' lang='grc' dir='ltr'>παιδαρίων</span> <span class='ocrx_word' id='word_1_224' title='bbox 489 1515 545 1543; x_wconf 86' lang='grc' dir='ltr'><strong>τῶν</strong></span> <span class='ocrx_word' id='word_1_225' title='bbox 561 1516 707 1543; x_wconf 75' lang='grc' dir='ltr'>ἐσθιόντων</span> <span class='ocrx_word' id='word_1_226' title='bbox 722 1516 772 1551; x_wconf 83' lang='grc' dir='ltr'>τὴν</span> <span class='ocrx_word' id='word_1_227' title='bbox 787 1517 925 1553; x_wconf 79' lang='grc' dir='ltr'>τράπεζαν</span> 
     </span>
    </p>
   </div>
   <div class='ocr_carea' id='block_1_34' title="bbox 130 1556 923 1597">
    <p class='ocr_par' dir='ltr' id='par_1_34' title="bbox 130 1556 923 1597">
     <span class='ocr_line' id='line_1_34' title="bbox 130 1556 923 1597; baseline 0.008 -15"><span class='ocrx_word' id='word_1_228' title='bbox 130 1556 180 1583; x_wconf 77' lang='grc' dir='ltr'>τοῦ</span> <span class='ocrx_word' id='word_1_229' title='bbox 198 1556 339 1592; x_wconf 73' lang='grc' dir='ltr'>βασιλέως,</span> <span class='ocrx_word' id='word_1_230' title='bbox 353 1559 399 1585; x_wconf 75' lang='grc' dir='ltr'><strong>καὶ</strong></span> <span class='ocrx_word' id='word_1_231' title='bbox 411 1560 503 1592; x_wconf 84' lang='grc' dir='ltr'>καθὼς</span> <span class='ocrx_word' id='word_1_232' title='bbox 519 1561 567 1588; x_wconf 83' lang='grc' dir='ltr'><strong>ὲὰν</strong></span> <span class='ocrx_word' id='word_1_233' title='bbox 583 1561 640 1596; x_wconf 79' lang='grc' dir='ltr'><strong>ἴδῃς</strong></span> <span class='ocrx_word' id='word_1_234' title='bbox 649 1561 760 1597; x_wconf 84' lang='grc' dir='ltr'>ποίησον</span> <span class='ocrx_word' id='word_1_235' title='bbox 782 1562 851 1596; x_wconf 75' lang='grc' dir='ltr'>μετὰ</span> <span class='ocrx_word' id='word_1_236' title='bbox 870 1562 923 1589; x_wconf 83' lang='grc' dir='ltr'>τῶν</span> 
     </span>
    </p>
   </div>
   <div class='ocr_carea' id='block_1_35' title="bbox 129 1603 308 1631">
    <p class='ocr_par' dir='ltr' id='par_1_35' title="bbox 129 1603 308 1631">
     <span class='ocr_line' id='line_1_35' title="bbox 129 1603 308 1631; baseline 0.011 -3"><span class='ocrx_word' id='word_1_237' title='bbox 129 1603 237 1630; x_wconf 66' lang='grc' dir='ltr'><strong>¹παίδων</strong></span> <span class='ocrx_word' id='word_1_238' title='bbox 251 1612 308 1631; x_wconf 83' lang='grc' dir='ltr'>σου.</span> 
     </span>
    </p>
   </div>
   <div class='ocr_carea' id='block_1_36' title="bbox 168 1648 924 1688">
    <p class='ocr_par' dir='ltr' id='par_1_36' title="bbox 168 1648 924 1688">
     <span class='ocr_line' id='line_1_36' title="bbox 168 1648 924 1688; baseline 0.007 -12"><span class='ocrx_word' id='word_1_239' title='bbox 168 1648 213 1676; x_wconf 74' lang='grc' dir='ltr'>Η.</span> <span class='ocrx_word' id='word_1_240' title='bbox 229 1648 282 1676; x_wconf 82' lang='lat' dir='ltr'><strong>Kal</strong></span> <span class='ocrx_word' id='word_1_241' title='bbox 296 1651 456 1687; x_wconf 78' lang='grc' dir='ltr'>εἰσήκουσεν</span> <span class='ocrx_word' id='word_1_242' title='bbox 474 1652 563 1679; x_wconf 76' lang='grc' dir='ltr'>αὐτῶν</span> <span class='ocrx_word' id='word_1_243' title='bbox 580 1654 620 1685; x_wconf 82' lang='grc' dir='ltr'><strong>είς</strong></span> <span class='ocrx_word' id='word_1_244' title='bbox 634 1653 663 1680; x_wconf 87' lang='grc' dir='ltr'><strong>τὺ</strong></span> <span class='ocrx_word' id='word_1_245' title='bbox 679 1653 755 1688; x_wconf 79' lang='grc' dir='ltr'>ῥῆμα</span> <span class='ocrx_word' id='word_1_246' title='bbox 771 1653 858 1686; x_wconf 77' lang='grc' dir='ltr'>τοῦτο,</span> <span class='ocrx_word' id='word_1_247' title='bbox 877 1655 924 1681; x_wconf 75' lang='grc' dir='ltr'>καὶ</span> 
     </span>
    </p>
   </div>
   <div class='ocr_carea' id='block_1_37' title="bbox 130 1694 596 1733">
    <p class='ocr_par' dir='ltr' id='par_1_37' title="bbox 130 1694 596 1733">
     <span class='ocr_line' id='line_1_37' title="bbox 130 1694 596 1733; baseline 0.009 -12"><span class='ocrx_word' id='word_1_248' title='bbox 130 1694 279 1730; x_wconf 69' lang='grc' dir='ltr'>ἐπείρασεν</span> <span class='ocrx_word' id='word_1_249' title='bbox 290 1697 388 1729; x_wconf 83' lang='grc' dir='ltr'>αὐτοὺς</span> <span class='ocrx_word' id='word_1_250' title='bbox 399 1698 506 1733; x_wconf 81' lang='grc' dir='ltr'>ἡμέρας</span> <span class='ocrx_word' id='word_1_251' title='bbox 520 1698 596 1726; x_wconf 79' lang='grc' dir='ltr'><strong>δέκα.</strong></span> 
     </span>
    </p>
   </div>
   <div class='ocr_carea' id='block_1_38' title="bbox 167 1741 923 1782">
    <p class='ocr_par' dir='ltr' id='par_1_38' title="bbox 167 1741 923 1782">
     <span class='ocr_line' id='line_1_38' title="bbox 167 1741 923 1782; baseline 0.008 -14"><span class='ocrx_word' id='word_1_252' title='bbox 167 1741 212 1769; x_wconf 73' lang='grc'><strong>15.</strong></span> <span class='ocrx_word' id='word_1_253' title='bbox 226 1743 282 1769; x_wconf 87' lang='lat' dir='ltr'><strong>Kal</strong></span> <span class='ocrx_word' id='word_1_254' title='bbox 301 1743 369 1778; x_wconf 82' lang='grc' dir='ltr'>μετὰ</span> <span class='ocrx_word' id='word_1_255' title='bbox 389 1743 419 1770; x_wconf 75' lang='grc' dir='ltr'>τὸ</span> <span class='ocrx_word' id='word_1_256' title='bbox 437 1744 512 1776; x_wconf 82' lang='grc' dir='ltr'><strong>τέλος</strong></span> <span class='ocrx_word' id='word_1_257' title='bbox 526 1745 579 1771; x_wconf 78' lang='grc' dir='ltr'><strong>τῶν</strong></span> <span class='ocrx_word' id='word_1_258' title='bbox 591 1745 657 1772; x_wconf 83' lang='grc' dir='ltr'><strong>δέκα</strong></span> <span class='ocrx_word' id='word_1_259' title='bbox 674 1746 797 1782; x_wconf 76' lang='grc' dir='ltr'>ἡμερῶν,</span> <span class='ocrx_word' id='word_1_260' title='bbox 815 1746 923 1782; x_wconf 83' lang='grc' dir='ltr'><strong>ὼρὰοη-</strong></span> 
     </span>
    </p>
   </div>
   <div class='ocr_carea' id='block_1_39' title="bbox 130 1788 922 1828">
    <p class='ocr_par' dir='ltr' id='par_1_39' title="bbox 130 1788 922 1828">
     <span class='ocr_line' id='line_1_39' title="bbox 130 1788 922 1828; baseline 0.005 -14"><span class='ocrx_word' id='word_1_261' title='bbox 130 1796 182 1815; x_wconf 83' lang='grc' dir='ltr'><strong>σαν</strong></span> <span class='ocrx_word' id='word_1_262' title='bbox 196 1789 226 1815; x_wconf 71' lang='grc' dir='ltr'>αἱ</span> <span class='ocrx_word' id='word_1_263' title='bbox 239 1788 305 1815; x_wconf 84' lang='grc' dir='ltr'>ίδέαι</span> <span class='ocrx_word' id='word_1_264' title='bbox 318 1789 407 1817; x_wconf 86' lang='grc' dir='ltr'>αὐτῶν</span> <span class='ocrx_word' id='word_1_265' title='bbox 422 1790 534 1824; x_wconf 75' lang='grc' dir='ltr'>ἀγαθαὶ,</span> <span class='ocrx_word' id='word_1_266' title='bbox 555 1792 602 1818; x_wconf 79' lang='grc' dir='ltr'><strong>καὶ</strong></span> <span class='ocrx_word' id='word_1_267' title='bbox 627 1792 705 1820; x_wconf 78' lang='grc' dir='ltr'>αὐτοὶ</span> <span class='ocrx_word' id='word_1_268' title='bbox 732 1793 838 1828; x_wconf 73' lang='grc' dir='ltr'>ἰσχυροὶ</span> <span class='ocrx_word' id='word_1_269' title='bbox 863 1794 922 1824; x_wconf 79' lang='grc' dir='ltr'>ταῖς</span> 
     </span>
    </p>
   </div>
   <div class='ocr_carea' id='block_1_40' title="bbox 130 1833 922 1874">
    <p class='ocr_par' dir='ltr' id='par_1_40' title="bbox 130 1833 922 1874">
     <span class='ocr_line' id='line_1_40' title="bbox 130 1833 922 1874; baseline 0.008 -14"><span class='ocrx_word' id='word_1_270' title='bbox 130 1833 229 1869; x_wconf 76' lang='grc' dir='ltr'>σαρξὶν</span> <span class='ocrx_word' id='word_1_271' title='bbox 242 1835 310 1871; x_wconf 80' lang='grc' dir='ltr'>ὑπὲρ</span> <span class='ocrx_word' id='word_1_272' title='bbox 329 1835 364 1862; x_wconf 79' lang='grc' dir='ltr'><strong>τὰ</strong></span> <span class='ocrx_word' id='word_1_273' title='bbox 377 1836 508 1871; x_wconf 80' lang='grc' dir='ltr'>παιδάρια</span> <span class='ocrx_word' id='word_1_274' title='bbox 523 1836 557 1863; x_wconf 84' lang='grc' dir='ltr'><strong>τὰ</strong></span> <span class='ocrx_word' id='word_1_275' title='bbox 571 1837 695 1865; x_wconf 74' lang='grc' dir='ltr'>ἐσθίοντα</span> <span class='ocrx_word' id='word_1_276' title='bbox 711 1838 761 1873; x_wconf 78' lang='grc' dir='ltr'><strong>τὴν</strong></span> <span class='ocrx_word' id='word_1_277' title='bbox 783 1839 922 1874; x_wconf 74' lang='grc' dir='ltr'>τράπεζαν</span> 
     </span>
    </p>
   </div>
   <div class='ocr_carea' id='block_1_41' title="bbox 128 1879 339 1915">
    <p class='ocr_par' dir='ltr' id='par_1_41' title="bbox 128 1879 339 1915">
     <span class='ocr_line' id='line_1_41' title="bbox 128 1879 339 1915; baseline 0.005 -9"><span class='ocrx_word' id='word_1_278' title='bbox 128 1879 177 1906; x_wconf 74' lang='grc' dir='ltr'>τοῦ</span> <span class='ocrx_word' id='word_1_279' title='bbox 196 1880 339 1915; x_wconf 78' lang='grc' dir='ltr'>βασιλέως.</span> 
     </span>
    </p>
   </div>
   <div class='ocr_carea' id='block_1_42' title="bbox 165 1925 918 1965">
    <p class='ocr_par' dir='ltr' id='par_1_42' title="bbox 165 1925 918 1965">
     <span class='ocr_line' id='line_1_42' title="bbox 165 1925 918 1965; baseline 0.007 -12"><span class='ocrx_word' id='word_1_280' title='bbox 165 1925 211 1953; x_wconf 73' lang='grc'><strong>16.</strong></span> <span class='ocrx_word' id='word_1_281' title='bbox 228 1927 283 1953; x_wconf 87' lang='lat' dir='ltr'><strong>Kal</strong></span> <span class='ocrx_word' id='word_1_282' title='bbox 297 1927 406 1961; x_wconf 80' lang='grc' dir='ltr'>ἐγένετο</span> <span class='ocrx_word' id='word_1_283' title='bbox 425 1928 596 1964; x_wconf 80' lang='grc' dir='ltr'>Ἀμελλασὰρ</span> <span class='ocrx_word' id='word_1_284' title='bbox 611 1930 808 1965; x_wconf 81' lang='grc' dir='ltr'>ἀναιρούμενος</span> <span class='ocrx_word' id='word_1_285' title='bbox 825 1931 856 1957; x_wconf 83' lang='grc' dir='ltr'><strong>τὸ</strong></span> <span class='ocrx_word' id='word_1_286' title='bbox 867 1932 918 1958; x_wconf 72' lang='grc' dir='ltr'><strong>δεῖ·</strong></span> 
     </span>
    </p>
   </div>
   <div class='ocr_carea' id='block_1_43' title="bbox 127 1972 922 2010">
    <p class='ocr_par' dir='ltr' id='par_1_43' title="bbox 127 1972 922 2010">
     <span class='ocr_line' id='line_1_43' title="bbox 127 1972 922 2010; baseline 0.006 -13"><span class='ocrx_word' id='word_1_287' title='bbox 127 1977 197 1998; x_wconf 75' lang='grc' dir='ltr'>πνον</span> <span class='ocrx_word' id='word_1_288' title='bbox 211 1972 311 2005; x_wconf 79' lang='grc' dir='ltr'>αὐτῶν,</span> <span class='ocrx_word' id='word_1_289' title='bbox 331 1973 378 2000; x_wconf 72' lang='grc' dir='ltr'>καὶ</span> <span class='ocrx_word' id='word_1_290' title='bbox 403 1974 449 2000; x_wconf 78' lang='grc' dir='ltr'>τὸν</span> <span class='ocrx_word' id='word_1_291' title='bbox 471 1972 541 2001; x_wconf 74' lang='grc' dir='ltr'>οἶνον</span> <span class='ocrx_word' id='word_1_292' title='bbox 555 1974 602 2001; x_wconf 84' lang='grc' dir='ltr'>τοῦ</span> <span class='ocrx_word' id='word_1_293' title='bbox 619 1975 741 2010; x_wconf 80' lang='grc' dir='ltr'><strong>πόματος</strong></span> <span class='ocrx_word' id='word_1_294' title='bbox 757 1976 857 2009; x_wconf 80' lang='grc' dir='ltr'>αὐτῶν,</span> <span class='ocrx_word' id='word_1_295' title='bbox 874 1977 922 2003; x_wconf 75' lang='grc' dir='ltr'>καὶ</span> 
     </span>
    </p>
   </div>
   <div class='ocr_carea' id='block_1_44' title="bbox 128 2015 494 2053">
    <p class='ocr_par' dir='ltr' id='par_1_44' title="bbox 128 2015 494 2053">
     <span class='ocr_line' id='line_1_44' title="bbox 128 2015 494 2053; baseline 0.008 -11"><span class='ocrx_word' id='word_1_296' title='bbox 128 2015 219 2042; x_wconf 77' lang='grc' dir='ltr'>ιδίδου</span> <span class='ocrx_word' id='word_1_297' title='bbox 233 2017 325 2048; x_wconf 82' lang='grc' dir='ltr'>αὐτοῖς</span> <span class='ocrx_word' id='word_1_298' title='bbox 339 2018 494 2053; x_wconf 73' lang='grc' dir='ltr'>σπέρματα.</span> 
     </span>
    </p>
   </div>
   <div class='ocr_carea' id='block_1_45' title="bbox 166 2062 922 2102">
    <p class='ocr_par' dir='ltr' id='par_1_45' title="bbox 166 2062 922 2102">
     <span class='ocr_line' id='line_1_45' title="bbox 166 2062 922 2102; baseline 0.007 -14"><span class='ocrx_word' id='word_1_299' title='bbox 166 2062 209 2088; x_wconf 77' lang='grc'><strong>17.</strong></span> <span class='ocrx_word' id='word_1_300' title='bbox 231 2063 286 2089; x_wconf 84' lang='grc' dir='ltr'><strong>Καὶ</strong></span> <span class='ocrx_word' id='word_1_301' title='bbox 307 2065 364 2095; x_wconf 78' lang='grc' dir='ltr'>τοῖς</span> <span class='ocrx_word' id='word_1_302' title='bbox 389 2064 544 2099; x_wconf 78' lang='grc' dir='ltr'>παιδαρίοις</span> <span class='ocrx_word' id='word_1_303' title='bbox 566 2066 623 2096; x_wconf 78' lang='grc' dir='ltr'>τοῖς</span> <span class='ocrx_word' id='word_1_304' title='bbox 650 2065 796 2102; x_wconf 71' lang='grc' dir='ltr'>τέσσαρσιν</span> <span class='ocrx_word' id='word_1_305' title='bbox 822 2066 922 2094; x_wconf 77' lang='grc' dir='ltr'>ἔδωκεν</span> 
     </span>
    </p>
   </div>
   <div class='ocr_carea' id='block_1_46' title="bbox 129 2109 921 2150">
    <p class='ocr_par' dir='ltr' id='par_1_46' title="bbox 129 2109 921 2150">
     <span class='ocr_line' id='line_1_46' title="bbox 129 2109 921 2150; baseline 0.008 -16"><span class='ocrx_word' id='word_1_306' title='bbox 129 2109 246 2140; x_wconf 76' lang='grc' dir='ltr'>αὑτοτςό</span> <span class='ocrx_word' id='word_1_307' title='bbox 261 2109 327 2141; x_wconf 82' lang='grc' dir='ltr'><strong>Θεὸς</strong></span> <span class='ocrx_word' id='word_1_308' title='bbox 343 2110 463 2142; x_wconf 86' lang='grc' dir='ltr'>σύνεσιν,</span> <span class='ocrx_word' id='word_1_309' title='bbox 483 2111 530 2137; x_wconf 79' lang='grc' dir='ltr'><strong>καὶ</strong></span> <span class='ocrx_word' id='word_1_310' title='bbox 551 2112 681 2147; x_wconf 84' lang='grc' dir='ltr'>φρόνησιν</span> <span class='ocrx_word' id='word_1_311' title='bbox 703 2113 732 2139; x_wconf 80' lang='grc' dir='ltr'>ὲν</span> <span class='ocrx_word' id='word_1_312' title='bbox 744 2113 818 2150; x_wconf 79' lang='grc' dir='ltr'>πάσῃ</span> <span class='ocrx_word' id='word_1_313' title='bbox 831 2122 921 2149; x_wconf 86' lang='grc' dir='ltr'>γραμ-</span> 
     </span>
    </p>
   </div>
   <div class='ocr_carea' id='block_1_47' title="bbox 130 2154 921 2194">
    <p class='ocr_par' dir='ltr' id='par_1_47' title="bbox 130 2154 921 2194">
     <span class='ocr_line' id='line_1_47' title="bbox 130 2154 921 2194; baseline 0.011 -16"><span class='ocrx_word' id='word_1_314' title='bbox 130 2154 235 2188; x_wconf 85' lang='grc' dir='ltr'>ματικῇ</span> <span class='ocrx_word' id='word_1_315' title='bbox 251 2154 298 2180; x_wconf 79' lang='grc' dir='ltr'>καὶ</span> <span class='ocrx_word' id='word_1_316' title='bbox 314 2155 412 2191; x_wconf 76' lang='grc' dir='ltr'>σοφίᾳ·</span> <span class='ocrx_word' id='word_1_317' title='bbox 428 2156 476 2183; x_wconf 69' lang='grc' dir='ltr'><strong>καὶ</strong></span> <span class='ocrx_word' id='word_1_318' title='bbox 485 2156 584 2192; x_wconf 76' lang='grc' dir='ltr'>Δανιὴλ</span> <span class='ocrx_word' id='word_1_319' title='bbox 600 2158 715 2193; x_wconf 80' lang='grc' dir='ltr'>συνῆκεν</span> <span class='ocrx_word' id='word_1_320' title='bbox 729 2160 758 2185; x_wconf 82' lang='grc' dir='ltr'>ὲν</span> <span class='ocrx_word' id='word_1_321' title='bbox 773 2159 846 2194; x_wconf 74' lang='grc' dir='ltr'>πάσῃ</span> <span class='ocrx_word' id='word_1_322' title='bbox 858 2160 921 2194; x_wconf 74' lang='grc' dir='ltr'><strong>ὁρά-</strong></span> 
     </span>
    </p>
   </div>
   <div class='ocr_carea' id='block_1_48' title="bbox 129 2199 401 2232">
    <p class='ocr_par' dir='ltr' id='par_1_48' title="bbox 129 2199 401 2232">
     <span class='ocr_line' id='line_1_48' title="bbox 129 2199 401 2232; baseline 0.015 -9"><span class='ocrx_word' id='word_1_323' title='bbox 129 2206 172 2224; x_wconf 83' lang='grc' dir='ltr'>σιι</span> <span class='ocrx_word' id='word_1_324' title='bbox 190 2199 239 2225; x_wconf 79' lang='grc' dir='ltr'><strong>καὶ</strong></span> <span class='ocrx_word' id='word_1_325' title='bbox 254 2200 401 2232; x_wconf 77' lang='grc' dir='ltr'>ἐνυπνίοις.</span> 
     </span>
    </p>
   </div>
   <div class='ocr_carea' id='block_1_49' title="bbox 165 2242 921 2284">
    <p class='ocr_par' dir='ltr' id='par_1_49' title="bbox 165 2242 921 2284">
     <span class='ocr_line' id='line_1_49' title="bbox 165 2242 921 2284; baseline 0.011 -15"><span class='ocrx_word' id='word_1_326' title='bbox 165 2242 208 2270; x_wconf 76' lang='grc'><strong>18.</strong></span> <span class='ocrx_word' id='word_1_327' title='bbox 228 2243 283 2270; x_wconf 81' lang='grc' dir='ltr'><strong>Καὶ</strong></span> <span class='ocrx_word' id='word_1_328' title='bbox 309 2245 378 2278; x_wconf 74' lang='grc' dir='ltr'>μετὰ</span> <span class='ocrx_word' id='word_1_329' title='bbox 403 2246 434 2272; x_wconf 76' lang='grc' dir='ltr'>τὸ</span> <span class='ocrx_word' id='word_1_330' title='bbox 451 2246 526 2278; x_wconf 83' lang='grc' dir='ltr'><strong>τέλος</strong></span> <span class='ocrx_word' id='word_1_331' title='bbox 544 2247 598 2274; x_wconf 78' lang='grc' dir='ltr'><strong>τῶν</strong></span> <span class='ocrx_word' id='word_1_332' title='bbox 619 2248 740 2284; x_wconf 82' lang='grc' dir='ltr'>ἡμερῶν,</span> <span class='ocrx_word' id='word_1_333' title='bbox 761 2246 799 2276; x_wconf 83' lang='grc' dir='ltr'>ὧν</span> <span class='ocrx_word' id='word_1_334' title='bbox 821 2247 921 2277; x_wconf 77' lang='grc' dir='ltr'>εἷπενὸ</span> 
     </span>
    </p>
   </div>
   <div class='ocr_carea' id='block_1_50' title="bbox 128 2288 921 2328">
    <p class='ocr_par' dir='ltr' id='par_1_50' title="bbox 128 2288 921 2328">
     <span class='ocr_line' id='line_1_50' title="bbox 128 2288 921 2328; baseline 0.011 -15"><span class='ocrx_word' id='word_1_335' title='bbox 128 2288 258 2323; x_wconf 79' lang='grc' dir='ltr'>βασιλεὺς</span> <span class='ocrx_word' id='word_1_336' title='bbox 269 2290 429 2324; x_wconf 85' lang='grc' dir='ltr'>είσαγαγεῖν</span> <span class='ocrx_word' id='word_1_337' title='bbox 445 2292 553 2325; x_wconf 80' lang='grc' dir='ltr'>αὐτοὺς,</span> <span class='ocrx_word' id='word_1_338' title='bbox 570 2293 616 2320; x_wconf 81' lang='grc' dir='ltr'><strong>καὶ</strong></span> <span class='ocrx_word' id='word_1_339' title='bbox 631 2294 778 2328; x_wconf 81' lang='grc' dir='ltr'>εἰσήγαγεν</span> <span class='ocrx_word' id='word_1_340' title='bbox 795 2295 892 2326; x_wconf 76' lang='grc' dir='ltr'>αὐτοὺς</span> <span class='ocrx_word' id='word_1_341' title='bbox 907 2296 921 2322; x_wconf 78' lang='grc' dir='ltr'>ὁ</span> 
     </span>
    </p>
   </div>
   <div class='ocr_carea' id='block_1_51' title="bbox 127 2334 724 2374">
    <p class='ocr_par' dir='ltr' id='par_1_51' title="bbox 127 2334 724 2374">
     <span class='ocr_line' id='line_1_51' title="bbox 127 2334 724 2374; baseline 0.012 -15"><span class='ocrx_word' id='word_1_342' title='bbox 127 2334 321 2370; x_wconf 79' lang='grc' dir='ltr'>ἀρχιευνοῦχος</span> <span class='ocrx_word' id='word_1_343' title='bbox 342 2337 461 2364; x_wconf 71' lang='grc' dir='ltr'>ἐναντίον</span> <span class='ocrx_word' id='word_1_344' title='bbox 476 2337 724 2374; x_wconf 78' lang='grc' dir='ltr'>Ναϐουχοδονόσορ.</span> 
     </span>
    </p>
   </div>
   <div class='ocr_carea' id='block_1_52' title="bbox 165 2380 920 2423">
    <p class='ocr_par' dir='ltr' id='par_1_52' title="bbox 165 2380 920 2423">
     <span class='ocr_line' id='line_1_52' title="bbox 165 2380 920 2423; baseline 0.009 -16"><span class='ocrx_word' id='word_1_345' title='bbox 165 2380 209 2408; x_wconf 77' lang='grc'><strong>19.</strong></span> <span class='ocrx_word' id='word_1_346' title='bbox 226 2381 281 2408; x_wconf 84' lang='lat' dir='ltr'><strong>Kal</strong></span> <span class='ocrx_word' id='word_1_347' title='bbox 291 2382 407 2417; x_wconf 81' lang='grc' dir='ltr'>ὲλάλησε</span> <span class='ocrx_word' id='word_1_348' title='bbox 432 2383 490 2417; x_wconf 81' lang='grc' dir='ltr'>μετ’</span> <span class='ocrx_word' id='word_1_349' title='bbox 505 2384 594 2410; x_wconf 83' lang='grc' dir='ltr'>αὐτῶν</span> <span class='ocrx_word' id='word_1_350' title='bbox 611 2386 625 2411; x_wconf 79' lang='grc' dir='ltr'>ὁ</span> <span class='ocrx_word' id='word_1_351' title='bbox 645 2385 786 2420; x_wconf 76' lang='grc' dir='ltr'>βασιλεὺς,</span> <span class='ocrx_word' id='word_1_352' title='bbox 809 2387 856 2413; x_wconf 67' lang='grc' dir='ltr'><strong>καὶ</strong></span> <span class='ocrx_word' id='word_1_353' title='bbox 872 2388 920 2423; x_wconf 73' lang='grc' dir='ltr'><strong>οὐχ</strong></span> 
     </span>
    </p>
   </div>
   <div class='ocr_carea' id='block_1_53' title="bbox 127 2427 920 2467">
    <p class='ocr_par' dir='ltr' id='par_1_53' title="bbox 127 2427 920 2467">
     <span class='ocr_line' id='line_1_53' title="bbox 127 2427 920 2467; baseline 0.011 -15"><span class='ocrx_word' id='word_1_354' title='bbox 127 2427 281 2462; x_wconf 75' lang='grc' dir='ltr'>εὑρέθησαν</span> <span class='ocrx_word' id='word_1_355' title='bbox 293 2428 325 2454; x_wconf 75' lang='grc' dir='ltr'><strong>ὲκ</strong></span> <span class='ocrx_word' id='word_1_356' title='bbox 340 2428 448 2455; x_wconf 79' lang='grc' dir='ltr'>πάντων</span> <span class='ocrx_word' id='word_1_357' title='bbox 462 2429 551 2456; x_wconf 78' lang='grc' dir='ltr'>αὐτῶν</span> <span class='ocrx_word' id='word_1_358' title='bbox 565 2429 652 2465; x_wconf 83' lang='grc' dir='ltr'>ὅμοιοι</span> <span class='ocrx_word' id='word_1_359' title='bbox 666 2432 776 2467; x_wconf 84' lang='grc' dir='ltr'>Δανιὴλ,</span> <span class='ocrx_word' id='word_1_360' title='bbox 788 2433 920 2461; x_wconf 72' lang='grc' dir='ltr'>καὶἌνα-</span> 
     </span>
    </p>
   </div>
   <div class='ocr_carea' id='block_1_54' title="bbox 127 2473 919 2514">
    <p class='ocr_par' dir='ltr' id='par_1_54' title="bbox 127 2473 919 2514">
     <span class='ocr_line' id='line_1_54' title="bbox 127 2473 919 2514; baseline 0.01 -16"><span class='ocrx_word' id='word_1_361' title='bbox 127 2473 183 2508; x_wconf 61' lang='lat' dir='ltr'><strong>via,</strong></span> <span class='ocrx_word' id='word_1_362' title='bbox 202 2473 252 2499; x_wconf 66' lang='lat' dir='ltr'><strong>val</strong></span> <span class='ocrx_word' id='word_1_363' title='bbox 266 2473 391 2510; x_wconf 71' lang='grc' dir='ltr'>Ἀζαρία,</span> <span class='ocrx_word' id='word_1_364' title='bbox 409 2475 455 2501; x_wconf 76' lang='grc' dir='ltr'><strong>καὶ</strong></span> <span class='ocrx_word' id='word_1_365' title='bbox 472 2476 597 2511; x_wconf 85' lang='grc' dir='ltr'>Μισαήλ·</span> <span class='ocrx_word' id='word_1_366' title='bbox 614 2477 661 2504; x_wconf 71' lang='grc' dir='ltr'>καὶ</span> <span class='ocrx_word' id='word_1_367' title='bbox 675 2477 792 2514; x_wconf 73' lang='grc' dir='ltr'>ἔστησαν</span> <span class='ocrx_word' id='word_1_368' title='bbox 806 2477 919 2506; x_wconf 79' lang='grc' dir='ltr'>ἐνώπιον</span> 
     </span>
    </p>
   </div>
   <div class='ocr_carea' id='block_1_55' title="bbox 127 2518 334 2554">
    <p class='ocr_par' dir='ltr' id='par_1_55' title="bbox 127 2518 334 2554">
     <span class='ocr_line' id='line_1_55' title="bbox 127 2518 334 2554; baseline 0 -8"><span class='ocrx_word' id='word_1_369' title='bbox 127 2518 176 2546; x_wconf 78' lang='grc' dir='ltr'>τοῦ</span> <span class='ocrx_word' id='word_1_370' title='bbox 191 2518 334 2554; x_wconf 80' lang='grc' dir='ltr'>βασιλέως.</span> 
     </span>
    </p>
   </div>
   <div class='ocr_carea' id='block_1_56' title="bbox 162 2563 917 2603">
    <p class='ocr_par' dir='ltr' id='par_1_56' title="bbox 162 2563 917 2603">
     <span class='ocr_line' id='line_1_56' title="bbox 162 2563 917 2603; baseline 0.007 -14"><span class='ocrx_word' id='word_1_371' title='bbox 162 2563 207 2590; x_wconf 77' lang='grc'><strong>20.</strong></span> <span class='ocrx_word' id='word_1_372' title='bbox 229 2563 282 2590; x_wconf 82' lang='lat' dir='ltr'><strong>Kal</strong></span> <span class='ocrx_word' id='word_1_373' title='bbox 302 2565 331 2590; x_wconf 78' lang='grc' dir='ltr'>ἐν</span> <span class='ocrx_word' id='word_1_374' title='bbox 351 2566 433 2591; x_wconf 79' lang='grc' dir='ltr'>παντὶ</span> <span class='ocrx_word' id='word_1_375' title='bbox 446 2565 548 2600; x_wconf 75' lang='grc' dir='ltr'>ῥήματι</span> <span class='ocrx_word' id='word_1_376' title='bbox 569 2566 675 2600; x_wconf 76' lang='grc' dir='ltr'>σοφίας,</span> <span class='ocrx_word' id='word_1_377' title='bbox 691 2567 739 2593; x_wconf 76' lang='grc' dir='ltr'><strong>καὶ</strong></span> <span class='ocrx_word' id='word_1_378' title='bbox 754 2567 917 2603; x_wconf 71' lang='grc' dir='ltr'>ἐπιστήμης,</span> 
     </span>
    </p>
   </div>
   <div class='ocr_carea' id='block_1_57' title="bbox 127 2606 920 2647">
    <p class='ocr_par' dir='ltr' id='par_1_57' title="bbox 127 2606 920 2647">
     <span class='ocr_line' id='line_1_57' title="bbox 127 2606 920 2647; baseline 0.004 -11"><span class='ocrx_word' id='word_1_379' title='bbox 127 2608 200 2645; x_wconf 75' lang='grc' dir='ltr'>ὑπὲρ</span> <span class='ocrx_word' id='word_1_380' title='bbox 213 2606 251 2636; x_wconf 83' lang='grc' dir='ltr'>ὧν</span> <span class='ocrx_word' id='word_1_381' title='bbox 264 2609 382 2645; x_wconf 66' lang='grc' dir='ltr'><strong>ἐζήτησε</strong></span> <span class='ocrx_word' id='word_1_382' title='bbox 395 2612 460 2646; x_wconf 79' lang='grc' dir='ltr'>παρ’</span> <span class='ocrx_word' id='word_1_383' title='bbox 475 2610 564 2638; x_wconf 79' lang='grc' dir='ltr'>αὐτῶν</span> <span class='ocrx_word' id='word_1_384' title='bbox 579 2611 593 2637; x_wconf 70' lang='grc' dir='ltr'><strong>ὁ</strong></span> <span class='ocrx_word' id='word_1_385' title='bbox 611 2611 746 2646; x_wconf 70' lang='grc' dir='ltr'>βασιλεὺς,</span> <span class='ocrx_word' id='word_1_386' title='bbox 773 2609 852 2647; x_wconf 76' lang='grc' dir='ltr'>εὗρεν</span> <span class='ocrx_word' id='word_1_387' title='bbox 871 2613 920 2639; x_wconf 85' lang='grc' dir='ltr'><strong>αὺ-</strong></span> 
     </span>
    </p>
   </div>
   <div class='ocr_carea' id='block_1_58' title="bbox 126 2654 917 2690">
    <p class='ocr_par' dir='ltr' id='par_1_58' title="bbox 126 2654 917 2690">
     <span class='ocr_line' id='line_1_58' title="bbox 126 2654 917 2690; baseline 0.005 -10"><span class='ocrx_word' id='word_1_388' title='bbox 126 2654 190 2686; x_wconf 71' lang='grc' dir='ltr'><strong>τιμὺς</strong></span> <span class='ocrx_word' id='word_1_389' title='bbox 210 2654 426 2686; x_wconf 82' lang='grc' dir='ltr'>δεκαπλασιονας</span> <span class='ocrx_word' id='word_1_390' title='bbox 451 2655 522 2690; x_wconf 80' lang='grc' dir='ltr'>ὑπὲρ</span> <span class='ocrx_word' id='word_1_391' title='bbox 549 2655 652 2687; x_wconf 85' lang='grc' dir='ltr'>πάντας</span> <span class='ocrx_word' id='word_1_392' title='bbox 677 2657 740 2687; x_wconf 82' lang='grc' dir='ltr'>τοὺς</span> <span class='ocrx_word' id='word_1_393' title='bbox 766 2657 917 2690; x_wconf 80' lang='grc' dir='ltr'>ὲπαοιδοὺς,</span> 
     </span>
    </p>
   </div>
   <div class='ocr_carea' id='block_1_59' title="bbox 127 2698 919 2738">
    <p class='ocr_par' dir='ltr' id='par_1_59' title="bbox 127 2698 919 2738">
     <span class='ocr_line' id='line_1_59' title="bbox 127 2698 919 2738; baseline 0.005 -13"><span class='ocrx_word' id='word_1_394' title='bbox 127 2698 176 2725; x_wconf 80' lang='grc' dir='ltr'><strong>καὶ</strong></span> <span class='ocrx_word' id='word_1_395' title='bbox 197 2699 261 2730; x_wconf 82' lang='grc' dir='ltr'>τοὺς</span> <span class='ocrx_word' id='word_1_396' title='bbox 283 2700 388 2734; x_wconf 80' lang='grc' dir='ltr'>μάγους</span> <span class='ocrx_word' id='word_1_397' title='bbox 401 2720 408 2732; x_wconf 92' lang='grc'>,</span> <span class='ocrx_word' id='word_1_398' title='bbox 424 2701 486 2732; x_wconf 82' lang='grc' dir='ltr'>τοὺς</span> <span class='ocrx_word' id='word_1_399' title='bbox 501 2700 580 2733; x_wconf 76' lang='grc' dir='ltr'>ὄντας</span> <span class='ocrx_word' id='word_1_400' title='bbox 597 2701 625 2728; x_wconf 82' lang='grc' dir='ltr'>ὲν</span> <span class='ocrx_word' id='word_1_401' title='bbox 654 2701 728 2737; x_wconf 80' lang='grc' dir='ltr'>πάσῃ</span> <span class='ocrx_word' id='word_1_402' title='bbox 746 2702 779 2737; x_wconf 80' lang='grc' dir='ltr'><strong>τῇ</strong></span> <span class='ocrx_word' id='word_1_403' title='bbox 796 2701 919 2738; x_wconf 71' lang='grc' dir='ltr'>βασιλείᾳ.</span> 
     </span>
    </p>
   </div>
   <div class='ocr_carea' id='block_1_60' title="bbox 127 2744 221 2771">
    <p class='ocr_par' dir='ltr' id='par_1_60' title="bbox 127 2744 221 2771">
     <span class='ocr_line' id='line_1_60' title="bbox 127 2744 221 2771; baseline 0.011 -1"><span class='ocrx_word' id='word_1_404' title='bbox 127 2744 221 2771; x_wconf 78' lang='grc' dir='ltr'>αὐτοῦ.</span> 
     </span>
    </p>
   </div>
   <div class='ocr_carea' id='block_1_61' title="bbox 162 2790 918 2829">
    <p class='ocr_par' dir='ltr' id='par_1_61' title="bbox 162 2790 918 2829">
     <span class='ocr_line' id='line_1_61' title="bbox 162 2790 918 2829; baseline 0.004 -12"><span class='ocrx_word' id='word_1_405' title='bbox 162 2790 208 2817; x_wconf 76' lang='grc'><strong>21.</strong></span> <span class='ocrx_word' id='word_1_406' title='bbox 224 2791 280 2818; x_wconf 70' lang='grc' dir='ltr'><strong>Καὶ</strong></span> <span class='ocrx_word' id='word_1_407' title='bbox 295 2791 403 2826; x_wconf 66' lang='grc' dir='ltr'>ἐγένετο</span> <span class='ocrx_word' id='word_1_408' title='bbox 416 2791 514 2819; x_wconf 56' lang='grc' dir='ltr'>Δανιὴλ</span> <span class='ocrx_word' id='word_1_409' title='bbox 527 2792 580 2824; x_wconf 71' lang='grc' dir='ltr'>ἕως</span> <span class='ocrx_word' id='word_1_410' title='bbox 595 2791 670 2824; x_wconf 71' lang='grc' dir='ltr'>ἔτους</span> <span class='ocrx_word' id='word_1_411' title='bbox 687 2792 744 2824; x_wconf 74' lang='grc' dir='ltr'>ἑνὸς</span> <span class='ocrx_word' id='word_1_412' title='bbox 763 2793 854 2829; x_wconf 81' lang='grc' dir='ltr'>Κύρου</span> <span class='ocrx_word' id='word_1_413' title='bbox 871 2793 918 2820; x_wconf 73' lang='grc' dir='ltr'><strong>τοῦ</strong></span> 
     </span>
    </p>
   </div>
   <div class='ocr_carea' id='block_1_62' title="bbox 127 2835 270 2871">
    <p class='ocr_par' dir='ltr' id='par_1_62' title="bbox 127 2835 270 2871">
     <span class='ocr_line' id='line_1_62' title="bbox 127 2835 270 2871; baseline 0.007 -9"><span class='ocrx_word' id='word_1_414' title='bbox 127 2835 270 2871; x_wconf 77' lang='grc' dir='ltr'>βασιλέως.</span> 
     </span>
    </p>
   </div>
   <div class='ocr_carea' id='block_1_63' title="bbox 985 237 1769 274">
    <p class='ocr_par' dir='ltr' id='par_1_63' title="bbox 985 237 1769 274">
     <span class='ocr_line' id='line_1_63' title="bbox 985 237 1769 274; baseline 0.004 -11"><span class='ocrx_word' id='word_1_415' title='bbox 985 237 1099 264; x_wconf 90' lang='lat' dir='ltr'><strong>nutriret</strong></span> <span class='ocrx_word' id='word_1_416' title='bbox 1111 245 1158 266; x_wconf 87' lang='lat' dir='ltr'><strong>eos</strong></span> <span class='ocrx_word' id='word_1_417' title='bbox 1173 239 1252 267; x_wconf 86' lang='lat' dir='ltr'><strong>annis</strong></span> <span class='ocrx_word' id='word_1_418' title='bbox 1270 239 1367 272; x_wconf 80' lang='lat' dir='ltr'><strong>tribus,</strong></span> <span class='ocrx_word' id='word_1_419' title='bbox 1383 245 1409 267; x_wconf 79' lang='lat' dir='ltr'><strong>et</strong></span> <span class='ocrx_word' id='word_1_420' title='bbox 1425 244 1519 274; x_wconf 88' lang='lat' dir='ltr'><strong>postea</strong></span> <span class='ocrx_word' id='word_1_421' title='bbox 1541 243 1644 267; x_wconf 83' lang='lat' dir='ltr'><strong>starent</strong></span> <span class='ocrx_word' id='word_1_422' title='bbox 1657 239 1708 274; x_wconf 83' lang='lat' dir='ltr'><strong>ipsi</strong></span> <span class='ocrx_word' id='word_1_423' title='bbox 1722 247 1769 266; x_wconf 83' lang='lat' dir='ltr'><strong>co—</strong></span> 
     </span>
    </p>
   </div>
   <div class='ocr_carea' id='block_1_64' title="bbox 984 290 1129 319">
    <p class='ocr_par' dir='ltr' id='par_1_64' title="bbox 984 290 1129 319">
     <span class='ocr_line' id='line_1_64' title="bbox 984 290 1129 319; baseline 0.014 -10"><span class='ocrx_word' id='word_1_424' title='bbox 984 290 1042 310; x_wconf 84' lang='lat' dir='ltr'><strong>ram</strong></span> <span class='ocrx_word' id='word_1_425' title='bbox 1057 291 1129 319; x_wconf 78' lang='lat' dir='ltr'><strong>rege.</strong></span> 
     </span>
    </p>
   </div>
   <div class='ocr_carea' id='block_1_65' title="bbox 1017 393 1770 427">
    <p class='ocr_par' dir='ltr' id='par_1_65' title="bbox 1017 393 1770 427">
     <span class='ocr_line' id='line_1_65' title="bbox 1017 393 1770 427; baseline 0.007 -8"><span class='ocrx_word' id='word_1_426' title='bbox 1017 394 1043 420; x_wconf 87' lang='lat'><strong>6.</strong></span> <span class='ocrx_word' id='word_1_427' title='bbox 1066 393 1098 420; x_wconf 85' lang='lat' dir='ltr'><strong>Et</strong></span> <span class='ocrx_word' id='word_1_428' title='bbox 1114 394 1221 422; x_wconf 80' lang='lat' dir='ltr'><strong>fuerunt</strong></span> <span class='ocrx_word' id='word_1_429' title='bbox 1239 396 1265 422; x_wconf 93' lang='lat' dir='ltr'><strong>in</strong></span> <span class='ocrx_word' id='word_1_430' title='bbox 1283 396 1322 422; x_wconf 72' lang='lat' dir='ltr'><strong>eis</strong></span> <span class='ocrx_word' id='word_1_431' title='bbox 1337 396 1369 423; x_wconf 87' lang='lat' dir='ltr'><strong>de</strong></span> <span class='ocrx_word' id='word_1_432' title='bbox 1387 396 1449 423; x_wconf 80' lang='lat' dir='ltr'><strong>ﬁliis</strong></span> <span class='ocrx_word' id='word_1_433' title='bbox 1460 395 1529 423; x_wconf 84' lang='lat' dir='ltr'><strong>Juda</strong></span> <span class='ocrx_word' id='word_1_434' title='bbox 1545 395 1650 427; x_wconf 86' lang='lat' dir='ltr'><strong>Daniel,</strong></span> <span class='ocrx_word' id='word_1_435' title='bbox 1667 395 1770 424; x_wconf 78' lang='lat' dir='ltr'><strong>etAna-</strong></span> 
     </span>
    </p>
   </div>
   <div class='ocr_carea' id='block_1_66' title="bbox 984 439 1398 474">
    <p class='ocr_par' dir='ltr' id='par_1_66' title="bbox 984 439 1398 474">
     <span class='ocr_line' id='line_1_66' title="bbox 984 439 1398 474; baseline 0.005 -8"><span class='ocrx_word' id='word_1_436' title='bbox 984 439 1054 471; x_wconf 83' lang='lat' dir='ltr'><strong>nias,</strong></span> <span class='ocrx_word' id='word_1_437' title='bbox 1071 444 1096 467; x_wconf 84' lang='lat' dir='ltr'><strong>ct</strong></span> <span class='ocrx_word' id='word_1_438' title='bbox 1111 441 1234 474; x_wconf 74' lang='lat' dir='ltr'><strong>Azarius,</strong></span> <span class='ocrx_word' id='word_1_439' title='bbox 1254 446 1281 469; x_wconf 88' lang='lat' dir='ltr'><strong>et</strong></span> <span class='ocrx_word' id='word_1_440' title='bbox 1295 441 1398 470; x_wconf 74' lang='lat' dir='ltr'><strong>illisae].</strong></span> 
     </span>
    </p>
   </div>
   <div class='ocr_carea' id='block_1_67' title="bbox 1019 484 1770 522">
    <p class='ocr_par' dir='ltr' id='par_1_67' title="bbox 1019 484 1770 522">
     <span class='ocr_line' id='line_1_67' title="bbox 1019 484 1770 522; baseline 0.009 -12"><span class='ocrx_word' id='word_1_441' title='bbox 1019 484 1043 511; x_wconf 89' lang='lat'><strong>7.</strong></span> <span class='ocrx_word' id='word_1_442' title='bbox 1061 484 1094 511; x_wconf 85' lang='lat' dir='ltr'><strong>Et</strong></span> <span class='ocrx_word' id='word_1_443' title='bbox 1114 486 1246 520; x_wconf 76' lang='lat' dir='ltr'><strong>imposuit</strong></span> <span class='ocrx_word' id='word_1_444' title='bbox 1273 487 1313 514; x_wconf 81' lang='lat' dir='ltr'><strong>eis</strong></span> <span class='ocrx_word' id='word_1_445' title='bbox 1333 488 1494 522; x_wconf 80' lang='lat' dir='ltr'><strong>praepositus</strong></span> <span class='ocrx_word' id='word_1_446' title='bbox 1511 490 1701 516; x_wconf 77' lang='lat' dir='ltr'><strong>cunuchorum</strong></span> <span class='ocrx_word' id='word_1_447' title='bbox 1719 497 1770 516; x_wconf 53' lang='lat' dir='ltr'><strong>nov</strong></span> 
     </span>
    </p>
   </div>
   <div class='ocr_carea' id='block_1_68' title="bbox 983 530 1768 568">
    <p class='ocr_par' dir='ltr' id='par_1_68' title="bbox 983 530 1768 568">
     <span class='ocr_line' id='line_1_68' title="bbox 983 530 1768 568; baseline 0.009 -12"><span class='ocrx_word' id='word_1_448' title='bbox 983 530 1073 564; x_wconf 91' lang='lat' dir='ltr'><strong>mina;</strong></span> <span class='ocrx_word' id='word_1_449' title='bbox 1099 531 1201 558; x_wconf 82' lang='lat' dir='ltr'><strong>Danieli</strong></span> <span class='ocrx_word' id='word_1_450' title='bbox 1219 531 1360 566; x_wconf 84' lang='lat' dir='ltr'><strong>Baltasar;</strong></span> <span class='ocrx_word' id='word_1_451' title='bbox 1386 538 1412 560; x_wconf 89' lang='lat' dir='ltr'><strong>et</strong></span> <span class='ocrx_word' id='word_1_452' title='bbox 1440 534 1551 561; x_wconf 65' lang='lat' dir='ltr'><strong>Ananiae</strong></span> <span class='ocrx_word' id='word_1_453' title='bbox 1574 534 1710 568; x_wconf 84' lang='lat' dir='ltr'><strong>Sedrach;</strong></span> <span class='ocrx_word' id='word_1_454' title='bbox 1742 541 1768 562; x_wconf 86' lang='lat' dir='ltr'><strong>ct</strong></span> 
     </span>
    </p>
   </div>
   <div class='ocr_carea' id='block_1_69' title="bbox 981 574 1550 613">
    <p class='ocr_par' dir='ltr' id='par_1_69' title="bbox 981 574 1550 613">
     <span class='ocr_line' id='line_1_69' title="bbox 981 574 1550 613; baseline 0.009 -11"><span class='ocrx_word' id='word_1_455' title='bbox 981 574 1086 604; x_wconf 72' lang='lat' dir='ltr'><strong>Azarize</strong></span> <span class='ocrx_word' id='word_1_456' title='bbox 1100 577 1247 613; x_wconf 75' lang='lat' dir='ltr'><strong>Abdenago</strong></span> <span class='ocrx_word' id='word_1_457' title='bbox 1259 587 1265 612; x_wconf 88' lang='lat'>;</span> <span class='ocrx_word' id='word_1_458' title='bbox 1282 583 1309 606; x_wconf 88' lang='lat' dir='ltr'><strong>et</strong></span> <span class='ocrx_word' id='word_1_459' title='bbox 1322 579 1426 606; x_wconf 82' lang='lat' dir='ltr'><strong>lllisaeli</strong></span> <span class='ocrx_word' id='word_1_460' title='bbox 1438 579 1550 607; x_wconf 81' lang='lat' dir='ltr'><strong>Misach.</strong></span> 
     </span>
    </p>
   </div>
   <div class='ocr_carea' id='block_1_70' title="bbox 1018 622 1768 662">
    <p class='ocr_par' dir='ltr' id='par_1_70' title="bbox 1018 622 1768 662">
     <span class='ocr_line' id='line_1_70' title="bbox 1018 622 1768 662; baseline 0.007 -13"><span class='ocrx_word' id='word_1_461' title='bbox 1018 622 1043 649; x_wconf 92' lang='lat'><strong>8.</strong></span> <span class='ocrx_word' id='word_1_462' title='bbox 1067 623 1099 650; x_wconf 86' lang='lat' dir='ltr'><strong>Et</strong></span> <span class='ocrx_word' id='word_1_463' title='bbox 1114 625 1205 658; x_wconf 83' lang='lat' dir='ltr'><strong>posuit</strong></span> <span class='ocrx_word' id='word_1_464' title='bbox 1220 624 1314 652; x_wconf 86' lang='lat' dir='ltr'><strong>Daniel</strong></span> <span class='ocrx_word' id='word_1_465' title='bbox 1335 626 1361 652; x_wconf 93' lang='lat' dir='ltr'><strong>in</strong></span> <span class='ocrx_word' id='word_1_466' title='bbox 1382 626 1464 653; x_wconf 85' lang='lat' dir='ltr'><strong>corde</strong></span> <span class='ocrx_word' id='word_1_467' title='bbox 1478 634 1538 658; x_wconf 87' lang='lat' dir='ltr'><strong>suo,</strong></span> <span class='ocrx_word' id='word_1_468' title='bbox 1557 631 1586 654; x_wconf 86' lang='lat' dir='ltr'><strong>ut</strong></span> <span class='ocrx_word' id='word_1_469' title='bbox 1599 634 1653 654; x_wconf 81' lang='lat' dir='ltr'><strong>non</strong></span> <span class='ocrx_word' id='word_1_470' title='bbox 1665 628 1768 662; x_wconf 81' lang='lat' dir='ltr'><strong>pollue-</strong></span> 
     </span>
    </p>
   </div>
   <div class='ocr_carea' id='block_1_71' title="bbox 982 669 1769 707">
    <p class='ocr_par' dir='ltr' id='par_1_71' title="bbox 982 669 1769 707">
     <span class='ocr_line' id='line_1_71' title="bbox 982 669 1769 707; baseline 0.005 -13"><span class='ocrx_word' id='word_1_471' title='bbox 982 669 1094 696; x_wconf 65' lang='lat' dir='ltr'><strong>rt-turin</strong></span> <span class='ocrx_word' id='word_1_472' title='bbox 1105 677 1198 697; x_wconf 85' lang='lat' dir='ltr'><strong>mensa</strong></span> <span class='ocrx_word' id='word_1_473' title='bbox 1214 671 1296 706; x_wconf 78' lang='lat' dir='ltr'><strong>regis,</strong></span> <span class='ocrx_word' id='word_1_474' title='bbox 1314 676 1339 699; x_wconf 90' lang='lat' dir='ltr'><strong>et</strong></span> <span class='ocrx_word' id='word_1_475' title='bbox 1355 671 1381 698; x_wconf 93' lang='lat' dir='ltr'><strong>in</strong></span> <span class='ocrx_word' id='word_1_476' title='bbox 1393 672 1457 699; x_wconf 78' lang='lat' dir='ltr'><strong>vino</strong></span> <span class='ocrx_word' id='word_1_477' title='bbox 1472 678 1551 707; x_wconf 89' lang='lat' dir='ltr'><strong>potus</strong></span> <span class='ocrx_word' id='word_1_478' title='bbox 1573 672 1633 707; x_wconf 80' lang='lat' dir='ltr'><strong>ejus</strong></span> <span class='ocrx_word' id='word_1_479' title='bbox 1650 682 1656 699; x_wconf 90' lang='lat'><strong>:</strong></span> <span class='ocrx_word' id='word_1_480' title='bbox 1680 679 1706 700; x_wconf 86' lang='lat' dir='ltr'><strong>et</strong></span> <span class='ocrx_word' id='word_1_481' title='bbox 1724 681 1769 700; x_wconf 87' lang='lat' dir='ltr'><strong>ro-</strong></span> 
     </span>
    </p>
   </div>
   <div class='ocr_carea' id='block_1_72' title="bbox 981 715 1767 754">
    <p class='ocr_par' dir='ltr' id='par_1_72' title="bbox 981 715 1767 754">
     <span class='ocr_line' id='line_1_72' title="bbox 981 715 1767 754; baseline 0.005 -12"><span class='ocrx_word' id='word_1_482' title='bbox 981 715 1054 749; x_wconf 76' lang='lat' dir='ltr'><strong>gavit</strong></span> <span class='ocrx_word' id='word_1_483' title='bbox 1089 717 1279 745; x_wconf 80' lang='lat' dir='ltr'><strong>cunuchorum</strong></span> <span class='ocrx_word' id='word_1_484' title='bbox 1306 719 1502 754; x_wconf 70' lang='lat' dir='ltr'><strong>prchositum,</strong></span> <span class='ocrx_word' id='word_1_485' title='bbox 1534 727 1568 747; x_wconf 90' lang='lat' dir='ltr'><strong>ne</strong></span> <span class='ocrx_word' id='word_1_486' title='bbox 1599 720 1767 747; x_wconf 76' lang='lat' dir='ltr'><strong>contamina-</strong></span> 
     </span>
    </p>
   </div>
   <div class='ocr_carea' id='block_1_73' title="bbox 981 767 1066 790">
    <p class='ocr_par' dir='ltr' id='par_1_73' title="bbox 981 767 1066 790">
     <span class='ocr_line' id='line_1_73' title="bbox 981 767 1066 790; baseline -0.012 -1"><span class='ocrx_word' id='word_1_487' title='bbox 981 767 1066 790; x_wconf 83' lang='lat' dir='ltr'><strong>retur.</strong></span> 
     </span>
    </p>
   </div>
   <div class='ocr_carea' id='block_1_74' title="bbox 1015 807 1768 843">
    <p class='ocr_par' dir='ltr' id='par_1_74' title="bbox 1015 807 1768 843">
     <span class='ocr_line' id='line_1_74' title="bbox 1015 807 1768 843; baseline 0.004 -9"><span class='ocrx_word' id='word_1_488' title='bbox 1015 807 1040 834; x_wconf 86' lang='lat'><strong>9.</strong></span> <span class='ocrx_word' id='word_1_489' title='bbox 1064 808 1094 836; x_wconf 83' lang='lat' dir='ltr'><strong>Et</strong></span> <span class='ocrx_word' id='word_1_490' title='bbox 1111 809 1184 837; x_wconf 87' lang='lat' dir='ltr'><strong>dedit</strong></span> <span class='ocrx_word' id='word_1_491' title='bbox 1198 810 1268 838; x_wconf 87' lang='lat' dir='ltr'><strong>Deus</strong></span> <span class='ocrx_word' id='word_1_492' title='bbox 1286 807 1423 838; x_wconf 87' lang='lat' dir='ltr'><strong>Danielem</strong></span> <span class='ocrx_word' id='word_1_493' title='bbox 1446 811 1472 838; x_wconf 93' lang='lat' dir='ltr'><strong>in</strong></span> <span class='ocrx_word' id='word_1_494' title='bbox 1491 811 1724 843; x_wconf 89' lang='lat' dir='ltr'><strong>misericordiam,</strong></span> <span class='ocrx_word' id='word_1_495' title='bbox 1741 817 1768 837; x_wconf 70' lang='lat' dir='ltr'><strong>tt</strong></span> 
     </span>
    </p>
   </div>
   <div class='ocr_carea' id='block_1_75' title="bbox 947 853 1769 899">
    <p class='ocr_par' dir='ltr' id='par_1_75' title="bbox 947 853 1769 899">
     <span class='ocr_line' id='line_1_75' title="bbox 947 853 1769 899; baseline 0.005 -19"><span class='ocrx_word' id='word_1_496' title='bbox 947 853 1009 899; x_wconf 78' lang='lat' dir='ltr'><strong>Bin</strong></span> <span class='ocrx_word' id='word_1_497' title='bbox 1024 854 1225 883; x_wconf 86' lang='lat' dir='ltr'><strong>miserationem</strong></span> <span class='ocrx_word' id='word_1_498' title='bbox 1242 856 1269 883; x_wconf 92' lang='lat' dir='ltr'><strong>in</strong></span> <span class='ocrx_word' id='word_1_499' title='bbox 1295 862 1442 892; x_wconf 84' lang='lat' dir='ltr'><strong>conspectu</strong></span> <span class='ocrx_word' id='word_1_500' title='bbox 1469 858 1601 893; x_wconf 84' lang='lat' dir='ltr'><strong>principis</strong></span> <span class='ocrx_word' id='word_1_501' title='bbox 1628 857 1769 886; x_wconf 80' lang='lat' dir='ltr'><strong>ennucho~</strong></span> 
     </span>
    </p>
   </div>
   <div class='ocr_carea' id='block_1_76' title="bbox 981 906 1767 971">
    <p class='ocr_par' dir='ltr' id='par_1_76' title="bbox 981 906 1767 971">
     <span class='ocr_line' id='line_1_76' title="bbox 981 906 1767 971; baseline 0.003 -11"><span class='ocrx_word' id='word_1_502' title='bbox 981 906 1058 961; x_wconf 47' lang='lat' dir='ltr'><strong>“TD.</strong></span> <span class='ocrx_word' id='word_1_503' title='bbox 1081 934 1188 962; x_wconf 78' lang='lat' dir='ltr'><strong>Etdixit</strong></span> <span class='ocrx_word' id='word_1_504' title='bbox 1203 936 1329 971; x_wconf 84' lang='lat' dir='ltr'><strong>princeps</strong></span> <span class='ocrx_word' id='word_1_505' title='bbox 1339 937 1527 964; x_wconf 84' lang='lat' dir='ltr'><strong>eunuehornm</strong></span> <span class='ocrx_word' id='word_1_506' title='bbox 1544 937 1646 964; x_wconf 87' lang='lat' dir='ltr'><strong>Danieli</strong></span> <span class='ocrx_word' id='word_1_507' title='bbox 1657 946 1664 964; x_wconf 89' lang='lat'><strong>:</strong></span> <span class='ocrx_word' id='word_1_508' title='bbox 1676 937 1767 964; x_wconf 84' lang='lat' dir='ltr'><strong>Timeo</strong></span> 
     </span>
    </p>
   </div>
   <div class='ocr_carea' id='block_1_77' title="bbox 979 979 1765 1017">
    <p class='ocr_par' dir='ltr' id='par_1_77' title="bbox 979 979 1765 1017">
     <span class='ocr_line' id='line_1_77' title="bbox 979 979 1765 1017; baseline 0.005 -12"><span class='ocrx_word' id='word_1_509' title='bbox 979 984 1029 1014; x_wconf 79' lang='lat' dir='ltr'><strong>ego</strong></span> <span class='ocrx_word' id='word_1_510' title='bbox 1044 979 1184 1006; x_wconf 90' lang='lat' dir='ltr'><strong>dominum</strong></span> <span class='ocrx_word' id='word_1_511' title='bbox 1211 988 1300 1008; x_wconf 89' lang='lat' dir='ltr'><strong>meum</strong></span> <span class='ocrx_word' id='word_1_512' title='bbox 1323 989 1428 1017; x_wconf 77' lang='lat' dir='ltr'><strong>regem,</strong></span> <span class='ocrx_word' id='word_1_513' title='bbox 1452 983 1498 1017; x_wconf 91' lang='lat' dir='ltr'><strong>qui</strong></span> <span class='ocrx_word' id='word_1_514' title='bbox 1518 983 1661 1010; x_wconf 84' lang='lat' dir='ltr'><strong>constituit</strong></span> <span class='ocrx_word' id='word_1_515' title='bbox 1675 983 1765 1010; x_wconf 89' lang='lat' dir='ltr'><strong>cibum</strong></span> 
     </span>
    </p>
   </div>
   <div class='ocr_carea' id='block_1_78' title="bbox 979 1027 1767 1060">
    <p class='ocr_par' dir='ltr' id='par_1_78' title="bbox 979 1027 1767 1060">
     <span class='ocr_line' id='line_1_78' title="bbox 979 1027 1767 1060; baseline 0.006 -10"><span class='ocrx_word' id='word_1_516' title='bbox 979 1029 1110 1057; x_wconf 84' lang='lat' dir='ltr'><strong>vestrum,</strong></span> <span class='ocrx_word' id='word_1_517' title='bbox 1124 1029 1151 1052; x_wconf 86' lang='lat' dir='ltr'><strong>et</strong></span> <span class='ocrx_word' id='word_1_518' title='bbox 1161 1030 1254 1060; x_wconf 88' lang='lat' dir='ltr'><strong>potum</strong></span> <span class='ocrx_word' id='word_1_519' title='bbox 1273 1031 1405 1060; x_wconf 86' lang='lat' dir='ltr'><strong>vestrum,</strong></span> <span class='ocrx_word' id='word_1_520' title='bbox 1422 1036 1456 1055; x_wconf 86' lang='lat' dir='ltr'><strong>ne</strong></span> <span class='ocrx_word' id='word_1_521' title='bbox 1475 1027 1545 1056; x_wconf 81' lang='lat' dir='ltr'><strong>forte</strong></span> <span class='ocrx_word' id='word_1_522' title='bbox 1564 1028 1654 1055; x_wconf 88' lang='lat' dir='ltr'><strong>videat</strong></span> <span class='ocrx_word' id='word_1_523' title='bbox 1682 1028 1767 1055; x_wconf 73' lang='lat' dir='ltr'><strong>facies</strong></span> 
     </span>
    </p>
   </div>
   <div class='ocr_carea' id='block_1_79' title="bbox 978 1070 1767 1106">
    <p class='ocr_par' dir='ltr' id='par_1_79' title="bbox 978 1070 1767 1106">
     <span class='ocr_line' id='line_1_79' title="bbox 978 1070 1767 1106; baseline 0.004 -10"><span class='ocrx_word' id='word_1_524' title='bbox 978 1075 1083 1098; x_wconf 85' lang='lat' dir='ltr'><strong>vestras</strong></span> <span class='ocrx_word' id='word_1_525' title='bbox 1099 1070 1190 1097; x_wconf 84' lang='lat' dir='ltr'><strong>tristes</strong></span> <span class='ocrx_word' id='word_1_526' title='bbox 1205 1078 1260 1105; x_wconf 64' lang='lat' dir='ltr'><strong>prae</strong></span> <span class='ocrx_word' id='word_1_527' title='bbox 1275 1073 1399 1106; x_wconf 83' lang='lat' dir='ltr'><strong>puerulis</strong></span> <span class='ocrx_word' id='word_1_528' title='bbox 1412 1073 1510 1100; x_wconf 65' lang='lat' dir='ltr'><strong>coaevis</strong></span> <span class='ocrx_word' id='word_1_529' title='bbox 1529 1073 1637 1104; x_wconf 81' lang='lat' dir='ltr'><strong>vestris,</strong></span> <span class='ocrx_word' id='word_1_530' title='bbox 1663 1078 1688 1100; x_wconf 69' lang='grc' dir='ltr'><strong>οι</strong></span> <span class='ocrx_word' id='word_1_531' title='bbox 1700 1081 1767 1100; x_wconf 86' lang='lat' dir='ltr'><strong>con-</strong></span> 
     </span>
    </p>
   </div>
   <div class='ocr_carea' id='block_1_80' title="bbox 978 1115 1396 1153">
    <p class='ocr_par' dir='ltr' id='par_1_80' title="bbox 978 1115 1396 1153">
     <span class='ocr_line' id='line_1_80' title="bbox 978 1115 1396 1153; baseline 0.01 -12"><span class='ocrx_word' id='word_1_532' title='bbox 978 1115 1112 1142; x_wconf 87' lang='lat' dir='ltr'><strong>demnetis</strong></span> <span class='ocrx_word' id='word_1_533' title='bbox 1127 1119 1208 1150; x_wconf 89' lang='lat' dir='ltr'><strong>caput</strong></span> <span class='ocrx_word' id='word_1_534' title='bbox 1221 1123 1311 1143; x_wconf 87' lang='lat' dir='ltr'><strong>meum</strong></span> <span class='ocrx_word' id='word_1_535' title='bbox 1330 1118 1396 1153; x_wconf 77' lang='lat' dir='ltr'><strong>regi.</strong></span> 
     </span>
    </p>
   </div>
   <div class='ocr_carea' id='block_1_81' title="bbox 1014 1202 1764 1240">
    <p class='ocr_par' dir='ltr' id='par_1_81' title="bbox 1014 1202 1764 1240">
     <span class='ocr_line' id='line_1_81' title="bbox 1014 1202 1764 1240; baseline 0.001 -10"><span class='ocrx_word' id='word_1_536' title='bbox 1014 1203 1056 1230; x_wconf 80' lang='grc' dir='ltr'><strong>Η.</strong></span> <span class='ocrx_word' id='word_1_537' title='bbox 1079 1202 1112 1231; x_wconf 83' lang='grc' dir='ltr'>Ει</span> <span class='ocrx_word' id='word_1_538' title='bbox 1130 1203 1198 1230; x_wconf 83' lang='lat' dir='ltr'><strong>dixit</strong></span> <span class='ocrx_word' id='word_1_539' title='bbox 1209 1203 1301 1232; x_wconf 87' lang='lat' dir='ltr'><strong>Daniel</strong></span> <span class='ocrx_word' id='word_1_540' title='bbox 1319 1205 1352 1232; x_wconf 84' lang='lat' dir='ltr'><strong>ad</strong></span> <span class='ocrx_word' id='word_1_541' title='bbox 1375 1204 1536 1236; x_wconf 83' lang='lat' dir='ltr'><strong>Amellasar,</strong></span> <span class='ocrx_word' id='word_1_542' title='bbox 1562 1213 1641 1240; x_wconf 90' lang='lat' dir='ltr'><strong>quem</strong></span> <span class='ocrx_word' id='word_1_543' title='bbox 1663 1207 1764 1233; x_wconf 76' lang='lat' dir='ltr'><strong>consli-</strong></span> 
     </span>
    </p>
   </div>
   <div class='ocr_carea' id='block_1_82' title="bbox 978 1249 1763 1287">
    <p class='ocr_par' dir='ltr' id='par_1_82' title="bbox 978 1249 1763 1287">
     <span class='ocr_line' id='line_1_82' title="bbox 978 1249 1763 1287; baseline 0.004 -12"><span class='ocrx_word' id='word_1_544' title='bbox 978 1252 1066 1276; x_wconf 86' lang='lat' dir='ltr'><strong>tuerat</strong></span> <span class='ocrx_word' id='word_1_545' title='bbox 1083 1249 1208 1285; x_wconf 87' lang='lat' dir='ltr'><strong>princeps</strong></span> <span class='ocrx_word' id='word_1_546' title='bbox 1219 1250 1408 1278; x_wconf 85' lang='lat' dir='ltr'><strong>eunueltorum</strong></span> <span class='ocrx_word' id='word_1_547' title='bbox 1433 1259 1515 1287; x_wconf 81' lang='lat' dir='ltr'><strong>Super</strong></span> <span class='ocrx_word' id='word_1_548' title='bbox 1533 1252 1680 1284; x_wconf 81' lang='lat' dir='ltr'><strong>Danielem,</strong></span> <span class='ocrx_word' id='word_1_549' title='bbox 1693 1252 1763 1279; x_wconf 69' lang='lat' dir='ltr'><strong>Aza-</strong></span> 
     </span>
    </p>
   </div>
   <div class='ocr_carea' id='block_1_83' title="bbox 978 1296 1374 1328">
    <p class='ocr_par' dir='ltr' id='par_1_83' title="bbox 978 1296 1374 1328">
     <span class='ocr_line' id='line_1_83' title="bbox 978 1296 1374 1328; baseline 0.008 -7"><span class='ocrx_word' id='word_1_550' title='bbox 978 1296 1057 1327; x_wconf 89' lang='lat' dir='ltr'><strong>riam,</strong></span> <span class='ocrx_word' id='word_1_551' title='bbox 1075 1297 1221 1328; x_wconf 80' lang='lat' dir='ltr'><strong>Ananiam,</strong></span> <span class='ocrx_word' id='word_1_552' title='bbox 1231 1301 1257 1323; x_wconf 91' lang='lat' dir='ltr'><strong>et</strong></span> <span class='ocrx_word' id='word_1_553' title='bbox 1271 1296 1374 1324; x_wconf 73' lang='lat' dir='ltr'><strong>Misztel.</strong></span> 
     </span>
    </p>
   </div>
   <div class='ocr_carea' id='block_1_84' title="bbox 1012 1340 1765 1378">
    <p class='ocr_par' dir='ltr' id='par_1_84' title="bbox 1012 1340 1765 1378">
     <span class='ocr_line' id='line_1_84' title="bbox 1012 1340 1765 1378; baseline 0.005 -12"><span class='ocrx_word' id='word_1_554' title='bbox 1012 1340 1056 1367; x_wconf 64' lang='lat'><strong>42.</strong></span> <span class='ocrx_word' id='word_1_555' title='bbox 1078 1340 1173 1374; x_wconf 87' lang='lat' dir='ltr'><strong>Tenta,</strong></span> <span class='ocrx_word' id='word_1_556' title='bbox 1188 1342 1314 1376; x_wconf 84' lang='lat' dir='ltr'><strong>obsecro,</strong></span> <span class='ocrx_word' id='word_1_557' title='bbox 1334 1351 1433 1378; x_wconf 83' lang='lat' dir='ltr'><strong>pueros</strong></span> <span class='ocrx_word' id='word_1_558' title='bbox 1444 1348 1505 1371; x_wconf 86' lang='lat' dir='ltr'><strong>tuos</strong></span> <span class='ocrx_word' id='word_1_559' title='bbox 1516 1343 1613 1371; x_wconf 84' lang='lat' dir='ltr'><strong>diebus</strong></span> <span class='ocrx_word' id='word_1_560' title='bbox 1623 1343 1726 1374; x_wconf 87' lang='lat' dir='ltr'><strong>decem,</strong></span> <span class='ocrx_word' id='word_1_561' title='bbox 1739 1349 1765 1370; x_wconf 75' lang='lat' dir='ltr'><strong>et</strong></span> 
     </span>
    </p>
   </div>
   <div class='ocr_carea' id='block_1_85' title="bbox 976 1385 1763 1422">
    <p class='ocr_par' dir='ltr' id='par_1_85' title="bbox 976 1385 1763 1422">
     <span class='ocr_line' id='line_1_85' title="bbox 976 1385 1763 1422; baseline 0.005 -10"><span class='ocrx_word' id='word_1_562' title='bbox 976 1385 1075 1413; x_wconf 87' lang='lat' dir='ltr'><strong>dentur</strong></span> <span class='ocrx_word' id='word_1_563' title='bbox 1095 1387 1173 1414; x_wconf 91' lang='lat' dir='ltr'><strong>nobis</strong></span> <span class='ocrx_word' id='word_1_564' title='bbox 1188 1387 1223 1415; x_wconf 88' lang='lat' dir='ltr'><strong>de</strong></span> <span class='ocrx_word' id='word_1_565' title='bbox 1241 1389 1393 1416; x_wconf 86' lang='lat' dir='ltr'><strong>seminibus</strong></span> <span class='ocrx_word' id='word_1_566' title='bbox 1419 1393 1507 1422; x_wconf 65' lang='lat' dir='ltr'><strong>terrae,</strong></span> <span class='ocrx_word' id='word_1_567' title='bbox 1532 1394 1559 1417; x_wconf 90' lang='lat' dir='ltr'><strong>et</strong></span> <span class='ocrx_word' id='word_1_568' title='bbox 1575 1389 1763 1420; x_wconf 75' lang='lat' dir='ltr'><strong>comedemus.</strong></span> 
     </span>
    </p>
   </div>
   <div class='ocr_carea' id='block_1_86' title="bbox 976 1432 1273 1466">
    <p class='ocr_par' dir='ltr' id='par_1_86' title="bbox 976 1432 1273 1466">
     <span class='ocr_line' id='line_1_86' title="bbox 976 1432 1273 1466; baseline 0.013 -9"><span class='ocrx_word' id='word_1_569' title='bbox 976 1436 1003 1457; x_wconf 89' lang='lat' dir='ltr'><strong>et</strong></span> <span class='ocrx_word' id='word_1_570' title='bbox 1018 1439 1117 1466; x_wconf 82' lang='lat' dir='ltr'><strong>aquam</strong></span> <span class='ocrx_word' id='word_1_571' title='bbox 1137 1432 1273 1461; x_wconf 84' lang='lat' dir='ltr'><strong>bibemus.</strong></span> 
     </span>
    </p>
   </div>
   <div class='ocr_carea' id='block_1_87' title="bbox 1012 1478 1765 1513">
    <p class='ocr_par' dir='ltr' id='par_1_87' title="bbox 1012 1478 1765 1513">
     <span class='ocr_line' id='line_1_87' title="bbox 1012 1478 1765 1513; baseline 0.004 -9"><span class='ocrx_word' id='word_1_572' title='bbox 1012 1478 1056 1505; x_wconf 76' lang='grc'><strong>15.</strong></span> <span class='ocrx_word' id='word_1_573' title='bbox 1078 1479 1111 1505; x_wconf 85' lang='grc' dir='ltr'><strong>Ει</strong></span> <span class='ocrx_word' id='word_1_574' title='bbox 1124 1484 1272 1513; x_wconf 81' lang='lat' dir='ltr'><strong>appareant</strong></span> <span class='ocrx_word' id='word_1_575' title='bbox 1289 1486 1380 1507; x_wconf 76' lang='lat' dir='ltr'><strong>comm</strong></span> <span class='ocrx_word' id='word_1_576' title='bbox 1395 1485 1421 1508; x_wconf 89' lang='lat' dir='ltr'><strong>te</strong></span> <span class='ocrx_word' id='word_1_577' title='bbox 1437 1480 1519 1508; x_wconf 80' lang='lat' dir='ltr'><strong>facies</strong></span> <span class='ocrx_word' id='word_1_578' title='bbox 1535 1485 1645 1513; x_wconf 61' lang='lat' dir='ltr'><strong>nostrae.</strong></span> <span class='ocrx_word' id='word_1_579' title='bbox 1672 1485 1700 1509; x_wconf 92' lang='lat' dir='ltr'><strong>et</strong></span> <span class='ocrx_word' id='word_1_580' title='bbox 1726 1481 1765 1508; x_wconf 80' lang='lat' dir='ltr'><strong>l’a-</strong></span> 
     </span>
    </p>
   </div>
   <div class='ocr_carea' id='block_1_88' title="bbox 978 1523 1764 1561">
    <p class='ocr_par' dir='ltr' id='par_1_88' title="bbox 978 1523 1764 1561">
     <span class='ocr_line' id='line_1_88' title="bbox 978 1523 1764 1561; baseline 0.004 -11"><span class='ocrx_word' id='word_1_581' title='bbox 978 1523 1033 1551; x_wconf 80' lang='lat' dir='ltr'><strong>cies</strong></span> <span class='ocrx_word' id='word_1_582' title='bbox 1050 1524 1236 1558; x_wconf 84' lang='lat' dir='ltr'><strong>puerulorum,</strong></span> <span class='ocrx_word' id='word_1_583' title='bbox 1254 1525 1300 1559; x_wconf 92' lang='lat' dir='ltr'><strong>qui</strong></span> <span class='ocrx_word' id='word_1_584' title='bbox 1314 1526 1398 1553; x_wconf 85' lang='lat' dir='ltr'><strong>edunt</strong></span> <span class='ocrx_word' id='word_1_585' title='bbox 1423 1534 1544 1553; x_wconf 82' lang='lat' dir='ltr'><strong>mensam</strong></span> <span class='ocrx_word' id='word_1_586' title='bbox 1560 1527 1630 1561; x_wconf 78' lang='lat' dir='ltr'><strong>regis</strong></span> <span class='ocrx_word' id='word_1_587' title='bbox 1644 1534 1651 1553; x_wconf 86' lang='lat'><strong>:</strong></span> <span class='ocrx_word' id='word_1_588' title='bbox 1668 1532 1694 1553; x_wconf 86' lang='lat' dir='ltr'><strong>et</strong></span> <span class='ocrx_word' id='word_1_589' title='bbox 1711 1527 1764 1553; x_wconf 86' lang='lat' dir='ltr'><strong>sic-</strong></span> 
     </span>
    </p>
   </div>
   <div class='ocr_carea' id='block_1_89' title="bbox 977 1569 1506 1605">
    <p class='ocr_par' dir='ltr' id='par_1_89' title="bbox 977 1569 1506 1605">
     <span class='ocr_line' id='line_1_89' title="bbox 977 1569 1506 1605; baseline 0.006 -10"><span class='ocrx_word' id='word_1_590' title='bbox 977 1573 1006 1595; x_wconf 96' lang='lat' dir='ltr'><strong>ut</strong></span> <span class='ocrx_word' id='word_1_591' title='bbox 1025 1569 1133 1601; x_wconf 74' lang='lat' dir='ltr'><strong>videris,</strong></span> <span class='ocrx_word' id='word_1_592' title='bbox 1152 1570 1235 1597; x_wconf 81' lang='lat' dir='ltr'><strong>facito</strong></span> <span class='ocrx_word' id='word_1_593' title='bbox 1252 1578 1313 1597; x_wconf 91' lang='lat' dir='ltr'><strong>cum</strong></span> <span class='ocrx_word' id='word_1_594' title='bbox 1334 1572 1424 1605; x_wconf 81' lang='lat' dir='ltr'><strong>pueris</strong></span> <span class='ocrx_word' id='word_1_595' title='bbox 1442 1573 1506 1598; x_wconf 87' lang='lat' dir='ltr'><strong>tuis.</strong></span> 
     </span>
    </p>
   </div>
   <div class='ocr_carea' id='block_1_90' title="bbox 1013 1659 1762 1694">
    <p class='ocr_par' dir='ltr' id='par_1_90' title="bbox 1013 1659 1762 1694">
     <span class='ocr_line' id='line_1_90' title="bbox 1013 1659 1762 1694; baseline 0.005 -8"><span class='ocrx_word' id='word_1_596' title='bbox 1013 1660 1054 1687; x_wconf 78' lang='lat' dir='ltr'><strong>M.</strong></span> <span class='ocrx_word' id='word_1_597' title='bbox 1077 1659 1109 1687; x_wconf 86' lang='lat' dir='ltr'><strong>Et</strong></span> <span class='ocrx_word' id='word_1_598' title='bbox 1119 1660 1258 1687; x_wconf 82' lang='lat' dir='ltr'><strong>exaudivit</strong></span> <span class='ocrx_word' id='word_1_599' title='bbox 1272 1668 1320 1690; x_wconf 89' lang='lat' dir='ltr'><strong>eos</strong></span> <span class='ocrx_word' id='word_1_600' title='bbox 1334 1661 1360 1688; x_wconf 96' lang='lat' dir='ltr'><strong>in</strong></span> <span class='ocrx_word' id='word_1_601' title='bbox 1378 1661 1461 1689; x_wconf 84' lang='lat' dir='ltr'><strong>verbo</strong></span> <span class='ocrx_word' id='word_1_602' title='bbox 1473 1661 1534 1694; x_wconf 83' lang='lat' dir='ltr'><strong>hoc,</strong></span> <span class='ocrx_word' id='word_1_603' title='bbox 1546 1666 1574 1690; x_wconf 85' lang='lat' dir='ltr'><strong>et</strong></span> <span class='ocrx_word' id='word_1_604' title='bbox 1588 1662 1701 1689; x_wconf 72' lang='lat' dir='ltr'><strong>tentavit</strong></span> <span class='ocrx_word' id='word_1_605' title='bbox 1714 1669 1762 1690; x_wconf 89' lang='lat' dir='ltr'><strong>eos</strong></span> 
     </span>
    </p>
   </div>
   <div class='ocr_carea' id='block_1_91' title="bbox 975 1705 1187 1734">
    <p class='ocr_par' dir='ltr' id='par_1_91' title="bbox 975 1705 1187 1734">
     <span class='ocr_line' id='line_1_91' title="bbox 975 1705 1187 1734; baseline -0.005 -1"><span class='ocrx_word' id='word_1_606' title='bbox 975 1705 1069 1734; x_wconf 81' lang='lat' dir='ltr'><strong>diebus</strong></span> <span class='ocrx_word' id='word_1_607' title='bbox 1085 1705 1187 1733; x_wconf 88' lang='lat' dir='ltr'><strong>decem.</strong></span> 
     </span>
    </p>
   </div>
   <div class='ocr_carea' id='block_1_92' title="bbox 1010 1752 1762 1789">
    <p class='ocr_par' dir='ltr' id='par_1_92' title="bbox 1010 1752 1762 1789">
     <span class='ocr_line' id='line_1_92' title="bbox 1010 1752 1762 1789; baseline 0.003 -10"><span class='ocrx_word' id='word_1_608' title='bbox 1010 1752 1053 1780; x_wconf 76' lang='grc'><strong>15.</strong></span> <span class='ocrx_word' id='word_1_609' title='bbox 1076 1753 1109 1780; x_wconf 83' lang='grc' dir='ltr'><strong>Ει</strong></span> <span class='ocrx_word' id='word_1_610' title='bbox 1125 1757 1186 1787; x_wconf 84' lang='lat' dir='ltr'><strong>post</strong></span> <span class='ocrx_word' id='word_1_611' title='bbox 1204 1752 1284 1780; x_wconf 86' lang='lat' dir='ltr'><strong>ﬁnem</strong></span> <span class='ocrx_word' id='word_1_612' title='bbox 1313 1753 1405 1780; x_wconf 83' lang='lat' dir='ltr'><strong>decem</strong></span> <span class='ocrx_word' id='word_1_613' title='bbox 1435 1753 1552 1785; x_wconf 84' lang='lat' dir='ltr'><strong>dierum,</strong></span> <span class='ocrx_word' id='word_1_614' title='bbox 1578 1759 1762 1789; x_wconf 81' lang='lat' dir='ltr'><strong>apparuerunt</strong></span> 
     </span>
    </p>
   </div>
   <div class='ocr_carea' id='block_1_93' title="bbox 974 1798 1762 1835">
    <p class='ocr_par' dir='ltr' id='par_1_93' title="bbox 974 1798 1762 1835">
     <span class='ocr_line' id='line_1_93' title="bbox 974 1798 1762 1835; baseline 0.003 -10"><span class='ocrx_word' id='word_1_615' title='bbox 974 1798 1066 1826; x_wconf 85' lang='lat' dir='ltr'><strong>vultus</strong></span> <span class='ocrx_word' id='word_1_616' title='bbox 1082 1806 1176 1826; x_wconf 88' lang='lat' dir='ltr'><strong>eorum</strong></span> <span class='ocrx_word' id='word_1_617' title='bbox 1192 1799 1254 1826; x_wconf 89' lang='lat' dir='ltr'><strong>boni</strong></span> <span class='ocrx_word' id='word_1_618' title='bbox 1268 1807 1275 1832; x_wconf 84' lang='lat'><strong>;</strong></span> <span class='ocrx_word' id='word_1_619' title='bbox 1293 1803 1320 1827; x_wconf 88' lang='lat' dir='ltr'><strong>et</strong></span> <span class='ocrx_word' id='word_1_620' title='bbox 1336 1799 1386 1835; x_wconf 88' lang='lat' dir='ltr'><strong>ipsi</strong></span> <span class='ocrx_word' id='word_1_621' title='bbox 1405 1799 1511 1827; x_wconf 86' lang='lat' dir='ltr'><strong>robusti</strong></span> <span class='ocrx_word' id='word_1_622' title='bbox 1536 1801 1665 1828; x_wconf 84' lang='lat' dir='ltr'><strong>carnibus</strong></span> <span class='ocrx_word' id='word_1_623' title='bbox 1680 1808 1762 1835; x_wconf 80' lang='lat' dir='ltr'><strong>super</strong></span> 
     </span>
    </p>
   </div>
   <div class='ocr_carea' id='block_1_94' title="bbox 978 1845 1538 1881">
    <p class='ocr_par' dir='ltr' id='par_1_94' title="bbox 978 1845 1538 1881">
     <span class='ocr_line' id='line_1_94' title="bbox 978 1845 1538 1881; baseline 0.004 -10"><span class='ocrx_word' id='word_1_624' title='bbox 978 1845 1119 1879; x_wconf 86' lang='lat' dir='ltr'><strong>puerulos,</strong></span> <span class='ocrx_word' id='word_1_625' title='bbox 1135 1845 1180 1878; x_wconf 86' lang='lat' dir='ltr'><strong>qui</strong></span> <span class='ocrx_word' id='word_1_626' title='bbox 1197 1845 1314 1873; x_wconf 84' lang='lat' dir='ltr'><strong>edebant</strong></span> <span class='ocrx_word' id='word_1_627' title='bbox 1329 1853 1450 1873; x_wconf 85' lang='lat' dir='ltr'><strong>mensam</strong></span> <span class='ocrx_word' id='word_1_628' title='bbox 1466 1846 1538 1881; x_wconf 78' lang='lat' dir='ltr'><strong>regis</strong></span> 
     </span>
    </p>
   </div>
   <div class='ocr_carea' id='block_1_95' title="bbox 1009 1932 1760 1967">
    <p class='ocr_par' dir='ltr' id='par_1_95' title="bbox 1009 1932 1760 1967">
     <span class='ocr_line' id='line_1_95' title="bbox 1009 1932 1760 1967; baseline 0.003 -8"><span class='ocrx_word' id='word_1_629' title='bbox 1009 1932 1052 1960; x_wconf 74' lang='grc'><strong>16.</strong></span> <span class='ocrx_word' id='word_1_630' title='bbox 1074 1932 1106 1960; x_wconf 76' lang='lat' dir='ltr'><strong>Et</strong></span> <span class='ocrx_word' id='word_1_631' title='bbox 1121 1933 1171 1960; x_wconf 90' lang='lat' dir='ltr'><strong>I&#39;uit</strong></span> <span class='ocrx_word' id='word_1_632' title='bbox 1186 1932 1338 1960; x_wconf 86' lang='lat' dir='ltr'><strong>Amellasar</strong></span> <span class='ocrx_word' id='word_1_633' title='bbox 1367 1933 1464 1961; x_wconf 86' lang='lat' dir='ltr'><strong>tollens</strong></span> <span class='ocrx_word' id='word_1_634' title='bbox 1494 1933 1584 1961; x_wconf 87' lang='lat' dir='ltr'><strong>cibum</strong></span> <span class='ocrx_word' id='word_1_635' title='bbox 1610 1942 1714 1967; x_wconf 76' lang='lat' dir='ltr'><strong>eorum,</strong></span> <span class='ocrx_word' id='word_1_636' title='bbox 1733 1939 1760 1962; x_wconf 85' lang='lat' dir='ltr'><strong>et</strong></span> 
     </span>
    </p>
   </div>
   <div class='ocr_carea' id='block_1_96' title="bbox 973 1979 1635 2015">
    <p class='ocr_par' dir='ltr' id='par_1_96' title="bbox 973 1979 1635 2015">
     <span class='ocr_line' id='line_1_96' title="bbox 973 1979 1635 2015; baseline 0.002 -9"><span class='ocrx_word' id='word_1_637' title='bbox 973 1979 1066 2006; x_wconf 78' lang='lat' dir='ltr'><strong>vinum</strong></span> <span class='ocrx_word' id='word_1_638' title='bbox 1084 1984 1166 2014; x_wconf 79' lang='lat' dir='ltr'><strong>potus</strong></span> <span class='ocrx_word' id='word_1_639' title='bbox 1183 1986 1288 2012; x_wconf 85' lang='lat' dir='ltr'><strong>eorum,</strong></span> <span class='ocrx_word' id='word_1_640' title='bbox 1303 1983 1330 2006; x_wconf 91' lang='lat' dir='ltr'><strong>et</strong></span> <span class='ocrx_word' id='word_1_641' title='bbox 1343 1979 1425 2006; x_wconf 81' lang='lat' dir='ltr'><strong>dabat</strong></span> <span class='ocrx_word' id='word_1_642' title='bbox 1435 1979 1475 2007; x_wconf 84' lang='lat' dir='ltr'><strong>eis</strong></span> <span class='ocrx_word' id='word_1_643' title='bbox 1488 1979 1635 2015; x_wconf 77' lang='lat' dir='ltr'><strong>legumina.</strong></span> 
     </span>
    </p>
   </div>
   <div class='ocr_carea' id='block_1_97' title="bbox 1008 2066 1758 2101">
    <p class='ocr_par' dir='ltr' id='par_1_97' title="bbox 1008 2066 1758 2101">
     <span class='ocr_line' id='line_1_97' title="bbox 1008 2066 1758 2101; baseline 0.001 -8"><span class='ocrx_word' id='word_1_644' title='bbox 1008 2067 1050 2093; x_wconf 85' lang='grc' dir='ltr'><strong>ΙῚ.</strong></span> <span class='ocrx_word' id='word_1_645' title='bbox 1074 2066 1105 2093; x_wconf 83' lang='lat' dir='ltr'><strong>Et</strong></span> <span class='ocrx_word' id='word_1_646' title='bbox 1121 2067 1241 2101; x_wconf 79' lang='lat' dir='ltr'><strong>puerulis</strong></span> <span class='ocrx_word' id='word_1_647' title='bbox 1255 2071 1372 2101; x_wconf 86' lang='lat' dir='ltr'><strong>quatuor</strong></span> <span class='ocrx_word' id='word_1_648' title='bbox 1401 2067 1475 2094; x_wconf 82' lang='lat' dir='ltr'><strong>dedit</strong></span> <span class='ocrx_word' id='word_1_649' title='bbox 1502 2067 1542 2094; x_wconf 88' lang='lat' dir='ltr'><strong>eis</strong></span> <span class='ocrx_word' id='word_1_650' title='bbox 1557 2066 1628 2094; x_wconf 85' lang='lat' dir='ltr'><strong>Deus</strong></span> <span class='ocrx_word' id='word_1_651' title='bbox 1654 2067 1758 2095; x_wconf 75' lang='lat' dir='ltr'><strong>intelle-</strong></span> 
     </span>
    </p>
   </div>
   <div class='ocr_carea' id='block_1_98' title="bbox 972 2112 1758 2149">
    <p class='ocr_par' dir='ltr' id='par_1_98' title="bbox 972 2112 1758 2149">
     <span class='ocr_line' id='line_1_98' title="bbox 972 2112 1758 2149; baseline 0.003 -10"><span class='ocrx_word' id='word_1_652' title='bbox 972 2116 1044 2139; x_wconf 87' lang='lat' dir='ltr'><strong>ctum</strong></span> <span class='ocrx_word' id='word_1_653' title='bbox 1061 2117 1087 2139; x_wconf 89' lang='lat' dir='ltr'><strong>et</strong></span> <span class='ocrx_word' id='word_1_654' title='bbox 1103 2112 1274 2147; x_wconf 87' lang='lat' dir='ltr'><strong>prudentiam</strong></span> <span class='ocrx_word' id='word_1_655' title='bbox 1297 2112 1325 2139; x_wconf 92' lang='lat' dir='ltr'><strong>in</strong></span> <span class='ocrx_word' id='word_1_656' title='bbox 1343 2113 1418 2139; x_wconf 89' lang='lat' dir='ltr'><strong>omni</strong></span> <span class='ocrx_word' id='word_1_657' title='bbox 1434 2113 1573 2140; x_wconf 87' lang='lat' dir='ltr'><strong>literatura</strong></span> <span class='ocrx_word' id='word_1_658' title='bbox 1585 2134 1592 2146; x_wconf 89' lang='lat'><strong>,</strong></span> <span class='ocrx_word' id='word_1_659' title='bbox 1611 2118 1637 2141; x_wconf 93' lang='lat' dir='ltr'><strong>et</strong></span> <span class='ocrx_word' id='word_1_660' title='bbox 1652 2115 1758 2149; x_wconf 87' lang='lat' dir='ltr'><strong>sapien-</strong></span> 
     </span>
    </p>
   </div>
   <div class='ocr_carea' id='block_1_99' title="bbox 972 2158 1757 2190">
    <p class='ocr_par' dir='ltr' id='par_1_99' title="bbox 972 2158 1757 2190">
     <span class='ocr_line' id='line_1_99' title="bbox 972 2158 1757 2190; baseline 0.003 -5"><span class='ocrx_word' id='word_1_661' title='bbox 972 2159 1028 2190; x_wconf 86' lang='lat' dir='ltr'><strong>tia;</strong></span> <span class='ocrx_word' id='word_1_662' title='bbox 1044 2163 1070 2185; x_wconf 87' lang='lat' dir='ltr'><strong>et</strong></span> <span class='ocrx_word' id='word_1_663' title='bbox 1094 2158 1190 2185; x_wconf 82' lang='lat' dir='ltr'><strong>Daniel</strong></span> <span class='ocrx_word' id='word_1_664' title='bbox 1216 2158 1348 2185; x_wconf 75' lang='lat' dir='ltr'><strong>intellexit</strong></span> <span class='ocrx_word' id='word_1_665' title='bbox 1381 2159 1407 2184; x_wconf 91' lang='lat' dir='ltr'><strong>in</strong></span> <span class='ocrx_word' id='word_1_666' title='bbox 1423 2159 1497 2186; x_wconf 91' lang='lat' dir='ltr'><strong>omni</strong></span> <span class='ocrx_word' id='word_1_667' title='bbox 1516 2159 1622 2187; x_wconf 87' lang='lat' dir='ltr'><strong>visione</strong></span> <span class='ocrx_word' id='word_1_668' title='bbox 1641 2165 1668 2187; x_wconf 91' lang='lat' dir='ltr'><strong>et</strong></span> <span class='ocrx_word' id='word_1_669' title='bbox 1685 2168 1757 2187; x_wconf 84' lang='lat' dir='ltr'><strong>sont-</strong></span> 
     </span>
    </p>
   </div>
   <div class='ocr_carea' id='block_1_100' title="bbox 936 2204 1036 2239">
    <p class='ocr_par' dir='ltr' id='par_1_100' title="bbox 936 2204 1036 2239">
     <span class='ocr_line' id='line_1_100' title="bbox 936 2204 1036 2239; baseline -0.02 -6"><span class='ocrx_word' id='word_1_670' title='bbox 936 2211 958 2239; x_wconf 86' lang='lat' dir='ltr'><strong>D</strong></span> <span class='ocrx_word' id='word_1_671' title='bbox 973 2204 1036 2233; x_wconf 78' lang='lat' dir='ltr'><strong>uiis.</strong></span> 
     </span>
    </p>
   </div>
   <div class='ocr_carea' id='block_1_101' title="bbox 1007 2248 1756 2285">
    <p class='ocr_par' dir='ltr' id='par_1_101' title="bbox 1007 2248 1756 2285">
     <span class='ocr_line' id='line_1_101' title="bbox 1007 2248 1756 2285; baseline 0.004 -9"><span class='ocrx_word' id='word_1_672' title='bbox 1007 2249 1052 2276; x_wconf 79' lang='grc'><strong>18.</strong></span> <span class='ocrx_word' id='word_1_673' title='bbox 1073 2248 1107 2276; x_wconf 82' lang='grc' dir='ltr'><strong>Ει</strong></span> <span class='ocrx_word' id='word_1_674' title='bbox 1123 2255 1184 2284; x_wconf 88' lang='lat' dir='ltr'><strong>post</strong></span> <span class='ocrx_word' id='word_1_675' title='bbox 1198 2249 1277 2277; x_wconf 82' lang='lat' dir='ltr'><strong>ﬁnem</strong></span> <span class='ocrx_word' id='word_1_676' title='bbox 1299 2249 1404 2277; x_wconf 86' lang='lat' dir='ltr'><strong>dierum</strong></span> <span class='ocrx_word' id='word_1_677' title='bbox 1422 2269 1430 2282; x_wconf 90' lang='lat'><strong>,</strong></span> <span class='ocrx_word' id='word_1_678' title='bbox 1452 2251 1563 2285; x_wconf 78' lang='lat' dir='ltr'><strong>quando</strong></span> <span class='ocrx_word' id='word_1_679' title='bbox 1589 2251 1694 2278; x_wconf 77' lang='lat' dir='ltr'><strong>dixerat</strong></span> <span class='ocrx_word' id='word_1_680' title='bbox 1711 2260 1756 2279; x_wconf 70' lang='lat' dir='ltr'><strong>rex</strong></span> 
     </span>
    </p>
   </div>
   <div class='ocr_carea' id='block_1_102' title="bbox 971 2295 1758 2332">
    <p class='ocr_par' dir='ltr' id='par_1_102' title="bbox 971 2295 1758 2332">
     <span class='ocr_line' id='line_1_102' title="bbox 971 2295 1758 2332; baseline 0.003 -10"><span class='ocrx_word' id='word_1_681' title='bbox 971 2295 1107 2323; x_wconf 83' lang='lat' dir='ltr'><strong>introduci</strong></span> <span class='ocrx_word' id='word_1_682' title='bbox 1119 2303 1178 2327; x_wconf 88' lang='lat' dir='ltr'><strong>eos,</strong></span> <span class='ocrx_word' id='word_1_683' title='bbox 1193 2301 1220 2323; x_wconf 89' lang='lat' dir='ltr'><strong>et</strong></span> <span class='ocrx_word' id='word_1_684' title='bbox 1242 2296 1393 2323; x_wconf 80' lang='lat' dir='ltr'><strong>introduxit</strong></span> <span class='ocrx_word' id='word_1_685' title='bbox 1413 2304 1460 2324; x_wconf 87' lang='lat' dir='ltr'><strong>eos</strong></span> <span class='ocrx_word' id='word_1_686' title='bbox 1484 2299 1646 2332; x_wconf 67' lang='lat' dir='ltr'><strong>pra&#39;positus</strong></span> <span class='ocrx_word' id='word_1_687' title='bbox 1670 2306 1758 2325; x_wconf 87' lang='lat' dir='ltr'><strong>cunu-</strong></span> 
     </span>
    </p>
   </div>
   <div class='ocr_carea' id='block_1_103' title="bbox 971 2341 1576 2377">
    <p class='ocr_par' dir='ltr' id='par_1_103' title="bbox 971 2341 1576 2377">
     <span class='ocr_line' id='line_1_103' title="bbox 971 2341 1576 2377; baseline 0.003 -9"><span class='ocrx_word' id='word_1_688' title='bbox 971 2341 1084 2369; x_wconf 79' lang='lat' dir='ltr'><strong>chorum</strong></span> <span class='ocrx_word' id='word_1_689' title='bbox 1100 2342 1128 2369; x_wconf 92' lang='lat' dir='ltr'><strong>in</strong></span> <span class='ocrx_word' id='word_1_690' title='bbox 1145 2347 1293 2377; x_wconf 86' lang='lat' dir='ltr'><strong>conspectu</strong></span> <span class='ocrx_word' id='word_1_691' title='bbox 1317 2341 1576 2371; x_wconf 83' lang='lat' dir='ltr'><strong>Nabuchodonosor.</strong></span> 
     </span>
    </p>
   </div>
   <div class='ocr_carea' id='block_1_104' title="bbox 1006 2387 1756 2423">
    <p class='ocr_par' dir='ltr' id='par_1_104' title="bbox 1006 2387 1756 2423">
     <span class='ocr_line' id='line_1_104' title="bbox 1006 2387 1756 2423; baseline 0.003 -9"><span class='ocrx_word' id='word_1_692' title='bbox 1006 2388 1050 2415; x_wconf 77' lang='grc'><strong>19.</strong></span> <span class='ocrx_word' id='word_1_693' title='bbox 1071 2387 1104 2415; x_wconf 84' lang='lat' dir='ltr'><strong>Et</strong></span> <span class='ocrx_word' id='word_1_694' title='bbox 1118 2388 1250 2423; x_wconf 90' lang='lat' dir='ltr'><strong>loquutus</strong></span> <span class='ocrx_word' id='word_1_695' title='bbox 1263 2393 1305 2415; x_wconf 89' lang='lat' dir='ltr'><strong>est</strong></span> <span class='ocrx_word' id='word_1_696' title='bbox 1319 2397 1381 2416; x_wconf 88' lang='lat' dir='ltr'><strong>cttm</strong></span> <span class='ocrx_word' id='word_1_697' title='bbox 1394 2389 1434 2416; x_wconf 88' lang='lat' dir='ltr'><strong>eis</strong></span> <span class='ocrx_word' id='word_1_698' title='bbox 1450 2397 1509 2422; x_wconf 83' lang='lat' dir='ltr'><strong>rex,</strong></span> <span class='ocrx_word' id='word_1_699' title='bbox 1525 2393 1553 2417; x_wconf 86' lang='lat' dir='ltr'><strong>et</strong></span> <span class='ocrx_word' id='word_1_700' title='bbox 1567 2397 1620 2417; x_wconf 91' lang='lat' dir='ltr'><strong>non</strong></span> <span class='ocrx_word' id='word_1_701' title='bbox 1635 2394 1698 2416; x_wconf 91' lang='lat' dir='ltr'><strong>sunt</strong></span> <span class='ocrx_word' id='word_1_702' title='bbox 1713 2389 1756 2416; x_wconf 78' lang='lat' dir='ltr'><strong>in—</strong></span> 
     </span>
    </p>
   </div>
   <div class='ocr_carea' id='block_1_105' title="bbox 970 2433 1754 2468">
    <p class='ocr_par' dir='ltr' id='par_1_105' title="bbox 970 2433 1754 2468">
     <span class='ocr_line' id='line_1_105' title="bbox 970 2433 1754 2468; baseline 0.004 -9"><span class='ocrx_word' id='word_1_703' title='bbox 970 2433 1043 2460; x_wconf 88' lang='lat' dir='ltr'><strong>venti</strong></span> <span class='ocrx_word' id='word_1_704' title='bbox 1059 2433 1092 2460; x_wconf 89' lang='lat' dir='ltr'><strong>de</strong></span> <span class='ocrx_word' id='word_1_705' title='bbox 1109 2434 1245 2461; x_wconf 79' lang='lat' dir='ltr'><strong>universis</strong></span> <span class='ocrx_word' id='word_1_706' title='bbox 1262 2434 1328 2468; x_wconf 88' lang='lat' dir='ltr'><strong>ipsis</strong></span> <span class='ocrx_word' id='word_1_707' title='bbox 1344 2435 1448 2462; x_wconf 88' lang='lat' dir='ltr'><strong>similes</strong></span> <span class='ocrx_word' id='word_1_708' title='bbox 1467 2435 1581 2467; x_wconf 85' lang='lat' dir='ltr'><strong>Danieli,</strong></span> <span class='ocrx_word' id='word_1_709' title='bbox 1595 2441 1620 2463; x_wconf 90' lang='lat' dir='ltr'><strong>et</strong></span> <span class='ocrx_word' id='word_1_710' title='bbox 1632 2435 1754 2468; x_wconf 74' lang='lat' dir='ltr'><strong>Ananize,</strong></span> 
     </span>
    </p>
   </div>
   <div class='ocr_carea' id='block_1_106' title="bbox 970 2479 1754 2516">
    <p class='ocr_par' dir='ltr' id='par_1_106' title="bbox 970 2479 1754 2516">
     <span class='ocr_line' id='line_1_106' title="bbox 970 2479 1754 2516; baseline 0.004 -11"><span class='ocrx_word' id='word_1_711' title='bbox 970 2483 997 2506; x_wconf 86' lang='lat' dir='ltr'><strong>et</strong></span> <span class='ocrx_word' id='word_1_712' title='bbox 1015 2479 1128 2512; x_wconf 73' lang='lat' dir='ltr'><strong>Azarite,</strong></span> <span class='ocrx_word' id='word_1_713' title='bbox 1148 2483 1175 2506; x_wconf 85' lang='lat' dir='ltr'><strong>et</strong></span> <span class='ocrx_word' id='word_1_714' title='bbox 1189 2479 1300 2507; x_wconf 75' lang='lat' dir='ltr'><strong>illisae]:</strong></span> <span class='ocrx_word' id='word_1_715' title='bbox 1316 2485 1342 2508; x_wconf 91' lang='lat' dir='ltr'><strong>et</strong></span> <span class='ocrx_word' id='word_1_716' title='bbox 1356 2484 1488 2508; x_wconf 87' lang='lat' dir='ltr'><strong>steterunt</strong></span> <span class='ocrx_word' id='word_1_717' title='bbox 1505 2481 1532 2508; x_wconf 92' lang='lat' dir='ltr'><strong>in</strong></span> <span class='ocrx_word' id='word_1_718' title='bbox 1547 2486 1693 2516; x_wconf 85' lang='lat' dir='ltr'><strong>conspectu</strong></span> <span class='ocrx_word' id='word_1_719' title='bbox 1710 2489 1754 2508; x_wconf 86' lang='lat' dir='ltr'><strong>re-</strong></span> 
     </span>
    </p>
   </div>
   <div class='ocr_carea' id='block_1_107' title="bbox 970 2524 1021 2559">
    <p class='ocr_par' dir='ltr' id='par_1_107' title="bbox 970 2524 1021 2559">
     <span class='ocr_line' id='line_1_107' title="bbox 970 2524 1021 2559; baseline 0 -8"><span class='ocrx_word' id='word_1_720' title='bbox 970 2524 1021 2559; x_wconf 71' lang='lat' dir='ltr'><strong>gis.</strong></span> 
     </span>
    </p>
   </div>
   <div class='ocr_carea' id='block_1_108' title="bbox 1004 2567 1754 2605">
    <p class='ocr_par' dir='ltr' id='par_1_108' title="bbox 1004 2567 1754 2605">
     <span class='ocr_line' id='line_1_108' title="bbox 1004 2567 1754 2605; baseline 0.009 -11"><span class='ocrx_word' id='word_1_721' title='bbox 1004 2567 1048 2595; x_wconf 79' lang='lat'><strong>20.</strong></span> <span class='ocrx_word' id='word_1_722' title='bbox 1071 2567 1103 2596; x_wconf 86' lang='lat' dir='ltr'><strong>Et</strong></span> <span class='ocrx_word' id='word_1_723' title='bbox 1124 2568 1151 2596; x_wconf 89' lang='lat' dir='ltr'><strong>in</strong></span> <span class='ocrx_word' id='word_1_724' title='bbox 1175 2569 1249 2596; x_wconf 89' lang='lat' dir='ltr'><strong>omni</strong></span> <span class='ocrx_word' id='word_1_725' title='bbox 1268 2570 1350 2598; x_wconf 89' lang='lat' dir='ltr'><strong>verbo</strong></span> <span class='ocrx_word' id='word_1_726' title='bbox 1373 2571 1512 2605; x_wconf 63' lang='lat' dir='ltr'><strong>sapientiae</strong></span> <span class='ocrx_word' id='word_1_727' title='bbox 1530 2575 1555 2598; x_wconf 89' lang='lat' dir='ltr'><strong>et</strong></span> <span class='ocrx_word' id='word_1_728' title='bbox 1573 2572 1703 2605; x_wconf 62' lang='lat' dir='ltr'><strong>scientias,</strong></span> <span class='ocrx_word' id='word_1_729' title='bbox 1721 2573 1754 2601; x_wconf 88' lang='lat' dir='ltr'><strong>de</strong></span> 
     </span>
    </p>
   </div>
   <div class='ocr_carea' id='block_1_109' title="bbox 970 2614 1755 2649">
    <p class='ocr_par' dir='ltr' id='par_1_109' title="bbox 970 2614 1755 2649">
     <span class='ocr_line' id='line_1_109' title="bbox 970 2614 1755 2649; baseline 0.008 -9"><span class='ocrx_word' id='word_1_730' title='bbox 970 2614 1069 2648; x_wconf 90' lang='lat' dir='ltr'><strong>quibus</strong></span> <span class='ocrx_word' id='word_1_731' title='bbox 1088 2615 1246 2643; x_wconf 81' lang='lat' dir='ltr'><strong>sciscitatus</strong></span> <span class='ocrx_word' id='word_1_732' title='bbox 1261 2617 1347 2644; x_wconf 76' lang='lat' dir='ltr'><strong>estalt</strong></span> <span class='ocrx_word' id='word_1_733' title='bbox 1361 2617 1402 2645; x_wconf 88' lang='lat' dir='ltr'><strong>eis</strong></span> <span class='ocrx_word' id='word_1_734' title='bbox 1433 2625 1491 2649; x_wconf 85' lang='lat' dir='ltr'><strong>rex,</strong></span> <span class='ocrx_word' id='word_1_735' title='bbox 1520 2617 1623 2646; x_wconf 86' lang='lat' dir='ltr'><strong>invenit</strong></span> <span class='ocrx_word' id='word_1_736' title='bbox 1636 2626 1683 2646; x_wconf 81' lang='lat' dir='ltr'><strong>eos</strong></span> <span class='ocrx_word' id='word_1_737' title='bbox 1707 2619 1755 2646; x_wconf 85' lang='lat' dir='ltr'><strong>de—</strong></span> 
     </span>
    </p>
   </div>
   <div class='ocr_carea' id='block_1_110' title="bbox 970 2659 1755 2696">
    <p class='ocr_par' dir='ltr' id='par_1_110' title="bbox 970 2659 1755 2696">
     <span class='ocr_line' id='line_1_110' title="bbox 970 2659 1755 2696; baseline 0.009 -11"><span class='ocrx_word' id='word_1_738' title='bbox 970 2659 1051 2693; x_wconf 87' lang='lat' dir='ltr'><strong>cuplo</strong></span> <span class='ocrx_word' id='word_1_739' title='bbox 1076 2659 1212 2694; x_wconf 86' lang='lat' dir='ltr'><strong>potiores,</strong></span> <span class='ocrx_word' id='word_1_740' title='bbox 1243 2669 1298 2696; x_wconf 78' lang='lat' dir='ltr'><strong>prae</strong></span> <span class='ocrx_word' id='word_1_741' title='bbox 1328 2662 1455 2690; x_wconf 85' lang='lat' dir='ltr'><strong>omnibus</strong></span> <span class='ocrx_word' id='word_1_742' title='bbox 1484 2664 1700 2691; x_wconf 80' lang='lat' dir='ltr'><strong>incantatoribus</strong></span> <span class='ocrx_word' id='word_1_743' title='bbox 1728 2669 1755 2692; x_wconf 77' lang='lat' dir='ltr'><strong>ot</strong></span> 
     </span>
    </p>
   </div>
   <div class='ocr_carea' id='block_1_111' title="bbox 962 2705 1596 2745">
    <p class='ocr_par' dir='ltr' id='par_1_111' title="bbox 962 2705 1596 2745">
     <span class='ocr_line' id='line_1_111' title="bbox 962 2705 1596 2745; baseline 0.009 -14"><span class='ocrx_word' id='word_1_744' title='bbox 962 2705 1067 2740; x_wconf 74' lang='lat' dir='ltr'><strong>magis,</strong></span> <span class='ocrx_word' id='word_1_745' title='bbox 1083 2705 1130 2740; x_wconf 89' lang='lat' dir='ltr'><strong>qui</strong></span> <span class='ocrx_word' id='word_1_746' title='bbox 1149 2712 1225 2734; x_wconf 88' lang='lat' dir='ltr'><strong>erant</strong></span> <span class='ocrx_word' id='word_1_747' title='bbox 1243 2708 1269 2734; x_wconf 93' lang='lat' dir='ltr'><strong>in</strong></span> <span class='ocrx_word' id='word_1_748' title='bbox 1285 2708 1412 2736; x_wconf 83' lang='lat' dir='ltr'><strong>universo</strong></span> <span class='ocrx_word' id='word_1_749' title='bbox 1427 2716 1512 2744; x_wconf 73' lang='lat' dir='ltr'><strong>regno</strong></span> <span class='ocrx_word' id='word_1_750' title='bbox 1527 2709 1596 2745; x_wconf 77' lang='lat' dir='ltr'><strong>ejus.</strong></span> 
     </span>
    </p>
   </div>
   <div class='ocr_carea' id='block_1_112' title="bbox 1004 2795 1752 2836">
    <p class='ocr_par' dir='ltr' id='par_1_112' title="bbox 1004 2795 1752 2836">
     <span class='ocr_line' id='line_1_112' title="bbox 1004 2795 1752 2836; baseline 0.009 -15"><span class='ocrx_word' id='word_1_751' title='bbox 1004 2795 1049 2822; x_wconf 76' lang='grc'><strong>21.</strong></span> <span class='ocrx_word' id='word_1_752' title='bbox 1071 2795 1102 2823; x_wconf 84' lang='lat' dir='ltr'><strong>Et</strong></span> <span class='ocrx_word' id='word_1_753' title='bbox 1121 2795 1171 2824; x_wconf 78' lang='lat' dir='ltr'><strong>fuit</strong></span> <span class='ocrx_word' id='word_1_754' title='bbox 1185 2796 1278 2827; x_wconf 83' lang='lat' dir='ltr'><strong>Daniel</strong></span> <span class='ocrx_word' id='word_1_755' title='bbox 1308 2808 1394 2835; x_wconf 89' lang='lat' dir='ltr'><strong>usque</strong></span> <span class='ocrx_word' id='word_1_756' title='bbox 1417 2801 1450 2828; x_wconf 91' lang='lat' dir='ltr'><strong>ad</strong></span> <span class='ocrx_word' id='word_1_757' title='bbox 1470 2807 1571 2829; x_wconf 87' lang='lat' dir='ltr'><strong>annum</strong></span> <span class='ocrx_word' id='word_1_758' title='bbox 1593 2808 1677 2829; x_wconf 88' lang='lat' dir='ltr'><strong>unum</strong></span> <span class='ocrx_word' id='word_1_759' title='bbox 1690 2801 1752 2836; x_wconf 73' lang='lat' dir='ltr'><strong>Cyri</strong></span> 
     </span>
    </p>
   </div>
   <div class='ocr_carea' id='block_1_113' title="bbox 971 2847 1051 2876">
    <p class='ocr_par' dir='ltr' id='par_1_113' title="bbox 971 2847 1051 2876">
     <span class='ocr_line' id='line_1_113' title="bbox 971 2847 1051 2876; baseline 0.013 -10"><span class='ocrx_word' id='word_1_760' title='bbox 971 2847 1051 2876; x_wconf 64' lang='lat' dir='ltr'><strong>regis.</strong></span> 
     </span>
    </p>
   </div>
  </div>
