1967 3079
221 117 254 144 9.8
262 117 291 143 Η

528 174 645 202 CAPUT
664 174 696 201 ll.

254 219 279 246 ί.
297 219 326 246 lu
340 227 412 247 anno
429 221 549 248 secundo
563 221 637 255 regni
654 219 916 251 Nabuchodonosor,
932 227 1004 247 smn-

217 266 302 293 uiavit
316 265 571 294 Nabuchodonosor
583 267 732 298 somnium,
746 271 772 293 et
793 265 933 301 obstupuit
950 267 1005 301 spi-

216 312 286 338 ritus
302 312 373 346 ejus,
390 316 416 339 et
434 320 547 339 somnus
563 312 622 346 ejus
637 311 752 339 recessit
765 312 852 338 abeo.

249 401 275 428 '2.
297 401 328 428 Et
341 401 409 428 dixit
425 409 481 431 rex,
499 406 526 428 ut
542 405 671 428 vocarent
687 401 799 434 ariolos,
817 405 843 428 ct
861 409 964 437 magos.
976 405 1003 429 et

215 448 398 479 maleﬁcos,“
412 447 553 474 Chaldaeos
570 447 602 473 ad
617 447 835 474 annuntiandum
855 447 911 482 regi
927 455 1003 474 som-

214 493 288 519 nium
304 492 372 527 ejus.
395 492 428 519 Et
452 492 570 527 ingressi
596 497 679 524 sunt,
698 497 724 520 et
747 496 880 520 steterunt
909 500 1001 520 coram

212 545 285 573 rege.

246 632 273 659 5.
294 629 325 657 Et
344 630 412 658 dixit
429 630 470 657 eis
487 638 533 657 rex
553 638 560 656 ι
587 629 726 657 Somniavi
748 629 896 660 somnium.
912 634 939 657 et
953 629 1002 657 ob—

212 675 318 709 stupuit
329 675 444 710 spiritus
461 682 538 702 meus
561 674 596 701 ad
613 675 834 709 cognoscendum
851 675 998 702 somnium.

244 765 269 791 4.
293 764 324 792 Et
337 763 442 799 loquuti
454 768 518 791 sunt
533 763 653 791 Chaldaei
667 764 723 799 regi
738 763 847 799 Syriacc
865 785 871 791 .
890 762 958 795 Rex.
972 764 999 791 in

210 810 407 845 sempiternum
422 810 502 842 vive;
519 814 547 836 tu
564 809 608 836 dic
628 810 764 837 somnium
781 811 872 845 pueris
894 810 958 843 tuis,
972 814 1000 838 ct

211 857 462 892 interpretationem
475 856 534 890 ejus
546 855 740 883 indicabimus.

244 946 270 972 5.
293 945 442 977 Respondit
455 953 513 978 rex,
529 949 556 971 et
573 945 642 972 dixit
657 945 791 972 Chaldaeis
814 953 821 971 :
841 944 938 972 Sermo
955 953 997 973 rc-

207 992 291 1019 ccssit
304 999 371 1018 ante
382 1000 389 1024 ;
400 991 450 1018 nisi
465 991 546 1027 igitur
558 991 742 1019 indieaveritis
759 991 824 1018 mihi
847 992 996 1024 somnium,

207 1041 233 1064 et
247 1037 432 1071 conjecturam
445 1037 517 1071 ejus,
531 1037 558 1064 in
570 1037 749 1072 perditionem
763 1037 851 1070 eritis,
864 1037 997 1065 etdomus

206 1089 305 1112 vestrm
321 1084 496 1119 diripientur.

244 1129 271 1156 6.
293 1129 321 1157 Si
337 1135 429 1157 autem
445 1130 582 1158 somnium
600 1135 627 1158 et
647 1131 833 1166 conjecturam
849 1131 910 1165 ejus
926 1131 997 1158 indi-

206 1175 333 1202 caveritis
352 1174 432 1209 mihi,
448 1175 569 1210 praamia,
585 1180 613 1202 et
631 1176 712 1208 dona,
731 1180 758 1203 et
778 1176 894 1202 multum
907 1177 995 1203 hono-

207 1229 263 1248 rem
282 1221 423 1256 accipietis
437 1229 452 1248 a
471 1229 514 1249 me
536 1230 542 1248 :
560 1225 679 1249 ceterum
697 1222 833 1249 somnium
853 1227 880 1249 et
901 1223 995 1258 conje-

206 1272 312 1294 cturam
330 1266 389 1301 ejus
403 1266 520 1293 indicate
536 1266 614 1293 mihi.

243 1312 269 1338 7.
281 1311 491 1346 Responderunt
503 1311 636 1343 secundo,
653 1315 679 1338 et
695 1310 824 1338 dixerunt
836 1311 891 1346 regi
906 1320 913 1338 ;
926 1310 994 1343 Rex,

206 1357 251 1385 die
265 1358 404 1385 somnium
418 1362 493 1384 tuum
508 1357 601 1392 pueris
618 1356 683 1389 tuis,
699 1362 726 1384 et
742 1356 994 1391 interpretationem

206 1405 265 1441 ejus
280 1406 472 1433 indicabimus.

242 1454 270 1481 8.
290 1453 323 1480 Et
337 1453 547 1488 respouditrex,
567 1452 691 1480 etdixit:
722 1451 751 1478 In
781 1451 893 1479 veritate
919 1452 992 1484 novi,

206 1501 278 1534 quod
294 1505 401 1535 tempus
419 1507 467 1528 vos
482 1499 634 1530 redimitis,
658 1499 808 1527 secundum
832 1499 905 1533 quod
917 1499 994 1526 novi-

205 1547 266 1579 stis,
280 1547 344 1582 quia
358 1545 471 1574 recessit
482 1553 498 1573 a
513 1553 556 1573 me
570 1545 693 1572 verbum.

240 1593 266 1622 9.
288 1593 317 1619 Si
333 1599 398 1628 ergo
413 1592 551 1620 somnium
564 1599 618 1619 non
647 1591 833 1618 indicaveritis
849 1591 926 1623 mihi,
941 1598 994 1618 una

205 1642 246 1666 est
263 1638 401 1666 sententia
415 1642 517 1671 vestra,
528 1643 555 1664 et
569 1636 643 1670 novi,
665 1637 729 1671 quia
750 1637 865 1664 verbum
893 1636 994 1664 falsum

205 1689 232 1711 et
243 1689 401 1718 corruptum
418 1683 499 1711 simul
520 1683 621 1710 dicturi
637 1684 703 1710 estis
719 1690 812 1710 coram
831 1691 887 1714 me,
907 1683 995 1711 donec

205 1735 313 1764 tempus
329 1733 509 1764 pertranseat.
537 1729 679 1755 Somnium
705 1736 796 1756 meum
813 1729 896 1756 dicite
914 1730 992 1762 mibi,

206 1781 233 1802 ct
246 1775 344 1807 sciam,
357 1775 421 1809 quia
435 1775 516 1802 etiam
541 1774 790 1807 interpretationem
814 1776 874 1810 ejus
891 1775 995 1802 indica-

207 1823 271 1851 bitis
289 1822 366 1849 mihi.

243 1868 287 1895 10.
309 1867 518 1902 Responderunt
533 1875 630 1895 rursus
646 1867 764 1895 Chaldaei
780 1875 873 1895 coram
885 1876 957 1904 rege,
968 1873 995 1896 et

207 1913 425 1951 dixeruntzNon
449 1918 491 1941 est
507 1914 589 1941 homo
609 1922 692 1949 super
714 1915 829 1947 aridam,
846 1915 892 1950 qui
910 1916 996 1950 possit

207 1965 301 1988 notum
317 1960 407 1988 facere
420 1961 531 1990 verbum
548 1962 637 1996 regis:
665 1961 735 1988 sicut
750 1962 840 1989 omnis
872 1970 918 1989 rex
935 1970 995 1989 ma-

207 2015 276 2042 gnus
292 2012 319 2034 ct
338 2007 465 2042 princeps
481 2007 593 2034 verbum
612 2007 769 2042 hujusmodi
792 2016 846 2036 non
870 2009 995 2037 sciscita-

208 2059 252 2080 tur
269 2053 301 2081 ab
314 2054 388 2081 omni
400 2053 495 2086 ariolo,
512 2062 602 2089 mago,
618 2060 643 2081 et
662 2054 798 2082 Chaldaeo.

242 2143 285 2170 ll.
307 2143 377 2176 Quia
390 2151 491 2176 sermo,
505 2151 585 2177 quem
600 2143 751 2178 interrogat
765 2151 823 2176 rex,
841 2145 932 2180 gravis
943 2149 994 2172 est:

757 111 884 138 DANIEL
903 109 1017 138 JUXTA
1037 109 1309 139 THEODOTIONEM

1778 117 1846 144 28H

1363 174 1489 201 ΚΕΦΑΑ.
1512 175 1548 202 B'.

1096 218 1121 245 ί.
1141 218 1184 244 Ἐν
1200 218 1238 253 τῷ
1251 218 1304 245 ἔτει
1321 218 1360 254 τῷ
1375 219 1494 255 δευτέρῳ
1515 220 1566 255 τῆς
1581 220 1718 255 βασιλείας
1743 222 1847 249 Ναῦσο-

1058 262 1219 297 χοδονόσορ,
1249 263 1416 299 ὲνυπνιάσθη
1447 264 1681 302 Ναϐουχοδονόσορ
1711 265 1846 300 ἐνύπνιον,

1058 309 1105 335 καὶ
1121 309 1216 344 ἐξέστη
1233 309 1264 336 τὸ
1278 309 1387 344 πνεῦμα
1404 310 1498 342 αὑτοῦ,
1515 312 1562 337 καὶ
1578 312 1591 337 ὁ
1604 310 1686 344 ὕπνος
1698 312 1782 340 αὑτοῦ
1797 314 1846 340 ἁπ-

1058 354 1166 388 εγένετο
1179 355 1226 380 ἀπ’
1244 355 1336 382 αὑτοῦ.

1092 399 1118 426 2.
1137 400 1194 426 Καὶ
1213 398 1289 426 εἶπεν
1303 401 1316 426 ὸ
1342 400 1469 436 βασιλεὺς
1485 401 1532 428 τοῦ
1547 402 1660 430 καλέσαι
1677 404 1741 435 τοὺς
1755 405 1846 431 ἐπαοι-

1056 444 1128 476 δοὺς,
1141 445 1262 476 καὶτοὺς
1281 446 1396 480 μάγους,
1408 447 1528 479 καὶτοὺς
1543 449 1717 484 φαρμακοὺς,
1728 450 1845 482 καὶτοὺς

1055 490 1217 524 Χαλδαίους,
1241 491 1288 518 τοῦ
1305 492 1464 526 ἀναγγεῖλαι
1481 493 1518 529 τῷ
1540 493 1645 529 βασιλεῖ
1666 496 1697 522 τὸ
1721 496 1845 523 ἐνύπνιον

1055 536 1151 570 αὑτοῦ,
1169 538 1217 564 καὶ
1230 537 1365 572 είσῆλθον,
1384 539 1431 565 καὶ
1451 539 1568 574 ἔστησαν
1581 540 1696 567 ἐνώπιον
1710 541 1758 567 τοῦ
1772 541 1845 576 βασι-

1055 582 1133 614 λέως.

1090 626 1117 653 5.
1145 627 1200 654 Καὶ
1221 625 1297 654 εἶπεν
1325 628 1417 660 αὐτοῖς
1441 629 1456 655 ὁ
1476 628 1622 664 βασιλεύς·
1646 631 1844 666 Ἐνυπνιᾱισθην

1053 671 1190 706 ἐνύπνιον,
1206 673 1254 700 καὶ
1267 673 1364 709 ἐξέστη
1382 674 1413 700 τὸ
1437 674 1547 710 πνεῦμά
1563 684 1625 710 μου,
1639 676 1686 703 τοῦ
1701 676 1804 710 γνῶναι
1817 677 1844 703 τὸ

1053 717 1187 746 ἐνύπνιον,

1088 765 1114 792 4.
1132 765 1188 791 Καὶ
1203 765 1337 800 ἐλάλησαν
1352 766 1377 792 οἱ
1392 765 1524 799 Χαλδαῖοι
1539 765 1578 801 τῷ
1595 765 1699 800 βασιλεῖ
1713 767 1841 802 Συριστί·

1053 810 1179 843 Βασιλεῦ,
1195 811 1235 842 είς
1254 812 1316 844 τοὺς
1331 811 1432 843 αἰῶνας
1455 811 1535 847 ζὴθιθ
1552 813 1583 838 σὺ
1597 812 1656 839 εἰπὲ
1671 813 1703 839 τὸ
1718 813 1842 840 ἐνύπνιον

1015 854 1036 881 Β
1051 858 1106 889 τοῖς
1118 857 1196 884 παισί
1209 866 1266 890 σου,
1283 858 1330 884 καὶ
1349 857 1399 892 τὴν
1415 857 1557 892 σύγκρισιν
1570 858 1652 884 αὑτοῦ
1669 858 1842 893 ἀπαγγελοῶ

1072 911 1110 929 εν.

1072 911 1110 929 εν.

1050 911 1070 937 μ
1084 947 1112 974 5.
1132 947 1279 983 ’Δπεκρίθη
1291 948 1305 974 ὁ
1320 948 1455 984 βασιλεὺς,
1469 948 1516 975 καὶ
1529 946 1604 975 εἶπεν
1617 949 1673 980 τοῖς
1686 948 1840 980 Χαλδαίοις·

1054 993 1084 1019 '0
1092 992 1171 1028 λόγος
1186 994 1291 1029 ἀπέστη
1308 994 1430 1029 ἀπ’ὲμοῦ
1442 1003 1447 1009 ·
1461 994 1508 1020 ἐὰν
1524 992 1570 1021 οὖν
1581 993 1618 1030 μὴ
1628 994 1782 1030 γνωρίσητέ
1797 1003 1842 1030 μοι

1047 1038 1077 1064 τὸ
1092 1037 1227 1070 ἐνύπνιον,
1243 1038 1291 1064 καὶ
1305 1039 1354 1073 τὴν
1368 1039 1511 1074 σύγκρισιν
1527 1038 1626 1072 αὑτοῦ,
1647 1039 1688 1070 είς
1703 1039 1841 1067 ἀπώλειαν

1047 1083 1152 1116 ἔσεσθε,
1166 1085 1212 1110 καὶ¹
1228 1085 1252 1110 οἱ
1267 1082 1334 1110 οἶκοι
1349 1084 1426 1118 ὑμῶν
1437 1084 1678 1120 διαρπαγήσονται.

1082 1129 1110 1157 6.
1131 1129 1194 1156 Ἐὰν
1213 1129 1240 1155 δὲ
1257 1129 1287 1155 τὸ
1308 1129 1432 1155 ἐνύπνιον
1449 1129 1496 1155 καὶ
1517 1130 1566 1163 τὴν
1590 1129 1734 1164 σύγκρισιν
1756 1129 1840 1156 αὐτοῦ

1046 1175 1199 1212 γνωρίσητέ
1221 1184 1276 1210 μοι,
1291 1174 1405 1210 δόματα,
1423 1175 1471 1201 καὶ
1484 1174 1597 1210 δωρεὰς,
1614 1175 1661 1202 καὶ
1683 1175 1786 1209 πολλὴν
1800 1183 1840 1201 τι»

1048 1223 1102 1257 μὴν
1116 1221 1235 1257 λήψεσθε
1252 1222 1316 1257 παρ’
1333 1221 1416 1256 ἐμοῦ·
1436 1221 1505 1257 πλὴν
1525 1221 1555 1248 τὸ
1573 1221 1697 1248 ἐνύπνιον
1725 1222 1772 1248 καὶ
1791 1222 1841 1256 τὴν

1047 1268 1191 1304 σύγκρισιν
1204 1267 1285 1294 αὐτοῦ
1297 1267 1481 1302 ἀπαγγείλατὲ
1498 1276 1552 1303 μοι.

1082 1316 1106 1343 7.
1131 1314 1332 1350 Ἀπεκρίθησαν
1349 1314 1380 1341 τὸ
1398 1314 1533 1349 δεύτερον,
1555 1314 1602 1340 καὶ
1616 1311 1697 1340 εἶπαν
1709 1313 1748 1348 τῷ
1760 1313 1840 1348 βασι-

1045 1361 1095 1388 λεῖ·
1111 1360 1237 1393 Βασιλεῦ,
1253 1360 1313 1386 εἰπὲ
1337 1360 1367 1386 τὸ
1384 1360 1507 1386 ἐνύπνιόν
1527 1368 1575 1387 σου
1590 1362 1646 1392 τοῖς
1675 1360 1754 1386 παισί
1779 1367 1840 1391 σου,

1046 1407 1094 1434 καὶ
1108 1408 1156 1442 τὴν
1175 1407 1318 1442 σύγκρισιν
1332 1406 1413 1433 αὐτοῦ
1429 1405 1651 1441 ἀπαγγελοῦμεν.

1079 1453 1107 1479 8.
1119 1454 1175 1480 Kal.
1188 1453 1324 1489 ἀπεκρίθη
1338 1455 1352 1480 ὸ
1365 1453 1502 1488 βασιλεὺς,
1524 1454 1571 1480 καὶ
1587 1451 1664 1478 εἶπεν
1676 1461 1683 1467 υ
1703 1453 1762 1478 Ἐπ’
1771 1452 1840 1487 ἀλη-

1046 1498 1120 1530 θείας
1135 1497 1204 1532 οἶδα,
1222 1500 1263 1525 ὅτι
1280 1499 1374 1534 καιρὸν
1397 1500 1475 1535 ὑμεῖς
1503 1498 1696 1534 ἆξαγοράξετε,
1718 1498 1779 1525 καθ’
1798 1498 1842 1524 ὅτι

1045 1545 1143 1577 οἴδατε,
1158 1546 1198 1572 ὅτι
1209 1545 1315 1580 ἀπέστη
1326 1546 1373 1571 ἀπ’
1391 1545 1458 1581 ἐμοῦ
1476 1545 1506 1572 τὺ
1522 1546 1607 1580 ῥῆμα.

1080 1593 1106 1619 9.
1131 1591 1193 1618 Ἐὰν
1207 1589 1253 1618 οὖν
1280 1591 1311 1617 τὺ
1327 1591 1451 1618 ἐνύπνιον
1475 1591 1511 1626 μὴ
1536 1590 1722 1625 ἀπαγγείλητε
1740 1599 1797 1625 μοι,
1811 1590 1842 1616 ἓν

1046 1638 1147 1665 ἔστιτὸ
1161 1638 1249 1672 δόγμα
1266 1637 1352 1672 ὑμῶν,
1365 1637 1411 1664 καὶ
1427 1635 1486 1663 οἶδα
1506 1636 1547 1663 ὃτι
1564 1636 1640 1671 ῥῆμα
1662 1635 1760 1670 ψευδὲς
1793 1636 1842 1662 καὶ

1046 1683 1245 1718 διεφθαρμένον
1258 1682 1403 1709 συνέσεσθε
1415 1683 1503 1709 εἰπεῖν
1522 1682 1637 1708 ὲνὼπιόν
1659 1690 1720 1717 μου,
1737 1681 1791 1713 ἓως
1810 1679 1841 1708 οὗ

1045 1731 1059 1756 ὁ
1073 1729 1168 1765 καιρὸς
1182 1728 1306 1764 παρέλθῃ
1316 1737 1322 1743 ·
1336 1729 1366 1755 τὸ
1378 1728 1503 1755 ἐνύπνιόν
1522 1737 1572 1763 μου
1589 1728 1684 1754 εἴπατέ
1707 1736 1751 1762 μοι
1765 1748 1773 1759 ,
1792 1728 1843 1754 καὶ

1046 1775 1186 1810 γνώσομαι
1201 1795 1208 1807 ,
1222 1775 1262 1801 ὅτι
1277 1775 1325 1800 καὶ
1341 1775 1390 1810 τὴν
1407 1774 1549 1810 σύγκρισιν
1563 1773 1646 1800 αὑτοῦ
1663 1773 1841 1808 ἀναγγελεῖτέ

1048 1830 1103 1856 μοι.

1084 1867 1126 1893 lli.
1150 1866 1351 1902 Ἀπεκρίθησαν
1367 1866 1445 1893 πάλιν
1458 1867 1481 1892 οἱ
1507 1866 1634 1893 Χαλδαῖοι
1654 1865 1769 1892 ἐνώπιον
1792 1865 1840 1892 τοῦ

1047 1913 1197 1949 βασιλέως,
1217 1913 1264 1938 καὶ
1289 1911 1364 1938 εἷπον
1375 1921 1382 1928 θ
1398 1912 1455 1938 Οὐκ
1473 1911 1545 1938 ἐστιν
1563 1911 1706 1946 ἄνθρωπος
1720 1911 1769 1938 ἐπὶ
1790 1912 1841 1947 τῆς

1047 1960 1141 1995 ξηρᾶς,
1155 1960 1228 1990 ὅστις
1247 1958 1390 1993 δυνήσεται
1404 1958 1535 1993 γνωρίσαι
1554 1957 1583 1984 τὸ
1605 1957 1681 1993 ῥῆμα
1698 1957 1746 1983 τοῦ
1763 1957 1840 1992 βασι-

1046 2007 1124 2037 λέως,
1138 2004 1232 2032 καθότι
1247 2005 1299 2036 πᾶς
1315 2003 1442 2039 βασιλεὺς
1473 2004 1560 2039 μέγας
1591 2004 1639 2030 καὶ
1654 2004 1747 2040 ἄρχων
1761 2004 1839 2039 ῥῆμα

1046 2052 1164 2079 τοιοῦτον
1184 2051 1233 2078 οὐκ
1253 2051 1379 2086 ἐπερωτᾷ
1408 2050 1495 2076 πάντα
1522 2049 1656 2081 ὲπαοιδὺν,
1673 2050 1770 2084 μάγον,
1792 2050 1839 2075 καὶ

1047 2099 1068 2125 Χ
1073 2099 1186 2125 αλδαῖον.

1084 2145 1125 2171 Η.
1145 2145 1206 2170 ’Ότι
1221 2144 1234 2170 ὸ
1251 2144 1339 2177 λόγος,
1356 2143 1385 2170 ὃν
1409 2143 1536 2178 ἐπερωτᾷ
1555 2144 1569 2169 ὀ
1588 2142 1725 2177 βασιλεὺς,
1742 2141 1836 2177 βαρὺς,

207 2193 234 2216 et
250 2189 321 2216 alius
337 2196 390 2215 non
408 2194 459 2220 est,
475 2189 520 2223 qui
539 2189 639 2216 indicet
656 2189 731 2215 illum
744 2190 770 2216 in
788 2194 938 2224 conspectu
952 2198 995 2218 re-

1062 2193 1095 2218 ;al.
1115 2191 1209 2226 ἕτερος
1225 2191 1275 2216 οὐκ
1292 2189 1375 2220 ἔστιν,
1395 2189 1423 2220 ὂς
1449 2187 1594 2222 ἀναγγελεῖ
1617 2187 1697 2215 αὐτὸν
1723 2188 1838 2214 ἐνώπιον

207 2234 260 2270 gis,
276 2234 329 2261 nisi
343 2234 391 2266 dii,
410 2242 527 2269 quorum
549 2242 602 2261 non
632 2239 673 2262 est
695 2235 827 2262 habitatio
851 2242 900 2262 sua
931 2243 993 2263 cum

206 2281 280 2308 omni
297 2289 390 2314 carne,
412 2281 484 2309 unde
498 2289 550 2308 nou
566 2286 654 2316 potest
670 2282 727 2308 licri
742 2283 814 2309 sicut
832 2287 922 2316 putas.

243 2374 286 2402 12.
308 2373 385 2401 Tunc
405 2381 452 2400 rex
469 2373 496 2400 in
527 2373 618 2400 lurore
635 2378 662 2399 ct
692 2373 731 2400 ira
756 2374 840 2400 multa
867 2373 945 2407 dixit,
969 2379 997 2401 ut

207 2421 351 2454 perderent
366 2420 503 2455 sapientes
518 2418 663 2454 Babylonis

245 2475 289 2502 13.
311 2474 344 2501 Et
359 2474 494 2501 sententia
510 2481 619 2508 egressa
632 2477 675 2500 cst
687 2494 694 2506 ,
712 2478 739 2500 ct
765 2473 903 2507 sapientes
923 2473 995 2500 ocei«

208 2519 342 2546 debantur
359 2529 365 2545 τ
383 2525 409 2546 ct
425 2519 593 2554 quaesierunt
611 2518 750 2545 Danielem
766 2523 792 2544 et
812 2519 916 2544 amicos
938 2518 997 2553 ejus

209 2566 242 2592 ad
260 2565 487 2592 interliciendum.

246 2623 289 2649 14.
311 2621 388 2649 Tunc
402 2621 496 2649 Daniel
512 2622 689 2657 interrogavit
702 2622 735 2649 de
751 2623 866 2649 consilio
880 2628 906 2650 ct
935 2631 996 2651 seu-

211 2668 294 2696 tcntia
313 2667 413 2695 Arioch
427 2667 577 2703 principem
590 2675 742 2702 coquorum
757 2669 839 2704 regis.
852 2670 898 2703 qui
909 2677 1000 2704 egres-

209 2722 257 2742 sus
276 2714 363 2741 fuerat
382 2713 415 2741 ad
431 2713 633 2741 interﬁciendos
648 2714 785 2749 sapientes
804 2714 961 2749 Babylonis.

247 2770 291 2799 15.
312 2770 347 2798 Et
360 2770 552 2798 sciscitabatur
570 2770 605 2797 ab
618 2778 662 2802 eo,
679 2771 773 2798 dicens
791 2780 798 2797 z
812 2769 941 2806 Princeps
957 2779 998 2799 re-

212 2817 265 2853 gis,
280 2825 366 2853 quare
385 2823 495 2851 egressa
515 2820 558 2844 est
585 2816 717 2845 sententia
739 2816 882 2851 impudens
905 2817 961 2845 haec
983 2825 998 2844 a

1047 2237 1093 2263 τοῦ
1113 2236 1253 2271 βασιλέως,
1268 2234 1325 2261 ἀλλ’
1339 2235 1355 2270 ἢ
1371 2234 1434 2267 θεοὶ,
1453 2231 1490 2260 ὧν
1511 2235 1561 2260 οὐκ
1581 2233 1655 2259 ἐστιν
1669 2234 1693 2259 οἱ
1711 2233 1837 2260 κατοικία

1048 2282 1137 2310 αὐτῶν
1156 2281 1224 2317 μετὰ
1246 2282 1334 2316 πάσης
1361 2279 1477 2315 σαρκὸς,
1502 2281 1535 2314 >ε<
1550 2279 1611 2306 ὃθεν
1632 2279 1682 2305 οὐκ
1699 2279 1837 2313 ἐνδέχεται

1048 2328 1172 2364 γενέσθαι
1186 2327 1312 2362 καθάπερ
1325 2327 1384 2352 οἴει.

1084 2376 1126 2402 12.
1143 2374 1210 2401 Τότε
1225 2375 1238 2400 ὁ
1255 2372 1382 2408 βασιλεὺς
1396 2372 1424 2398 ὲν
1445 2371 1523 2406 θυμῷ
1547 2372 1594 2398 καὶ
1606 2371 1674 2406 ὀργῇ
1698 2370 1781 2405 πολλῇ
1799 2367 1835 2395 εἷ-

1050 2431 1099 2449 πεν
1114 2421 1158 2447 τοῦ
1171 2419 1300 2447 ἀπολέσαι
1315 2419 1377 2450 τοὺς
1393 2418 1491 2452 σοφοὺς
1507 2417 1676 2448 Βαόυλῶνος.

1090 2479 1129 2505 15.
1150 2478 1204 2503 Καὶ
1222 2476 1251 2502 τὸ
1275 2475 1363 2509 δόγμα
1378 2473 1483 2508 ἐξῆλθε,
1499 2474 1546 2500 καὶ
1560 2474 1583 2500 οἱ
1609 2474 1687 2507 σοφοὶ
1711 2472 1838 2499 ἀπεκτεί-

1049 2532 1140 2550 νοντο·
1159 2522 1206 2547 καὶ
1217 2520 1352 2555 ἐζήτησαν
1366 2520 1411 2546 τὸν
1425 2520 1524 2555 Δανιὴλ
1539 2520 1586 2545 καὶ
1604 2519 1667 2550 τοὺς
1681 2519 1776 2552 φίλους
1790 2519 1838 2545 αὑ-

1049 2569 1095 2595 τοῦ
1115 2568 1228 2594 ἀνελεῖν.

1086 2626 1128 2653 H.
1145 2626 1210 2651 Τότε
1222 2624 1320 2659 Δανιὴλ
1337 2624 1473 2659 ἀπεκρίθη
1489 2623 1584 2658 βουλὴν
1602 2623 1649 2649 καὶ
1665 2623 1778 2658 γνώμην
1801 2622 1839 2656 τῷ

1054 2670 1154 2706 Ἃριὼχ
1168 2670 1207 2704 τῷ
1228 2669 1420 2705 ἀρχιμαγείρῳ
1447 2668 1494 2694 τοῦ
1510 2668 1652 2702 βασιλέως,
1680 2668 1709 2699 ὃς
1729 2666 1839 2702 ἐξῆλθεν

1049 2716 1155 2742 ἀνελεῖν
1170 2715 1232 2746 τοὺς
1244 2715 1343 2750 σοφοὺς
1358 2713 1527 2745 Βαϐυλῶνος.

1085 2772 1128 2799 15.
1145 2771 1200 2798 Καὶ
1213 2770 1377 2797 ἐπυνθάνετο
1388 2769 1481 2802 αὑτοῦ,
1498 2769 1583 2804 λέγων
1593 2777 1599 2784 '
1610 2770 1720 2805 Ἄρχων
1728 2768 1775 2796 τοῦ
1792 2768 1840 2803 βα-

1051 2816 1154 2850 σιλέως,
1170 2816 1233 2852 περὶ
1249 2816 1320 2848 τινος
1332 2816 1443 2851 ἐξῆλθεν
1458 2816 1474 2851 ή
1491 2815 1586 2851 γνώμη
1603 2816 1618 2851 ἡ
1641 2816 1755 2850 ἀναιδὴς
1769 2814 1840 2847 αὕτη
