  <div class='ocr_page' id='page_1' title='image "/cluster/home/n/w/nwhite01/storage/ocr_20150623/16, pt.3/njp.32101010944575/302.png"; bbox 0 0 1967 3079; ppageno 0'>
   <div class='ocr_carea' id='block_1_1' title="bbox 125 116 201 146">
    <p class='ocr_par' dir='ltr' id='par_1_1' title="bbox 125 116 201 146">
     <span class='ocr_line' id='line_1_1' title="bbox 125 116 201 146; baseline -0.013 0"><span class='ocrx_word' id='word_1_1' title='bbox 125 116 201 146; x_wconf 59' lang='grc'><strong>2885</strong></span> 
     </span>
    </p>
   </div>
   <div class='ocr_carea' id='block_1_2' title="bbox 861 115 1031 145">
    <p class='ocr_par' dir='ltr' id='par_1_2' title="bbox 861 115 1031 145">
     <span class='ocr_line' id='line_1_2' title="bbox 861 115 1031 145; baseline 0 -1"><span class='ocrx_word' id='word_1_2' title='bbox 861 115 976 145; x_wconf 82' lang='lat' dir='ltr'><strong>CAPUT</strong></span> <span class='ocrx_word' id='word_1_3' title='bbox 998 116 1031 145; x_wconf 90' lang='lat' dir='ltr'><strong>ll.</strong></span> 
     </span>
    </p>
   </div>
   <div class='ocr_carea' id='block_1_3' title="bbox 1683 121 1754 149">
    <p class='ocr_par' dir='ltr' id='par_1_3' title="bbox 1683 121 1754 149">
     <span class='ocr_line' id='line_1_3' title="bbox 1683 121 1754 149; baseline 0.028 -2"><span class='ocrx_word' id='word_1_4' title='bbox 1683 121 1754 149; x_wconf 75' lang='grc'><strong>2848</strong></span> 
     </span>
    </p>
   </div>
   <div class='ocr_carea' id='block_1_4' title="bbox 124 174 915 213">
    <p class='ocr_par' dir='ltr' id='par_1_4' title="bbox 124 176 915 213">
     <span class='ocr_line' id='line_1_4' title="bbox 124 176 915 213; baseline -0.003 -9"><span class='ocrx_word' id='word_1_5' title='bbox 124 178 158 204; x_wconf 68' lang='grc' dir='ltr'>ἑκ</span> <span class='ocrx_word' id='word_1_6' title='bbox 171 176 319 212; x_wconf 80' lang='grc' dir='ltr'><strong>προσώπου</strong></span> <span class='ocrx_word' id='word_1_7' title='bbox 327 176 374 204; x_wconf 70' lang='grc' dir='ltr'>τοῦ</span> <span class='ocrx_word' id='word_1_8' title='bbox 388 176 535 212; x_wconf 57' lang='grc' dir='ltr'>βασιλέως</span> <span class='ocrx_word' id='word_1_9' title='bbox 551 177 619 204; x_wconf 84' lang='grc' dir='ltr'>Τότι</span> <span class='ocrx_word' id='word_1_10' title='bbox 635 176 664 203; x_wconf 74' lang='grc' dir='ltr'><strong>τὸ</strong></span> <span class='ocrx_word' id='word_1_11' title='bbox 681 177 756 213; x_wconf 70' lang='grc' dir='ltr'>ῥῆμα</span> <span class='ocrx_word' id='word_1_12' title='bbox 771 177 915 212; x_wconf 76' lang='grc' dir='ltr'><strong>ἐγνώρισεν</strong></span> 
     </span>
    </p>
   </div>
   <div class='ocr_carea' id='block_1_5' title="bbox 982 174 1753 213">
    <p class='ocr_par' dir='ltr' id='par_1_5' title="bbox 982 174 1753 211">
     <span class='ocr_line' id='line_1_5' title="bbox 982 174 1753 211; baseline 0.003 -8"><span class='ocrx_word' id='word_1_13' title='bbox 982 176 1038 204; x_wconf 86' lang='lat' dir='ltr'><strong>acie</strong></span> <span class='ocrx_word' id='word_1_14' title='bbox 1052 174 1125 211; x_wconf 74' lang='lat' dir='ltr'><strong>regis</strong></span> <span class='ocrx_word' id='word_1_15' title='bbox 1141 175 1152 202; x_wconf 71' lang='grc' dir='ltr'><strong>’ἒ</strong></span> <span class='ocrx_word' id='word_1_16' title='bbox 1171 174 1247 203; x_wconf 86' lang='lat' dir='ltr'><strong>Tunc</strong></span> <span class='ocrx_word' id='word_1_17' title='bbox 1272 175 1384 203; x_wconf 76' lang='lat' dir='ltr'><strong>verbum</strong></span> <span class='ocrx_word' id='word_1_18' title='bbox 1413 175 1543 204; x_wconf 85' lang='lat' dir='ltr'><strong>indicavit</strong></span> <span class='ocrx_word' id='word_1_19' title='bbox 1571 176 1673 205; x_wconf 80' lang='lat' dir='ltr'><strong>Arioeh</strong></span> <span class='ocrx_word' id='word_1_20' title='bbox 1700 177 1753 205; x_wconf 85' lang='lat' dir='ltr'><strong>Da-</strong></span> 
     </span>
    </p>
   </div>
   <div class='ocr_carea' id='block_1_6' title="bbox 125 222 449 259">
    <p class='ocr_par' dir='ltr' id='par_1_6' title="bbox 125 222 449 259">
     <span class='ocr_line' id='line_1_6' title="bbox 125 222 449 259; baseline -0.003 -9"><span class='ocrx_word' id='word_1_21' title='bbox 125 224 139 250; x_wconf 78' lang='grc' dir='ltr'><strong>ὁ</strong></span> <span class='ocrx_word' id='word_1_22' title='bbox 165 223 265 259; x_wconf 79' lang='grc' dir='ltr'>Ἀριὼχ</span> <span class='ocrx_word' id='word_1_23' title='bbox 282 222 323 258; x_wconf 79' lang='grc' dir='ltr'>τῷ</span> <span class='ocrx_word' id='word_1_24' title='bbox 340 223 449 259; x_wconf 77' lang='grc' dir='ltr'>Δανιὴλ.</span> 
     </span>
    </p>
   </div>
   <div class='ocr_carea' id='block_1_7' title="bbox 160 268 916 306">
    <p class='ocr_par' dir='ltr' id='par_1_7' title="bbox 160 268 916 306">
     <span class='ocr_line' id='line_1_7' title="bbox 160 268 916 306; baseline -0.003 -10"><span class='ocrx_word' id='word_1_25' title='bbox 160 269 205 297; x_wconf 76' lang='grc'><strong>16.</strong></span> <span class='ocrx_word' id='word_1_26' title='bbox 224 270 280 296; x_wconf 79' lang='grc' dir='ltr'><strong>Καὶ</strong></span> <span class='ocrx_word' id='word_1_27' title='bbox 295 269 396 305; x_wconf 83' lang='grc' dir='ltr'><strong>Δανιὴλ</strong></span> <span class='ocrx_word' id='word_1_28' title='bbox 409 269 530 305; x_wconf 84' lang='grc' dir='ltr'>είσῆλθε,</span> <span class='ocrx_word' id='word_1_29' title='bbox 545 271 594 298; x_wconf 77' lang='grc' dir='ltr'>καὶ</span> <span class='ocrx_word' id='word_1_30' title='bbox 611 270 713 306; x_wconf 79' lang='grc' dir='ltr'>ὴξίωσε</span> <span class='ocrx_word' id='word_1_31' title='bbox 733 269 779 296; x_wconf 85' lang='grc' dir='ltr'>τὸν</span> <span class='ocrx_word' id='word_1_32' title='bbox 794 268 916 304; x_wconf 79' lang='grc' dir='ltr'><strong>βασιλέα,</strong></span> 
     </span>
    </p>
   </div>
   <div class='ocr_carea' id='block_1_8' title="bbox 126 314 918 352">
    <p class='ocr_par' dir='ltr' id='par_1_8' title="bbox 126 314 918 352">
     <span class='ocr_line' id='line_1_8' title="bbox 126 314 918 352; baseline -0.004 -10"><span class='ocrx_word' id='word_1_33' title='bbox 126 316 200 347; x_wconf 69' lang='grc' dir='ltr'>ὅπως</span> <span class='ocrx_word' id='word_1_34' title='bbox 213 316 309 352; x_wconf 83' lang='grc' dir='ltr'>χρόνον</span> <span class='ocrx_word' id='word_1_35' title='bbox 321 315 359 351; x_wconf 84' lang='grc' dir='ltr'><strong>δῷ</strong></span> <span class='ocrx_word' id='word_1_36' title='bbox 370 315 454 351; x_wconf 77' lang='grc' dir='ltr'>αὐτῷ,</span> <span class='ocrx_word' id='word_1_37' title='bbox 473 316 521 343; x_wconf 79' lang='grc' dir='ltr'>καὶ</span> <span class='ocrx_word' id='word_1_38' title='bbox 535 316 585 352; x_wconf 83' lang='grc' dir='ltr'><strong>τὴν</strong></span> <span class='ocrx_word' id='word_1_39' title='bbox 605 316 748 352; x_wconf 82' lang='grc' dir='ltr'><strong>σύγκρισιν</strong></span> <span class='ocrx_word' id='word_1_40' title='bbox 765 314 918 350; x_wconf 77' lang='grc' dir='ltr'><strong>ἀπαγγείλῃ</strong></span> 
     </span>
    </p>
   </div>
   <div class='ocr_carea' id='block_1_9' title="bbox 126 361 594 397">
    <p class='ocr_par' dir='ltr' id='par_1_9' title="bbox 126 361 594 397">
     <span class='ocr_line' id='line_1_9' title="bbox 126 361 594 397; baseline 0.002 -9"><span class='ocrx_word' id='word_1_41' title='bbox 126 361 164 397; x_wconf 84' lang='grc' dir='ltr'>τῷ</span> <span class='ocrx_word' id='word_1_42' title='bbox 181 361 287 397; x_wconf 83' lang='grc' dir='ltr'>βασιλεῖ</span> <span class='ocrx_word' id='word_1_43' title='bbox 297 362 344 388; x_wconf 83' lang='grc' dir='ltr'>τοῦ</span> <span class='ocrx_word' id='word_1_44' title='bbox 360 361 486 388; x_wconf 78' lang='grc' dir='ltr'><strong>ἐνυπνίου</strong></span> <span class='ocrx_word' id='word_1_45' title='bbox 499 361 594 390; x_wconf 76' lang='grc' dir='ltr'>αὐτοῦ.</span> 
     </span>
    </p>
   </div>
   <div class='ocr_carea' id='block_1_10' title="bbox 163 406 918 444">
    <p class='ocr_par' dir='ltr' id='par_1_10' title="bbox 163 406 918 444">
     <span class='ocr_line' id='line_1_10' title="bbox 163 406 918 444; baseline -0.004 -9"><span class='ocrx_word' id='word_1_46' title='bbox 163 408 207 435; x_wconf 80' lang='lat' dir='ltr'><strong>l&#39;l.</strong></span> <span class='ocrx_word' id='word_1_47' title='bbox 220 408 276 435; x_wconf 68' lang='lat' dir='ltr'><strong>Kal</strong></span> <span class='ocrx_word' id='word_1_48' title='bbox 294 408 404 444; x_wconf 72' lang='grc' dir='ltr'>εἰσῆλθε</span> <span class='ocrx_word' id='word_1_49' title='bbox 422 408 522 444; x_wconf 81' lang='grc' dir='ltr'><strong>Δανιὴλ</strong></span> <span class='ocrx_word' id='word_1_50' title='bbox 537 408 578 441; x_wconf 83' lang='grc' dir='ltr'><strong>είς</strong></span> <span class='ocrx_word' id='word_1_51' title='bbox 597 408 642 434; x_wconf 81' lang='grc' dir='ltr'><strong>τὸν</strong></span> <span class='ocrx_word' id='word_1_52' title='bbox 666 406 740 434; x_wconf 85' lang='grc' dir='ltr'>οἶκον</span> <span class='ocrx_word' id='word_1_53' title='bbox 764 406 856 438; x_wconf 84' lang='grc' dir='ltr'>αὺτοῦ,</span> <span class='ocrx_word' id='word_1_54' title='bbox 870 406 918 432; x_wconf 75' lang='grc' dir='ltr'>καὶ</span> 
     </span>
    </p>
   </div>
   <div class='ocr_carea' id='block_1_11' title="bbox 127 452 916 489">
    <p class='ocr_par' dir='ltr' id='par_1_11' title="bbox 127 452 916 489">
     <span class='ocr_line' id='line_1_11' title="bbox 127 452 916 489; baseline -0.004 -9"><span class='ocrx_word' id='word_1_55' title='bbox 127 452 166 489; x_wconf 79' lang='grc' dir='ltr'><strong>τῷ</strong></span> <span class='ocrx_word' id='word_1_56' title='bbox 186 454 306 489; x_wconf 73' lang='grc' dir='ltr'>Ἀνανίᾳ,</span> <span class='ocrx_word' id='word_1_57' title='bbox 330 454 379 480; x_wconf 84' lang='grc' dir='ltr'>καὶ</span> <span class='ocrx_word' id='word_1_58' title='bbox 402 453 439 489; x_wconf 80' lang='grc' dir='ltr'><strong>τῷ</strong></span> <span class='ocrx_word' id='word_1_59' title='bbox 463 453 586 489; x_wconf 73' lang='grc' dir='ltr'>Ἀζαρία,</span> <span class='ocrx_word' id='word_1_60' title='bbox 611 454 659 481; x_wconf 74' lang='grc' dir='ltr'>καὶ</span> <span class='ocrx_word' id='word_1_61' title='bbox 681 453 719 487; x_wconf 82' lang='grc' dir='ltr'>τῷ</span> <span class='ocrx_word' id='word_1_62' title='bbox 738 452 846 488; x_wconf 85' lang='grc' dir='ltr'>Μισαὴλ</span> <span class='ocrx_word' id='word_1_63' title='bbox 862 452 916 482; x_wconf 82' lang='grc' dir='ltr'>τοῖς</span> 
     </span>
    </p>
   </div>
   <div class='ocr_carea' id='block_1_12' title="bbox 125 498 608 534">
    <p class='ocr_par' dir='ltr' id='par_1_12' title="bbox 125 498 608 534">
     <span class='ocr_line' id='line_1_12' title="bbox 125 498 608 534; baseline 0 -9"><span class='ocrx_word' id='word_1_64' title='bbox 125 499 214 534; x_wconf 76' lang='grc' dir='ltr'>φίλοις</span> <span class='ocrx_word' id='word_1_65' title='bbox 227 499 310 525; x_wconf 79' lang='grc' dir='ltr'>αὑτοῦ</span> <span class='ocrx_word' id='word_1_66' title='bbox 327 498 459 534; x_wconf 83' lang='grc' dir='ltr'>ἐγνώρισε</span> <span class='ocrx_word' id='word_1_67' title='bbox 474 499 505 526; x_wconf 78' lang='grc' dir='ltr'><strong>τὸ</strong></span> <span class='ocrx_word' id='word_1_68' title='bbox 521 499 608 534; x_wconf 75' lang='grc' dir='ltr'>ῥῆμα.</span> 
     </span>
    </p>
   </div>
   <div class='ocr_carea' id='block_1_13' title="bbox 162 540 916 580">
    <p class='ocr_par' dir='ltr' id='par_1_13' title="bbox 162 540 916 580">
     <span class='ocr_line' id='line_1_13' title="bbox 162 540 916 580; baseline -0.001 -8"><span class='ocrx_word' id='word_1_69' title='bbox 162 545 207 572; x_wconf 78' lang='grc'><strong>18.</strong></span> <span class='ocrx_word' id='word_1_70' title='bbox 227 545 282 572; x_wconf 79' lang='grc' dir='ltr'>Καὶ</span> <span class='ocrx_word' id='word_1_71' title='bbox 306 545 466 580; x_wconf 80' lang='grc' dir='ltr'>οἰκτιρμοὺς</span> <span class='ocrx_word' id='word_1_72' title='bbox 489 544 604 580; x_wconf 80' lang='grc' dir='ltr'>ἐζήτουν</span> <span class='ocrx_word' id='word_1_73' title='bbox 623 545 698 580; x_wconf 82' lang='grc' dir='ltr'>παρὰ</span> <span class='ocrx_word' id='word_1_74' title='bbox 714 544 761 572; x_wconf 81' lang='grc' dir='ltr'><strong>τοῦ</strong></span> <span class='ocrx_word' id='word_1_75' title='bbox 782 540 850 572; x_wconf 76' lang='grc' dir='ltr'>Θεὸύ</span> <span class='ocrx_word' id='word_1_76' title='bbox 869 544 916 571; x_wconf 74' lang='grc' dir='ltr'><strong>τοῦ</strong></span> 
     </span>
    </p>
   </div>
   <div class='ocr_carea' id='block_1_14' title="bbox 125 591 916 628">
    <p class='ocr_par' dir='ltr' id='par_1_14' title="bbox 125 591 916 628">
     <span class='ocr_line' id='line_1_14' title="bbox 125 591 916 628; baseline -0.001 -8"><span class='ocrx_word' id='word_1_77' title='bbox 125 591 242 628; x_wconf 79' lang='grc' dir='ltr'>ούρανοῦ</span> <span class='ocrx_word' id='word_1_78' title='bbox 272 591 342 627; x_wconf 82' lang='grc' dir='ltr'>ὑπὲρ</span> <span class='ocrx_word' id='word_1_79' title='bbox 361 591 408 618; x_wconf 79' lang='grc' dir='ltr'>τοῦ</span> <span class='ocrx_word' id='word_1_80' title='bbox 438 592 589 627; x_wconf 81' lang='grc' dir='ltr'>μυστηρίου</span> <span class='ocrx_word' id='word_1_81' title='bbox 613 592 719 624; x_wconf 85' lang='grc' dir='ltr'>τούτου,</span> <span class='ocrx_word' id='word_1_82' title='bbox 745 592 818 624; x_wconf 80' lang='grc' dir='ltr'>ὅπως</span> <span class='ocrx_word' id='word_1_83' title='bbox 830 591 863 619; x_wconf 80' lang='grc' dir='ltr'><strong>ἃν</strong></span> <span class='ocrx_word' id='word_1_84' title='bbox 879 592 916 628; x_wconf 92' lang='grc' dir='ltr'><strong>μὴ</strong></span> 
     </span>
    </p>
   </div>
   <div class='ocr_carea' id='block_1_15' title="bbox 125 637 916 672">
    <p class='ocr_par' dir='ltr' id='par_1_15' title="bbox 125 637 916 672">
     <span class='ocr_line' id='line_1_15' title="bbox 125 637 916 672; baseline -0.003 -6"><span class='ocrx_word' id='word_1_85' title='bbox 125 639 281 666; x_wconf 77' lang='grc' dir='ltr'>ἀπόλωνται</span> <span class='ocrx_word' id='word_1_86' title='bbox 295 637 396 672; x_wconf 84' lang='grc' dir='ltr'>Δανιὴλ</span> <span class='ocrx_word' id='word_1_87' title='bbox 423 638 471 664; x_wconf 73' lang='grc' dir='ltr'>καὶ</span> <span class='ocrx_word' id='word_1_88' title='bbox 485 638 507 664; x_wconf 87' lang='grc' dir='ltr'><strong>οί</strong></span> <span class='ocrx_word' id='word_1_89' title='bbox 525 637 597 672; x_wconf 87' lang='grc' dir='ltr'>φίλοι</span> <span class='ocrx_word' id='word_1_90' title='bbox 609 637 692 664; x_wconf 83' lang='grc' dir='ltr'>αὑτοῦ</span> <span class='ocrx_word' id='word_1_91' title='bbox 711 637 779 672; x_wconf 77' lang='grc' dir='ltr'>μετὰ</span> <span class='ocrx_word' id='word_1_92' title='bbox 792 637 846 664; x_wconf 83' lang='grc' dir='ltr'><strong>τῶν</strong></span> <span class='ocrx_word' id='word_1_93' title='bbox 855 638 916 664; x_wconf 85' lang='grc' dir='ltr'>ὲπι-</span> 
     </span>
    </p>
   </div>
   <div class='ocr_carea' id='block_1_16' title="bbox 125 683 513 718">
    <p class='ocr_par' dir='ltr' id='par_1_16' title="bbox 125 683 513 718">
     <span class='ocr_line' id='line_1_16' title="bbox 125 683 513 718; baseline 0 -7"><span class='ocrx_word' id='word_1_94' title='bbox 125 684 227 712; x_wconf 81' lang='grc' dir='ltr'>λοὶπων</span> <span class='ocrx_word' id='word_1_95' title='bbox 241 684 330 718; x_wconf 83' lang='grc' dir='ltr'>σοφῶν</span> <span class='ocrx_word' id='word_1_96' title='bbox 341 683 513 716; x_wconf 81' lang='grc' dir='ltr'>Βαὸυλῶνος.</span> 
     </span>
    </p>
   </div>
   <div class='ocr_carea' id='block_1_17' title="bbox 161 729 917 766">
    <p class='ocr_par' dir='ltr' id='par_1_17' title="bbox 161 729 917 766">
     <span class='ocr_line' id='line_1_17' title="bbox 161 729 917 766; baseline -0.003 -8"><span class='ocrx_word' id='word_1_97' title='bbox 161 731 205 758; x_wconf 71' lang='lat' dir='ltr'><strong>l9.</strong></span> <span class='ocrx_word' id='word_1_98' title='bbox 223 730 291 756; x_wconf 81' lang='grc' dir='ltr'>Τότε</span> <span class='ocrx_word' id='word_1_99' title='bbox 302 730 341 764; x_wconf 83' lang='grc' dir='ltr'>τῷ</span> <span class='ocrx_word' id='word_1_100' title='bbox 359 730 459 765; x_wconf 87' lang='grc' dir='ltr'>Δανιὴλ</span> <span class='ocrx_word' id='word_1_101' title='bbox 474 731 503 756; x_wconf 77' lang='grc' dir='ltr'>ὲν</span> <span class='ocrx_word' id='word_1_102' title='bbox 519 729 639 765; x_wconf 81' lang='grc' dir='ltr'>ὁράματι</span> <span class='ocrx_word' id='word_1_103' title='bbox 656 731 704 766; x_wconf 84' lang='grc' dir='ltr'>τῆς</span> <span class='ocrx_word' id='word_1_104' title='bbox 720 730 816 763; x_wconf 69' lang='grc' dir='ltr'>νυκτὸς</span> <span class='ocrx_word' id='word_1_105' title='bbox 826 730 857 758; x_wconf 81' lang='grc' dir='ltr'>τὸ</span> <span class='ocrx_word' id='word_1_106' title='bbox 866 739 917 766; x_wconf 83' lang='grc' dir='ltr'>μυ-</span> 
     </span>
    </p>
   </div>
   <div class='ocr_carea' id='block_1_18' title="bbox 125 775 916 812">
    <p class='ocr_par' dir='ltr' id='par_1_18' title="bbox 125 775 916 812">
     <span class='ocr_line' id='line_1_18' title="bbox 125 775 916 812; baseline 0 -10"><span class='ocrx_word' id='word_1_107' title='bbox 125 776 238 811; x_wconf 71' lang='grc' dir='ltr'>στήριον</span> <span class='ocrx_word' id='word_1_108' title='bbox 248 775 428 810; x_wconf 81' lang='grc' dir='ltr'>ἀπεκαλύφθη</span> <span class='ocrx_word' id='word_1_109' title='bbox 442 783 449 791; x_wconf 90' lang='grc'><strong>·</strong></span> <span class='ocrx_word' id='word_1_110' title='bbox 464 775 512 802; x_wconf 79' lang='grc' dir='ltr'>καὶ</span> <span class='ocrx_word' id='word_1_111' title='bbox 528 775 664 812; x_wconf 85' lang='grc' dir='ltr'>ηὑλόγησε</span> <span class='ocrx_word' id='word_1_112' title='bbox 676 776 721 803; x_wconf 84' lang='grc' dir='ltr'>τὸν</span> <span class='ocrx_word' id='word_1_113' title='bbox 734 776 800 803; x_wconf 78' lang='grc' dir='ltr'>Θεὸν</span> <span class='ocrx_word' id='word_1_114' title='bbox 810 776 857 803; x_wconf 79' lang='grc' dir='ltr'>τοῦ</span> <span class='ocrx_word' id='word_1_115' title='bbox 871 776 916 802; x_wconf 87' lang='grc' dir='ltr'><strong>οὺ-</strong></span> 
     </span>
    </p>
   </div>
   <div class='ocr_carea' id='block_1_19' title="bbox 125 819 527 857">
    <p class='ocr_par' dir='ltr' id='par_1_19' title="bbox 125 819 527 857">
     <span class='ocr_line' id='line_1_19' title="bbox 125 819 527 857; baseline -0.002 -8"><span class='ocrx_word' id='word_1_116' title='bbox 125 822 210 857; x_wconf 86' lang='grc' dir='ltr'>ρανοῦ</span> <span class='ocrx_word' id='word_1_117' title='bbox 222 823 237 848; x_wconf 89' lang='grc' dir='ltr'><strong>ὁ</strong></span> <span class='ocrx_word' id='word_1_118' title='bbox 248 821 359 857; x_wconf 79' lang='grc' dir='ltr'>Δανιὴλ,</span> <span class='ocrx_word' id='word_1_119' title='bbox 371 822 419 848; x_wconf 71' lang='grc' dir='ltr'>καὶ</span> <span class='ocrx_word' id='word_1_120' title='bbox 438 819 527 848; x_wconf 84' lang='grc' dir='ltr'>εἶπεν·</span> 
     </span>
    </p>
   </div>
   <div class='ocr_carea' id='block_1_20' title="bbox 969 221 1043 249">
    <p class='ocr_par' dir='ltr' id='par_1_20' title="bbox 969 221 1043 249">
     <span class='ocr_line' id='line_1_20' title="bbox 969 221 1043 249; baseline 0 0"><span class='ocrx_word' id='word_1_121' title='bbox 969 221 1043 249; x_wconf 87' lang='lat' dir='ltr'><strong>nicli.</strong></span> 
     </span>
    </p>
   </div>
   <div class='ocr_carea' id='block_1_21' title="bbox 1005 266 1756 304">
    <p class='ocr_par' dir='ltr' id='par_1_21' title="bbox 1005 266 1756 304">
     <span class='ocr_line' id='line_1_21' title="bbox 1005 266 1756 304; baseline 0.003 -10"><span class='ocrx_word' id='word_1_122' title='bbox 1005 268 1050 295; x_wconf 81' lang='grc'><strong>16.</strong></span> <span class='ocrx_word' id='word_1_123' title='bbox 1071 266 1104 294; x_wconf 85' lang='grc' dir='ltr'><strong>Ει</strong></span> <span class='ocrx_word' id='word_1_124' title='bbox 1116 267 1211 295; x_wconf 85' lang='lat' dir='ltr'><strong>Daniel</strong></span> <span class='ocrx_word' id='word_1_125' title='bbox 1229 267 1371 302; x_wconf 72' lang='lat' dir='ltr'><strong>ingressus</strong></span> <span class='ocrx_word' id='word_1_126' title='bbox 1385 271 1436 300; x_wconf 85' lang='lat' dir='ltr'><strong>est,</strong></span> <span class='ocrx_word' id='word_1_127' title='bbox 1449 272 1477 295; x_wconf 91' lang='lat' dir='ltr'><strong>et</strong></span> <span class='ocrx_word' id='word_1_128' title='bbox 1490 268 1596 304; x_wconf 75' lang='lat' dir='ltr'><strong>rogavit</strong></span> <span class='ocrx_word' id='word_1_129' title='bbox 1614 274 1756 304; x_wconf 76' lang='lat' dir='ltr'><strong>regem,ut</strong></span> 
     </span>
    </p>
   </div>
   <div class='ocr_carea' id='block_1_22' title="bbox 969 314 1753 350">
    <p class='ocr_par' dir='ltr' id='par_1_22' title="bbox 969 314 1753 350">
     <span class='ocr_line' id='line_1_22' title="bbox 969 314 1753 350; baseline 0 -9"><span class='ocrx_word' id='word_1_130' title='bbox 969 318 1075 349; x_wconf 79' lang='lat' dir='ltr'><strong>tempus</strong></span> <span class='ocrx_word' id='word_1_131' title='bbox 1087 314 1164 342; x_wconf 88' lang='lat' dir='ltr'><strong>daret</strong></span> <span class='ocrx_word' id='word_1_132' title='bbox 1190 314 1251 347; x_wconf 85' lang='lat' dir='ltr'><strong>sibi,</strong></span> <span class='ocrx_word' id='word_1_133' title='bbox 1279 317 1307 341; x_wconf 87' lang='lat' dir='ltr'><strong>et</strong></span> <span class='ocrx_word' id='word_1_134' title='bbox 1333 314 1518 350; x_wconf 67' lang='lat' dir='ltr'><strong>conjecturam</strong></span> <span class='ocrx_word' id='word_1_135' title='bbox 1539 315 1672 343; x_wconf 88' lang='lat' dir='ltr'><strong>indicaret</strong></span> <span class='ocrx_word' id='word_1_136' title='bbox 1698 316 1753 350; x_wconf 72' lang='lat' dir='ltr'><strong>regi</strong></span> 
     </span>
    </p>
   </div>
   <div class='ocr_carea' id='block_1_23' title="bbox 968 360 1135 388">
    <p class='ocr_par' dir='ltr' id='par_1_23' title="bbox 968 360 1135 388">
     <span class='ocr_line' id='line_1_23' title="bbox 968 360 1135 388; baseline -0.006 0"><span class='ocrx_word' id='word_1_137' title='bbox 968 361 1067 388; x_wconf 87' lang='lat' dir='ltr'><strong>somnii</strong></span> <span class='ocrx_word' id='word_1_138' title='bbox 1083 360 1135 388; x_wconf 91' lang='lat' dir='ltr'><strong>sui.</strong></span> 
     </span>
    </p>
   </div>
   <div class='ocr_carea' id='block_1_24' title="bbox 1004 400 1756 441">
    <p class='ocr_par' dir='ltr' id='par_1_24' title="bbox 1004 400 1756 441">
     <span class='ocr_line' id='line_1_24' title="bbox 1004 400 1756 441; baseline 0.004 -9"><span class='ocrx_word' id='word_1_139' title='bbox 1004 405 1048 434; x_wconf 78' lang='lat' dir='ltr'><strong>l7.</strong></span> <span class='ocrx_word' id='word_1_140' title='bbox 1070 406 1103 433; x_wconf 85' lang='lat' dir='ltr'><strong>Et</strong></span> <span class='ocrx_word' id='word_1_141' title='bbox 1118 407 1259 441; x_wconf 67' lang='lat' dir='ltr'><strong>ingressus</strong></span> <span class='ocrx_word' id='word_1_142' title='bbox 1271 412 1312 434; x_wconf 89' lang='lat' dir='ltr'><strong>est</strong></span> <span class='ocrx_word' id='word_1_143' title='bbox 1326 407 1419 435; x_wconf 86' lang='lat' dir='ltr'><strong>Daniel</strong></span> <span class='ocrx_word' id='word_1_144' title='bbox 1440 400 1472 435; x_wconf 13' lang='lat' dir='ltr'><strong>ini</strong></span> <span class='ocrx_word' id='word_1_145' title='bbox 1487 408 1597 435; x_wconf 87' lang='lat' dir='ltr'><strong>domum</strong></span> <span class='ocrx_word' id='word_1_146' title='bbox 1620 415 1710 438; x_wconf 85' lang='lat' dir='ltr'><strong>suam.</strong></span> <span class='ocrx_word' id='word_1_147' title='bbox 1727 412 1756 435; x_wconf 86' lang='lat' dir='ltr'><strong>et</strong></span> 
     </span>
    </p>
   </div>
   <div class='ocr_carea' id='block_1_25' title="bbox 968 452 1756 485">
    <p class='ocr_par' dir='ltr' id='par_1_25' title="bbox 968 452 1756 485">
     <span class='ocr_line' id='line_1_25' title="bbox 968 452 1756 485; baseline 0.001 -6"><span class='ocrx_word' id='word_1_148' title='bbox 968 452 1090 485; x_wconf 65' lang='lat' dir='ltr'><strong>Ananiae,</strong></span> <span class='ocrx_word' id='word_1_149' title='bbox 1103 456 1131 480; x_wconf 86' lang='lat' dir='ltr'><strong>et</strong></span> <span class='ocrx_word' id='word_1_150' title='bbox 1145 452 1260 485; x_wconf 67' lang='lat' dir='ltr'><strong>Mariae,</strong></span> <span class='ocrx_word' id='word_1_151' title='bbox 1274 457 1298 480; x_wconf 90' lang='lat' dir='ltr'><strong>et</strong></span> <span class='ocrx_word' id='word_1_152' title='bbox 1312 452 1403 481; x_wconf 82' lang='lat' dir='ltr'><strong>Misael</strong></span> <span class='ocrx_word' id='word_1_153' title='bbox 1428 453 1524 481; x_wconf 80' lang='lat' dir='ltr'><strong>amicis</strong></span> <span class='ocrx_word' id='word_1_154' title='bbox 1551 453 1609 481; x_wconf 90' lang='lat' dir='ltr'><strong>suis</strong></span> <span class='ocrx_word' id='word_1_155' title='bbox 1625 453 1756 481; x_wconf 78' lang='lat' dir='ltr'><strong>indicavit</strong></span> 
     </span>
    </p>
   </div>
   <div class='ocr_carea' id='block_1_26' title="bbox 967 497 1092 525">
    <p class='ocr_par' dir='ltr' id='par_1_26' title="bbox 967 497 1092 525">
     <span class='ocr_line' id='line_1_26' title="bbox 967 497 1092 525; baseline -0.008 0"><span class='ocrx_word' id='word_1_156' title='bbox 967 497 1092 525; x_wconf 79' lang='lat' dir='ltr'><strong>verbum.</strong></span> 
     </span>
    </p>
   </div>
   <div class='ocr_carea' id='block_1_27' title="bbox 1004 542 1755 579">
    <p class='ocr_par' dir='ltr' id='par_1_27' title="bbox 1004 542 1755 579">
     <span class='ocr_line' id='line_1_27' title="bbox 1004 542 1755 579; baseline 0.001 -9"><span class='ocrx_word' id='word_1_157' title='bbox 1004 543 1047 572; x_wconf 79' lang='grc'><strong>18.</strong></span> <span class='ocrx_word' id='word_1_158' title='bbox 1069 543 1103 570; x_wconf 83' lang='lat' dir='ltr'><strong>Et</strong></span> <span class='ocrx_word' id='word_1_159' title='bbox 1131 542 1322 571; x_wconf 73' lang='lat' dir='ltr'><strong>miserationes</strong></span> <span class='ocrx_word' id='word_1_160' title='bbox 1348 544 1506 578; x_wconf 61' lang='lat' dir='ltr'><strong>quaerebant</strong></span> <span class='ocrx_word' id='word_1_161' title='bbox 1526 551 1540 571; x_wconf 88' lang='lat' dir='ltr'><strong>a</strong></span> <span class='ocrx_word' id='word_1_162' title='bbox 1557 544 1613 571; x_wconf 89' lang='lat' dir='ltr'><strong>Deo</strong></span> <span class='ocrx_word' id='word_1_163' title='bbox 1628 544 1689 571; x_wconf 77' lang='lat' dir='ltr'><strong>cmli</strong></span> <span class='ocrx_word' id='word_1_164' title='bbox 1706 551 1755 579; x_wconf 90' lang='lat' dir='ltr'><strong>pro</strong></span> 
     </span>
    </p>
   </div>
   <div class='ocr_carea' id='block_1_28' title="bbox 967 590 1754 625">
    <p class='ocr_par' dir='ltr' id='par_1_28' title="bbox 967 590 1754 625">
     <span class='ocr_line' id='line_1_28' title="bbox 967 590 1754 625; baseline -0.001 -7"><span class='ocrx_word' id='word_1_165' title='bbox 967 590 1098 625; x_wconf 90' lang='lat' dir='ltr'><strong>mysterio</strong></span> <span class='ocrx_word' id='word_1_166' title='bbox 1111 590 1174 622; x_wconf 87' lang='lat' dir='ltr'><strong>hoc,</strong></span> <span class='ocrx_word' id='word_1_167' title='bbox 1190 593 1219 617; x_wconf 91' lang='lat' dir='ltr'><strong>ut</strong></span> <span class='ocrx_word' id='word_1_168' title='bbox 1232 597 1286 616; x_wconf 84' lang='lat' dir='ltr'><strong>non</strong></span> <span class='ocrx_word' id='word_1_169' title='bbox 1300 590 1420 624; x_wconf 87' lang='lat' dir='ltr'><strong>perirent</strong></span> <span class='ocrx_word' id='word_1_170' title='bbox 1435 590 1529 617; x_wconf 89' lang='lat' dir='ltr'><strong>Daniel</strong></span> <span class='ocrx_word' id='word_1_171' title='bbox 1555 595 1583 618; x_wconf 85' lang='lat' dir='ltr'><strong>et</strong></span> <span class='ocrx_word' id='word_1_172' title='bbox 1601 590 1680 618; x_wconf 86' lang='lat' dir='ltr'><strong>amici</strong></span> <span class='ocrx_word' id='word_1_173' title='bbox 1693 590 1754 625; x_wconf 83' lang='lat' dir='ltr'><strong>ejus</strong></span> 
     </span>
    </p>
   </div>
   <div class='ocr_carea' id='block_1_29' title="bbox 968 635 1507 670">
    <p class='ocr_par' dir='ltr' id='par_1_29' title="bbox 968 635 1507 670">
     <span class='ocr_line' id='line_1_29' title="bbox 968 635 1507 670; baseline -0.002 -7"><span class='ocrx_word' id='word_1_174' title='bbox 968 643 1030 663; x_wconf 85' lang='lat' dir='ltr'><strong>cum</strong></span> <span class='ocrx_word' id='word_1_175' title='bbox 1046 635 1152 663; x_wconf 84' lang='lat' dir='ltr'><strong>caeteris</strong></span> <span class='ocrx_word' id='word_1_176' title='bbox 1166 635 1336 670; x_wconf 74' lang='lat' dir='ltr'><strong>sapientibus</strong></span> <span class='ocrx_word' id='word_1_177' title='bbox 1349 635 1507 670; x_wconf 79' lang='lat' dir='ltr'><strong>Babylonis.</strong></span> 
     </span>
    </p>
   </div>
   <div class='ocr_carea' id='block_1_30' title="bbox 1003 724 1753 760">
    <p class='ocr_par' dir='ltr' id='par_1_30' title="bbox 1003 724 1753 760">
     <span class='ocr_line' id='line_1_30' title="bbox 1003 724 1753 760; baseline -0.001 -7"><span class='ocrx_word' id='word_1_178' title='bbox 1003 726 1046 754; x_wconf 89' lang='lat' dir='ltr'><strong>l9.</strong></span> <span class='ocrx_word' id='word_1_179' title='bbox 1067 725 1144 754; x_wconf 87' lang='lat' dir='ltr'><strong>Tunc</strong></span> <span class='ocrx_word' id='word_1_180' title='bbox 1157 725 1261 753; x_wconf 84' lang='lat' dir='ltr'><strong>Danieli</strong></span> <span class='ocrx_word' id='word_1_181' title='bbox 1291 725 1318 752; x_wconf 91' lang='lat' dir='ltr'><strong>in</strong></span> <span class='ocrx_word' id='word_1_182' title='bbox 1350 725 1454 754; x_wconf 84' lang='lat' dir='ltr'><strong>visione</strong></span> <span class='ocrx_word' id='word_1_183' title='bbox 1484 725 1575 753; x_wconf 91' lang='lat' dir='ltr'><strong>noctis</strong></span> <span class='ocrx_word' id='word_1_184' title='bbox 1592 724 1753 760; x_wconf 82' lang='lat' dir='ltr'><strong>mysterium</strong></span> 
     </span>
    </p>
   </div>
   <div class='ocr_carea' id='block_1_31' title="bbox 967 770 1755 804">
    <p class='ocr_par' dir='ltr' id='par_1_31' title="bbox 967 770 1755 804">
     <span class='ocr_line' id='line_1_31' title="bbox 967 770 1755 804; baseline -0.003 -4"><span class='ocrx_word' id='word_1_185' title='bbox 967 773 1116 800; x_wconf 88' lang='lat' dir='ltr'><strong>revelatum</strong></span> <span class='ocrx_word' id='word_1_186' title='bbox 1135 776 1178 800; x_wconf 88' lang='lat' dir='ltr'><strong>est</strong></span> <span class='ocrx_word' id='word_1_187' title='bbox 1192 780 1199 800; x_wconf 90' lang='lat'><strong>:</strong></span> <span class='ocrx_word' id='word_1_188' title='bbox 1213 776 1240 799; x_wconf 88' lang='lat' dir='ltr'><strong>et</strong></span> <span class='ocrx_word' id='word_1_189' title='bbox 1255 771 1393 799; x_wconf 83' lang='lat' dir='ltr'><strong>benedixit</strong></span> <span class='ocrx_word' id='word_1_190' title='bbox 1408 771 1493 799; x_wconf 91' lang='lat' dir='ltr'><strong>Deum</strong></span> <span class='ocrx_word' id='word_1_191' title='bbox 1519 770 1580 798; x_wconf 86' lang='lat' dir='ltr'><strong>coeli</strong></span> <span class='ocrx_word' id='word_1_192' title='bbox 1608 770 1712 804; x_wconf 80' lang='lat' dir='ltr'><strong>Daniel,</strong></span> <span class='ocrx_word' id='word_1_193' title='bbox 1727 775 1755 798; x_wconf 85' lang='lat' dir='ltr'><strong>et</strong></span> 
     </span>
    </p>
   </div>
   <div class='ocr_carea' id='block_1_32' title="bbox 966 818 1059 846">
    <p class='ocr_par' dir='ltr' id='par_1_32' title="bbox 966 818 1059 846">
     <span class='ocr_line' id='line_1_32' title="bbox 966 818 1059 846; baseline -0.022 0"><span class='ocrx_word' id='word_1_194' title='bbox 966 818 1034 846; x_wconf 87' lang='lat' dir='ltr'><strong>dixit</strong></span> <span class='ocrx_word' id='word_1_195' title='bbox 1052 826 1059 844; x_wconf 91' lang='lat'><strong>:</strong></span> 
     </span>
    </p>
   </div>
   <div class='ocr_carea' id='block_1_33' title="bbox 160 847 915 902">
    <p class='ocr_par' dir='ltr' id='par_1_33' title="bbox 160 847 915 902">
     <span class='ocr_line' id='line_1_33' title="bbox 160 847 915 902; baseline 0 -8"><span class='ocrx_word' id='word_1_196' title='bbox 436 847 565 893; x_wconf 49' lang='lat' dir='ltr'><strong>eadem;</strong></span> <span class='ocrx_word' id='word_1_197' title='bbox 589 867 768 902; x_wconf 83' lang='grc' dir='ltr'>εύλογημένον</span> <span class='ocrx_word' id='word_1_198' title='bbox 790 867 844 894; x_wconf 86' lang='grc' dir='ltr'>ἀπδ</span> <span class='ocrx_word' id='word_1_199' title='bbox 869 866 915 894; x_wconf 80' lang='grc' dir='ltr'><strong>τοῦ</strong></span> 
     </span>
    </p>
   </div>
   <div class='ocr_carea' id='block_1_34' title="bbox 982 847 1756 902">
    <p class='ocr_par' dir='ltr' id='par_1_34' title="bbox 1003 862 1756 892">
     <span class='ocr_line' id='line_1_34' title="bbox 1003 862 1756 892; baseline -0.004 -1"><span class='ocrx_word' id='word_1_200' title='bbox 1003 864 1048 891; x_wconf 78' lang='grc'><strong>20.</strong></span> <span class='ocrx_word' id='word_1_201' title='bbox 1082 863 1124 892; x_wconf 87' lang='lat' dir='ltr'><strong>Sit</strong></span> <span class='ocrx_word' id='word_1_202' title='bbox 1152 871 1250 891; x_wconf 88' lang='lat' dir='ltr'><strong>nomen</strong></span> <span class='ocrx_word' id='word_1_203' title='bbox 1270 863 1318 891; x_wconf 86' lang='lat' dir='ltr'><strong>Dei</strong></span> <span class='ocrx_word' id='word_1_204' title='bbox 1350 863 1520 891; x_wconf 84' lang='lat' dir='ltr'><strong>benedictum</strong></span> <span class='ocrx_word' id='word_1_205' title='bbox 1553 870 1568 890; x_wconf 94' lang='lat' dir='ltr'><strong>a</strong></span> <span class='ocrx_word' id='word_1_206' title='bbox 1603 862 1704 890; x_wconf 57' lang='lat' dir='ltr'><strong>seculo</strong></span> <span class='ocrx_word' id='word_1_207' title='bbox 1727 867 1756 889; x_wconf 83' lang='lat' dir='ltr'><strong>et</strong></span> 
     </span>
    </p>
   </div>
   <div class='ocr_carea' id='block_1_35' title="bbox 124 911 918 948">
    <p class='ocr_par' dir='ltr' id='par_1_35' title="bbox 124 911 918 948">
     <span class='ocr_line' id='line_1_35' title="bbox 124 911 918 948; baseline 0 -9"><span class='ocrx_word' id='word_1_208' title='bbox 124 912 235 944; x_wconf 74' lang='grc' dir='ltr'>αἰῶνος,</span> <span class='ocrx_word' id='word_1_209' title='bbox 249 913 296 939; x_wconf 71' lang='grc' dir='ltr'><strong>καὶ</strong></span> <span class='ocrx_word' id='word_1_210' title='bbox 309 912 362 944; x_wconf 69' lang='grc' dir='ltr'><strong>ἕως</strong></span> <span class='ocrx_word' id='word_1_211' title='bbox 377 911 423 938; x_wconf 75' lang='grc' dir='ltr'>τοῦ</span> <span class='ocrx_word' id='word_1_212' title='bbox 441 911 549 945; x_wconf 81' lang='grc' dir='ltr'>αἰῶνος,</span> <span class='ocrx_word' id='word_1_213' title='bbox 561 912 602 939; x_wconf 82' lang='grc' dir='ltr'>ὅτι</span> <span class='ocrx_word' id='word_1_214' title='bbox 616 914 632 948; x_wconf 84' lang='grc' dir='ltr'><strong>ὴ</strong></span> <span class='ocrx_word' id='word_1_215' title='bbox 651 913 733 948; x_wconf 80' lang='grc' dir='ltr'>σοφία</span> <span class='ocrx_word' id='word_1_216' title='bbox 761 913 809 940; x_wconf 77' lang='grc' dir='ltr'>καὶ</span> <span class='ocrx_word' id='word_1_217' title='bbox 822 913 838 948; x_wconf 85' lang='grc' dir='ltr'><strong>ἡ</strong></span> <span class='ocrx_word' id='word_1_218' title='bbox 857 912 918 939; x_wconf 88' lang='grc' dir='ltr'>σύν-</span> 
     </span>
    </p>
   </div>
   <div class='ocr_carea' id='block_1_36' title="bbox 125 957 362 990">
    <p class='ocr_par' dir='ltr' id='par_1_36' title="bbox 125 957 362 990">
     <span class='ocr_line' id='line_1_36' title="bbox 125 957 362 990; baseline 0.004 -6"><span class='ocrx_word' id='word_1_219' title='bbox 125 966 185 990; x_wconf 70' lang='grc' dir='ltr'>εσις</span> <span class='ocrx_word' id='word_1_220' title='bbox 196 957 280 984; x_wconf 75' lang='grc' dir='ltr'>αὐτοῦ</span> <span class='ocrx_word' id='word_1_221' title='bbox 293 958 362 985; x_wconf 77' lang='grc' dir='ltr'>ἐστι.</span> 
     </span>
    </p>
   </div>
   <div class='ocr_carea' id='block_1_37' title="bbox 161 1003 919 1039">
    <p class='ocr_par' dir='ltr' id='par_1_37' title="bbox 161 1003 919 1039">
     <span class='ocr_line' id='line_1_37' title="bbox 161 1003 919 1039; baseline -0.001 -8"><span class='ocrx_word' id='word_1_222' title='bbox 161 1004 209 1031; x_wconf 77' lang='grc'><strong>21.</strong></span> <span class='ocrx_word' id='word_1_223' title='bbox 226 1004 283 1030; x_wconf 76' lang='grc' dir='ltr'><strong>Καὶ</strong></span> <span class='ocrx_word' id='word_1_224' title='bbox 296 1004 378 1035; x_wconf 77' lang='grc' dir='ltr'>αὐτὸς</span> <span class='ocrx_word' id='word_1_225' title='bbox 392 1004 494 1031; x_wconf 84' lang='grc' dir='ltr'>ἀλλοιοῖ</span> <span class='ocrx_word' id='word_1_226' title='bbox 508 1003 621 1039; x_wconf 81' lang='grc' dir='ltr'>καιροὺς</span> <span class='ocrx_word' id='word_1_227' title='bbox 646 1004 694 1030; x_wconf 75' lang='grc' dir='ltr'>καὶ</span> <span class='ocrx_word' id='word_1_228' title='bbox 716 1003 839 1039; x_wconf 84' lang='grc' dir='ltr'>χρόνους,</span> <span class='ocrx_word' id='word_1_229' title='bbox 852 1004 919 1030; x_wconf 81' lang='grc' dir='ltr'>καθ-</span> 
     </span>
    </p>
   </div>
   <div class='ocr_carea' id='block_1_38' title="bbox 127 1049 917 1086">
    <p class='ocr_par' dir='ltr' id='par_1_38' title="bbox 127 1049 917 1086">
     <span class='ocr_line' id='line_1_38' title="bbox 127 1049 917 1086; baseline -0.001 -9"><span class='ocrx_word' id='word_1_230' title='bbox 127 1050 190 1086; x_wconf 73' lang='grc' dir='ltr'>ιστᾷ</span> <span class='ocrx_word' id='word_1_231' title='bbox 203 1049 323 1085; x_wconf 84' lang='grc' dir='ltr'>βασιλεῖς</span> <span class='ocrx_word' id='word_1_232' title='bbox 349 1050 396 1076; x_wconf 77' lang='grc' dir='ltr'>καὶ</span> <span class='ocrx_word' id='word_1_233' title='bbox 417 1049 547 1086; x_wconf 79' lang='grc' dir='ltr'>μεθιστᾷ,</span> <span class='ocrx_word' id='word_1_234' title='bbox 575 1049 664 1082; x_wconf 73' lang='grc' dir='ltr'>διδοὺς</span> <span class='ocrx_word' id='word_1_235' title='bbox 685 1050 781 1085; x_wconf 85' lang='grc' dir='ltr'>σοφίαν</span> <span class='ocrx_word' id='word_1_236' title='bbox 801 1051 857 1081; x_wconf 85' lang='grc' dir='ltr'>τοῖς</span> <span class='ocrx_word' id='word_1_237' title='bbox 872 1058 917 1076; x_wconf 82' lang='grc' dir='ltr'>σο-</span> 
     </span>
    </p>
   </div>
   <div class='ocr_carea' id='block_1_39' title="bbox 127 1095 704 1131">
    <p class='ocr_par' dir='ltr' id='par_1_39' title="bbox 127 1095 704 1131">
     <span class='ocr_line' id='line_1_39' title="bbox 127 1095 704 1131; baseline 0 -9"><span class='ocrx_word' id='word_1_238' title='bbox 127 1097 199 1131; x_wconf 81' lang='grc' dir='ltr'>φοῖς,</span> <span class='ocrx_word' id='word_1_239' title='bbox 216 1095 266 1122; x_wconf 74' lang='grc' dir='ltr'>καὶ</span> <span class='ocrx_word' id='word_1_240' title='bbox 282 1095 413 1131; x_wconf 83' lang='grc' dir='ltr'>φρόνησιν</span> <span class='ocrx_word' id='word_1_241' title='bbox 423 1096 480 1128; x_wconf 85' lang='grc' dir='ltr'>τοῖς</span> <span class='ocrx_word' id='word_1_242' title='bbox 490 1095 573 1122; x_wconf 75' lang='grc' dir='ltr'>εἰδόσι</span> <span class='ocrx_word' id='word_1_243' title='bbox 586 1095 704 1122; x_wconf 82' lang='grc' dir='ltr'>σύνεσιν.</span> 
     </span>
    </p>
   </div>
   <div class='ocr_carea' id='block_1_40' title="bbox 161 1139 917 1177">
    <p class='ocr_par' dir='ltr' id='par_1_40' title="bbox 161 1139 917 1177">
     <span class='ocr_line' id='line_1_40' title="bbox 161 1139 917 1177; baseline 0 -9"><span class='ocrx_word' id='word_1_244' title='bbox 161 1141 208 1169; x_wconf 84' lang='grc'><strong>22.</strong></span> <span class='ocrx_word' id='word_1_245' title='bbox 224 1141 311 1173; x_wconf 76' lang='grc' dir='ltr'>Αὐτὸς</span> <span class='ocrx_word' id='word_1_246' title='bbox 336 1141 524 1168; x_wconf 79' lang='grc' dir='ltr'>ἀποκαλύπτει</span> <span class='ocrx_word' id='word_1_247' title='bbox 565 1140 649 1177; x_wconf 78' lang='grc' dir='ltr'>βαθέα</span> <span class='ocrx_word' id='word_1_248' title='bbox 688 1141 737 1168; x_wconf 77' lang='grc' dir='ltr'>καὶ</span> <span class='ocrx_word' id='word_1_249' title='bbox 759 1139 917 1176; x_wconf 84' lang='grc' dir='ltr'>ἁπόκρυφα,</span> 
     </span>
    </p>
   </div>
   <div class='ocr_carea' id='block_1_41' title="bbox 126 1186 917 1223">
    <p class='ocr_par' dir='ltr' id='par_1_41' title="bbox 126 1186 917 1223">
     <span class='ocr_line' id='line_1_41' title="bbox 126 1186 917 1223; baseline -0.001 -9"><span class='ocrx_word' id='word_1_250' title='bbox 126 1187 271 1221; x_wconf 81' lang='grc' dir='ltr'>γινώσκων</span> <span class='ocrx_word' id='word_1_251' title='bbox 284 1187 318 1214; x_wconf 82' lang='grc' dir='ltr'><strong>τὰ</strong></span> <span class='ocrx_word' id='word_1_252' title='bbox 338 1188 367 1214; x_wconf 84' lang='grc' dir='ltr'>ὲν</span> <span class='ocrx_word' id='word_1_253' title='bbox 379 1187 417 1223; x_wconf 82' lang='grc' dir='ltr'><strong>τῷ</strong></span> <span class='ocrx_word' id='word_1_254' title='bbox 433 1188 542 1221; x_wconf 83' lang='grc' dir='ltr'>σκότει,</span> <span class='ocrx_word' id='word_1_255' title='bbox 567 1187 616 1215; x_wconf 73' lang='grc' dir='ltr'>καὶ</span> <span class='ocrx_word' id='word_1_256' title='bbox 634 1187 664 1214; x_wconf 82' lang='grc' dir='ltr'><strong>τὺ</strong></span> <span class='ocrx_word' id='word_1_257' title='bbox 688 1187 744 1222; x_wconf 82' lang='grc' dir='ltr'>φῶς</span> <span class='ocrx_word' id='word_1_258' title='bbox 765 1188 824 1223; x_wconf 81' lang='grc' dir='ltr'>μετ’</span> <span class='ocrx_word' id='word_1_259' title='bbox 835 1186 917 1214; x_wconf 81' lang='grc' dir='ltr'>αὑτοῦ</span> 
     </span>
    </p>
   </div>
   <div class='ocr_carea' id='block_1_42' title="bbox 127 1235 199 1260">
    <p class='ocr_par' dir='ltr' id='par_1_42' title="bbox 127 1235 199 1260">
     <span class='ocr_line' id='line_1_42' title="bbox 127 1235 199 1260; baseline 0 0"><span class='ocrx_word' id='word_1_260' title='bbox 127 1235 199 1260; x_wconf 69' lang='grc' dir='ltr'>ἐστι.</span> 
     </span>
    </p>
   </div>
   <div class='ocr_carea' id='block_1_43' title="bbox 163 1279 918 1315">
    <p class='ocr_par' dir='ltr' id='par_1_43' title="bbox 163 1279 918 1315">
     <span class='ocr_line' id='line_1_43' title="bbox 163 1279 918 1315; baseline 0 -9"><span class='ocrx_word' id='word_1_261' title='bbox 163 1279 209 1306; x_wconf 81' lang='grc'><strong>25.</strong></span> <span class='ocrx_word' id='word_1_262' title='bbox 226 1279 285 1311; x_wconf 81' lang='grc' dir='ltr'>Σοὶ,</span> <span class='ocrx_word' id='word_1_263' title='bbox 304 1279 318 1306; x_wconf 84' lang='grc' dir='ltr'><strong>ὁ</strong></span> <span class='ocrx_word' id='word_1_264' title='bbox 330 1279 397 1311; x_wconf 79' lang='grc' dir='ltr'>Θεὸς</span> <span class='ocrx_word' id='word_1_265' title='bbox 410 1279 465 1307; x_wconf 84' lang='grc' dir='ltr'><strong>τῶν</strong></span> <span class='ocrx_word' id='word_1_266' title='bbox 477 1279 603 1315; x_wconf 81' lang='grc' dir='ltr'>πατέρων</span> <span class='ocrx_word' id='word_1_267' title='bbox 624 1288 686 1314; x_wconf 87' lang='grc' dir='ltr'>μου,</span> <span class='ocrx_word' id='word_1_268' title='bbox 704 1279 918 1315; x_wconf 78' lang='grc' dir='ltr'>ὲξομολογοῦμαι</span> 
     </span>
    </p>
   </div>
   <div class='ocr_carea' id='block_1_44' title="bbox 126 1325 919 1361">
    <p class='ocr_par' dir='ltr' id='par_1_44' title="bbox 126 1325 919 1361">
     <span class='ocr_line' id='line_1_44' title="bbox 126 1325 919 1361; baseline -0.001 -8"><span class='ocrx_word' id='word_1_269' title='bbox 126 1326 177 1354; x_wconf 77' lang='grc' dir='ltr'>καὶ</span> <span class='ocrx_word' id='word_1_270' title='bbox 187 1326 264 1358; x_wconf 64' lang='lat' dir='ltr'><strong>alvi),</strong></span> <span class='ocrx_word' id='word_1_271' title='bbox 276 1326 317 1352; x_wconf 86' lang='grc' dir='ltr'>ὅτι</span> <span class='ocrx_word' id='word_1_272' title='bbox 328 1326 424 1360; x_wconf 85' lang='grc' dir='ltr'>σοφίαν</span> <span class='ocrx_word' id='word_1_273' title='bbox 448 1326 495 1352; x_wconf 79' lang='grc' dir='ltr'>καὶ</span> <span class='ocrx_word' id='word_1_274' title='bbox 504 1325 618 1361; x_wconf 83' lang='grc' dir='ltr'>δύναμιν</span> <span class='ocrx_word' id='word_1_275' title='bbox 627 1326 730 1358; x_wconf 73' lang='grc' dir='ltr'><strong>ἔδωκάς</strong></span> <span class='ocrx_word' id='word_1_276' title='bbox 744 1334 800 1361; x_wconf 88' lang='grc' dir='ltr'>μοι,</span> <span class='ocrx_word' id='word_1_277' title='bbox 812 1326 860 1352; x_wconf 81' lang='grc' dir='ltr'>καὶ</span> <span class='ocrx_word' id='word_1_278' title='bbox 871 1325 919 1352; x_wconf 86' lang='grc' dir='ltr'>νῦν</span> 
     </span>
    </p>
   </div>
   <div class='ocr_carea' id='block_1_45' title="bbox 126 1370 920 1408">
    <p class='ocr_par' dir='ltr' id='par_1_45' title="bbox 126 1370 920 1408">
     <span class='ocr_line' id='line_1_45' title="bbox 126 1370 920 1408; baseline 0 -10"><span class='ocrx_word' id='word_1_279' title='bbox 126 1372 282 1408; x_wconf 72' lang='grc' dir='ltr'>ἐγνώρισάς</span> <span class='ocrx_word' id='word_1_280' title='bbox 307 1381 351 1407; x_wconf 89' lang='grc' dir='ltr'><strong>μοι</strong></span> <span class='ocrx_word' id='word_1_281' title='bbox 375 1372 393 1399; x_wconf 79' lang='grc' dir='ltr'>ἃ</span> <span class='ocrx_word' id='word_1_282' title='bbox 416 1372 574 1408; x_wconf 74' lang='grc' dir='ltr'>ἠξιώσαμεν</span> <span class='ocrx_word' id='word_1_283' title='bbox 599 1372 674 1408; x_wconf 82' lang='grc' dir='ltr'>παρὰ</span> <span class='ocrx_word' id='word_1_284' title='bbox 694 1372 751 1406; x_wconf 81' lang='grc' dir='ltr'>σοῦ,</span> <span class='ocrx_word' id='word_1_285' title='bbox 767 1372 815 1399; x_wconf 79' lang='grc' dir='ltr'>καὶ</span> <span class='ocrx_word' id='word_1_286' title='bbox 831 1371 873 1399; x_wconf 83' lang='grc' dir='ltr'>ὃτι</span> <span class='ocrx_word' id='word_1_287' title='bbox 887 1370 920 1398; x_wconf 74' lang='grc' dir='ltr'><strong>τὸ</strong></span> 
     </span>
    </p>
   </div>
   <div class='ocr_carea' id='block_1_46' title="bbox 126 1419 845 1455">
    <p class='ocr_par' dir='ltr' id='par_1_46' title="bbox 126 1419 845 1455">
     <span class='ocr_line' id='line_1_46' title="bbox 126 1419 845 1455; baseline 0 -10"><span class='ocrx_word' id='word_1_288' title='bbox 126 1419 222 1455; x_wconf 71' lang='grc' dir='ltr'>ὅραμα</span> <span class='ocrx_word' id='word_1_289' title='bbox 236 1419 283 1446; x_wconf 80' lang='grc' dir='ltr'><strong>τοῦ</strong></span> <span class='ocrx_word' id='word_1_290' title='bbox 300 1419 432 1453; x_wconf 80' lang='grc' dir='ltr'>βασιλέως</span> <span class='ocrx_word' id='word_1_291' title='bbox 451 1419 602 1455; x_wconf 70' lang='grc' dir='ltr'>ἐγνώρισάς</span> <span class='ocrx_word' id='word_1_292' title='bbox 617 1427 673 1454; x_wconf 87' lang='grc' dir='ltr'>μοι.</span> <span class='ocrx_word' id='word_1_293' title='bbox 842 1444 845 1448; x_wconf 83' lang='grc'><strong>,</strong></span> 
     </span>
    </p>
   </div>
   <div class='ocr_carea' id='block_1_47' title="bbox 162 1462 919 1500">
    <p class='ocr_par' dir='ltr' id='par_1_47' title="bbox 162 1462 919 1500">
     <span class='ocr_line' id='line_1_47' title="bbox 162 1462 919 1500; baseline 0 -9"><span class='ocrx_word' id='word_1_294' title='bbox 162 1464 210 1491; x_wconf 68' lang='grc'><strong>24.</strong></span> <span class='ocrx_word' id='word_1_295' title='bbox 231 1464 286 1490; x_wconf 72' lang='grc' dir='ltr'>Καὶ</span> <span class='ocrx_word' id='word_1_296' title='bbox 303 1463 403 1496; x_wconf 82' lang='grc' dir='ltr'><strong>εὐθέως</strong></span> <span class='ocrx_word' id='word_1_297' title='bbox 411 1462 476 1499; x_wconf 83' lang='grc' dir='ltr'>ἦλθε</span> <span class='ocrx_word' id='word_1_298' title='bbox 486 1463 587 1499; x_wconf 84' lang='grc' dir='ltr'>Δανιὴλ</span> <span class='ocrx_word' id='word_1_299' title='bbox 601 1463 670 1500; x_wconf 75' lang='grc' dir='ltr'>πρὸς</span> <span class='ocrx_word' id='word_1_300' title='bbox 690 1463 800 1500; x_wconf 82' lang='grc' dir='ltr'>Ἀριὼχ,</span> <span class='ocrx_word' id='word_1_301' title='bbox 812 1464 841 1491; x_wconf 88' lang='grc' dir='ltr'>ὃν</span> <span class='ocrx_word' id='word_1_302' title='bbox 853 1473 919 1491; x_wconf 58' lang='grc' dir='ltr'>κατα</span> 
     </span>
    </p>
   </div>
   <div class='ocr_carea' id='block_1_48' title="bbox 969 908 1754 945">
    <p class='ocr_par' dir='ltr' id='par_1_48' title="bbox 969 908 1754 945">
     <span class='ocr_line' id='line_1_48' title="bbox 969 908 1754 945; baseline -0.004 -7"><span class='ocrx_word' id='word_1_303' title='bbox 969 917 1056 945; x_wconf 86' lang='lat' dir='ltr'><strong>usque</strong></span> <span class='ocrx_word' id='word_1_304' title='bbox 1072 910 1098 937; x_wconf 95' lang='lat' dir='ltr'><strong>in</strong></span> <span class='ocrx_word' id='word_1_305' title='bbox 1114 909 1244 937; x_wconf 63' lang='lat' dir='ltr'><strong>sarculum</strong></span> <span class='ocrx_word' id='word_1_306' title='bbox 1259 916 1266 935; x_wconf 86' lang='lat'>:</span> <span class='ocrx_word' id='word_1_307' title='bbox 1286 909 1350 944; x_wconf 91' lang='lat' dir='ltr'><strong>quia</strong></span> <span class='ocrx_word' id='word_1_308' title='bbox 1365 909 1497 944; x_wconf 80' lang='lat' dir='ltr'><strong>sapientia</strong></span> <span class='ocrx_word' id='word_1_309' title='bbox 1524 913 1552 936; x_wconf 84' lang='lat' dir='ltr'><strong>et</strong></span> <span class='ocrx_word' id='word_1_310' title='bbox 1576 908 1754 943; x_wconf 73' lang='lat' dir='ltr'><strong>intelligentia</strong></span> 
     </span>
    </p>
   </div>
   <div class='ocr_carea' id='block_1_49' title="bbox 968 955 1115 991">
    <p class='ocr_par' dir='ltr' id='par_1_49' title="bbox 968 955 1115 991">
     <span class='ocr_line' id='line_1_49' title="bbox 968 955 1115 991; baseline -0.007 -8"><span class='ocrx_word' id='word_1_311' title='bbox 968 955 1028 991; x_wconf 86' lang='lat' dir='ltr'><strong>ejus</strong></span> <span class='ocrx_word' id='word_1_312' title='bbox 1041 959 1115 983; x_wconf 88' lang='lat' dir='ltr'><strong>sunt.</strong></span> 
     </span>
    </p>
   </div>
   <div class='ocr_carea' id='block_1_50' title="bbox 1002 1000 1756 1036">
    <p class='ocr_par' dir='ltr' id='par_1_50' title="bbox 1002 1000 1756 1036">
     <span class='ocr_line' id='line_1_50' title="bbox 1002 1000 1756 1036; baseline -0.001 -8"><span class='ocrx_word' id='word_1_313' title='bbox 1002 1001 1047 1028; x_wconf 81' lang='grc'><strong>21.</strong></span> <span class='ocrx_word' id='word_1_314' title='bbox 1067 1001 1100 1028; x_wconf 84' lang='lat' dir='ltr'><strong>Et</strong></span> <span class='ocrx_word' id='word_1_315' title='bbox 1116 1000 1173 1036; x_wconf 85' lang='lat' dir='ltr'><strong>ipse</strong></span> <span class='ocrx_word' id='word_1_316' title='bbox 1187 1004 1275 1028; x_wconf 83' lang='lat' dir='ltr'><strong>mutat</strong></span> <span class='ocrx_word' id='word_1_317' title='bbox 1288 1005 1409 1036; x_wconf 89' lang='lat' dir='ltr'><strong>tempora</strong></span> <span class='ocrx_word' id='word_1_318' title='bbox 1438 1004 1466 1028; x_wconf 86' lang='lat' dir='ltr'><strong>et</strong></span> <span class='ocrx_word' id='word_1_319' title='bbox 1484 1005 1589 1033; x_wconf 63' lang='lat' dir='ltr'><strong>aetates,</strong></span> <span class='ocrx_word' id='word_1_320' title='bbox 1613 1000 1756 1028; x_wconf 84' lang='lat' dir='ltr'><strong>constituit</strong></span> 
     </span>
    </p>
   </div>
   <div class='ocr_carea' id='block_1_51' title="bbox 967 1045 1755 1082">
    <p class='ocr_par' dir='ltr' id='par_1_51' title="bbox 967 1045 1755 1082">
     <span class='ocr_line' id='line_1_51' title="bbox 967 1045 1755 1082; baseline -0.003 -7"><span class='ocrx_word' id='word_1_321' title='bbox 967 1055 1045 1082; x_wconf 75' lang='lat' dir='ltr'><strong>reges</strong></span> <span class='ocrx_word' id='word_1_322' title='bbox 1069 1051 1097 1075; x_wconf 89' lang='lat' dir='ltr'><strong>ct</strong></span> <span class='ocrx_word' id='word_1_323' title='bbox 1122 1046 1255 1079; x_wconf 83' lang='lat' dir='ltr'><strong>destituit,</strong></span> <span class='ocrx_word' id='word_1_324' title='bbox 1274 1047 1342 1074; x_wconf 89' lang='lat' dir='ltr'><strong>dans</strong></span> <span class='ocrx_word' id='word_1_325' title='bbox 1359 1046 1522 1082; x_wconf 86' lang='lat' dir='ltr'><strong>sapientiam</strong></span> <span class='ocrx_word' id='word_1_326' title='bbox 1538 1045 1717 1081; x_wconf 80' lang='lat' dir='ltr'><strong>sapientibus,</strong></span> <span class='ocrx_word' id='word_1_327' title='bbox 1727 1049 1755 1073; x_wconf 89' lang='lat' dir='ltr'><strong>et</strong></span> 
     </span>
    </p>
   </div>
   <div class='ocr_carea' id='block_1_52' title="bbox 968 1092 1566 1128">
    <p class='ocr_par' dir='ltr' id='par_1_52' title="bbox 968 1092 1566 1128">
     <span class='ocr_line' id='line_1_52' title="bbox 968 1092 1566 1128; baseline -0.003 -8"><span class='ocrx_word' id='word_1_328' title='bbox 968 1093 1139 1128; x_wconf 89' lang='lat' dir='ltr'><strong>prudentiam</strong></span> <span class='ocrx_word' id='word_1_329' title='bbox 1156 1092 1370 1128; x_wconf 74' lang='lat' dir='ltr'><strong>intelligentibus</strong></span> <span class='ocrx_word' id='word_1_330' title='bbox 1382 1092 1566 1127; x_wconf 83' lang='lat' dir='ltr'><strong>disciplinam.</strong></span> 
     </span>
    </p>
   </div>
   <div class='ocr_carea' id='block_1_53' title="bbox 1002 1137 1753 1174">
    <p class='ocr_par' dir='ltr' id='par_1_53' title="bbox 1002 1137 1753 1174">
     <span class='ocr_line' id='line_1_53' title="bbox 1002 1137 1753 1174; baseline -0.003 -8"><span class='ocrx_word' id='word_1_331' title='bbox 1002 1139 1047 1166; x_wconf 72' lang='lat'><strong>22.</strong></span> <span class='ocrx_word' id='word_1_332' title='bbox 1070 1139 1129 1174; x_wconf 87' lang='lat' dir='ltr'><strong>ipse</strong></span> <span class='ocrx_word' id='word_1_333' title='bbox 1146 1138 1247 1166; x_wconf 89' lang='lat' dir='ltr'><strong>revelat</strong></span> <span class='ocrx_word' id='word_1_334' title='bbox 1261 1137 1396 1172; x_wconf 81' lang='lat' dir='ltr'><strong>profunda</strong></span> <span class='ocrx_word' id='word_1_335' title='bbox 1420 1142 1446 1165; x_wconf 88' lang='lat' dir='ltr'><strong>et</strong></span> <span class='ocrx_word' id='word_1_336' title='bbox 1458 1137 1629 1170; x_wconf 88' lang='lat' dir='ltr'><strong>abscondita,</strong></span> <span class='ocrx_word' id='word_1_337' title='bbox 1649 1144 1753 1172; x_wconf 62' lang='lat' dir='ltr'><strong>cogam</strong></span> 
     </span>
    </p>
   </div>
   <div class='ocr_carea' id='block_1_54' title="bbox 968 1183 1597 1220">
    <p class='ocr_par' dir='ltr' id='par_1_54' title="bbox 968 1183 1597 1220">
     <span class='ocr_line' id='line_1_54' title="bbox 968 1183 1597 1220; baseline -0.006 -6"><span class='ocrx_word' id='word_1_338' title='bbox 968 1192 1048 1214; x_wconf 89' lang='lat' dir='ltr'><strong>sccns</strong></span> <span class='ocrx_word' id='word_1_339' title='bbox 1064 1192 1124 1220; x_wconf 75' lang='lat' dir='ltr'><strong>quae</strong></span> <span class='ocrx_word' id='word_1_340' title='bbox 1135 1184 1162 1212; x_wconf 88' lang='lat' dir='ltr'><strong>in</strong></span> <span class='ocrx_word' id='word_1_341' title='bbox 1178 1183 1307 1218; x_wconf 85' lang='lat' dir='ltr'><strong>tenebris,</strong></span> <span class='ocrx_word' id='word_1_342' title='bbox 1319 1187 1346 1211; x_wconf 89' lang='lat' dir='ltr'><strong>et</strong></span> <span class='ocrx_word' id='word_1_343' title='bbox 1361 1183 1407 1211; x_wconf 92' lang='lat' dir='ltr'><strong>lux</strong></span> <span class='ocrx_word' id='word_1_344' title='bbox 1424 1191 1487 1211; x_wconf 90' lang='lat' dir='ltr'><strong>cum</strong></span> <span class='ocrx_word' id='word_1_345' title='bbox 1502 1190 1535 1210; x_wconf 92' lang='lat' dir='ltr'><strong>eo</strong></span> <span class='ocrx_word' id='word_1_346' title='bbox 1546 1186 1597 1210; x_wconf 83' lang='lat' dir='ltr'><strong>est.</strong></span> 
     </span>
    </p>
   </div>
   <div class='ocr_carea' id='block_1_55' title="bbox 1003 1272 1754 1309">
    <p class='ocr_par' dir='ltr' id='par_1_55' title="bbox 1003 1272 1754 1309">
     <span class='ocr_line' id='line_1_55' title="bbox 1003 1272 1754 1309; baseline -0.005 -6"><span class='ocrx_word' id='word_1_347' title='bbox 1003 1274 1129 1307; x_wconf 74' lang='lat' dir='ltr'><strong>25.Tibi,</strong></span> <span class='ocrx_word' id='word_1_348' title='bbox 1145 1273 1218 1302; x_wconf 81' lang='lat' dir='ltr'><strong>Deus</strong></span> <span class='ocrx_word' id='word_1_349' title='bbox 1230 1277 1339 1309; x_wconf 85' lang='lat' dir='ltr'><strong>patrum</strong></span> <span class='ocrx_word' id='word_1_350' title='bbox 1355 1281 1492 1305; x_wconf 86' lang='lat' dir='ltr'><strong>meorum,</strong></span> <span class='ocrx_word' id='word_1_351' title='bbox 1509 1273 1642 1301; x_wconf 79' lang='lat' dir='ltr'><strong>conﬁteor</strong></span> <span class='ocrx_word' id='word_1_352' title='bbox 1653 1276 1682 1300; x_wconf 86' lang='lat' dir='ltr'><strong>et</strong></span> <span class='ocrx_word' id='word_1_353' title='bbox 1695 1272 1754 1299; x_wconf 88' lang='lat' dir='ltr'><strong>lau-</strong></span> 
     </span>
    </p>
   </div>
   <div class='ocr_carea' id='block_1_56' title="bbox 968 1317 1752 1356">
    <p class='ocr_par' dir='ltr' id='par_1_56' title="bbox 968 1317 1752 1356">
     <span class='ocr_line' id='line_1_56' title="bbox 968 1317 1752 1356; baseline -0.006 -6"><span class='ocrx_word' id='word_1_354' title='bbox 968 1322 1029 1350; x_wconf 89' lang='lat' dir='ltr'><strong>dem</strong></span> <span class='ocrx_word' id='word_1_355' title='bbox 1043 1322 1089 1355; x_wconf 90' lang='lat' dir='ltr'><strong>do,</strong></span> <span class='ocrx_word' id='word_1_356' title='bbox 1103 1321 1167 1356; x_wconf 89' lang='lat' dir='ltr'><strong>quia</strong></span> <span class='ocrx_word' id='word_1_357' title='bbox 1190 1320 1351 1355; x_wconf 84' lang='lat' dir='ltr'><strong>sapientiam</strong></span> <span class='ocrx_word' id='word_1_358' title='bbox 1384 1324 1411 1347; x_wconf 84' lang='lat' dir='ltr'><strong>et</strong></span> <span class='ocrx_word' id='word_1_359' title='bbox 1437 1319 1624 1346; x_wconf 75' lang='lat' dir='ltr'><strong>fortitudinem</strong></span> <span class='ocrx_word' id='word_1_360' title='bbox 1655 1317 1752 1346; x_wconf 79' lang='lat' dir='ltr'><strong>dedisti</strong></span> 
     </span>
    </p>
   </div>
   <div class='ocr_carea' id='block_1_57' title="bbox 968 1363 1750 1399">
    <p class='ocr_par' dir='ltr' id='par_1_57' title="bbox 968 1363 1750 1399">
     <span class='ocr_line' id='line_1_57' title="bbox 968 1363 1750 1399; baseline -0.003 -5"><span class='ocrx_word' id='word_1_361' title='bbox 968 1367 1046 1399; x_wconf 88' lang='lat' dir='ltr'><strong>mihi,</strong></span> <span class='ocrx_word' id='word_1_362' title='bbox 1060 1371 1089 1394; x_wconf 85' lang='lat' dir='ltr'><strong>et</strong></span> <span class='ocrx_word' id='word_1_363' title='bbox 1102 1373 1175 1393; x_wconf 91' lang='lat' dir='ltr'><strong>nunc</strong></span> <span class='ocrx_word' id='word_1_364' title='bbox 1190 1365 1334 1392; x_wconf 84' lang='lat' dir='ltr'><strong>ostendisti</strong></span> <span class='ocrx_word' id='word_1_365' title='bbox 1351 1364 1427 1396; x_wconf 83' lang='lat' dir='ltr'><strong>milii,</strong></span> <span class='ocrx_word' id='word_1_366' title='bbox 1457 1371 1518 1398; x_wconf 60' lang='lat' dir='ltr'><strong>qua</strong></span> <span class='ocrx_word' id='word_1_367' title='bbox 1546 1363 1703 1399; x_wconf 77' lang='lat' dir='ltr'><strong>rogavimus</strong></span> <span class='ocrx_word' id='word_1_368' title='bbox 1716 1366 1750 1398; x_wconf 77' lang='lat' dir='ltr'><strong>te,</strong></span> 
     </span>
    </p>
   </div>
   <div class='ocr_carea' id='block_1_58' title="bbox 968 1409 1616 1447">
    <p class='ocr_par' dir='ltr' id='par_1_58' title="bbox 968 1409 1616 1447">
     <span class='ocr_line' id='line_1_58' title="bbox 968 1409 1616 1447; baseline -0.003 -7"><span class='ocrx_word' id='word_1_369' title='bbox 968 1417 996 1440; x_wconf 86' lang='lat' dir='ltr'><strong>et</strong></span> <span class='ocrx_word' id='word_1_370' title='bbox 1011 1412 1075 1447; x_wconf 89' lang='lat' dir='ltr'><strong>quia</strong></span> <span class='ocrx_word' id='word_1_371' title='bbox 1091 1411 1222 1438; x_wconf 85' lang='lat' dir='ltr'><strong>visionem</strong></span> <span class='ocrx_word' id='word_1_372' title='bbox 1236 1410 1307 1444; x_wconf 76' lang='lat' dir='ltr'><strong>regis</strong></span> <span class='ocrx_word' id='word_1_373' title='bbox 1322 1414 1413 1436; x_wconf 91' lang='lat' dir='ltr'><strong>notam</strong></span> <span class='ocrx_word' id='word_1_374' title='bbox 1434 1409 1523 1437; x_wconf 76' lang='lat' dir='ltr'><strong>fecisti</strong></span> <span class='ocrx_word' id='word_1_375' title='bbox 1539 1409 1616 1438; x_wconf 69' lang='lat' dir='ltr'><strong>milii.</strong></span> 
     </span>
    </p>
   </div>
   <div class='ocr_carea' id='block_1_59' title="bbox 1003 1454 1753 1492">
    <p class='ocr_par' dir='ltr' id='par_1_59' title="bbox 1003 1454 1753 1492">
     <span class='ocr_line' id='line_1_59' title="bbox 1003 1454 1753 1492; baseline -0.001 -7"><span class='ocrx_word' id='word_1_376' title='bbox 1003 1458 1048 1485; x_wconf 76' lang='grc'><strong>24.</strong></span> <span class='ocrx_word' id='word_1_377' title='bbox 1070 1457 1103 1484; x_wconf 90' lang='grc' dir='ltr'>Ει</span> <span class='ocrx_word' id='word_1_378' title='bbox 1117 1456 1206 1484; x_wconf 82' lang='lat' dir='ltr'><strong>statim</strong></span> <span class='ocrx_word' id='word_1_379' title='bbox 1221 1456 1295 1483; x_wconf 85' lang='lat' dir='ltr'><strong>venit</strong></span> <span class='ocrx_word' id='word_1_380' title='bbox 1309 1454 1404 1484; x_wconf 82' lang='lat' dir='ltr'><strong>Daniel</strong></span> <span class='ocrx_word' id='word_1_381' title='bbox 1415 1454 1448 1485; x_wconf 88' lang='lat' dir='ltr'><strong>ad</strong></span> <span class='ocrx_word' id='word_1_382' title='bbox 1465 1455 1575 1488; x_wconf 76' lang='lat' dir='ltr'><strong>Arioell.</strong></span> <span class='ocrx_word' id='word_1_383' title='bbox 1591 1465 1672 1492; x_wconf 75' lang='lat' dir='ltr'><strong>quem</strong></span> <span class='ocrx_word' id='word_1_384' title='bbox 1687 1464 1753 1485; x_wconf 88' lang='lat' dir='ltr'><strong>con-</strong></span> 
     </span>
    </p>
   </div>
   <div class='ocr_carea' id='block_1_60' title="bbox 127 1501 915 1549">
    <p class='ocr_par' dir='ltr' id='par_1_60' title="bbox 127 1509 915 1546">
     <span class='ocr_line' id='line_1_60' title="bbox 127 1509 915 1546; baseline 0.001 -10"><span class='ocrx_word' id='word_1_385' title='bbox 127 1509 269 1546; x_wconf 73' lang='grc' dir='ltr'>έστησενό</span> <span class='ocrx_word' id='word_1_386' title='bbox 284 1509 411 1545; x_wconf 78' lang='grc' dir='ltr'>βασιλεὺς</span> <span class='ocrx_word' id='word_1_387' title='bbox 431 1510 563 1537; x_wconf 81' lang='grc' dir='ltr'>ἀπολέσαι</span> <span class='ocrx_word' id='word_1_388' title='bbox 585 1511 649 1542; x_wconf 80' lang='grc' dir='ltr'>τοὺς</span> <span class='ocrx_word' id='word_1_389' title='bbox 669 1511 768 1545; x_wconf 78' lang='grc' dir='ltr'>σοφοὺς</span> <span class='ocrx_word' id='word_1_390' title='bbox 790 1510 915 1537; x_wconf 78' lang='grc' dir='ltr'>Βαϐυλῶ-</span> 
     </span>
    </p>
   </div>
   <div class='ocr_carea' id='block_1_61' title="bbox 982 1501 1756 1549">
    <p class='ocr_par' dir='ltr' id='par_1_61' title="bbox 986 1501 1756 1539">
     <span class='ocr_line' id='line_1_61' title="bbox 986 1501 1756 1539; baseline -0.001 -7"><span class='ocrx_word' id='word_1_391' title='bbox 986 1504 1097 1532; x_wconf 84' lang='lat' dir='ltr'><strong>titucrat</strong></span> <span class='ocrx_word' id='word_1_392' title='bbox 1113 1511 1170 1535; x_wconf 90' lang='lat' dir='ltr'><strong>rex,</strong></span> <span class='ocrx_word' id='word_1_393' title='bbox 1187 1506 1218 1529; x_wconf 95' lang='lat' dir='ltr'><strong>ut</strong></span> <span class='ocrx_word' id='word_1_394' title='bbox 1239 1501 1366 1536; x_wconf 75' lang='lat' dir='ltr'><strong>perderet</strong></span> <span class='ocrx_word' id='word_1_395' title='bbox 1393 1503 1529 1538; x_wconf 85' lang='lat' dir='ltr'><strong>sapientes</strong></span> <span class='ocrx_word' id='word_1_396' title='bbox 1551 1503 1709 1539; x_wconf 77' lang='lat' dir='ltr'><strong>Babylonis,</strong></span> <span class='ocrx_word' id='word_1_397' title='bbox 1727 1507 1756 1531; x_wconf 86' lang='lat' dir='ltr'><strong>et</strong></span> 
     </span>
    </p>
   </div>
   <div class='ocr_carea' id='block_1_62' title="bbox 126 1553 917 1591">
    <p class='ocr_par' dir='ltr' id='par_1_62' title="bbox 126 1553 917 1591">
     <span class='ocr_line' id='line_1_62' title="bbox 126 1553 917 1591; baseline 0 -9"><span class='ocrx_word' id='word_1_398' title='bbox 126 1564 185 1587; x_wconf 78' lang='grc' dir='ltr'>νος,</span> <span class='ocrx_word' id='word_1_399' title='bbox 202 1555 250 1582; x_wconf 74' lang='grc' dir='ltr'>καὶ</span> <span class='ocrx_word' id='word_1_400' title='bbox 273 1553 350 1581; x_wconf 80' lang='grc' dir='ltr'>εἶπεν</span> <span class='ocrx_word' id='word_1_401' title='bbox 373 1554 448 1591; x_wconf 77' lang='grc' dir='ltr'>αὐτῷ</span> <span class='ocrx_word' id='word_1_402' title='bbox 460 1563 468 1571; x_wconf 77' lang='grc' dir='ltr'><strong><em>ο</em></strong></span> <span class='ocrx_word' id='word_1_403' title='bbox 485 1556 556 1587; x_wconf 82' lang='grc' dir='ltr'>Τοὺς</span> <span class='ocrx_word' id='word_1_404' title='bbox 582 1556 680 1589; x_wconf 76' lang='grc' dir='ltr'>σοφοὺς</span> <span class='ocrx_word' id='word_1_405' title='bbox 706 1555 866 1587; x_wconf 79' lang='grc' dir='ltr'>Βαϐυλῶνος</span> <span class='ocrx_word' id='word_1_406' title='bbox 880 1555 917 1590; x_wconf 86' lang='grc' dir='ltr'><strong>μὴ</strong></span> 
     </span>
    </p>
   </div>
   <div class='ocr_carea' id='block_1_63' title="bbox 127 1600 918 1638">
    <p class='ocr_par' dir='ltr' id='par_1_63' title="bbox 127 1600 918 1638">
     <span class='ocr_line' id='line_1_63' title="bbox 127 1600 918 1638; baseline 0 -11"><span class='ocrx_word' id='word_1_407' title='bbox 127 1601 279 1638; x_wconf 82' lang='grc' dir='ltr'>ἀπολέσῃς,</span> <span class='ocrx_word' id='word_1_408' title='bbox 292 1601 423 1635; x_wconf 84' lang='grc' dir='ltr'>είσάγαγε</span> <span class='ocrx_word' id='word_1_409' title='bbox 435 1600 464 1628; x_wconf 76' lang='grc' dir='ltr'><strong>δέ</strong></span> <span class='ocrx_word' id='word_1_410' title='bbox 480 1610 513 1637; x_wconf 83' lang='grc' dir='ltr'><strong>με</strong></span> <span class='ocrx_word' id='word_1_411' title='bbox 528 1600 644 1628; x_wconf 83' lang='grc' dir='ltr'>ὲνώπιον</span> <span class='ocrx_word' id='word_1_412' title='bbox 657 1601 704 1627; x_wconf 79' lang='grc' dir='ltr'>τοῦ</span> <span class='ocrx_word' id='word_1_413' title='bbox 720 1600 860 1636; x_wconf 79' lang='grc' dir='ltr'>βασιλέως,</span> <span class='ocrx_word' id='word_1_414' title='bbox 871 1601 918 1627; x_wconf 82' lang='grc' dir='ltr'>καὶ</span> 
     </span>
    </p>
   </div>
   <div class='ocr_carea' id='block_1_64' title="bbox 126 1645 889 1682">
    <p class='ocr_par' dir='ltr' id='par_1_64' title="bbox 126 1645 889 1682">
     <span class='ocr_line' id='line_1_64' title="bbox 126 1645 889 1682; baseline -0.001 -9"><span class='ocrx_word' id='word_1_415' title='bbox 126 1645 179 1682; x_wconf 76' lang='grc' dir='ltr'><strong>τὴν</strong></span> <span class='ocrx_word' id='word_1_416' title='bbox 191 1646 336 1682; x_wconf 83' lang='grc' dir='ltr'>σύγκρισιν</span> <span class='ocrx_word' id='word_1_417' title='bbox 345 1646 392 1673; x_wconf 78' lang='grc' dir='ltr'>τοῦ</span> <span class='ocrx_word' id='word_1_418' title='bbox 407 1647 544 1682; x_wconf 79' lang='grc' dir='ltr'>ὁράματος</span> <span class='ocrx_word' id='word_1_419' title='bbox 560 1646 705 1681; x_wconf 84' lang='grc' dir='ltr'>ἀναγγελῶ</span> <span class='ocrx_word' id='word_1_420' title='bbox 720 1646 760 1681; x_wconf 84' lang='grc' dir='ltr'>τῷ</span> <span class='ocrx_word' id='word_1_421' title='bbox 775 1646 889 1681; x_wconf 87' lang='grc' dir='ltr'>βασιλεῖ.</span> 
     </span>
    </p>
   </div>
   <div class='ocr_carea' id='block_1_65' title="bbox 164 1690 918 1728">
    <p class='ocr_par' dir='ltr' id='par_1_65' title="bbox 164 1690 918 1728">
     <span class='ocr_line' id='line_1_65' title="bbox 164 1690 918 1728; baseline -0.004 -8"><span class='ocrx_word' id='word_1_422' title='bbox 164 1693 211 1720; x_wconf 80' lang='grc'><strong>25.</strong></span> <span class='ocrx_word' id='word_1_423' title='bbox 229 1692 297 1719; x_wconf 79' lang='grc' dir='ltr'>Τότε</span> <span class='ocrx_word' id='word_1_424' title='bbox 309 1693 324 1718; x_wconf 90' lang='grc' dir='ltr'><strong>ὁ</strong></span> <span class='ocrx_word' id='word_1_425' title='bbox 341 1692 441 1728; x_wconf 81' lang='grc' dir='ltr'>Ἀριὼχ</span> <span class='ocrx_word' id='word_1_426' title='bbox 452 1693 481 1720; x_wconf 74' lang='grc' dir='ltr'>ὲν</span> <span class='ocrx_word' id='word_1_427' title='bbox 496 1693 598 1727; x_wconf 81' lang='grc' dir='ltr'>σπουδῇ</span> <span class='ocrx_word' id='word_1_428' title='bbox 614 1693 745 1727; x_wconf 81' lang='grc' dir='ltr'>είσήγαγε</span> <span class='ocrx_word' id='word_1_429' title='bbox 760 1692 805 1718; x_wconf 78' lang='grc' dir='ltr'><strong>τὸν</strong></span> <span class='ocrx_word' id='word_1_430' title='bbox 819 1690 918 1726; x_wconf 83' lang='grc' dir='ltr'>Δανιὴλ</span> 
     </span>
    </p>
   </div>
   <div class='ocr_carea' id='block_1_66' title="bbox 127 1736 919 1774">
    <p class='ocr_par' dir='ltr' id='par_1_66' title="bbox 127 1736 919 1774">
     <span class='ocr_line' id='line_1_66' title="bbox 127 1736 919 1774; baseline -0.001 -9"><span class='ocrx_word' id='word_1_431' title='bbox 127 1738 245 1766; x_wconf 68' lang='grc' dir='ltr'>ἰνώπιον</span> <span class='ocrx_word' id='word_1_432' title='bbox 254 1739 302 1765; x_wconf 84' lang='grc' dir='ltr'><strong>τοῦ</strong></span> <span class='ocrx_word' id='word_1_433' title='bbox 312 1738 452 1774; x_wconf 77' lang='grc' dir='ltr'>βασιλέως,</span> <span class='ocrx_word' id='word_1_434' title='bbox 465 1739 514 1766; x_wconf 73' lang='grc' dir='ltr'>καὶ</span> <span class='ocrx_word' id='word_1_435' title='bbox 527 1736 603 1765; x_wconf 77' lang='grc' dir='ltr'>εἴπεν</span> <span class='ocrx_word' id='word_1_436' title='bbox 613 1737 687 1773; x_wconf 83' lang='grc' dir='ltr'>αὐτῷ</span> <span class='ocrx_word' id='word_1_437' title='bbox 695 1745 702 1753; x_wconf 90' lang='grc'><strong>·</strong></span> <span class='ocrx_word' id='word_1_438' title='bbox 711 1737 823 1773; x_wconf 77' lang='grc' dir='ltr'>Εὕρηκα</span> <span class='ocrx_word' id='word_1_439' title='bbox 833 1737 919 1772; x_wconf 77' lang='grc' dir='ltr'>ἄνδρα</span> 
     </span>
    </p>
   </div>
   <div class='ocr_carea' id='block_1_67' title="bbox 128 1783 918 1819">
    <p class='ocr_par' dir='ltr' id='par_1_67' title="bbox 128 1783 918 1819">
     <span class='ocr_line' id='line_1_67' title="bbox 128 1783 918 1819; baseline -0.001 -9"><span class='ocrx_word' id='word_1_440' title='bbox 128 1784 163 1810; x_wconf 71' lang='grc' dir='ltr'>ἐκ</span> <span class='ocrx_word' id='word_1_441' title='bbox 178 1783 234 1810; x_wconf 87' lang='grc' dir='ltr'><strong>τῶν</strong></span> <span class='ocrx_word' id='word_1_442' title='bbox 253 1783 320 1810; x_wconf 85' lang='grc' dir='ltr'>υἱῶν</span> <span class='ocrx_word' id='word_1_443' title='bbox 333 1785 382 1819; x_wconf 86' lang='grc' dir='ltr'>τῆς</span> <span class='ocrx_word' id='word_1_444' title='bbox 398 1783 588 1819; x_wconf 76' lang='grc' dir='ltr'>αίχμαλωσίας</span> <span class='ocrx_word' id='word_1_445' title='bbox 603 1784 652 1819; x_wconf 84' lang='grc' dir='ltr'>τῆς</span> <span class='ocrx_word' id='word_1_446' title='bbox 674 1783 820 1816; x_wconf 82' lang='grc' dir='ltr'>Ἰουδαίας,</span> <span class='ocrx_word' id='word_1_447' title='bbox 844 1784 918 1814; x_wconf 80' lang='grc' dir='ltr'>ὅστις</span> 
     </span>
    </p>
   </div>
   <div class='ocr_carea' id='block_1_68' title="bbox 127 1830 659 1866">
    <p class='ocr_par' dir='ltr' id='par_1_68' title="bbox 127 1830 659 1866">
     <span class='ocr_line' id='line_1_68' title="bbox 127 1830 659 1866; baseline 0 -10"><span class='ocrx_word' id='word_1_448' title='bbox 127 1830 168 1866; x_wconf 78' lang='grc' dir='ltr'>τῷ</span> <span class='ocrx_word' id='word_1_449' title='bbox 183 1830 291 1865; x_wconf 82' lang='grc' dir='ltr'>βασιλεῖ</span> <span class='ocrx_word' id='word_1_450' title='bbox 304 1830 334 1857; x_wconf 81' lang='grc' dir='ltr'>τὸ</span> <span class='ocrx_word' id='word_1_451' title='bbox 348 1830 489 1865; x_wconf 83' lang='grc' dir='ltr'>σύγκριμα</span> <span class='ocrx_word' id='word_1_452' title='bbox 505 1830 659 1864; x_wconf 87' lang='grc' dir='ltr'>ἀναγγελεῖ.</span> 
     </span>
    </p>
   </div>
   <div class='ocr_carea' id='block_1_69' title="bbox 164 1873 916 1912">
    <p class='ocr_par' dir='ltr' id='par_1_69' title="bbox 164 1873 916 1912">
     <span class='ocr_line' id='line_1_69' title="bbox 164 1873 916 1912; baseline 0 -9"><span class='ocrx_word' id='word_1_453' title='bbox 164 1876 210 1903; x_wconf 74' lang='grc'><strong>26.</strong></span> <span class='ocrx_word' id='word_1_454' title='bbox 227 1877 283 1903; x_wconf 78' lang='grc' dir='ltr'><strong>Καὶ</strong></span> <span class='ocrx_word' id='word_1_455' title='bbox 301 1876 437 1911; x_wconf 78' lang='grc' dir='ltr'>ἀπεκρίθη</span> <span class='ocrx_word' id='word_1_456' title='bbox 448 1877 461 1903; x_wconf 89' lang='grc' dir='ltr'><strong>ὁ</strong></span> <span class='ocrx_word' id='word_1_457' title='bbox 475 1876 610 1912; x_wconf 85' lang='grc' dir='ltr'>βασιλεὺς,</span> <span class='ocrx_word' id='word_1_458' title='bbox 621 1876 670 1904; x_wconf 76' lang='grc' dir='ltr'><strong>καὶ</strong></span> <span class='ocrx_word' id='word_1_459' title='bbox 685 1873 746 1903; x_wconf 85' lang='grc' dir='ltr'>εἷπε</span> <span class='ocrx_word' id='word_1_460' title='bbox 759 1876 798 1912; x_wconf 83' lang='grc' dir='ltr'>τῷ</span> <span class='ocrx_word' id='word_1_461' title='bbox 809 1876 916 1912; x_wconf 82' lang='grc' dir='ltr'>Δανιὴλ,</span> 
     </span>
    </p>
   </div>
   <div class='ocr_carea' id='block_1_70' title="bbox 126 1918 918 1957">
    <p class='ocr_par' dir='ltr' id='par_1_70' title="bbox 126 1918 918 1957">
     <span class='ocr_line' id='line_1_70' title="bbox 126 1918 918 1957; baseline 0 -9"><span class='ocrx_word' id='word_1_462' title='bbox 126 1918 160 1949; x_wconf 77' lang='grc' dir='ltr'><strong>οὗ</strong></span> <span class='ocrx_word' id='word_1_463' title='bbox 177 1921 207 1948; x_wconf 85' lang='grc' dir='ltr'>τὸ</span> <span class='ocrx_word' id='word_1_464' title='bbox 222 1921 308 1956; x_wconf 65' lang='grc' dir='ltr'>ὄνομα</span> <span class='ocrx_word' id='word_1_465' title='bbox 319 1921 463 1957; x_wconf 85' lang='grc' dir='ltr'>Βαλτάσαρ</span> <span class='ocrx_word' id='word_1_466' title='bbox 472 1930 479 1937; x_wconf 92' lang='grc'><strong>·</strong></span> <span class='ocrx_word' id='word_1_467' title='bbox 489 1922 520 1948; x_wconf 75' lang='grc' dir='ltr'><strong>Εἰ</strong></span> <span class='ocrx_word' id='word_1_468' title='bbox 531 1921 643 1948; x_wconf 84' lang='grc' dir='ltr'>δύνασαί</span> <span class='ocrx_word' id='word_1_469' title='bbox 655 1930 701 1957; x_wconf 87' lang='grc' dir='ltr'><strong>μοι</strong></span> <span class='ocrx_word' id='word_1_470' title='bbox 715 1922 873 1956; x_wconf 85' lang='grc' dir='ltr'>ἀναγγεῖλαι</span> <span class='ocrx_word' id='word_1_471' title='bbox 888 1921 918 1948; x_wconf 81' lang='grc' dir='ltr'><strong>τὸ</strong></span> 
     </span>
    </p>
   </div>
   <div class='ocr_carea' id='block_1_71' title="bbox 127 1965 776 2003">
    <p class='ocr_par' dir='ltr' id='par_1_71' title="bbox 127 1965 776 2003">
     <span class='ocr_line' id='line_1_71' title="bbox 127 1965 776 2003; baseline 0 -9"><span class='ocrx_word' id='word_1_472' title='bbox 127 1967 255 1995; x_wconf 66' lang='grc' dir='ltr'>ἐνύπνιον</span> <span class='ocrx_word' id='word_1_473' title='bbox 268 1968 282 1994; x_wconf 84' lang='grc' dir='ltr'><strong>ὃ</strong></span> <span class='ocrx_word' id='word_1_474' title='bbox 295 1965 375 2000; x_wconf 85' lang='grc' dir='ltr'>εἶδον,</span> <span class='ocrx_word' id='word_1_475' title='bbox 393 1968 441 1994; x_wconf 77' lang='grc' dir='ltr'>καὶ</span> <span class='ocrx_word' id='word_1_476' title='bbox 452 1967 502 2003; x_wconf 89' lang='grc' dir='ltr'><strong>τὴν</strong></span> <span class='ocrx_word' id='word_1_477' title='bbox 517 1967 660 2003; x_wconf 86' lang='grc' dir='ltr'>σύγκρισιν</span> <span class='ocrx_word' id='word_1_478' title='bbox 677 1967 776 2000; x_wconf 83' lang='grc' dir='ltr'><strong>αὑτοῦ;</strong></span> 
     </span>
    </p>
   </div>
   <div class='ocr_carea' id='block_1_72' title="bbox 164 2012 915 2048">
    <p class='ocr_par' dir='ltr' id='par_1_72' title="bbox 164 2012 915 2048">
     <span class='ocr_line' id='line_1_72' title="bbox 164 2012 915 2048; baseline 0 -9"><span class='ocrx_word' id='word_1_479' title='bbox 164 2012 211 2039; x_wconf 81' lang='grc'><strong>27.</strong></span> <span class='ocrx_word' id='word_1_480' title='bbox 229 2013 284 2040; x_wconf 75' lang='grc' dir='ltr'><strong>Καὶ</strong></span> <span class='ocrx_word' id='word_1_481' title='bbox 299 2013 435 2048; x_wconf 83' lang='grc' dir='ltr'>ἀπεκρίθη</span> <span class='ocrx_word' id='word_1_482' title='bbox 455 2012 555 2047; x_wconf 81' lang='grc' dir='ltr'>Δανιὴλ</span> <span class='ocrx_word' id='word_1_483' title='bbox 571 2012 685 2039; x_wconf 80' lang='grc' dir='ltr'>ἐνώπιον</span> <span class='ocrx_word' id='word_1_484' title='bbox 702 2013 749 2039; x_wconf 77' lang='grc' dir='ltr'>τοῦ</span> <span class='ocrx_word' id='word_1_485' title='bbox 774 2013 915 2048; x_wconf 83' lang='grc' dir='ltr'>βασιλέως,</span> 
     </span>
    </p>
   </div>
   <div class='ocr_carea' id='block_1_73' title="bbox 128 2057 919 2095">
    <p class='ocr_par' dir='ltr' id='par_1_73' title="bbox 128 2057 919 2095">
     <span class='ocr_line' id='line_1_73' title="bbox 128 2057 919 2095; baseline -0.001 -9"><span class='ocrx_word' id='word_1_486' title='bbox 128 2059 179 2086; x_wconf 79' lang='grc' dir='ltr'><strong>καὶ</strong></span> <span class='ocrx_word' id='word_1_487' title='bbox 196 2057 290 2086; x_wconf 78' lang='grc' dir='ltr'>εἶπεν·</span> <span class='ocrx_word' id='word_1_488' title='bbox 307 2059 343 2085; x_wconf 71' lang='grc' dir='ltr'><strong>Τὸ</strong></span> <span class='ocrx_word' id='word_1_489' title='bbox 357 2059 504 2095; x_wconf 76' lang='grc' dir='ltr'>μυστήριον</span> <span class='ocrx_word' id='word_1_490' title='bbox 514 2058 528 2085; x_wconf 86' lang='grc' dir='ltr'><strong>ὃ</strong></span> <span class='ocrx_word' id='word_1_491' title='bbox 543 2059 557 2085; x_wconf 85' lang='grc' dir='ltr'><strong>ὁ</strong></span> <span class='ocrx_word' id='word_1_492' title='bbox 573 2058 697 2093; x_wconf 77' lang='grc' dir='ltr'>βασιλεὺς</span> <span class='ocrx_word' id='word_1_493' title='bbox 711 2058 847 2094; x_wconf 76' lang='grc' dir='ltr'>ἐπερωτᾷ,</span> <span class='ocrx_word' id='word_1_494' title='bbox 868 2059 919 2085; x_wconf 84' lang='grc' dir='ltr'>οὐκ</span> 
     </span>
    </p>
   </div>
   <div class='ocr_carea' id='block_1_74' title="bbox 128 2104 918 2140">
    <p class='ocr_par' dir='ltr' id='par_1_74' title="bbox 128 2104 918 2140">
     <span class='ocr_line' id='line_1_74' title="bbox 128 2104 918 2140; baseline -0.001 -9"><span class='ocrx_word' id='word_1_495' title='bbox 128 2104 188 2131; x_wconf 63' lang='grc' dir='ltr'>ἔστι</span> <span class='ocrx_word' id='word_1_496' title='bbox 205 2105 304 2140; x_wconf 80' lang='grc' dir='ltr'>σοφῶν,</span> <span class='ocrx_word' id='word_1_497' title='bbox 331 2105 436 2140; x_wconf 78' lang='grc' dir='ltr'>μάγων,</span> <span class='ocrx_word' id='word_1_498' title='bbox 459 2104 604 2137; x_wconf 75' lang='grc' dir='ltr'>ὲπαοιδῶν,</span> <span class='ocrx_word' id='word_1_499' title='bbox 628 2104 790 2139; x_wconf 82' lang='grc' dir='ltr'>γαζαρηνῶν</span> <span class='ocrx_word' id='word_1_500' title='bbox 804 2104 918 2138; x_wconf 86' lang='grc' dir='ltr'>δύναμις</span> 
     </span>
    </p>
   </div>
   <div class='ocr_carea' id='block_1_75' title="bbox 130 2150 475 2185">
    <p class='ocr_par' dir='ltr' id='par_1_75' title="bbox 130 2150 475 2185">
     <span class='ocr_line' id='line_1_75' title="bbox 130 2150 475 2185; baseline 0 -9"><span class='ocrx_word' id='word_1_501' title='bbox 130 2150 294 2184; x_wconf 80' lang='grc' dir='ltr'>ἀναγγεῖλαι</span> <span class='ocrx_word' id='word_1_502' title='bbox 305 2150 345 2185; x_wconf 80' lang='grc' dir='ltr'>τῷ</span> <span class='ocrx_word' id='word_1_503' title='bbox 361 2150 475 2185; x_wconf 85' lang='grc' dir='ltr'>βασιλεῖ.</span> 
     </span>
    </p>
   </div>
   <div class='ocr_carea' id='block_1_76' title="bbox 969 1547 1754 1583">
    <p class='ocr_par' dir='ltr' id='par_1_76' title="bbox 969 1547 1754 1583">
     <span class='ocr_line' id='line_1_76' title="bbox 969 1547 1754 1583; baseline -0.004 -5"><span class='ocrx_word' id='word_1_504' title='bbox 969 1550 1037 1578; x_wconf 83' lang='lat' dir='ltr'><strong>dixit</strong></span> <span class='ocrx_word' id='word_1_505' title='bbox 1054 1549 1095 1576; x_wconf 84' lang='lat' dir='ltr'><strong>ei:</strong></span> <span class='ocrx_word' id='word_1_506' title='bbox 1111 1548 1253 1583; x_wconf 83' lang='lat' dir='ltr'><strong>Sapientes</strong></span> <span class='ocrx_word' id='word_1_507' title='bbox 1266 1547 1412 1583; x_wconf 83' lang='lat' dir='ltr'><strong>Babylonis</strong></span> <span class='ocrx_word' id='word_1_508' title='bbox 1429 1555 1463 1575; x_wconf 86' lang='lat' dir='ltr'><strong>ne</strong></span> <span class='ocrx_word' id='word_1_509' title='bbox 1474 1548 1571 1582; x_wconf 83' lang='lat' dir='ltr'><strong>perdas</strong></span> <span class='ocrx_word' id='word_1_510' title='bbox 1581 1568 1588 1580; x_wconf 87' lang='lat'><strong>,</strong></span> <span class='ocrx_word' id='word_1_511' title='bbox 1603 1548 1650 1575; x_wconf 88' lang='lat' dir='ltr'><strong>sed</strong></span> <span class='ocrx_word' id='word_1_512' title='bbox 1666 1548 1754 1575; x_wconf 92' lang='lat' dir='ltr'><strong>intro-</strong></span> 
     </span>
    </p>
   </div>
   <div class='ocr_carea' id='block_1_77' title="bbox 967 1593 1752 1628">
    <p class='ocr_par' dir='ltr' id='par_1_77' title="bbox 967 1593 1752 1628">
     <span class='ocr_line' id='line_1_77' title="bbox 967 1593 1752 1628; baseline -0.005 -4"><span class='ocrx_word' id='word_1_513' title='bbox 967 1597 1021 1624; x_wconf 86' lang='lat' dir='ltr'><strong>duc</strong></span> <span class='ocrx_word' id='word_1_514' title='bbox 1035 1602 1077 1622; x_wconf 87' lang='lat' dir='ltr'><strong>me</strong></span> <span class='ocrx_word' id='word_1_515' title='bbox 1093 1594 1120 1622; x_wconf 91' lang='lat' dir='ltr'><strong>in</strong></span> <span class='ocrx_word' id='word_1_516' title='bbox 1138 1597 1288 1628; x_wconf 88' lang='lat' dir='ltr'><strong>conspectu</strong></span> <span class='ocrx_word' id='word_1_517' title='bbox 1300 1593 1384 1627; x_wconf 79' lang='lat' dir='ltr'><strong>regis,</strong></span> <span class='ocrx_word' id='word_1_518' title='bbox 1397 1597 1425 1620; x_wconf 90' lang='lat' dir='ltr'><strong>et</strong></span> <span class='ocrx_word' id='word_1_519' title='bbox 1435 1593 1620 1628; x_wconf 75' lang='lat' dir='ltr'><strong>conjecturam</strong></span> <span class='ocrx_word' id='word_1_520' title='bbox 1637 1593 1752 1621; x_wconf 83' lang='lat' dir='ltr'><strong>visionis</strong></span> 
     </span>
    </p>
   </div>
   <div class='ocr_carea' id='block_1_78' title="bbox 969 1640 1171 1676">
    <p class='ocr_par' dir='ltr' id='par_1_78' title="bbox 969 1640 1171 1676">
     <span class='ocr_line' id='line_1_78' title="bbox 969 1640 1171 1676; baseline -0.015 -7"><span class='ocrx_word' id='word_1_521' title='bbox 969 1641 1087 1669; x_wconf 82' lang='lat' dir='ltr'><strong>narrabo</strong></span> <span class='ocrx_word' id='word_1_522' title='bbox 1105 1640 1171 1676; x_wconf 74' lang='lat' dir='ltr'><strong>regi.</strong></span> 
     </span>
    </p>
   </div>
   <div class='ocr_carea' id='block_1_79' title="bbox 1002 1683 1754 1714">
    <p class='ocr_par' dir='ltr' id='par_1_79' title="bbox 1002 1683 1754 1714">
     <span class='ocr_line' id='line_1_79' title="bbox 1002 1683 1754 1714; baseline -0.001 0"><span class='ocrx_word' id='word_1_523' title='bbox 1002 1686 1048 1714; x_wconf 77' lang='grc'><strong>25.</strong></span> <span class='ocrx_word' id='word_1_524' title='bbox 1069 1685 1147 1713; x_wconf 90' lang='lat' dir='ltr'><strong>&#39;l&#39;unc</strong></span> <span class='ocrx_word' id='word_1_525' title='bbox 1158 1684 1258 1713; x_wconf 81' lang='lat' dir='ltr'><strong>Ariocb</strong></span> <span class='ocrx_word' id='word_1_526' title='bbox 1287 1684 1314 1711; x_wconf 91' lang='lat' dir='ltr'><strong>in</strong></span> <span class='ocrx_word' id='word_1_527' title='bbox 1326 1683 1505 1712; x_wconf 76' lang='lat' dir='ltr'><strong>festinatione</strong></span> <span class='ocrx_word' id='word_1_528' title='bbox 1524 1683 1676 1712; x_wconf 80' lang='lat' dir='ltr'><strong>introduxit</strong></span> <span class='ocrx_word' id='word_1_529' title='bbox 1700 1684 1754 1713; x_wconf 56' lang='lat' dir='ltr'><strong>Da.</strong></span> 
     </span>
    </p>
   </div>
   <div class='ocr_carea' id='block_1_80' title="bbox 968 1730 1754 1765">
    <p class='ocr_par' dir='ltr' id='par_1_80' title="bbox 968 1730 1754 1765">
     <span class='ocr_line' id='line_1_80' title="bbox 968 1730 1754 1765; baseline -0.003 -6"><span class='ocrx_word' id='word_1_530' title='bbox 968 1731 1066 1759; x_wconf 88' lang='lat' dir='ltr'><strong>nielcm</strong></span> <span class='ocrx_word' id='word_1_531' title='bbox 1082 1731 1108 1758; x_wconf 93' lang='lat' dir='ltr'><strong>in</strong></span> <span class='ocrx_word' id='word_1_532' title='bbox 1124 1734 1271 1765; x_wconf 82' lang='lat' dir='ltr'><strong>conspectu</strong></span> <span class='ocrx_word' id='word_1_533' title='bbox 1291 1731 1372 1765; x_wconf 75' lang='lat' dir='ltr'><strong>regis,</strong></span> <span class='ocrx_word' id='word_1_534' title='bbox 1389 1734 1417 1757; x_wconf 87' lang='lat' dir='ltr'><strong>et</strong></span> <span class='ocrx_word' id='word_1_535' title='bbox 1439 1730 1507 1758; x_wconf 85' lang='lat' dir='ltr'><strong>dixit</strong></span> <span class='ocrx_word' id='word_1_536' title='bbox 1532 1731 1576 1757; x_wconf 79' lang='lat' dir='ltr'><strong>ei:</strong></span> <span class='ocrx_word' id='word_1_537' title='bbox 1602 1730 1693 1758; x_wconf 88' lang='lat' dir='ltr'><strong>lnveni</strong></span> <span class='ocrx_word' id='word_1_538' title='bbox 1714 1730 1754 1757; x_wconf 80' lang='lat' dir='ltr'><strong>vi-</strong></span> 
     </span>
    </p>
   </div>
   <div class='ocr_carea' id='block_1_81' title="bbox 968 1773 1755 1810">
    <p class='ocr_par' dir='ltr' id='par_1_81' title="bbox 968 1773 1755 1810">
     <span class='ocr_line' id='line_1_81' title="bbox 968 1773 1755 1810; baseline -0.004 -6"><span class='ocrx_word' id='word_1_539' title='bbox 968 1784 1029 1804; x_wconf 89' lang='lat' dir='ltr'><strong>rum</strong></span> <span class='ocrx_word' id='word_1_540' title='bbox 1049 1775 1081 1804; x_wconf 84' lang='lat' dir='ltr'><strong>de</strong></span> <span class='ocrx_word' id='word_1_541' title='bbox 1095 1775 1158 1803; x_wconf 87' lang='lat' dir='ltr'><strong>(iliis</strong></span> <span class='ocrx_word' id='word_1_542' title='bbox 1173 1774 1337 1810; x_wconf 86' lang='lat' dir='ltr'><strong>captivitatis</strong></span> <span class='ocrx_word' id='word_1_543' title='bbox 1350 1773 1461 1806; x_wconf 60' lang='lat' dir='ltr'><strong>ludam,</strong></span> <span class='ocrx_word' id='word_1_544' title='bbox 1476 1774 1522 1810; x_wconf 90' lang='lat' dir='ltr'><strong>qui</strong></span> <span class='ocrx_word' id='word_1_545' title='bbox 1540 1773 1594 1809; x_wconf 70' lang='lat' dir='ltr'><strong>regi</strong></span> <span class='ocrx_word' id='word_1_546' title='bbox 1616 1774 1755 1810; x_wconf 80' lang='lat' dir='ltr'><strong>conjectu-</strong></span> 
     </span>
    </p>
   </div>
   <div class='ocr_carea' id='block_1_82' title="bbox 969 1821 1367 1851">
    <p class='ocr_par' dir='ltr' id='par_1_82' title="bbox 969 1821 1367 1851">
     <span class='ocr_line' id='line_1_82' title="bbox 969 1821 1367 1851; baseline -0.01 -1"><span class='ocrx_word' id='word_1_547' title='bbox 969 1830 1028 1850; x_wconf 85' lang='lat' dir='ltr'><strong>ram</strong></span> <span class='ocrx_word' id='word_1_548' title='bbox 1046 1821 1186 1849; x_wconf 87' lang='lat' dir='ltr'><strong>indicabit.</strong></span> <span class='ocrx_word' id='word_1_549' title='bbox 1364 1847 1367 1851; x_wconf 70' lang='grc'><strong>,</strong></span> 
     </span>
    </p>
   </div>
   <div class='ocr_carea' id='block_1_83' title="bbox 1003 1865 1755 1902">
    <p class='ocr_par' dir='ltr' id='par_1_83' title="bbox 1003 1865 1755 1902">
     <span class='ocr_line' id='line_1_83' title="bbox 1003 1865 1755 1902; baseline -0.003 -7"><span class='ocrx_word' id='word_1_550' title='bbox 1003 1867 1049 1895; x_wconf 80' lang='grc'><strong>26.</strong></span> <span class='ocrx_word' id='word_1_551' title='bbox 1072 1866 1105 1894; x_wconf 85' lang='grc' dir='ltr'>Ει</span> <span class='ocrx_word' id='word_1_552' title='bbox 1119 1866 1262 1902; x_wconf 87' lang='lat' dir='ltr'><strong>respondit</strong></span> <span class='ocrx_word' id='word_1_553' title='bbox 1273 1873 1332 1898; x_wconf 84' lang='lat' dir='ltr'><strong>rex,</strong></span> <span class='ocrx_word' id='word_1_554' title='bbox 1348 1871 1376 1894; x_wconf 87' lang='lat' dir='ltr'><strong>et</strong></span> <span class='ocrx_word' id='word_1_555' title='bbox 1387 1866 1458 1894; x_wconf 88' lang='lat' dir='ltr'><strong>dixit</strong></span> <span class='ocrx_word' id='word_1_556' title='bbox 1475 1865 1591 1898; x_wconf 87' lang='lat' dir='ltr'><strong>Danieli,</strong></span> <span class='ocrx_word' id='word_1_557' title='bbox 1610 1865 1690 1900; x_wconf 82' lang='lat' dir='ltr'><strong>cujus</strong></span> <span class='ocrx_word' id='word_1_558' title='bbox 1704 1873 1755 1893; x_wconf 84' lang='lat' dir='ltr'><strong>no-</strong></span> 
     </span>
    </p>
   </div>
   <div class='ocr_carea' id='block_1_84' title="bbox 969 1911 1755 1947">
    <p class='ocr_par' dir='ltr' id='par_1_84' title="bbox 969 1911 1755 1947">
     <span class='ocr_line' id='line_1_84' title="bbox 969 1911 1755 1947; baseline -0.003 -7"><span class='ocrx_word' id='word_1_559' title='bbox 969 1920 1031 1940; x_wconf 90' lang='lat' dir='ltr'><strong>men</strong></span> <span class='ocrx_word' id='word_1_560' title='bbox 1049 1917 1109 1940; x_wconf 85' lang='lat' dir='ltr'><strong>crat</strong></span> <span class='ocrx_word' id='word_1_561' title='bbox 1122 1912 1268 1939; x_wconf 80' lang='lat' dir='ltr'><strong>Baltasar:</strong></span> <span class='ocrx_word' id='word_1_562' title='bbox 1298 1911 1327 1939; x_wconf 91' lang='lat' dir='ltr'><strong>Si</strong></span> <span class='ocrx_word' id='word_1_563' title='bbox 1344 1915 1421 1947; x_wconf 84' lang='lat' dir='ltr'><strong>potes</strong></span> <span class='ocrx_word' id='word_1_564' title='bbox 1449 1911 1516 1939; x_wconf 88' lang='lat' dir='ltr'><strong>mihi</strong></span> <span class='ocrx_word' id='word_1_565' title='bbox 1543 1912 1663 1939; x_wconf 90' lang='lat' dir='ltr'><strong>indicare</strong></span> <span class='ocrx_word' id='word_1_566' title='bbox 1682 1919 1755 1939; x_wconf 89' lang='lat' dir='ltr'><strong>som—</strong></span> 
     </span>
    </p>
   </div>
   <div class='ocr_carea' id='block_1_85' title="bbox 968 1957 1615 1994">
    <p class='ocr_par' dir='ltr' id='par_1_85' title="bbox 968 1957 1615 1994">
     <span class='ocr_line' id='line_1_85' title="bbox 968 1957 1615 1994; baseline -0.003 -8"><span class='ocrx_word' id='word_1_567' title='bbox 968 1960 1056 1991; x_wconf 85' lang='lat' dir='ltr'><strong>nium,</strong></span> <span class='ocrx_word' id='word_1_568' title='bbox 1071 1958 1143 1994; x_wconf 88' lang='lat' dir='ltr'><strong>quod</strong></span> <span class='ocrx_word' id='word_1_569' title='bbox 1157 1958 1221 1991; x_wconf 83' lang='lat' dir='ltr'><strong>vidi,</strong></span> <span class='ocrx_word' id='word_1_570' title='bbox 1237 1962 1264 1985; x_wconf 93' lang='lat' dir='ltr'><strong>et</strong></span> <span class='ocrx_word' id='word_1_571' title='bbox 1276 1957 1523 1992; x_wconf 85' lang='lat' dir='ltr'><strong>interpretationem</strong></span> <span class='ocrx_word' id='word_1_572' title='bbox 1534 1957 1615 1992; x_wconf 79' lang='lat' dir='ltr'><strong>ejus?</strong></span> 
     </span>
    </p>
   </div>
   <div class='ocr_carea' id='block_1_86' title="bbox 1003 2003 1752 2039">
    <p class='ocr_par' dir='ltr' id='par_1_86' title="bbox 1003 2003 1752 2039">
     <span class='ocr_line' id='line_1_86' title="bbox 1003 2003 1752 2039; baseline 0 -8"><span class='ocrx_word' id='word_1_573' title='bbox 1003 2004 1051 2031; x_wconf 85' lang='grc'><strong>27.</strong></span> <span class='ocrx_word' id='word_1_574' title='bbox 1069 2004 1104 2032; x_wconf 87' lang='lat' dir='ltr'><strong>Et</strong></span> <span class='ocrx_word' id='word_1_575' title='bbox 1129 2003 1271 2039; x_wconf 87' lang='lat' dir='ltr'><strong>respondit</strong></span> <span class='ocrx_word' id='word_1_576' title='bbox 1293 2003 1386 2031; x_wconf 86' lang='lat' dir='ltr'><strong>Daniel</strong></span> <span class='ocrx_word' id='word_1_577' title='bbox 1401 2011 1495 2031; x_wconf 86' lang='lat' dir='ltr'><strong>coram</strong></span> <span class='ocrx_word' id='word_1_578' title='bbox 1512 2011 1583 2038; x_wconf 73' lang='lat' dir='ltr'><strong>rege,</strong></span> <span class='ocrx_word' id='word_1_579' title='bbox 1615 2008 1642 2031; x_wconf 79' lang='lat' dir='ltr'><strong>et</strong></span> <span class='ocrx_word' id='word_1_580' title='bbox 1666 2004 1752 2032; x_wconf 81' lang='lat' dir='ltr'><strong>dixit:</strong></span> 
     </span>
    </p>
   </div>
   <div class='ocr_carea' id='block_1_87' title="bbox 969 2049 1755 2086">
    <p class='ocr_par' dir='ltr' id='par_1_87' title="bbox 969 2049 1755 2086">
     <span class='ocr_line' id='line_1_87' title="bbox 969 2049 1755 2086; baseline -0.001 -9"><span class='ocrx_word' id='word_1_581' title='bbox 969 2049 1138 2086; x_wconf 77' lang='lat' dir='ltr'><strong>Mysterium,</strong></span> <span class='ocrx_word' id='word_1_582' title='bbox 1168 2049 1242 2084; x_wconf 83' lang='lat' dir='ltr'><strong>quod</strong></span> <span class='ocrx_word' id='word_1_583' title='bbox 1269 2057 1315 2076; x_wconf 83' lang='lat' dir='ltr'><strong>rex</strong></span> <span class='ocrx_word' id='word_1_584' title='bbox 1336 2050 1494 2084; x_wconf 74' lang='lat' dir='ltr'><strong>interrogat,</strong></span> <span class='ocrx_word' id='word_1_585' title='bbox 1507 2057 1560 2076; x_wconf 88' lang='lat' dir='ltr'><strong>non</strong></span> <span class='ocrx_word' id='word_1_586' title='bbox 1580 2053 1623 2077; x_wconf 91' lang='lat' dir='ltr'><strong>est</strong></span> <span class='ocrx_word' id='word_1_587' title='bbox 1648 2049 1755 2084; x_wconf 85' lang='lat' dir='ltr'><strong>sapien-</strong></span> 
     </span>
    </p>
   </div>
   <div class='ocr_carea' id='block_1_88' title="bbox 969 2094 1754 2130">
    <p class='ocr_par' dir='ltr' id='par_1_88' title="bbox 969 2094 1754 2130">
     <span class='ocr_line' id='line_1_88' title="bbox 969 2094 1754 2130; baseline 0.001 -8"><span class='ocrx_word' id='word_1_588' title='bbox 969 2096 1048 2128; x_wconf 88' lang='lat' dir='ltr'><strong>tium,</strong></span> <span class='ocrx_word' id='word_1_589' title='bbox 1065 2102 1218 2130; x_wconf 76' lang='lat' dir='ltr'><strong>magorum,</strong></span> <span class='ocrx_word' id='word_1_590' title='bbox 1245 2094 1393 2122; x_wconf 85' lang='lat' dir='ltr'><strong>ariolorum</strong></span> <span class='ocrx_word' id='word_1_591' title='bbox 1411 2114 1418 2127; x_wconf 89' lang='lat'><strong>,</strong></span> <span class='ocrx_word' id='word_1_592' title='bbox 1443 2101 1641 2129; x_wconf 73' lang='lat' dir='ltr'><strong>gazarenorum</strong></span> <span class='ocrx_word' id='word_1_593' title='bbox 1669 2095 1754 2123; x_wconf 87' lang='lat' dir='ltr'><strong>virtus</strong></span> 
     </span>
    </p>
   </div>
   <div class='ocr_carea' id='block_1_89' title="bbox 969 2139 1168 2175">
    <p class='ocr_par' dir='ltr' id='par_1_89' title="bbox 969 2139 1168 2175">
     <span class='ocr_line' id='line_1_89' title="bbox 969 2139 1168 2175; baseline -0.01 -7"><span class='ocrx_word' id='word_1_594' title='bbox 969 2140 1090 2168; x_wconf 89' lang='lat' dir='ltr'><strong>indicare</strong></span> <span class='ocrx_word' id='word_1_595' title='bbox 1099 2139 1168 2175; x_wconf 77' lang='lat' dir='ltr'><strong>regi.</strong></span> 
     </span>
    </p>
   </div>
   <div class='ocr_carea' id='block_1_90' title="bbox 165 2184 915 2231">
    <p class='ocr_par' dir='ltr' id='par_1_90' title="bbox 165 2184 915 2231">
     <span class='ocr_line' id='line_1_90' title="bbox 165 2184 915 2231; baseline -0.001 -9"><span class='ocrx_word' id='word_1_596' title='bbox 165 2194 211 2222; x_wconf 79' lang='grc'><strong>28.</strong></span> <span class='ocrx_word' id='word_1_597' title='bbox 236 2195 305 2222; x_wconf 79' lang='grc' dir='ltr'>Ἀλλ’</span> <span class='ocrx_word' id='word_1_598' title='bbox 331 2184 431 2231; x_wconf 47' lang='lat' dir='ltr'><strong>ﬁdem</strong></span> <span class='ocrx_word' id='word_1_599' title='bbox 454 2195 520 2227; x_wconf 73' lang='grc' dir='ltr'>Θεὸς</span> <span class='ocrx_word' id='word_1_600' title='bbox 537 2196 566 2222; x_wconf 83' lang='grc' dir='ltr'>ὲν</span> <span class='ocrx_word' id='word_1_601' title='bbox 588 2194 695 2231; x_wconf 78' lang='grc' dir='ltr'>οὐρανῷ</span> <span class='ocrx_word' id='word_1_602' title='bbox 718 2195 915 2222; x_wconf 86' lang='grc' dir='ltr'>ἀποκαλύπτων</span> 
     </span>
    </p>
   </div>
   <div class='ocr_carea' id='block_1_91' title="bbox 982 2184 1754 2231">
    <p class='ocr_par' dir='ltr' id='par_1_91' title="bbox 1004 2184 1754 2221">
     <span class='ocr_line' id='line_1_91' title="bbox 1004 2184 1754 2221; baseline -0.001 -8"><span class='ocrx_word' id='word_1_603' title='bbox 1004 2187 1050 2215; x_wconf 78' lang='grc'><strong>28,</strong></span> <span class='ocrx_word' id='word_1_604' title='bbox 1072 2186 1124 2214; x_wconf 85' lang='lat' dir='ltr'><strong>Sed</strong></span> <span class='ocrx_word' id='word_1_605' title='bbox 1139 2190 1181 2214; x_wconf 87' lang='lat' dir='ltr'><strong>est</strong></span> <span class='ocrx_word' id='word_1_606' title='bbox 1211 2185 1282 2213; x_wconf 87' lang='lat' dir='ltr'><strong>Deus</strong></span> <span class='ocrx_word' id='word_1_607' title='bbox 1298 2185 1325 2212; x_wconf 93' lang='lat' dir='ltr'><strong>in</strong></span> <span class='ocrx_word' id='word_1_608' title='bbox 1341 2185 1411 2213; x_wconf 65' lang='lat' dir='ltr'><strong>caelo</strong></span> <span class='ocrx_word' id='word_1_609' title='bbox 1438 2185 1562 2213; x_wconf 75' lang='lat' dir='ltr'><strong>revolans</strong></span> <span class='ocrx_word' id='word_1_610' title='bbox 1575 2184 1713 2221; x_wconf 84' lang='lat' dir='ltr'><strong>mysteria,</strong></span> <span class='ocrx_word' id='word_1_611' title='bbox 1727 2189 1754 2213; x_wconf 88' lang='lat' dir='ltr'><strong>et</strong></span> 
     </span>
    </p>
   </div>
   <div class='ocr_carea' id='block_1_92' title="bbox 129 2241 918 2277">
    <p class='ocr_par' dir='ltr' id='par_1_92' title="bbox 129 2241 918 2277">
     <span class='ocr_line' id='line_1_92' title="bbox 129 2241 918 2277; baseline -0.001 -9"><span class='ocrx_word' id='word_1_612' title='bbox 129 2241 281 2276; x_wconf 76' lang='grc' dir='ltr'>μυστήρια,</span> <span class='ocrx_word' id='word_1_613' title='bbox 297 2241 345 2268; x_wconf 77' lang='grc' dir='ltr'>καὶ</span> <span class='ocrx_word' id='word_1_614' title='bbox 357 2241 489 2277; x_wconf 71' lang='grc' dir='ltr'>ἐγνώρισε</span> <span class='ocrx_word' id='word_1_615' title='bbox 509 2241 547 2276; x_wconf 82' lang='grc' dir='ltr'>τῷ</span> <span class='ocrx_word' id='word_1_616' title='bbox 560 2241 665 2276; x_wconf 85' lang='grc' dir='ltr'>βασιλεῖ</span> <span class='ocrx_word' id='word_1_617' title='bbox 683 2241 918 2276; x_wconf 73' lang='grc' dir='ltr'>Ναϐουχοδονόσορ</span> 
     </span>
    </p>
   </div>
   <div class='ocr_carea' id='block_1_93' title="bbox 127 2285 918 2322">
    <p class='ocr_par' dir='ltr' id='par_1_93' title="bbox 127 2285 918 2322">
     <span class='ocr_line' id='line_1_93' title="bbox 127 2285 918 2322; baseline 0.001 -10"><span class='ocrx_word' id='word_1_618' title='bbox 127 2285 148 2312; x_wconf 73' lang='grc' dir='ltr'>ἃ</span> <span class='ocrx_word' id='word_1_619' title='bbox 161 2285 203 2312; x_wconf 83' lang='grc' dir='ltr'>δεῖ</span> <span class='ocrx_word' id='word_1_620' title='bbox 215 2285 343 2319; x_wconf 83' lang='grc' dir='ltr'>γενέσθαι</span> <span class='ocrx_word' id='word_1_621' title='bbox 354 2286 397 2312; x_wconf 73' lang='grc' dir='ltr'><strong>ἐπ’</strong></span> <span class='ocrx_word' id='word_1_622' title='bbox 409 2285 532 2321; x_wconf 70' lang='grc' dir='ltr'>ἐσχάτων</span> <span class='ocrx_word' id='word_1_623' title='bbox 543 2286 597 2313; x_wconf 78' lang='grc' dir='ltr'><strong>τῶν</strong></span> <span class='ocrx_word' id='word_1_624' title='bbox 610 2286 735 2322; x_wconf 59' lang='grc' dir='ltr'>ἡμερῶν</span> <span class='ocrx_word' id='word_1_625' title='bbox 751 2287 781 2313; x_wconf 86' lang='grc' dir='ltr'><strong>τὺ</strong></span> <span class='ocrx_word' id='word_1_626' title='bbox 793 2286 918 2314; x_wconf 71' lang='grc' dir='ltr'>ἐνύπνιόν</span> 
     </span>
    </p>
   </div>
   <div class='ocr_carea' id='block_1_94' title="bbox 128 2332 918 2369">
    <p class='ocr_par' dir='ltr' id='par_1_94' title="bbox 128 2332 918 2369">
     <span class='ocr_line' id='line_1_94' title="bbox 128 2332 918 2369; baseline 0.003 -11"><span class='ocrx_word' id='word_1_627' title='bbox 128 2339 187 2364; x_wconf 79' lang='grc' dir='ltr'>σου,</span> <span class='ocrx_word' id='word_1_628' title='bbox 205 2332 254 2358; x_wconf 83' lang='grc' dir='ltr'>καὶ</span> <span class='ocrx_word' id='word_1_629' title='bbox 269 2332 297 2358; x_wconf 86' lang='grc' dir='ltr'>αἱ</span> <span class='ocrx_word' id='word_1_630' title='bbox 312 2332 421 2366; x_wconf 78' lang='grc' dir='ltr'>ὁράσεις</span> <span class='ocrx_word' id='word_1_631' title='bbox 432 2332 483 2367; x_wconf 79' lang='grc' dir='ltr'>τῆς</span> <span class='ocrx_word' id='word_1_632' title='bbox 499 2332 620 2368; x_wconf 80' lang='grc' dir='ltr'>κεφαλῆς</span> <span class='ocrx_word' id='word_1_633' title='bbox 633 2341 679 2359; x_wconf 80' lang='grc' dir='ltr'><strong>σου</strong></span> <span class='ocrx_word' id='word_1_634' title='bbox 698 2333 746 2360; x_wconf 65' lang='grc' dir='ltr'><strong>ἐπὶ</strong></span> <span class='ocrx_word' id='word_1_635' title='bbox 762 2333 812 2369; x_wconf 82' lang='grc' dir='ltr'>τῆς</span> <span class='ocrx_word' id='word_1_636' title='bbox 825 2332 918 2368; x_wconf 75' lang='grc' dir='ltr'>κοίτης</span> 
     </span>
    </p>
   </div>
   <div class='ocr_carea' id='block_1_95' title="bbox 128 2377 339 2409">
    <p class='ocr_par' dir='ltr' id='par_1_95' title="bbox 128 2377 339 2409">
     <span class='ocr_line' id='line_1_95' title="bbox 128 2377 339 2409; baseline 0 -5"><span class='ocrx_word' id='word_1_637' title='bbox 128 2385 188 2409; x_wconf 78' lang='grc' dir='ltr'>σου,</span> <span class='ocrx_word' id='word_1_638' title='bbox 203 2377 339 2404; x_wconf 80' lang='grc' dir='ltr'>τουτέστι.</span> 
     </span>
    </p>
   </div>
   <div class='ocr_carea' id='block_1_96' title="bbox 162 2433 916 2470">
    <p class='ocr_par' dir='ltr' id='par_1_96' title="bbox 162 2433 916 2470">
     <span class='ocr_line' id='line_1_96' title="bbox 162 2433 916 2470; baseline 0 -9"><span class='ocrx_word' id='word_1_639' title='bbox 162 2434 209 2462; x_wconf 79' lang='grc'><strong>29.</strong></span> <span class='ocrx_word' id='word_1_640' title='bbox 221 2433 347 2466; x_wconf 82' lang='grc' dir='ltr'>Βασιλεῦ,</span> <span class='ocrx_word' id='word_1_641' title='bbox 364 2435 388 2461; x_wconf 77' lang='lat' dir='ltr'><strong>oi</strong></span> <span class='ocrx_word' id='word_1_642' title='bbox 399 2433 567 2470; x_wconf 85' lang='grc' dir='ltr'>διαλογισμοί</span> <span class='ocrx_word' id='word_1_643' title='bbox 581 2443 627 2462; x_wconf 90' lang='grc' dir='ltr'><strong>σου</strong></span> <span class='ocrx_word' id='word_1_644' title='bbox 638 2435 685 2462; x_wconf 74' lang='grc' dir='ltr'><strong>ἐπὶ</strong></span> <span class='ocrx_word' id='word_1_645' title='bbox 699 2436 748 2470; x_wconf 83' lang='grc' dir='ltr'>τῆς</span> <span class='ocrx_word' id='word_1_646' title='bbox 764 2435 856 2470; x_wconf 80' lang='grc' dir='ltr'>κοίτης</span> <span class='ocrx_word' id='word_1_647' title='bbox 871 2444 916 2462; x_wconf 85' lang='grc' dir='ltr'><strong>σου</strong></span> 
     </span>
    </p>
   </div>
   <div class='ocr_carea' id='block_1_97' title="bbox 127 2480 918 2515">
    <p class='ocr_par' dir='ltr' id='par_1_97' title="bbox 127 2480 918 2515">
     <span class='ocr_line' id='line_1_97' title="bbox 127 2480 918 2515; baseline 0.001 -8"><span class='ocrx_word' id='word_1_648' title='bbox 127 2480 276 2515; x_wconf 77' lang='grc' dir='ltr'>ἀνέδησαν,</span> <span class='ocrx_word' id='word_1_649' title='bbox 290 2480 316 2506; x_wconf 87' lang='grc' dir='ltr'><strong>τί</strong></span> <span class='ocrx_word' id='word_1_650' title='bbox 335 2480 376 2507; x_wconf 85' lang='grc' dir='ltr'><strong>δεῖ</strong></span> <span class='ocrx_word' id='word_1_651' title='bbox 390 2480 516 2515; x_wconf 80' lang='grc' dir='ltr'>γενέσθαι</span> <span class='ocrx_word' id='word_1_652' title='bbox 530 2480 599 2515; x_wconf 87' lang='grc' dir='ltr'><strong>μετά</strong></span> <span class='ocrx_word' id='word_1_653' title='bbox 611 2481 708 2507; x_wconf 74' lang='grc' dir='ltr'>ταῦτα·</span> <span class='ocrx_word' id='word_1_654' title='bbox 725 2481 773 2507; x_wconf 77' lang='grc' dir='ltr'>καὶ</span> <span class='ocrx_word' id='word_1_655' title='bbox 787 2481 801 2507; x_wconf 88' lang='grc' dir='ltr'><strong>ὁ</strong></span> <span class='ocrx_word' id='word_1_656' title='bbox 814 2481 918 2508; x_wconf 79' lang='grc' dir='ltr'>ἀποκα-</span> 
     </span>
    </p>
   </div>
   <div class='ocr_carea' id='block_1_98' title="bbox 127 2525 845 2562">
    <p class='ocr_par' dir='ltr' id='par_1_98' title="bbox 127 2525 845 2562">
     <span class='ocr_line' id='line_1_98' title="bbox 127 2525 845 2562; baseline 0.001 -10"><span class='ocrx_word' id='word_1_657' title='bbox 127 2525 238 2553; x_wconf 82' lang='grc' dir='ltr'>λύπτων</span> <span class='ocrx_word' id='word_1_658' title='bbox 257 2526 404 2561; x_wconf 81' lang='grc' dir='ltr'>μυστήρια,</span> <span class='ocrx_word' id='word_1_659' title='bbox 419 2526 551 2562; x_wconf 66' lang='grc' dir='ltr'>ἐγνώρισέ</span> <span class='ocrx_word' id='word_1_660' title='bbox 566 2526 634 2553; x_wconf 81' lang='grc' dir='ltr'>σοιᾶ</span> <span class='ocrx_word' id='word_1_661' title='bbox 649 2526 689 2552; x_wconf 85' lang='grc' dir='ltr'>δεῖ</span> <span class='ocrx_word' id='word_1_662' title='bbox 708 2526 845 2561; x_wconf 78' lang='grc' dir='ltr'>γενέσθαι.</span> 
     </span>
    </p>
   </div>
   <div class='ocr_carea' id='block_1_99' title="bbox 158 2581 917 2619">
    <p class='ocr_par' dir='ltr' id='par_1_99' title="bbox 158 2581 917 2619">
     <span class='ocr_line' id='line_1_99' title="bbox 158 2581 917 2619; baseline 0 -10"><span class='ocrx_word' id='word_1_663' title='bbox 158 2581 206 2612; x_wconf 76' lang='grc'><strong>50.</strong></span> <span class='ocrx_word' id='word_1_664' title='bbox 223 2582 279 2609; x_wconf 75' lang='grc' dir='ltr'><strong>Καὶ</strong></span> <span class='ocrx_word' id='word_1_665' title='bbox 291 2583 353 2618; x_wconf 70' lang='grc' dir='ltr'>ἐμοὶ</span> <span class='ocrx_word' id='word_1_666' title='bbox 363 2583 413 2610; x_wconf 79' lang='grc' dir='ltr'>οὐκ</span> <span class='ocrx_word' id='word_1_667' title='bbox 428 2584 457 2610; x_wconf 75' lang='grc' dir='ltr'>ὲν</span> <span class='ocrx_word' id='word_1_668' title='bbox 473 2583 553 2618; x_wconf 79' lang='grc' dir='ltr'>σοφίᾳ</span> <span class='ocrx_word' id='word_1_669' title='bbox 568 2584 602 2618; x_wconf 85' lang='grc' dir='ltr'><strong>τῇ</strong></span> <span class='ocrx_word' id='word_1_670' title='bbox 612 2581 678 2618; x_wconf 77' lang='grc' dir='ltr'>οὔσῃ</span> <span class='ocrx_word' id='word_1_671' title='bbox 693 2583 755 2618; x_wconf 74' lang='grc' dir='ltr'>ἐμοὶ</span> <span class='ocrx_word' id='word_1_672' title='bbox 766 2582 841 2619; x_wconf 83' lang='grc' dir='ltr'>παρὰ</span> <span class='ocrx_word' id='word_1_673' title='bbox 853 2583 917 2610; x_wconf 85' lang='grc' dir='ltr'>πάν-</span> 
     </span>
    </p>
   </div>
   <div class='ocr_carea' id='block_1_100' title="bbox 125 2628 914 2665">
    <p class='ocr_par' dir='ltr' id='par_1_100' title="bbox 125 2628 914 2665">
     <span class='ocr_line' id='line_1_100' title="bbox 125 2628 914 2665; baseline 0.003 -11"><span class='ocrx_word' id='word_1_674' title='bbox 125 2636 174 2660; x_wconf 80' lang='grc' dir='ltr'><strong>τας</strong></span> <span class='ocrx_word' id='word_1_675' title='bbox 190 2629 255 2660; x_wconf 82' lang='grc' dir='ltr'>τοὺς</span> <span class='ocrx_word' id='word_1_676' title='bbox 275 2628 380 2661; x_wconf 79' lang='grc' dir='ltr'>ζῶντας</span> <span class='ocrx_word' id='word_1_677' title='bbox 404 2629 436 2656; x_wconf 81' lang='grc' dir='ltr'>τὸ</span> <span class='ocrx_word' id='word_1_678' title='bbox 458 2630 606 2665; x_wconf 83' lang='grc' dir='ltr'>μυστήριον</span> <span class='ocrx_word' id='word_1_679' title='bbox 622 2628 702 2656; x_wconf 85' lang='grc' dir='ltr'>τοῦτο</span> <span class='ocrx_word' id='word_1_680' title='bbox 722 2629 914 2665; x_wconf 78' lang='grc' dir='ltr'>ἀπεκαλύφθη,</span> 
     </span>
    </p>
   </div>
   <div class='ocr_carea' id='block_1_101' title="bbox 124 2674 915 2712">
    <p class='ocr_par' dir='ltr' id='par_1_101' title="bbox 124 2674 915 2712">
     <span class='ocr_line' id='line_1_101' title="bbox 124 2674 915 2712; baseline 0.001 -11"><span class='ocrx_word' id='word_1_681' title='bbox 124 2674 184 2702; x_wconf 78' lang='grc' dir='ltr'>ἀλλ’</span> <span class='ocrx_word' id='word_1_682' title='bbox 195 2674 289 2702; x_wconf 69' lang='grc' dir='ltr'>ἕνεκεν</span> <span class='ocrx_word' id='word_1_683' title='bbox 305 2676 351 2703; x_wconf 74' lang='grc' dir='ltr'><strong>τοῦ</strong></span> <span class='ocrx_word' id='word_1_684' title='bbox 364 2676 414 2712; x_wconf 88' lang='grc' dir='ltr'><strong>τὴν</strong></span> <span class='ocrx_word' id='word_1_685' title='bbox 429 2674 571 2712; x_wconf 84' lang='grc' dir='ltr'>σύγκρισιν</span> <span class='ocrx_word' id='word_1_686' title='bbox 588 2676 626 2712; x_wconf 85' lang='grc' dir='ltr'>τῷ</span> <span class='ocrx_word' id='word_1_687' title='bbox 648 2675 752 2712; x_wconf 86' lang='grc' dir='ltr'>βασιλεῖ</span> <span class='ocrx_word' id='word_1_688' title='bbox 771 2676 915 2712; x_wconf 83' lang='grc' dir='ltr'>γνωρίσαι,</span> 
     </span>
    </p>
   </div>
   <div class='ocr_carea' id='block_1_102' title="bbox 124 2721 862 2758">
    <p class='ocr_par' dir='ltr' id='par_1_102' title="bbox 124 2721 862 2758">
     <span class='ocr_line' id='line_1_102' title="bbox 124 2721 862 2758; baseline 0.001 -11"><span class='ocrx_word' id='word_1_689' title='bbox 124 2722 173 2748; x_wconf 66' lang='grc' dir='ltr'>καὶ</span> <span class='ocrx_word' id='word_1_690' title='bbox 188 2721 233 2748; x_wconf 82' lang='grc' dir='ltr'><strong>ἵνα</strong></span> <span class='ocrx_word' id='word_1_691' title='bbox 244 2721 315 2757; x_wconf 81' lang='grc' dir='ltr'>γνῷς</span> <span class='ocrx_word' id='word_1_692' title='bbox 329 2723 392 2754; x_wconf 75' lang='grc' dir='ltr'>τοὺς</span> <span class='ocrx_word' id='word_1_693' title='bbox 404 2722 594 2758; x_wconf 64' lang='grc' dir='ltr'>διαλογισμοὺς</span> <span class='ocrx_word' id='word_1_694' title='bbox 607 2723 656 2757; x_wconf 82' lang='grc' dir='ltr'>τῆς</span> <span class='ocrx_word' id='word_1_695' title='bbox 673 2722 785 2757; x_wconf 79' lang='grc' dir='ltr'>καρδίας</span> <span class='ocrx_word' id='word_1_696' title='bbox 805 2730 862 2748; x_wconf 90' lang='grc' dir='ltr'>σου.</span> 
     </span>
    </p>
   </div>
   <div class='ocr_carea' id='block_1_103' title="bbox 161 2777 915 2815">
    <p class='ocr_par' dir='ltr' id='par_1_103' title="bbox 161 2777 915 2815">
     <span class='ocr_line' id='line_1_103' title="bbox 161 2777 915 2815; baseline -0.003 -9"><span class='ocrx_word' id='word_1_697' title='bbox 161 2778 262 2810; x_wconf 71' lang='grc' dir='ltr'><strong>51.Σὺ,</strong></span> <span class='ocrx_word' id='word_1_698' title='bbox 276 2777 397 2813; x_wconf 79' lang='grc' dir='ltr'>βασιλεῦ,</span> <span class='ocrx_word' id='word_1_699' title='bbox 412 2778 550 2815; x_wconf 66' lang='grc' dir='ltr'>ἐθεώρεις,</span> <span class='ocrx_word' id='word_1_700' title='bbox 568 2780 615 2806; x_wconf 76' lang='grc' dir='ltr'><strong>καὶ</strong></span> <span class='ocrx_word' id='word_1_701' title='bbox 636 2778 691 2806; x_wconf 68' lang='grc' dir='ltr'><strong>ἰδοὺ</strong></span> <span class='ocrx_word' id='word_1_702' title='bbox 707 2778 788 2806; x_wconf 75' lang='grc' dir='ltr'>εἰκὼν</span> <span class='ocrx_word' id='word_1_703' title='bbox 803 2778 851 2813; x_wconf 88' lang='grc' dir='ltr'><strong>μία</strong></span> <span class='ocrx_word' id='word_1_704' title='bbox 867 2787 915 2812; x_wconf 88' lang='grc' dir='ltr'>με-</span> 
     </span>
    </p>
   </div>
   <div class='ocr_carea' id='block_1_104' title="bbox 128 2823 913 2861">
    <p class='ocr_par' dir='ltr' id='par_1_104' title="bbox 128 2823 913 2861">
     <span class='ocr_line' id='line_1_104' title="bbox 128 2823 913 2861; baseline 0.001 -11"><span class='ocrx_word' id='word_1_705' title='bbox 128 2825 198 2860; x_wconf 78' lang='grc' dir='ltr'>γάλη</span> <span class='ocrx_word' id='word_1_706' title='bbox 215 2824 309 2860; x_wconf 61' lang='grc' dir='ltr'>πολλ’ίγ</span> <span class='ocrx_word' id='word_1_707' title='bbox 326 2825 434 2859; x_wconf 85' lang='grc' dir='ltr'>ήείκὼν</span> <span class='ocrx_word' id='word_1_708' title='bbox 447 2825 538 2861; x_wconf 73' lang='grc' dir='ltr'>ἐκείνη</span> <span class='ocrx_word' id='word_1_709' title='bbox 557 2825 671 2860; x_wconf 75' lang='grc' dir='ltr'>μεγάλη,</span> <span class='ocrx_word' id='word_1_710' title='bbox 687 2826 734 2851; x_wconf 78' lang='grc' dir='ltr'>καὶ</span> <span class='ocrx_word' id='word_1_711' title='bbox 750 2826 766 2860; x_wconf 73' lang='grc' dir='ltr'><strong>ἡ</strong></span> <span class='ocrx_word' id='word_1_712' title='bbox 781 2823 913 2859; x_wconf 58' lang='grc' dir='ltr'>πρέσοψις</span> 
     </span>
    </p>
   </div>
   <div class='ocr_carea' id='block_1_105' title="bbox 288 2870 612 2902">
    <p class='ocr_par' dir='ltr' id='par_1_105' title="bbox 288 2870 612 2902">
     <span class='ocr_line' id='line_1_105' title="bbox 288 2870 612 2902; baseline 0.003 -2"><span class='ocrx_word' id='word_1_713' title='bbox 288 2870 423 2902; x_wconf 68' lang='grc' dir='ltr'>Ρηιιοι.</span> <span class='ocrx_word' id='word_1_714' title='bbox 445 2872 502 2902; x_wconf 80' lang='lat' dir='ltr'><strong>Gn.</strong></span> <span class='ocrx_word' id='word_1_715' title='bbox 528 2871 612 2902; x_wconf 72' lang='lat' dir='ltr'><strong>XVI.</strong></span> 
     </span>
    </p>
   </div>
   <div class='ocr_carea' id='block_1_106' title="bbox 970 2230 1752 2267">
    <p class='ocr_par' dir='ltr' id='par_1_106' title="bbox 970 2230 1752 2267">
     <span class='ocr_line' id='line_1_106' title="bbox 970 2230 1752 2267; baseline -0.001 -7"><span class='ocrx_word' id='word_1_716' title='bbox 970 2238 1034 2260; x_wconf 84' lang='lat' dir='ltr'><strong>nota</strong></span> <span class='ocrx_word' id='word_1_717' title='bbox 1047 2232 1111 2260; x_wconf 78' lang='lat' dir='ltr'><strong>fecit</strong></span> <span class='ocrx_word' id='word_1_718' title='bbox 1125 2231 1181 2267; x_wconf 77' lang='lat' dir='ltr'><strong>regi</strong></span> <span class='ocrx_word' id='word_1_719' title='bbox 1194 2230 1463 2264; x_wconf 82' lang='lat' dir='ltr'><strong>Nabuchodonosor,</strong></span> <span class='ocrx_word' id='word_1_720' title='bbox 1490 2239 1552 2266; x_wconf 61' lang='lat' dir='ltr'><strong>quae</strong></span> <span class='ocrx_word' id='word_1_721' title='bbox 1576 2236 1683 2267; x_wconf 87' lang='lat' dir='ltr'><strong>oportet</strong></span> <span class='ocrx_word' id='word_1_722' title='bbox 1696 2232 1752 2259; x_wconf 86' lang='lat' dir='ltr'><strong>licri</strong></span> 
     </span>
    </p>
   </div>
   <div class='ocr_carea' id='block_1_107' title="bbox 970 2277 1754 2310">
    <p class='ocr_par' dir='ltr' id='par_1_107' title="bbox 970 2277 1754 2310">
     <span class='ocr_line' id='line_1_107' title="bbox 970 2277 1754 2310; baseline 0 -4"><span class='ocrx_word' id='word_1_723' title='bbox 970 2279 998 2306; x_wconf 93' lang='lat' dir='ltr'><strong>in</strong></span> <span class='ocrx_word' id='word_1_724' title='bbox 1011 2278 1169 2306; x_wconf 85' lang='lat' dir='ltr'><strong>novissimis</strong></span> <span class='ocrx_word' id='word_1_725' title='bbox 1183 2278 1289 2306; x_wconf 88' lang='lat' dir='ltr'><strong>diebus.</strong></span> <span class='ocrx_word' id='word_1_726' title='bbox 1309 2277 1451 2304; x_wconf 88' lang='lat' dir='ltr'><strong>Somnium</strong></span> <span class='ocrx_word' id='word_1_727' title='bbox 1476 2282 1564 2310; x_wconf 88' lang='lat' dir='ltr'><strong>tuum,</strong></span> <span class='ocrx_word' id='word_1_728' title='bbox 1585 2282 1613 2304; x_wconf 87' lang='lat' dir='ltr'><strong>ct</strong></span> <span class='ocrx_word' id='word_1_729' title='bbox 1635 2278 1754 2306; x_wconf 85' lang='lat' dir='ltr'><strong>visiones</strong></span> 
     </span>
    </p>
   </div>
   <div class='ocr_carea' id='block_1_108' title="bbox 969 2323 1581 2360">
    <p class='ocr_par' dir='ltr' id='par_1_108' title="bbox 969 2323 1581 2360">
     <span class='ocr_line' id='line_1_108' title="bbox 969 2323 1581 2360; baseline -0.007 -8"><span class='ocrx_word' id='word_1_730' title='bbox 969 2325 1065 2360; x_wconf 86' lang='lat' dir='ltr'><strong>capitis</strong></span> <span class='ocrx_word' id='word_1_731' title='bbox 1079 2324 1116 2351; x_wconf 94' lang='lat' dir='ltr'><strong>tui</strong></span> <span class='ocrx_word' id='word_1_732' title='bbox 1133 2324 1159 2350; x_wconf 89' lang='lat' dir='ltr'><strong>in</strong></span> <span class='ocrx_word' id='word_1_733' title='bbox 1174 2324 1299 2351; x_wconf 88' lang='lat' dir='ltr'><strong>cubiculo</strong></span> <span class='ocrx_word' id='word_1_734' title='bbox 1314 2328 1372 2357; x_wconf 93' lang='lat' dir='ltr'><strong>tuo,</strong></span> <span class='ocrx_word' id='word_1_735' title='bbox 1391 2323 1447 2351; x_wconf 63' lang='lat' dir='ltr'><strong>haec</strong></span> <span class='ocrx_word' id='word_1_736' title='bbox 1466 2328 1540 2351; x_wconf 84' lang='lat' dir='ltr'><strong>sunt.</strong></span> <span class='ocrx_word' id='word_1_737' title='bbox 1578 2343 1581 2348; x_wconf 96' lang='lat'><strong>.</strong></span> 
     </span>
    </p>
   </div>
   <div class='ocr_carea' id='block_1_109' title="bbox 1005 2433 1754 2469">
    <p class='ocr_par' dir='ltr' id='par_1_109' title="bbox 1005 2433 1754 2469">
     <span class='ocr_line' id='line_1_109' title="bbox 1005 2433 1754 2469; baseline 0.001 -7"><span class='ocrx_word' id='word_1_738' title='bbox 1005 2435 1050 2462; x_wconf 76' lang='grc'><strong>29.</strong></span> <span class='ocrx_word' id='word_1_739' title='bbox 1072 2433 1094 2462; x_wconf 94' lang='grc' dir='ltr'>Ο</span> <span class='ocrx_word' id='word_1_740' title='bbox 1111 2442 1178 2466; x_wconf 87' lang='lat' dir='ltr'><strong>rex,</strong></span> <span class='ocrx_word' id='word_1_741' title='bbox 1206 2434 1386 2469; x_wconf 73' lang='lat' dir='ltr'><strong>cogitationes</strong></span> <span class='ocrx_word' id='word_1_742' title='bbox 1417 2439 1468 2462; x_wconf 76' lang='lat' dir='ltr'><strong>tuae</strong></span> <span class='ocrx_word' id='word_1_743' title='bbox 1500 2434 1527 2461; x_wconf 89' lang='lat' dir='ltr'><strong>in</strong></span> <span class='ocrx_word' id='word_1_744' title='bbox 1557 2434 1684 2462; x_wconf 87' lang='lat' dir='ltr'><strong>cubiculo</strong></span> <span class='ocrx_word' id='word_1_745' title='bbox 1707 2439 1754 2463; x_wconf 89' lang='lat' dir='ltr'><strong>tuo</strong></span> 
     </span>
    </p>
   </div>
   <div class='ocr_carea' id='block_1_110' title="bbox 969 2479 1753 2516">
    <p class='ocr_par' dir='ltr' id='par_1_110' title="bbox 969 2479 1753 2516">
     <span class='ocr_line' id='line_1_110' title="bbox 969 2479 1753 2516; baseline 0.001 -8"><span class='ocrx_word' id='word_1_746' title='bbox 969 2481 1163 2514; x_wconf 84' lang='lat' dir='ltr'><strong>ascenderunt,</strong></span> <span class='ocrx_word' id='word_1_747' title='bbox 1177 2480 1241 2515; x_wconf 88' lang='lat' dir='ltr'><strong>quid</strong></span> <span class='ocrx_word' id='word_1_748' title='bbox 1255 2479 1377 2508; x_wconf 77' lang='lat' dir='ltr'><strong>futurum</strong></span> <span class='ocrx_word' id='word_1_749' title='bbox 1393 2481 1428 2508; x_wconf 91' lang='lat' dir='ltr'><strong>sit</strong></span> <span class='ocrx_word' id='word_1_750' title='bbox 1444 2485 1503 2515; x_wconf 87' lang='lat' dir='ltr'><strong>post</strong></span> <span class='ocrx_word' id='word_1_751' title='bbox 1522 2481 1594 2508; x_wconf 68' lang='lat' dir='ltr'><strong>haec:</strong></span> <span class='ocrx_word' id='word_1_752' title='bbox 1608 2485 1634 2508; x_wconf 65' lang='lat' dir='ltr'><strong>et</strong></span> <span class='ocrx_word' id='word_1_753' title='bbox 1653 2482 1699 2516; x_wconf 89' lang='lat' dir='ltr'><strong>qui</strong></span> <span class='ocrx_word' id='word_1_754' title='bbox 1712 2490 1753 2510; x_wconf 89' lang='lat' dir='ltr'><strong>re-</strong></span> 
     </span>
    </p>
   </div>
   <div class='ocr_carea' id='block_1_111' title="bbox 969 2526 1682 2563">
    <p class='ocr_par' dir='ltr' id='par_1_111' title="bbox 969 2526 1682 2563">
     <span class='ocr_line' id='line_1_111' title="bbox 969 2526 1682 2563; baseline -0.001 -8"><span class='ocrx_word' id='word_1_755' title='bbox 969 2527 1041 2555; x_wconf 84' lang='lat' dir='ltr'><strong>velat</strong></span> <span class='ocrx_word' id='word_1_756' title='bbox 1057 2526 1197 2563; x_wconf 83' lang='lat' dir='ltr'><strong>mystcria,</strong></span> <span class='ocrx_word' id='word_1_757' title='bbox 1210 2526 1328 2553; x_wconf 78' lang='lat' dir='ltr'><strong>Ostendit</strong></span> <span class='ocrx_word' id='word_1_758' title='bbox 1343 2526 1401 2558; x_wconf 85' lang='lat' dir='ltr'><strong>tibi,</strong></span> <span class='ocrx_word' id='word_1_759' title='bbox 1418 2534 1478 2561; x_wconf 76' lang='lat' dir='ltr'><strong>qua:</strong></span> <span class='ocrx_word' id='word_1_760' title='bbox 1496 2531 1602 2561; x_wconf 86' lang='lat' dir='ltr'><strong>oportet</strong></span> <span class='ocrx_word' id='word_1_761' title='bbox 1615 2527 1682 2554; x_wconf 80' lang='lat' dir='ltr'><strong>ﬁeri.</strong></span> 
     </span>
    </p>
   </div>
   <div class='ocr_carea' id='block_1_112' title="bbox 1004 2583 1755 2620">
    <p class='ocr_par' dir='ltr' id='par_1_112' title="bbox 1004 2583 1755 2620">
     <span class='ocr_line' id='line_1_112' title="bbox 1004 2583 1755 2620; baseline 0.001 -9"><span class='ocrx_word' id='word_1_762' title='bbox 1004 2584 1049 2612; x_wconf 76' lang='lat'><strong>30.</strong></span> <span class='ocrx_word' id='word_1_763' title='bbox 1071 2583 1103 2611; x_wconf 85' lang='lat' dir='ltr'><strong>Et</strong></span> <span class='ocrx_word' id='word_1_764' title='bbox 1116 2584 1182 2612; x_wconf 91' lang='lat' dir='ltr'><strong>mihi</strong></span> <span class='ocrx_word' id='word_1_765' title='bbox 1206 2591 1260 2611; x_wconf 91' lang='lat' dir='ltr'><strong>non</strong></span> <span class='ocrx_word' id='word_1_766' title='bbox 1283 2584 1310 2611; x_wconf 92' lang='lat' dir='ltr'><strong>in</strong></span> <span class='ocrx_word' id='word_1_767' title='bbox 1327 2583 1471 2618; x_wconf 81' lang='lat' dir='ltr'><strong>sapientia,</strong></span> <span class='ocrx_word' id='word_1_768' title='bbox 1486 2591 1546 2619; x_wconf 66' lang='lat' dir='ltr'><strong>quae</strong></span> <span class='ocrx_word' id='word_1_769' title='bbox 1563 2584 1599 2611; x_wconf 91' lang='lat' dir='ltr'><strong>sit</strong></span> <span class='ocrx_word' id='word_1_770' title='bbox 1613 2584 1678 2612; x_wconf 85' lang='lat' dir='ltr'><strong>mihi</strong></span> <span class='ocrx_word' id='word_1_771' title='bbox 1699 2593 1755 2620; x_wconf 67' lang='lat' dir='ltr'><strong>prae</strong></span> 
     </span>
    </p>
   </div>
   <div class='ocr_carea' id='block_1_113' title="bbox 969 2630 1754 2665">
    <p class='ocr_par' dir='ltr' id='par_1_113' title="bbox 969 2630 1754 2665">
     <span class='ocr_line' id='line_1_113' title="bbox 969 2630 1754 2665; baseline 0.001 -7"><span class='ocrx_word' id='word_1_772' title='bbox 969 2631 1096 2658; x_wconf 88' lang='lat' dir='ltr'><strong>omnibus</strong></span> <span class='ocrx_word' id='word_1_773' title='bbox 1113 2630 1277 2663; x_wconf 86' lang='lat' dir='ltr'><strong>viventibus,</strong></span> <span class='ocrx_word' id='word_1_774' title='bbox 1297 2630 1456 2665; x_wconf 80' lang='lat' dir='ltr'><strong>mysterium</strong></span> <span class='ocrx_word' id='word_1_775' title='bbox 1467 2630 1519 2658; x_wconf 88' lang='lat' dir='ltr'><strong>hoc</strong></span> <span class='ocrx_word' id='word_1_776' title='bbox 1536 2631 1682 2658; x_wconf 71' lang='lat' dir='ltr'><strong>revelatum</strong></span> <span class='ocrx_word' id='word_1_777' title='bbox 1697 2636 1754 2659; x_wconf 85' lang='lat' dir='ltr'><strong>est:</strong></span> 
     </span>
    </p>
   </div>
   <div class='ocr_carea' id='block_1_114' title="bbox 969 2675 1753 2711">
    <p class='ocr_par' dir='ltr' id='par_1_114' title="bbox 969 2675 1753 2711">
     <span class='ocr_line' id='line_1_114' title="bbox 969 2675 1753 2711; baseline 0 -7"><span class='ocrx_word' id='word_1_778' title='bbox 969 2677 1016 2704; x_wconf 87' lang='lat' dir='ltr'><strong>sed</strong></span> <span class='ocrx_word' id='word_1_779' title='bbox 1033 2681 1063 2704; x_wconf 89' lang='lat' dir='ltr'><strong>ut</strong></span> <span class='ocrx_word' id='word_1_780' title='bbox 1080 2676 1331 2711; x_wconf 80' lang='lat' dir='ltr'><strong>interpretationem</strong></span> <span class='ocrx_word' id='word_1_781' title='bbox 1362 2676 1419 2711; x_wconf 80' lang='lat' dir='ltr'><strong>regi</strong></span> <span class='ocrx_word' id='word_1_782' title='bbox 1442 2675 1615 2704; x_wconf 82' lang='lat' dir='ltr'><strong>manifestam</strong></span> <span class='ocrx_word' id='word_1_783' title='bbox 1643 2676 1753 2710; x_wconf 80' lang='lat' dir='ltr'><strong>faciam,</strong></span> 
     </span>
    </p>
   </div>
   <div class='ocr_carea' id='block_1_115' title="bbox 967 2723 1486 2759">
    <p class='ocr_par' dir='ltr' id='par_1_115' title="bbox 967 2723 1486 2759">
     <span class='ocr_line' id='line_1_115' title="bbox 967 2723 1486 2759; baseline 0 -9"><span class='ocrx_word' id='word_1_784' title='bbox 967 2727 994 2750; x_wconf 87' lang='lat' dir='ltr'><strong>et</strong></span> <span class='ocrx_word' id='word_1_785' title='bbox 1009 2727 1038 2750; x_wconf 90' lang='lat' dir='ltr'><strong>ut</strong></span> <span class='ocrx_word' id='word_1_786' title='bbox 1051 2723 1122 2751; x_wconf 88' lang='lat' dir='ltr'><strong>scias</strong></span> <span class='ocrx_word' id='word_1_787' title='bbox 1139 2723 1316 2759; x_wconf 78' lang='lat' dir='ltr'><strong>cogitationes</strong></span> <span class='ocrx_word' id='word_1_788' title='bbox 1330 2724 1421 2752; x_wconf 89' lang='lat' dir='ltr'><strong>cordis</strong></span> <span class='ocrx_word' id='word_1_789' title='bbox 1438 2724 1486 2751; x_wconf 91' lang='lat' dir='ltr'><strong>tui.</strong></span> 
     </span>
    </p>
   </div>
   <div class='ocr_carea' id='block_1_116' title="bbox 1002 2776 1752 2815">
    <p class='ocr_par' dir='ltr' id='par_1_116' title="bbox 1002 2776 1752 2815">
     <span class='ocr_line' id='line_1_116' title="bbox 1002 2776 1752 2815; baseline 0.005 -11"><span class='ocrx_word' id='word_1_790' title='bbox 1002 2776 1046 2805; x_wconf 71' lang='grc' dir='ltr'><strong>ΞΛ.</strong></span> <span class='ocrx_word' id='word_1_791' title='bbox 1067 2777 1118 2811; x_wconf 90' lang='lat' dir='ltr'><strong>Tu,</strong></span> <span class='ocrx_word' id='word_1_792' title='bbox 1133 2787 1191 2811; x_wconf 87' lang='lat' dir='ltr'><strong>rex,</strong></span> <span class='ocrx_word' id='word_1_793' title='bbox 1210 2778 1366 2811; x_wconf 76' lang='lat' dir='ltr'><strong>videbas,et</strong></span> <span class='ocrx_word' id='word_1_794' title='bbox 1382 2780 1555 2815; x_wconf 70' lang='lat' dir='ltr'><strong>ecceimago</strong></span> <span class='ocrx_word' id='word_1_795' title='bbox 1578 2788 1631 2808; x_wconf 86' lang='lat' dir='ltr'><strong>una</strong></span> <span class='ocrx_word' id='word_1_796' title='bbox 1654 2787 1752 2814; x_wconf 70' lang='lat' dir='ltr'><strong>magna</strong></span> 
     </span>
    </p>
   </div>
   <div class='ocr_carea' id='block_1_117' title="bbox 968 2823 1753 2859">
    <p class='ocr_par' dir='ltr' id='par_1_117' title="bbox 968 2823 1753 2859">
     <span class='ocr_line' id='line_1_117' title="bbox 968 2823 1753 2859; baseline 0 -9"><span class='ocrx_word' id='word_1_797' title='bbox 968 2823 1059 2856; x_wconf 81' lang='lat' dir='ltr'><strong>nimis;</strong></span> <span class='ocrx_word' id='word_1_798' title='bbox 1080 2823 1170 2858; x_wconf 72' lang='lat' dir='ltr'><strong>imago</strong></span> <span class='ocrx_word' id='word_1_799' title='bbox 1184 2823 1229 2850; x_wconf 88' lang='lat' dir='ltr'><strong>illa</strong></span> <span class='ocrx_word' id='word_1_800' title='bbox 1249 2830 1356 2857; x_wconf 78' lang='lat' dir='ltr'><strong>magna,</strong></span> <span class='ocrx_word' id='word_1_801' title='bbox 1378 2828 1404 2851; x_wconf 93' lang='lat' dir='ltr'><strong>ct</strong></span> <span class='ocrx_word' id='word_1_802' title='bbox 1422 2830 1546 2859; x_wconf 81' lang='lat' dir='ltr'><strong>aspectus</strong></span> <span class='ocrx_word' id='word_1_803' title='bbox 1563 2825 1649 2859; x_wconf 87' lang='lat' dir='ltr'><strong>ipsius</strong></span> <span class='ocrx_word' id='word_1_804' title='bbox 1671 2825 1753 2852; x_wconf 82' lang='lat' dir='ltr'><strong>subti-</strong></span> 
     </span>
    </p>
   </div>
   <div class='ocr_carea' id='block_1_118' title="bbox 1504 2865 1606 2898">
    <p class='ocr_par' dir='ltr' id='par_1_118' title="bbox 1504 2865 1606 2898">
     <span class='ocr_line' id='line_1_118' title="bbox 1504 2865 1606 2898; baseline 0 0"><span class='ocrx_word' id='word_1_805' title='bbox 1504 2865 1511 2873; x_wconf 82' lang='grc'><strong>”</strong></span> <span class='ocrx_word' id='word_1_806' title='bbox 1567 2870 1606 2898; x_wconf 85' lang='grc'><strong>90</strong></span> 
     </span>
    </p>
   </div>
  </div>
