1967 3079
201 116 272 145 2847

731 108 856 137 DANIEL
875 107 988 136 JUXTA
1009 105 1282 136 THEODOTIONEM

1762 104 1834 132 2848

200 175 271 209 mis;
289 179 365 203 stans
376 177 439 201 ante
453 171 551 200 faciem
563 175 648 204 tuam,
675 173 702 197 et
713 169 786 197 visio
801 168 861 204 ejus
884 167 992 195 terribi-

1062 166 1129 202 ὒτῆς
1141 165 1309 202 ὐπερφερὴς,
1327 165 1433 194 ἑστῶσα
1448 165 1501 201 πρὸ
1516 164 1662 202 προσώπου
1679 173 1740 198 σου,
1756 167 1805 194 καὶ
1817 169 1834 202 ἡ

199 221 246 250 lis.

234 266 281 294 52.
301 265 404 300 Imago,
424 263 504 299 cujus
518 267 600 298 caput
615 265 675 290 erat
694 268 728 288 ex
744 266 812 287 auro
831 266 913 295 puro,
929 267 990 287 ma-

200 320 264 344 nus,
277 316 305 339 et
320 315 427 347 pectus,
449 314 476 338 et
504 309 616 337 brachia
648 307 709 342 ejus
731 310 869 342 argentea,
895 310 991 334 venter

200 362 227 385 et
243 356 345 384 femora
358 363 438 383 aerea.
815 369 819 372 .

235 404 280 431 53.
299 402 333 431 Et
351 403 424 430 tibiae
443 400 546 433 ferreae,
560 398 654 435 pedes,
682 405 747 433 pars
763 398 888 434 quaedam
913 397 990 432 ferri,

200 457 264 485 pars
280 453 369 476 autem
385 451 471 475 ῑθδῑω.

234 494 280 522 54.
303 494 431 526 Videbas,
443 492 532 520 donec
549 492 687 520 abscissus
704 495 746 519 est
765 490 799 518 de
818 494 910 518 monte
922 489 993 524 lapis

201 541 260 568 sine
274 540 417 568 manibus:
431 543 458 566 et
471 538 608 574 percussit
632 538 779 573 imaginem
807 544 890 572 super
910 536 992 571 pedes

200 587 317 621 ferreos,
337 590 364 614 et
376 586 496 622 ﬁglinos,
519 590 545 614 et
559 585 722 614 comminuit
743 593 792 614 eos
808 584 841 612 ad
862 584 954 612 ﬁnem.

236 675 282 703 35.
304 674 383 702 Tunc
396 674 564 702 comminuta
579 679 643 703 sunt
658 674 761 710 pariter
782 673 894 706 ferrum,
911 676 991 704 testa,

201 728 248 753 ars.
266 725 421 756 argentum,
436 728 545 754 aurum,
563 725 590 748 et
606 720 676 748 facta
689 723 755 748 sunt
769 719 847 755 quasi
858 718 947 754 pulvis
959 718 994 746 de

201 775 264 795 area
281 767 385 800 aestiva,
404 771 431 795 et
451 767 563 796 sustulit
582 774 645 794 eum
668 765 813 794 multitudo
825 764 946 800 spiritus,
966 767 994 791 et

202 814 292 841 omnis
302 814 380 842 locus
394 821 449 841 non
462 817 503 842 est
515 814 643 841 inventus
657 812 697 840 eis
712 820 718 838 :
739 816 766 839 et
779 810 913 846 lapis,qui
932 817 993 845 per-

1041 212 1136 248 ὂρασις
1147 212 1233 247 αὐτῆς
1247 211 1362 248 φοϐερά.

1076 257 1121 285 52.
1135 257 1235 290 Εἰκὼν,
1251 255 1285 294 ἦς
1297 258 1314 293 ἡ
1331 257 1438 293 κεφαλὴ
1452 257 1565 293 χρυσίου
1580 257 1700 293 καθαροῦ
1710 279 1718 290 ,
1734 257 1764 284 αἱ
1781 259 1837 293 χεζ-

1043 313 1100 340 ρις,
1116 304 1164 330 καὶ
1175 303 1206 330 τὸ
1219 303 1326 339 στῆθος,
1345 305 1394 331 καὶ
1412 305 1438 331 οἱ
1454 303 1598 339 βραχίονες
1612 304 1698 338 αὐτῆς
1708 304 1835 340 ἀργυροῖ,

1041 351 1057 386 ἡ
1074 349 1161 376 κοιλία
1177 350 1224 376 καὶ
1238 351 1263 376 οἱ
1280 352 1364 385 μηροὶ
1374 350 1480 384 χαλκοῖ.

1078 395 1123 422 55.
1142 395 1198 421 Kal
1216 394 1246 421 αἰ
1257 395 1362 430 κνῆμαι
1377 394 1497 430 σιδηραῖ,
1510 395 1537 421 οἱ
1550 394 1628 426 πόδες
1638 394 1727 430 μέρος
1746 394 1796 430 μέν
1811 403 1839 421 τι

1043 439 1165 475 σιδήρου,
1183 439 1267 474 μέρος
1281 439 1311 466 δέ
1325 447 1352 466 τι
1363 439 1511 474 ὀστράκου.

1077 486 1122 513 54,
1146 485 1290 522 Ἐθεώρεις
1308 485 1362 518 ἕως
1377 486 1437 513 ὅτου
1457 485 1610 521 άπεσχίσθη
1629 485 1683 512 ἀπὸ
1706 485 1788 521 ὄρους
1801 485 1841 512 λί-

1044 531 1090 562 θος
1113 530 1177 558 ἄνευ
1193 531 1302 567 χειρῶν,
1327 531 1375 558 καὶ
1399 530 1518 564 ἐπάταξε
1531 532 1581 566 τὴν
1598 531 1690 558 εἰκόνα
1710 531 1759 558 ἐπὶ
1777 531 1840 562 τοὺς

1045 577 1129 609 πόδας
1144 578 1208 610 τοὺς
1222 577 1360 612 σιδηροῦς,
1378 579 1425 605 καὶ
1441 577 1620 614 ὀστρακίνους
1632 597 1639 610 ,
1659 577 1708 604 καὶ
1727 577 1841 604 ὲλέπτυα

1044 633 1088 652 νεν
1104 625 1204 657 αὐτοὺς
1219 626 1259 657 εἰς
1269 626 1358 657 τέλος.

1079 672 1125 700 '55.
1149 673 1217 700 Τότε
1241 672 1447 708 ὲλεπτύνθησαν
1471 672 1588 706 εἰσάπαξ
1610 673 1626 700 6
1653 673 1763 709 σίδηρος
1779 695 1786 706 ,
1810 675 1842 702 τὸ

1043 717 1188 753 ὄστρακον,
1201 719 1215 746 6
1237 718 1346 754 χαλκὸς,
1364 719 1379 745 6
1394 719 1526 755 ἄργυρος,
1550 720 1564 746 6
1578 719 1694 754 χρυσός·
1710 720 1759 746 καὶ
1779 719 1841 753 ἐγέ-

1044 771 1119 790 νοντο
1128 764 1194 791 ὡσεὶ
1209 764 1347 800 κονιορτὸς
1357 764 1412 791 ἀπὸ
1425 764 1528 796 ἅλωνος
1542 764 1668 800 Θερινῆς·
1678 765 1727 791 καὶ
1743 764 1842 800 ἐξῆρεν

1044 809 1128 836 αὑτὸν
1141 809 1172 836 τὸ
1183 810 1285 844 πλῆθος
1302 809 1349 836 τοῦ
1361 810 1528 845 πνεύματος,
1539 811 1588 837 καὶ
1605 811 1639 845 Χ
1654 811 1709 842 πᾶς
1717 811 1746 846 /.
1758 810 1843 842 τόπος

202 864 326 888 cusserat
337 859 484 895 imaginem
498 859 586 887 factus
602 859 683 887 estin
704 864 826 886 montem
845 864 973 893 magnum
985 876 993 889 ,

1061 855 1095 890 ὐχ
1108 855 1207 891 εὑρέθη
1221 856 1324 888 αὐτοῖς,
1339 856 1386 882 καὶ
1398 857 1412 882 ὁ
1421 855 1496 887 λίθος
1505 857 1520 882 6
1536 855 1661 888 πατάξας
1683 856 1732 892 τὴν
1750 856 1842 883 εἰκόνα

201 911 230 935 et
241 906 366 941 implevit
381 906 538 934 universam
554 910 666 934 terram.
691 915 700 926 -

237 952 281 979 56.
306 951 363 980 Hoc
380 955 423 980 est
436 952 573 979 somnium
591 958 599 978 :
623 956 650 980 et
667 950 918 986 interpretationem
931 949 991 985 ejus

201 998 324 1026 dicemus
340 1006 434 1026 coram
452 1005 526 1034 rege.

236 1045 282 1073 5'7.
303 1045 356 1078 Tu.
369 1053 416 1073 rex
439 1053 545 1081 regum,
555 1045 598 1073 cui
615 1044 686 1072 Deus
701 1044 765 1072 coeli
780 1051 895 1079 regnum
909 1042 990 1076 forte,

201 1095 228 1118 et
239 1090 369 1125 validum,
384 1096 412 1119 et
424 1090 589 1119 honoratum
605 1090 680 1119 dedit
692 1090 719 1118 in
731 1090 807 1118 omni
819 1090 891 1117 loco.

236 1179 281 1207 58.
301 1178 353 1206 Ubi
371 1179 494 1207 habitant
508 1179 556 1207 lilii
580 1178 743 1211 hominum;
770 1177 872 1206 bestias
889 1177 992 1212 pariter

203 1225 271 1259 agri,
287 1224 448 1252 etvolucres
459 1224 533 1257 coeli,
542 1228 569 1251 et
582 1223 672 1258 pisces
686 1223 771 1250 maris
783 1222 857 1250 dedit
869 1223 896 1249 in
909 1229 992 1249 manu

203 1274 262 1302 tua,
277 1275 304 1298 et
319 1269 496 1298 constituitle
511 1269 652 1297 dominum
663 1268 796 1296 omnium.
810 1267 852 1295 Tu
864 1275 894 1295 es
912 1271 994 1302 caput

203 1322 328 1343 aureum.

239 1360 287 1388 39.
305 1359 339 1387 Et
354 1363 416 1395 post
430 1365 455 1387 te
467 1349 614 1395 consurget
624 1366 737 1394 regnum
747 1358 821 1386 aliud
839 1358 928 1386 minus
949 1361 991 1384 te:

204 1410 231 1433 et
243 1412 355 1440 regnum
372 1404 492 1439 tertium,
518 1406 594 1440 quod
621 1408 668 1432 est
684 1411 732 1438 tes,
747 1403 823 1439 quod
850 1403 995 1438 imperabit

205 1451 343 1478 universae
357 1454 448 1478 term.

240 1495 285 1523 40.
304 1495 338 1523 Et
354 1503 468 1531 regnum
486 1500 612 1531 quartum
623 1495 676 1524 erit
694 1495 764 1524 forte
778 1496 863 1524 veluti
877 1495 992 1524 ferrum:

205 1542 343 1576 quomodo
359 1542 432 1570 enim
452 1541 557 1569 ferrum
587 1542 750 1570 comminuit
780 1546 808 1570 et
835 1542 938 1575 domat,
957 1542 996 1570 sic

204 1588 299 1616 omnia
312 1588 480 1616 comminuet
495 1592 522 1616 et
540 1588 671 1616 domabit.

240 1634 286 1662 41.
308 1633 341 1662 Ει
358 1634 421 1670 quia
437 1634 530 1662 vidisti
546 1635 638 1669 pedes,
655 1638 682 1662 et
695 1633 804 1670 digitos,
819 1638 923 1669 partem
933 1634 998 1669 qui-

206 1680 267 1708 dem
283 1681 402 1716 aliquam
421 1680 496 1714 l'erri,
524 1685 630 1716 partem
649 1687 715 1708 vero
732 1681 880 1716 quamdam
908 1685 996 1714 testae,

207 1733 321 1762 regnum
335 1726 454 1754 divisum
472 1726 525 1754 erit
536 1726 565 1753 in
592 1733 632 1759 se,
657 1726 888 1761 quemadmodum
902 1726 1012 1755 vidisti,

207 1771 310 1799 ferrum
327 1772 507 1800 commixtum
523 1776 598 1800 testae
615 1772 705 1801 Iuleae.

243 1818 289 1845 42.
310 1818 343 1845 Et
357 1817 434 1852 digiti
454 1817 553 1852 pedum
570 1825 634 1852 pars
660 1817 783 1852 quaedam
809 1817 917 1850 ferrea,
935 1825 999 1852 pars

204 1869 301 1894 autem
316 1863 442 1899 quaedam
460 1863 536 1899 regni
552 1864 605 1891 erit
635 1863 724 1899 fortis,
743 1868 771 1892 et
786 1863 820 1892 de
848 1871 881 1892 eo
903 1867 999 1891 conte-

210 1916 296 1940 retur.

245 1959 290 1986 45.
310 1958 344 1986 Et
356 1957 421 1994 quia
435 1957 527 1986 vidisti
543 1956 645 1985 ferrum
662 1956 998 1990 admixtumtestaaluteze,

211 2005 353 2034 commixti
369 2009 451 2032 erunt
477 2005 505 2032 in
532 2004 637 2032 semine
655 2003 810 2036 hominum,
839 2007 866 2030 et
882 2010 936 2030 non
955 2003 1000 2030 ad-

211 2051 353 2080 harebunt
367 2051 435 2078 alter
449 2050 539 2083 alteri,
567 2050 638 2078 sicut
664 2049 769 2077 ferrum
788 2057 843 2077 non
868 2048 1000 2077 miscetur

211 2105 273 2126 eum
291 2101 369 2126 testa.

1045 901 1154 934 ἐγένετο
1165 902 1205 933 εἰς
1215 902 1278 937 ὅρος
1291 901 1373 938 μέγα,
1386 902 1434 929 καὶ
1449 901 1593 938 ἐπλήρωσε
1608 903 1698 930 πᾶσαν
1714 903 1766 938 τὴν
1778 902 1842 938 γῆν.

1080 946 1125 974 56.
1143 947 1229 974 Τοῦτό
1239 948 1297 974 ὲστι
1312 948 1342 975 τὸ
1353 947 1490 981 ἐνύπνιον,
1503 949 1552 976 καὶ
1567 948 1616 984 τὴν
1634 948 1780 985 σύγκρισιν
1793 948 1847 976 at»

1045 993 1092 1020 τοῦ
1105 993 1221 1029 ἐροῦμεν
1235 994 1351 1021 ἐνώπιον
1366 994 1414 1021 τοῦ
1431 994 1574 1030 βασιλέως.

1082 1039 1127 1068 57.
1139 1040 1186 1072 Σὺ,
1201 1040 1313 1075 βασιλεῦ
1333 1040 1476 1076 βασιλέων,
1488 1038 1510 1076 ᾧ
1531 1042 1546 1068 6
1572 1041 1638 1073 Θεὸς
1660 1041 1708 1069 τοῦ
1725 1041 1846 1078 οὐρανοῦ

1046 1085 1186 1121 βασιλείαν
1203 1087 1327 1122 ἰσχυρὰν,
1340 1087 1389 1114 καὶ
1403 1087 1548 1123 κραταιὰν,
1564 1087 1612 1114 καὶ
1623 1087 1732 1123 ἔντιμον
1741 1087 1846 1116 ἔδωκεν

1046 1131 1076 1159 ὲν
1089 1131 1172 1158 παντὶ
1189 1132 1275 1167 τόπῳ.

1081 1177 1126 1204 58.
1143 1177 1231 1204 Ὅπου
1247 1177 1421 1205 κατοικοῦσιν
1439 1177 1464 1204 οἰ
1481 1178 1536 1205 υἱοὶ
1544 1177 1599 1206 τῶν
1608 1178 1762 1214 ἀνθρώπων
1773 1187 1780 1194 ·
1795 1179 1845 1215 θη-

1047 1221 1094 1256 ρία
1105 1230 1135 1248 τε
1146 1221 1244 1257 ἀγροῦ,
1262 1222 1310 1249 καὶ
1326 1222 1438 1250 πετεινά
1454 1221 1569 1258 οὐρανοῦ
1580 1243 1587 1255 ,
1610 1223 1658 1250 καὶ
1674 1223 1770 1258 ἰχθύας
1793 1224 1844 1250 θα-

1046 1267 1150 1302 λάσσης
1176 1267 1275 1294 ἔδωκεν
1298 1267 1328 1294 ὲν
1349 1268 1383 1303 τῇ
1411 1267 1482 1303 χειρί
1497 1276 1556 1301 σου,
1575 1268 1623 1294 καὶ
1644 1268 1798 1304 κατέστησέ
1815 1277 1846 1295 σε

1048 1312 1144 1348 κύριον
1155 1313 1279 1341 πάντων·
1294 1313 1327 1340 σὺ
1339 1312 1391 1348 εῐή
1407 1313 1513 1349 κεφαλὴ
1533 1315 1550 1350 ἡ
1565 1315 1667 1350 χρυσῆ.

1083 1360 1127 1388 59.
1144 1361 1200 1388 Kal
1218 1360 1306 1387 ὀπίσω
1333 1368 1381 1387 σου
1405 1361 1589 1396 ἀναστήσεται
1612 1361 1737 1397 βασιλεία
1761 1361 1848 1398 ἑτέρα

1046 1405 1137 1440 ἥττων
1153 1414 1210 1438 σου,
1225 1407 1273 1433 καὶ
1289 1406 1412 1442 βασιλεία
1435 1408 1527 1444 τρίτη,
1546 1408 1564 1444 ἦ
1578 1408 1653 1436 ἐστιν
1669 1410 1684 1435 6
1694 1409 1809 1445 χαλκὸς,
1829 1409 1848 1446 ἢ

1047 1449 1188 1486 κυριεύσει
1204 1451 1295 1486 πάσης
1310 1451 1361 1488 τῆς
1371 1453 1435 1488 γῆς.

1082 1495 1126 1523 40.
1144 1495 1200 1523 Kal
1216 1495 1340 1531 βασιλεία
1357 1497 1476 1533 τετάρτη
1494 1497 1569 1525 ἔσται
1595 1498 1693 1535 ἰσχυρὰ
1707 1499 1746 1531 ὡς
1769 1499 1849 1535 σίδη-

1050 1549 1109 1578 ρος·
1125 1541 1155 1568 δν
1169 1542 1269 1578 τρόπον
1281 1542 1335 1578 γὰρ
1349 1544 1364 1570 6
1375 1543 1485 1579 σίδηρος
1496 1543 1622 1572 λεπτύνει
1640 1545 1688 1572 καὶ
1714 1545 1848 1581 δαμάζει,

1048 1587 1135 1620 οὕτως
1147 1587 1236 1615 πάντα
1252 1587 1379 1615 λεπτυνεῖ
1389 1589 1437 1616 καὶ
1456 1589 1582 1625 δαμάσει.

1083 1634 1128 1662 41.
1149 1635 1205 1661 Kal
1221 1634 1262 1661 ὅτι
1276 1633 1346 1666 εἶδες
1361 1635 1425 1667 τοὺς
1435 1635 1529 1669 πόδας,
1548 1636 1594 1663 κα)
1611 1635 1674 1668 τοὺς
1684 1635 1847 1669 δακτύλους,

1050 1680 1134 1716 μέρος
1147 1679 1198 1714 μέν
1208 1688 1235 1706 τι
1248 1680 1369 1716 σιδήρου,
1383 1681 1466 1716 μέρος
1477 1681 1506 1707 δέ
1515 1689 1541 1707 τι
1555 1682 1702 1717 ὀστράκου,
1719 1682 1848 1717 βασιλεία

1049 1725 1202 1761 διῃρημένη
1212 1725 1288 1752 ἔσται
1303 1727 1332 1753 ὲν
1346 1727 1427 1763 αὐτῇ,
1443 1727 1473 1754 ὃν
1488 1726 1590 1763 τρόπον
1601 1725 1671 1760 εῐδες
1681 1728 1728 1755 τὸν
1737 1728 1849 1764 σίδηρον

1049 1771 1272 1807 ἀναμεμιγμένον
1290 1771 1330 1808 τῷ
1343 1772 1471 1809 ὀστράκῳ
1487 1773 1526 1809 τῷ
1541 1774 1656 1809 πηλίνῳ.

1086 1817 1132 1844 42.
1153 1818 1210 1844 Kal
1222 1819 1246 1844 οι
1257 1818 1385 1845 δάκτυλοι
1399 1818 1454 1846 τῶν
1469 1819 1557 1846 ποδῶν
1572 1819 1655 1855 μέρος
1669 1819 1719 1854 μέν
1726 1828 1754 1846 τι
1771 1819 1849 1855 σιδη-

1051 1863 1126 1900 ροῦν,
1142 1863 1225 1900 μέρος
1239 1863 1269 1890 δέ
1286 1872 1312 1890 τι
1328 1864 1378 1900 τῆς
1398 1865 1539 1899 βασιλείας
1555 1864 1633 1892 ἔσται
1655 1865 1777 1901 ἰσχυρὸν,
1798 1866 1849 1893 καὶ

1050 1908 1098 1936 ἀπ’
1110 1909 1195 1944 αὐτῆς
1205 1909 1281 1936 ἔσται
1300 1910 1520 1946 συν-τριϐόμενον.

1085 1956 1130 1983 45.
1154 1956 1208 1983 Kal
1222 1957 1263 1983 ὅτι
1283 1954 1353 1988 εἶδες
1367 1956 1413 1983 τὸν
1432 1956 1542 1992 σίδηρον
1567 1957 1793 1993 ἀναμεμιγμένον
1808 1957 1849 1992 τῷ

1051 2002 1178 2038 ὀστράκῳ
1192 2003 1231 2038 τῷ
1243 2002 1360 2038 πηλίνῳ,
1377 2004 1526 2038 συμμιγεῖς
1542 2003 1648 2030 ἔσονται
1660 2005 1688 2030 ὲν
1705 2004 1846 2039 σπέρματι

1051 2048 1215 2084 ἀνθρώπων,
1240 2049 1289 2076 καὶ
1309 2049 1359 2076 οὐκ
1381 2048 1488 2076 ἔσονται
1511 2048 1748 2085 προσκολλώμενοι
1768 2047 1848 2081 οὗτος

1053 2095 1123 2131 μετὰ
1139 2095 1245 2128 τούτου,
1263 2095 1356 2127 καθὼς
1368 2096 1382 2122 6
1396 2095 1506 2132 σίδηρος
1522 2096 1573 2122 οὐκ
1582 2095 1766 2131 ἀναμίγνυται
1777 2095 1848 2131 μετὰ

1050 2141 1098 2168 τοῦ
1111 2141 1258 2177 ὀστράκου.

246 2187 292 2214 44.
313 2187 347 2214 Ει
361 2186 389 2213 in
404 2186 502 2214 diebus
515 2193 610 2222 regum
632 2185 742 2213 illorum
764 2184 909 2213 suscitabit
927 2184 996 2212 Deus

1085 2187 1131 2214 44.
1146 2187 1203 2214 Kal
1232 2188 1262 2214 ὲν
1284 2188 1345 2219 ταῖς
1365 2187 1483 2222 ἡμέραις
1503 2186 1557 2214 τῶν
1577 2186 1710 2222 βασιλέων
1733 2186 1847 2213 ἐκείνων

213 2233 274 2261 coeli
296 2239 420 2268 regnum,
450 2232 564 2267 quodin
583 2231 682 2259 saecula
714 2239 769 2259 non
799 2231 998 2266 dissipabitur:

215 2284 242 2307 et
253 2287 365 2314 regnum
383 2278 442 2314 ejus
455 2278 557 2314 populo
570 2278 646 2306 alteri
662 2285 717 2306 non
735 2278 871 2311 tradetur;
887 2277 1003 2305 commi-

212 2329 280 2354 nuet
305 2329 332 2353 et
345 2324 487 2353 ventilabit
499 2325 627 2352 universa
653 2331 746 2360 regna,
764 2328 791 2352 et
812 2324 902 2359 ipsum
919 2323 1003 2351 stabit

213 2373 241 2401 in
255 2371 366 2401 sarcula.

247 2460 293 2488 45.
315 2459 394 2488 Sicut
408 2459 512 2493 vidisti,
528 2459 601 2495 quod
633 2459 665 2487 de
693 2463 786 2486 monte
801 2459 940 2486 abscissus
960 2463 1002 2487 est

213 2506 284 2540 lapis
298 2506 356 2533 sine
369 2505 507 2539 manibus,
517 2509 544 2533 et
552 2505 756 2534 comminuebat
764 2508 874 2538 testam,
887 2504 1000 2537 ferrum,

215 2561 262 2584 aes.
279 2558 433 2588 argentum,
455 2561 564 2586 aurum,
576 2553 648 2581 Deus
663 2559 780 2588 magnus
801 2552 920 2580 ostendit
933 2552 1001 2587 regi,

215 2606 277 2634 quae
290 2603 398 2634 oportet
412 2599 470 2626 lleri
491 2599 619 2634 posthaec
633 2608 640 2627 :
654 2603 681 2627 et
689 2607 784 2627 verum
800 2603 842 2626 est
853 2598 1001 2631 somnium,

215 2649 244 2672 et
259 2643 347 2672 ﬁdelis
365 2644 553 2680 interpretatio
565 2645 637 2680 ejus.
734 2682 737 2684 η

251 2689 297 2717 46.
318 2689 396 2719 Tunc
410 2698 458 2718 rex
473 2690 725 2720 Nabuchodonosor
740 2691 838 2720 cecidit
849 2691 875 2718 in
895 2690 1001 2722 faciem,

216 2740 243 2763 et
260 2735 396 2763 Daniclcm
413 2735 547 2768 adoravit.
567 2743 594 2765 et
620 2745 730 2771 manaa,
750 2742 777 2765 et
802 2737 922 2765 suavitas
936 2737 1004 2764 odo-

221 2780 272 2812 ris,
287 2780 357 2808 dixit
371 2785 400 2808 ut
415 2780 577 2809 libarentur.

251 2827 298 2855 47.
318 2826 351 2855 Et
366 2827 535 2864 respondens
548 2834 595 2855 rex
607 2827 676 2856 dixit
692 2828 796 2856 Danieli
819 2837 826 2856 :
847 2828 876 2856 lu
888 2828 1002 2857 veritate

1051 2233 1200 2268 ἀναστήσει
1218 2233 1233 2260 6
1253 2233 1320 2265 Θεὸς
1338 2233 1384 2260 τοῦ
1411 2233 1527 2268 οὐρανοῦ
1555 2233 1707 2268 βασιλείαν,
1731 2233 1794 2267 ἥτις
1807 2232 1847 2263 εἰς

1051 2279 1115 2311 τοὺς
1129 2278 1230 2310 αἰῶνας
1249 2279 1280 2306 οὐ
1294 2279 1518 2314 διαφθαρήσεται,
1533 2279 1581 2305 καὶ
1595 2279 1612 2314 ή
1625 2278 1750 2313 βασιλεία
1763 2277 1845 2304 αὑτοῦ

1051 2324 1107 2360 λαῷ
1119 2325 1207 2361 ἑτέρῳ
1221 2325 1270 2360 οὐχ
1286 2325 1523 2360 ὑπολειφθήσεται·
1535 2324 1665 2351 λεπτυνεῖ
1688 2325 1734 2351 καὶ
1749 2323 1846 2359 λικμή-

1053 2380 1094 2398 σει
1110 2372 1199 2403 πάσας
1211 2371 1262 2403 τὰς
1280 2371 1429 2406 βασιλείας,
1445 2371 1492 2398 καὶ
1514 2370 1584 2406 αὕτη
1603 2371 1788 2406 ἀναστήσεται
1807 2371 1846 2402 εἰς

1052 2419 1116 2450 τοὺς
1135 2418 1248 2449 αἰῶνας.

1088 2464 1133 2492 45.
1152 2464 1200 2491 Ὃν
1212 2463 1313 2499 τρόπον
1330 2460 1410 2495 εἶδες,
1424 2462 1465 2489 ὃτι
1481 2462 1537 2489 ἀπὸ
1550 2462 1630 2498 ὅρους
1648 2461 1757 2498 ἐτμήθη
1772 2461 1843 2492 λίθος

1053 2510 1118 2538 ἄνευ
1129 2509 1239 2545 χειρῶν,
1255 2510 1302 2536 καὶ
1313 2509 1442 2536 ὲλέπτυνε
1453 2508 1483 2535 τὸ
1494 2508 1627 2544 ὄστρακον
1637 2528 1644 2540 ,
1659 2508 1707 2535 τὸν
1726 2508 1843 2543 σίδηρον,

1053 2557 1099 2584 τὸν
1115 2555 1227 2592 χαλκὸν,
1236 2555 1282 2582 τὸν
1296 2555 1428 2591 ἄργυρον,
1439 2555 1484 2582 τὸν
1500 2555 1614 2590 χρυσόν
1626 2555 1640 2581 6
1653 2553 1720 2586 Θεὸς
1730 2555 1745 2581 6
1759 2553 1845 2589 μέγας

1054 2601 1187 2638 ἐγνώρισε
1200 2601 1239 2637 τῷ
1254 2601 1358 2636 βασιλεῖ
1369 2600 1388 2628 δ.
1401 2601 1441 2628 δεῖ
1452 2600 1578 2635 γενέσθαι
1600 2599 1669 2635 μετά
1684 2598 1787 2626 ταῦτα·
1799 2599 1845 2626 καὶ

1054 2648 1182 2684 ἀληθινὸν
1199 2648 1230 2675 τὸ
1248 2647 1385 2680 ἐνύπνιον,
1397 2647 1446 2673 καὶ
1462 2647 1545 2681 πιστὴ
1561 2647 1577 2681 ή
1592 2645 1737 2681 σύγκρισις
1751 2644 1842 2672 αὑτοῦ.

1090 2693 1135 2720 46.
1155 2693 1222 2720 Τότε
1242 2693 1255 2719 6
1274 2692 1401 2728 βασιλεὺς
1422 2691 1657 2727 Ναϐουχοδονόσορ
1683 2691 1783 2717 ἔπεσεν
1799 2690 1845 2716 επὶ

1055 2738 1213 2774 πρόσωπον,
1231 2737 1280 2765 καὶ
1289 2738 1329 2774 τῷ
1345 2738 1445 2774 Δανιὴλ
1465 2737 1662 2772 προσεκύνησε,
1685 2736 1734 2764 καὶ
1753 2735 1843 2772 μαναά

1054 2784 1102 2811 καὶ
1113 2783 1226 2811 εὐωδίαν
1244 2781 1321 2811 εἶπεν
1335 2785 1455 2812 σπεῖσαι.

1052 2868 1077 2878 ί
1088 2830 1134 2858 47.
1154 2830 1210 2858 Kal
1220 2830 1382 2865 ἀποκριθεὶς
1401 2831 1416 2857 6
1432 2829 1567 2867 βασιλεὺς,
1581 2826 1658 2856 εἷπεν
1677 2826 1716 2863 τῷ
1727 2811 1848 2862 Δανιίιλ⁹¹
