1967 3079
117 120 188 149 ἱδῑθ

853 117 969 146 CAPUT
988 118 1032 146 Ill.

1683 120 1754 148 2850

127 180 185 207 Ἐπ’
193 178 327 215 ἀληθείας
338 180 352 206 ό
364 179 429 211 Θεὸς
440 178 454 205 ὑ
459 178 517 212 μῶν
539 178 618 210 αὑτός
631 177 762 210 sentiae;
775 178 854 209 θεῶν,
871 179 918 205 καὶ

993 185 1040 206 eus
1059 182 1148 206 vester
1162 177 1221 212 ipse
1235 183 1278 206 est
1291 177 1364 206 Deus
1377 179 1492 206 deorum
1502 197 1510 210 ,
1525 183 1552 205 et
1569 178 1701 206 Dominus
1711 187 1752 206 re-

122 225 224 262 Κύριος
238 225 295 252 τῶν
316 225 461 260 βασιλέων,
476 225 524 252 καὶ
545 224 744 252 ἀποκαλύπτων
770 225 917 260 μυστήρια,

121 273 166 300 ὃτι
181 271 312 307 ἐδυνήθης
326 271 499 306 ἀποκαλύψαι
517 271 547 298 τὸ
563 272 712 307 μυστήριον
722 272 810 298 τοῦτο.

161 318 205 346 ιδ.
218 318 274 345 Καὶ
286 318 456 353 ἐμεγάλυνεν
466 318 480 344 ὁ
492 317 620 353 βασιλεὺς
634 317 679 344 τὸν
693 316 802 352 Δανιὴλ,
817 317 864 343 καὶ
877 316 919 343 δό-

124 372 201 400 ματα
217 363 326 399 μεγάλα
356 363 404 390 καὶ
416 363 501 390 πολλὰ
512 363 610 390 ἔδωκεν
628 363 712 398 αὐτῷ,
728 364 774 390 καὶ
785 363 920 398 κατέστη-

124 419 174 437 σεν
190 410 272 436 αὑτὸν
286 410 334 436 ἐπὶ
346 410 436 444 πάσης
447 409 497 445 τῆς
507 411 599 445 χώρας
614 409 784 442 Βαϐυλῶνος,
806 409 853 436 καὶ
868 409 919 444 ἄρ-

124 464 210 491 χοντα
226 455 385 491 σατραπῶν,
401 456 449 482 καὶ
463 456 511 482 ἐπὶ
524 455 615 491 πάσης
625 455 675 491 τῆς
691 455 781 491 χώρας
793 454 920 481 Βαϐυλῶ-

123 510 181 534 νος.

162 548 207 575 49.
229 548 285 575 Καὶ
297 547 397 582 Δανιὴλ
413 548 533 584 ᾐτήσατο
547 547 622 583 παρὰ
645 548 692 574 τοῦ
712 546 854 582 βασιλέως,
872 547 920 574 καὶ

124 594 294 630 κατέστησεν
311 593 359 620 ἐπὶ
385 594 421 621 τὰ
435 593 504 629 ἔργα
522 594 572 629 τῆς
595 594 686 630 χώρας
703 594 861 626 Βαϐυλῶνος
875 593 920 620 τὸν

125 639 244 675 Σεδρὰχ,
265 639 369 674 Μισὰχ,
401 639 574 675 ’Δὸδεναγὼ·
590 641 638 667 καὶ
660 640 760 675 Δανιὴλ
782 638 817 675 ἦν
842 641 870 667 ὲν
886 641 919 676 τῇ

125 686 197 721 αὐλῇ
212 685 259 712 τοῦ
273 685 417 721 βασιλέως.

425 731 551 758 ΚΕΦᾹΛ.
574 731 609 758 Γ¹.

167 779 192 806 1.
209 779 307 809 Ἔτους
317 777 554 805 ὀκτωκαιδεκάτου
570 777 806 813 Ναϐουχοδονόσορ
816 778 830 803 ὁ
844 777 921 812 βασι·

128 824 194 856 λιὺς
214 824 341 860 εποίησεν
361 823 454 851 εἰκόνα
483 823 605 859 χρυσῆν·
631 822 698 858 ὕψος
722 823 808 858 αὐτῆς
825 821 921 857 πηχῶν

128 855 274 906 ἑξήκοντα,
287 855 335 896 καὶ
349 867 427 904 εὖρος
452 855 537 904 αὺτῆς
564 855 660 904 πηχῶν
675 868 705 900 ἐξ
715 877 722 885 ·
749 855 795 895 καί
809 855 923 904 Enn-crsu
938 855 961 886 Β

131 915 220 951 αὐτὴν
234 915 262 941 ἐν
276 914 360 948 πεδίῳ
376 915 483 949 Δεειρᾷ,
494 914 523 940 ὲν
539 913 617 949 χώρᾳ
634 913 804 945 Βαὸυλῶνος.

166 949 267 988 2ξΚαὶ
280 959 518 995 Ναϐουχοδονόσορ
533 960 547 986 ὁ
559 959 686 994 βασιλεὺς
698 958 843 985 ἀπέστειλε
859 949 924 984 συν-

129 1008 248 1041 αγαγεῖν
261 1006 364 1038 πάντας
378 1006 441 1038 τοὺς
456 1006 587 1038 ὑπάτους,
603 1005 652 1032 καὶ
665 1005 729 1037 τοὺς
744 1006 924 1041 στρατηγοὺς,

131 1054 181 1081 καὶ
193 1053 257 1085 τοὺς
276 1053 428 1088 τοπάρχας,
443 1052 624 1087 ἡγουμένους,
642 1052 690 1078 καὶ
704 1051 863 1086 τυράννους,
878 1050 926 1077 καὶ

131 1100 198 1131 τοὺς
221 1099 265 1126 ἐπ’
290 1098 432 1132 ἐξουσιῶν,
454 1098 502 1125 καὶ
524 1097 631 1129 πάντας
643 1097 706 1129 τοὺς
724 1097 858 1132 ἄρχοντας
871 1096 927 1122 τῶν

133 1145 243 1181 χωρῶν,
256 1144 345 1170 ἐλθεῖν
359 1144 400 1176 εἰς
414 1143 448 1170 τὰ
458 1143 586 1178 ὲγκαίνια
595 1143 643 1179 τῆς
656 1143 769 1174 εἰκόνος,
781 1140 814 1178 ἦς
829 1142 926 1178 ἔστησε

133 1190 374 1226 Ναϐουχοδονόσορ
388 1190 403 1216 ὁ
423 1189 559 1225 βασιλεύς.

171 1237 199 1264 3.
214 1237 270 1263 Καὶ
285 1235 458 1272 συνήχθησαν
470 1236 495 1262 οἱ
511 1235 660 1270 τοπάρχαι,
679 1234 788 1267 ὕπατοι,
810 1242 929 1270 στρατη-

133 1284 190 1319 γοὶ,
207 1284 364 1319 ἡγούμενοι,
380 1283 508 1319 τύραννοι
531 1283 655 1318 μεγάλοι,
683 1283 707 1309 ct
728 1282 771 1308 ἐπ’
785 1275 926 1313 ἐξουσιῶν,

133 1330 183 1357 καὶ
199 1330 300 1361 πάντες
324 1329 349 1356 οι
365 1328 494 1364 ἄρχοντες
519 1328 573 1355 τῶν
592 1328 700 1364 χωρῶν,
715 1327 775 1354 τοῦγ
787 1327 873 1354 ἐλθεῖν
889 1327 929 1357 είς

135 1377 182 1403 τὸν
197 1374 374 1410 ὲγκαινισμὺν
386 1375 435 1410 τῆς
459 1375 573 1407 εἰκόνος,
591 1372 624 1409 ἧς
643 1374 741 1408 ἔστησε
763 1373 930 1407 Ναϐουχοδο-

134 1421 217 1455 νόσορ
228 1421 242 1446 ὁ
259 1419 402 1455 βασιλεύς·
418 1420 465 1446 καὶ
481 1420 655 1455 εἰστήκεισαν
665 1419 780 1446 ἐνώπιον
794 1418 844 1453 τῆς
859 1418 930 1445 εἰκό-

136 1477 194 1499 νος,
209 1465 244 1503 ἦς
259 1466 373 1500 ἔστησεν
387 1467 401 1493 ὁ
418 1466 664 1502 Ναϐουχοδονόσορ.

967 232 1043 260 gum,
1060 229 1087 253 ct
1104 225 1228 253 revelans
1243 225 1389 261 mysteria;
1406 224 1535 259 quoniam
1550 224 1662 260 potuisti
1678 232 1756 252 reve-

968 270 1024 297 lare
1037 270 1197 305 mysterium
1213 269 1276 297 hoc.

1003 315 1048 343 ιε.
1069 315 1102 342 Et
1119 316 1302 351 magnillcavit
1330 323 1377 342 rex
1406 315 1556 346 Danielem,
1583 319 1611 342 et
1639 322 1754 341 munera

969 369 1066 397 magna
1086 366 1113 389 et
1128 361 1212 389 multa
1242 361 1314 388 dedit
1326 361 1371 388 ei:
1391 365 1418 388 et
1432 361 1574 388 constituit
1590 368 1652 388 eum
1675 368 1757 395 super
1781 370 1784 372 λ

969 407 1124 436 universam
1142 407 1280 442 regionem
1290 407 1446 443 Babylonis,
1462 411 1488 434 ct
1505 406 1654 441 principem
1669 411 1757 434 salta-

969 461 1077 489 parum,
1089 458 1117 482 et
1132 461 1213 488 super
1228 461 1335 481 omnem
1347 453 1515 488 previnciam
1530 452 1686 488 Babylonis.

1005 544 1050 572 £9.
1069 543 1102 571 Et
1121 543 1216 571 Daniel
1230 543 1378 579 postulavit
1393 551 1409 570 a
1423 550 1496 578 rege,
1512 548 1539 570 et
1554 541 1695 570 constituit
1711 548 1759 570 su-

970 599 1019 626 per
1044 598 1127 626 opera
1156 590 1304 625 provinciae
1333 590 1478 625 Babylonis
1497 587 1757 622 Sedrach,Misach.

970 637 1119 673 Abdenago
1132 646 1139 664 :
1155 641 1182 664 et
1194 636 1288 664 Daniel
1305 641 1364 664 erat
1376 636 1403 663 in
1418 635 1480 664 aula
1493 635 1574 670 regis.

1274 730 1388 758 CAPUT
1417 731 1460 758 ιιι.

1008 778 1034 806 Ι,
1051 777 1130 804 Anno
1144 776 1250 804 decimo
1267 781 1364 804 octavo
1378 774 1631 802 Nabuchodonosor
1653 780 1699 800 rex
1721 771 1761 799 lc-

969 825 1012 853 ‘cit
1028 823 1174 859 imaginem
1200 830 1333 850 auream:
1357 821 1473 848 altitudo
1498 820 1585 854 ipsius
1606 819 1760 846 cubitorum

976 870 1127 906 sexaginta,
1140 873 1166 897 et
1181 869 1294 896 latitudo
1306 868 1367 903 ejus
1380 867 1535 894 cubitorum
1547 873 1594 893 sex
1606 873 1613 899 ;
1626 869 1653 892 et
1668 864 1764 892 statuit

974 925 1034 945 eam
1052 917 1079 943 in
1095 923 1191 950 campo
1207 915 1286 942 Deira
1300 914 1327 941 in
1339 913 1481 949 provincia
1497 911 1655 947 Babylonis.

1010 962 1037 990 2.
1061 962 1092 989 Et
1106 962 1359 989 Nabuchodonosor
1382 967 1428 986 rex
1447 958 1521 985 misit
1535 957 1568 984 ad
1593 963 1765 991 congregan-

975 1010 1026 1038 dos
1036 1017 1132 1037 omnes
1146 1007 1287 1040 consules,
1308 1011 1335 1034 ct
1351 1006 1444 1038 duces,
1468 1008 1494 1031 et
1518 1002 1676 1038 toparchas,
1694 1010 1763 1038 prae-

977 1055 1074 1088 fectos,
1090 1060 1116 1083 et
1128 1060 1271 1090 tyrannos,
1296 1057 1323 1080 ct
1339 1059 1397 1085 eos,
1426 1050 1473 1087 qui
1494 1055 1572 1078 erant
1599 1051 1625 1078 in
1647 1054 1766 1085 potesta-

977 1102 1051 1130 tibus
1065 1101 1217 1133 constituti,
1244 1104 1271 1127 et
1289 1106 1384 1126 omnes
1409 1098 1546 1133 principes
1567 1097 1720 1132 regionum,
1737 1101 1766 1123 ut

978 1148 1103 1175 venirent
1120 1147 1153 1174 ad
1171 1145 1369 1174 dedicationem
1384 1144 1523 1180 imaginis,
1541 1151 1622 1178 quam
1635 1147 1767 1170 statuerat

979 1193 1230 1221 Nabuchodonosor
1250 1199 1307 1219 rex.

1013 1241 1040 1267 5.
1059 1239 1090 1266 Et
1107 1238 1264 1274 congregati
1280 1242 1344 1265 sunt
1367 1238 1515 1273 toparchaa.
1526 1235 1766 1267 consules,duces,

979 1284 1112 1320 pra'fecti,
1128 1284 1235 1320 tyranni
1249 1284 1350 1319 magni,
1367 1285 1413 1319 qui
1428 1289 1507 1312 erant
1522 1284 1549 1310 in
1562 1287 1694 1318 potestate
1702 1289 1768 1309 con-

981 1331 1081 1362 stituti,
1095 1335 1122 1358 et
1133 1338 1228 1358 omnes
1242 1330 1377 1365 principes
1392 1330 1546 1365 regionum.
1566 1328 1768 1356 utvenirentad

982 1377 1182 1404 dedicationem
1201 1376 1345 1411 imaginis,
1363 1383 1444 1411 quam
1468 1380 1600 1403 statuerat
1624 1374 1770 1402 Nabucho-

981 1423 1102 1451 donosor
1119 1431 1165 1450 rex
1185 1431 1192 1448 :
1211 1427 1237 1449 et
1260 1426 1394 1450 steterunt
1416 1421 1443 1448 in
1464 1426 1611 1457 conspectu
1633 1421 1770 1456 imaginis.

981 1477 1063 1504 quam
1079 1473 1212 1496 statuerat
1225 1467 1490 1495 Nabuchodonosor.

173 1514 201 1541 4.
218 1514 273 1540 Καὶ
285 1514 298 1540 ὁ
310 1511 398 1548 κῆρυξ
414 1512 478 1540 ὲῦόα
492 1514 520 1540 ὲν
533 1512 619 1548 ἰσχύϊ·
629 1512 710 1548 Ὑμῖν
723 1511 843 1546 λέγεται,
854 1511 928 1546 ἔθνη,

1017 1515 1044 1542 4.
1055 1513 1088 1541 Ει
1105 1521 1192 1548 prch
1207 1513 1342 1541 clamabat
1357 1512 1463 1541 valide:
1483 1511 1566 1540 Vobis
1579 1511 1690 1545 dicitur,
1706 1520 1770 1547 gen-

136 1559 210 1591 λαοὶ,
226 1559 320 1594 φυλαὶ,
335 1559 466 1592 γλῶσσαι.

172 1606 202 1633 5.
218 1603 257 1641 ⁷ῌ
273 1605 306 1632 ἂν
328 1605 387 1641 ὥρᾳ
401 1605 538 1641 ἀκούσητέ
557 1605 649 1640 φωνῆς
665 1605 824 1639 σάλπιγγος,
839 1604 933 1640 σύριγ-

139 1651 190 1686 γος
207 1660 236 1678 τε
254 1651 302 1678 καὶ
325 1650 451 1687 κιθάρας,
476 1651 631 1686 σαμϐύκης,
652 1651 700 1678 και
711 1651 873 1686 ψαλτηρίου,
886 1651 933 1677 καὶ

138 1695 311 1731 συμφωνίας,
334 1696 382 1722 καὶ
395 1696 497 1727 παντὸς
511 1696 608 1730 γένους
625 1696 774 1730 μουσικῶν,
789 1696 933 1727 πίπτοντες

138 1742 319 1778 προσκυνεῖτε
346 1743 379 1776 τῇ
397 1741 482 1768 εικόνι
495 1743 529 1778 τῇ
543 1743 642 1778 χρυσῇ,
655 1743 689 1778 ἥν
702 1742 815 1778 Ιστησεν
828 1742 934 1769 Ναϐου-

138 1787 283 1824 χοδονόσορ
296 1787 311 1813 ὁ
322 1786 458 1822 βασιλεύς.

176 1831 205 1859 6.
228 1832 284 1859 Καὶ
306 1832 337 1864 ὃς
361 1832 410 1859 ἐὰν
431 1832 469 1868 μὴ
487 1831 577 1859 πεσὼν
605 1834 795 1870 προσκυνήσῃ,
813 1835 882 1870 αὐτῇ
900 1835 933 1870 τῇ

139 1879 202 1915 ὥρᾳ
215 1877 382 1914 βληθήσεται
392 1880 432 1911 είς
446 1879 495 1916 τὴν
509 1879 625 1915 κάμινον
638 1880 685 1907 τοῦ
698 1881 783 1917 πυρὸς
797 1881 846 1917 τὴν
858 1890 934 1908 καιο-

142 1925 240 1962 μένην.

178 1972 206 2000 ’1,
223 1973 278 2000 Καὶ
296 1972 405 2006 ἐγένετο
419 1971 464 1999 ὅτε
475 1972 575 2008 ἤκουον
593 1973 618 1999 οι
636 1973 697 2000 λαοὶ
710 1973 760 2007 τῆς
778 1974 869 2008 φωνῆς
885 1974 935 2010 τῆς

141 2017 306 2052 σάλπιγγος,
324 2017 454 2053 σύριγγός
466 2026 496 2044 τε
509 2019 559 2045 καὶ
581 2018 708 2054 κιθάρας,
722 2020 876 2055 σαμϐύκης,
887 2021 934 2047 καὶ

139 2063 305 2100 ψαλτηρίου,
321 2064 369 2090 καὶ
384 2064 554 2098 συμφωνίας,
566 2065 616 2091 καὶ
634 2065 734 2097 παντὸς
757 2066 852 2100 γένους
869 2075 936 2102 μου·

141 2110 239 2142 σικῶν,
252 2110 397 2142 πίπτοντες
407 2111 432 2136 οἱ
446 2110 517 2143 λαοὶ,
530 2111 614 2145 φυλαὶ
624 2131 631 2143 ,
649 2111 779 2145 γλῶσσαι,
801 2113 936 2148 προσεκύο

141 2165 206 2183 νουν
217 2156 250 2191 τῇ
264 2156 347 2183 εικόνι
363 2157 396 2191 τῇ
412 2157 510 2192 χρυσῇ.
525 2156 559 2192 ήν
572 2156 686 2192 ἔστησεν
698 2157 935 2195 Ναϐουχοδονόσορ

139 2203 155 2228 ὁ
172 2202 312 2237 βασιλεὺς,
325 2202 469 2229 κατέναντι
481 2203 586 2229 τούτου.

179 2250 207 2276 8.
222 2249 289 2275 Τότε
305 2248 457 2284 προσῆλθον
476 2249 573 2285 ἄνδρες
584 2249 728 2284 Χαλδαῖοι,
751 2250 799 2278 καὶ
813 2250 936 2279 διέϐαλον

140 2294 208 2325 τοὺς
227 2293 378 2326 Ἰουδαίους.

180 2338 208 2366 9.
226 2339 283 2366 Καὶ
301 2339 496 2375 ἀποκριθέντες
519 2339 596 2367 εἷπον
619 2341 658 2376 τῷ
676 2341 783 2376 βασιλεῖ
800 2342 937 2378 Ναϐουχο-

140 2383 268 2420 δονόσορ¹
291 2383 416 2417 Βασιλεῡ,
436 2386 474 2417 εις
487 2385 549 2417 τοὺς
563 2385 744 2421 αἰῶναςζῆθι.

182 2428 227 2456 10.
235 2429 283 2461 Σὺ,
291 2428 414 2464 βασιλεῦ,
429 2430 531 2465 ἔθηκας
541 2430 639 2465 δόγμα,
652 2431 741 2458 πάντα
749 2431 938 2468 ἄνθρωπον,ὂς

144 2475 180 2502 ἂν
195 2474 300 2510 ἀκούσῃ
319 2475 370 2510 τῆς
390 2475 483 2511 φωνῆς
498 2477 547 2511 τῆς
573 2476 733 2511 σάλπιγγος,
752 2478 882 2514 σύριγγός
908 2489 938 2507 τε

144 2520 195 2548 καὶ
208 2520 337 2557 κιθάρας,
356 2521 501 2557 σαμϐύκης
514 2530 544 2548 τε
564 2523 613 2549 καὶ
628 2523 790 2558 ψαλτηρίου,
807 2525 854 2551 καὶ
870 2534 939 2561 συμ-

144 2565 262 2600 φωνίας,
284 2566 333 2592 καὶ
345 2566 448 2598 παντὸς
463 2566 558 2601 γένους
572 2568 722 2602 μουσικῶν,
738 2571 872 2602 πεσεῖται,
892 2572 938 2598 καὶ

144 2611 333 2646 προσκυνήσει
343 2612 375 2646 τῇ
393 2611 479 2638 εικόνι
492 2613 525 2647 τῇ
540 2614 638 2648 χρυσῇ.

183 2657 228 2684 Η.
244 2657 299 2684 Καὶ
317 2657 347 2690 ὃς
364 2657 413 2685 ἐὰν
433 2658 471 2694 μὴ
484 2658 575 2685 πεσὼν
596 2660 783 2697 προσκυνήσῃ,
800 2661 938 2698 ἐμϐληθή-

146 2710 226 2729 σεται
239 2704 279 2734 είς
291 2703 341 2739 τὴν
351 2703 466 2739 κάμινον
480 2704 526 2731 τοῦ
541 2704 625 2741 πυρὸς
639 2705 688 2741 τὴν
706 2707 866 2743 καιομένην.

184 2748 229 2776 ll.
246 2749 323 2776 Είσὶν
347 2747 395 2777 οὖν
420 2750 515 2783 ἄνδρες
531 2750 664 2784 Ἰουδαῖοι,
691 2751 738 2783 οὓς
768 2753 939 2788 κατέστησας

146 2794 194 2820 Iul
210 2795 245 2821 τὰ
263 2794 332 2830 ἔργα
345 2795 394 2831 τῆς
406 2795 498 2831 χώρας
517 2795 686 2830 Βαϐυλῶνος,
704 2797 817 2833 Σεδρὰχ,
833 2798 936 2834 Μισὰχ,

152 2839 328 2876 ’Δδδιναγών
348 2842 372 2869 al
400 2841 496 2878 ινδρας
520 2843 618 2870 ἐκεῖνοι
641 2843 692 2879 οὐχ
719 2843 877 2880 ὑπήκουσαν
900 2845 938 2880 τῷ

984 1567 1034 1593 tcs,
1049 1560 1152 1595 populi,
1166 1560 1253 1586 tribus
1265 1563 1292 1586 et
1305 1559 1413 1594 lingum.

1018 1607 1045 1634 5.
1066 1605 1244 1640 Quacumque
1255 1605 1323 1631 hora
1353 1603 1496 1632 audieritis
1524 1611 1619 1631 vocem
1645 1604 1729 1638 tubm,
1746 1608 1772 1630 et

983 1653 1082 1681 ﬁstula:
1096 1657 1122 1680 et
1138 1651 1261 1683 cithara,
1277 1650 1432 1682 santbucaz,
1458 1654 1485 1678 et
1504 1650 1638 1685 psalterii,
1657 1654 1684 1676 et
1699 1657 1772 1685 sym-

983 1699 1102 1736 phoniae,
1120 1704 1147 1726 et
1168 1698 1259 1726 omnis
1287 1697 1394 1733 generis
1424 1697 1592 1724 musicorum
1608 1717 1615 1728 ,
1643 1696 1771 1724 cadentes

984 1746 1097 1774 adorate
1113 1745 1259 1780 imaginem
1277 1752 1388 1772 auream
1401 1751 1481 1779 quam
1503 1743 1599 1771 statuit
1627 1742 1771 1772 Nabucho-

984 1792 1105 1819 donosor
1120 1799 1178 1818 rex.

1020 1837 1046 1864 6.
1067 1837 1241 1872 Quicumque
1255 1842 1345 1865 autem
1361 1845 1414 1865 non
1430 1837 1530 1865 cadens
1546 1837 1711 1870 adoraverit,
1726 1845 1774 1866 ea-

984 1883 1045 1912 dem
1061 1883 1129 1911 hora
1147 1883 1268 1910 mittetur
1281 1883 1306 1911 in
1319 1882 1455 1912 fornacem
1471 1883 1540 1919 ignis
1551 1884 1703 1912 ardentem.

1024 1975 1049 2003 7.
1070 1974 1103 2002 Et
1119 1974 1220 2002 factum
1236 1977 1288 2006 est,
1306 1973 1414 2009 quando
1442 1973 1591 2001 audiebant
1619 1975 1711 2009 populi
1729 1981 1775 2001 ro-

985 2028 1044 2049 cem
1057 2021 1139 2052 tubae,
1153 2025 1180 2048 et
1195 2021 1303 2051 ﬁstulae,
1319 2025 1346 2047 et
1358 2020 1479 2051 citharze,
1496 2020 1644 2052 sambuczc,
1659 2024 1685 2047 et
1701 2021 1774 2055 psal-

986 2068 1057 2100 terti,
1078 2070 1105 2094 et
1119 2067 1301 2102 symphoniae,
1313 2071 1340 2093 ct
1358 2066 1448 2093 omnis
1463 2066 1570 2100 generis
1593 2066 1773 2098 musicorum,

986 2112 1113 2140 cadentes
1124 2112 1227 2148 populi,
1242 2111 1340 2143 tribus,
1354 2111 1452 2146 lingua:
1463 2111 1612 2138 adorabant
1629 2111 1773 2146 imaginem

985 2166 1096 2187 auream
1113 2179 1120 2192 ,
1142 2166 1224 2194 quam
1252 2162 1385 2185 statuerat
1407 2157 1662 2186 Nabuchodonosor
1684 2166 1729 2185 rex
1748 2159 1774 2185 in

922 2224 924 2226 -
951 2209 973 2237 ι)
988 2209 1134 2239 conSpectu
1153 2205 1248 2240 ipsius.

1023 2250 1049 2278 8.
1071 2249 1149 2278 Tune
1160 2254 1334 2279 accesserunt
1363 2249 1412 2277 viri
1433 2249 1562 2284 Chaldaei,
1591 2256 1616 2278 et
1633 2259 1777 2278 accusare-

989 2302 1055 2324 runt
1068 2296 1187 2325 Iudaeos.

1025 2343 1052 2371 9.
1074 2342 1106 2369 Et
1121 2343 1316 2377 respondentes
1330 2343 1459 2370 dixerunt
1474 2342 1530 2378 regi
1558 2341 1776 2370 Nabuchodono-

990 2397 1035 2416 sor
1047 2398 1052 2415 :
1063 2388 1131 2421 Rex,
1151 2388 1177 2415 in
1188 2390 1286 2418 saecula
1299 2389 1370 2416 vive.

1025 2434 1069 2461 10.
1081 2433 1135 2464 Τιι.
1151 2441 1210 2465 rex,
1227 2434 1344 2468 posuisti
1360 2433 1510 2465 decretum,
1530 2438 1560 2460 ut
1574 2433 1663 2461 omnis
1681 2433 1776 2463 homo.

989 2482 1156 2517 quicumque
1168 2479 1284 2507 audierit
1300 2486 1393 2506 vocem
1402 2479 1482 2512 tubae,
1493 2483 1520 2506 et
1533 2479 1638 2510 ﬁstulae,
1646 2484 1672 2506 et
1687 2479 1778 2507 citha-

991 2535 1037 2559 rae,
1054 2531 1081 2554 et
1095 2526 1243 2556 sambucaa,
1257 2529 1284 2552 ct
1299 2524 1432 2559 psalterii,
1449 2529 1476 2551 et
1492 2525 1669 2560 symphoniae,
1680 2528 1707 2552 et
1720 2532 1778 2552 om-

992 2574 1034 2600 nis
1048 2572 1155 2608 generis
1166 2571 1347 2604 musicorum,
1362 2570 1453 2604 cadat,
1480 2574 1507 2598 et
1519 2571 1614 2598 adoret
1631 2570 1777 2605 imaginem

992 2625 1116 2644 auream.

1028 2664 1072 2690 ll.
1094 2663 1128 2690 Et
1142 2662 1309 2698 quicumque
1326 2669 1379 2689 non
1395 2661 1494 2689 cadens
1508 2661 1672 2694 adoravcrit,
1686 2662 1778 2689 mitte—

992 2714 1037 2736 tur
1053 2709 1079 2735 in
1093 2708 1229 2736 fornacem
1244 2708 1315 2743 ignis
1328 2708 1478 2735 ardentem.

1029 2755 1073 2782 1‘2.
1095 2754 1259 2790 Suntigitur
1270 2754 1321 2781 viri
1336 2753 1433 2788 Judaai,
1457 2761 1527 2790 quos
1546 2755 1712 2782 constituisti
1733 2763 1780 2782 su~

993 2809 1040 2836 per
1056 2808 1138 2836 opera
1164 2800 1283 2835 regionis
1312 2799 1468 2835 Babylonis.
1503 2801 1632 2832 Sedrach.
1664 2800 1778 2831 Misach.

990 2847 1138 2881 Abdenago
1151 2856 1156 2873 :
1175 2846 1226 2874 viri
1241 2845 1279 2874 illi
1295 2852 1354 2884 non
1362 2846 1523 2875 obedi'erunt
1538 2847 1645 2875 decreto
1660 2850 1774 2879 tumrex,
