1967 3079
197 99 265 127 ⁸2851

734 93 860 120 DANIEL
879 92 994 120 JUXTA
1009 92 1285 122 THEODOTIONEM

1749 92 1822 120 2852

194 163 221 185 ct
232 157 299 184 deos
312 161 373 184 tuos
386 163 437 183 non
450 155 552 186 colunt.
567 158 594 182 et
608 152 752 188 imaginem
766 158 977 186 auroam,quam

1043 151 1144 186 όγματῐ
1159 160 1216 185 σου,
1233 151 1353 187 βασιλεῦ,
1370 151 1416 178 καὶ
1426 150 1561 183 τοῐςὈεοῖς
1571 159 1618 177 σου
1628 151 1658 177 οὐ
1673 150 1823 186 λατρεύου-

195 202 325 236 statuisti,
339 209 392 229 non
406 201 529 228 adorant.

231 290 276 317 15.
305 288 383 316 Tunc
415 287 666 315 Nabuchodonosor
694 285 725 311 in
751 284 842 312 furore
881 288 908 310 ct
941 283 981 310 ira

196 335 275 368 dixit,
289 339 319 361 ut
333 334 499 362 adducerem
529 331 664 363 Sedrach,
684 330 808 362 Misach,
837 333 864 357 et
891 329 982 356 Abde-

198 389 268 416 uago
284 390 292 408 ι
306 385 333 407 et
348 380 397 406 viri
412 379 449 406 illi
467 378 575 406 adducti
589 381 653 404 sunt
667 377 693 404 in
705 381 851 411 conspectu
867 375 948 410 regis.

233 427 276 453 Η.
300 426 331 453 Et
343 424 483 459 respondit
503 422 765 454 Nabuchodonosor,
789 425 817 449 et
837 421 905 448 dixit
923 419 981 448 eis:

196 475 236 500 An
254 480 318 500 vere
334 472 464 503 Sedrach,
481 470 597 503 Misach,
617 473 645 496 et
657 468 806 503 Abdenago
824 467 891 494 deos
905 474 982 493 meos

196 527 249 546 non
265 518 355 545 colilis
365 537 373 549 ,
388 521 415 544 et
430 517 574 552 imaginem
586 522 708 547 auream,
722 521 803 550 quam
818 513 912 547 statui,
928 520 981 540 non

195 562 333 591 adoratis?

230 608 275 635 15.
295 607 373 634 Nunc
386 614 451 641 ergo
467 606 488 633 si
504 605 570 633 estis
584 605 682 640 parati,
703 609 733 632 ut
755 604 782 631 in
809 609 982 639 quocumque

196 660 317 688 tempore
336 653 478 680 audieritis
492 659 585 678 vocem
604 651 686 683 tubae,
712 655 738 678 et
758 649 855 677 fistula:
867 670 874 682 ,
901 653 925 676 cl
944 649 982 676 ci-

196 701 280 727 tharae
292 719 299 732 ,
319 698 473 729 sambucae,
494 702 521 725 et
535 696 655 732 psalterii
669 717 676 728 ,
694 699 721 723 et
742 695 911 731 symphoniae
923 713 931 726 ,
956 697 983 720 et

195 745 286 771 omnis
301 743 408 778 generis
426 743 605 774 musicorum,
623 741 751 768 cadentes
775 739 895 767 adoretis
911 739 980 766 ima-

196 791 298 824 ginem,
311 796 392 823 quam
419 787 471 815 feci
494 795 501 813 :
520 786 593 822 quod
611 786 635 813 si
653 793 707 813 non
727 783 917 815 adoraverilis.
935 790 980 810 ea-

196 836 258 864 dem
273 836 339 863 hora
352 834 496 862 mittemini
522 835 549 860 in
576 832 717 860 fornacem
735 831 805 866 ignis
820 829 979 857 ardentem:
997 822 1019 849 Β

196 886 223 909 ct
241 882 304 916 quis
315 885 357 909 est
369 880 450 912 Deus,
471 879 517 914 qui
533 878 630 913 eripiet
640 885 689 905 vos
707 877 740 904 de
756 876 882 903 manibus
893 873 982 902 meis?

231 971 275 999 £6.
298 970 330 998 Et
350 969 549 1005 responderunt
567 967 698 999 Sedrach,
715 967 827 997 Misach.
847 970 872 993 el
890 965 981 993 Alide-

196 1022 276 1050 nago,
292 1018 319 1041 et
333 1013 463 1041 dixerunt
476 1011 730 1040 Nabuchodonosor
743 1011 798 1046 regi
818 1021 825 1038 :
842 1010 900 1038 Non
912 1018 981 1045 opus

197 1060 327 1088 habemus
342 1067 392 1087 nos
405 1058 440 1086 de
455 1059 537 1086 verbo
550 1058 602 1085 hoc
616 1057 781 1092 respondere
793 1056 857 1084 tibi.

231 1153 275 1180 l7.
296 1151 344 1179 Est
357 1151 428 1179 enim
456 1149 527 1177 Deus
547 1154 639 1178 naster
668 1149 695 1177 in
721 1149 806 1180 cmlo.
833 1156 914 1184 quem
931 1156 982 1175 nos

196 1198 322 1231 colimus,
348 1202 445 1233 potens
474 1197 580 1232 eripere
596 1203 646 1223 nos
670 1195 704 1223 de
722 1195 834 1223 fornace
850 1194 920 1229 ignis
937 1202 982 1221 ar-

195 1246 286 1277 dente,
301 1249 328 1272 et
341 1244 374 1272 de
394 1243 522 1271 manibus
535 1242 602 1277 tuis,
619 1249 635 1269 ο
649 1249 707 1274 rex,
723 1240 850 1268 liberabit
867 1247 928 1268 nos.

230 1335 275 1363 18.
298 1334 366 1363 Etsi
380 1342 446 1369 non,
460 1339 554 1362 notum
574 1333 610 1362 sit
625 1333 685 1366 tibi,
701 1341 718 1360 ο
739 1340 804 1365 rex,
829 1331 893 1367 quia
919 1332 983 1359 deos

196 1388 259 1410 tuos
276 1389 332 1408 non
349 1380 477 1412 colimus,
488 1384 521 1408 et
539 1379 687 1414 imaginem
700 1385 823 1411 auream,
838 1385 919 1414 quam
929 1382 984 1405 sta-

196 1427 282 1461 tuisti,
301 1435 356 1455 non
367 1426 524 1454 adoramus.

1033 205 1069 229 σι,
1086 198 1134 224 καὶ
1151 199 1185 233 τῇ
1201 198 1284 224 εικόνι
1306 198 1340 233 τῇ
1358 198 1445 233 χρυσῇ
1499 197 1627 233 ἐστησας,
1652 197 1683 223 οὐ
1699 203 1821 231 προσκυ-

1033 251 1117 270 νουσι.

1066 288 1111 316 43.
1132 288 1199 315 Τότε
1215 289 1449 325 Ναὸουχοδονόσορ
1462 289 1490 316 ὲν
1504 289 1582 325 θυμῷ
1593 289 1639 316 καὶ
1661 288 1730 324 ὀργῇ
1747 285 1823 314 εἶπεν

1032 334 1147 368 ἀγαγεῖν
1159 334 1205 361 τὸν
1217 335 1332 370 Σεδρὰχ,
1347 335 1456 370 Μισὰχ,
1473 335 1522 362 καὶ
1539 334 1712 368 Ἀὂδεναγώο
1735 334 1783 360 καὶ
1799 334 1822 360 σε

1032 380 1127 417 ἄνδρες
1142 380 1241 407 ἐκεῖνοι
1254 380 1377 416 ἡχθησαν
1389 380 1503 408 ἐνώπιον
1518 380 1565 407 τοῦ
1582 380 1725 416 βασιλέως.

1068 424 1111 451 14.
1129 425 1183 452 Kal
1194 425 1330 461 ἀπεκρίθη
1348 425 1599 460 Ναϐουχοδονόσορ,
1620 426 1668 452 καὶ
1682 423 1759 452 εἶπεν
1775 426 1823 452 αὑ-

1031 470 1088 502 τοῖς
1098 478 1105 485 ·
1119 470 1151 496 El
1161 470 1270 505 ἀληθῶς
1284 470 1397 506 Σεδρὰχ,
1413 470 1516 505 Μισέιιχ⁹
1530 471 1576 497 καὶ
1604 469 1758 504 Ἀὃδεναγὼ
1767 471 1822 502 τοῖς

1033 516 1105 548 Θεοῖς
1123 525 1174 552 μου
1191 517 1222 543 οὐ
1240 517 1396 553 λατρεύετε,
1414 518 1462 543 καὶ
1483 518 1516 552 τῇ
1537 517 1622 544 εικόνι
1637 518 1671 552 τῇ
1686 518 1785 552 χρυσῇ,

1034 561 1146 596 ἑστησα,
1162 563 1192 589 οὑ
1211 564 1389 598 προσκυνεῖτε
1401 572 1408 596 ;

1069 607 1113 634 15.
1129 607 1186 634 Νῦν
1198 606 1245 635 οὖν
1259 609 1283 635 εἰ
1300 608 1374 644 ἔχετε
1391 609 1517 644 ἑτοίμως,
1532 609 1576 635 ἴνα
1589 609 1627 641 ὼς
1642 609 1675 636 ἂν
1687 608 1823 643 ἀκούσητε

1033 655 1083 689 τῆς
1096 654 1187 689 φωνῆς
1197 654 1247 688 τῆς
1260 654 1420 688 σάλπιγγος,
1433 654 1561 689 σύριγγος
1583 663 1614 680 τε
1630 655 1679 681 καὶ
1696 654 1822 689 κιθάρας,

1034 699 1182 734 σαμϐύκης
1206 708 1236 725 τε
1251 700 1298 726 καὶ
1313 699 1462 736 ψαλτηρίου
1477 720 1484 732 ,
1511 701 1557 726 καὶ
1581 700 1751 735 συμφωνίας,
1776 700 1824 726 καὶ

1033 744 1132 776 παντὸς
1155 745 1251 779 γένους
1273 746 1421 781 μουσικῶν,
1447 746 1576 777 πεσόντες
1595 747 1773 782 προσκυνεῖτε
1790 747 1822 781 τῇ

1033 791 1128 823 εικόνι,
1173 791 1304 826 ὲποίησα¹
1325 792 1372 818 ἐὰν
1390 792 1419 818 δὲ
1438 792 1476 828 μὴ
1489 792 1696 828 προσκυνήσητε
1707 813 1714 824 ,
1737 793 1823 828 ταύτῃ

1032 838 1065 872 τῇ
1076 837 1136 873 ὥρᾳ
1150 837 1356 873 ἐμϐληθήσεσθε
1370 839 1410 870 εἰς
1421 838 1470 873 τὴν
1483 838 1597 872 κάμινον
1612 839 1658 865 τοῦ
1677 839 1764 874 πυρὸς
1773 838 1824 874 τὴν

1033 883 1182 918 καιομένην
1193 890 1199 897 ·
1224 884 1271 909 καὶ
1283 883 1325 915 τίς
1338 884 1396 910 ἐστι
1419 883 1494 916 Θεὸς,
1514 884 1543 915 ὃς
1561 883 1689 915 εξελεῖται
1702 885 1775 919 ὑμᾶς
1792 884 1824 910 ἐκ

1033 928 1087 955 τῶν
1100 929 1199 964 χειρῶν
1214 937 1264 964 μου
1273 938 1280 961 ;

1069 974 1112 1001 16.
1130 975 1185 1002 Καὶ
1197 975 1385 1010 ἀπεκρίθησαν
1404 975 1518 1010 Σεδρὰχ,
1536 975 1628 1011 Μισὰχ
1640 995 1647 1006 ,
1664 975 1712 1002 καὶ
1732 975 1826 1002 ’Δὸδε-

1032 1019 1118 1053 ναγὼ,
1144 1020 1192 1046 καὶ
1211 1017 1287 1046 εἶπον
1308 1021 1347 1055 τῷ
1378 1020 1484 1055 βασιλεῖ
1511 1021 1747 1056 Ναῦουχοδονόσορ
1760 1029 1766 1035 ·
1785 1022 1823 1047 Οὐ

1032 1065 1127 1100 χρείαν
1148 1065 1245 1101 ἔχομεν
1266 1066 1346 1101 ἡμεῖς
1361 1067 1425 1102 περὶ
1439 1066 1486 1093 τοῦ
1500 1067 1622 1102 ῥήματος
1638 1067 1734 1093 τούτου
1756 1068 1825 1094 ἁπο-

1034 1109 1161 1146 κριθῆναί
1177 1119 1228 1138 σοι.

1070 1156 1113 1183 l7.
1132 1156 1210 1183 Ἐστι
1224 1156 1279 1192 γὰρ
1299 1157 1313 1183 ὁ
1327 1157 1392 1188 Θεὸς
1418 1157 1497 1192 ἡμῶν
1514 1157 1543 1184 ἐν
1564 1157 1681 1193 οὐρανῷ,
1695 1155 1717 1192 ᾧ
1741 1159 1824 1193 ἡμεῖς

1033 1201 1211 1237 λατρεύομεν,
1223 1202 1334 1234 δυνατὸς
1347 1201 1486 1235 ἐξελέσθαι
1499 1204 1572 1238 ἡμᾶς
1588 1204 1620 1230 ἐκ
1640 1204 1688 1239 τῆς
1704 1204 1826 1239 καμίνου

1033 1246 1081 1273 τοῦ
1096 1247 1182 1282 πυρὸς
1198 1247 1247 1282 τῆς
1263 1248 1422 1282 καιομένης.
1446 1248 1494 1274 καὶ
1513 1249 1546 1274 ἐκ
1560 1248 1614 1274 τῶν
1638 1249 1736 1285 χειρῶν
1764 1257 1824 1282 σου,

1035 1292 1158 1328 βασιλεῦ,
1177 1293 1288 1328 ῥύσεται
1307 1294 1390 1329 ἡμᾶς.

1070 1338 1113 1366 18.
1136 1339 1192 1365 Καὶ
1207 1338 1253 1366 ἐὰν
1267 1338 1317 1374 μὴ,
1329 1339 1450 1373 γνωστὸν
1473 1339 1543 1367 ἔστω
1568 1349 1619 1372 σοι.
1642 1340 1764 1376 βασιλεῦ,
1782 1342 1825 1368 ὅτι

1034 1384 1090 1414 τοῖς
1105 1383 1176 1415 θεοῖς
1190 1392 1237 1411 σου
1251 1384 1282 1410 οὺ
1299 1385 1474 1420 λατρεύομεν,
1493 1386 1542 1413 καὶ
1561 1387 1594 1421 τῇ
1607 1386 1691 1414 εικόνι
1705 1388 1738 1422 τῇ
1755 1394 1825 1423 χρυ-

1035 1428 1081 1463 σῇ,
1099 1428 1132 1463 ἢν
1146 1427 1275 1464 ἐστησας,
1291 1429 1321 1455 οὐ
1342 1429 1559 1465 προσκυνοῦμεν.

232 1475 275 1503 19.
296 1474 374 1502 Tune
388 1473 637 1501 Nabuchodonosor
653 1472 772 1507 repletus
789 1475 830 1498 est
844 1470 944 1503 furore,
956 1473 979 1498 et

1071 1474 1114 1501 l9.
1132 1474 1200 1500 Τότε
1222 1474 1455 1510 Ναὸουχοδονόσορ
1480 1475 1602 1511 ἐπλήσθη
1615 1475 1712 1510 θυμοῦ,
1739 1475 1789 1501 καὶ
1807 1476 1826 1511 ἡ

194 1525 321 1557 aspectus
334 1520 412 1548 faciei
427 1519 501 1548 illius
521 1519 681 1546 immutatus
698 1523 739 1545 est
754 1525 836 1552 super
850 1516 980 1548 Sedracli,

195 1567 308 1602 Misach,
322 1567 484 1601 Abdenago,
497 1570 524 1593 et
541 1565 610 1593 dixit
630 1572 638 1592 :
656 1563 818 1592 Succendite
842 1562 981 1590 fornacem

194 1614 361 1650 soptnplum,
377 1613 464 1641 donec
480 1613 507 1639 in
524 1612 606 1639 finem
627 1610 733 1638 ardeat.

228 1659 274 1687 20.
297 1659 330 1686 Et
344 1659 411 1686 viris
425 1657 547 1685 robustis
559 1655 718 1684 fortitudine
729 1654 808 1687 dixit,
823 1658 853 1681 ut
867 1654 981 1688 ligantes

195 1705 325 1738 Sedrach,
341 1703 456 1734 Misach.
474 1707 501 1730 et
516 1702 673 1736 Abdenago,
696 1701 834 1728 mitterent
847 1701 874 1727 in
887 1699 981 1727 forna-

195 1759 253 1779 cem
270 1750 340 1785 ignis
359 1749 511 1777 ardentem.

230 1793 275 1820 2|.
296 1793 374 1820 Tunc
388 1793 426 1819 illi
440 1792 491 1819 viri
509 1792 591 1820 vincti
605 1796 668 1820 sunt
681 1799 742 1820 cum
759 1791 897 1820 sarabaris
912 1790 980 1822 suis.

194 1844 221 1866 ct
235 1839 323 1872 tiaris,
342 1842 370 1865 et
383 1838 532 1872 tibialibus,
548 1843 575 1866 et
587 1838 757 1866 vestimentis
770 1838 828 1866 suis
839 1857 847 1871 ,
863 1842 890 1865 et
904 1836 981 1865 missi

195 1883 294 1912 suntin
306 1882 425 1911 medium
437 1883 556 1912 fornacis
570 1884 640 1920 ignis
655 1883 786 1912 ardentis.

228 1980 275 2008 22.
295 1979 362 2007 Nam
377 1977 490 2007 ve'rbum
507 1978 578 2013 regis
603 1977 716 2013 urgebat
735 1985 742 2004 :
762 1981 789 2005 et
808 1976 905 2005 fornax
918 1985 981 2006 sues

195 2034 276 2054 censa
291 2030 351 2053 erat
368 2025 458 2052 nimis.
474 2023 506 2051 Et
522 2024 595 2051 viros
618 2024 691 2055 illos,
718 2023 765 2058 qui
784 2028 981 2051 accusaverant

195 2071 326 2103 Sedrach,
340 2070 454 2101 Misach,
465 2075 492 2097 et
504 2069 659 2104 Abdenago,
674 2068 862 2097 intcrfecitcos
870 2069 978 2097 llanmia

194 2117 264 2154 ignis
277 2117 304 2144 in
320 2116 446 2145 circuitu.

226 2209 273 2236 ‘25.
293 2207 326 2235 Et
340 2207 391 2235 viri
405 2207 442 2234 illi
464 2212 519 2234 tres
545 2205 686 2239 Sedrach,
705 2205 820 2238 Misach,
837 2210 865 2233 et
888 2205 976 2233 Abde-

194 2254 449 2290 nago-ceciderunt
475 2253 502 2280 in
529 2252 620 2280 medio
641 2251 749 2279 camino
773 2251 843 2287 ignis
865 2251 978 2279 ardente

190 2300 368 2335 compedibus
382 2299 476 2327 vincti.

225 2345 271 2372 24.
293 2345 323 2373 El
341 2344 516 2372 ambulabant
532 2343 559 2369 in
576 2342 664 2370 medio
681 2342 796 2369 ﬂammae
809 2363 816 2375 ,
835 2341 978 2369 laudantes

193 2392 289 2425 Deum,
306 2396 334 2419 et
347 2391 538 2418 benedicentes
556 2389 713 2416 Dominum.

224 2439 270 2466 25.
292 2439 373 2465 Stans
389 2442 480 2465 autem
498 2444 560 2464 cum
588 2436 641 2469 illis
666 2435 787 2466 Azarias,
816 2435 903 2462 oravit
918 2434 976 2464 sic:

190 2490 217 2512 et
233 2484 357 2519 aperiens
369 2491 401 2510 os
413 2491 494 2510 suum
510 2483 536 2509 in
550 2482 641 2510 medio
658 2481 738 2516 ignis,
760 2480 827 2508 dixit
847 2489 852 2507 :

225 2575 271 2603 26.
293 2575 451 2602 Benedictus
468 2582 508 2606 cs,
526 2573 639 2602 Domine
655 2572 727 2600 Deus
742 2577 849 2607 patrum
868 2577 977 2599 nostro-

192 2630 262 2655 rum,
294 2626 320 2649 et
336 2621 480 2654 laudabile,
497 2625 524 2647 et
553 2620 700 2655 gloriosum
726 2625 822 2646 nomen
848 2622 924 2646 tuum
949 2618 975 2645 in

192 2666 303 2695 lancula.

225 2710 269 2737 ‘27.
290 2709 359 2743 Quia
372 2709 463 2745 justus
476 2717 506 2737 es
518 2709 544 2736 in
557 2709 695 2742 omnibus,
709 2718 770 2745 qua:
782 2709 869 2737 fecisti
884 2709 973 2742 nobis,

191 2761 216 2784 ct
233 2757 356 2784 universa
376 2763 459 2788 opera
476 2760 520 2782 tua
552 2763 626 2790 vera,
645 2760 672 2784 et
687 2761 767 2784 recta:
794 2756 842 2783 via:
858 2759 910 2784 tua:
922 2775 930 2789 ,
948 2759 975 2783 ct

191 2802 281 2831 omnia
297 2801 398 2836 judicia
415 2806 460 2829 tua
476 2808 559 2842 vera.‘

1009 2839 1026 2848 ι.

1033 1519 1094 1554 ὄψις
1109 1519 1155 1546 τοῦ
1168 1519 1313 1555 προσώπου
1328 1520 1409 1547 αὑτοῦ
1425 1520 1558 1556 ἠλλοιώθη
1579 1521 1625 1547 ἐπὶ
1639 1521 1753 1557 Σεδρὰχ,
1769 1523 1824 1549 Μι-

1034 1564 1096 1599 σὰχ,
1111 1564 1274 1600 ’Δὸδεναγὼ,
1289 1565 1337 1592 καὶ
1350 1562 1443 1592 εἶπεν
1459 1565 1627 1593 Ἐκκαύσατε
1638 1567 1689 1603 τὴν
1705 1568 1825 1603 κάμινον

1033 1609 1237 1643 ὲιπταπλασιως,
1254 1610 1307 1642 ἓως
1318 1611 1358 1642 εἰς
1371 1611 1447 1643 τέλος
1461 1612 1557 1647 ὲκκαῇ.

1068 1655 1113 1683 20.
1132 1656 1187 1683 Kal
1203 1656 1302 1693 ἄνδρας
1315 1657 1440 1693 ἰσχυροὺς
1450 1659 1483 1694 τῇ
1500 1659 1572 1694 ἰσχύϊ
1587 1656 1673 1692 εἶπεν,
1688 1660 1823 1696 πεδήσαν-

1032 1709 1081 1733 τας
1098 1701 1143 1728 τὸν
1157 1701 1269 1737 Σεδρὰχ,
1283 1703 1386 1738 Μισὰχ,
1401 1703 1449 1730 καὶ
1468 1703 1628 1738 Ἀϐδεναγὼ,
1640 1705 1770 1740 ἐμϐαλεῖν
1781 1708 1824 1739 εἰς

1033 1746 1082 1782 τὴν
1096 1746 1211 1782 κάμινον
1225 1746 1273 1773 τοῦ
1289 1747 1375 1783 πυρὸς
1391 1748 1439 1783 τὴν
1455 1749 1614 1784 καιομένην.

1067 1793 1112 1820 21.
1128 1793 1196 1821 Τότε
1207 1794 1241 1829 ,οι
1258 1794 1353 1830 ἄνδρες
1381 1796 1479 1823 ἐκεῖνοι
1505 1796 1675 1833 ὲπεδήθησαν
1700 1799 1748 1825 σὺν
1762 1800 1821 1832 τοῖς

1034 1839 1199 1875 σαραὸἀροις
1218 1840 1309 1868 αὐτῶν
1321 1860 1329 1873 ,
1358 1841 1406 1868 καὶ
1419 1841 1537 1878 τιάραις,
1559 1843 1607 1869 καὶ
1620 1845 1800 1879 περικνημῖσι
1811 1866 1820 1878 ,

1032 1885 1081 1911 καὶ
1095 1886 1151 1916 τοῖς
1162 1884 1308 1920 ὲνδύμασιν
1327 1885 1427 1919 αὐτῶν,
1441 1888 1489 1913 καὶ
1504 1887 1656 1924 ἐϐλήθησαν
1680 1890 1719 1921 εἰς
1736 1890 1821 1925 μέσον

1031 1931 1082 1966 τῆς
1100 1931 1215 1966 καμίνου
1225 1931 1272 1958 τοῦ
1285 1932 1370 1968 πυρὸς
1383 1932 1432 1967 τῆς
1442 1934 1600 1969 καιομένης.

1066 1976 1111 2003 22.
1137 1977 1215 2004 Ἐπεὶ
1229 1977 1260 2004 τὺ
1274 1979 1350 2013 ῥῆμα
1373 1977 1420 2005 τοῦ
1443 1978 1575 2013 βασιλέως
1590 1980 1753 2016 ὑπερισχυε·
1772 1983 1820 2010 καὶ

1030 2022 1047 2057 ἡ
1063 2022 1178 2057 κάμινος
1202 2022 1337 2058 ἐξεκαύθη
1359 2024 1391 2050 ὲκ
1408 2024 1554 2059 περισσοῦο
1580 2025 1626 2052 καὶ
1639 2027 1702 2058 τοὺς
1717 2027 1818 2064 ἄνδρας

1030 2068 1150 2100 ἐκείνους
1174 2069 1236 2100 τοὺς
1261 2068 1482 2102 ὲνδιαὸάλλοντας
1507 2071 1552 2097 τὸν
1578 2071 1691 2108 Σεδρὰχ,
1712 2074 1818 2109 Μισὰχ,

1030 2115 1078 2142 καὶ
1094 2114 1246 2150 Ἀὃδεναγὼ
1261 2115 1420 2143 ἀπέκτεινεν
1432 2116 1529 2148 αὐτοὺς
1542 2118 1558 2152 ὴ
1577 2117 1643 2152 φλὸξ
1661 2118 1708 2144 τοῦ
1731 2119 1818 2155 πυρὸς

994 2152 1017 2181 Ῑ)
1031 2160 1170 2188 κύκλοθεν.

1064 2205 1110 2234 25.
1129 2206 1184 2233 Kal
1198 2206 1223 2233 οἱ
1239 2206 1335 2242 ἄνδρες
1346 2207 1444 2235 ἐκεῖνοι
1456 2209 1481 2235 οἱ
1497 2209 1570 2244 τρεῖς
1587 2209 1700 2245 Σεδρὰχ,
1711 2211 1816 2247 Μισὰχ,

1028 2253 1076 2279 καὶ
1104 2251 1256 2287 Ἀὄδεναγὼ
1282 2253 1378 2280 ἔπεσον
1397 2255 1437 2286 εἰς
1459 2254 1541 2290 μέσον
1565 2257 1614 2291 τῆς
1633 2256 1749 2291 καμίνου
1769 2256 1816 2283 τοῦ

1029 2298 1116 2334 πυρὸς
1132 2298 1181 2333 τῆς
1197 2298 1346 2334 καιομένης
1357 2300 1550 2335 πεπεδημένοι.

1063 2344 1109 2372 24.
1126 2344 1181 2370 Καὶ
1192 2344 1374 2379 περιεπάτουν
1389 2347 1417 2372 ἐν
1429 2345 1504 2381 μέσῳ
1518 2345 1568 2382 τῆς
1579 2346 1687 2381 φλογὸς,
1703 2347 1817 2383 ὑμνοῦν-

1028 2398 1074 2422 τες
1087 2389 1134 2417 τὸν
1145 2389 1221 2423 Θεὸν,
1233 2390 1280 2417 καὶ
1294 2389 1469 2425 εὐλογοῦντες
1484 2391 1530 2419 τὸν
1543 2392 1655 2428 Κύριον.

1063 2436 1108 2463 25.
1134 2436 1190 2462 Καὶ
1207 2436 1306 2468 συστὰς
1329 2437 1420 2469 αὐτοῖς
1439 2437 1566 2473 ’Δζαρίας
1580 2438 1754 2474 προσηύξατο
1775 2437 1818 2465 οὖ-

1028 2489 1096 2513 τως·
1114 2481 1162 2508 καὶ
1182 2481 1290 2514 ἀνοίξας
1308 2482 1338 2508 τὸ
1363 2481 1449 2517 στόμα
1468 2481 1549 2508 αὑτοῦ
1564 2483 1593 2509 ἐν
1609 2483 1685 2518 μέσῳ
1698 2482 1746 2509 τοῦ
1766 2492 1818 2510 πν-

1029 2527 1086 2562 ρὸς,
1102 2524 1179 2554 εἶπεν
1195 2535 1202 2553 :

1063 2571 1109 2599 26.
1122 2568 1315 2607 Εὐλογητὸςεῖ,
1326 2571 1444 2607 Κύριε,ὁ
1452 2571 1517 2604 Θεὸς
1524 2572 1577 2599 τῶν
1587 2572 1714 2608 πατέρων
1725 2573 1814 2608 ἡμῶν.

1028 2616 1076 2643 καὶ
1090 2615 1203 2649 αἰνετὸν,
1219 2617 1266 2643 καὶ
1279 2616 1471 2652 δεδοξασμένον
1488 2617 1519 2644 τὸ
1535 2617 1620 2653 ὄνομά
1635 2626 1681 2644 σου
1702 2619 1741 2650 εἰς
1753 2620 1816 2651 τοὺς

1027 2662 1137 2694 αἰῶνας.

1061 2709 1106 2736 27.
1125 2709 1184 2735 ’Ότι
1207 2708 1309 2740 δίκαιος
1333 2707 1358 2736 εἷ
1373 2709 1419 2736 ἐπὶ
1432 2710 1514 2736 πᾶσιν
1527 2708 1568 2741 οἷς
1588 2710 1722 2745 ἐποίησας
1738 2710 1817 2745 ἡμῖν,

1027 2754 1073 2780 καὶ
1087 2753 1174 2780 πάντα
1185 2753 1219 2780 τὰ
1232 2753 1301 2789 ἔργα
1316 2761 1363 2780 σου
1375 2753 1510 2790 metu,
1533 2754 1582 2781 καὶ
1597 2754 1701 2783 εὐθεῖαι
1719 2755 1748 2782 αι
1762 2754 1816 2782 ὁδοί

1028 2799 1141 2834 σου,καὶ
1153 2799 1238 2827 πᾶσαι
1255 2800 1282 2827 αι
1297 2800 1403 2836 κρίσεις
1422 2808 1468 2828 σου
1483 2794 1627 2836 ὀιληθινιιί.¹
1683 2814 1694 2826 ιι
1712 2831 1716 2836 ,
1809 2792 1814 2794 Ἴ
