1967 3079
113 172 187 202 2855

149 231 196 258 (ὶ8.
214 230 273 258 Καὶ
291 231 415 268 κρίματα
434 233 562 270 ἁληθεῐας
579 236 710 273 ἑποίησας
726 239 797 267 κάτὰ
811 245 910 276 πάντα,

120 277 137 305 ἃ
150 277 294 312 ἐπήγαγες
310 278 387 314 ἡμῖν,
404 280 451 306 καὶ
462 281 508 307 ἐπὶ
522 281 572 317 τὴν
597 283 674 311 πόλιν
688 284 737 320 τὴν
760 287 841 321 ἁγίαν
863 288 911 324 τὴν

120 322 174 349 τῶν
191 322 320 358 πατέρων
335 323 413 359 ήμῶν
441 324 628 363 Ἰερουσαλήμ.
651 328 711 355 ’Ότι
738 330 767 357 ἐν
797 322 911 369 ἀληθείᾳ

119 369 169 395 καὶ
185 369 275 404 κρίσει
289 370 429 405 ἐπήγαγες
444 371 532 400 πάντα
544 373 631 401 ταῦτα
646 375 689 410 ἐφ’
708 377 780 412 ἡμᾶς
800 378 844 406 διὰ
861 383 911 412 τάς

117 414 258 450 ἁμαρτίας
277 414 368 450 ἡμῶν.

152 461 197 488 29.
213 461 276 488 Ὀτι
289 462 462 498 ἡμάρτομεν,
476 464 524 491 καὶ
538 465 717 503 ἡνομήσαμεν
740 469 909 504 ἀποστάντες

115 507 172 534 ἀπὸ
187 508 245 541 σοὺ,
258 508 308 535 καὶ
325 508 516 546 ὲξημάρτομεν
529 511 558 538 ὲν
573 514 651 541 πᾶσι.

149 553 196 581 50.
215 554 271 581 Kal.
287 554 342 581 τῶν
366 555 481 582 ἐντολῶν
506 565 552 584 σου
578 558 628 586 οὐκ
643 560 821 598 ζὴκούσαμενζ
847 564 908 590 οὐδὲ

113 599 291 635 ἑφυλάξαμεν
311 601 407 633 αὑτὰς,
418 601 479 628 οὐδὲ
488 602 658 640 ἐποιήσαμεν
673 606 764 639 καθὼς
782 608 908 636 ὲνετείλω

112 646 191 680 ἡμῖν,
209 645 253 672 ῐνα
266 643 296 672 εὖ
311 646 378 681 ἡμῖν
388 646 511 682 γένηται.

149 691 195 719 3i.
210 691 266 718 Καὶ
277 691 365 719 πάντα
379 693 429 720 ὅσα
442 694 573 730 ἐποίησας
587 697 664 733 ἡμῖν,
674 698 703 725 ἐν
718 699 833 737 ἀληθινῇ
846 702 906 737 κρί-

113 745 156 763 σει
171 737 313 772 ἐποίησας.

145 782 194 810 52.
214 783 270 809 Καὶ
284 784 447 819 παρέδωκας
462 786 536 821 ἡμᾶς
547 788 587 819 είς
610 790 705 825 χεῖρας
722 791 827 827 ἐχθρῶν
844 793 905 820 ἀνι-

112 835 182 860 μων,
200 826 334 861 ἐχθίστων
359 829 530 864 ἀποστατῶν,
549 833 596 859 καὶ
613 833 718 867 βασιλεί
734 826 831 873 ἀδίκῳ,
857 840 903 866 καὶ

109 873 291 909 πονηροτάτῳ
307 874 384 910 παρὰ
399 876 489 904 πᾶσαν
503 877 552 912 τὴν
566 878 618 914 γῆν
632 880 792 916 παρέδωκας
815 884 898 918 ἡμᾶς.

144 964 191 992 55.
209 965 265 992 Kal.
292 965 339 992 νῦν
354 966 404 994 οὐκ
430 967 504 996 ἐστιν
524 970 590 1005 ἡμῖν
617 971 720 1006 ἀνοῖξαι
744 974 774 1000 τὸ
796 976 897 1011 στόμασ

107 1009 225 1046 αἰσχύνη
254 1012 303 1038 καὶ
321 1011 421 1045 sum
444 1014 552 1049 ἐγένετο
570 1017 625 1049 τοῖς
648 1018 751 1051 δούλοις
771 1029 828 1054 σου,
845 1009 899 1049 -καὶ

106 1057 165 1087 τοῖς
182 1056 341 1092 σεόομένοις
353 1066 394 1086 σε.

143 1102 189 1130 34.
203 1102 249 1138 Μὴ
265 1103 294 1130 δὲ
313 1104 441 1140 παραδῷς
455 1106 530 1141 ἡμᾶς
550 1107 590 1140 είς
613 1108 689 1141 τέλος
704 1110 749 1137 διὰ
768 1112 799 1138 τὸ
813 1112 898 1149 ὄνομά

107 1156 167 1178 σου.
180 1149 228 1175 καὶ
246 1148 283 1184 μὴ
297 1149 475 1187 διασκεδάσῃς
490 1152 538 1188 τὴν
551 1153 684 1190 διαθήκην
699 1164 755 1184 σου.

143 1193 188 1221 35.
201 1194 258 1221 Καὶ
277 1195 315 1230 μὴ
330 1195 488 1233 ἁποστήσῃς
506 1198 537 1224 τὸ
553 1198 627 1231 ἔλεός
640 1208 686 1226 σου
701 1201 747 1236 ἀφ’
764 1202 844 1237 ἡμῶν
854 1203 897 1230 διὰ

114 1238 241 1275 ’Δὸραὰμ
263 1241 309 1267 τὸν
334 1242 511 1278 ἠγαπημένον
538 1244 589 1270 ὑπό
606 1253 663 1277 σου,
679 1247 726 1273 καὶ
740 1247 784 1274 διὰ
805 1249 896 1276 Ἰσαὰκ

105 1285 153 1312 τὸν
168 1285 261 1312 δοῦλόν
277 1295 335 1320 σου,
349 1288 397 1314 καὶ
419 1289 526 1325 Ἰσραὴλ
536 1290 582 1316 τὸν
598 1290 674 1325 ἅγιόν
688 1300 744 1318 σου.

140 1330 185 1358 36.
201 1329 249 1363 Οἷς
258 1331 392 1368 ἐλάλησας
402 1334 493 1366 αὐτοῖς
508 1335 594 1369 λέγων
607 1344 613 1350 ·
627 1337 757 1372 Πληθυνῶ
770 1338 800 1365 τὸ
814 1339 897 1376 σπέρ-

107 1385 147 1411 μα
162 1377 249 1412 ὑμῶν,
277 1378 344 1404 ὡσεὶ
370 1379 403 1406 τὰ
418 1379 506 1415 ἄστρα
531 1381 577 1407 τοῦ
593 1382 717 1417 οὐρανοῦ,
732 1384 780 1410 καὶ
794 1384 831 1417 ὡς
846 1385 895 1421 τὴν

104 1425 199 1460 ἄμμον
211 1425 260 1460 τὴν
274 1425 349 1462 παρὰ
360 1427 391 1453 τὸ
403 1428 490 1463 χεῖλος
502 1429 552 1463 τῆς
568 1428 716 1466 θαλάσσης.

139 1470 184 1497 57.
203 1470 273 1504 Ὅτι,
285 1471 417 1506 Δέσποτα,
433 1473 654 1510 ἐσμικρύνθημεν
668 1476 742 1511 παρὰ
758 1476 846 1503 πάντα
860 1476 895 1504 τὰ

103 1514 180 1551 ἔθνη,
195 1516 242 1542 καὶ
256 1517 339 1552 ἐσμὲν
354 1519 476 1545 ταπεινοὶ
486 1519 514 1546 ὲν
531 1519 605 1556 πάσῃ
616 1521 649 1555 τῇ
667 1522 701 1556 γῇ
723 1521 841 1557 σήμερον
851 1521 895 1548 διὰ

101 1560 152 1590 τὰς
165 1561 301 1596 ἁμαρτίας
314 1562 402 1598 ὴμῶν.

139 1606 185 1632 58.
204 1607 259 1633 Καὶ
269 1607 320 1633 οὐκ
331 1607 403 1634 ἔστιν
418 1609 447 1635 ὲν
465 1609 504 1644 τῷ
520 1610 607 1646 καιρῷ
626 1611 712 1647 τούτῳ
729 1612 831 1648 ἄρχων,
846 1614 893 1640 καὶ

104 1653 260 1687 προφήτης.
290 1653 337 1680 καὶ
361 1655 520 1689 ἡγούμενος,
546 1656 605 1682 οὐδὲ
625 1657 817 1691 ὁλοκαύτωσις,
833 1659 893 1685 οὐδὲ

101 1696 193 1729 θυσία,
223 1697 284 1724 οὐδὲ
315 1701 467 1735 προσφορὰ,
496 1701 555 1728 οὐδὲ
585 1701 719 1737 θυμίαμα,
739 1703 822 1736 τόπος
846 1705 892 1732 τοῦ

102 1743 250 1778 ωρπῶσαι
264 1745 385 1772 ἐναντίον
398 1754 455 1780 σου,
473 1747 520 1773 καὶ
544 1747 635 1783 εὑρεῖν
650 1747 732 1776 ἔλεον.

134 1845 178 1873 59.
200 1845 271 1872 Ἀλλ’
296 1846 326 1873 ἐν
347 1847 420 1883 ψυχῇ
445 1850 673 1887 συντετριμμένῃ,
694 1851 742 1878 καὶ
755 1852 890 1888 πνεύματι

98 1892 290 1926 ταπεινώσεως
304 1894 545 1930 προσδεχθείημεν.

133 1938 178 1965 40.
203 1939 246 1970 Ὠς
262 1940 290 1965 ὲν
304 1939 484 1967 ὁλοκαυτώσει
497 1941 592 1976 κριῶν,
606 1945 653 1970 καὶ
666 1944 784 1980 ταύρων,
795 1948 842 1974 καὶ
851 1947 889 1980 ὡς

97 1985 127 2010 ἔν
143 1985 273 2020 μυριάσιν
294 1985 384 2020 ἀρνῶν
403 1987 513 2019 πιόνων,
539 1988 611 2015 οὕτω
631 1991 751 2024 γενέσθω
776 1994 792 2028 ἡ
809 1993 889 2021 θυσία

96 2030 177 2065 ἡμῶν
193 2032 312 2067 σήμερον
332 2031 447 2059 ἐνώπιόν
463 2041 521 2065 σου,
533 2035 580 2061 καὶ
599 2035 646 2061 τοῦ
671 2037 810 2065 ἐκτελέσαι
828 2039 888 2065 ὄπι-

97 2074 161 2102 σῡέν
176 2083 222 2101 σου
233 2083 239 2089 ·
256 2075 297 2102 ὅτι
311 2076 361 2103 οὐκ
377 2076 450 2104 ἔστιν
465 2078 580 2115 αἰσχύνη
601 2081 657 2112 τοῖς
675 2082 831 2109 πεποιθόσιν
841 2083 888 2110 ἐπὶ

95 2122 148 2149 σοί.

129 2168 175 2195 Η.
194 2168 250 2195 Καὶ
274 2168 322 2195 νῦν
347 2169 579 2206 ὲξακολουῡοῦμέν
602 2180 642 2198 σοι
660 2173 689 2199 ἐν
712 2173 762 2209 ὅλῃ
777 2175 885 2211 καρδίᾳ,

93 2214 143 2241 καὶ
157 2213 316 2249 φώούμεϐά
336 2224 376 2249 σε,
394 2216 440 2242 καὶ
451 2215 587 2252 ζητοῦμεν
600 2218 630 2244 τὸ
646 2219 791 2253 πρόσωπόν
808 2229 865 2247 σου.

843 187 958 217 CAPUT
979 189 1022 218 llf.

1680 205 1751 234 285‘

925 248 948 277 Α
999 247 1042 275 28.
1066 248 1099 276 Et
1111 249 1215 284 judicia
1228 252 1351 281 veritatis
1362 253 1450 283 fecisti
1472 255 1550 291 juxta
1572 259 1674 292 omnia,
1690 268 1751 296 quae

962 292 1092 322 induxisti
1105 303 1187 331 super
1197 305 1260 330 nos,
1278 303 1304 326 et
1320 307 1402 335 super
1417 300 1552 330 civitatem
1567 309 1690 332 sanctam
1699 292 1747 339 pa-

961 342 1032 366 trum
1048 345 1205 370 nostrorum
1231 343 1399 379 Jerusalem;
1423 347 1485 381 quia
1529 348 1556 376 in
1587 350 1698 378 veritate
1723 359 1745 380 et

958 385 1063 420 judicio
1092 387 1224 418 induxisti
1253 391 1345 419 omnia
1373 392 1431 420 haec
1459 401 1542 429 super
1571 403 1621 423 nos
1636 403 1743 433 propter

959 437 1072 466 peccata
1086 439 1190 462 nostra.

996 477 1041 506 £9.
1062 478 1240 510 Peccavimus
1252 483 1337 516 enim,
1351 489 1377 511 et
1389 484 1482 520 inique
1495 487 1602 522 egimus
1614 490 1728 518 reccden
1737 509 1744 514 -

959 528 999 551 ωε
1011 531 1026 550 a
1042 529 1077 557 te,
1095 530 1122 553 et
1135 526 1302 562 deliquimus
1317 530 1344 556 in
1359 530 1497 558 omnibus.

993 569 1037 596 50.
1059 569 1093 597 Et
1109 571 1237 600 mandata
1251 578 1297 601 tua
1308 582 1362 601 non
1377 575 1542 609 audivimus,
1557 585 1645 614 neque
1656 585 1745 609 custo-

956 614 1076 643 divimus
1091 624 1134 650 ea,
1153 626 1240 654 neque
1260 620 1388 652 fecimus.
1403 622 1474 650 sicut
1498 625 1676 654 mandaveras
1694 636 1744 656 no-

956 658 1008 691 bis,
1022 664 1050 687 ut
1063 660 1132 689 bene
1146 663 1225 691 nobis
1239 670 1323 692 esset.

991 705 1036 733 5L
1058 707 1093 734 Et
1111 709 1215 742 omnia,
1232 718 1293 745 quae
1306 711 1400 740 fecisti-
1410 714 1500 748 nobis,
1516 715 1543 742 in
1561 723 1625 744 vero
1639 716 1743 752 judicio

956 749 1054 778 fecisti.

989 797 1033 824 32.
1056 797 1088 825 Et
1101 799 1234 828 tradidisti
1260 809 1311 829 nos
1324 802 1351 830 in
1368 812 1465 833 manus
1492 806 1662 835 inimicorum
1687 809 1740 837 ini-

953 850 1081 877 quorum,
1098 845 1353 876 inimicissimorum
1366 855 1563 885 apostatarum,
1581 858 1607 881 et
1628 856 1683 890 regi
1698 856 1739 882 in-

913 915 937 945 B
951 888 1036 922 justo,
1049 895 1076 917 et
1090 891 1209 925 pessimo
1235 901 1317 932 super
1342 903 1449 924 omnetn
1477 901 1575 926 terram
1605 888 1737 930 tradidisti

952 942 1012 962 [105.

985 982 1030 1008 3'5.
1051 981 1084 1009 Et
1098 991 1171 1011 nunc
1185 984 1239 1012 non
1255 990 1298 1014 est
1314 988 1392 1017 nobis
1410 990 1519 1024 aperire
1546 999 1593 1019 os:
1612 992 1736 1020 confusio

950 1030 976 1053 et
996 1028 1170 1062 exprobratio
1191 1029 1261 1058 facta
1285 1038 1327 1060 est
1343 1034 1430 1063 servis
1446 1035 1510 1070 tuis,
1535 1042 1562 1064 ct
1584 1038 1735 1066 colentibus

952 1077 985 1102 te.

983 1121 1028 1148 54.
1050 1121 1103 1149 Sed
1122 1130 1157 1151 ne
1174 1124 1264 1153 tradas
1281 1133 1331 1154 nos
1352 1126 1379 1154 in
1407 1127 1487 1155 ﬁnem
1511 1134 1620 1165 propter
1634 1138 1733 1159 nomen

949 1170 1035 1199 tuum,
1049 1172 1076 1194 et
1087 1176 1121 1195 ne
1133 1169 1248 1205 dissipes
1264 1170 1454 1201 testamentum
1467 1179 1555 1203 tuum.

982 1212 1027 1239 55.
1048 1211 1082 1240 Et
1094 1220 1127 1240 ne
1142 1219 1249 1244 avertas
1266 1217 1483 1247 misericordiam
1513 1225 1586 1248 tuam
1613 1230 1627 1248 a
1651 1223 1730 1250 nobis

946 1263 1057 1292 propter
1075 1259 1213 1287 Abraham
1230 1261 1358 1290 dilectum
1381 1269 1455 1292 tuum
1468 1287 1475 1299 ,
1489 1271 1516 1294 et
1535 1272 1644 1303 propter
1657 1268 1731 1297 lsanc

946 1310 1054 1330 servum
1073 1308 1161 1337 tuum,
1178 1309 1204 1332 Εῑ
1218 1307 1301 1335 Israel
1314 1314 1438 1337 sanctum
1456 1316 1540 1340 tuum.

982 1346 1026 1374 56.
1048 1347 1153 1381 Quibus
1177 1350 1286 1380 loeutus
1304 1361 1334 1381 es
1349 1355 1388 1382 eis
1409 1355 1526 1384 dicens:
1544 1356 1731 1394 Multiplicatm

945 1400 1037 1421 semen
1053 1400 1172 1422 vestrum
1186 1397 1257 1425 sicut
1271 1399 1365 1428 stellas
1376 1401 1454 1435 coeli,
1474 1407 1503 1430 et
1523 1403 1595 1431 sicut
1608 1413 1730 1439 arenam,

945 1447 1006 1474 qua:
1022 1445 1063 1468 est
1079 1442 1106 1468 in
1123 1442 1213 1471 littore
1225 1445 1319 1473 maris.

981 1485 1026 1514 57.
1047 1487 1126 1521 Quia,
1146 1488 1535 1524 Domine,imminuti>sumus
1553 1497 1622 1525 ultra
1631 1506 1730 1526 omnes

945 1537 1047 1567 gentes,
1063 1537 1091 1561 et
1101 1542 1197 1563 sumus
1214 1536 1331 1565 humiles
1355 1538 1382 1565 in
1405 1540 1531 1569 universa
1559 1547 1630 1570 terra
1649 1544 1730 1572 hodie

906 1587 927 1615 α
944 1583 1053 1613 propter
1070 1585 1179 1614 peccata
1193 1587 1295 1610 nostra.

979 1623 1024 1652 58.
1045 1624 1077 1652 Et
1094 1633 1147 1652 non
1162 1630 1204 1654 est
1219 1627 1247 1653 in
1263 1631 1384 1663 tempore
1399 1630 1450 1658 hoc
1473 1632 1609 1668 princeps,
1627 1640 1653 1661 et
1666 1643 1729 1670 pro-

943 1668 1137 1703 pheta,etdux
1151 1691 1158 1705 ,
1181 1679 1270 1707 neque
1294 1673 1496 1711 holocaustum,
1520 1686 1607 1714 neque
1622 1668 1721 1708 sae-riti-

943 1715 1026 1749 cium,
1044 1724 1131 1752 neque
1142 1718 1255 1752 oblatio,
1267 1727 1355 1755 neque
1373 1722 1531 1758 thymiama,
1548 1734 1635 1761 neque
1651 1729 1727 1757 Imus

943 1761 1078 1796 primitias
1092 1763 1225 1792 oﬂ‘erendi
1245 1773 1336 1794 coram
1349 1772 1385 1802 te,
1401 1772 1433 1796 et.
1445 1769 1600 1799 inveniendi
1618 1774 1726 1802 miseri-

942 1807 1075 1836 cordiam.
1326 1814 1328 1817 ’

978 1854 1022 1883 39.
1045 1854 1099 1883 Sed
1119 1856 1147 1884 in
1160 1857 1252 1886 anima
1266 1860 1393 1894 contrita,
1410 1865 1438 1889 et
1453 1861 1551 1898 spiritu
1568 1864 1726 1895 humilitatis

941 1900 1133 1935 suscipiamur.

975 1945 1019 1973 40.
1041 1946 1118 1974 Sicut
1134 1948 1162 1975 in
1174 1949 1336 1979 holocausto
1351 1946 1479 1987 arietum,
1491 1959 1517 1981 et
1532 1959 1683 1990 taurorum,
1700 1964 1726 1986 et

939 1991 1011 2019 sicut
1024 1993 1051 2020 in
1066 1994 1185 2022 millibus
1200 2003 1332 2030 agnorum
1353 1998 1508 2034 pinguium;
1529 2001 1569 2028 sic
1582 2002 1627 2030 fiat
1639 2005 1724 2030 sacri-

939 2036 1030 2064 ficium
1044 2043 1166 2066 nostrum
1185 2039 1267 2068 hodie
1281 2042 1307 2068 in
1323 2049 1469 2078 conspectu
1482 2049 1528 2072 ttto
1540 2065 1548 2078 ,
1577 2051 1604 2074 et
1618 2053 1645 2075 ut
1662 2057 1724 2083 per-

938 2082 1045 2110 ficiatur
1058 2089 1120 2118 post
1149 2090 1183 2118 te,
1212 2087 1341 2121 quoniam
1369 2097 1422 2117 non
1441 2095 1482 2118 est
1496 2092 1622 2121 confusio
1637 2096 1723 2122 conli-

938 2129 1065 2158 dentibus
1081 2131 1108 2157 in
1123 2135 1158 2158 te.

972 2175 1016 2202 Μ.
1037 2175 1071 2203 Ει
1083 2184 1157 2204 nunc
1172 2178 1312 2213 sequimur
1326 2185 1352 2207 te.
1367 2181 1393 2208 in
1411 2186 1467 2209 toto
1491 2184 1587 2217 corde,
1606 2190 1632 2213 et
1645 2187 1721 2214 time-

937 2229 998 2248 mus
1011 2226 1046 2255 te,
1062 2226 1088 2249 et
1100 2223 1248 2257 quaerimus
1265 2224 1360 2252 faciem
1374 2231 1457 2254 tuam.

127 2260 175 2287 4‘2.
194 2261 240 2295 Μὴ
270 2261 454 2297 καταισχύνῃς
478 2263 571 2298 ἡμᾶς,
592 2263 659 2290 ἀλλὰ
685 2265 797 2301 ποίησον
825 2267 883 2301 μεθ’

970 2267 1015 2295 42.
1033 2266 1072 2294 Ne
1089 2268 1241 2297 confundas
1263 2278 1322 2303 nos,
1337 2271 1385 2299 sed
1407 2272 1450 2301 fac
1475 2275 1616 2303 nobiscum
1643 2277 1719 2312 juxta

91 2307 173 2341 ἡμῶν
188 2306 260 2333 κατὰ
271 2306 320 2342 τὴν
336 2307 488 2335 ἐπιείκειάν
504 2317 562 2342 σου,
583 2310 631 2336 καὶ
648 2311 718 2337 κατὰ
737 2311 766 2337 τὸ
782 2311 884 2348 πλῆθος

90 2351 137 2377 τοῦ
147 2350 241 2382 ἐλέους
256 2359 315 2378 σου.

75 2417 79 2424 ,
125 2395 172 2423 45.
188 2396 244 2422 Καὶ
262 2395 354 2428 ἐξελοῦ
380 2396 452 2431 ἡμᾶς
469 2397 540 2424 κατὰ
557 2397 591 2424 τὰ
606 2397 746 2434 θαυμάσιά
763 2408 819 2432 σου,
836 2401 883 2427 καὶ

89 2441 133 2472 δὶς
149 2439 229 2472 δόξαν
242 2441 281 2476 τῷ
295 2441 406 2477 ὀνόματί
423 2451 481 2475 σου,
493 2442 590 2479 Κύριε.

76 2498 82 2511 -.
124 2486 171 2513 «Η.
195 2487 253 2513 Καὶ
275 2488 476 2524 ὲντραπείησαν
498 2490 599 2520 πάντες
629 2491 653 2516 οἱ
683 2490 881 2527 ἐνδεικνύμενοι

88 2533 145 2562 τοῖς
161 2531 266 2562 δούλοις
283 2540 330 2557 σου
348 2531 422 2558 κακὰ
434 2553 441 2565 ,
468 2533 516 2559 καὶ
543 2534 803 2569 καταισχυνθείησαν
826 2536 881 2562 ἀπὸ

88 2576 179 2612 πάσης
194 2577 364 2610 δυναστείας,
379 2578 426 2605 καὶ
440 2579 456 2614 ὴ
474 2578 549 2614 ἰσχὺς
563 2578 652 2606 αὐτῶν
677 2580 842 2616 συντριόεἰη.

121 2624 167 2651 45.
186 2623 348 2658 Γνώτωσαν,
362 2626 404 2652 ὅτι
421 2626 454 2652 σὺ
469 2624 495 2652 εἴ
506 2626 609 2662 Κύριος
623 2628 637 2654 ὁ
649 2627 714 2660 Θεὸς
727 2628 817 2663 μόνος,
833 2630 879 2657 καὶ

84 2670 99 2696 ὁ
113 2668 219 2702 ἔνδοξος
231 2669 273 2704 ἐφ’
287 2670 351 2704 ὅλην
361 2670 410 2705 τὴν
422 2670 596 2705 οἰκουμένην.

119 2713 165 2740 Mi.
189 2714 245 2740 Καὶ
263 2714 294 2740 οὑ
319 2714 439 2741 διέλιπον
450 2715 474 2741 oi
491 2715 672 2750 ἐμϐάλλοντες
697 2716 796 2749 αὐτοὺς
824 2718 875 2744 ὑπ-

83 2759 182 2794 ηρέται
197 2759 243 2786 τοῦ
265 2759 398 2795 βασιλέως
420 2761 543 2792 καίοντες
558 2761 606 2797 τὴν
627 2763 742 2797 κάμινον
762 2763 874 2798 νάφθαν,

82 2805 131 2832 καὶ
148 2805 274 2838 στίπυον,
290 2806 338 2832 καὶ
352 2807 465 2838 πίσσαν,
478 2807 525 2834 καὶ
539 2808 705 2843 κληματίδα.

116 2851 162 2878 47.
176 2851 232 2878 Καὶ
249 2851 399 2887 διηχεῖτοὴ
422 2852 487 2886 φλὸξ
509 2852 599 2880 ἐπάνω
614 2854 664 2888 τῆς
687 2854 802 2889 καμίνου
827 2856 873 2883 ἐπὶ

81 2896 178 2932 πήχεις
191 2899 485 2933 τεσσαρακονταεννέα.

934 2314 1170 2342 mansuetudinem
1190 2320 1280 2350 luant,
1302 2322 1327 2345 et
1344 2320 1493 2348 secundum
1517 2322 1718 2352 multitudinem

933 2358 1128 2387 misericordiae
1143 2364 1207 2389 tuae.

967 2405 1012 2432 45.
1033 2405 1065 2432 Et
1084 2414 1149 2434 erue
1164 2409 1303 2443 nosjuxta
1317 2411 1452 2440 mirabilia
1474 2417 1530 2446 tua,
1556 2420 1583 2442 et
1611 2415 1644 2443 da
1660 2416 1717 2451 glo-

932 2451 999 2478 riam
1017 2453 1121 2480 nomini
1135 2458 1191 2486 tuo,
1209 2455 1333 2485 Domine.

966 2498 1011 2525 Μ.
1031 2498 1064 2526 Ει
1078 2499 1282 2529 confundantur
1301 2511 1409 2537 omnes,
1430 2506 1476 2540 qui
1493 2509 1641 2536 ostendunt
1658 2517 1716 2538 ser-

930 2542 971 2570 vis
987 2544 1041 2571 tuis
1055 2545 1138 2577 mala,
1153 2549 1180 2572 et
1193 2546 1395 2575 confundantur
1406 2550 1441 2577 ab
1453 2551 1528 2578 onmi
1545 2553 1678 2587 potentia,
1690 2560 1715 2582 et

929 2590 1013 2617 robur
1026 2598 1121 2618 eorum
1137 2596 1307 2620 conteratur.

963 2635 1008 2663 45.
1029 2636 1210 2671 Cognoscant,
1229 2638 1292 2673 quia
1305 2643 1332 2666 tu
1347 2647 1377 2668 es
1391 2640 1522 2670 Dominus
1545 2643 1617 2673 Deus
1629 2646 1714 2678 solus,

928 2685 954 2707 et
966 2681 1101 2715 gloriosus
1116 2690 1198 2717 super
1215 2685 1372 2712 universum
1388 2687 1481 2714 orbem
1499 2693 1643 2718 terrarum.
1719 2688 1722 2690 ί

962 2726 1007 2754 46.
1028 2726 1061 2754 Ει
1076 2735 1128 2754 non
1145 2730 1299 2764 cessabant,
1315 2732 1361 2766 qui
1376 2732 1525 2768 injecerant
1537 2743 1584 2764 eos
1598 2738 1716 2766 ministri

926 2772 1007 2805 regis,
1024 2773 1220 2802 succendentes
1236 2775 1375 2804 fornacem
1396 2780 1526 2814 naphtha,
1546 2786 1570 2809 et
1589 2787 1679 2818 stupa,
1692 2792 1715 2810 cI

925 2818 994 2852 pice,
1012 2821 1038 2845 et
1053 2820 1209 2847 sarmentis.

959 2862 1003 2889 47.
1026 2862 1058 2890 Εῑ
1074 2863 1263 2892 effundebatur
1283 2866 1391 2895 llatnma
1417 2877 1500 2904 super
1522 2869 1660 2899 fornacem
1678 2872 1711 2899 ad

924 2909 1030 2937 cubitus
1049 2910 1228 2944 quadraginta
1242 2920 1348 2940 novem.
