1967 3079
246 165 317 194 2355

782 161 908 190 DANIEL
927 162 1040 190 JUXTA
1060 162 1332 191 THEODO'HOSEM

1801 165 1870 193 2856

279 224 324 252 48.
347 223 379 252 Et
391 223 491 259 erupit,
506 229 533 251 et
547 222 678 256 incendit,
692 230 762 258 quos
775 222 879 250 invenit
890 223 963 251 circa
977 223 1029 251 for-

1117 224 1162 252 48.
1178 224 1234 250 Καὶ
1255 223 1392 253 διώδευσε.
1417 224 1465 250 καὶ
1479 223 1641 259 ἐνεπύρισεν
1656 224 1704 256 οὓς
1718 220 1784 260 εὗρε
1809 226 1870 261 περὶ

244 278 341 298 nacem
352 270 385 297 de
402 269 546 298 Chaldaeis.

281 316 323 344 69.
344 316 464 351 Angelus
478 320 568 342 autem
584 315 690 343 Domini
705 315 785 343 simul
807 315 947 343 descendit
968 323 1030 343 cum

245 363 289 395 iis,
304 363 350 398 qui
364 367 441 390 erant
455 370 516 390 cum
536 361 634 389 Azaria
651 362 679 390 in
694 362 846 394 fornacem,
867 368 895 390 et
910 362 1031 390 excussit

244 408 379 435 flammam
395 407 464 443 ignis
480 408 513 435 de
527 407 648 439 fornace,
669 412 696 435 et
721 408 784 435 fecit
801 407 919 436 medium
939 407 1031 435 forna-

243 454 292 484 cis,
304 454 384 488 quasi
398 453 523 488 spiritum
538 453 608 482 roris
621 453 741 481 ﬂantem.

276 499 320 526 50.
341 499 373 526 Et
388 507 443 526 non
462 499 548 535 tetigit
562 507 610 528 eos
624 500 737 528 omnino
752 500 823 535 ignis
834 520 842 533 ,
862 507 949 535 neque
964 507 1031 528 con-

242 545 360 572 tristavit
373 552 431 577 eos,
447 552 536 580 neque
553 546 706 574 molestiam
722 545 813 574 intulit
827 547 878 574 eis.

276 636 320 664 51.
343 636 420 664 Tunc
452 641 507 664 tres
534 637 612 672 quasi
635 644 668 664 ex
682 644 737 664 uno
761 645 809 664 ore
831 636 988 671 laudabant,
1003 642 1030 665 et

241 683 440 718 gloriﬁcabant,
453 687 480 710 et
497 683 694 711 benedieebant
709 683 795 711 Deum
817 683 844 710 in
864 683 976 711 fornace
988 684 1030 711 di-

242 735 335 758 υθιιῐεε
347 738 354 757 Ξ

277 775 323 804 52.
340 775 506 803 Benedictus
521 782 561 807 es,
581 774 697 802 Domine
716 773 787 802 Deus
799 779 905 810 patrum
922 779 1029 803 nostro-

240 829 314 854 rum,
328 825 355 849 et
372 821 517 849 laudabilis
531 840 539 853 ,
565 825 592 848 et
623 821 843 855 superexaltatus
862 820 889 847 in
907 821 1004 848 saecula
1019 828 1026 846 :

240 872 267 895 et
280 867 451 895 benedictum
473 875 573 894 nomen
590 866 684 902 gloria
696 872 748 894 tua!
765 872 888 894 sanctum
900 886 907 899 ,
929 871 956 894 et
967 867 1028 895 lau-

241 912 342 944 dabile,
360 917 387 940 et
400 912 631 947 superexaltatum
653 912 680 938 in
698 912 808 939 saecula.

276 958 321 985 55.
342 958 504 985 Benedictus
518 965 547 986 es
562 958 588 984 in
603 958 703 992 templo
720 963 822 985 sanctas
837 958 931 993 gloria:
957 962 1026 992 tuae,

240 1008 266 1030 et
282 1003 519 1038 superlaudabilis,
534 1007 561 1031 et
573 1004 794 1039 supergloriosus
819 1006 846 1033 in
861 1007 972 1034 sacula.

274 1049 319 1077 54.
341 1049 503 1077 Benedictus
524 1057 554 1077 es
575 1050 601 1076 in
619 1050 719 1078 throno
733 1051 828 1086 gloria:
848 1052 924 1087 regni
940 1052 1029 1084 tui,et

240 1095 478 1130 superlaudabilis,
492 1100 519 1124 et
532 1096 748 1131 super-exaltatus
765 1097 792 1124 in
808 1099 917 1126 saecula.

275 1197 321 1224 55.
341 1196 504 1224 Benedictus
522 1203 560 1228 es,
575 1197 621 1231 qui
636 1197 750 1224 intueris
775 1198 906 1233 abyssos,
931 1199 1029 1228 sedens

241 1250 323 1278 super
346 1242 515 1275 Cherubim,
540 1246 568 1270 et
596 1242 750 1275 laudabilis,
774 1248 801 1271 et
814 1245 1029 1278 supet'exnllatus

242 1290 269 1316 in
283 1289 393 1316 saecula.

279 1333 323 1360 56.
344 1333 509 1362 Benedictus
524 1341 554 1362 es
572 1334 597 1361 in
610 1334 783 1362 firmamento
800 1335 872 1369 celi,
890 1340 917 1363 et
933 1336 1029 1364 lauda-

243 1380 316 1411 bilis,
334 1384 360 1407 et
376 1381 514 1415 gloriosus
528 1381 553 1407 in
570 1381 680 1408 smcula.

278 1425 322 1452 57.
346 1425 503 1453 Benedicite
514 1426 606 1453 omnia
618 1434 701 1461 opera
714 1426 820 1454 Domini
836 1427 1030 1461 Domino,lau-
1062 1440 1067 1446 π

243 1472 314 1505 date,
332 1477 359 1499 et
373 1472 573 1507 superexaltate
591 1479 652 1500 eum
671 1472 697 1499 in
716 1473 826 1500 saecula.

278 1519 322 1546 58.
336 1518 491 1545 Benedicite
503 1518 592 1553 angeli
607 1517 714 1545 Domini
730 1518 856 1552 Domino,
869 1520 987 1554 laudate,
1004 1525 1031 1549 et

242 1566 444 1601 superexaltate
461 1573 521 1592 eum
537 1565 563 1592 in
584 1565 695 1592 sa-cula.

278 1612 322 1640 59.
343 1611 497 1639 Benedicite
513 1611 574 1638 caeli
607 1610 733 1644 Domino,
752 1611 874 1644 laudate,
892 1617 918 1640 et
933 1621 1029 1648 supcr-

242 1658 359 1686 cxaltate
377 1665 440 1685 eum
460 1658 487 1684 in
502 1657 611 1684 smcula.

277 1704 322 1732 60.
344 1704 497 1731 Benedicite
511 1712 590 1737 aqua:
618 1711 714 1732 omnes
729 1724 736 1736 ,
767 1712 828 1739 qum
845 1713 927 1741 super
944 1706 1029 1734 caelos

243 1754 319 1782 sunt,
333 1749 470 1781 Domino,
495 1748 613 1781 laudate,
637 1753 664 1776 et
694 1750 892 1784 superexaltate
914 1758 976 1778 eum
1001 1752 1028 1778 in

243 1794 352 1822 saecula.

278 1840 323 1867 6t.
345 1839 499 1868 Benedicite
513 1847 608 1868 omnes
635 1841 750 1868 virtutes
767 1841 875 1869 Domini
902 1842 1029 1876 Domino,

243 1885 361 1917 laudate,
375 1889 402 1912 et
417 1885 617 1925 supereaaltate
632 1893 694 1913 eum
716 1887 742 1914 in
759 1888 869 1914 smcula.

279 1928 323 1956 62.
346 1928 501 1956 Benedicite
517 1929 570 1962 sol,
586 1934 612 1956 et
635 1930 699 1958 luna
727 1930 850 1965 Domino,
866 1932 982 1966 laudate,
1003 1939 1030 1961 et

243 1975 444 2010 superexaltate
458 1982 521 2002 eum
538 1975 565 2002 in
583 1976 693 2003 secula.

277 2021 321 2049 65.
343 2020 500 2049 Benedicite
516 2022 601 2049 stella:
616 2022 677 2049 0021i
704 2022 838 2056 Domino,
868 2024 985 2058 laudate,
1003 2032 1030 2054 et

242 2067 445 2102 superexaltate
458 2075 521 2095 eum
540 2068 567 2095 in
585 2068 694 2096 saecula.

277 2114 322 2141 64.
343 2113 501 2142 Benedicite
517 2115 606 2143 omnis
619 2115 716 2148 imber,
732 2121 759 2143 et
773 2124 818 2144 ros
830 2116 955 2150 Domino,
971 2118 1029 2146 lau-

241 2162 313 2193 date,
326 2165 353 2189 et
367 2161 566 2195 superexaltate
579 2169 640 2188 eum
653 2161 679 2188 in
695 2163 804 2190 szecula.

275 2206 320 2233 65.
343 2206 496 2234 Bcnedicite
507 2214 604 2233 omnes
631 2206 742 2241 spiritus
766 2206 891 2239 Domino,
909 2207 1027 2241 laudate,

240 2257 268 2279 et
284 2252 484 2287 superexaltate
504 2259 565 2280 eum
583 2252 609 2278 in
634 2252 745 2279 smcula.

275 2297 321 2326 66.
343 2297 498 2326 Benedicite
513 2298 594 2332 ignis,
609 2303 637 2325 et
653 2303 736 2326 aestus
754 2298 880 2332 Domino,
908 2299 1027 2332 laudate,

240 2346 266 2369 et
281 2342 481 2376 superexaltate
496 2349 557 2369 eum
574 2342 601 2369 in
618 2344 728 2370 sarcula.

275 2388 319 2415 67.
341 2387 496 2415 Benedicite
514 2387 611 2423 frigus,
628 2393 655 2416 et
671 2393 753 2416 mslus
769 2388 894 2422 Domino,
909 2390 1027 2424 laudate,

239 2434 478 2470 etsuperexaltate
492 2441 554 2461 eum
572 2434 598 2461 in
615 2435 728 2462 saecula.

276 2480 319 2508 68.
342 2481 498 2508 Benedicite
511 2488 600 2513 rores,
615 2485 641 2508 et
651 2482 755 2516 pruinze
771 2482 896 2515 Domino,
908 2483 1028 2516 laudate,

240 2531 267 2553 et
282 2527 479 2561 superexaltate
493 2535 556 2554 eum
577 2527 602 2554 in
618 2528 727 2555 srecula.

275 2571 320 2600 69.
337 2572 492 2601 Benedicite
503 2573 565 2608 gelu
585 2578 612 2600 et
639 2573 724 2608 frigus
752 2573 875 2608 Domino,
908 2575 1027 2607 laudate,

240 2623 266 2644 ct
281 2618 485 2652 superexaltale
501 2627 564 2646 eum
580 2619 606 2646 in
622 2620 732 2647 smcula.

276 2663 319 2690 70.
339 2663 493 2692 Benedicite
503 2665 614 2700 glacies,
631 2671 656 2693 et
671 2665 746 2693 nives
768 2665 893 2698 Domino,
910 2667 1027 2700 laudate,

239 2715 266 2736 et
282 2710 483 2744 strperexaltate
496 2718 558 2738 eum
574 2711 601 2738 in
620 2713 728 2739 smcula.

276 2755 319 2782 7i.
341 2755 609 2789 Benedicitenoetes,
635 2762 661 2784 et
676 2758 734 2785 dies
758 2757 884 2790 Domino,
911 2759 1027 2791 laudate,

238 2808 264 2829 et
279 2802 478 2837 superexaltate
492 2809 553 2828 eum
569 2803 594 2828 in
610 2804 719 2831 szeeula.

275 2847 320 2874 72.
340 2846 495 2874 Benedicite
512 2848 567 2880 lux,
581 2853 607 2875 et
629 2850 746 2878 tenebra:
770 2851 894 2884 Domino,
910 2851 1028 2885 laudate,

239 2897 265 2920 ct
283 2893 480 2929 supercaaltate
497 2901 559 2922 cum
575 2894 600 2920 in
616 2896 723 2923 smeula.

1081 268 1130 306 τὴν
1149 269 1264 305 κάμινον
1282 269 1336 296 τῶν
1351 269 1503 298 Χαλδαίων.

1116 316 1161 344 49.
1179 316 1208 343 '0
1220 316 1248 342 δὲ
1259 315 1374 351 ἄγγελος
1386 317 1490 352 Κυρίου
1505 316 1563 352 ἅμα
1574 317 1725 352 συνχατέΰη
1738 317 1797 348 τοῖς
1809 316 1870 351 περὶ

1080 361 1127 388 τὸν
1145 362 1274 397 Ἀζαρίαν
1303 363 1343 393 εἰς
1365 362 1414 398 τὴν
1438 363 1564 398 κάμινον,
1592 363 1639 390 καὶ
1659 362 1797 396 ἑξετιναξε
1824 363 1870 399 τὴν

1082 407 1168 442 φλόγα
1180 407 1227 433 τοῦ
1239 408 1324 443 πυρὸς
1336 409 1367 435 ὲκ
1382 408 1433 443 τῆς
1444 409 1572 444 καμίνου,
1588 410 1637 436 καὶ
1650 408 1764 445 ἐποίησε
1779 409 1811 435 τὺ
1824 410 1870 444 μέ-

1081 460 1128 480 σον
1140 451 1189 487 τῆς
1199 451 1327 487 καμίνου,
1341 452 1380 484 ὡς
1394 453 1503 488 πνεῦμα
1520 453 1615 488 δρόσου
1632 453 1802 488 διασυρίζον.

1117 496 1161 523 50.
1179 497 1235 524 Kal.
1257 497 1306 532 οὐχ
1326 497 1414 532 ἥψατο
1441 499 1530 525 αὐτῶν
1548 498 1578 525 τὺ
1598 499 1659 526 καθ’
1674 499 1737 526 ὅλου
1761 499 1792 526 τὺ
1805 499 1870 536 πῦρ,

1081 543 1129 570 καὶ
1148 544 1197 570 οὐκ
1209 543 1344 579 ἐλύπησεν
1357 544 1466 577 αὐτοὺς,
1486 545 1535 572 καὶ
1545 545 1576 572 οὺ
1593 545 1810 582 παρηνώχλησεν
1825 547 1872 574 αὐ-

1081 590 1148 621 τοῖς.

1116 635 1160 663 5L
1176 635 1242 662 Τότε
1256 636 1280 662 οἱ
1295 637 1369 671 τρεῖς
1382 635 1419 668 ὡς
1432 635 1462 669 ἐξ
1477 637 1536 669 ἑνὸς
1549 637 1682 673 στόματος
1700 637 1814 673 ὕμνουν,
1828 640 1872 667 καὶ

1080 682 1215 716 ἐδόξαζον,
1233 684 1279 710 καὶ
1292 683 1419 718 εὐλόγουν
1433 684 1479 712 τὸν
1491 685 1556 711 Θεὸν
1568 685 1597 711 ὲν
1607 686 1640 720 τῇ
1655 686 1765 721 καμίνῳ
1779 686 1872 720 λέγον-

1079 737 1135 761 τες.

1115 775 1159 802 52.
1170 775 1324 811 Εὐλογητὸς
1332 773 1368 810 εἶ,
1378 776 1476 812 Κύριε,
1484 778 1497 804 ὁ
1506 777 1572 810 Θεὸς
1581 777 1635 805 τῶν
1643 779 1771 814 πατέρων
1782 778 1870 814 ἡμῶν,

1080 822 1127 847 καὶ
1143 821 1257 854 αἰνετὸς,
1279 822 1326 849 καὶ
1350 822 1574 859 ὑπερυψούμενος
1597 824 1637 856 εἰς
1660 824 1725 856 τοὺς
1756 825 1870 856 αἰῶνας·

1079 868 1127 895 καὶ
1141 867 1323 903 εὐλογημένον
1340 869 1370 895 τὸ
1384 869 1469 904 ὄνομα
1485 869 1535 905 τῆς
1554 869 1632 905 δόξης
1654 879 1701 896 σου
1723 871 1756 897 τὸ
1774 871 1853 906 ἅγιον
1864 890 1871 903 ,

1044 909 1065 937 Β
1080 915 1128 941 καὶ
1139 914 1254 948 αἰνετὺν,
1267 915 1315 941 καὶ
1331 915 1556 951 ὑπερυψούμενον
1571 918 1611 948 εἰς
1626 917 1689 949 τοὺς
1703 916 1821 949 αἰῶνας.

1114 960 1159 987 55.
1171 959 1360 996 Εὐλογημένος
1372 959 1396 987 εἰ
1407 962 1435 988 ἐν
1445 961 1484 996 τῷ
1496 960 1552 997 ναῷ
1563 962 1612 997 τῆς
1625 962 1704 996 ἁγίας
1718 962 1802 998 δόξης
1816 971 1873 996 σου,

1079 1007 1127 1034 καὶ
1142 1007 1343 1042 ὑπερυμνητὸς,
1360 1007 1408 1034 καὶ
1420 1007 1596 1043 ὑπερένδοξος
1611 1009 1650 1040 εἰς
1664 1009 1728 1040 τοὺς
1739 1009 1856 1040 αἰῶνας.

1115 1054 1159 1081 5L
1177 1054 1366 1089 Εὐλογημένος
1376 1052 1402 1083 εἴ
1410 1055 1457 1081 ἐπὶ
1470 1054 1564 1090 Θρόνου
1573 1054 1651 1089 δόξης
1666 1055 1716 1090 τῆς
1733 1055 1874 1090 βασιλείας

1080 1109 1138 1131 σου,
1154 1100 1202 1127 καὶ
1221 1100 1422 1136 ὑπερυμνητὸς,
1439 1100 1486 1127 καὶ
1508 1100 1732 1136 ὑπερυψούμενος
1751 1102 1792 1133 εἰς
1813 1103 1873 1133 τοὺς

1080 1146 1191 1177 αἰῶνας.

1115 1192 1160 1219 55.
1175 1192 1366 1228 Εὐλογημένος
1379 1189 1404 1218 εἷ
1413 1193 1426 1219 6
1443 1192 1549 1228 βλέπων
1560 1192 1706 1224 ἀϐύσσους,
1716 1192 1874 1228 καθήμενος

1080 1239 1127 1265 ἐπὶ
1141 1238 1291 1273 Χερουϐὶμ,
1317 1238 1364 1265 καὶ
1391 1238 1506 1270 αἰνετὺς,
1527 1238 1574 1265 καὶ
1591 1237 1819 1274 ὑπερυψούμενος
1835 1240 1874 1271 εἰς

1080 1285 1143 1316 τοὺς
1158 1285 1268 1316 αἰῶνας.

1115 1330 1161 1357 56.
1176 1329 1365 1365 Εὐλογημένος
1386 1327 1411 1356 εἴ
1429 1331 1458 1357 ὲν
1482 1329 1521 1365 τῷ
1537 1329 1709 1365 στερεώματι
1723 1329 1773 1357 τοῦ
1791 1330 1874 1366 οὐρα-

1080 1375 1138 1409 νοῦ,
1155 1377 1202 1402 καί.
1216 1376 1345 1412 ὑμνητὸς,
1364 1376 1410 1402 καὶ
1423 1376 1615 1412 δεδοξασμένος
1632 1377 1672 1407 εἰς
1681 1377 1744 1408 τοὺς
1759 1376 1873 1408 αἰῶνας.

1117 1422 1160 1449 57.
1180 1422 1324 1457 Εὑλογεῖτε
1336 1423 1425 1450 πάντα
1438 1423 1472 1449 τὰ
1488 1423 1556 1458 ἔργα
1578 1422 1682 1458 Κυρίου
1697 1423 1743 1450 τὸν
1758 1423 1873 1459 Κύριον,

1081 1468 1202 1504 ὑμνεῖτε,
1215 1469 1262 1495 καὶ
1275 1467 1447 1504 ὑπερυψοῦτε
1462 1468 1543 1495 αὑτὸν
1555 1468 1596 1500 εἰς
1608 1469 1671 1500 τοὺς
1685 1468 1802 1500 αἰῶνας.

1116 1514 1161 1542 58.
1177 1515 1319 1549 Εὑλογεῖτε
1332 1515 1442 1548 ἄγγελοι
1453 1515 1555 1550 Κυρίου
1565 1515 1611 1541 τὸν
1625 1514 1738 1550 Κύριον,
1751 1515 1874 1550 ὑμνεῖτε,

1081 1563 1129 1589 καὶ
1144 1561 1316 1597 ύπερυψοῦτε
1325 1562 1405 1588 αὑτὸν
1419 1562 1459 1593 εἰς
1469 1562 1531 1592 τοὺς
1547 1561 1660 1592 αἰῶνας.

1119 1608 1162 1636 59.
1180 1608 1324 1642 Εὐλογεῑτε
1347 1608 1458 1643 οὐρανοὶ
1474 1607 1519 1634 τὸν
1536 1607 1651 1642 Κύριον,
1677 1607 1802 1642 ὑμνεῖτε,
1829 1609 1876 1635 καὶ

1084 1653 1256 1689 ὑπερυψοῦτε
1270 1653 1349 1680 αὐτὸν
1361 1655 1400 1685 εἰς
1413 1654 1475 1685 τοὺς
1487 1653 1598 1685 αἰῶνας.

1119 1700 1164 1728 60.
1183 1699 1324 1734 Εὑλογεῖτε
1336 1699 1419 1726 ὕδατα
1435 1699 1521 1726 πάντα
1535 1700 1568 1726 τὰ
1588 1700 1678 1726 ἐπάνω
1693 1699 1741 1727 τοῦ
1757 1700 1875 1736 οὐρανοῦ

1083 1747 1129 1774 τὸν
1139 1747 1252 1783 Κύριον,
1267 1746 1388 1782 ὑμνεῖτε,
1401 1747 1450 1773 καὶ
1464 1745 1634 1782 ὑπερυψοῦτε
1648 1746 1730 1772 αὑτὸν
1754 1747 1796 1778 εἰς
1812 1748 1876 1778 τοὺς

1083 1793 1196 1824 αἰῶνας.
1338 1826 1342 1829 η

1119 1838 1163 1866 6|.
1180 1838 1324 1873 Εὐλογεῖτε
1340 1838 1426 1865 πᾶσαι
1438 1838 1466 1864 αἱ
1483 1837 1612 1872 δυνάμεις
1627 1837 1730 1873 Κυρίου
1749 1837 1798 1863 τὸν
1819 1837 1875 1864 Κύ-

1086 1893 1152 1921 ριον,
1165 1886 1284 1920 ὑμνεῖτε,
1301 1885 1348 1911 καὶ
1360 1884 1530 1920 ὑπερυψοῦτε
1541 1885 1620 1912 αὐτὸν
1632 1885 1672 1916 εἰς
1685 1885 1748 1916 τοὺς
1759 1885 1875 1916 αἰῶνας.

1117 1931 1161 1958 62.
1175 1931 1317 1966 Εὑλογεῖτε
1329 1931 1415 1966 ἥλιος,
1429 1931 1477 1958 καὶ
1491 1930 1588 1966 σελήνη
1598 1930 1643 1957 τὸν
1656 1929 1770 1965 Κύριον,
1780 1931 1876 1966 ὑμνεῖ-

1082 1986 1122 2010 τε,
1140 1978 1188 2004 καὶ
1201 1976 1373 2012 ὑπερυψοῧτε
1391 1977 1472 2004 αὐτὸν
1489 1978 1528 2008 εἰς
1541 1976 1604 2008 τοὺς
1619 1976 1732 2005 αἰῶνας.

1118 2024 1163 2052 65.
1186 2024 1329 2058 Εὑλογεῖτε
1357 2024 1445 2058 ἄστρα
1468 2023 1514 2050 τοῦ
1538 2024 1655 2059 οὐρανοῦ
1678 2024 1724 2050 τὸν
1749 2023 1890 2058 Κύριον,¹

1083 2071 1203 2106 ὑμνεῖτε,
1222 2070 1270 2097 καὶ
1282 2069 1452 2104 ὑπερυψοῦτε
1467 2069 1549 2096 αὐτὸν
1566 2070 1608 2100 εἰς
1622 2069 1685 2100 τοὺς
1698 2070 1812 2100 αἰῶνας.

1116 2117 1160 2143 64.
1174 2115 1318 2150 Εὑλογείτε
1334 2116 1387 2147 πᾶς
1396 2115 1508 2151 ὄμϐρος,
1524 2115 1574 2141 καὶ
1592 2115 1686 2150 δρόσος
1701 2115 1747 2141 τὸν
1758 2115 1875 2150 Κύριον,

1082 2163 1203 2197 ὑμνεῖτε.
1219 2162 1266 2188 καὶ
1281 2160 1450 2196 ὐπερυψοῦτε
1462 2160 1544 2187 αὑτὸν
1555 2160 1594 2192 εἰς
1608 2160 1672 2192 τοὺς
1686 2159 1800 2191 αἰῶνας.

1116 2209 1161 2236 65.
1178 2208 1321 2242 Εὑλογεῖτε
1341 2207 1430 2234 πάντα
1458 2207 1493 2234 τὰ
1516 2206 1658 2242 πνεύματα
1687 2206 1732 2233 τὸν
1754 2207 1871 2242 Κύριον,

1044 2261 1065 2288 D
1080 2255 1200 2290 ὑμνεῖτε.
1215 2255 1263 2280 καὶ
1276 2253 1447 2290 ὑπερυψοῦτε
1461 2252 1544 2279 αὐτὸν
1560 2253 1600 2284 εἰς
1612 2252 1676 2284 τοὺς
1686 2251 1800 2284 αἰῶνας.

1115 2301 1157 2328 66.
1175 2300 1317 2334 Εὐλογεῖτε
1336 2299 1402 2334 πῦρ,
1419 2299 1467 2326 καὶ
1484 2298 1577 2333 καῦμα
1594 2298 1638 2325 τὸν
1651 2297 1764 2333 Κύριον,
1779 2298 1872 2334 ὑμνεῖ-

1079 2355 1119 2379 τε,
1131 2347 1179 2373 καὶ
1192 2345 1364 2381 ὑπερύψοῦτε
1377 2344 1458 2371 αὐτὸν
1472 2345 1513 2376 εἰς
1528 2344 1589 2375 τοὺς
1605 2344 1717 2375 αἰῶνας.

1115 2393 1159 2420 67.
1177 2392 1320 2426 Εὐλογεῖτε
1343 2390 1445 2426 ψύχος,
1474 2391 1521 2416 καὶ
1547 2389 1642 2425 καῦμα
1672 2389 1716 2416 τὸν
1743 2389 1870 2425 Κύριον,

1081 2439 1199 2475 ὑμνεῖτε,
1216 2438 1263 2464 καὶ
1272 2436 1444 2472 ὑπερυψοῦτε
1462 2435 1543 2463 αὑτὸν
1557 2436 1596 2468 εἰς
1610 2436 1672 2467 τοὺς
1683 2435 1796 2467 αἰῶνας.

1115 2484 1159 2512 68.
1183 2484 1326 2517 Εὑλογεῖτε
1354 2482 1453 2518 δρόσοι,
1481 2482 1530 2508 καὶ
1556 2481 1659 2515 νιφετοὶ
1679 2481 1725 2508 τὸν
1753 2481 1867 2517 Κύριον,

1080 2531 1201 2566 ὑμνεῖτε,
1215 2530 1263 2556 καὶ
1279 2528 1450 2564 ὑπερυψοῠτε
1469 2527 1551 2555 αὑτὸν
1565 2529 1604 2559 εἰς
1613 2527 1677 2559 τοὺς
1688 2527 1803 2558 αἰῶνας.

1115 2576 1158 2603 69.
1175 2575 1316 2609 [εὐλογεῖτε
1330 2574 1421 2608 πάγοι,
1436 2574 1483 2600 καὶ
1492 2573 1578 2608 ψύχος
1594 2573 1639 2599 τὸν
1655 2572 1768 2608 Κύριον,
1778 2572 1869 2608 ὑμνεῖ-

1080 2631 1120 2654 τε,
1140 2622 1188 2649 καὶ
1206 2620 1377 2656 ὑπερυψούτε
1391 2620 1472 2647 αὐτὸν
1488 2619 1528 2651 εἰς
1540 2619 1602 2650 τοὺς
1616 2618 1726 2651 αἰῶνας.

1116 2666 1160 2694 70.
1178 2666 1320 2700 Εὑλογεῖτε
1344 2665 1445 2700 πάχνη,
1472 2664 1519 2691 καὶ
1549 2663 1640 2698 χιόνες
1673 2663 1719 2690 τὸν
1746 2662 1867 2698 Κύριον,

1083 2713 1199 2748 ὑμνεῖτε,
1217 2713 1264 2739 καὶ
1283 2711 1454 2747 ὑπερυψοῦτε
1471 2710 1552 2736 αὐτὸν
1568 2711 1606 2741 εἰς
1618 2710 1681 2740 τοὺς
1699 2709 1813 2740 αἰῶνας.

1114 2760 1159 2786 71.
1174 2759 1316 2792 Εὑλογεῐτε
1341 2757 1447 2789 νύκτες,
1479 2757 1527 2783 καὶ
1551 2755 1653 2791 ἡμέραι
1682 2755 1728 2781 τὸν
1754 2754 1868 2790 Κύριον,

1081 2806 1200 2841 ὑμνεῖτε.
1215 2806 1263 2832 καὶ
1282 2803 1453 2839 ὑπερυψοῦτε
1472 2801 1553 2830 αὐτὸν
1570 2801 1610 2832 εἰς
1626 2801 1690 2832 τοὺς
1702 2799 1816 2832 αἰῶνας.

1119 2852 1161 2878 7‘2.
1180 2851 1320 2885 Εὑλογεῖτε
1337 2850 1404 2884 φῶς,
1422 2849 1470 2875 καὶ
1485 2848 1581 2878 σκότος
1592 2847 1636 2873 τὸν
1649 2846 1764 2881 Κύριον,
1775 2845 1870 2882 ὑμνεῖ-

1081 2907 1121 2932 τε,
1137 2898 1183 2924 καὶ
1198 2895 1366 2931 ὐπερνψοῦτε
1379 2895 1459 2922 αὐτὸν
1476 2893 1515 2925 εἰς
1530 2893 1593 2924 τοὺς
1612 2891 1733 2933 αἰῶνας.-
