1967 3079
127 160 196 189 2857

838 162 952 192 CAPUT
969 162 1016 191 Ιῐὶ.

1686 170 1757 207 assa

163 216 209 244 75.
224 215 373 252 Εὑλογεῖτε
387 217 538 254 ἀστραπαὶ,
552 219 600 246 καὶ
612 220 722 256 νεφιλαι
743 219 790 247 τὸν
808 220 909 256 Κύριον

1007 219 1052 248 75.
1073 219 1227 250 Benedicite
1243 222 1360 258 fulgura,
1384 227 1411 252 et
1427 223 1514 252 nubes
1543 223 1670 258 Domino,
1699 226 1756 254 laus

130 263 251 298 ὑμνεῖτε,
269 263 321 290 καὶ
339 263 511 299 ὑπερυψοῦτε
529 265 610 294 αὑτὸν
625 266 665 298 εἰς
681 266 745 298 τοὺς
759 265 871 297 αἰῶνας.

165 309 210 338 74.
222 310 370 346 Εὑλογήτω
383 311 445 347 ήγῆ
455 311 501 338 τὸν
512 311 624 348 Κύριον,
641 312 770 347 ὑμνείτω,
784 312 831 339 καὶ
839 312 923 348 ὑπερο

128 355 239 391 υψούτω
249 356 332 383 αὐτὸν
345 357 386 388 εἰς
404 357 467 389 τοὺς
484 357 595 390 αἰῶνας.

165 402 211 429 75.
225 401 369 436 Εὑλογεῖτε
379 402 441 438 ὅρη,
455 404 502 430 καὶ
515 403 606 438 βουνοὶ
618 404 664 431 τὸν
677 404 790 441 Κύριον,
799 404 919 441 ὑμνεῖτε,

127 448 179 475 καὶ
193 447 367 484 ὑπερνψοῦτε
385 449 466 476 αὑτὸν
482 450 523 482 εἰς
537 450 600 482 τοὺς
614 450 727 484 αἰῶνας.

167 494 212 521 76.
231 494 375 528 Εὑλογεῖτε
399 495 488 522 πάντα
516 497 551 523 τὰ
568 498 691 532 φυόμενα
714 498 744 525 ὲν
769 498 801 533 τῇ
821 499 857 534 γῇ
874 498 920 525 τὸν

127 539 246 574 Κύριον,
271 539 392 575 ὑμνεῖτε,
420 541 468 569 καὶ
496 542 668 579 ὑπερυψοῦτε
691 543 774 570 αὐτὸν
797 545 838 576 εἰς
857 545 920 576 τοὺς

126 585 242 617 αἰῶνας.

165 630 210 658 77.
228 631 372 666 Εὑλογεῖτε
386 631 414 659 αἰ
430 632 518 667 πηγαὶ
532 632 578 660 τὸν
591 633 705 669 Κύριον,
720 634 847 670 ὑμνεῖτε,
871 635 920 662 καὶ

126 676 302 712 ὑπερυψοῦτε
318 677 399 704 αὑτὸν
410 679 451 710 εἰς
465 678 529 710 τοὺς
544 680 658 711 αἰῶνας.

165 724 210 751 78.
226 724 373 758 Εὑλογεῖτε
390 724 534 758 θάλασσαι,
545 725 594 751 καὶ
612 725 730 760 ποταμοὶ
743 725 790 752 τὸν
804 725 917 762 Κύριον,

125 768 251 804 ὑμνεῖτε,
265 770 314 796 καὶ
330 769 501 806 ὑπερυψοῦτε
519 770 600 797 αὑτὸν
618 771 658 802 εἰς
673 771 738 803 τοὺς
752 771 863 803 αἰῶνας.

163 815 208 842 79.
227 815 372 849 Εὐλογεῖτε
398 816 465 850 κήτη
479 834 487 847 ,
512 816 560 842 καὶ
576 816 665 843 πάντα
678 815 712 843 τὰ
727 817 874 852 κινούμενα
888 817 918 844 ἐν

124 861 183 892 τοῖς
201 859 278 887 ὕδασι
294 860 340 888 τὸν
357 860 470 896 Κύριον,
488 860 608 896 ὑμνεῖτε,
623 862 670 888 καὶ
686 862 857 898 ὑπερυψοῦτε
867 863 916 889 αὑ-

118 907 174 933 -τὺν
186 907 226 938 εἰς
239 907 302 938 τοὺς
318 907 431 939 αἰῶνας.

162 952 208 980 80.
229 952 372 986 Εὑλογεῖτε
387 953 475 980 πάντα
497 952 531 980 τὰ
554 953 668 980 πετεινὰ
682 953 728 980 τοῦ
743 953 858 989 οὐρανοῦ
872 954 918 980 τὸν

128 998 244 1033 Κύριον,
275 997 404 1033 ὑμνεῖτε,
429 1000 477 1025 καὶ
494 998 666 1034 ὑπερυψοῦτε
689 998 770 1039 αὑτὸν
791 1000 830 1031 εἰς
854 1000 918 1031 τοὺς

124 1043 237 1075 αἰῶνας.
464 1043 469 1048 ’

161 1089 206 1117 81.
225 1089 368 1124 Εὑλογεῖτε
384 1089 474 1118 πάντα
493 1089 528 1117 τὰ
551 1089 643 1126 θηρία,
655 1091 702 1117 καὶ
718 1090 752 1118 τὰ
768 1090 852 1126 κτήνη
871 1091 916 1118 τὸν

123 1135 239 1171 Κύριον,
255 1136 376 1171 ὑμνεῖτε,
393 1136 440 1163 καὶ
451 1136 622 1172 ὑπερυψοῦτε
633 1136 712 1163 αὑτὸν
723 1137 763 1168 εἰς
776 1137 840 1168 τοὺς
851 1136 917 1164 αἰῶ-

124 1190 184 1213 νας.

160 1226 206 1254 82.
222 1226 368 1261 Εὐλογεῖτε
392 1227 446 1253 υἱοὶ
472 1227 526 1254 τῶν
551 1226 702 1262 ἀνθρώπων
728 1227 774 1254 τὸν
801 1227 915 1264 Κύριον,

124 1272 246 1308 ὑμνεῖτε,
255 1273 303 1300 καὶ
319 1273 491 1309 ὑπερυψοῦτε
505 1273 587 1300 αὑτὸν
597 1274 637 1305 εἰς
649 1274 712 1307 τοὺς
731 1273 844 1306 αἰῶνας.

158 1318 204 1345 85.
218 1318 362 1353 Εὑλογεῖτε
386 1319 440 1346 υἱοὶ
461 1319 569 1355 Ἰσραὴλ
585 1319 630 1346 τὸν
656 1319 769 1356 Κύριον,
794 1321 914 1356 ὑμνεῖτε,

123 1364 173 1391 καὶ
189 1365 361 1400 ὑπερυψοῦτε
374 1365 455 1393 αὑτὸν
471 1366 511 1397 εἰς
521 1366 585 1398 τοὺς
598 1365 709 1397 αἰῶνας.

158 1410 205 1437 84.
226 1409 370 1444 Εὑλογεῖτε
397 1411 481 1445 ἱερεῖς
506 1410 552 1436 τὸν
577 1410 691 1445 Κύριον,
720 1410 841 1444 ὑμνεῖτε,
867 1411 915 1438 καὶ

122 1455 296 1490 ὑπερυψοῦτε
307 1456 388 1482 αὐτὸν
403 1457 443 1487 εἰς
459 1456 523 1487 τοὺς
536 1455 649 1487 αἰῶνας.

158 1500 203 1528 85.
215 1500 358 1533 Εὐλογεῖτε
371 1500 458 1527 δοῦλοι
481 1501 585 1536 Κυρίου
603 1500 648 1528 τὸν
665 1501 776 1536 Κύριον,
792 1501 913 1536 ὑμνεῖτε,

122 1545 171 1572 καὶ
183 1546 356 1582 ὑπερυψοῦτε
367 1546 448 1573 αὑτὸν
464 1546 503 1578 εἰς
519 1546 583 1578 τοὺς
595 1547 707 1578 αἰῶνας.

159 1591 204 1619 86.
223 1592 365 1626 Εὑλογεῖτε
386 1592 540 1628 πνεύματα,
557 1592 606 1618 καὶ
631 1592 718 1627 ψυχαὶ
743 1592 856 1620 δικαίων
867 1593 913 1620 τὸν

120 1639 237 1675 Κύριον,
253 1639 374 1674 ὑμνεῖτε,
385 1639 433 1666 καὶ
443 1638 615 1674 ὑπερυψοῦτε
627 1639 708 1666 αὑτὸν
720 1639 759 1671 εἰς
773 1641 835 1672 τοὺς
846 1640 914 1668 αἰῶ-

120 1693 184 1717 νας.

158 1730 204 1757 87.
222 1730 366 1764 Εὐλογεῖτε
379 1730 459 1763 ὅσιοι,
483 1731 530 1757 καὶ
549 1731 674 1757 ταπεινοὶ
694 1732 727 1767 τῇ
749 1732 848 1768 καρδίᾳ
867 1733 913 1760 τὸν

119 1776 236 1811 Κύριον,
251 1776 371 1812 ὑμνεῖτε,
384 1776 432 1802 καὶ
444 1776 614 1812 ὑπερυψοῦτε
627 1776 708 1804 αὑτὸν
719 1777 759 1809 εἰς
771 1777 834 1809 τοὺς
847 1778 914 1804 αἰῶ-

120 1831 182 1854 νας.

156 1868 202 1896 88.
221 1869 363 1903 Εὑλογεῖτε
383 1869 504 1902 Ἀνανία,
525 1869 649 1905 Ἀζαρία,
670 1869 781 1906 Μισαὴλ
798 1869 844 1897 τὸν
855 1869 913 1897 Κύ-

120 1923 192 1950 ριον,
210 1915 322 1950 ὑμνεῖτε
334 1935 341 1947 ,
362 1915 411 1941 καὶ
431 1914 602 1950 ὑπερυψοῦτε
616 1915 696 1942 αὑτὸν
708 1915 747 1947 εἰς
761 1915 825 1947 τοὺς
843 1915 912 1942 αἰῶ-

120 1969 180 1992 νας.
200 1960 262 1987 ὀτι
273 1960 408 1996 ἐρρύσατο
421 1961 495 1996 ἡμᾶς
513 1961 543 1993 ἐξ
557 1961 633 1997 ᾇδου,
651 1962 698 1988 καὶ
711 1962 744 1987 ὲκ
758 1962 848 1997 χειρὸς
862 1961 906 1988 θα-

119 2005 203 2031 νάτου
221 2004 323 2032 ἔσωσεν
337 2006 427 2041 ἡμᾶς·
452 2006 498 2031 καὶ
519 2005 655 2041 ὲρῤύσατο
678 2007 751 2042 ἡμᾶς
778 2007 812 2033 ὲκ
828 2006 911 2042 μέσου

118 2050 270 2086 καιομένης
291 2051 400 2086 φλογὸς,
428 2052 477 2078 καὶ
503 2053 536 2079 ὲκ
560 2052 644 2087 μέσου
666 2053 752 2088 πυρὸς
778 2053 913 2089 ἐρρύσατο

119 2097 205 2132 ἡμᾶς.

156 2143 202 2170 89.
228 2142 448 2177 Ἑξομολογεῖσθε
476 2143 515 2179 τῷ
530 2143 626 2180 Κυρίῳ
636 2165 644 2178 ,
667 2145 707 2171 ὅτι
720 2145 855 2180 χρηστὸς,
870 2147 911 2173 ὅτι

119 2188 161 2220 εἰς
177 2189 224 2214 τὸν
239 2189 323 2216 αἰῶνα
337 2189 367 2216 τὸ
384 2189 458 2222 ἔλεος
473 2190 565 2218 αὑτοῦ.

971 265 1044 298 date,
1061 270 1088 294 et
1100 268 1298 303 superexaltate
1316 276 1376 296 eum
1392 269 1419 296 in
1435 268 1544 297 saecula.

1008 311 1051 340 74.
1071 312 1218 342 Benedicat
1236 319 1309 343 terra
1337 315 1463 349 Domino,
1482 315 1584 350 laudet,
1605 321 1633 344 et
1662 324 1756 352 super.

970 359 1071 387 exaltet
1088 367 1150 387 eum
1167 360 1194 387 in
1209 362 1321 389 saecula.

1006 405 1049 432 75.
1069 405 1222 434 Benedicite
1235 412 1350 440 montes,
1364 411 1392 435 et
1401 407 1483 435 colles
1496 407 1622 440 Domino,
1637 407 1754 442 laudate,

970 454 998 478 et
1010 452 1208 486 superexaltate
1225 460 1288 480 eum
1303 453 1329 479 in
1346 453 1454 482 saecula.

1006 496 1049 523 76.
1070 496 1226 525 Benedicite
1262 498 1391 525 universa
1417 498 1598 534 germinantia
1623 499 1650 526 in
1683 503 1755 526 terra

971 542 1097 577 Domino,
1115 544 1234 578 laudate,
1247 549 1275 572 et
1288 545 1489 580 superexaltate
1498 553 1559 573 eum
1576 545 1603 573 in
1616 546 1726 574 saacula.

1006 631 1050 658 77.
1070 631 1225 661 Benetlicitc
1243 632 1332 661 fontes
1351 633 1476 668 Domino,
1491 633 1610 666 laudate,
1622 638 1649 661 et
1658 641 1756 670 supcr-

969 677 1086 705 exaltate
1101 685 1163 705 eum
1181 678 1209 706 in
1228 679 1338 707 saecula.

1004 723 1048 750 78.
1069 723 1223 752 Bcnedicite
1236 725 1332 758 maria,
1344 729 1370 753 ct
1383 725 1493 753 [lumina
1501 726 1626 760 Domino,
1637 726 1754 760 laudate,

968 773 994 796 et
1010 770 1209 804 superexaltate
1223 778 1286 798 eunt
1297 771 1324 798 in
1341 772 1450 800 saecula.

1004 814 1048 843 79.
1069 815 1223 845 Benedicite
1234 821 1304 850 cete,
1319 822 1347 845 et
1365 818 1468 852 omnia,
1483 826 1544 854 quae
1569 823 1712 847 moventur
1727 819 1754 846 in

968 861 1047 897 aquis
1062 862 1188 898 Domino,
1199 863 1318 897 laudate,
1333 868 1360 892 et
1374 865 1577 900 supercxaltate
1592 873 1654 893 eum
1667 865 1694 892 in
1705 873 1756 893 ste.

933 897 954 925 B
968 909 1040 936 cula.

1003 954 1046 982 80.
1069 954 1223 983 Benedicite
1250 963 1346 984 omnes
1376 957 1502 984 volucres
1535 957 1598 985 coeli
1628 957 1754 989 Domino.

967 1001 1086 1034 laudate,
1103 1005 1131 1028 et
1148 1002 1349 1036 superexaltate
1366 1010 1429 1030 eum
1445 1002 1473 1029 in
1490 1003 1601 1030 secula.

1002 1087 1046 1114 8|.
1067 1087 1222 1116 Benedicite
1235 1095 1331 1116 omnes
1351 1088 1455 1122 bestiae,
1476 1093 1503 1116 et
1518 1096 1617 1124 pecora
1625 1088 1751 1122 Domino,

967 1133 1084 1167 laudate,
1100 1138 1127 1161 ct
1142 1134 1341 1169 superexaltate
1356 1142 1418 1162 eum
1431 1135 1458 1162 in
1475 1135 1583 1163 saecula.

1001 1234 1046 1262 82.
1066 1234 1220 1262 Benedicite
1234 1234 1281 1262 filii
1299 1235 1440 1263 hominum
1454 1235 1580 1269 Domino,
1598 1235 1753 1268 laudate,ct

965 1279 1168 1314 superexaltate
1180 1286 1241 1306 eum
1257 1279 1284 1306 in
1299 1279 1410 1307 saecula.

1001 1325 1047 1352 83.
1067 1324 1223 1352 Benedicite
1248 1325 1296 1352 ﬁlii
1314 1324 1397 1353 Israel
1425 1325 1542 1354 Domino
1556 1345 1564 1359 ,
1586 1326 1704 1358 laudate,
1726 1331 1753 1354 et

966 1371 1167 1406 superexaltate
1184 1379 1245 1398 eum
1265 1371 1292 1398 in
1308 1372 1418 1399 saecula.

1001 1417 1046 1444 8t.
1068 1417 1224 1445 Benedicite
1239 1418 1396 1446 sacerdotes
1424 1418 1542 1446 Domino
1555 1438 1562 1446 .
1588 1418 1708 1451 laudate,
1725 1423 1753 1447 et

965 1462 1165 1495 superexaltate
1181 1469 1244 1490 eum
1259 1462 1286 1488 in
1304 1462 1414 1490 saecula.

1001 1507 1045 1534 85.
1067 1507 1221 1535 Benedicite
1240 1508 1311 1535 servi
1331 1508 1437 1536 Domini
1453 1509 1580 1542 Domino,
1599 1509 1752 1542 |audatc,ct

928 1561 949 1591 α
966 1554 1165 1588 superexaltate
1178 1561 1241 1581 eum
1259 1554 1286 1581 in
1300 1554 1411 1581 saecula.

1002 1599 1047 1627 86.
1067 1599 1221 1628 Bcnedicite
1234 1600 1358 1635 spiritus,
1379 1603 1406 1627 et
1424 1599 1523 1627 animae
1545 1600 1682 1635 justorum
1698 1601 1751 1628 Do-

967 1644 1052 1678 mino,
1070 1644 1188 1677 laudate,
1202 1648 1229 1671 et
1243 1643 1441 1679 superexaltate
1453 1651 1515 1672 eum
1529 1644 1558 1671 in
1571 1645 1680 1672 saecula.

1001 1731 1045 1758 87.
1066 1730 1220 1758 Benedicite
1239 1730 1337 1764 sancti,
1356 1734 1384 1758 et
1400 1712 1517 1759 humiles
1530 1731 1612 1760 corde
1623 1731 1750 1767 Domino,

966 1774 1084 1807 laudate,
1100 1778 1128 1802 et
1141 1773 1341 1809 superexaltate
1356 1781 1419 1801 eum
1437 1774 1465 1801 in
1482 1774 1580 1802 saecula

1001 1867 1046 1895 88.
1067 1867 1222 1896 Benedicite
1235 1868 1353 1902 Anania,
1367 1869 1475 1904 Azaria,
1502 1869 1597 1897 Misael
1624 1869 1749 1902 Domino.

965 1913 1083 1945 laudate,
1099 1918 1125 1941 et
1138 1914 1336 1948 supercxaltate
1350 1923 1413 1943 eum
1428 1917 1456 1943 in
1482 1917 1591 1944 saecula.
1602 1915 1670 1949 Quia
1680 1917 1752 1944 eruit
1795 1944 1799 1948 λ

966 1967 1015 1987 nos
1027 1961 1061 1987 de
1072 1959 1187 1992 inferno,
1204 1964 1231 1987 et
1243 1960 1277 1988 de
1291 1968 1372 1988 manu
1391 1961 1488 1989 mortis
1503 1961 1592 1989 salvos
1613 1961 1677 1989 fecit
1690 1970 1749 1994 nos,

965 2009 992 2033 et
1008 2005 1134 2033 liberavit
1150 2013 1200 2033 nos
1217 2006 1251 2033 de
1278 2006 1368 2034 medio
1387 2007 1507 2034 ardentis
1531 2007 1655 2041 ﬂammae,
1673 2013 1699 2036 et
1716 2009 1750 2036 de

966 2051 1056 2080 medio
1070 2052 1140 2087 ignis
1155 2051 1226 2079 eruit
1241 2059 1302 2080 nos.

999 2139 1043 2168 89.
1051 2140 1224 2168 Conﬁtemini
1241 2140 1365 2173 Domino,
1380 2140 1509 2175 quoniam
1518 2139 1747 2176 bonus,qnoniam

964 2188 992 2215 in
1009 2193 1141 2215 aeternum
1161 2187 1349 2215 misericordia
1366 2187 1437 2222 ejus.

156 2231 202 2258 90.
216 2231 359 2267 Εὑλογεῖτε
377 2234 478 2266 πάντες
506 2235 530 2260 οἰ
559 2234 700 2270 σεϐόμενοι
723 2235 769 2262 τὸν
794 2235 908 2272 Κύριον,

1000 2234 1044 2262 90,
1065 2234 1220 2262 Benedicite
1244 2241 1339 2262 omnes
1371 2233 1491 2261 colentes
1523 2232 1680 2267 Dominum,
1697 2233 1748 2262 Do-

118 2277 225 2314 Κύριον
235 2278 281 2306 τὸν
296 2279 364 2305 Θεὸν
374 2279 428 2306 τῶν
440 2280 520 2312 θεῶν,
538 2280 660 2316 ὑμνεῖτε,
675 2281 722 2307 καὶ
739 2281 909 2317 ἐξομολογεῖ-

119 2324 180 2357 σθε,
195 2325 235 2351 ὄτι
250 2326 289 2357 εἰς
307 2325 411 2358 πάντας
422 2326 485 2357 τοὺς
498 2326 600 2358 αἰῶνας
612 2326 643 2352 τὺ
657 2326 730 2358 ἔλεος
747 2327 839 2354 αὑτοῦ.

155 2371 201 2398 9|.
224 2371 280 2398 Καὶ
292 2371 528 2408 Ναϐουχοδονόσορ
551 2372 668 2408 ἤκουσεν
693 2372 849 2407 ὑμνούντων
863 2373 911 2400 αὒ-

118 2416 186 2450 τῶν,
203 2417 251 2444 καὶ
273 2417 425 2452 ἐθαύμασε,
453 2418 500 2444 καὶ
528 2417 658 2453 ἐξανέστη
678 2417 707 2443 ὲν
722 2418 835 2453 σπουδῇ,
861 2419 910 2445 καὶ

120 2460 182 2489 εἰπε
199 2464 255 2495 τοῖς
274 2463 436 2498 μεγιστᾶσιν
454 2462 547 2489 αὑτοῦ·
561 2463 629 2498 Οὐχὶ
642 2462 742 2499 ἄνδρας
751 2464 826 2499 τρεῖς
846 2462 907 2490 ὲῦάὲ

119 2507 205 2542 λομεν
225 2509 265 2541 εἰς
284 2510 366 2544 μέσον
383 2510 430 2537 τοῦ
441 2510 528 2547 πυρὸς
545 2511 766 2546 πεπεδημένους;
784 2511 832 2538 καὶ
844 2512 911 2538 ἀπο-

120 2554 263 2590 κριθέντες
273 2555 382 2589 λέγουσι
395 2556 435 2591 τῷ
446 2556 567 2591 βασιλεῖ·
590 2557 721 2593 Ἀληθῶς,
734 2556 857 2592 βασιλεῦ.

159 2600 204 2628 92.
221 2601 276 2627 Καὶ
299 2601 459 2637 ἀποκριθεὶς
480 2599 557 2629 εἶπεν
573 2603 587 2628 ό
611 2602 737 2637 βασιλεύς
749 2611 756 2617 ·
772 2599 835 2629 Ὧδε
855 2602 910 2638 ἐγὼ

119 2646 177 2682 ὁρῶ
191 2646 291 2681 ἄνδρας
307 2647 444 2682 τέσσαρας
461 2647 626 2682 λελυμένους
649 2647 866 2684 περιπατοῦντας
881 2649 910 2674 ὲν

121 2693 200 2727 μέσῳ
209 2692 256 2719 τοῦ
268 2693 364 2728 πυρὸς,
381 2694 429 2721 καὶ
439 2693 572 2729 διαφθορὰ
584 2694 634 2720 οὐκ
651 2693 725 2720 ἐστιν
743 2694 845 2726 αὐτοῖς,
861 2695 909 2721 καὶ

119 2739 137 2774 ἡ
152 2739 247 2774 ὅρασις
258 2738 305 2766 τοῦ
316 2739 447 2774 τετάρτου
463 2740 543 2775 ὁμοία
558 2739 609 2774 υἰῷ
624 2738 702 2767 Θεοῦ,

154 2785 202 2812 93.
213 2784 282 2811 Τότε
296 2785 431 2820 προσῆλθε
442 2785 678 2821 Ναὸουχοδονόσορ
690 2784 758 2820 πρὸς
765 2784 814 2820 τὴν
823 2784 908 2820 θύραν

118 2830 170 2865 τῆς
183 2831 300 2865 καμίνου
322 2830 369 2857 τοῦ
393 2831 478 2866 πυρὸς
503 2830 554 2865 τῆς
577 2830 736 2866 καιομένης,
751 2831 799 2857 καὶ
813 2828 905 2856 εἶπεν⁸

119 2875 235 2912 Σεδρὰχ,
249 2876 360 2912 Min-ax,
383 2877 548 2912 ’Λϐδεναγὼ,
570 2877 594 2903 οἰ
615 2876 701 2903 δοῦλοι
712 2876 757 2903 τοῦ
777 2876 844 2902 Θεοῦ
861 2875 906 2903 τοῦ

962 2281 1038 2308 mino
1051 2279 1107 2307 Deo
1117 2280 1240 2312 deorum,
1255 2280 1373 2313 laudate,
1389 2284 1417 2308 et
1431 2280 1608 2313 conﬁtemini,
1617 2281 1747 2315 quoniam

962 2327 990 2355 in
1008 2327 1100 2354 omnia
1116 2327 1214 2354 szecula
1230 2327 1417 2354 misericordia
1430 2326 1501 2362 'cjus.

996 2373 1042 2401 9|.
1061 2371 1355 2401 EtNabuchodonosor
1370 2373 1474 2400 audivit
1485 2373 1626 2400 laudantes
1640 2371 1748 2403 illos,et

962 2418 1113 2453 obstupuit,
1127 2422 1154 2445 et
1168 2418 1289 2446 surrexit
1314 2426 1439 2453 propere,
1465 2422 1491 2446 ct
1514 2418 1552 2445 ait
1569 2417 1746 2452 optimatibus

962 2464 1145 2492 suis:Nonne
1166 2465 1240 2492 viros
1257 2469 1312 2492 tres
1331 2465 1457 2492 misimus
1479 2465 1505 2491 in
1532 2464 1651 2492 medium
1676 2465 1748 2499 ignis

962 2508 1151 2544 compeditos?
1168 2514 1195 2537 et
1223 2509 1420 2544 respondentes
1445 2509 1541 2537 dicunt
1568 2508 1625 2544 regi
1641 2517 1648 2536 :
1667 2509 1746 2542 Vcrc,

961 2563 1020 2582 rex.

995 2601 1040 2628 9'2.
1061 2600 1094 2628 Et
1110 2599 1279 2635 respondens
1297 2600 1366 2627 dixit
1380 2608 1446 2627 rex:
1477 2600 1527 2628 Hic
1545 2607 1596 2635 ego
1612 2600 1692 2627 video
1708 2600 1747 2627 vi-

961 2654 1008 2674 ros
1025 2651 1142 2681 quatuor
1160 2647 1266 2674 solutos
1280 2646 1452 2673 ambulantes
1465 2646 1492 2673 in
1512 2647 1602 2674 medio
1621 2646 1702 2682 ignis,
1720 2652 1746 2674 et

961 2693 1100 2726 corruptio
1114 2699 1168 2720 non
1181 2697 1223 2719 est
1247 2692 1273 2719 in
1288 2692 1339 2726 eis,
1366 2696 1392 2719 et
1414 2692 1518 2727 species
1541 2693 1632 2728 quarti
1648 2694 1746 2721 similis

961 2737 1017 2764 tilio
1034 2737 1092 2765 Dei.

995 2784 1040 2811 9‘5.
1061 2783 1139 2812 Tune
1161 2785 1279 2813 accessit
1307 2784 1560 2814 Nabuchodonosor
1583 2786 1616 2814 ad
1644 2787 1745 2814 ostium

960 2829 1080 2858 fornacis
1095 2830 1166 2866 ignis
1177 2832 1308 2865 ardentis,
1319 2835 1346 2859 et
1359 2832 1428 2859 dixit
1449 2841 1455 2859 :
1476 2832 1595 2860 Sedrach
1609 2852 1616 2864 ,
1632 2832 1744 2863 Misach,

961 2877 1117 2912 Abdcnago,
1132 2877 1202 2905 servi
1217 2878 1263 2906 Dei
1277 2878 1385 2912 excelsi,
1399 2879 1569 2912 egredimini,
1596 2883 1622 2906 ct
1645 2878 1741 2906 venite.
