1967 3079
230 160 263 188 28
267 160 299 189 59

765 161 894 190 DANIEL
910 160 1023 190 JUXTA
1043 159 1268 188 THEODOTION
1275 160 1318 188 ΕΜ

1786 158 1856 188 2860

229 217 262 246 Ει
274 226 402 254 egressus
417 225 458 249 εει
474 220 606 256 Sedrach,
624 222 737 255 Misach,
752 221 899 256 Abdenago
913 220 946 248 de
960 227 1016 248 me-

1077 219 1192 254 itjaicmu,
1211 219 1344 252 ὲξὲλθετε,
1360 219 1406 245 καὶ
1432 218 1525 246 δεύτε’
1543 218 1590 246 καὶ
1614 218 1710 253 ἐξῆλθε
1739 218 1856 255 Σεδρὰχ,

228 265 274 292 dio
291 265 371 301 ignis.

265 311 310 340 94.
331 311 364 339 Et
373 317 571 349 congregantur
587 318 713 349 satrapa,
731 314 860 347 etduces,
877 318 905 342 et
924 319 1018 350 topar-
1032 306 1039 313 ’

230 357 298 390 οίιω,
321 363 348 385 et
360 363 485 393 potentes
502 359 584 394 regis,
601 364 629 387 et
647 360 903 395 contemplabantur
931 360 1016 392 viros,

229 403 359 438 quoniam
374 404 442 431 nihil
457 405 601 439 potestatis
621 405 763 433 habuisset
780 406 850 441 ignis
862 406 888 432 in
904 413 1018 440 corpore

229 456 335 480 eorum.
351 453 378 477 et
396 450 510 485 capillus
527 451 624 486 capitis
637 458 730 478 eorum
745 458 799 478 non
807 456 880 479 esset
891 451 1016 485 adustus,

228 497 255 519 et
270 493 400 521 sarabara
416 502 510 522 eorum
526 502 579 523 non
597 495 714 524 fuissent
730 495 885 529 immutata,
903 500 931 524 et
950 496 1018 524 odor

229 537 300 572 ignis
312 547 366 566 non
378 544 451 567 esset
462 540 490 568 in
505 541 556 568 eis.

263 584 308 612 95.
330 584 363 612 Et
380 585 504 613 adoravit
518 587 545 614 in
564 592 710 623 conspectu
735 596 830 615 eorutn
851 596 896 616 rex
923 588 1016 616 Domi-

229 638 304 664 num,
317 635 344 658 et
357 633 497 666 respondit
513 633 775 668 Nabuchodonosor,
785 639 811 662 et
826 635 894 662 dixit
911 645 918 662 :
932 634 1017 662 Bene-

228 676 317 704 dictus
333 676 405 706 Deus
423 677 554 712 Sedrach,
572 679 686 713 Misach,
707 680 865 715 Abdenago,
881 680 928 716 qui
943 680 1017 708 misit

228 723 356 757 angelum
372 731 463 757 suum,
476 729 503 752 et
517 725 588 753 eruit
603 733 697 754 servos
715 733 790 758 suos,
805 727 869 761 quia
893 726 1016 754 credide-

228 772 293 795 runt
312 769 339 796 in
353 776 435 802 eum;
459 774 487 798 et
504 770 617 798 verbum
643 772 716 807 regis
747 771 971 804 immutaverunt,
989 775 1017 798 et

228 812 400 841 tradiderunt
412 822 526 850 corpora
542 824 592 844 sua
608 816 636 844 in
652 817 752 852 ignem,
767 824 802 844 ne
816 817 959 849 servirent,
969 823 1016 844 ne-

228 866 282 892 que
295 859 441 888 adorarent
452 867 561 890 omnem
577 862 669 894 deum,
688 866 784 897 praeter
798 861 884 889 Deum
903 869 996 890 suum.

263 949 309 978 96.
329 950 362 978 Et
377 959 427 987 ego
444 960 568 988 propono
583 953 722 981 decretum
735 974 742 985 ,
769 959 800 981 ut
830 953 920 981 omnis
933 961 1016 988 popu-

228 995 281 1027 lus.
298 996 395 1029 tribus.
407 998 509 1033 lingua.
525 1007 706 1034 quaecumque
721 1000 832 1034 loquula
848 999 929 1027 fuerit
943 1000 1017 1028 blas-

227 1039 363 1074 phemiam
379 1048 473 1070 contra
489 1042 573 1071 Deum
587 1043 717 1076 Sedrach,
730 1043 842 1076 lilisach,
857 1044 1015 1079 Abdenago,

227 1085 254 1111 in
269 1086 450 1120 perditionem
471 1093 562 1121 erunt,
577 1093 605 1116 et
619 1090 717 1118 domus
735 1097 830 1117 eorum
843 1089 870 1116 in
890 1089 1017 1124 direptio-

228 1138 288 1158 nem
305 1138 405 1160 erunt:
424 1138 567 1169 propterea
580 1135 653 1171 quod
666 1144 720 1164 non
735 1140 777 1164 cst
794 1135 866 1165 Deus
878 1137 1016 1172 alius,qui

227 1177 314 1211 possit
325 1178 432 1207 salvare
444 1187 492 1208 eos
505 1180 554 1208 ita.

263 1222 307 1249 97.
329 1222 407 1252 Tunc
418 1232 466 1252 rex
487 1227 622 1260 promovit
637 1226 769 1259 Sedraclt,
786 1227 899 1261 Misach,
925 1228 1016 1256 Abde-

229 1275 298 1304 nago
312 1268 340 1296 itt
356 1270 465 1305 regione
481 1270 639 1307 Babylonis,
655 1277 682 1300 et
696 1273 772 1300 auxit
795 1281 853 1305 eos,
876 1278 903 1300 et
920 1274 1016 1309 dignos

230 1314 326 1342 habuit
342 1315 430 1350 ipsos,
453 1317 500 1352 qui
520 1324 668 1352 praeessent
684 1320 813 1348 omnibus
840 1319 953 1354 Iudaeis,
969 1321 1016 1357 qui

227 1364 306 1387 erant
319 1360 346 1388 in
361 1369 446 1396 regno
459 1370 521 1390 suo.

264 1411 308 1438 98.
330 1411 584 1441 Nabuchodonosor
596 1422 643 1442 rex
661 1415 792 1444 omnibus
818 1417 936 1451 populis,
966 1417 1016 1444 tri-

229 1457 335 1490 bubus.
360 1458 472 1494 linguis,
503 1459 690 1489 habitantibus
713 1461 740 1489 in
767 1462 894 1490 universa
926 1468 1015 1491 terra:

228 1511 279 1537 pax
293 1503 370 1532 vobis
385 1505 590 1540 multiplicetur.

263 1549 307 1577 99.
330 1549 424 1585 Signa,
443 1556 471 1579 et
498 1556 615 1585 ostenta,
645 1560 706 1588 quae
731 1553 794 1581 fecit
824 1562 930 1581 mecum
945 1554 1016 1583 Deus

227 1596 370 1630 excelsus,
400 1598 503 1632 placuit
528 1599 554 1626 in
585 1603 732 1634 conspectu
758 1607 819 1628 meo
852 1586 1052 1629 annuntiarec

227 1643 316 1675 vobis,
328 1652 410 1679 quam
427 1653 534 1681 magna,
551 1651 577 1673 et
594 1645 685 1673 fortia.

263 1690 324 1717 100.
346 1689 469 1725 Regnum
486 1691 546 1726 ejus
559 1699 674 1726 regnum
691 1692 897 1728 sempiternum,
917 1698 944 1721 et
968 1701 1017 1729 po-

229 1740 313 1764 testas
328 1736 388 1771 cjus
405 1736 431 1763 in
447 1737 649 1772 generationem
665 1742 692 1765 et
711 1738 925 1773 generationem.

528 1793 643 1822 CAPUT
670 1794 716 1823 IV.

265 1839 291 1866 Ι.
311 1838 367 1874 Ego
378 1837 634 1868 Nabuchodonosor
650 1841 793 1869 abundans
806 1850 882 1870 eram
898 1843 924 1870 in
936 1843 1017 1870 domo

229 1893 299 1918 mea,
315 1890 341 1912 et
355 1885 456 1913 ﬂorens
472 1886 499 1913 in
518 1886 618 1914 throno
636 1894 697 1915 meo
712 1893 738 1915 et
753 1888 861 1925 pinguis
876 1889 902 1916 in
917 1889 1017 1925 populo

229 1939 253 1958 Ill
257 1939 300 1958 (ΞΟ.

263 1978 290 2004 ‘2.
312 1977 454 2006 Somnium
471 1979 535 2012 vidi,
549 1984 575 2007 et
588 1980 734 2015 perterruit
753 1989 809 2014 me,
837 1986 864 2009 et
890 1982 1016 2010 turbatus

227 2032 286 2051 sum
299 2024 325 2051 in
340 2024 422 2052 cubili
433 2033 505 2059 meo,
520 2029 548 2052 et
567 2025 685 2054 visiones
711 2026 808 2062 capitis
829 2026 881 2054 mei
904 2032 1016 2055 contur-

228 2071 361 2098 havcrunt
371 2078 426 2098 me.

262 2117 288 2144 5.
311 2116 344 2144 Ει
357 2125 373 2144 a
387 2125 430 2145 me
445 2118 614 2153 propositum
632 2122 674 2146 est
691 2118 842 2152 decretum,
855 2123 884 2146 ut
896 2119 1017 2147 introdu-

227 2166 354 2188 cerentur
366 2161 393 2189 in
410 2167 558 2197 conspectu
579 2171 638 2190 meo
658 2171 754 2191 omnes
769 2164 907 2199 sapientes
927 2164 1016 2200 Baby-

227 2208 308 2240 lonis,
324 2212 353 2235 ut
364 2208 615 2243 interpretationem
634 2210 734 2237 somnii
748 2210 900 2238 indicarent
912 2211 998 2239 mihi.‘
1012 2234 1016 2243 ,

262 2253 288 2280 τί.
323 2253 357 2280 Et
387 2254 610 2290 ingrediebantur
634 2255 724 2288 arioli,
754 2256 837 2291 magi,
872 2256 1010 2291 gazareni,

227 2299 355 2332 Chaldaei,
373 2304 400 2328 et
411 2300 548 2328 somnium
565 2300 621 2328 dixi
635 2308 685 2336 ego
700 2301 727 2327 in
748 2306 894 2336 conspectu
908 2309 1014 2334 eorum,
1029 2291 1053 2320 ο

227 2349 254 2372 et
267 2345 520 2380 interpretationem
533 2346 593 2381 ejus
608 2353 660 2372 non
676 2345 832 2373 indicarunt
848 2346 926 2374 mihi.

314 2390 403 2418 Donec
416 2391 487 2419 alius
504 2391 645 2427 ingressus
661 2396 703 2419 cst
725 2392 752 2419 in
777 2397 923 2427 conspectu
943 2399 1014 2424 meo,

228 2437 332 2469 Daniel,
348 2437 428 2472 cujus
442 2444 540 2465 nomen
555 2437 680 2465 Baltasar
694 2437 844 2466 secundum
862 2446 959 2465 nomen
970 2438 1016 2464 Dei

228 2483 290 2515 inci,
307 2483 353 2518 qui
366 2483 498 2518 Spiritum
513 2482 560 2510 Dei
572 2487 697 2510 sanetum
715 2483 796 2511 habet
811 2484 836 2510 in
854 2484 1015 2518 semetipso;

226 2534 254 2556 et
266 2529 401 2556 somnium
415 2536 507 2556 coram
518 2537 551 2556 eo
561 2528 628 2557 dixi.

262 2574 289 2601 6.
310 2574 435 2602 Baltasar
472 2575 598 2610 princeps
631 2575 802 2608 ariolorutn,
831 2583 912 2610 quem
941 2574 1014 2608 novi,

227 2621 301 2655 quod
319 2621 438 2656 Spiritus
454 2622 501 2649 Dei
518 2627 631 2650 sanctus
646 2623 681 2649 sit
695 2622 724 2649 in
741 2627 775 2653 te,
794 2626 821 2649 et
837 2629 917 2649 otnne
926 2629 1017 2649 sacra-

229 2672 349 2694 mentum
366 2675 419 2695 non
435 2673 478 2695 est
505 2668 675 2703 impossibile
689 2668 736 2695 tibi
755 2677 762 2701 ;
793 2667 855 2694 audi
883 2667 1016 2694 visionem

228 2713 339 2744 somnii.
364 2714 436 2747 quod
466 2714 530 2746 vidi,
559 2719 586 2741 et
619 2714 871 2748 interpretationem
892 2713 952 2748 ejus
972 2714 1016 2741 dic

228 2758 306 2786 mihi.

265 2805 291 2832 7.
313 2804 345 2832 Et
360 2805 480 2832 visiones
496 2806 594 2841 capitis
608 2806 661 2834 mei
675 2807 702 2834 in
713 2806 796 2835 cubili
810 2814 870 2835 meo
881 2806 1015 2839 videbant,

228 2857 257 2879 et
267 2859 330 2879 ecce
344 2852 424 2879 arbor
447 2860 501 2879 una
523 2853 550 2880 in
574 2854 663 2881 medio
683 2857 771 2887 term,
787 2858 813 2882 et
831 2853 943 2881 altitudo
957 2853 1016 2888 ejus

231 2898 327 2925 multa.

1067 265 1172 300 Μισὰχ,
1194 264 1348 299 Ἀϐδεναγώ
1364 265 1396 292 ὲκ
1412 265 1495 300 μέσου
1509 264 1557 291 τοῦ
1574 265 1669 300 πυρός,

1102 310 1146 337 94.
1165 311 1221 337 Καὶ
1245 311 1406 345 συνάγονται
1430 311 1454 337 οί
1469 310 1618 345 σατράπαι,
1636 309 1684 336 καὶ
1698 310 1723 336 οἱ
1736 318 1856 345 στρατη-

1067 357 1120 390 γοὶ,
1137 357 1185 383 καὶ
1198 357 1223 384 oi
1238 357 1385 392 τοπάρχαι.
1400 357 1448 383 καὶ
1462 357 1486 384 oi
1503 356 1632 383 δυνάσται
1652 356 1699 382 τοῦ
1711 355 1855 390 βασιλέως,

1067 403 1116 429 καὶ
1128 402 1264 438 ὲθεώρουν
1278 403 1341 434 τοὺς
1352 402 1461 438 ἄνδρας,
1478 403 1520 429 ὅτι
1535 403 1585 429 οὐκ
1600 402 1743 438 ἐκυρίευσε
1758 402 1790 428 τὸ
1802 401 1857 438 πῦρ

1066 446 1114 473 τοῦ
1135 447 1261 483 σώματος
1281 446 1382 478 αὐτῶν,
1398 447 1446 474 καὶ
1459 448 1476 482 ἡ
1492 447 1553 482 θρὶξ
1565 447 1615 482 τῆς
1629 447 1750 482 κεφαλῆς
1765 447 1856 474 αὐτῶν

1067 493 1117 520 οὐκ
1131 493 1291 529 ὲφλογίσθη.
1305 494 1354 520 καὶ
1363 492 1397 520 τὰ
1410 493 1556 529 σαράϐαρα
1571 492 1660 520 αὐτῶν
1676 493 1727 520 οὐκ
1743 492 1858 528 ἠλλοιώ-

1068 539 1113 574 θη,
1127 539 1175 566 καὶ
1189 539 1262 575 ὀσμὴ
1276 539 1362 575 πυρὸς
1377 539 1427 566 οὐκ
1441 537 1476 574 ἦν
1486 540 1516 566 ὲν
1529 539 1632 571 αὐτοῖς.

1102 585 1146 613 95.
1168 586 1223 614 Καὶ
1235 585 1439 621 προσεκύνησεν
1454 584 1570 613 ἐνώπιον
1596 585 1686 612 αὐτῶν
1701 586 1716 612 ὁ
1731 584 1858 620 βασιλεὺς

1065 631 1105 666 τῷ
1135 631 1250 667 Κυρίῳ·
1281 631 1330 658 καὶ
1359 631 1497 667 ἀπεκρίθη
1525 631 1760 667 Ναϐουχοδονόσορ
1775 652 1782 664 ,
1810 631 1858 658 καὶ

1066 675 1153 704 εἶπενο
1169 677 1322 712 Εὐλογητὸς
1333 678 1348 704 ὁ
1361 677 1428 710 Θεὸς
1440 676 1488 704 τοῦ
1506 677 1620 713 Σεδρὰχ,
1637 677 1740 712 Μισὰχ,
1765 677 1857 704 ’Δὸδε‹

1067 722 1151 757 ναγὼ,
1166 722 1196 754 ὃς
1211 723 1355 750 ἀπέστειλε
1377 723 1422 750 τὸν
1434 723 1550 757 ἄγγελον
1571 723 1665 755 αὑτοῦ,
1679 724 1727 750 καὶ
1739 723 1858 755 ἐξείλετο

1066 768 1129 800 τοὺς
1147 769 1245 801 παῖδας
1256 769 1350 802 αὐτοῦ,
1370 769 1412 796 ὅτι
1432 769 1623 796 ὲπεποίθεισαν
1646 769 1690 795 ἐπ’
1703 769 1792 804 αὐτῷ·
1811 769 1858 795 καὶ

1065 815 1096 842 τὸ
1109 815 1186 851 ῥῆμα
1200 815 1247 842 τοῦ
1264 815 1395 850 βασιλέως
1405 815 1567 852 ήλλοίωσαν,
1584 816 1632 843 καὶ
1646 815 1808 851 παρέδωκαν
1824 815 1859 842 τὰ

1067 860 1183 896 σώματα
1194 861 1284 889 αὐτῶν
1299 862 1339 894 είς
1353 861 1419 897 πῦρ,
1440 862 1515 894 ὅπως
1531 861 1569 898 μὴ
1591 862 1772 896 λατρεύσωσι,
1790 861 1859 896 μηδὲ

1033 909 1055 938 Β
1069 907 1280 943 προσκυνήσωσι
1291 908 1374 935 παντὶ
1388 907 1452 943 θεῷ,
1471 907 1529 934 ἀλλ’
1543 907 1560 943 ἦ
1574 907 1613 943 τῷ
1628 907 1688 943 Θεῷ
1701 906 1804 934 αὐτῶν.

1102 953 1146 982 96.
1163 954 1218 980 Καὶ
1234 953 1289 988 ἐγὼ
1305 954 1447 990 ὲκτίθεμαι
1474 954 1579 988 δόγμα,
1605 954 1680 986 ὅπως
1703 954 1758 985 πᾶς
1783 953 1859 986 λαὸς,

1066 999 1146 1035 φυλὴ,
1159 999 1280 1034 γλῶσσα,
1295 999 1312 1035 ἥ
1322 999 1371 1027 ἐὰν
1387 999 1453 1036 εἴπῃ
1462 1000 1636 1035 βλασφημίαν
1651 999 1723 1027 κατὰ
1732 999 1780 1026 τοῦ
1790 998 1859 1025 Θεοῦ

1066 1044 1181 1080 Σεδρὰχ,
1199 1044 1301 1079 Μισὰχ,
1323 1044 1488 1078 Ἀϐδεναγὼ,
1513 1045 1553 1076 είς
1567 1043 1705 1070 ἀπώλειαν
1730 1043 1858 1075 ἔσονται,

1066 1089 1114 1117 καὶ
1131 1090 1156 1116 οί
1176 1087 1247 1116 οἶκοι
1264 1089 1354 1117 αὐτῶν
1379 1090 1420 1122 είς
1435 1089 1589 1125 διαρπαγὴν
1612 1089 1720 1116 ἔσονται
1734 1096 1742 1104 ”
1761 1088 1859 1116 καθότι

1066 1135 1116 1162 οὐκ
1146 1135 1204 1162 ἐστι
1233 1135 1300 1167 Θεὸς
1323 1135 1426 1172 ἕτερος,
1449 1136 1523 1171 ὅστις
1548 1135 1692 1171 δυνήσεται
1723 1133 1858 1170 ῥύσασθαι

1067 1181 1165 1214 αὐτοὺς
1181 1181 1277 1214 οὕτως.

1102 1238 1146 1265 97.
1159 1238 1226 1265 Τότε
1239 1239 1253 1266 ό
1267 1238 1394 1271 βασιλεὺς
1409 1239 1557 1266 κατεύθυνε
1571 1237 1616 1275 τὴν
1627 1235 1739 1272 Σεδρὰχ,
1751 1236 1859 1271 Μισὰχ,

1073 1282 1235 1317 Ἀὃδεναγὼ,
1255 1283 1283 1310 ὲν
1293 1285 1327 1319 τῇ
1341 1283 1418 1319 χώρᾳ
1433 1282 1602 1316 Βαὸυλῶνος,
1614 1283 1663 1309 καὶ
1677 1281 1798 1318 ηὔξησεν
1808 1282 1860 1309 αδ·

1065 1329 1140 1360 τοὺς,
1152 1329 1199 1355 καὶ
1211 1328 1327 1363 ἠξίωσεν
1342 1328 1441 1360 αὐτοὺς
1459 1327 1584 1363 ἡγεῖσθαι
1599 1329 1708 1354 πάντων
1721 1327 1776 1354 τῶν
1792 1327 1858 1354 Ἰουο

1066 1374 1159 1406 δαίων,
1175 1373 1229 1400 τῶν
1244 1374 1328 1401 ὄντων
1346 1375 1374 1401 ἐν
1393 1375 1426 1410 τῇ
1440 1373 1564 1410 βασιλείᾳ
1575 1373 1667 1400 αὐτοῦ.

1101 1419 1146 1447 98.
1161 1419 1398 1456 Ναϐουχοδονόσορ
1423 1421 1437 1446 ὁ
1454 1419 1581 1454 βασιλεὺς
1596 1421 1663 1446 πᾶσι
1687 1420 1743 1451 τοῖς
1771 1419 1858 1451 λαοῖς,

1067 1466 1173 1501 φυλαῖς,
1191 1466 1338 1500 γλώσσαις,
1355 1468 1411 1499 τοῖς
1427 1466 1548 1493 οἰκοῦσιν
1565 1467 1593 1493 ὲν
1610 1465 1684 1501 πάσῃ
1701 1466 1735 1501 τῇ
1756 1465 1804 1500 γῇ,
1821 1465 1862 1492 εί-

1067 1513 1135 1549 ρήνη
1152 1513 1215 1548 ὑμῖν
1226 1513 1403 1548 πληθυνθείη.

1104 1558 1147 1586 99.
1172 1559 1212 1585 Τὰ
1238 1559 1349 1594 σημεῖα,
1367 1559 1415 1586 καὶ
1433 1559 1467 1585 τὰ
1482 1560 1595 1594 τέρατα,
1615 1557 1632 1585 ἃ.
1659 1557 1773 1592 ἐποίησε
1801 1557 1860 1592 μετ’

1069 1604 1136 1639 ἐμοῦ
1150 1605 1163 1631 ὁ
1176 1604 1241 1636 Θεὸς
1256 1605 1270 1630 ὁ
1292 1604 1420 1639 ὕψιστος,
1441 1605 1539 1640 ἤρεσεν
1564 1604 1686 1630 ἐναντίον
1702 1611 1753 1638 μου
1775 1603 1860 1636 ἀναγ-

1067 1650 1156 1684 γεῖλαι
1174 1650 1249 1685 ύμῖν,
1265 1649 1304 1682 ὡς
1316 1650 1433 1686 μεγάλη,
1448 1650 1497 1676 καὶ
1513 1650 1622 1685 ίσχυρά.

1105 1694 1165 1722 100.
1186 1695 1218 1721 'H
1234 1694 1356 1730 βασιλεία
1375 1695 1458 1722 αὑτοῦ
1474 1694 1598 1729 βασιλεία
1623 1694 1730 1725 αἰώνιος
1745 1713 1752 1726 ,
1770 1694 1819 1721 καὶ
1842 1694 1859 1730 ὴ

1068 1740 1176 1773 ἐξουσία
1191 1740 1272 1768 αὑτοῦ
1286 1742 1325 1774 είς
1339 1742 1436 1776 γενεὰν
1452 1743 1499 1769 καὶ¹
1515 1742 1621 1776 γενεάν.

1334 1799 1533 1826 ΚΕΦΛΛΑΙΟΝ
1553 1800 1590 1828 Δ’,

1103 1844 1129 1871 1.
1147 1843 1219 1876 Ἐγὼ
1232 1843 1467 1879 Ναϐουχοδονόσορ
1481 1843 1602 1878 εὐθηνῶν
1615 1844 1689 1880 ήμην
1700 1844 1728 1871 ἐν
1740 1844 1779 1880 τῷ
1793 1845 1860 1880 οίκῳ

1070 1898 1132 1924 μου,
1148 1889 1196 1915 καὶ
1216 1889 1336 1915 εύθαλῶν
1351 1889 1397 1915 ἐπὶ
1413 1888 1459 1916 τοῦ
1481 1889 1574 1926 θρόνου
1592 1898 1642 1925 μου
1660 1892 1694 1925 χ
1719 1891 1766 1917 καὶ
1789 1891 1860 1917 πίων

1068 1936 1102 1970 χ
1119 1935 1147 1962 ἐν
1163 1934 1202 1971 τῷ
1214 1935 1272 1970 λαῷ
1288 1944 1348 1970 μου.

1102 1981 1130 2008 2.
1153 1981 1294 2008 Ἐνύπνιον
1311 1980 1389 2015 εἶδον,
1408 1982 1454 2008 καὶ
1470 1981 1614 2017 ὲφοϐἐρισέ
1631 1990 1664 2017 με
1687 1982 1736 2008 καὶ
1759 1982 1860 2017 ἐταρά-

1067 2025 1134 2062 χθην
1148 2026 1195 2052 ἐπὶ
1212 2025 1262 2059 τῆς
1284 2025 1378 2061 κοίτης
1404 2034 1465 2061 μου,
1481 2026 1529 2052 καὶ
1543 2026 1572 2052 αί
1585 2025 1694 2061 ὁράσεις
1708 2025 1760 2060 τῆς
1773 2033 1861 2058 κεφα-

1067 2071 1116 2107 λῆς
1134 2080 1185 2107 μου
1201 2071 1385 2107 συνετάραξάν
1404 2080 1448 2107 με.

1102 2118 1129 2146 5.
1144 2119 1199 2146 Καὶ
1213 2119 1278 2154 παρ’
1291 2117 1359 2152 ἐμοῦ
1375 2117 1485 2153 ἐξετέθη
1502 2117 1600 2152 δόγμα,
1625 2117 1673 2143 τοῦ
1698 2116 1860 2150 εἰσαγαγεῖν

1067 2165 1182 2193 ἐνώπιόν
1198 2174 1250 2201 μου
1272 2165 1376 2197 πάντας
1390 2166 1452 2197 τοὺς
1472 2165 1571 2199 σοφοὺς
1597 2163 1768 2195 Βαϐυλῶνος,
1785 2163 1859 2193 ὅπως

1067 2211 1116 2247 τὴν
1130 2211 1274 2247 σύγκρισιν
1289 2211 1336 2238 τοῦ
1352 2211 1478 2238 ἐνυπνίου
1494 2209 1649 2244 γνωρίσωσί
1666 2218 1722 2243 μοι.

1100 2257 1127 2283 4.
1145 2257 1199 2282 Καὶ
1210 2256 1417 2291 εἰσεπορεύοντο
1434 2256 1458 2282 οἰ
1471 2255 1602 2286 ὲπαοιδοὶ,
1622 2255 1714 2290 μάγοι,
1730 2253 1856 2289 γαζαρη-

1067 2302 1118 2332 νοὶ,
1135 2301 1264 2329 Χαλδαῖοι
1276 2321 1284 2334 ,
1306 2302 1354 2329 καὶ
1370 2301 1400 2328 τὸ
1424 2300 1550 2328 ἐνύπνιον
1564 2298 1641 2327 εἷπον
1667 2299 1722 2334 ἐγὼ
1740 2299 1857 2326 ἐνώπιον

1067 2348 1166 2380 αὐτῶν,
1182 2348 1229 2374 καὶ
1247 2347 1297 2383 τὴν
1315 2347 1458 2384 σύγκρισιν
1473 2347 1554 2374 αὑτοῦ
1569 2348 1619 2374 οὐκ
1632 2346 1786 2382 ἐγνώρισαν
1799 2354 1854 2381 μοι.

1102 2392 1128 2420 5.
1148 2391 1222 2423 Ἕως
1238 2387 1268 2418 οὗ
1279 2392 1372 2427 ἕτερος
1386 2391 1512 2426 εἰσῆλθεν
1527 2390 1642 2418 ἐνώπιόν
1664 2400 1725 2427 μου,
1744 2391 1854 2425 Δανιὴλ,

1067 2434 1097 2465 οὗ
1108 2438 1138 2465 τὸ
1150 2438 1237 2474 δνομα
1250 2438 1393 2474 Βαλτάσαρ
1403 2438 1475 2465 κατὰ
1490 2438 1521 2464 τὺ
1532 2437 1617 2472 ὄνομα
1634 2437 1680 2464 τοῦ
1702 2437 1769 2463 Θεοῦ
1792 2445 1854 2472 μου,

1066 2485 1095 2517 ὃς
1108 2484 1218 2520 Πνεῦμα
1234 2483 1301 2511 Θεοῦ
1315 2483 1392 2518 ἆγιον
1411 2484 1467 2519 ἔχει
1488 2485 1516 2510 ὲν
1542 2483 1648 2519 ἐαυτῷ·
1670 2483 1719 2510 καὶ
1732 2483 1855 2509 ἐνύπνιον

1067 2529 1181 2557 ἐνώπιον
1197 2529 1279 2557 αὑτοῦ
1291 2527 1377 2556 εἶπον.

1103 2576 1128 2603 6.
1146 2576 1289 2612 Βαλτάσαρ
1301 2576 1315 2602 ό
1334 2577 1426 2611 ἄρχων
1441 2575 1495 2603 τῶν
1506 2575 1650 2609 ὲπαοιδῶν,
1665 2575 1694 2602 ὃν
1712 2575 1799 2609 ἔγνων
1815 2575 1855 2601 ὅτι

1067 2621 1180 2657 Πνεῦμα
1204 2621 1272 2649 Θεοῦ
1289 2622 1367 2656 ἅγιον
1387 2623 1416 2648 ἐν
1434 2622 1484 2653 σοὶ,
1501 2622 1549 2648 καὶ
1572 2622 1624 2648 πᾶν
1642 2621 1794 2657 μυστήριον
1808 2620 1855 2647 οὐκ

1068 2668 1195 2695 ἀδυνατεῖ
1218 2677 1270 2701 σοι,
1286 2668 1402 2695 ἄκουσον
1419 2668 1468 2703 τὴν
1485 2668 1579 2703 ὅρασιν
1602 2667 1649 2694 τοῦ
1677 2667 1807 2694 ἐνυπνίου
1826 2663 1855 2693 οὗ

1068 2711 1147 2746 εἶδον,
1164 2714 1212 2740 καὶ
1225 2713 1274 2749 τὴν
1292 2713 1436 2748 σύγκρισιν
1452 2712 1534 2740 αὑτοῦ
1551 2712 1610 2740 είπέ
1628 2721 1682 2748 μοι.

1103 2804 1130 2831 7.
1152 2803 1209 2830 Καὶ
1221 2803 1270 2835 τὰς
1283 2802 1393 2839 ὁράσεις
1405 2802 1455 2836 τῆς
1468 2801 1590 2836 κεφαλῆς
1611 2809 1660 2836 μου
1674 2800 1721 2827 ἐπὶ
1737 2801 1788 2835 τῆς
1799 2799 1855 2826 κοί-

1068 2858 1117 2883 της
1134 2858 1184 2884 μου
1201 2848 1344 2883 ἐθεώρουν,
1362 2848 1408 2874 καὶ
1424 2847 1477 2873 ίδοὺ
1491 2847 1597 2882 δένδρον
1611 2846 1639 2872 ἒν
1664 2845 1692 2872 ἐν
1716 2844 1792 2880 μέσῳ
1808 2843 1856 2878 τῆς

1069 2897 1129 2932 γῆς,
1144 2896 1190 2923 καὶ
1202 2896 1231 2922 τὸ
1243 2895 1308 2930 ὕψος
1324 2895 1404 2922 αὐτοῦ
1419 2894 1495 2921 πολύ.
