1967 3079
157 156 227 187 2861

872 151 988 181 CAPUT
1008 151 1053 182 IV.

1709 153 1782 181 2863

192 215 222 242 8.
242 211 430 248 Ἑμεγαλύνθη
447 210 479 238 τὸ
501 210 618 246 δένδρον,
644 210 692 237 καὶ
721 208 824 244 ἴσχυσε,
842 208 891 234 καὶ
916 208 947 234 τδ

1035 209 1063 237 8.
1083 208 1117 236 Et
1134 209 1306 244 magniﬁcam
1318 212 1360 237 est
1377 208 1469 241 arbor,
1487 212 1515 235 et
1530 207 1653 240 invaluit,
1679 213 1706 236 et
1719 209 1782 236 alli-

158 260 226 296 ὖψος
246 258 328 286 αὐτοῦ
346 258 464 293 ἔφθασεν
477 258 530 289 ἕως
541 257 588 284 τοῦ
605 254 730 292 οὐρανοῦ,
755 255 802 282 καὶ
818 254 849 281 τὺ
865 253 946 285 κῦτος

157 305 243 333 αὐτοῦ
261 305 300 336 εἰς
316 304 350 330 τὰ
366 303 472 339 πέρατα
485 304 575 338 πάσης
589 303 639 338 τῆς
653 302 715 336 γῆς.

195 350 223 378 9.
241 349 283 376 Τὰ
299 349 385 384 φύλλα
409 347 492 375 αὑτοῦ
505 347 592 383 ὡραῖα
605 368 612 381 ,
641 347 688 374 καὶ
705 346 719 372 ὁ
735 345 839 381 καρπὸς
865 342 947 370 αὐτοῦ

158 396 254 427 πολὺς,
269 395 315 421 καὶ
325 394 411 430 τροφὴ
425 394 534 420 πάντων
548 394 577 420 ἐν
596 392 680 428 αὐτῷ.
699 393 746 418 καὶ
762 390 889 418 ὑποκάτω
900 389 948 416 αὐ-

157 441 207 468 τοῦ
217 441 402 475 κατεσκήνουν
411 440 445 466 τὰ
459 439 539 475 θηρία
554 438 588 465 τὰ
600 439 694 473 ἄγρια,
712 437 759 463 καὶ
775 437 803 462 ὲν
817 437 873 466 τοῖς
884 434 949 461 κλά-

159 488 216 519 δοις
232 486 316 513 αὑτοῦ
329 485 448 520 κατῴκει
466 485 500 512 τὰ
512 484 593 520 ὄρνεα
609 484 657 511 τοῦ
673 482 801 519 οὐρανοῦ·
821 481 851 514 ἐξ
866 478 948 508 αὑτοῦ

161 534 294 570 ἐτρέφετο
307 533 381 559 πᾶσα
397 531 476 566 σάρξ.

198 579 242 607 10.
266 577 415 613 Ἐθεώρουν
443 578 472 603 ὲν
498 576 618 611 ὁράματι
646 576 696 610 τῆς
715 574 811 605 νυκτὸς
834 573 880 599 sui.
902 573 951 606 τῆς

161 625 258 660 κοίτης
276 633 336 659 μου,
367 623 414 650 καὶ
442 622 496 649 ἰδοὺ
513 622 563 658 Εἲρ
578 641 584 654 ,
600 622 648 648 καὶ
662 620 738 655 ἅγιος
763 619 817 646 ἀπὸ
835 617 950 654 οὐρανοῦ

162 670 278 705 κατέὅη.

197 716 242 742 il.
258 716 314 742 Καὶ
327 714 465 750 ἐφώνησεν
476 714 505 740 ἐν
524 713 604 749 ἰσχύϊ,
612 713 659 740 καὶ
675 711 760 744 οὕτως
774 709 849 738 εἶπεν
859 719 866 726 ·
891 709 953 736 Ἐκ-

160 762 266 797 κόψατε
275 761 305 788 τὺ
320 761 436 797 δένδρον,
453 761 500 787 καὶ
515 759 640 786 ὲκτίλατε
651 759 715 789 τοὺς
731 757 845 788 κλάδους
858 755 951 788 αὑτοῦ,

162 809 211 836 καὶ
230 807 386 840 ἐκτινάξατε
399 807 433 834 τὰ
447 806 534 841 φύλλα
551 804 633 832 αὑτοῦ
644 826 651 838 ,
673 805 721 831 καὶ
744 801 953 838 διασκορπίσατε

162 853 211 881 τὸν
227 853 335 889 καρπδν
348 852 431 880 αὐτοῦ
442 860 450 868 η
465 850 622 886 σαλευθήτω
634 851 668 876 τὰ
679 849 762 885 θηρία
778 846 954 875 ὑποκάτωθεν

164 899 259 932 αὐτοῦ,
275 900 322 926 καὶ
335 899 370 925 τὰ
389 897 469 934 ὄρνεα
479 897 533 924 ἀπὸ
544 897 597 924 τῶν
611 896 714 923 κλάδων
725 894 819 922 αὐτοῦ.

199 946 244 973 η.
259 945 333 980 Πλὴν
347 944 396 980 τὴν
409 944 480 979 φυὴν
489 943 543 969 τῶν
556 941 639 977 ῥιζῶν
654 940 737 968 αὑτοῦ
755 942 784 967 ὲν
804 941 838 975 τῇ
853 940 888 975 γῇ
907 939 954 967 ἑά-

164 999 242 1025 σατε,
261 991 309 1018 καὶ
331 991 360 1017 ὲν
376 988 469 1025 δεσμῷ
490 987 602 1022 σιδηρῷ,
626 988 673 1013 καὶ
690 985 793 1021 χαλκῷ,
813 986 861 1011 καὶ
871 985 900 1011 ὲν
921 985 954 1020 τῇ

164 1037 234 1073 χλόῃ
250 1038 283 1071 τῇ
298 1035 361 1068 ἔξω,
376 1035 424 1061 καὶ
439 1035 467 1061 ὲν
482 1035 514 1069 τῇ
528 1033 616 1069 δρόσῳ
628 1031 674 1059 τοῦ
688 1031 804 1067 οὐρανοῦ
828 1028 957 1064 αὐλισθῆ-

165 1091 243 1109 σεται
256 1103 263 1115 ,
282 1082 329 1108 καὶ
344 1081 412 1116 μετὰ
426 1080 481 1107 τῶν
503 1079 604 1115 θηρίων
621 1079 638 1114 ἡ
664 1077 741 1113 μερὶς
765 1075 848 1103 αἱ)τοῦ
866 1076 894 1102 ὲν
917 1073 956 1110 τῷ

163 1127 256 1163 χόρτῳ
271 1127 321 1161 τῆς
336 1126 397 1160 γῆς.

202 1174 248 1201 15.
269 1173 301 1199 Ἠ
317 1171 415 1208 καρδία
428 1170 511 1198 αὑτοῦ
530 1170 584 1198 ἀπὸ
600 1169 656 1196 τῶν
679 1167 832 1204 ἀνθρώπων
845 1166 958 1194 ἀλλοιω-

166 1219 299 1255 θήσεται,
323 1219 369 1245 καὶ
391 1217 489 1252 καρδία
511 1216 606 1252 θηρίου
630 1214 773 1250 δοθήσεται
794 1212 886 1248 αὐτῷ,
910 1212 958 1239 καὶ

166 1264 237 1291 ἑπτὰ
255 1265 346 1300 καιροὶ
363 1263 561 1298 ἀλλαγήσονται
578 1262 622 1288 ἐπ’
640 1261 736 1296 αὑτήν.

203 1310 247 1338 14.
265 1311 315 1337 Διὰ
329 1309 514 1344 συγκρίματος
536 1307 597 1342 Εἳρ,
611 1308 625 1333 6
639 1307 727 1341 λόγος,
737 1306 786 1333 καὶ
798 1304 958 1340 ρῆμαᾶγιον

165 1355 198 1382 τὸ
213 1354 400 1391 ἐπερώτημα,
427 1354 470 1380 ἵνα
489 1352 589 1388 γνῶσιν
614 1352 639 1378 οἱ
662 1351 773 1383 ζῶντες,
802 1350 843 1376 ὅτι
859 1348 960 1384 Κύριός

166 1402 242 1427 ἐστιν
256 1401 270 1427 6
286 1400 416 1435 ”Υψιστος
431 1399 480 1434 τῆς
498 1398 635 1434 βασιλείας
650 1397 704 1424 τῶν
726 1395 887 1432 ἀνθρώπων,
912 1395 959 1421 καὶ

165 1443 189 1481 ᾧ
208 1446 241 1474 ἂν
251 1446 326 1482 δόξῃ,
344 1445 425 1473 δώσει
441 1445 535 1481 αὐτὴν,
554 1445 601 1471 καὶ
618 1443 744 1478 ὲξουθένη
750 1451 788 1478 μα
809 1441 960 1478 ἀνθρώπων

167 1492 318 1527 ἀναστήσει
339 1492 381 1518 ἐπ’
397 1491 493 1526 αὑτήν.

206 1538 250 1565 15.
266 1538 352 1564 Τοῦτο
365 1537 396 1564 τὸ
410 1537 535 1563 ἐνύπνιον
558 1533 628 1562 εἶδον
651 1534 708 1568 ἐγὼ
723 1535 737 1560 ὁ
758 1533 884 1569 βασιλεὺς
904 1533 960 1559 Να-

169 1582 372 1616 6ουχοδονόσορ,
392 1581 496 1613 καὶσὺ,
517 1580 670 1615 Βαλτάσαρ,
686 1579 715 1605 τὸ
734 1577 873 1613 σύγκριμα
901 1577 961 1605 εἰπὲ

170 1627 326 1660 κατέναντι,
343 1628 383 1654 ὃτι
399 1627 500 1658 πάντες
514 1627 539 1652 ot
556 1625 633 1660 σοφοὶ
645 1626 694 1660 τῆς
708 1624 848 1660 βασιλείας
869 1631 918 1657 μου
930 1622 961 1648 οὗ

169 1673 340 1701 δύνανταιτὸ
357 1673 497 1708 σύγκριμα
511 1671 592 1698 αὐτοῦ
609 1670 728 1706 δηλῶσαί
743 1676 806 1705 μοι·
829 1669 861 1695 σὺ
873 1668 901 1694 δὲ
918 1667 963 1694 δύ-

170 1728 264 1752 νασαι,
279 1720 319 1746 ὅτι
336 1718 449 1754 Πνεῦμα
464 1717 531 1744 Θεοῦ
547 1717 624 1751 ἅγιον
640 1718 668 1743 ἐν
687 1715 738 1742 σοί.

206 1766 251 1793 16.
271 1765 338 1792 Τότε
353 1763 461 1800 Δανιὴλ,
473 1760 503 1790 οὗ
513 1763 543 1789 τὺ
556 1762 641 1797 ὄνομα
650 1761 804 1796 Βαλτάσαρ,
817 1758 963 1795 ἁπηνεώθη

169 1811 239 1838 ὡσεὶ
260 1811 334 1847 ὤραν
361 1811 424 1846 μίαν
435 1830 441 1842 ,
459 1809 508 1836 καὶ
520 1809 545 1835 οἱ
559 1808 729 1842 διαλογισμοὶ
743 1805 826 1833 αὐτοῦ
850 1805 962 1832 συνετά-

172 1865 274 1892 ρασσον
288 1857 370 1884 αὐτόν
379 1865 386 1871 ·
402 1855 538 1891 ἀπεκρίθη
552 1855 566 1881 6
583 1854 719 1889 βασιλεὺς,
731 1853 778 1880 καὶ
794 1851 869 1879 εἶπεν
880 1861 886 1866 ·
896 1851 964 1877 Βαλ-

171 1903 275 1938 τάσαρ,
287 1903 318 1929 τδ
334 1902 471 1933 ἐνύπνιον,
483 1901 530 1928 καὶ
551 1901 567 1935 ἡ
587 1899 730 1935 σύγκρισις
748 1899 784 1935 μὴ
806 1905 964 1925 κατασπευ-

173 1949 250 1976 σάτω
266 1956 314 1975 σε·
341 1947 479 1984 ἀπεκρίθη
509 1945 664 1980 Βαλτάσαρ,
690 1945 737 1972 καὶ¹
763 1943 854 1970 εἶπεν·
875 1942 963 1977 Κύριέ

176 2004 240 2032 μου,
258 1995 289 2022 τὸ
303 1994 428 2021 ἐνύπνιον
451 1995 508 2025 τοῖς
524 1992 632 2028 μισοῦσί
647 2000 688 2025 σε,
706 1991 753 2018 καὶ
777 1992 793 2026 ὴ
818 1989 963 2025 σύγκρισις

173 2042 259 2070 αὑτοῦ
274 2043 331 2073 τοῖς
348 2041 454 2076 ἐχθροῖς
467 2049 526 2067 σου.

211 2088 254 2115 Π.
274 2087 311 2114 Τὸ
320 2087 429 2123 δένδρον
443 2086 457 2113 ὂ
472 2084 542 2117 εἶδες
552 2085 583 2112 τὺ
594 2083 771 2121 μεγαλυνθὲν,
787 2082 835 2109 καὶ
848 2081 880 2108 τὸ
893 2081 964 2116 ισχυ-

172 2134 233 2166 κδς,
243 2130 273 2160 06
286 2133 317 2159 τὸ
327 2132 392 2168 ὕψος
403 2132 520 2167 ἔφθασεν
536 2132 575 2164 είς
590 2131 635 2158 τὸν
647 2129 771 2166 οὐρανὸν,
783 2129 829 2156 καὶ
841 2127 871 2155 τὸ
884 2126 965 2158 κῦτος

173 2179 260 2206 αὑτοῦ
279 2180 318 2211 είς
333 2180 423 2206 πᾶσαν
439 2178 489 2213 τὴν
508 2177 571 2212 γῆν.

210 2226 254 2252 18.
271 2224 325 2250 Καὶ
338 2223 372 2250 τὰ
386 2223 472 2258 φύλλα
485 2222 568 2249 αὐτοῦ
579 2221 691 2256 εὐθαλῆ,
701 2220 748 2247 καὶ
767 2221 781 2247 6
798 2219 904 2256 καρπὸς
918 2219 966 2246 αὖ·
981 2234 1007 2264 υ

173 2271 223 2298 τοῦ
239 2270 335 2302 πολὺς,
353 2270 401 2296 καὶ
411 2269 498 2304 τροφὴ
513 2269 597 2295 πᾶσιν
613 2268 641 2294 ὲν
657 2266 746 2302 αὐτῷ’
763 2266 892 2292 ὑποκάτω
915 2265 966 2291 αὺ-

174 2318 224 2345 τοῦ
244 2317 364 2352 κατῴκει
378 2316 411 2343 τὰ
425 2315 508 2351 θηρία
519 2315 554 2342 τὰ
568 2315 663 2350 ἄγρια,
681 2314 729 2341 καὶ
745 2314 773 2339 ὲν
789 2314 844 2344 τοῖς
860 2312 967 2344 κλάδοις

174 2362 261 2391 αὐτοῦ
273 2362 460 2397 κατεσκήνουν
472 2361 508 2387 τὰ
526 2360 609 2396 ὄρνεα
623 2359 671 2386 τοῦ
690 2358 817 2394 οὐρανοῦ,

212 2410 257 2438 19.
276 2409 313 2435 Σὺ
328 2407 362 2441 εἷ,
379 2407 500 2443 βασιλεῦ,
516 2407 557 2433 ὅτι
575 2404 762 2441 ὲμεγαλύνθης
777 2403 825 2430 καὶ
844 2403 966 2438 ἴσχυσας,

175 2456 225 2483 καὶ
239 2456 256 2490 ή
270 2453 449 2489 μεγαλωσύνη
462 2461 508 2479 σου
526 2452 537 2478 ὲ
542 2450 696 2486 μεγαλύνθη
710 2470 716 2482 ,
736 2449 783 2477 καὶ
803 2448 919 2483 ἔφθασεν
929 2449 969 2480 είς

175 2501 223 2527 τὸν
236 2499 360 2535 οὐρανὸν,
373 2499 420 2524 καὶ
430 2499 447 2533 ἡ
463 2497 560 2533 κυρεία
572 2504 617 2523 σου
630 2497 668 2527 εις
683 2495 716 2522 τὰ
730 2495 835 2530 πέρατα
847 2494 896 2528 τῆς
905 2494 968 2528 γῆς.

213 2545 260 2573 20.
274 2545 330 2571 Καὶ
344 2546 385 2572 ὅτι
403 2542 472 2570 εῑδεν
483 2544 497 2569 ὁ
515 2543 642 2578 βασιλεὺς
656 2542 717 2577 Εἳρ,
730 2541 777 2567 καὶ
790 2541 866 2574 ᾶγιον
884 2547 969 2566 κατα-

179 2591 308 2618 ϐαίνοντα
322 2592 354 2617 ὲκ
369 2590 415 2617 τοῦ
431 2589 557 2625 οὐρανοῦ,
569 2588 615 2615 καὶ
622 2586 708 2619 εἶπεν,
718 2587 858 2614 Ἐκτίλατε
869 2585 900 2612 τὸ
912 2585 969 2612 δέν-

179 2637 253 2672 δρον,
270 2637 319 2663 καὶ
328 2635 502 2670 διαφθείρατε
517 2634 592 2666 αὐτὸ,
609 2633 656 2660 καὶ
673 2632 743 2668 πλὴν
762 2635 811 2667 τὴν
831 2631 901 2667 φυὴν
915 2631 969 2658 τῶν

182 2682 265 2719 ῥιζῶν
281 2682 363 2709 αὐτοῦ
380 2683 408 2708 ὲν
423 2682 456 2716 τῇ
471 2682 506 2717 γῇ
517 2681 627 2712 ἐάσατε,
645 2678 693 2706 καὶ
709 2679 737 2705 ὲν
749 2678 840 2713 δεσμῷ
856 2677 969 2714 σιδηρῷ,

179 2729 230 2756 καὶ
243 2728 347 2764 χαλκῷ,
364 2728 411 2754 καὶ
422 2728 450 2754 ἐν
460 2729 493 2762 τῇ
511 2726 576 2762 χλόῃ
588 2727 620 2761 τῇ
639 2724 700 2757 ἔξω,
720 2724 767 2750 καὶ
786 2724 815 2750 ἐν
829 2725 862 2759 τῇ
884 2723 971 2759 δρόσῳ

181 2774 229 2801 τοῦ
255 2773 370 2808 οὐρανοῦ
390 2772 601 2808 αὐλισθήσεται,
627 2771 675 2797 καὶ
700 2769 769 2805 μετὰ
787 2769 841 2796 τῶν
868 2768 971 2804 θηρίων

183 2819 287 2855 ἀγρίων
299 2820 316 2855 ἡ
331 2819 408 2856 μερὶς
421 2818 515 2847 αὐτοῦ.
531 2818 582 2849 ἕως
598 2816 666 2844 ἑπτὰ
684 2816 774 2852 καιροὶ
787 2814 971 2843 ἀλλοιωθῶσιν

184 2866 227 2893 ἄπ’
241 2865 331 2893 αὐτόν.

999 255 1065 282 tudo
1078 255 1137 290 ejus
1151 255 1273 290 pervenit
1290 263 1377 290 usque
1395 255 1428 282 ad
1442 254 1554 287 coelum,
1567 258 1595 281 et
1607 253 1785 288 latitudoejus

1000 302 1033 330 ad
1051 302 1182 329 terminos
1197 302 1331 329 universae
1341 305 1430 328 terrae.

1035 347 1060 375 9.
1082 347 1157 374 Folia
1172 347 1230 382 ejus
1246 346 1369 382 pulchra,
1381 351 1407 373 et
1419 345 1524 373 fruetus
1551 345 1610 380 ejus
1628 344 1741 377 mullus,
1758 349 1786 372 et

999 401 1061 422 esca
1073 394 1262 421 universorum
1281 393 1307 420 in
1321 401 1369 425 ea;
1389 397 1416 420 et
1433 392 1527 419 subter
1551 399 1610 418 eam
1627 391 1786 418 habitabant

1000 437 1092 464 bestia:
1105 442 1233 472 agrestes,
1247 442 1272 463 et
1283 436 1310 463 in
1327 437 1410 464 ramis
1421 437 1480 471 ejus
1492 436 1650 463 habitabant
1662 436 1787 464 volucres

1001 483 1082 510 caeli:
1098 490 1130 510 ex
1146 490 1177 510 ea
1193 483 1364 510 nutriebatur
1381 483 1471 509 omnis
1481 490 1546 510 caro

1039 573 1082 600 li).
1102 572 1234 600 Videbam
1249 573 1275 599 in
1288 573 1393 600 visione
1410 573 1498 600 noctis
1521 572 1548 599 in
1574 572 1657 600 cubili
1675 579 1746 604 meo,
1761 575 1790 598 et

1002 627 1066 648 ecce
1080 620 1138 654 Hir,
1153 625 1179 648 et
1194 620 1310 647 Sanctus
1326 620 1360 647 de
1371 620 1439 647 coelo
1458 619 1609 647 descendit.

1039 711 1083 738 ll.
1102 710 1292 746 Clamavitque
1305 710 1332 737 in
1347 709 1516 741 fortitudine,
1526 713 1552 736 et
1572 709 1613 736 sic
1635 708 1674 736 ait
1697 717 1704 736 :
1720 708 1789 736 Suc-

1003 758 1086 786 cidite
1101 758 1239 788 arborem.
1256 762 1282 784 et
1297 756 1404 784 evellite
1419 763 1509 784 ramos
1534 756 1604 790 ejus,
1620 760 1647 782 et
1672 755 1792 783 excutite

1005 802 1068 830 folia
1081 802 1152 837 ejus,
1170 807 1197 830 et
1213 801 1363 837 dispergite
1389 800 1506 828 fructum
1538 801 1618 835 ejus:
1647 800 1793 835 abigantur

1005 849 1100 878 bestiae
1113 850 1205 877 subter
1219 856 1292 881 eam,
1309 852 1337 876 et
1354 848 1480 876 volucres
1491 847 1525 875 de
1541 847 1624 874 ramis
1634 846 1704 882 ejus.

1042 937 1086 965 12.
1106 937 1303 965 Verumtamen
1319 943 1431 972 germen
1448 935 1572 962 radicum
1587 933 1647 969 ejus
1672 933 1698 960 in
1721 937 1794 960 terra

1006 985 1098 1018 sinite,
1111 989 1138 1012 et
1149 985 1175 1011 in
1185 984 1294 1011 vinculo
1306 983 1405 1014 ferreo,
1415 986 1442 1009 et
1453 989 1533 1013 aereo.
1548 985 1575 1008 et
1590 980 1617 1007 in
1631 979 1796 1013 herba,qua2

1007 1031 1074 1059 foris
1090 1035 1142 1064 est,
1156 1035 1183 1058 et
1193 1030 1219 1057 in
1236 1037 1297 1057 rore
1308 1029 1371 1057 coeli
1385 1027 1609 1060 commorabitur,
1619 1030 1716 1054 etcum
1730 1024 1796 1052 feris

1007 1086 1070 1114 pars
1086 1078 1146 1114 ejus
1158 1078 1186 1105 in
1206 1077 1289 1104 herba
1307 1081 1396 1103 terrae.

1047 1167 1087 1194 t3.
1107 1164 1160 1193 Cor
1173 1165 1232 1200 ejus
1248 1165 1282 1192 ab
1295 1163 1452 1192 hominibus
1471 1160 1696 1192 commutabitur,
1709 1164 1734 1187 et
1747 1166 1796 1186 eor

1009 1211 1074 1239 fera:
1094 1211 1205 1238 dabitur
1222 1210 1264 1243 ei;
1289 1213 1317 1237 et
1346 1214 1449 1243 septem
1471 1211 1593 1241 tempora
1617 1204 1797 1232 mutabuntur

1008 1265 1090 1293 super
1103 1265 1173 1284 eam.

1046 1304 1089 1330 14.
1110 1303 1162 1330 Per
1178 1304 1315 1330 decretum
1331 1301 1378 1329 ilir
1393 1307 1495 1332 sermo,
1510 1303 1538 1326 et
1549 1298 1662 1325 verbum
1672 1299 1795 1324 sanctum

1009 1350 1104 1386 petitio
1116 1370 1123 1382 ,
1147 1353 1176 1376 ut
1188 1352 1355 1383 cognoscant
1368 1347 1501 1378 viventes,
1517 1343 1590 1379 quod
1612 1342 1745 1370 Dominus
1757 1346 1800 1368 est

1011 1396 1068 1431 ipse
1085 1395 1243 1422 Altissimus
1271 1394 1346 1429 regni
1366 1393 1519 1423 hominum,
1532 1395 1558 1417 et
1571 1389 1736 1424 quicumque
1752 1393 1799 1412 vo«

1010 1442 1102 1472 luerit,
1118 1441 1192 1467 dabit
1210 1439 1275 1466 illud
1287 1458 1295 1470 .
1315 1443 1344 1466 et
1360 1438 1432 1472 quod
1452 1444 1500 1472 pro
1528 1434 1613 1462 nihilo
1636 1432 1752 1460 habetur
1764 1431 1800 1457 ab

1011 1486 1180 1518 hominibus,
1193 1485 1279 1519 eriget
1292 1491 1374 1518 super
1391 1482 1469 1510 illud.

1049 1532 1092 1558 15.
1112 1530 1169 1557 [loc
1187 1530 1324 1557 somnium
1336 1528 1391 1556 vidi
1408 1536 1458 1564 ego
1474 1536 1520 1555 rex
1535 1525 1800 1554 Nabuchodonosor,

1013 1582 1040 1605 et
1054 1582 1094 1609 tu,
1107 1577 1241 1609 Baltasar,
1254 1575 1504 1610 interpretationem
1517 1573 1599 1600 dicito
1610 1580 1703 1599 coram
1718 1569 1800 1605 :qnia

1013 1631 1109 1651 omnes
1122 1623 1258 1657 sapientes
1274 1621 1350 1656 regni
1363 1621 1414 1647 mei
1433 1627 1487 1647 non
1506 1623 1620 1654 possunt
1637 1618 1800 1651 interpreta-

1014 1671 1116 1697 tionem
1128 1669 1186 1702 ejus
1202 1669 1341 1696 declarare
1356 1667 1442 1698 mihi;
1468 1671 1496 1693 tu
1518 1668 1609 1692 autem
1632 1668 1719 1698 potes,
1735 1661 1801 1697 quia

1015 1716 1132 1751 Spiritus
1146 1715 1191 1741 Dei
1203 1719 1312 1742 sanctus
1325 1717 1368 1740 est
1384 1713 1411 1739 in
1427 1717 1462 1739 te.

1053 1762 1094 1789 16.
1115 1760 1192 1788 Tune
1208 1759 1312 1793 Daniel,
1330 1759 1410 1794 cujus
1437 1765 1537 1785 nomen
1554 1756 1688 1787 Baltasar,
1704 1754 1803 1781 obmu-

1015 1808 1067 1836 tuit
1079 1807 1158 1842 quasi
1176 1807 1242 1833 hora
1259 1813 1311 1832 una
1325 1826 1333 1838 ,
1360 1809 1388 1832 et
1404 1803 1585 1839 cogitationes
1610 1802 1670 1836 ejus
1689 1805 1803 1828 contur—

1015 1855 1115 1882 babant
1127 1861 1199 1881 eum.
1213 1851 1362 1887 Respondit
1374 1859 1431 1883 rex,
1443 1855 1470 1877 et
1481 1850 1568 1877 dixit:
1583 1849 1716 1880 Baltasar,
1730 1854 1804 1873 som—

1015 1901 1103 1932 nium,
1120 1905 1147 1927 et
1164 1898 1351 1933 interpretatio
1370 1905 1404 1924 ne
1418 1896 1565 1924 sollicitnnt
1583 1899 1609 1922 te
1620 1893 1735 1926 reddat;
1755 1899 1801 1919 re-

1016 1947 1125 1982 spondit
1139 1945 1273 1976 Baltasar,
1289 1948 1316 1971 et
1332 1943 1415 1970 dixit:
1435 1941 1548 1969 Domine
1559 1940 1605 1972 mi,
1620 1938 1756 1966 somnium
1769 1937 1804 1964 sit

1017 1993 1070 2024 his,
1087 1991 1134 2026 qui
1150 1995 1176 2018 te
1189 1991 1316 2021 oderunt,
1336 1993 1363 2016 et
1391 1985 1580 2021 interpretatio
1601 1984 1662 2019 ejus
1676 1982 1804 2010 uestibus

1016 2038 1080 2065 tuis.

1052 2084 1097 2111 17.
1117 2083 1207 2110 Arbor
1223 2089 1305 2117 quam
1319 2079 1411 2108 vidisti
1426 2078 1641 2113 magniﬁcatam,
1663 2079 1691 2102 et
1707 2081 1805 2101 corro-

1017 2130 1153 2163 boratam,
1169 2128 1249 2163 cujus
1265 2126 1380 2154 altitudo
1392 2125 1516 2160 pervenit
1531 2123 1565 2150 ad
1578 2122 1689 2152 ctelum,
1706 2123 1734 2147 et
1744 2119 1805 2146 lati-

1018 2178 1084 2206 tudo
1099 2177 1159 2212 ejus
1176 2177 1202 2204 in
1219 2176 1372 2203 universam
1390 2178 1500 2200 terram.

1057 2224 1099 2251 18.
1116 2211 1153 2250 νΕι
1167 2222 1231 2249 folia
1249 2221 1309 2257 ejus
1322 2219 1456 2252 ﬂorentia,
1472 2222 1499 2245 et
1522 2217 1628 2244 fructus
1649 2213 1709 2249 ejus
1731 2211 1804 2239 mul-

1018 2274 1073 2302 tus,
1084 2274 1111 2297 et
1125 2277 1188 2296 esea
1203 2267 1332 2295 omnibus
1359 2267 1385 2293 in
1411 2273 1442 2292 ea
1460 2273 1467 2291 :
1483 2263 1578 2291 subter
1608 2268 1666 2288 eam
1699 2259 1806 2285 habita-

1018 2316 1084 2344 bant
1099 2315 1192 2343 bestiae
1205 2314 1273 2349 agri,
1286 2317 1312 2341 et
1329 2313 1356 2340 in
1373 2311 1456 2339 ramis
1477 2309 1537 2344 ejus
1564 2306 1807 2335 commorabantur

1019 2369 1084 2389 aves
1098 2361 1171 2388 coeli.

1055 2407 1099 2435 l9.
1120 2407 1160 2434 Tu
1175 2413 1216 2439 es,
1232 2412 1249 2432 ο
1266 2412 1324 2437 rex,
1337 2403 1401 2439 quia
1429 2402 1619 2437 magnificatus
1629 2407 1669 2430 es,
1685 2403 1711 2426 et
1729 2397 1808 2424 inva-

1019 2453 1105 2486 luisti,
1126 2457 1153 2480 et
1167 2451 1325 2487 rnagnitudo
1342 2455 1386 2477 tua
1402 2449 1574 2484 magnificam
1594 2450 1653 2478 est,
1666 2449 1692 2472 et
1711 2449 1808 2478 perve-

1020 2500 1061 2527 nit
1073 2499 1106 2527 ad
1121 2499 1232 2528 coelum,
1248 2501 1275 2524 et
1291 2495 1409 2530 potentia
1425 2498 1471 2521 tua
1487 2493 1520 2520 ad
1538 2491 1670 2519 terminos
1686 2494 1773 2516 terrae.

1056 2546 1100 2572 20.
1121 2545 1198 2578 Quod
1215 2548 1304 2571 autem
1321 2542 1389 2569 vidit.
1418 2548 1466 2568 rex
1482 2539 1539 2571 Hir,
1564 2543 1591 2565 et
1619 2540 1745 2565 sanctum
1761 2534 1808 2561 de‘

1021 2592 1196 2620 scandentem
1214 2590 1246 2617 de
1260 2589 1341 2619 coelo.
1353 2592 1381 2614 et
1401 2587 1470 2614 dixit
1484 2595 1491 2614 ε
1508 2584 1619 2612 Evellite
1636 2582 1809 2612 arborem,et

1021 2639 1154 2666 destruite
1167 2645 1239 2668 eam,
1264 2639 1384 2663 attamen
1414 2640 1524 2668 germen
1554 2630 1677 2658 radicum
1694 2628 1755 2662 ejus
1780 2626 1808 2653 in

1021 2688 1094 2712 terra
1109 2683 1246 2713 dimittite.
1260 2686 1287 2709 et
1299 2682 1325 2709 in
1341 2680 1448 2708 vinculo
1471 2678 1560 2705 ferreo
1570 2697 1578 2710 ,
1594 2681 1621 2703 et.
1647 2682 1728 2706 aereo,
1743 2672 1808 2700 etin

1023 2729 1105 2758 herba
1126 2735 1186 2763 qum
1205 2727 1282 2758 foris,
1298 2731 1325 2753 et
1341 2725 1368 2752 in
1383 2731 1445 2752 rore
1461 2723 1522 2750 οωιὶ
1541 2718 1767 2750 commorabitur,
1782 2722 1809 2743 et

1024 2783 1085 2804 cum
1100 2773 1194 2802 bestiis
1211 2772 1364 2808 agrestibus
1391 2778 1454 2806 pars
1482 2769 1562 2804 ejus,
1589 2767 1675 2795 donec
1705 2767 1808 2798 septem

1023 2827 1148 2857 tempora
1164 2823 1302 2848 mutentur
1316 2824 1397 2852 super
1411 2824 1495 2844 eum“
