1967 3079
189 140 262 170 2863

725 139 854 166 DANIEL
869 138 984 168 JUXTA
1000 139 1270 169 'IHEODOTIONEM

1754 145 1824 176 98M

224 199 270 227 2i.
290 197 353 226 Ilaec
371 197 558 233 interpretatio
577 196 647 233 ejus,
673 205 690 225 ο
703 205 751 225 rex
766 217 774 229 ,
796 201 823 224 ct
849 197 976 225 sententis

1069 198 1114 225 2|.
1129 198 1214 226 Τοῦτο
1237 200 1254 235 ὴ
1270 199 1415 236 σύγκρισις
1438 200 1531 234 αὑτοῦ,
1549 201 1670 237 βασιλεῦ,
1693 202 1741 230 καὶ
1758 203 1823 238 σύγ-

190 244 323 272 Altissimi
335 248 388 276 est,
401 251 462 278 quae
479 243 602 278 pervenit.
617 250 698 277 super
724 243 867 284 dominum
886 251 977 271 meum

190 298 293 326 regem,
307 296 334 318 et
351 294 376 317 te
390 290 499 324 ejicient
512 290 546 316 ab
561 288 729 322 hominibus,
752 293 779 316 et
804 296 865 316 cum
881 289 977 318 bestiis

190 336 345 372 agrestibus
357 336 409 363 erit
425 335 558 363 habitatio
576 341 632 363 tua.

229 383 276 410 22.
298 382 331 409 Et
343 382 417 410 foeno
435 386 465 408 ut
490 381 586 409 bovem
615 384 727 416 pascent
751 385 785 414 te,
802 385 829 408 et
853 380 887 408 de
915 387 978 408 rore

191 429 254 457 σιειί
282 434 383 462 corpus
401 431 477 454 tuum
498 431 667 462 aspergetur,
684 430 712 454 et
726 431 827 462 septem
855 431 977 462 tempora

191 463 372 501 mutabuntur
389 479 472 507 super
486 477 522 505 te,
540 472 627 500 donec
637 472 720 505 scias,
731 472 805 508 quod
821 473 978 499 dominatur

190 518 320 546 Excelsus
335 525 417 552 super
444 524 556 552 regnum
582 516 736 550 hominum,
757 522 784 545 et
813 517 978 552 cuicumque

189 564 316 596 voluerit,
331 564 407 592 dabit
420 563 499 591 illud.

223 612 268 639 25.
283 611 361 644 Quod
373 614 465 638 autem
481 609 567 637 dixit:
584 608 716 636 Dimittite
729 616 839 643 germen
852 607 977 636 radicum

190 657 314 685 arboris:
329 664 442 692 regnum
458 662 534 684 tuum
547 656 595 682 tibi
606 656 730 683 manebit
743 676 750 689 ,
771 660 916 691 postquam
931 663 978 683 co-

190 702 317 738 gnoveris
334 706 495 738 potestatem
511 702 661 729 caelestem.

225 749 269 776 Ἡ.
291 749 486 782 Quamobrem,
507 756 566 781 rex,
582 748 729 776 consilium
756 755 847 776 meum
872 748 978 783 placeat

188 796 250 829 tibi,
263 800 289 823 et
304 800 414 830 peceata
432 799 476 822 tua
489 794 516 822 in
530 794 712 830 eleemosynis
724 795 827 822 redime
837 815 844 828 ,
863 799 890 822 et
906 795 978 830 inju-

191 841 279 868 stitias
294 845 355 868 tuas
379 841 406 868 in
429 840 652 868 miserationibus
666 838 835 876 pauperum:
860 840 978 870 fortasse

191 887 242 914 erit
256 886 448 921 longanimitas
464 894 513 921 pro
526 886 632 914 delictis
650 887 714 914 tuis.

225 933 272 960 95.
293 933 355 961 Hrec
370 933 463 960 omnia
491 937 624 960 venerunt
648 940 730 967 super
755 937 781 960 te
795 931 976 960 Nabuchodo-

191 985 275 1006 nosor
291 986 394 1014 regem.
605 991 608 994 -

226 1024 271 1052 26.
292 1024 358 1053 Post
375 1032 481 1052 menses
492 1024 633 1053 duodecim
650 1024 679 1052 in
704 1023 804 1060 templo
826 1024 902 1059 regni
933 1023 977 1051 sui

191 1071 330 1106 Babylone
345 1071 550 1100 deambulabat.

225 1118 269 1146 2'1.
291 1117 323 1145 Et
341 1117 480 1152 respondit
495 1125 553 1149 rex,
578 1121 605 1145 et
628 1117 717 1145 dixit:
735 1116 832 1144 Nonne
848 1116 904 1144 haec
935 1120 977 1143 est

191 1163 309 1199 Babylon
327 1170 435 1198 magna,
452 1171 534 1198 quam
547 1170 598 1198 ego
611 1163 743 1191 aediﬁcavi
759 1163 787 1190 in
803 1162 916 1190 domum
933 1170 977 1190 re—

190 1209 247 1245 gni,
265 1210 292 1237 in
307 1210 404 1238 robore
414 1209 583 1237 fortitudinis
598 1209 685 1237 meae?

227 1255 272 1283 28.
292 1255 361 1283 Cum
372 1255 462 1283 adhuc
476 1263 567 1283 sermo
579 1259 652 1283 esset
665 1255 691 1282 in
709 1262 757 1282 ore
769 1254 857 1291 regis,
873 1262 927 1282 vox
943 1254 978 1283 de

191 1301 261 1330 calo
276 1301 346 1329 facta
361 1306 420 1329 est:
433 1301 494 1329 Tibi
513 1301 624 1335 dicitur,
640 1301 896 1329 Nabuchodonosor
907 1308 973 1329 rex:

191 1357 304 1386 regnum
320 1354 397 1377 tuum
410 1350 519 1378 transiit
532 1358 548 1378 ι
560 1355 597 1379 te.

225 1437 272 1466 29.
293 1437 325 1465 Et
337 1437 372 1466 ab
386 1437 544 1467 hominibus
560 1443 587 1466 te
609 1438 728 1474 ejicient,
744 1443 771 1467 et
801 1447 862 1467 cum
881 1440 977 1469 bestiis

191 1483 344 1518 agrestibus
358 1484 489 1512 habitatio
512 1490 569 1517 tua,
588 1489 615 1513 et
634 1485 709 1513 fano
738 1490 768 1513 ut
788 1486 884 1514 bovem
904 1487 977 1514 ciba-

192 1530 262 1557 bnnt
277 1534 312 1564 te,
330 1534 358 1557 et
370 1534 472 1565 septem
490 1534 612 1566 tempora
625 1531 805 1558 mutabuntur
844 1539 925 1566 super
951 1537 977 1560 te

1033 251 1120 279 κριμα
1139 244 1268 279 Ὑψίστου
1293 246 1378 278 ἐστὶν,
1394 245 1409 272 ὃ
1421 245 1538 282 ἔφθασεν
1548 248 1594 274 ἐπὶ
1603 247 1649 274 τδν
1663 248 1758 284 κύριόν
1772 258 1823 284 μου

1030 289 1077 316 τὸν
1098 289 1222 325 βασιλέα,
1236 291 1283 318 καὶ
1294 292 1323 318 σὲ
1335 292 1509 326 ὲκδιώξουσιν
1522 293 1578 321 ἀπὸ
1591 293 1646 320 τῶν
1659 294 1821 330 ἀνθρώπων,

1030 335 1078 362 καὶ
1096 335 1166 370 μετὰ
1178 335 1282 371 θηρίων
1295 337 1398 373 ἀγρίων
1408 338 1484 365 ἔσται
1498 339 1515 374 ή
1535 339 1660 367 κατοικία
1675 348 1732 368 σου.

1064 380 1111 407 22.
1129 381 1183 407 Καὶ
1200 381 1297 417 χόρτον
1319 383 1358 415 ὡς
1377 383 1441 418 βοῦν
1468 384 1622 419 ψωμίσουσί
1639 393 1681 417 σε,
1696 384 1743 412 καὶ
1767 386 1822 413 ἀπὸ

1029 428 1080 464 τῆς
1096 429 1193 465 δρόσου
1205 430 1253 458 τοῦ
1267 431 1382 467 οὐρανοῦ
1392 431 1423 458 τὸ
1438 431 1518 467 σῶμά
1528 440 1575 459 σου
1590 432 1754 468 βαφήσεται,
1774 433 1822 460 καὶ

1031 475 1103 502 ἑπτὰ
1119 477 1211 511 καιροὶ
1225 476 1424 512 ἀλλαγήσονται
1439 477 1486 505 ἐπὶ
1505 478 1546 511 σὲ,
1563 478 1615 510 ἕως
1631 476 1663 505 οὗ
1682 478 1764 513 γνῷς,
1781 479 1821 506 δτι

1030 521 1151 557 κυριεύει
1175 522 1189 549 ὁ
1219 521 1350 557 Ὕψιστος
1363 524 1412 558 τῆς
1423 523 1561 558 βασιλείας
1588 523 1642 551 τῶν
1658 524 1821 560 ἀνθρώπων,

1029 563 1111 600 καὶῷ
1126 567 1159 593 ἂν
1172 567 1245 603 δόξῃ,
1262 567 1342 594 δώσει
1363 568 1458 604 αὐτήν.

1044 647 1046 649 ἱ
1064 612 1109 640 25.
1125 612 1180 639 Kal
1190 613 1231 639 δτι
1246 611 1332 646 εἶπεν,
1342 613 1457 640 Ἐάσατε
1467 613 1518 649 τὴν
1532 613 1602 650 φυὴν
1608 614 1662 641 τῶν
1674 614 1760 650 ῥιζῶν
1773 614 1820 642 τοῦ

1030 657 1137 694 δένδρου
1148 666 1156 674 ·
1175 659 1191 694 ἡ
1209 657 1333 693 βασιλεία
1348 668 1393 686 σου
1405 659 1447 686 σοὶ
1463 660 1550 695 μενεῖ,
1566 661 1624 696 ⁵ἀφ’
1640 659 1674 697 ἧς
1696 661 1730 689 ἃν
1747 661 1821 697 γνῷς

1029 703 1079 739 τὴν
1093 703 1216 736 ἐξουσίαν
1226 705 1274 740 τὴν
1285 705 1420 741 οὐράνιον.

1066 750 1111 777 24.
1127 750 1176 778 Διὰ
1188 750 1278 783 τοῦτο,
1291 750 1412 786 βασιλεῦ,
1431 752 1447 787 ή
1467 751 1548 788 βουλή
1559 761 1610 788 μου
1625 752 1751 788 ἀρεσάτω
1766 761 1819 787 σοι,

1031 795 1078 822 xal
1104 796 1155 828 τὰς
1181 797 1318 832 ἁμαρτίας
1342 805 1389 824 σου
1407 798 1437 824 ὲν
1453 798 1650 833 ὲλεημοσύναις
1669 798 1819 834 λύτρωσαι,

1031 841 1078 868 καὶ
1093 841 1143 874 τὰς
1163 842 1272 874 ἀδικίας
1298 851 1346 869 σου
1368 843 1398 870 ἐν
1414 844 1566 879 οίκτιρμοῖς
1590 844 1732 880 πενήτων·
1753 845 1820 877 ἴσως

993 886 1016 915 D
1031 885 1106 912 ἔσται
1121 886 1297 922 μακροθυμία
1307 888 1362 920 τοῖς
1377 888 1581 924 παραπτώμασί
1600 897 1656 917 σου.

1065 931 1112 960 9.5.
1131 932 1222 960 Ταῦτα
1238 933 1327 961 πάντα
1341 933 1458 969 ἔφθασεν
1474 934 1522 961 ἐπὶ
1539 935 1569 962 σὲ
1582 935 1820 974 Ναὸουχοδονόσορ

1028 977 1074 1004 τὸν
1090 977 1212 1012 βασιλέα.

1064 1023 1108 1050 26.
1123 1024 1201 1051 Μετὰ
1223 1024 1414 1060 δωδεκάμηνον
1438 1024 1467 1051 ὲν
1485 1024 1524 1060 τῷ
1544 1025 1601 1061 ναῷ
1615 1025 1665 1062 τῆς
1680 1025 1820 1061 βασιλείας

1029 1068 1111 1096 αὐτοῦ
1127 1070 1156 1096 ὲν
1169 1069 1308 1097 Βαϐυλῶνι
1322 1070 1481 1105 περιπατῶν
1491 1070 1536 1108 ἦν.

1064 1114 1110 1141 27.
1125 1115 1180 1142 Kal
1196 1115 1330 1151 ἀπεκρίθη
1346 1117 1360 1143 ὁ
1372 1116 1507 1151 βασιλεὺς,
1520 1117 1566 1144 καὶ
1580 1114 1666 1151 εἶπεν,
1679 1117 1734 1152 Οὐχ
1747 1117 1820 1152 αὕτη

1029 1160 1088 1186 ἐστὶ
1107 1160 1236 1187 Βαϐυλὼν
1247 1162 1263 1197 ή
1280 1161 1397 1197 μεγάλη,
1406 1163 1439 1197 ἢν
1451 1162 1507 1197 ἐγὼ
1520 1163 1682 1198 ᾠκοδόμησα
1694 1164 1734 1196 είς
1744 1161 1822 1192 οἷκον

1031 1205 1168 1241 βασιλείας
1181 1207 1211 1233 έν
1223 1206 1262 1242 τῷ
1277 1208 1372 1243 κράτει
1386 1208 1436 1244 τῆς
1461 1208 1551 1244 ίσχύος
1568 1217 1637 1244 μου;

1065 1252 1110 1280 28.
1131 1253 1191 1280 Ἔτι
1207 1253 1255 1280 τοῦ
1279 1253 1358 1288 λόγου
1384 1255 1413 1281 ὲν
1426 1254 1466 1290 τῷ
1482 1255 1596 1291 στόματι
1612 1255 1657 1282 τοῦ
1685 1255 1820 1290 βασιλέως

1030 1297 1116 1329 δντος,
1125 1298 1200 1334 φωνὴ
1213 1299 1260 1325 ἀπ’
1270 1300 1384 1335 οὐρανοῦ
1398 1300 1516 1335 ἑγὲνετοο
1528 1301 1572 1327 Σοὶ
1584 1301 1702 1335 λέγεται,
1712 1302 1820 1328 Νασου-

1031 1343 1172 1380 χοδονόσορ
1198 1344 1320 1380 βασιλεῦ,
1338 1347 1355 1382 ἡ
1380 1346 1504 1381 βασιλεία
1529 1356 1575 1374 σου
1602 1347 1740 1383 παρῆλθεν
1764 1347 1820 1375 ἀπὸ

1031 1397 1088 1417 σου.

1065 1436 1111 1464 29.
1126 1436 1181 1464 Kal
1204 1436 1258 1463 ἀπὸ
1284 1437 1337 1464 τῶν
1363 1437 1515 1473 ἀνθρώπων
1539 1438 1569 1464 σὲ
1584 1438 1753 1472 ἐκδιώξουσι,
1771 1439 1820 1466 καὶ

1032 1481 1101 1516 μετὰ
1114 1481 1216 1517 θηρίων
1230 1482 1334 1517 ἀγρίων
1350 1483 1366 1518 ἡ
1381 1483 1507 1509 κατοικία
1522 1492 1568 1510 σου
1580 1503 1588 1516 ,
1604 1483 1652 1510 καὶ
1669 1484 1766 1519 χόρτον
1780 1483 1820 1516 ὡς

1032 1526 1095 1562 βοῦν
1116 1527 1271 1562 ψωμίσουσί
1288 1536 1330 1560 σε,
1350 1529 1397 1556 καὶ
1426 1529 1496 1556 ἑπτὰ
1511 1530 1601 1564 καιροὶ
1619 1530 1819 1564 ἀλλαγήσονται

190 1575 277 1603 donec
305 1575 387 1608 scias,
417 1575 490 1611 quod
516 1576 674 1604 dominatur
691 1576 822 1606 Excelsus
834 1585 916 1612 super
935 1586 976 1605 re-

1038 1574 1076 1600 ;rrl
1091 1573 1201 1605 col,'éw;
1213 1571 1243 1601 οὗ
1254 1573 1384 1608 γνῷς,δτι
1397 1575 1518 1610 κυριεύει
1531 1575 1545 1601 ό
1561 1575 1691 1610 ’Υψιστος
1703 1576 1752 1611 τῆς
1766 1576 1819 1611 βα-

191 1628 274 1655 gnum
289 1621 409 1656 ipsorum
426 1622 586 1656 hominum,
613 1627 642 1651 et
669 1623 835 1659 cuicumque
847 1625 975 1658 voluerit,

190 1667 265 1694 dabit
280 1666 357 1695 illud.

157 1710 160 1713 '
225 1712 270 1739 30.
293 1711 392 1739 Eadem
407 1711 473 1740 hora
490 1720 580 1741 sermo
591 1713 743 1748 completus
760 1719 802 1741 est
828 1721 911 1748 super
924 1713 978 1741 Na-

191 1757 402 1785 buchodonosor
417 1777 425 1790 ,
450 1763 478 1785 et
507 1766 541 1786 ex
570 1759 725 1786 hominibus
756 1759 860 1794 eiectus
875 1765 934 1794 est,
950 1764 978 1788 et

191 1803 294 1830 fumum
310 1807 340 1830 ut
354 1803 404 1831 bos
417 1804 544 1837 comedit,
555 1808 584 1832 et
596 1805 629 1832 de
643 1812 705 1833 rore
722 1805 784 1833 cmli
803 1813 904 1841 corpus
916 1807 976 1841 ejus

191 1846 320 1875 infectum
332 1852 384 1881 est,
397 1847 484 1876 donec
499 1849 589 1884 capilli
615 1849 674 1883 ejus
699 1850 779 1884 quasi
792 1851 901 1878 leonum
917 1859 978 1879 cre-

191 1896 300 1925 verunt,
316 1896 343 1920 et
357 1900 462 1928 ungues
476 1894 535 1929 ejus
547 1894 627 1929 quasi
640 1894 745 1922 avium.

223 1979 269 2007 5|.
290 1978 323 2007 Et
334 1984 396 2014 post
408 1980 489 2008 tinem
515 1979 621 2008 dierum
651 1989 702 2018 ego
722 1981 977 2011 Nabuchodonosor

190 2025 285 2053 oculos
300 2033 376 2053 meos
391 2025 424 2053 ad
439 2025 538 2054 ccelum
553 2026 649 2061 levavi,
665 2032 692 2055 et
706 2036 803 2056 sensus
820 2029 872 2056 mei
887 2029 922 2057 ad
933 2036 977 2057 me

189 2072 291 2099 reversi
302 2075 376 2104 sunt,
388 2076 416 2099 et
428 2071 568 2100 Altissimo
581 2073 716 2107 benedixi,
742 2079 769 2101 et
793 2074 927 2102 viventem
948 2075 975 2102 in

189 2118 385 2153 sempiternum
401 2117 519 2152 laudavi,
531 2123 560 2146 et
572 2119 740 2154 gloriﬁcavi,
765 2120 830 2155 quia
855 2124 975 2155 potestas

189 2162 250 2198 ejus
264 2167 385 2198 potestas
399 2164 575 2198 sempiterna,
591 2168 619 2192 et
631 2172 745 2201 regnum
768 2165 828 2200 ejus
849 2165 877 2193 in
888 2173 976 2202 gene-

189 2208 323 2236 rationem
337 2213 363 2236 et
378 2210 593 2244 generationem.

224 2298 268 2327 32.
290 2298 323 2325 Et
341 2306 438 2326 omnes
454 2299 620 2327 habitatores
639 2303 717 2327 terra:
728 2298 808 2334 quasi
821 2299 888 2326 nihil
902 2306 976 2326 com-

189 2345 276 2380 putati
292 2349 366 2378 sunt,
382 2349 410 2372 ct
424 2345 503 2380 juxta
522 2345 690 2373 voluntatem
701 2353 780 2373 suam
796 2345 863 2373 facit
878 2346 905 2373 in
917 2346 975 2373 vir-

190 2394 247 2417 tute
258 2390 331 2424 caali,
346 2395 374 2418 et
388 2391 416 2418 in
433 2391 598 2418 habitatione
612 2396 699 2419 terra.
716 2390 749 2418 Et
774 2399 828 2419 non
846 2396 898 2425 est,
928 2391 975 2427 qui

191 2435 299 2465 resistat
311 2438 404 2465 manui
417 2437 488 2472 ejus,
498 2442 525 2465 et
537 2437 612 2465 dicat
620 2437 646 2465 ci
658 2447 665 2465 :
676 2437 746 2470 Quid
761 2437 870 2466 fecisti?

225 2537 271 2564 35.
291 2536 354 2572 Ipso
370 2542 490 2573 tempore
503 2547 602 2568 sensus
615 2539 669 2567 mei
684 2539 785 2567 reversi
799 2543 865 2567 sunt
884 2539 911 2567 in
923 2547 975 2574 me,

191 2581 263 2609 etad
279 2582 411 2611 honorem
438 2584 513 2619 regni
535 2584 589 2612 mei
618 2584 692 2617 veni.
711 2588 739 2612 et
753 2583 840 2620 figura
862 2592 920 2612 mea
934 2592 976 2612 re-

191 2635 270 2656 versa
283 2628 372 2656 estad
386 2636 446 2656 me:
463 2634 491 2657 et
510 2631 628 2666 tyranni,
639 2634 669 2658 et
682 2635 824 2666 magnales
840 2630 892 2658 mei
901 2638 977 2665 quat-

191 2672 290 2699 rebant
305 2679 360 2704 me,
377 2677 405 2700 et
421 2673 448 2700 in
480 2682 564 2710 regno
580 2682 639 2702 meo
664 2675 834 2704 confortatus
860 2683 920 2704 Sum
933 2694 940 2708 ,
950 2679 978 2703 et

191 2717 395 2753 magniﬁcentia
411 2720 526 2754 amplior
542 2721 633 2749 addita
645 2726 686 2750 est
699 2722 775 2749 mihi.

225 2808 271 2837 δι.
292 2808 326 2836 Et
356 2817 430 2837 nunc
461 2817 510 2846 ego
539 2810 790 2840 Nabuchodonosor
821 2812 920 2844 laudo.
948 2816 975 2840 et

191 2855 291 2889 exalto,
306 2859 334 2883 et
349 2855 469 2891 gloriﬂco
484 2864 575 2892 regem
591 2857 663 2890 caeli,
685 2858 748 2892 quia
777 2859 869 2886 omnia
894 2867 975 2893 (ψυΓᾶ

1029 1618 1132 1650 σιλείας
1145 1617 1235 1645 αὐτῶν
1250 1619 1304 1646 τῶν
1320 1619 1481 1654 ἀνθρώπων,
1497 1621 1543 1646 καὶ
1555 1617 1577 1654 ᾧ
1589 1621 1638 1647 ἐὰν
1648 1621 1721 1657 δόξῃ,
1735 1620 1818 1647 δώσει

1027 1664 1122 1700 αὐτήν.

1064 1710 1107 1736 50.
1129 1709 1202 1745 Αὺτῇ
1217 1710 1249 1745 τῇ
1263 1708 1324 1745 ὥρα
1336 1710 1350 1736 ὸ
1365 1709 1442 1744 λόγος
1458 1710 1634 1746 συνετελέσθη
1646 1710 1693 1737 ἐπὶ
1709 1710 1820 1737 Ναϐου-

1027 1754 1182 1790 χοδονόσορ,
1211 1755 1258 1782 καὶ
1276 1754 1330 1782 ἀπὸ
1346 1755 1400 1782 τῶν
1426 1755 1576 1791 ἀνθρώπων
1595 1756 1751 1792 ὲξεδιὼχθη,
1770 1759 1818 1785 καὶ

1027 1799 1123 1834 χόρτον
1136 1799 1174 1832 ὡς
1190 1799 1252 1835 βοῦς
1265 1800 1354 1836 ἤσθιε,
1372 1800 1421 1827 καὶ
1434 1801 1489 1828 ἀπὸ
1502 1801 1552 1836 τῆς
1568 1801 1665 1836 δρόσου
1676 1802 1722 1829 τοῦ
1733 1802 1818 1837 οὐρα-

1027 1844 1073 1872 νοῦ
1100 1844 1131 1872 τὸ
1149 1845 1228 1881 σῶμα
1245 1846 1327 1873 αὐτοῦ
1349 1846 1449 1882 ὲὸαςρη,
1468 1847 1521 1879 ἕως
1532 1843 1573 1874 ὀὗ
1587 1847 1614 1873 at
1626 1847 1718 1882 τρίχες
1731 1847 1817 1875 αὐτοῦ

1026 1891 1064 1923 ὠς
1076 1891 1191 1918 λεόντων
1203 1892 1439 1928 ἐμεγαλύνθησαν,
1462 1892 1510 1919 καὶ
1525 1893 1549 1919 οἱ
1569 1893 1664 1928 δνυχες
1678 1893 1760 1920 αὐτοῦ
1777 1894 1817 1926 ὡς

1026 1937 1138 1973 ὀρνέων.

1062 1984 1106 2012 51.
1124 1984 1179 2011 Καὶ
1195 1984 1265 2020 μετὰ
1275 1984 1305 2012 τὸ
1324 1984 1399 2016 τέλος
1413 1984 1467 2011 τῶν
1481 1985 1592 2020 ἡμερῶν
1606 1984 1661 2019 ἐγὼ
1674 1985 1815 2021 Ναϐουχο-

1025 2030 1135 2066 δονόσορ
1148 2031 1211 2062 τοὺς
1222 2030 1376 2065 ὀφθαλμούς
1394 2039 1444 2066 μου
1467 2030 1507 2062 είς
1519 2031 1566 2057 τὸν
1584 2031 1696 2067 οὐρανὸν
1708 2031 1814 2062 ἐλαόον,

1022 2077 1074 2103 καὶ
1090 2077 1119 2103 αἱ
1138 2077 1235 2112 φρένες
1252 2085 1303 2112 μου
1318 2076 1362 2104 ἐπ’
1387 2077 1437 2112 ἐμὲ
1452 2077 1674 2112 ἐπεστράφησαν,
1700 2078 1748 2104 καὶ
1770 2078 1816 2104 τδν

1027 2122 1158 2157 Ὕψιστον
1176 2123 1313 2158 εὐλόγησα
1323 2142 1331 2155 ,
1346 2123 1392 2149 καὶ
1408 2123 1454 2150 τὸν
1470 2122 1559 2154 ζῶντα
1573 2124 1614 2155 εἰς
1637 2123 1699 2154 τοὺς
1713 2122 1815 2154 αἰῶνας

1025 2166 1128 2201 ᾔνεσα,
1144 2167 1192 2193 καὶ
1205 2166 1319 2198 ἐδόξασα
1332 2186 1340 2199 ,
1355 2167 1396 2193 ὅτι
1419 2167 1436 2202 ἡ
1462 2167 1570 2199 ἐξουσία
1593 2166 1687 2199 αὑτοῦ,
1705 2166 1816 2199 ἐξουσία

1026 2211 1149 2244 αἰώνιος,
1173 2212 1221 2239 καὶ
1237 2213 1254 2248 ἡ
1277 2212 1401 2247 βασιλεία
1414 2212 1497 2240 αὑτοῦ
1520 2213 1561 2245 εἰς
1578 2213 1675 2248 γενεὰν
1704 2213 1752 2240 καὶ
1764 2221 1815 2247 γε-

1026 2266 1099 2285 νεαν.

1061 2303 1106 2333 32.
1126 2303 1181 2330 Kal
1195 2303 1295 2336 πάντες
1305 2304 1330 2330 οί
1345 2305 1534 2336 κατοικοῦντες
1550 2305 1599 2341 τὴν
1617 2305 1669 2340 γῆν
1688 2305 1725 2336 ὡς
1739 2305 1815 2331 οὐδὲν

1026 2349 1204 2385 ἐλογίσθησαν
1215 2358 1223 2365 ⁸
1239 2350 1286 2377 καὶ
1304 2350 1374 2377 κατὰ
1388 2351 1418 2377 τὸ
1435 2350 1541 2386 θέλημα
1558 2350 1642 2378 αὐτοῦ
1652 2352 1724 2378 ποιεί
1739 2352 1768 2378 ὲν
1781 2352 1814 2386 τῇ

1025 2396 1139 2431 δυνάμει
1162 2395 1209 2423 τοῦ
1223 2396 1352 2432 οὐρανοῦ,
1370 2397 1417 2423 καὶ
1439 2397 1468 2423 ἐν
1491 2398 1524 2432 τῇ
1541 2397 1669 2433 κατοικία
1683 2397 1733 2431 τῆς
1749 2397 1812 2431 γῆς.

1026 2443 1082 2469 Kal
1094 2443 1143 2469 οὒκ
1158 2442 1231 2469 ἔστιν
1245 2443 1276 2475 ὃς
1291 2443 1482 2479 ἀντιστήσεται
1506 2444 1538 2479 τῇ
1555 2443 1626 2479 χειρὶ
1643 2442 1736 2476 αὑτοῦ,
1767 2443 1814 2470 καὶ

1026 2489 1084 2524 ἐρεῖ
1102 2488 1184 2523 αὐτῷ*
1201 2488 1233 2515 Τί
1246 2488 1393 2524 ὲποίησας;

1062 2535 1106 2562 55.
1122 2534 1202 2570 Δὺτῷ
1215 2534 1254 2570 τῷ
1270 2535 1359 2570 καιρῷ
1373 2535 1400 2562 αι
1415 2535 1511 2570 φρένες
1537 2543 1588 2571 μου
1601 2534 1814 2570 ἐπεστράφησαν

1025 2580 1069 2607 ἐπ’
1085 2581 1156 2616 ἐμοὶ,
1174 2580 1221 2608 καὶ
1236 2581 1276 2612 είς
1290 2581 1339 2616 τὴν
1351 2581 1433 2616 τιμὴν
1443 2582 1493 2617 τῆς
1509 2580 1647 2616 βασιλείας
1658 2589 1709 2616 μου
1720 2577 1812 2616 ἦλθον.

1027 2626 1075 2653 καὶ
1093 2627 1110 2662 ἡ
1127 2627 1218 2662 μορφή
1233 2635 1284 2662 μου
1299 2627 1467 2663 ἐπέστρεψεν
1481 2627 1524 2654 ἐπ’
1548 2626 1608 2662 ἐμὲ,
1640 2626 1688 2652 καὶ
1715 2626 1740 2652 οι
1767 2624 1814 2651 τύ-

1028 2672 1119 2709 ραννοί
1139 2681 1201 2708 μου,
1225 2673 1274 2700 καὶ
1289 2673 1314 2700 οἱ
1330 2673 1492 2708 μεγιπᾶνές
1508 2681 1558 2708 μου
1575 2672 1689 2708 ἐζήτουν
1705 2680 1750 2707 με,
1766 2671 1814 2698 καὶ

1026 2719 1073 2744 ἐπὶ
1083 2718 1132 2753 τὴν
1149 2718 1285 2753 βασιλείαν
1297 2728 1348 2755 μου
1359 2719 1557 2754 ὲκραταιώθην,
1569 2719 1616 2746 καὶ
1633 2717 1812 2754 μεγαλωσύνη

1027 2764 1208 2799 περισσοτέρα
1222 2764 1373 2800 προσετέθη
1388 2773 1444 2800 μοι.

1063 2810 1106 2837 54.
1124 2811 1180 2838 Kal
1196 2810 1244 2837 νῦν
1257 2810 1313 2844 ἐγὼ
1323 2810 1558 2846 Ναϐουχοδονόσορ
1573 2809 1641 2837 αἰνῶ
1651 2830 1659 2843 ,
1682 2809 1728 2836 καὶ
1743 2808 1813 2844 ὑψῶ,

1029 2856 1076 2884 καὶ
1100 2856 1203 2889 δοξάζω
1218 2857 1261 2884 τὸν
1279 2857 1390 2892 βασιλέα
1413 2856 1459 2884 τοῦ
1474 2855 1600 2892 οὐρανοῦ,
1618 2857 1658 2883 ὅτι
1674 2855 1813 2893 nava}:
