1967 3079
193 136 266 166 2365

917 136 1032 165 CAPUT
1055 137 1086 166 V.

1750 141 1822 168 εεσσ

193 201 263 234 ἔργα
275 196 362 224 αὐτοῦ
384 185 511 232 ἀληθινὰ,
525 196 574 224 καὶ
585 196 614 224 αἰ
623 195 712 232 τρίὸοι
725 195 808 223 αὐτοῦ
821 196 922 232 κρίσις,
939 196 982 224 καὶ

1045 197 1098 231 ejus
1113 205 1186 231 vera,
1201 202 1227 225 et
1240 197 1344 226 semita
1358 198 1419 233 ejus
1438 197 1583 233 judicium,
1599 203 1626 227 et
1644 206 1740 227 omnes
1757 207 1821 233 gra-

192 244 299 275 πάντας
322 244 387 275 τοὺς
411 243 610 279 πορευομένους
622 243 650 269 ὲν
666 241 850 278 ὑπερηφανίᾳ,
872 241 983 269 δύναται

190 289 370 318 ταπεινῶσαι.

456 333 656 360 ΚΕΦΑΛΑΙΟΝ
680 332 718 360 ε’.

229 379 256 407 Ι.
273 379 417 414 Βαλτάσαρ
433 380 446 406 6
464 379 587 414 βασιλεὺς
599 378 710 414 ἐποίησε
722 378 828 404 δεῖπνον
843 378 913 413 μέγα
926 378 982 410 τοῖς

193 426 355 461 μεγιστᾶσιν
375 425 458 453 αὐτοῦ
470 425 564 461 χιλίοις
577 445 585 458 ,
603 424 650 451 xui.
667 424 809 451 κατέναντι
822 423 876 450 τῶν
888 423 981 459 χιλίων

190 473 205 500 6
214 469 297 503 οἶνος.

226 518 255 545 2.
268 518 356 545 [Ιίνων
377 517 521 552 Βαλτάσαρ
535 517 550 543 6
567 516 693 552 βασιλεὺς
705 513 782 542 εἶπεν
793 516 823 542 ὲν
838 517 871 552 τῇ
887 515 980 549 γεύσει

190 562 238 590 τοῦ
253 563 336 595 οἴνου,
352 562 401 588 τοῦ
421 562 543 596 ἐνεγκεῖν
560 561 593 588 τὰ
609 561 693 596 σκεύη
708 560 743 587 τὰ
757 561 858 597 χρυσᾶ,
886 560 931 587 καί
946 561 980 588 τὰ

189 609 309 644 ἀργυρᾶ,
326 607 344 635 ά
359 608 488 643 ἐξήνεγκε
503 606 740 642 Ναὸουχοδονόσορ
752 607 767 633 6
789 605 880 642 πατὴρ
895 605 978 634 αὑτοῦ

189 655 223 682 ὲκ
244 655 291 681 τοῦ
316 653 380 681 ναοῦ
397 653 446 680 τοῦ
460 653 489 679 ἐν
512 651 701 688 Ἰερουσαλὴμ,
719 651 767 678 xui.
791 651 926 678 πιέτωσαν
949 652 978 678 ιν

188 701 284 730 αὐτοῖς
296 699 310 725 6
325 699 461 734 βασιλεὺς,
482 698 530 728 καὶ
554 698 577 725 oi
601 698 764 732 μεγιστᾶνες
778 696 873 729 αὑτοῦ,
889 697 936 724 καὶ
948 697 977 724 ut

189 744 352 780 παράκοποι
366 743 460 775 αὐτοῦ,
476 743 524 769 καὶ
536 742 565 769 αἰ
582 741 717 769 παλλακαὶ
729 741 824 769 αὐτοῦ.

224 791 252 818 5.
271 790 326 816 Καὶ
341 787 441 824 ἠνέχθη
456 788 490 815 τὰ
504 787 587 823 σκεύη
599 787 633 814 τὰ
645 787 763 824 ἀργυρᾶ,
775 787 822 814 xui.
833 786 868 813 τὰ
876 787 975 822 χρυσᾶ,

189 837 207 865 ἃ.
220 837 351 872 ἐξήνεγκε
366 833 600 870 Ναϐουχοδονόσορ
613 834 645 860 ἐκ
658 833 706 860 τοῦ
717 833 781 860 ναοῦ
794 833 840 860 τοῦ
851 833 919 860 Θεοῦ
929 833 976 860 τοῦ

1037 242 1142 270 dientes
1156 243 1182 270 in
1197 243 1324 279 superbia
1335 249 1423 279 potest
1438 243 1591 271 humiliare.

1346 340 1461 370 CAPUT
1483 340 1514 369 ν.

1070 388 1095 415 1.
1119 387 1242 415 Baltasar
1255 396 1302 415 rex
1319 388 1383 416 fecit
1406 389 1507 424 grande
1531 388 1687 416 convivium
1703 387 1820 423 optima-

1034 433 1106 461 tibus
1115 434 1172 461 suis
1185 434 1269 467 mille,
1282 439 1308 462 et
1317 442 1332 462 e
1345 435 1454 470 regione
1470 435 1590 469 ipsorum
1600 434 1684 468 mille,
1694 435 1798 462 vinum.

1067 524 1095 552 Ξ.
1115 525 1216 553 Bibens
1242 525 1365 553 Baltasar
1392 533 1439 554 rex
1470 526 1540 554 dixit
1561 526 1588 553 in
1612 530 1692 561 gustu
1708 526 1773 559 vini,
1788 530 1821 553 ut.

1032 570 1193 598 alierrentur
1206 578 1270 598 vasa
1289 579 1381 604 aurea,
1396 575 1423 599 et
1438 575 1566 606 argentea
1579 593 1587 605 ,
1616 579 1677 607 quae
1696 576 1819 606 asporta-

1031 619 1107 643 verat
1120 614 1374 643 Nabuchodonosor
1388 621 1465 651 pater
1481 617 1541 651 ejus
1565 616 1598 644 de
1616 617 1725 652 templo,
1742 617 1816 651 quod

1030 664 1090 687 erat
1105 660 1131 687 in
1145 659 1307 693 Jerusalem,
1317 667 1344 689 et
1358 662 1482 689 biberent
1498 662 1525 689 in
1538 663 1578 690 eis
1592 670 1648 695 rex,
1662 667 1690 690 et
1699 662 1816 698 optima-

1031 709 1070 733 tes
1081 705 1151 741 ejus,
1163 711 1190 734 et
1203 707 1362 735 concubinae
1375 707 1445 742 ejus,
1457 712 1483 736 et
1497 713 1587 736 scorta
1605 708 1675 744 ejus.

1066 796 1092 824 5.
1114 797 1148 824 Et
1164 797 1245 824 allata
1261 801 1325 825 sunt
1341 805 1405 825 vasa
1420 802 1560 833 argentea,
1585 802 1612 826 et
1641 805 1734 831 aurea,
1755 805 1816 832 qua:

1030 847 1217 877 asportaverat
1230 842 1485 871 Nabuchodonosor
1500 844 1533 872 de
1544 844 1645 879 templo
1664 843 1720 877 Dei,
1742 843 1816 878 quod

189 883 219 910 ἐν
238 881 428 918 Ἰερουσαλὴμ,
446 881 493 907 xui.
507 880 599 907 ἔπινον
609 881 638 907 ὲν
650 880 741 912 αὐτοῖς
756 881 771 907 6
785 879 920 915 βασιλεὺς,
932 880 979 906 καὶ

1045 893 1120 916 uerat
1131 889 1158 916 in
1174 888 1326 916 Jerusalem
1341 898 1348 916 :
1361 894 1388 916 et
1402 889 1530 917 bibebant
1545 889 1571 916 in
1584 877 1624 917 eis
1638 897 1695 922 rex,
1706 894 1733 917 et
1746 877 1817 924 opti-

188 928 213 955 οι
227 927 390 962 μεγιστᾶνες
399 924 482 952 αὐτοῦ
492 945 499 959 ,
516 925 564 952 καὶ
589 926 750 962 παράκοιτοι
763 924 843 952 αὑτοῦ
854 945 862 959 ,
887 925 936 952 xui.
950 925 978 951 αἱ

188 973 328 1000 παλλακαὶ
341 971 435 999 αὐτοῦ.

223 1019 251 1046 4.
264 1018 320 1044 Καὶ
338 1017 430 1044 ἔπινον
451 1015 534 1047 οἶνον,
549 1016 598 1043 xui.
623 1016 725 1051 ᾔνεσαν
738 1015 801 1047 τοὺς
822 1014 899 1046 θεοὺς
916 1015 979 1046 τοὺς

187 1062 316 1098 χρυσοῦς,
333 1062 380 1088 xui.
396 1061 543 1097 ἀργυροῦς,
569 1061 617 1088 καὶ
632 1060 761 1096 χαλκοῦς,
777 1060 824 1087 xui.
841 1059 978 1095 σιδηροῦς,

188 1109 236 1136 xui.
248 1107 382 1140 ξυλίνους,
405 1107 453 1133 xui.
467 1106 585 1138 λιθίνους
599 1115 605 1121 ·
626 1107 674 1132 καὶ
689 1106 736 1132 τὸν
749 1106 815 1132 Θεὸν
829 1105 876 1132 τοῦ
894 1105 979 1141 οὐρα-

188 1153 234 1181 νοῦ
246 1154 296 1180 οὐκ
310 1153 470 1189 εὐλόγησαν,
485 1152 531 1179 τὸν
544 1152 639 1188 ἔχοντα
651 1152 775 1186 ἐξουσίαν
795 1151 843 1178 τοῦ
856 1151 980 1187 πνεύμαα

188 1208 235 1232 τος
246 1199 347 1227 αὐτῶν.

224 1247 251 1274 5.
269 1246 314 1272 Ἐν
330 1245 398 1281 αὐτῇ
422 1247 455 1281 τῇ
479 1244 540 1281 ὥρᾳ
554 1244 666 1279 ἐξῆλθον
689 1244 816 1271 δάκτυλοι
829 1244 920 1280 χειρὸς
932 1244 980 1272 ἀν-

188 1291 310 1327 θρώπου,
326 1292 374 1318 καὶ
391 1291 511 1327 ἔγραφον
522 1291 667 1318 κατέναντι
678 1290 728 1325 τῆς
739 1290 881 1326 λαμπάδος
892 1291 939 1317 ὲπὶ
949 1290 980 1317 τὸ

187 1338 309 1373 κονίαμα
322 1337 370 1365 τοῦ
384 1337 473 1372 τοίχου
489 1337 535 1364 τοῦ
560 1337 636 1364 οῐκου
658 1337 706 1364 τοῦ
725 1336 857 1372 βασιλέως
868 1345 875 1352 ·
899 1337 947 1364 xui.
965 1338 980 1363 6

188 1382 316 1418 βασιλεὺς
333 1382 445 1418 ἐθεώρει
465 1383 529 1414 τοὺς
550 1383 737 1417 ἀστραγάλους
756 1382 806 1418 τῆς
825 1382 917 1419 χειρὸς
929 1384 980 1419 τῆς

187 1428 360 1464 γραφούσης-

224 1474 252 1502 6.
268 1473 334 1500 Τότε
350 1473 397 1501 τοῦ
411 1473 544 1509 βασιλέως
566 1473 583 1509 ὴ
601 1472 692 1509 μορφὴ
715 1473 862 1509 ἠλλοιώθη,
888 1474 936 1501 xui.
954 1474 979 1500 οἰ

189 1520 361 1556 διαλογισμοὶ
374 1520 456 1548 αὐτοῦ
469 1520 667 1556 ωνετάρασσον
678 1521 758 1548 αὐτὸν
768 1542 775 1554 ,
790 1521 837 1548 xui.
851 1521 876 1547 οἰ
890 1521 981 1547 σύνδε-

190 1575 256 1602 σμοι
270 1566 322 1601 τῆς
332 1566 432 1601 ὀσφύος
449 1566 530 1594 αὑτοῦ
545 1566 690 1599 διελύοντο,
703 1567 752 1594 καὶ
767 1566 802 1593 τά
820 1567 921 1602 γόνατα
932 1567 981 1593 αὐ-

189 1611 238 1639 τοῦ
253 1614 287 1646 Χ
304 1613 383 1639 τοῦτο
397 1612 485 1648 τούτῳ
495 1613 523 1648 /.
541 1612 729 1648 συνεκρούετο.

225 1658 254 1685 7.
273 1658 328 1685 Καὶ
345 1659 458 1694 ἐϐόησεν
469 1659 483 1685 6
497 1658 623 1694 βασιλεὺς
635 1660 663 1685 ὲν
679 1658 752 1694 ἰσχύϊ
764 1658 811 1685 τοῦ
826 1659 982 1693 εἰσαγαγεῖν

190 1703 308 1738 μάγους,
325 1703 496 1735 Χαλδαίους,
517 1702 705 1739 γαζαρηνούς·
731 1703 778 1730 καὶ
805 1703 941 1739 ἀπεκρίθη
968 1704 983 1730 6

189 1750 327 1785 βασιλεὺς,
344 1750 390 1777 xui.
406 1747 483 1777 εἶπεν
499 1751 554 1782 τοῖς
567 1751 659 1785 σοφοῖς
681 1749 849 1783 Βαϐυλῶνος,
868 1750 910 1777 ὅτι
923 1751 983 1782 Πᾶς

189 1795 351 1832 ἄνθρωπος,
373 1796 402 1828 ὃς
422 1796 470 1823 ἐὰν
492 1796 601 1831 ἀναγνῷ
617 1796 666 1831 τὴν
680 1795 788 1832 γραφὴν
799 1795 900 1832 ταύτην
910 1816 918 1828 ,
934 1797 983 1823 καὶ

188 1842 241 1877 τὴν
258 1841 401 1878 σύγκρισιν
412 1841 498 1877 αὐτῆς
511 1841 632 1878 γνωρίσῃ
646 1850 701 1876 μοι,
718 1841 863 1879 πορφύραν
875 1841 984 1868 ὲνδύσευ

189 1896 249 1921 ται,
259 1888 306 1915 καὶ
319 1889 332 1915 6
348 1889 482 1924 μανιάκης
501 1889 514 1915 6
525 1887 643 1924 χρυσοῦς
657 1888 704 1914 ἐπὶ
721 1887 768 1914 τοῦ
785 1887 920 1924 τραχήλου
935 1887 984 1914 αὐ-

189 1933 252 1968 τοῦ,
262 1935 309 1961 xui.
321 1934 412 1970 τρίτος
425 1935 453 1961 ὲν
464 1935 497 1970 τῇ
514 1933 639 1969 βασιλείᾳ
651 1942 702 1969 μου
719 1933 807 1969 ἄρξει.

229 1981 257 2008 8.
275 1981 331 2007 Καὶ
347 1979 552 2015 εἰσεπορεύοντο
576 1979 674 2011 πάντες
694 1980 718 2006 οἰ
741 1979 820 2014 σοφοὶ
839 1977 886 2005 τοῦ
908 1978 979 2014 βασι·

190 2027 275 2059 λέως,
288 2025 336 2053 xui.
348 2026 399 2052 οὐκ
414 2025 544 2061 ¹ἰγδύναντο
560 2024 609 2061 τὴν
623 2025 730 2060 γραφὴν
744 2024 909 2060 ἀναγνῶναι,
924 2024 984 2052 οὐδὲ

192 2073 244 2109 τὴν
257 2073 401 2108 σύγκρισιν
414 2071 547 2107 γνωρίσαι
565 2071 603 2107 τῷ
620 2071 734 2106 βασιλεῖ.

230 2117 258 2146 9.
271 2118 328 2144 Καὶ
343 2118 357 2143 6
370 2116 495 2152 βασιλεὺς
507 2115 650 2151 Βαλτάσαρ
662 2116 811 2152 ἐταράχθη,
826 2117 872 2143 xui
888 2117 905 2150 ἡ
918 2125 984 2152 μορ-

194 2163 234 2198 φὴ
246 2162 327 2189 αὑτοῦ
337 2161 471 2197 ἠλλοιώθη
489 2161 531 2188 ἐπ’
547 2161 631 2196 αὐτῷ,
655 2162 703 2188 xui.
723 2163 748 2188 οί
762 2163 923 2198 μεγιστᾶνες
934 2162 985 2189 ui»

193 2209 244 2239 τοῦ
260 2208 500 2243 συνεταράσσοντο.

232 2254 277 2281 10.
291 2254 348 2280 Καὶ
363 2255 378 2289 ἠ
395 2253 538 2289 βασίλισσα
554 2253 698 2280 κατέναντι
711 2252 765 2280 τῶν
779 2253 867 2287 λόγων
878 2252 925 2280 τοῦ
937 2253 986 2288 βας

197 2299 305 2331 σιλέως,
321 2299 435 2326 καὶτῶν
449 2299 619 2334 μεγιστάνων
631 2298 713 2325 αὑτοῦ
733 2299 773 2330 είς
792 2298 837 2325 τὸν
852 2297 924 2325 οἷκον
938 2298 985 2325 τοῦ

197 2345 282 2372 πότου
292 2345 427 2380 εἰσῆλθεν,
441 2345 489 2372 xui.
496 2344 633 2380 ἀπεκρίθη
642 2345 659 2380 ἡ
674 2344 826 2380 βασίλισσα,
840 2345 887 2371 καὶ
899 2344 985 2372 εἶπεν·

198 2390 327 2422 Βασιλεῦ,
339 2391 379 2422 είς
393 2390 457 2421 τοὺς
471 2387 572 2421 αἰῶνας
588 2390 651 2426 ζῆθι
660 2399 666 2405 ·
680 2389 717 2425 μὴ
730 2390 940 2426 ταρασσέτωσάν
957 2398 987 2416 σε

197 2437 225 2464 οἱ
239 2435 412 2472 διαλογισμοί
423 2444 482 2468 σου,
495 2436 543 2462 xui.
556 2437 573 2471 ἡ
594 2436 683 2471 μορφή
699 2443 745 2462 σου
761 2435 799 2471 μὴ
812 2435 985 2462 ὰλλοιούσθω.

235 2483 280 2509 Η.
299 2482 395 2508 Ἔστιν
409 2481 478 2517 ἀνὴρ
493 2481 522 2508 ὲν
538 2482 571 2517 τῇ
592 2481 713 2516 βασιλείᾳ
729 2489 787 2514 σου,
802 2482 831 2507 ἐν
841 2479 863 2516 ᾧ
876 2481 987 2516 Πνεῦμα

197 2529 266 2556 Θεοῦ
282 2529 359 2563 ἆγιον
371 2530 400 2555 ὲν
412 2528 495 2564 αὐτῷ,
510 2528 558 2554 xui.
577 2529 605 2554 ὲν
620 2529 680 2559 ταῖς
694 2528 809 2564 ἡμέραις
825 2527 871 2554 τοῦ
885 2528 988 2564 πατρός

199 2583 247 2602 σου
263 2575 432 2611 γρηγόρησις
446 2575 493 2601 καὶ
517 2574 623 2605 σύνεσις
647 2573 746 2609 εὑρέθη
767 2574 796 2600 ὲν
809 2573 895 2608 αὐτῷ,
913 2574 961 2600 καὶ
974 2574 988 2599 6

202 2620 328 2655 βασιλεὺς
342 2619 577 2654 Ναϐουχοδονόσορ
593 2619 607 2645 6
636 2619 727 2653 πατήρ
744 2626 791 2644 σου
802 2618 921 2654 ἄρχοντα
939 2619 988 2645 ὲπ-

200 2666 315 2699 αοιδῶν,
347 2665 452 2701 μάγων,
481 2664 641 2697 Χαλδαίων,
665 2664 826 2700 γαζαρηνῶν
857 2663 989 2699 κατέστη-

203 2719 249 2738 σεν
267 2711 357 2739 αὑτὸν.

239 2756 284 2783 12.
298 2756 359 2783 Ὀτι
375 2755 484 2791 πνεῦμα
498 2755 626 2791 περισσὸν
638 2756 668 2783 ὲν
683 2755 767 2792 αὐτῷ,
785 2756 832 2782 καὶ
847 2755 987 2791 φρόνησις,

202 2801 251 2828 xui.
258 2801 374 2833 σύνεσις,
383 2801 536 2837 συγκρίνων
547 2800 669 2834 ἐνύπνια,
679 2801 726 2828 καὶ
734 2801 909 2836 ἀναγγέλλων
921 2810 989 2836 κρα-

202 2847 321 2884 τούμενα
331 2856 338 2863 ·
356 2847 402 2875 xui.
411 2847 426 2874 6
442 2846 567 2883 βασιλεὺς
582 2847 714 2884 ἐπέθηκεν
728 2847 800 2883 αὐτῷ
825 2847 908 2883 ΰνομα
922 2846 988 2875 Βαλ-

1030 939 1117 962 mates
1131 935 1202 969 ejus,
1220 939 1248 962 et
1257 935 1417 963 concubinae
1431 936 1501 970 ejus,
1515 939 1542 963 et
1552 940 1642 963 scorta
1658 935 1728 970 ejus.

1065 1026 1093 1053 4.
1114 1025 1146 1053 Et
1162 1025 1291 1053 bibebant
1306 1025 1410 1058 vinum,
1428 1030 1454 1053 et
1466 1025 1613 1057 laudabant
1627 1024 1693 1052 deos
1704 1032 1814 1059 aureos,

1030 1076 1055 1100 et
1067 1077 1220 1107 argenteos,
1234 1077 1261 1098 et
1283 1079 1380 1104 terms,
1406 1076 1434 1099 et
1459 1071 1563 1099 ferreos
1575 1091 1583 1104 ,
1601 1070 1771 1105 ligneosque,
1787 1074 1815 1097 et

1031 1117 1152 1153 lapideos
1168 1125 1174 1143 :
1191 1121 1217 1144 et
1238 1117 1294 1144 Deo
1316 1117 1378 1144 coeli
1404 1124 1456 1144 non
1477 1116 1677 1145 benedixerunt
1704 1115 1814 1144 habenti

1031 1166 1191 1198 potestatem
1206 1163 1317 1198 spiritus
1337 1170 1444 1191 eorum.

1067 1253 1092 1280 5.
1107 1252 1136 1280 In
1149 1253 1242 1281 eadem
1255 1253 1322 1281 hora
1336 1253 1439 1287 egressi
1454 1257 1517 1281 sum
1526 1253 1602 1288 digiti
1614 1259 1711 1281 manus
1723 1252 1815 1280 homi-

1031 1299 1084 1332 nis,
1097 1304 1124 1326 et
1136 1299 1292 1327 scribebam
1305 1307 1320 1327 e
1331 1300 1442 1335 regione
1455 1299 1588 1334 lampadis
1602 1299 1629 1326 in
1641 1299 1754 1327 tectorio
1767 1306 1816 1334 pa-

1030 1344 1106 1372 rietis
1119 1344 1217 1372 domus
1231 1346 1322 1380 regis;
1339 1349 1366 1372 et
1378 1353 1429 1372 rex
1443 1344 1676 1380 contemplabatur
1685 1344 1815 1372 articulos

1028 1398 1128 1418 manus
1141 1390 1296 1418 scribentis.

1066 1481 1093 1509 6.
1113 1481 1192 1509 Tune
1208 1481 1279 1516 regis
1297 1480 1383 1508 forma
1397 1481 1540 1508 immutata
1555 1485 1606 1514 est,
1622 1484 1650 1508 et
1672 1479 1817 1516 cogitatio-

1033 1535 1082 1555 nes
1107 1528 1167 1561 ejus
1190 1527 1391 1554 conturbabant
1409 1535 1483 1558 eum,
1509 1531 1536 1554 et
1561 1533 1705 1562 compages
1720 1533 1815 1554 renum

1032 1574 1092 1608 ejus
1105 1573 1334 1605 dissolvebantur,
1354 1576 1380 1599 et
1407 1579 1494 1607 genua
1519 1571 1580 1607 ejus
1605 1571 1721 1599 alterum
1737 1571 1816 1599 alteri

1031 1619 1240 1647 collidehantur.

1067 1665 1093 1692 7.
1117 1665 1149 1692 Et
1165 1664 1292 1692 clamavit
1311 1670 1359 1692 rex
1376 1665 1403 1691 in
1419 1662 1588 1695 fortitudine,
1613 1666 1643 1690 ut
1662 1662 1818 1690 introduee.

1031 1713 1091 1737 rent
1102 1716 1204 1744 magos,
1216 1708 1368 1742 Chaldaeos,
1383 1715 1542 1742 gazarenos.
1560 1706 1593 1734 Et
1606 1707 1745 1741 respondit
1757 1714 1815 1740 rex,

1031 1759 1059 1782 et
1072 1754 1140 1782 dixit
1152 1754 1319 1789 sapientibus
1331 1753 1476 1789 Babylonis
1486 1774 1494 1786 ,
1522 1753 1595 1788 quod
1612 1751 1708 1780 Omnis
1733 1753 1818 1780 homo

1033 1801 1199 1835 quicumque
1212 1800 1308 1835 legerit
1319 1800 1481 1833 scripturam
1496 1799 1577 1832 hanc,
1590 1803 1617 1826 et
1632 1798 1817 1832 conjecturam

1033 1845 1093 1880 ejus
1108 1845 1281 1873 manifestam
1296 1845 1363 1872 mihi
1377 1844 1481 1878 fecerit,
1495 1852 1614 1879 purpura
1635 1843 1776 1876 vestietur,
1792 1848 1819 1871 et

1034 1896 1145 1926 torques
1160 1899 1242 1919 aurea
1258 1899 1340 1927 super
1349 1892 1449 1919 collum
1467 1891 1537 1926 ejus,
1550 1897 1577 1919 et
1588 1891 1684 1919 tertius
1695 1891 1722 1918 in
1733 1899 1818 1926 regno

1033 1945 1094 1964 meo
1109 1937 1235 1972 princeps
1249 1937 1310 1964 erit.

1069 1982 1096 2009 8.
1120 1982 1151 2008 Et
1168 1981 1388 2016 ingrediebantur
1416 1988 1512 2008 omnes
1536 1980 1671 2015 sapientes
1692 1980 1774 2015 regis,
1792 1984 1819 2007 et

1035 2035 1088 2054 non
1106 2031 1230 2060 poterant
1244 2027 1406 2062 scripturam
1423 2026 1521 2062 legere,
1538 2033 1627 2061 neque
1641 2025 1819 2061 signiﬁcatio-

1035 2081 1096 2101 nem
1112 2072 1230 2099 indicare
1239 2072 1306 2106 regi.

1070 2118 1096 2145 9.
1118 2118 1151 2144 Et
1179 2124 1223 2144 rex
1243 2117 1365 2143 Baltasar
1389 2117 1513 2144 turbatus
1538 2120 1590 2150 est,
1607 2120 1634 2143 et
1658 2115 1744 2142 forma
1760 2115 1819 2150 ejus

1036 2162 1177 2190 immutata
1194 2169 1235 2191 est
1250 2163 1276 2189 in
1291 2163 1347 2194 illo,
1368 2167 1395 2190 et
1418 2163 1562 2198 optimates
1587 2162 1646 2198 cjus
1673 2162 1818 2190 conturba-

998 2212 1022 2239 D
1037 2212 1146 2238 bantur.

1073 2255 1117 2283 i0.
1139 2255 1171 2282 Et
1186 2254 1277 2290 regina
1290 2258 1399 2289 propter
1415 2255 1496 2281 verba
1511 2254 1594 2289 regis,
1617 2258 1645 2281 et
1658 2254 1819 2289 optimatum

1038 2300 1097 2335 ejus
1113 2300 1140 2326 in
1157 2300 1268 2327 domum
1283 2298 1399 2326 convivii
1415 2298 1537 2334 ingressa
1560 2303 1621 2332 est,
1639 2303 1666 2326 et
1683 2299 1823 2334 respondit

1038 2346 1140 2380 regina,
1151 2350 1178 2373 et
1190 2345 1258 2372 dixit
1276 2355 1282 2372 :
1303 2345 1371 2378 Rex,
1388 2344 1415 2371 in
1428 2349 1557 2371 aeternum
1575 2345 1634 2372 vive
1655 2353 1662 2370 :
1682 2352 1735 2371 non
1756 2352 1822 2371 con-

1038 2391 1148 2418 turbent
1164 2395 1189 2418 te
1206 2390 1384 2426 cogitationes
1399 2393 1460 2423 tuae,
1476 2394 1504 2417 ct
1517 2389 1606 2416 forma
1633 2393 1678 2416 tua
1702 2397 1756 2416 non
1773 2389 1825 2416 in.-

1038 2441 1166 2464 mutetur.

1078 2484 1122 2511 Η.
1145 2483 1192 2511 Est
1207 2483 1248 2510 vir
1264 2483 1290 2510 in
1304 2489 1388 2518 regno
1401 2485 1460 2514 tuo,
1475 2481 1501 2508 in
1518 2488 1573 2515 quo
1591 2484 1632 2508 est
1643 2479 1761 2514 Spiritus
1774 2479 1819 2506 Dei

1039 2535 1150 2558 sanctus
1168 2530 1195 2557 in
1216 2537 1258 2562 eo,
1273 2529 1338 2556 etin
1354 2529 1449 2556 diebus
1473 2527 1559 2563 patris
1576 2527 1615 2554 tui
1639 2527 1778 2561 vigilantia
1797 2530 1825 2553 et

1040 2576 1216 2611 intelligentia
1231 2576 1346 2603 iuventte
1357 2579 1420 2603 sunt
1433 2575 1460 2602 in
1475 2582 1526 2608 eo;
1539 2579 1565 2602 et
1580 2581 1626 2601 rex
1640 2572 1818 2601 Nabuchodo-

1040 2630 1125 2650 nosor
1142 2626 1218 2656 pater
1239 2626 1302 2649 tuus
1322 2622 1471 2656 principem
1498 2621 1709 2652 incantatorum,
1732 2627 1819 2654 mago-

1039 2675 1112 2700 rum,
1125 2666 1326 2698 Chaldasorum.
1341 2673 1538 2700 gazarenorum
1554 2664 1697 2692 constituit
1713 2671 1786 2691 eum.

1079 2756 1121 2783 12.
1143 2755 1211 2789 Quia
1226 2754 1338 2790 spiritus
1349 2753 1462 2788 amplior
1476 2753 1502 2780 in
1522 2761 1563 2785 eo,
1578 2757 1605 2780 et
1626 2751 1780 2787 prudentia,
1797 2753 1821 2776 ct

1041 2802 1193 2830 intellectus
1215 2800 1364 2836 cunjiciens
1386 2799 1501 2831 somnia,
1517 2805 1545 2827 et
1565 2798 1688 2826 indicans
1699 2800 1822 2824 ostenta:

1041 2853 1066 2875 et
1084 2854 1129 2875 rex
1156 2845 1285 2881 imposuit
1298 2845 1325 2873 ei.
1342 2852 1439 2873 nomen
1467 2843 1588 2872 Baltasar
1607 2851 1613 2871 :
1644 2848 1715 2869 nunc
1733 2840 1824 2874 itaque
