1967 3079
204 116 272 143 2851

741 114 867 141 DANIEL
886 114 1001 142 JUXTA
1016 114 1292 145 THEODOTIONEM

1755 120 1830 148 2851

201 180 228 201 ct
239 174 305 202 deos
319 179 379 202 tuos
392 181 444 202 neu
456 173 559 205 colunt,
573 177 600 201 et
614 172 758 208 imaginem
773 179 976 207 auream,quan

1040 173 1150 208 δόγματι
1165 184 1222 209 σου,
1240 175 1360 210 βασιλεῦ,
1376 176 1422 203 καὶ
1432 175 1569 208 τοῐςθεοῖς
1579 185 1625 203 σου
1635 177 1665 203 οὐ
1681 177 1830 213 λατρεύου-

201 219 331 253 statuisti,
345 227 397 246 non
411 219 535 246 adorant.

236 307 281 334 15.
311 306 388 334 Tunc
420 305 672 334 Nabuchodonosor
699 305 731 331 in
756 305 848 332 furore
887 309 914 332 ct
947 305 987 331 ira

201 352 280 385 dixit,
294 356 324 378 ut
338 351 505 379 adducerent
535 350 670 383 Sedrach,
689 350 814 382 Misach,
842 354 869 378 et
896 350 987 378 Abde-

203 405 273 432 nago
289 407 296 425 :
311 403 338 425 et
353 398 402 424 viri
417 397 454 424 illi
472 397 580 424 adducti
594 401 658 424 sunt
672 397 698 424 in
711 402 856 431 conspectu
872 397 953 431 regis.

237 443 280 470 H.
304 443 336 470 Et
348 443 488 477 respondit
508 442 769 475 Nabuchodonosor,
794 446 821 469 et
842 442 910 469 dixit
928 441 986 470 eis:

200 491 240 517 An
259 497 322 517 vere
338 489 468 522 Sedrach,
486 488 602 522 Misacb,
622 492 650 516 et
661 488 810 523 Abdenago
828 488 895 516 deos
909 495 986 515 meos

199 544 253 562 non
269 535 359 562 colitis
369 554 377 567 ,
393 539 419 562 et
434 535 579 570 imaginem
590 542 712 567 auream,
725 542 807 570 quam
822 535 916 568 statui,
932 542 985 562 non

198 580 336 607 adoratis?

233 625 278 652 15.
298 624 377 652 Nunc
390 632 454 659 ergo
471 624 493 652 si
507 624 574 652 estis
588 625 685 659 parati,
707 629 737 652 ut
758 625 786 652 in
812 631 986 659 quocumque

199 676 320 705 tempore
339 671 481 698 audieritis
495 678 588 697 vocem
607 671 689 703 tubae,
715 675 742 698 et
761 670 858 698 ﬁstula:
870 691 878 703 ,
905 675 928 697 el
947 671 985 697 ci-

199 717 283 744 tharae
295 737 302 749 ,
322 716 476 748 sambucae,
496 721 523 743 ct
538 716 657 751 psalterii
671 737 679 748 ,
697 720 724 743 et
745 715 914 751 symphonia:
926 735 934 747 ,
958 719 986 742 et

198 761 288 789 omnis
303 761 410 795 generis
428 761 608 794 musicorum,
626 761 754 788 cadentes
778 760 897 788 adoretis
913 760 983 787 ima-

198 807 300 840 ginem,
313 814 394 840 quam
421 805 472 833 feci
496 813 503 831 :
522 805 594 840 quod
613 805 637 833 si
655 813 708 833 non
729 804 920 836 adoraverilis,
937 812 982 831 ea-

197 853 259 880 dem
275 853 340 880 hora
354 853 498 880 mittemini
524 853 551 879 in
578 852 718 879 fornacem
736 851 807 886 ignis
822 850 981 878 ardentem:
999 844 1020 871 Β

196 903 224 925 ct
242 899 305 933 quis
317 903 359 926 est
369 898 451 930 Deus,
471 898 518 933 qui
535 897 631 932 eripiet
642 904 690 924 vos
708 897 742 924 de
757 897 883 923 manibus
894 895 983 923 meis?

231 988 276 1016 16.
299 987 331 1015 Et
351 987 550 1023 responderunt
567 987 699 1019 Sedrach,
716 987 828 1018 Misacb,
848 991 874 1014 el
891 987 981 1014 Abde-

197 1039 277 1067 nago,
292 1035 319 1059 et
334 1031 463 1058 dixerunt
476 1031 730 1059 Nabuchodonosor
744 1032 798 1067 regi
819 1042 825 1058 :
842 1031 901 1059 Non
913 1040 982 1067 opus

196 1077 327 1105 habemus
342 1085 392 1105 nos
406 1077 440 1104 dc
455 1078 538 1105 verbo
550 1077 602 1105 hoc
616 1077 781 1112 respondere
793 1077 857 1105 tibi.

231 1170 274 1197 17.
295 1169 343 1197 Est
356 1169 428 1197 enim
456 1168 527 1196 Deus
547 1173 639 1197 noster
668 1169 695 1196 in
721 1170 806 1200 ccelo,
833 1177 914 1205 quem
931 1178 982 1197 nos

194 1215 321 1249 colimus,
347 1220 446 1250 potens
474 1215 579 1250 eripere
595 1223 646 1242 nos
669 1215 703 1242 de
721 1215 833 1242 fornace
849 1215 920 1250 ignis
936 1223 981 1242 ar-

194 1263 285 1294 dente,
299 1266 327 1289 et
340 1262 373 1289 de
393 1262 521 1289 manibus
535 1261 601 1296 tuis,
618 1268 635 1288 ο
648 1268 706 1294 rex,
722 1261 850 1289 liberabit
866 1268 926 1289 nos.

229 1352 273 1380 1,8.
296 1351 328 1380 Et
341 1352 364 1380 si
379 1359 444 1386 non,
459 1357 553 1380 notum
573 1352 609 1380 sit
624 1352 684 1386 tibi,
699 1360 716 1380 ο
738 1360 784 1380 rex
795 1373 802 1385 ,
827 1352 892 1388 quia
917 1353 982 1381 deos

194 1404 257 1426 tuos
275 1406 331 1425 non
348 1398 476 1430 colimus,
486 1402 520 1426 -et
538 1398 685 1433 imaginem
699 1405 821 1432 auream,
836 1406 917 1434 quam
927 1403 982 1426 sta-

194 1444 280 1477 tuisti,
298 1451 354 1472 non
366 1444 522 1472 adoramus.

1039 228 1075 251 σι,
1092 221 1140 247 καὶ
1158 222 1191 256 τῇ
1207 221 1291 248 εικόνι
1313 223 1346 257 τῇ
1364 223 1451 258 χρυσῇ
1506 223 1634 259 έστησας,
1659 223 1690 249 οὗ
1706 230 1828 258 προσκυ-

1039 273 1123 293 νουσι.

1072 311 1117 339 15.
1138 312 1205 338 Τότε
1221 313 1454 350 Ναϐουχοδονόσορ
1467 314 1496 341 ἐν
1510 314 1588 350 θυμῷ
1599 315 1646 342 καὶ
1667 314 1736 351 ὀργῇ
1752 313 1829 342 εἶπεν

1037 356 1152 391 ἀγαγεῖν
1164 357 1210 385 τὸν
1222 359 1337 394 Σεδρὰχ,
1353 360 1461 395 Μιαὰχ,
1478 360 1527 388 καὶ
1545 361 1718 395 Ἀὃδεναγώ’
1741 361 1788 388 καὶ
1805 361 1828 388 οῖ

1037 402 1132 439 ἄνδρες
1147 403 1246 430 ἐκεῖνοι
1259 404 1382 440 ἠχθησαν
1394 405 1508 433 ἐνώπιον
1523 406 1570 432 τοῦ
1588 406 1730 442 βασιλέως.

1072 447 1116 474 14.
1133 448 1188 474 Καὶ
1199 448 1334 485 ἀπεκρίθη
1354 449 1604 486 Ναϐουχοδονόσορ,
1625 453 1673 478 καὶ
1686 450 1763 478 εἶπεν
1780 453 1829 480 αὖ·

1036 493 1093 524 τοῖς
1103 501 1109 508 ·
1123 493 1155 520 Εἰ
1166 494 1274 529 ἀληθῶς
1288 495 1402 530 Σεδρὰχ,
1417 496 1445 522 Μ
1450 495 1520 531 ισὰχ,
1534 497 1581 522 καὶ
1609 497 1762 531 ’Λϐδεναγὼ
1771 499 1827 530 τοῖς

1037 539 1109 571 θεοῖς
1127 548 1178 575 μου
1195 540 1225 567 οὐ
1244 541 1400 577 λατρεύετε,
1418 543 1467 568 καὶ
1487 544 1520 578 τῇ
1541 543 1626 570 εἰκόνι
1641 545 1675 579 τῇ
1691 545 1789 580 χρυσῇ,

1037 584 1150 620 ἐστησα,
1166 586 1196 612 οὐ
1215 588 1393 622 προσκυνεῖτε
1405 597 1412 620 ;

1072 629 1117 656 l5.
1132 630 1190 658 Νῦν
1202 629 1248 658 οὖν
1262 633 1286 658 εἰ
1304 632 1378 668 ἔχετε
1395 634 1520 669 ἑτοίμως,
1535 634 1579 661 ἵνα
1593 634 1630 667 ὡς
1645 635 1679 662 ἃν
1691 636 1827 671 ἀκούσητε

1036 677 1086 711 τῆς
1099 677 1191 712 φωνῆς
1201 677 1250 712 τῆς
1263 678 1423 713 σάλπιγγος,
1436 679 1565 714 σύριγγος
1587 689 1617 707 τε
1633 682 1682 707 καὶ
1699 681 1825 716 κιθάρας,

1036 721 1185 756 σαμϐύκης
1209 731 1239 749 τε
1253 724 1301 750 καὶ
1315 724 1465 760 ψαλτηρίου
1480 745 1487 758 ,
1515 727 1560 752 καὶ
1584 727 1753 761 συμφωνίας,
1778 728 1826 754 καὶ

1035 767 1135 799 παντὸς
1158 768 1254 802 γένους
1275 771 1423 805 μουσικῶν,
1450 771 1579 803 πεσόντες
1598 775 1775 808 προσκυνεῖτε
1791 774 1824 809 τῇ

1035 813 1130 846 είκόνι,
1175 815 1306 850 ἐποίησα*
1328 816 1374 843 ἐὰν
1393 816 1421 843 δέ
1440 817 1478 853 μὴ
1492 819 1698 854 προσκυνήσητε
1709 840 1716 852 ,
1739 820 1824 855 ταύτῃ

1033 861 1067 894 τῇ
1078 859 1137 895 ὥρᾳ
1152 861 1358 897 ἐμϐληθήσεσθε
1372 863 1412 894 εἰς
1423 863 1472 898 τὴν
1485 864 1599 898 κάμινον
1614 865 1660 891 τοῦ
1680 866 1765 901 πυρδς
1774 866 1825 901 τὴν

1034 906 1200 941 καιομένην·
1225 908 1273 933 καὶ
1284 907 1326 939 τίς
1339 908 1398 934 ἐστι
1420 908 1495 941 Θεὸς,
1516 909 1545 941 ὃς
1563 909 1691 942 ἐξελεῖ-ται
1704 912 1776 946 ὑμᾶς
1792 912 1824 938 ἐκ

1034 960 1088 977 των
1101 960 1200 987 χειρων
1215 961 1281 988 μους

1070 996 1112 1024 16.
1131 998 1186 1024 Καὶ
1198 999 1386 1035 ἀπεκρίθησαν
1405 1000 1518 1036 Σεδρὰχ,
1537 1001 1648 1037 Μισὰχ,
1665 1002 1713 1029 καὶ
1733 1002 1825 1029 Ἀϐδε-

1032 1041 1118 1076 ναγὼ,
1144 1043 1192 1070 καὶ
1210 1041 1287 1070 εἷπον
1309 1045 1348 1080 τῷ
1379 1045 1484 1079 βασιλεῖ
1512 1046 1765 1083 Ναϐουχοδονόσορ’
1784 1049 1822 1075 Οὐ

1033 1087 1127 1122 χρείαν
1148 1088 1246 1124 ἔχομεν
1266 1090 1346 1125 ἡμεῖς
1362 1092 1426 1127 περὶ
1439 1091 1486 1118 τοῦ
1500 1093 1623 1128 ῥήματος
1638 1093 1734 1120 τούτου
1756 1095 1823 1121 ἀπο-

1034 1132 1161 1168 κριθῆναί
1177 1142 1228 1161 σοι.

1069 1178 1113 1206 17.
1132 1179 1209 1206 Ἔστι
1224 1180 1279 1216 γὰρ
1299 1181 1313 1207 6
1327 1181 1392 1213 Θεὸς
1418 1182 1496 1217 ἡμῶν
1513 1183 1543 1210 ἐν
1564 1183 1680 1220 οὐρανῷ,
1695 1182 1717 1218 ᾧ
1741 1186 1821 1221 ἡμεῖς

1033 1223 1210 1260 λατρεύομεν,
1222 1226 1333 1258 δυνατὸς
1346 1226 1485 1259 ἐξελέσθαι
1498 1229 1572 1263 ἡμᾶς
1587 1230 1619 1256 ἐκ
1639 1230 1688 1265 τῆς
1704 1231 1822 1266 καμίνου

1032 1269 1080 1295 τοῦ
1095 1269 1180 1306 πυρὸς
1197 1271 1246 1306 τῆς
1262 1272 1421 1307 καιομένης,
1446 1274 1493 1299 καὶ
1512 1274 1544 1300 ἐκ
1559 1274 1612 1302 τῶν
1637 1276 1735 1312 χειρῶν
1762 1285 1820 1310 σου,

1034 1314 1157 1350 βασιλεῦ,
1175 1316 1286 1351 ῥύσεται
1306 1319 1388 1353 ἡμᾶς.

1069 1360 1111 1388 18.
1135 1362 1190 1388 Καὶ
1205 1362 1252 1389 ἐὰν
1265 1362 1314 1398 μὴ,
1328 1364 1448 1398 γνωστὸν
1472 1365 1542 1393 ἔστω
1567 1375 1617 1399 σοι,
1640 1367 1762 1402 βασιλεῦ,
1779 1369 1820 1395 ὅτι

1032 1406 1088 1437 τοῖς
1103 1406 1174 1438 θεοῖς
1188 1416 1234 1434 σου
1249 1408 1280 1434 οὐ
1297 1409 1472 1445 λατρεύομεν,
1491 1412 1540 1438 καὶ
1559 1413 1592 1448 τῇ
1605 1412 1689 1440 εικόνι
1703 1415 1735 1449 τῇ
1752 1421 1819 1450 χρυ-

1033 1451 1078 1485 σῇ,
1097 1450 1129 1485 ἢν
1144 1450 1272 1487 ἐστησας,
1289 1453 1318 1479 οὺ
1339 1455 1557 1490 προσκυνοῦμεν.

229 1492 273 1520 19.
294 1491 372 1519 Tunc
385 1491 635 1519 Nabuchodonosor
650 1491 770 1526 repletus
787 1495 827 1518 est
842 1491 942 1524 furore,
953 1495 976 1519 et

1068 1496 1111 1524 19.
1130 1497 1197 1523 Τότε
1219 1498 1452 1536 Ναὸουχοδονόσορ
1477 1501 1599 1537 ἐπλήσθη
1613 1501 1710 1537 θυμοῦ,
1736 1503 1785 1529 καὶ
1802 1504 1819 1538 ἡ

191 1541 318 1573 aspectus
331 1537 409 1565 {aciei
425 1537 498 1565 illius
518 1537 678 1565 immutatus
694 1542 736 1565 est
751 1545 833 1572 super
847 1537 977 1570 Sedrach,

192 1583 305 1618 Misach,
318 1584 481 1619 Abdenago,
493 1588 521 1612 et
537 1584 607 1611 dixit
627 1591 635 1611 :
653 1583 815 1612 Succendite
839 1583 978 1611 fornacem

191 1630 357 1666 septnplum,
373 1629 460 1658 donec
476 1631 503 1658 in
520 1630 602 1657 linem
623 1630 729 1657 ardeat.

224 1676 270 1703 20.
293 1675 326 1703 Et
340 1676 406 1703 viris
421 1675 543 1703 robustis
555 1675 713 1702 fortitudine
725 1674 803 1708 dixit,
819 1679 848 1702 ut
862 1675 977 1710 ligantes

191 1721 321 1755 Sedrach,
337 1720 451 1752 Misach.
469 1725 496 1748 et
511 1720 668 1755 Abdenago,
691 1720 830 1748 mitterent
843 1721 869 1748 in
882 1721 977 1748 forna-

190 1775 248 1795 cem
264 1767 334 1802 ignis
354 1767 506 1795 ardentem.

224 1810 269 1837 2|.
291 1810 368 1837 Tunc
382 1810 420 1837 illi
434 1810 485 1837 viri
504 1810 586 1839 vincti
599 1816 737 1839 suntcum
754 1812 892 1840 sarabaris
906 1812 975 1844 suis,

188 1860 215 1883 et
229 1856 316 1889 tiaris,
336 1860 363 1883 et
377 1856 526 1890 tibialibusI
543 1862 570 1885 et
581 1857 751 1885 vestimentis
764 1858 822 1886 suis
834 1877 841 1892 ,
857 1863 884 1886 et
898 1858 975 1886 missi

189 1900 287 1928 suntin
299 1900 418 1928 medium
430 1901 550 1931 fornacis
564 1903 634 1939 ignis
649 1903 780 1932 ardentis.

221 1997 268 2025 22.
288 1996 355 2024 Nam
370 1995 483 2024 verbum
500 1996 572 2031 regis
596 1997 709 2032 urgebat
728 2005 736 2024 :
755 2001 782 2025 et
801 1997 898 2026 fornax
911 2006 974 2027 suc-

187 2050 269 2071 censa
284 2047 344 2070 erat
361 2042 451 2070 nimis.
466 2041 499 2070 Et
516 2043 588 2069 viros
611 2043 684 2074 illos,
711 2043 758 2078 qui
777 2050 974 2072 accusaverant

187 2088 319 2120 Sedrach,
333 2088 446 2119 Misach.
458 2093 485 2116 et
496 2087 652 2123 Abdenago,
667 2088 801 2116 interfecit
809 2097 855 2117 eos
863 2089 971 2118 ﬂanuna

187 2134 257 2170 ignis
269 2134 296 2161 in
313 2134 438 2162 circuitu.

218 2225 264 2253 25.
284 2225 318 2253 Et
332 2225 382 2252 viri
396 2225 434 2252 illi
456 2230 511 2252 tres
537 2224 658 2252 Sedrach
672 2247 678 2258 ,
697 2225 811 2259 Misach,
830 2231 857 2254 et
880 2226 968 2254 Abde<

185 2271 440 2307 nagoceciderunt
466 2271 494 2298 in
521 2271 612 2299 medio
632 2271 740 2299 camino
764 2271 835 2307 ignis
857 2272 970 2300 ardente

181 2317 359 2352 compedibus
373 2317 454 2344 vincti
461 2338 467 2344 .

217 2362 262 2389 24.
284 2363 315 2390 El
332 2362 506 2389 ambulabant
523 2361 549 2388 in
567 2361 655 2389 medio
672 2361 787 2389 ﬂammae
799 2383 807 2395 ,
826 2362 968 2391 laudantes

184 2409 280 2441 Deum,
297 2413 324 2436 et
337 2409 528 2436 benedicentes
546 2408 703 2436 Dominum.

215 2455 261 2482 25.
283 2456 364 2483 Stans
380 2460 470 2482 autem
488 2463 550 2482 cum
579 2455 631 2488 illis
656 2455 778 2486 Azan-ias,
806 2456 893 2483 oravit
908 2456 966 2485 sic:

180 2506 207 2528 et
223 2501 347 2535 aperiens
360 2508 391 2528 os
403 2509 484 2528 suum
500 2501 526 2528 in
539 2501 630 2528 medio
647 2500 728 2536 ignis,
749 2501 817 2528 dixit
836 2510 842 2528 :

214 2592 260 2619 26.
281 2592 440 2620 Benedictus
457 2600 497 2625 cs,
515 2592 628 2620 Domine
644 2591 716 2620 Deus
731 2597 838 2627 patrum
857 2598 966 2620 nostro-

180 2647 250 2672 rum,
282 2643 308 2666 et
325 2638 469 2672 laudabile,
486 2643 513 2666 et
542 2639 689 2674 gloriosum
715 2646 811 2666 nomen
837 2643 912 2666 luum
937 2639 964 2666 in

181 2683 290 2711 sucula.

213 2727 256 2753 27.
278 2727 347 2760 Quia
361 2727 451 2762 justus
464 2735 493 2756 es
506 2728 531 2755 in
545 2729 683 2761 omnibus,
698 2738 758 2765 qua:
770 2729 857 2757 fecisti
872 2730 961 2763 nobis,

178 2777 204 2800 rt
221 2773 344 2801 universa
364 2781 446 2806 opera
464 2779 508 2801 tua
539 2783 613 2810 vera,
632 2780 659 2804 et
675 2781 754 2804 rectae
781 2776 830 2803 via:
846 2780 917 2810 luat,
935 2781 963 2804 et

179 2819 269 2847 omnia
285 2818 386 2852 judicia
402 2823 447 2847 tua
463 2827 546 2862 vera.‘

1030 1541 1091 1576 ὃψις
1106 1541 1152 1568 τοῦ
1165 1543 1310 1578 προσώπου
1324 1544 1406 1571 αὐτοῦ
1422 1545 1555 1582 ἠλλοιώθη
1576 1548 1622 1574 ἐπὶ
1636 1547 1750 1585 Σεδρὰχ,
1765 1550 1818 1577 Μι-

1030 1586 1092 1621 σὰχ,
1107 1587 1271 1623 ’Λΰδεναγὼ,
1285 1589 1334 1616 καὶ
1347 1587 1424 1617 εἶπεν
1433 1598 1440 1606 ·
1456 1591 1624 1620 Ἐκκαύσατε
1635 1594 1685 1630 τὴν
1702 1596 1818 1631 κάμινον

1029 1631 1233 1666 ἐπταπλασίως,
1250 1634 1303 1666 ἓως
1314 1635 1354 1666 είς
1367 1636 1443 1668 τέλος
1457 1637 1553 1673 ἐκκαῇ.

1064 1678 1109 1705 20.
1128 1679 1183 1706 Καὶ
1199 1679 1298 1716 ἄνδρας
1311 1681 1436 1718 ἰσχυροὺς
1446 1685 1479 1719 τῇ
1496 1685 1568 1719 ἰσχύϊ
1583 1682 1669 1718 εἶπεν,
1684 1688 1816 1724 πεδήσαν-

1027 1731 1077 1755 τας
1094 1725 1139 1751 τὸν
1153 1725 1265 1761 Σεδρὰχ,
1278 1727 1381 1762 Μισὰχ,
1397 1729 1444 1754 καὶ
1464 1729 1624 1764 Ἁὸὃεναγὼ,
1636 1732 1765 1767 ἐμϐαλεῖν
1775 1736 1816 1767 εις

1028 1768 1077 1804 τὴν
1091 1769 1207 1805 κάμινον
1220 1770 1268 1797 τοῦ
1285 1772 1370 1807 πυρὸς
1386 1773 1434 1808 τὴν
1450 1775 1610 1810 καιομένην.

1061 1815 1107 1843 2|.
1123 1816 1191 1844 Τότε
1202 1818 1236 1852 ,οἱ
1252 1818 1348 1854 ἄνδρες
1376 1820 1473 1848 ἐκεῖνοι
1499 1822 1670 1859 ἐπεδήθησαν
1694 1826 1743 1853 σὺν
1756 1828 1814 1859 τοῖς

1028 1862 1193 1898 σαραϐἀροις
1213 1863 1304 1891 αὐτῶν
1316 1884 1324 1897 ,
1352 1866 1400 1892 καὶ
1414 1867 1531 1903 τιάραις,
1554 1869 1602 1896 καὶ
1615 1872 1793 1907 περικνημίσι
1804 1894 1813 1906 ,

1027 1907 1075 1933 καὶ
1089 1908 1145 1939 τοῖς
1156 1907 1302 1944 ὲνδύμασιν
1320 1909 1421 1944 αὐτῶν,
1435 1913 1483 1939 καὶ
1498 1913 1650 1950 ἐϐλήθησαν
1674 1917 1713 1948 εἰς
1730 1917 1813 1952 μέσον

1024 1953 1076 1988 τῆς
1093 1954 1209 1989 καμίνου
1219 1954 1266 1981 τοῦ
1279 1956 1363 1992 πυρὸς
1376 1957 1426 1992 τῆς
1436 1960 1594 1995 καιομένης.

1059 1998 1104 2025 22.
1130 1999 1208 2027 Ἐπεὶ
1222 2000 1253 2027 τὸ
1267 2002 1343 2037 ῥῆμα
1366 2002 1413 2029 τοῦ
1436 2004 1569 2039 βασιλέως
1583 2006 1746 2043 ὑπερίσχυε·
1764 2011 1812 2037 καὶ

1024 2044 1040 2079 ἡ
1056 2044 1171 2091 καμινος
1194 2046 1329 2082 ἐξεκαύθη
1352 2048 1385 2075 ἐκ
1401 2049 1547 2084 περισσοῠο
1572 2052 1619 2078 καὶ
1632 2054 1695 2085 τοὺς
1711 2055 1810 2091 ἄνδρας

1023 2090 1143 2138 ἐκείνους
1166 2092 1229 2124 τοὺς
1253 2093 1475 2128 ἐνδιαϐάλλοντας
1499 2097 1545 2123 τὸν
1571 2098 1684 2134 Σεδρὰχ,
1705 2090 1810 2138 Μισὰχ,

1022 2137 1070 2183 καὶ
1086 2137 1238 2173 ’Δὸδεναγὼ
1253 2139 1412 2168 ἀπέκτεινεν
1424 2141 1550 2179 αὑτοὺςή
1570 2143 1635 2178 φλὸξ
1653 2145 1700 2171 τοῦ
1724 2147 1810 2183 πυρὸς

985 2174 1008 2203 Ῑ)
1023 2182 1162 2210 κύκλοθεν.

1056 2228 1102 2257 23,
1120 2229 1176 2256 Καὶ
1190 2230 1214 2256 οἱ
1231 2230 1327 2266 ἄνδρες
1338 2231 1436 2260 ἐκεῖνοι
1447 2234 1472 2260 oi
1489 2235 1562 2270 τρεῖς
1578 2235 1691 2272 Σεδρὰχ,
1702 2238 1807 2275 Μισὰχ,

1020 2275 1068 2302 καὶ
1096 2275 1248 2310 Ἀὄδεναγὼ
1273 2277 1369 2304 ἔπεσον
1388 2279 1428 2311 είς
1450 2280 1532 2315 μέσον
1556 2283 1606 2318 τῆς
1623 2283 1740 2318 καμίνου
1759 2284 1807 2311 τοῦ

1020 2320 1106 2356 πυρὸς
1122 2320 1172 2355 τῆς
1189 2322 1337 2358 καιομένης
1348 2325 1540 2361 πεπεδημένοι.

1054 2366 1100 2394 24.
1116 2366 1172 2393 Καὶ
1182 2368 1365 2403 περιεπάτουν
1379 2371 1408 2397 ἐν
1420 2371 1494 2407 μέσῳ
1509 2371 1559 2408 τῆς
1569 2372 1677 2407 φλογὸς,
1693 2375 1808 2410 ὖμνοῦνο

1019 2421 1064 2445 τες
1078 2412 1124 2439 τὸν
1135 2413 1212 2446 Θεὸν,
1223 2414 1270 2441 καὶ
1284 2414 1459 2450 εὐλογοῦντες
1474 2417 1520 2445 τὸν
1534 2419 1646 2454 Κύριον.

1053 2458 1098 2486 25.
1124 2459 1180 2485 Καὶ
1197 2460 1296 2492 συστὰς
1319 2461 1410 2493 αὐτοῖς
1429 2463 1556 2499 Ἀζαρίας
1570 2465 1743 2500 προσηύξατο
1764 2465 1808 2492 οὓ-

1017 2511 1085 2536 τως·
1103 2504 1151 2530 καὶ
1171 2505 1279 2538 ἀνοίξας
1298 2506 1328 2533 τὸ
1352 2506 1439 2542 στόμα
1458 2507 1539 2534 αὐτοῦ
1554 2509 1583 2536 ἐν
1599 2509 1674 2545 μέσῳ
1688 2510 1735 2536 τοῦ
1755 2520 1807 2538 πυ-

1019 2549 1075 2584 ρὸς,
1091 2547 1168 2577 εἶπεν
1185 2559 1191 2577 :

1052 2593 1097 2621 26.
1111 2593 1303 2630 Exilomeogsi,
1315 2596 1412 2632 Κύριε,
1419 2597 1433 2623 ὁ
1440 2597 1506 2629 Θεὸς
1513 2598 1566 2625 τῶν
1576 2599 1702 2635 πατέρων
1713 2600 1804 2636 ἡμῶν.

1016 2639 1065 2665 καὶ
1078 2639 1192 2672 αἰνετὸν,
1207 2641 1255 2667 καὶ
1268 2640 1459 2678 δεδοξασμένον
1477 2643 1508 2670 τὸ
1523 2643 1609 2679 ὄνομά
1623 2653 1669 2671 σου
1690 2646 1730 2677 εἰς
1741 2647 1806 2678 τοὺς

1015 2684 1125 2717 αἰῶνας.

1049 2731 1094 2758 27.
1113 2731 1172 2758 ’Ὁτι
1194 2731 1297 2765 δίκαιος
1321 2732 1347 2760 εἴ
1361 2734 1406 2761 ἐπὶ
1420 2735 1502 2762 πᾶσιν
1515 2734 1556 2768 οἷς
1577 2736 1709 2772 ἐποίησας
1726 2737 1805 2772 ἡμῖν,

1015 2776 1061 2802 καὶ
1075 2775 1162 2803 πάντα
1173 2776 1207 2803 τὰ
1220 2777 1288 2812 ἔργα
1304 2786 1350 2805 σου
1362 2779 1497 2815 ἀληθινὰ,
1521 2781 1570 2807 καὶ
1586 2781 1688 2810 εὐθεῖαι
1706 2782 1735 2809 αι
1749 2782 1804 2809 ὁδοί

1015 2822 1128 2857 σου,καὶ
1140 2823 1226 2850 πᾶσαι
1242 2824 1269 2851 αἱ
1285 2824 1390 2860 κρίσεις
1409 2833 1455 2853 σου
1471 2820 1614 2862 ἀληθινοί(
1669 2840 1681 2853 ι·
1699 2858 1702 2862 ι
1797 2820 1802 2821 ⁷
