1967 3079
125 172 199 201 2355

159 229 206 257 28.
225 229 280 256 Kal
296 228 419 265 κρίματα
438 231 566 268 ἀληθείας
583 233 714 271 ἐποίησας
731 236 801 266 me
815 242 914 274 πάντα,

125 275 143 302 a
158 276 300 310 ἐπήγαγες
315 275 390 311 ἡμῖν,
408 277 455 304 καὶ
467 278 513 305 ἐπὶ
526 279 575 314 τήν
601 280 679 308 πόλιν
692 282 741 318 τήν
764 284 845 318 ἁγίαν
867 286 916 322 τὴν

125 319 180 347 τῶν
197 320 324 356 πατέρων
339 321 417 356 ἡμῶν
445 322 633 360 Ἰερουσαλήμ.
655 326 716 353 ’Ὁτι
742 328 771 354 ὲν
801 319 916 367 ἀληθείᾳ

124 366 173 393 καὶ
189 366 280 402 κρίσει
294 367 433 402 ἐπήγαγες
448 369 536 397 πάντα
548 371 635 398 ταῦτα
651 373 694 408 ἐφ’
712 373 785 409 ἡμᾶς
804 375 848 404 διὰ
865 380 916 410 τάς

122 412 263 447 ἁμαρτίας
282 412 371 448 ὴμῶν.

156 458 202 486 29.
218 459 280 486 Ὀτι
294 460 466 496 ἡμάρτομεν,
481 462 527 489 καὶ
542 463 722 500 ήνομήσαμεν
745 467 913 502 ἀποστάντες

120 505 176 531 ἀπὸ
191 505 250 538 σοὺ,
263 506 312 532 καὶ
329 505 520 543 ἐξημάρτομεν
533 509 562 536 ὲν
577 511 655 538 πᾶσι.

154 551 200 579 30.
220 551 275 578 Kal
291 551 345 579 τῶν
369 552 486 580 ἐντολῶν
510 563 556 581 σου
582 556 632 583 οὐκ
647 558 825 595 ζήκούσαμενζ
851 562 912 588 οὐδὲ

118 596 295 632 ιφυλάξαμεν
315 597 412 631 αὐτὰς,
422 599 482 625 οὐδὲ
493 599 662 638 ἐποιήσαμεν
677 603 768 637 καθὼς
787 606 912 634 ὲνετεξλω

116 643 196 677 ἡμῖν,
213 642 257 670 ἶνα
270 640 300 670 αὖ
315 643 381 678 ἡμῖν
392 643 515 680 γένηται.

153 689 198 716 51.
215 689 269 715 Kal
280 689 370 716 πάντα
383 690 433 717 ὅσα
446 691 577 728 ἐποίησας
591 695 668 730 ἡμῖν,
678 695 707 722 ἐν
723 696 837 734 ἀληθινῇ
849 700 910 735 xpl-

117 742 160 761 σει
175 734 317 770 ἐποίησας.

150 779 198 807 52.
218 780 274 807 Kal
288 781 451 816 παρέδωκας
467 784 539 818 ἡμᾶς
551 785 591 817 εις
614 788 709 822 χεῖρας
726 788 831 825 ἐχθρῶν
848 790 909 817 ἀνό-

117 832 187 858 μων,
204 823 337 859 ἐχθίστων
363 825 534 861 ἀποστατῶν,
553 830 600 857 καὶ
617 830 722 865 βασιλεῖ
738 823 835 870 ἀδίκῳ,
861 837 907 863 καὶ

114 870 295 906 πονηροτάτῳ
311 872 388 907 παρὰ
404 874 493 901 πᾶσαν
507 874 557 910 τὴν
570 876 622 911 γῆν
635 878 795 914 παρέδωκας

148 961 196 989 3'5.
213 962 269 989 Kal
296 962 343 990 νῦν
358 964 408 991 οὐκ
434 964 508 993 ἔστιν
529 967 594 1002 ἡμῖν
621 968 725 1003 ἀνοῖξαι
748 971 778 998 τὸ
801 973 901 1009 στόμα”

112 1007 229 1043 αἰσχύνη
258 1009 306 1035 καὶ
325 1009 425 1042 ὀνειδος
448 1011 556 1046 ἐγένετο
574 1014 629 1046 τοῖς
652 1015 755 1049 δούλοις
775 1026 832 1052 σου,
849 1007 904 1046 anl

111 1054 171 1084 τοῖς
186 1053 345 1089 σεὸομένοις
357 1064 397 1084 σε.

147 1099 193 1127 54.
207 1100 253 1136 Μή
269 1100 298 1127 δὲ
317 1101 445 1137 παραδῷς
459 1103 533 1138 ἡμᾶς
554 1105 594 1137 εἰς
616 1106 693 1139 τέλος
708 1107 753 1134 διὰ
772 1109 803 1136 τὸ
817 1109 902 1146 ὄνομα

112 1153 171 1175 σου.
184 1146 232 1172 καὶ
250 1145 288 1182 μὴ
301 1146 479 1184 διασκεδάσῃς
494 1150 542 1185 τὴν
556 1150 688 1187 διαθήκην
703 1161 759 1181 σου.

146 1190 192 1218 35.
205 1191 262 1218 Kal
281 1192 319 1227 μὴ
334 1192 492 1230 ἁποστήσῃς
510 1195 541 1222 τὸ
557 1195 631 1228 ἐλεὸς
644 1205 690 1223 σου
705 1198 752 1233 ἀφ’
769 1199 848 1234 ἡμῶν
858 1201 901 1228 διὰ

119 1235 245 1273 Ἀϐραὰμ
267 1238 313 1264 τὸν
338 1240 515 1275 ἠγαπημένον
542 1242 594 1268 ὑπό
610 1251 667 1275 σου,
683 1244 730 1270 καὶ
744 1244 788 1271 διὰ
809 1246 900 1273 Ἰσαὰκ

110 1282 157 1308 τὸν
172 1282 265 1309 δοῦλόν
281 1292 339 1317 σου,
353 1285 401 1311 καὶ
423 1285 530 1322 Ἰσραὴλ
540 1287 586 1314 τὸν
602 1287 678 1322 ἅγιόν
692 1297 749 1316 σου.

145 1327 190 1356 '56.
205 1326 253 1360 οἷς
262 1329 396 1365 ὲλάλησας
406 1331 497 1363 αὐτοῖς
512 1332 598 1366 λέγων
611 1341 617 1348 ·
631 1334 761 1369 Πληθυνῶ
774 1336 804 1362 τὸ
818 1337 901 1374 σπέρ-

111 1381 151 1408 μα
166 1374 253 1409 ὑμῶν,
281 1375 348 1402 ὡσεὶ
374 1376 407 1403 τὰ
422 1377 510 1412 ἄστρα
535 1378 581 1405 τοῦ
597 1379 721 1414 ούρανοῦ¹
736 1381 784 1407 καὶ
798 1381 835 1414 ὡς
850 1383 899 1418 τὴν

109 1422 203 1456 ἄμμον
215 1422 264 1458 τὴν
278 1423 353 1459 παρὰ
363 1424 395 1451 τὸ
408 1425 494 1460 χεῖλος
506 1426 556 1461 τῆς
572 1426 720 1463 θαλάσσης.

143 1467 188 1494 37.
207 1468 277 1500 "Ott,
289 1469 420 1503 Δέσποτα,
437 1471 658 1507 ὲσμικρύκδθημεν
672 1473 746 1508 παρὰ
762 1474 850 1501 πάντα
864 1474 899 1501 τὰ

107 1511 184 1548 ἔθνη,
199 1513 246 1539 καὶ
260 1514 344 1549 ἐσμὲν
357 1517 480 1542 ταπεινοὶ
489 1516 518 1544 ὲν
535 1517 609 1553 πάσῃ
619 1518 652 1553 τῇ
671 1519 705 1553 γῇ
726 1519 845 1554 σήμερον
855 1519 899 1546 διὰ

105 1557 157 1588 τὰς
169 1558 306 1593 ἁμαρτίας
318 1559 406 1595 ἡμῶν.

143 1603 189 1629 58.
208 1604 263 1630 Kal
273 1604 323 1630 οὐκ
334 1605 407 1631 ἔστιν
422 1607 451 1633 ὲν
469 1606 508 1642 τῷ
524 1607 611 1643 καιρῷ
629 1609 716 1644 τούτῳ
733 1609 835 1645 ἄρχων,
850 1611 897 1637 καὶ

109 1650 264 1684 προφήτης,
294 1651 340 1677 καὶ
365 1652 524 1687 ἡγούμενος,
550 1654 610 1680 οὐδὲ
629 1654 822 1688 ὀλοκαύτωσις,
837 1657 897 1683 οὐδὲ

105 1693 197 1727 Oud-Ia,
227 1694 288 1721 οὐδὲ
318 1698 470 1733 προσφορὰ,
500 1699 560 1725 οὲδὲ
589 1699 723 1735 θυμίαμα,
743 1701 826 1734 τόπος
850 1703 896 1729 τοῦ

105 1740 254 1775 καρπιῖωαι
268 1742 389 1769 ἐναντίον
401 1751 459 1778 σου,
477 1745 524 1770 καὶ
548 1745 639 1780 εὑρεῖν
653 1745 736 1773 ἔλεον.

137 1842 182 1870 59.
204 1842 275 1870 Ἀλλ’
300 1843 329 1870 ὲν
350 1844 423 1881 ψυχῇ
448 1847 676 1885 συντετριμμένῃ,
698 1849 746 1876 καὶ
759 1850 894 1886 πνεύματι

103 1889 294 1923 ταπεινώσεως
308 1891 548 1927 προσδεχθείημεν.

136 1935 182 1962 40.
207 1936 250 1967 Ὠς
267 1937 294 1962 ὲν
308 1937 488 1964 ὁλοκαυτώσει
500 1939 595 1974 κριῶν,
610 1942 657 1967 καὶ.
670 1942 788 1978 ταύρων,
799 1945 846 1971 xal
855 1945 892 1977 ὡς

101 1982 130 2007 ἑν
146 1982 277 2017 μυριάσιν
298 1983 388 2018 ἀρνῶν
407 1984 517 2017 πιόνων,
543 1985 614 2012 οὕτω
635 1989 754 2022 γενέσθω
779 1991 796 2026 ἠ
813 1991 893 2018 Θυσία

100 2027 180 2062 ήμῶν
196 2029 316 2064 σήμερον
335 2029 450 2056 ἐνώπιόν
467 2039 524 2063 σου,
536 2033 583 2059 καὶ
603 2033 649 2059 τοῦ
674 2035 814 2063 ἐκτελέσαι
832 2036 892 2063 ὄπι-

101 2071 164 2099 σθέν
179 2080 226 2098 σου
237 2080 243 2086 ·
261 2073 301 2099 ὅτι
315 2073 365 2100 οὐκ
380 2073 453 2102 ἐστιν
468 2076 584 2112 αισχύνη
605 2079 661 2109 τοῖς
678 2079 834 2107 πεποιοόσιν
845 2081 891 2107 ὲπὶ

99 2119 152 2147 σοι.

133 2165 179 2192 41.
197 2165 254 2192 Kal
277 2165 326 2192 νῦν
350 2167 582 2203 ὲξακολουθοῦμέν
605 2178 646 2196 σοι
663 2171 693 2197 ἑν
715 2171 765 2206 ὅλῃ
781 2173 888 2208 καρδίᾳ,

97 2212 146 2238 καὶ
161 2211 320 2247 φοϐούημεοά
340 2221 379 2246 σε,
397 2213 444 2240 καὶ
455 2213 591 2250 ζητοῦμεν
603 2216 633 2241 τὸ
650 2217 794 2251 πρόσωπόν
812 2226 869 2245 σου.

848 184 963 215 CAPUT
984 187 1026 216 llf.

930 246 952 275 Α
1003 245 1047 273 28.
1069 245 1103 274 Ει
1115 247 1220 282 judicia
1232 249 1355 279 veritatis
1366 251 1454 281 fecisti
1476 253 1553 289 juxta
1576 257 1678 289 omnia,
1694 267 1755 294 qnze

966 290 1097 320 induxisti
1110 301 1191 329 super
1202 303 1264 328 nos,
1282 301 1308 324 et
1324 305 1407 333 super
1420 299 1556 328 civitatem
1571 306 1694 330 sanctam
1703 290 1751 338 pa-

966 339 1036 364 trum
1052 343 1209 368 nostrorum
1235 341 1403 377 Jerusalem;
1427 345 1489 379 quia
1533 346 1560 374 in
1590 349 1702 376 veritate
1727 357 1750 377 et

962 382 1067 417 judicio
1097 385 1228 415 induxisti
1257 389 1349 417 omnia
1377 390 1435 418 haec
1463 399 1546 427 super
1575 401 1625 422 nos
1641 401 1748 431 propter

963 434 1076 464 peccata
1091 436 1194 460 nostra.

1000 475 1045 504 2‘9.
1066 476 1244 508 Peccavimus
1257 481 1341 514 enim,
1355 486 1382 509 et
1393 482 1487 518 inique
1500 485 1606 519 egimus
1618 487 1732 516 receden
1741 507 1748 512 -

963 526 1003 549 tes
1015 529 1030 548 a
1046 527 1081 555 te,
1099 528 1126 550 et
1139 524 1306 560 deliquimus
1321 527 1348 554 in
1363 528 1501 556 omnibus.

997 566 1041 594 50.
1063 566 1097 595 Et
1113 570 1241 597 mandata
1256 576 1300 599 tua
1313 579 1365 599 non
1381 573 1546 607 audivimus,
1561 584 1649 612 neque
1661 584 1749 607 custo-

961 612 1080 641 divimus
1096 621 1138 648 ea,
1157 624 1244 651 neque
1264 617 1391 650 fecimus.
1407 619 1477 647 sicut
1502 623 1680 653 mandaveras
1698 634 1748 654 no—

960 656 1012 689 bis,
1025 662 1054 685 ut
1068 657 1136 687 bene
1151 661 1229 688 nobis
1243 668 1326 690 esset.

995 703 1040 730 5L
1062 705 1097 732 Et
1116 707 1219 740 omnia,
1236 716 1297 743 quae
1310 708 1404 738 fecisti
1414 712 1503 745 nobis,
1520 713 1547 740 in
1564 721 1629 741 vero
1643 714 1746 750 judicio

960 747 1058 775 fecisti.

993 794 1036 822 52.
1059 795 1238 826 Ettradidisti
1264 807 1315 827 nos
1328 799 1354 827 in
1372 809 1469 831 manus
1496 804 1667 833 inimic0rum
1691 808 1744 835 ini-

957 848 1085 875 quorum,
1101 842 1358 874 inimicissimorum
1369 852 1567 883 apostatarum,
1585 856 1611 878 et
1631 854 1687 888 regi
1702 854 1743 880 in-

819 882 902 916 ήμᾶς.
917 912 942 942 Β
954 885 1040 920 justo,
1054 892 1080 915 et
1094 889 1213 923 pessimo
1239 899 1321 930 super
1346 900 1453 921 omnem
1480 882 1579 924 terram
1608 882 1741 927 tradidisti

956 939 1016 959 llOS.

989 979 1034 1006 55.
1055 979 1088 1007 Et
1102 988 1175 1008 nunc
1189 981 1243 1009 non
1260 988 1301 1011 est
1317 986 1396 1014 nobis
1414 988 1522 1022 aperire
1550 997 1597 1017 os:
1615 990 1740 1018 confusio

953 1028 980 1051 et
1000 1026 1174 1060 exprobratio
1195 1027 1265 1056 facta
1289 1035 1331 1058 est
1347 1032 1434 1060 servis
1450 1033 1513 1068 tuis,
1539 1040 1566 1062 ct
1587 1036 1739 1065 colentibus

956 1075 989 1099 te.

987 1118 1032 1146 54.
1054 1118 1106 1147 Sed
1126 1127 1161 1148 ne
1178 1122 1269 1150 tradas
1286 1131 1334 1152 nos
1356 1124 1383 1152 in
1411 1125 1491 1153 tinem
1514 1133 1623 1162 propter
1639 1137 1737 1157 nomen

953 1168 1039 1196 tuum.
1053 1169 1080 1192 et
1091 1173 1125 1193 ne
1136 1166 1252 1202 dissipes
1268 1168 1458 1199 testamentum
1471 1177 1558 1201 tuum.

986 1209 1030 1237 55.
1052 1209 1085 1237 Et
1098 1218 1131 1238 ne
1146 1217 1253 1241 avertas
1271 1215 1487 1244 misericordiam
1516 1223 1590 1246 tuam
1617 1228 1631 1247 τι
1655 1221 1734 1248 nobis

950 1261 1061 1290 propter
1079 1256 1217 1285 Abraham
1234 1259 1362 1288 dilectum
1385 1267 1459 1290 tuum
1471 1284 1479 1298 ,
1493 1269 1520 1292 et
1538 1271 1648 1301 propter
1661 1266 1735 1295 Isaac

950 1307 1058 1328 servum
1077 1306 1165 1335 tuum,
1182 1307 1208 1330 et
1222 1304 1304 1333 Israel
1318 1312 1442 1335 sanctum
1459 1313 1544 1338 tuum.

986 1344 1030 1372 36.
1051 1345 1157 1378 Quibus
1181 1348 1289 1378 locutus
1308 1359 1337 1379 es
1353 1352 1392 1380 eis
1413 1353 1529 1383 dicens:
1548 1355 1734 1392 Multiplicalm

949 1398 1042 1418 semen
1058 1397 1176 1420 vestrum
1190 1395 1260 1423 sicut
1274 1397 1369 1426 stellas
1380 1399 1458 1433 coeli,
1478 1405 1507 1428 et
1527 1401 1598 1429 sicut
1611 1410 1733 1436 arenam,

949 1444 1009 1472 quae
1025 1443 1067 1466 est
1083 1439 1110 1466 in
1127 1440 1217 1468 littore
1228 1443 1323 1470 maris.

985 1483 1030 1512 57.
1051 1484 1130 1519 Quia,
1149 1485 1280 1522 Domine,
1292 1489 1540 1522 imminuti-sumus
1556 1495 1626 1523 ultra
1634 1488 1734 1524 omnes

949 1534 1051 1564 gentes,
1067 1535 1094 1558 et
1105 1539 1202 1560 sumus
1218 1533 1335 1563 humiles
1359 1536 1386 1563 in
1409 1538 1535 1567 universa
1563 1545 1634 1568 terra
1652 1542 1734 1570 hodie

910 1584 931 1612 ς
948 1581 1058 1611 propter
1073 1583 1183 1612 peccata
1197 1585 1299 1608 ιιοειηι.

982 1621 1027 1649 58.
1049 1621 1081 1650 Ει
1098 1630 1151 1650 non
1166 1628 1208 1651 est
1223 1624 1251 1651 in
1267 1630 1388 1661 tempore
1402 1628 1454 1656 hoe
1477 1630 1612 1666 princeps,
1630 1638 1656 1659 et
1670 1641 1733 1668 pro-

947 1666 1038 1701 pheta,
1050 1672 1077 1695 et
1089 1668 1140 1696 dux
1155 1689 1162 1702 ,
1185 1677 1273 1704 neque
1298 1671 1500 1708 holocaustum,
1524 1684 1611 1712 neque
1626 1666 1725 1706 sacriﬁ-

947 1713 1030 1746 cium,
1047 1722 1135 1750 ncque
1146 1716 1258 1749 oblatio,
1270 1725 1359 1753 neque
1377 1719 1534 1755 thymiama,
1552 1732 1639 1759 neque
1655 1726 1731 1754 loius

946 1759 1082 1793 primitias
1096 1760 1228 1790 oﬁerendi
1249 1771 1340 1792 coram
1353 1770 1389 1800 te,
1404 1770 1436 1794 eL
1449 1767 1604 1797 inveniendi
1621 1772 1729 1799 miseri-

946 1805 1078 1834 cordiam.

981 1851 1026 1881 59.
1048 1852 1102 1881 Sed
1123 1854 1151 1881 in
1163 1855 1256 1884 anima
1270 1857 1397 1891 contrita,
1413 1863 1441 1886 et
1457 1860 1555 1895 spiritu
1571 1862 1730 1893 humilitatis

944 1897 1090 1932 suscipiam
1096 1907 1136 1927 ur.

979 1943 1023 1970 40.
1045 1943 1121 1972 Sicut
1137 1946 1165 1972 in
1178 1946 1339 1976 holocausta
1355 1943 1483 1985 arietum,
1494 1957 1521 1979 et
1535 1957 1687 1988 taurorum,
1703 1962 1730 1984 et

943 1989 1014 2016 sicut
1028 1990 1055 2017 in
1069 1991 1188 2019 millibus
1204 2001 1336 2028 agnorum
1356 1996 1511 2031 pinguium;
1533 1999 1572 2026 sic
1585 2000 1630 2027 tiat
1643 2003 1728 2029 sacri-

942 2034 1033 2062 ficium
1047 2041 1170 2064 nostrum
1188 2037 1270 2066 hodie
1285 2039 1310 2066 in
1327 2047 1473 2076 conspectu
1485 2047 1532 2070 tuo
1543 2063 1551 2075 .
1581 2049 1607 2072 et
1622 2051 1648 2073 ut
1665 2055 1727 2081 per-

942 2079 1048 2108 ficiatur
1062 2086 1123 2116 post
1152 2087 1186 2115 te,
1215 2084 1344 2118 quoniam
1372 2094 1426 2114 non
1444 2093 1486 2115 est
1500 2090 1626 2118 confusio
1641 2095 1727 2120 conti-

941 2127 1069 2155 dentibus
1085 2129 1112 2155 in
1127 2132 1162 2156 te.

975 2173 1019 2200 41.
1041 2173 1074 2201 Ει
1087 2182 1160 2202 nunc
1175 2175 1315 2210 sequimur
1330 2182 1355 2205 te
1370 2178 1396 2205 in
1414 2184 1470 2207 toto
1494 2183 1590 2215 corde,
1609 2188 1635 2211 et
1648 2185 1724 2212 time-

941 2226 1002 2246 mus
1015 2223 1050 2252 te,
1065 2224 1092 2246 et
1104 2221 1251 2255 quaerimus
1268 2221 1363 2250 faciem
1376 2228 1460 2252 tuam.

131 2257 179 2285 ιε.
198 2258 245 2293 Μὴ
274 2258 458 2295 καταισχύνῃς
482 2261 574 2295 ἡμᾶς,
595 2261 662 2288 ἀλλὰ
688 2263 800 2298 ποίησον
828 2265 886 2299 μεθ’

974 2264 1018 2292 όῖ.
1036 2264 1075 2292 Ne
1093 2265 1244 2294 confundas
1266 2276 1326 2301 nos,
1341 2269 1388 2296 sed
1410 2270 1453 2298 fac
1478 2273 1619 2301 nobiscum
1646 2275 1723 2310 juxta

94 2304 176 2338 ἡμῶν
192 2303 264 2330 κατὰ
275 2303 324 2339 τήν
340 2304 491 2332 ἐπιείκειάν
508 2314 566 2339 σου,
587 2308 635 2334 καὶ
651 2309 721 2335 κατὰ
740 2309 769 2335 τὸ
786 2309 887 2345 πλῆθος

93 2348 141 2374 τοῦ
151 2347 246 2379 ἐλέους
260 2356 318 2376 σου.

78 2414 82 2421 .
129 2392 175 2420 45.
191 2393 248 2419 Kal
266 2392 357 2425 ἐξελοῦ
383 2394 456 2428 ἡμᾶς
473 2394 543 2421 κατὰ
560 2395 595 2422 τὰ
609 2395 749 2431 θαυμάσιά
766 2406 823 2429 σου,
839 2399 886 2425 καὶ

92 2437 136 2469 δῖς
153 2437 233 2470 δόξαν
247 2439 285 2474 τῷ
298 2439 409 2474 ὀνόματί
426 2448 485 2472 σου,
496 2440 594 2477 Κύριε.

77 2494 86 2511 :.
127 2483 173 2510 «H.
199 2484 256 2510 Kal
279 2485 480 2521 ὲντραπείησαν
502 2487 603 2518 πάντες
633 2489 656 2514 οἱ
686 2488 884 2525 ἐνδεικνύμενοι

91 2530 148 2559 τοῖς
163 2528 269 2559 δούλοις
287 2537 334 2555 σου
351 2529 425 2556 κακὰ
437 2550 445 2562 ,
471 2530 519 2556 καὶ
546 2531 807 2566 καταισχυνθείησαν
830 2534 884 2560 ἀπὸ

92 2573 182 2609 πάσης
196 2573 367 2608 δυναστείας,
382 2575 430 2602 καὶ
443 2576 459 2611 ὴ
477 2576 552 2611 ἰσχὺς
566 2576 656 2603 αὐτῶν
680 2578 846 2614 συντριὸείη.

124 2621 170 2649 45.
189 2621 351 2655 Γνώτωσαν,
366 2623 407 2649 ὅτι
424 2623 456 2650 σὺ
472 2621 498 2649 εἴ
509 2623 612 2659 Κύριος
626 2625 640 2651 ὁ
652 2624 718 2656 Θεὸς
731 2626 820 2661 μόνος,
835 2628 882 2654 καὶ

89 2667 103 2692 ὁ
117 2665 222 2699 ἔνδοξος
233 2667 276 2700 ἐφ’
290 2667 354 2701 ὅλην
365 2667 414 2703 τὴν
425 2668 600 2702 οἰκουμένην.

122 2711 167 2738 46.
191 2711 248 2737 Kal
267 2711 298 2736 οὐ
322 2711 442 2738 διέλιπον
453 2713 477 2738 ol
494 2712 676 2747 ἐμϐάλλοντες
700 2714 799 2746 αὐτοὺς
827 2716 882 2750 ύπέ

87 2756 185 2791 ηρέται
199 2757 246 2783 τοῦ
269 2756 401 2792 βασιλέως
424 2758 547 2790 καίοντες
561 2758 609 2794 τὴν
630 2760 745 2794 κάμινον
765 2761 877 2796 νάφθαν,

87 2802 133 2829 καὶ
150 2802 278 2834 στίπυον,
293 2803 341 2829 καὶ
355 2804 468 2836 πίσσαν,
481 2805 529 2830 καὶ
543 2805 707 2840 κληματίδα.

118 2848 162 2876 67.
176 2848 235 2875 Καὶ
252 2848 371 2884 διηχεῖτο
387 2850 402 2884 ἡ
425 2849 490 2883 gaioli
512 2849 602 2877 ἐπάνω
617 2851 667 2886 τῆς
690 2852 805 2887 καμίνου
830 2854 876 2880 ἐπὶ

84 2894 179 2930 πήχεις
191 2896 488 2930 τεσσαρακονταεννέα.

937 2312 1173 2340 mansuetudinem
1193 2318 1283 2348 tuam,
1304 2320 1330 2343 et
1347 2317 1496 2345 secundum
1520 2320 1722 2350 multitudinem

936 2356 1131 2385 misericordiae
1147 2362 1210 2387 tua).

970 2403 1015 2430 45.
1035 2403 1069 2430 Et
1087 2411 1153 2432 erue
1168 2414 1218 2434 nos
1229 2407 1307 2442 juxta
1321 2409 1455 2438 mirabilia
1478 2416 1533 2444 tua.
1560 2418 1586 2440 et
1615 2414 1647 2441 da
1663 2415 1720 2450 glo-

935 2449 1002 2476 riam
1020 2451 1124 2478 nomini
1138 2456 1194 2484 tuo,
1213 2453 1337 2483 Domine.

969 2496 1014 2523 4i.
1034 2496 1067 2524 Et
1082 2498 1285 2528 confundantur
1304 2509 1412 2536 omnes,
1434 2504 1480 2539 qui
1496 2507 1644 2535 ostendunt
1661 2516 1719 2536 ser—

933 2540 974 2568 vis
990 2541 1044 2569 tuis
1058 2542 1141 2574 mala,
1156 2548 1183 2570 et
1196 2544 1398 2574 confundantur
1410 2548 1444 2575 ah
1457 2550 1531 2577 omni
1549 2552 1681 2585 potentia,
1693 2559 1718 2580 ct

932 2587 1016 2614 robur
1029 2595 1124 2615 eorum
1141 2593 1311 2618 conteratur.

966 2633 1012 2660 45.
1032 2633 1213 2668 Cognoscant,
1232 2636 1295 2670 quia
1308 2641 1335 2664 tu
1351 2646 1380 2666 es
1394 2639 1526 2669 Dominus
1548 2642 1620 2671 Deus
1632 2644 1718 2677 solus,

930 2682 957 2705 ct
969 2678 1104 2713 gloriosus
1118 2687 1200 2714 super
1217 2682 1375 2709 universum
1391 2685 1485 2712 ori-em
1502 2691 1646 2716 terrarum.
1721 2686 1725 2689 ’

965 2724 1010 2751 46.
1031 2724 1064 2752 Et
1079 2733 1131 2752 non
1148 2726 1301 2761 cessabant,
1318 2729 1364 2763 qui
1379 2729 1528 2765 injecerant
1540 2741 1588 2762 eos
1601 2736 1720 2764 ministii

930 2770 1010 2803 regis,
1027 2771 1223 2799 succendentes
1239 2772 1378 2801 fornacem
1399 2777 1529 2811 naphtha,
1549 2783 1573 2806 et
1593 2785 1682 2815 stupa,
1695 2790 1718 2808 (ιι

928 2815 997 2849 pice,
1015 2819 1041 2843 et
1057 2818 1212 2845 sarmentis.

962 2859 1006 2887 47.
1029 2860 1062 2888 Ει
1076 2861 1266 2890 elfundehatur
1287 2864 1394 2893 flamma
1420 2874 1503 2902 super
1524 2867 1662 2896 fornacem
1681 2870 1714 2897 ad

927 2906 1033 2934 cul-itos
1052 2908 1231 2943 quadraginta
1245 2918 1351 2938 novem.
