1967 3079
237 157 308 187 2355

773 154 900 183 DANIEL
918 155 1032 184 JUXTA
1051 155 1323 184 THEODO'I‘IOSEH

1791 158 1865 187 2856

270 216 315 245 48.
337 217 370 244 Ει
382 216 482 252 erupit,
497 221 524 244 et
538 215 669 249 incendit,
683 223 753 251 quos
767 215 871 243 invenit
881 217 954 244 circa
967 216 1020 244 for-

1108 217 1153 244 48.
1169 218 1225 244 Καὶ
1246 217 1384 246 διώδευσε,
1408 217 1456 244 καὶ
1470 217 1632 252 ἐνεπύρισεν
1647 217 1695 250 οὓς
1709 213 1774 253 εὗρε
1800 218 1865 254 περὶ

235 271 332 290 nacem
343 263 376 290 de
393 262 537 290 Chaldaeis.

272 309 314 336 49.
335 309 454 344 Angelus
468 312 559 336 autem
575 307 682 336 Domini
695 307 776 336 simul
799 308 938 336 descendit
959 316 1021 336 cum

235 355 280 388 iis,
295 355 341 391 qui
355 359 432 382 erant
446 363 506 383 cum
527 355 625 382 Azaria
642 355 670 382 in
685 354 837 388 fornacem,
859 361 886 383 et
901 355 1022 383 excussit

234 400 370 428 ﬂammam
386 401 455 435 ignis
471 401 504 428 de
518 400 639 433 fornace,
660 405 687 428 et
711 401 775 428 fecit
791 400 910 429 medium
930 401 1021 428 forna-

233 447 283 477 cis,
295 446 375 481 quasi
389 446 514 481 spiritum
529 446 599 474 roris
612 446 732 474 ﬂantem.

267 492 311 519 50.
331 492 364 519 Et
379 500 434 519 non
453 492 540 527 tetigit
553 500 601 521 eos
616 493 728 520 omnino
744 493 814 528 ignis
825 513 833 526 ,
852 500 940 528 neque
956 500 1022 521 con-

233 537 350 565 tristavit
364 545 422 570 eos,
438 545 527 573 nequo
544 539 697 567 molestiam
713 538 804 567 intulit
819 539 868 567 eis.

267 629 311 657 5L
333 628 411 657 Tunc
442 633 498 657 tres
525 630 603 665 quasi
626 637 658 657 cx
673 637 727 657 uno
751 638 800 657 ore
822 629 978 664 laudabant,
994 635 1021 658 et

232 675 431 711 gloriﬁcabaut,
444 679 471 703 et
488 676 685 704 benedicebant
700 675 785 704 Deum
808 676 835 703 in
855 676 967 705 fornace
979 677 1020 704 di-

233 727 326 750 centes
337 731 345 750 :

268 768 313 796 52.
331 767 497 796 Benedictus
511 775 552 800 es,
572 767 688 795 Domine
707 766 777 795 Deus
789 772 896 802 patrum
913 773 1020 796 nostro—

231 822 305 847 rum,
318 818 346 842 et
363 813 508 841 laudabilis
523 833 530 846 ,
556 817 583 841 et
614 814 834 848 superexaltatus
853 813 880 840 in
898 814 995 841 saecula
1010 821 1016 840 :

231 865 258 887 et
271 860 442 888 benedictum
463 867 564 887 nomen
581 859 675 895 gloria:
687 865 739 887 Luae
756 865 879 887 sanctum
890 879 898 893 ,
920 864 946 887 et
958 860 1018 888 lau-

231 905 333 937 dabile,
352 909 378 932 et
391 905 622 940 superexaltatum
644 905 670 931 in
689 905 799 932 saecula.

266 951 312 978 55.
333 950 496 978 Benedictus
509 958 538 978 es
553 951 579 977 in
594 951 694 985 templo
711 956 813 978 sancta:
829 951 922 986 gloria:
948 955 1017 985 tua,

231 1000 258 1023 et
273 995 510 1031 superlaudabilis,
525 1000 552 1023 et
564 997 785 1032 supergloriosus
810 998 836 1025 in
852 999 962 1027 saecula.

266 1042 309 1069 54.
332 1041 494 1069 Benedictus
515 1050 545 1070 cs
565 1043 592 1069 in
610 1043 710 1071 throno
724 1043 819 1079 gloriae
838 1045 914 1080 regni
931 1045 1019 1077 tui,et

231 1088 469 1123 superlaudabilis,
483 1093 510 1116 et
523 1089 739 1123 supei'exaltatus
755 1090 783 1117 in
799 1091 908 1119 saecula.

266 1189 311 1217 55.
332 1189 494 1217 Benedictus
512 1196 551 1221 cs,
566 1189 611 1224 qui
626 1189 740 1218 intueris
766 1191 895 1226 abyssos,
922 1192 1019 1221 sedens

232 1243 314 1271 super
336 1235 484 1263 Cherubim
499 1255 506 1268 ,
531 1239 558 1263 et
586 1235 740 1269 laudabilis,
764 1241 791 1264 et
804 1239 1019 1272 superexaltatus

233 1283 260 1308 in
274 1282 384 1310 saecula.

269 1327 313 1354 56.
334 1327 499 1355 Benedictus
514 1335 544 1355 es
562 1327 587 1354 in
601 1327 773 1355 ﬁrmamento
790 1329 862 1362 εαξη,
880 1334 907 1357 ct
923 1329 1020 1358 lauda-

233 1373 305 1405 bilis,
324 1378 350 1400 et
366 1374 504 1408 gloriosus
518 1374 543 1400 in
560 1374 670 1402 saecula.

268 1419 312 1446 57.
336 1419 493 1446 Benedicile
504 1419 596 1447 omnia
608 1427 691 1454 opera
704 1419 811 1448 Domini
826 1420 1021 1454 Domino,lau-
1053 1433 1057 1438 κ

233 1465 304 1498 date,
322 1470 349 1493 et
363 1465 563 1500 superexaltate
581 1473 642 1492 eum
662 1466 687 1492 in
707 1466 816 1494 smeula.

268 1513 312 1539 58.
327 1511 481 1539 Benedic-ite
494 1511 583 1546 angeli
597 1511 703 1539 Domini
721 1511 846 1545 Domino,
860 1513 977 1546 laudate,
994 1518 1021 1542 et

233 1559 435 1594 superexaltate
452 1566 512 1586 eum
528 1559 554 1586 in
575 1559 686 1586 sarcula.

269 1605 313 1633 59.
334 1605 488 1632 Benedicite
504 1604 565 1631 coeli
598 1604 724 1637 Domino,
743 1605 866 1638 laudate,
883 1610 908 1634 ct
924 1614 1019 1641 super-

233 1652 350 1679 cxaltatc
368 1659 431 1678 eum
451 1651 478 1677 in
493 1651 602 1678 saecula.

268 1698 313 1725 60.
335 1697 488 1724 Benedicite
502 1705 581 1730 aqua:
609 1704 705 1724 omnes
720 1717 727 1728 ,
758 1705 819 1732 qum
836 1706 918 1733 super
935 1699 1020 1727 caelos

234 1746 309 1775 sunt,
323 1742 439 1769 Domino
454 1761 461 1774 ,
485 1742 604 1774 laudate,
628 1746 655 1769 et
685 1743 883 1777 superexaltatc
904 1751 967 1771 eum
992 1745 1019 1771 in

234 1787 342 1815 sarcula.

269 1833 313 1860 6L
335 1833 490 1861 Bcnedicite
503 1840 599 1861 omnes
626 1833 741 1861 virtutes
757 1834 866 1862 Domini
893 1835 1019 1869 Domino,

234 1879 351 1911 laudate,
365 1882 392 1905 et
408 1879 608 1918 supercsaltate
623 1887 684 1906 eum
706 1880 733 1906 in
750 1881 860 1908 szncula.

269 1921 314 1949 62.
336 1921 491 1950 Bcnedicite
508 1922 561 1955 sol,
576 1927 602 1950 et
625 1923 689 1951 luna
717 1923 840 1958 Domino,
856 1925 972 1959 laudate,
993 1932 1020 1954 ct

233 1968 434 2003 superexaltate
449 1975 511 1995 eum
529 1968 555 1995 in
574 1969 682 1996 saacula.

267 2014 311 2042 65.
333 2013 489 2042 Benedicite
507 2015 591 2042 stella:
607 2015 667 2043 εαξη
695 2015 827 2050 Domino,
858 2017 976 2052 laudate,
993 2025 1020 2046 ct

233 2060 435 2095 superexaltate
449 2068 511 2088 eum
531 2061 557 2088 in
575 2061 684 2089 smcula.

267 2107 312 2135 64.
333 2106 491 2135 Benedicitc
508 2109 597 2136 omnis
609 2108 707 2141 imber,
722 2114 749 2136 et
764 2117 809 2137 ros
821 2109 946 2143 Domino,
962 2111 1020 2138 lan~

231 2155 303 2186 date,
317 2159 343 2182 et
357 2154 556 2188 superexaltale
570 2162 631 2181 cum
643 2155 669 2182 in
685 2156 794 2183 saecula.

266 2199 311 2227 65.
334 2199 487 2227 Benedicite
498 2207 595 2226 omnes
621 2199 733 2234 spiritus
756 2199 881 2232 Domino,
899 2200 1017 2234 laudate,

230 2250 258 2273 ct
275 2245 474 2280 superexaltalc
494 2253 556 2273 eum
573 2246 600 2272 in
624 2245 736 2272 saecula.

266 2291 311 2319 66.
334 2290 489 2319 Benedicite
504 2291 585 2326 ignis,
600 2296 627 2318 et
644 2296 727 2319 aestus
744 2291 870 2325 Domino,
898 2291 1017 2325 laudate,

230 2339 257 2362 et
271 2335 472 2370 superexaltate
486 2342 548 2362 eum
564 2336 591 2362 in
609 2337 718 2363 δωροῖο.

265 2381 310 2408 67.
331 2380 486 2408 Benedicitc
504 2380 602 2416 frigus,
618 2386 646 2408 et
661 2386 743 2409 mstus
758 2381 884 2415 Domino,
898 2383 1017 2417 laudate,

229 2427 468 2463 ctsuperexaltatc
483 2435 545 2454 cum
562 2427 589 2454 in
605 2428 718 2455 smcula.

265 2474 310 2501 68.
332 2473 488 2502 Bcnedicite
502 2481 590 2507 rores,
605 2475 744 2509 ctpruime
762 2475 886 2508 Domino,
898 2475 1018 2508 laudate,

229 2524 256 2547 ct
272 2520 470 2555 supercxaltate
484 2528 546 2547 cum
567 2521 592 2547 in
608 2521 717 2548 smcnla.

265 2565 309 2593 69.
328 2566 482 2594 Benedicite
494 2567 555 2602 gelu
575 2571 603 2593 et
629 2566 714 2601 frigus
742 2567 865 2600 Domino,
898 2568 1017 2600 laudate,

230 2617 256 2637 ct
272 2611 475 2646 superexaltatc
493 2620 554 2639 eum
570 2612 596 2639 in
613 2613 722 2640 sarcula.

266 2657 309 2684 70.
329 2656 483 2685 Bcnedicite
493 2658 604 2693 glacies,
621 2664 646 2686 et
661 2659 736 2686 nives
758 2658 883 2692 Domino,
899 2659 1017 2692 laudate,

229 2709 256 2730 et
272 2703 473 2738 superexaltate
486 2711 549 2731 eum
564 2705 592 2731 in
610 2705 718 2732 saecula.

266 2749 308 2776 7|.
331 2749 484 2776 Benedicite
495 2755 599 2783 noctes,
624 2755 651 2778 et
667 2751 724 2778 dies
749 2751 874 2784 Domino,
901 2752 1017 2784 laudato,

229 2801 254 2823 γι
269 2795 468 2831 superexaltate
482 2803 542 2822 eum
559 2797 584 2823 in
600 2797 709 2824 smcula.

265 2840 309 2868 72.
330 2840 484 2869 Bcnedicite
502 2842 556 2874 lux,
570 2847 597 2870 ct
619 2843 735 2871 tcucbra:
759 2844 884 2877 Domino,
900 2845 1017 2878 laudate,

229 2891 255 2914 ct
273 2887 470 2923 superemltatc
487 2896 548 2916 cum
564 2888 589 2915 in
605 2889 713 2916 sarcula.

1071 262 1122 299 τὴν
1140 263 1255 298 κάμινον
1273 263 1327 289 τῶν
1343 262 1495 291 Χαλδαίων.

1106 309 1152 338 49.
1170 309 1199 336 Ὁ
1211 309 1239 336 δὲ
1251 309 1365 344 ἅγγελος
1377 310 1482 345 Κυρίου
1495 309 1554 345 ἅμα
1565 310 1716 345 (iuvaturi!er
1729 311 1788 342 τοῖς
1800 309 1864 344 περὶ

1071 354 1118 382 τὸν
1136 355 1265 390 Ἀζαρίαν
1294 356 1334 386 εἰς
1356 355 1405 391 τὴν
1429 355 1555 390 κάμινον,
1583 356 1631 383 καὶ
1650 355 1788 390 ὲξετίναξε
1814 357 1864 392 τὴν

1072 400 1159 435 φλόγα
1171 400 1218 427 τοῦ
1231 401 1316 436 πυρὸς
1327 402 1358 428 ὲκ
1373 402 1424 436 τῆς
1435 402 1563 437 καμίνου,
1579 403 1627 429 καὶ¹
1641 401 1754 438 ἐποίησε
1769 402 1802 429 τδ
1814 403 1864 438 μέ-

1072 453 1119 473 σον
1131 445 1180 480 τῆς
1190 445 1318 481 καμίνου,
1332 446 1371 477 ὡς
1385 446 1495 481 πνεῦμα
1511 446 1607 481 δρόσου
1623 447 1792 481 διασυρίζον.

1108 489 1152 517 50.
1170 491 1225 517 Καὶ
1248 491 1297 526 οὐχ
1317 490 1405 525 ἥψατο
1432 492 1521 518 αὐτῶν
1539 491 1569 518 τὸ
1589 492 1650 519 καθ’
1665 493 1728 519 ὅλου
1751 492 1782 519 τὸ
1795 493 1863 529 πῦρ,

1071 536 1120 564 καὶ
1138 537 1188 564 οὐκ
1200 536 1335 573 ἐλύπησεν
1348 537 1457 570 αὐτοὺς,
1477 539 1526 565 καὶ
1536 539 1566 565 οὺ
1583 539 1800 575 παρηνώχλησεν
1815 541 1865 567 αὑ-

1072 591 1139 615 τοις.
1714 597 1716 599 -

1107 629 1150 656 51.
1167 628 1233 655 Τότε
1247 629 1271 655 οἱ
1286 630 1360 664 τρεῖς
1373 629 1410 661 ὡς
1423 629 1452 662 ἐξ
1468 630 1527 662 ὲνὺς
1539 631 1673 666 στόματος
1692 630 1804 667 ὕμνουν,
1819 634 1864 660 καὶ

1071 675 1206 710 ἐδόξαζον,
1224 677 1270 703 καὶ
1283 677 1411 711 εὐλόγουν
1424 678 1470 705 τὸν
1481 678 1546 704 Θεὸν
1559 679 1588 704 ὲν
1597 679 1630 714 τῇ
1646 679 1755 714 καμίνῳ
1769 679 1864 714 λέγον-

1070 731 1125 754 τες.

1106 768 1150 796 52.
1161 768 1314 804 Εὐλογητὸς
1323 767 1359 802 εἴ,
1369 769 1466 806 Κύριε,
1474 771 1488 798 ὁ
1496 770 1563 804 Θεὸς
1572 770 1626 798 τῶν
1633 771 1760 808 πατέρων
1772 772 1862 807 ἡμῶν,

1071 815 1118 841 καὶ
1133 815 1247 847 αἰνετὺς,
1269 816 1317 842 καὶ
1340 816 1565 852 ύπερυψούμενος
1588 817 1628 850 εἰς
1651 817 1715 850 τοὺς
1745 818 1861 849 αἰῶνας·

1070 861 1118 888 καὶ
1132 861 1314 897 εὐλογημένον
1330 863 1361 889 τὸ
1375 862 1460 898 ὄνομα
1475 863 1526 898 τῆς
1545 863 1623 899 δόξης
1644 872 1692 890 σου
1714 864 1745 891 τὺ
1764 865 1842 899 ἅγιον
1853 883 1861 896 ,

1035 903 1056 930 Β
1070 908 1118 934 καὶ
1130 907 1244 941 αἰνετὸν,
1257 909 1305 934 καὶ
1322 908 1547 944 ὑπερυψούμενον
1561 911 1601 942 εἰς
1616 911 1680 942 τοὺς
1694 910 1810 942 αἰῶνας.

1105 953 1150 981 55.
1162 953 1351 989 Εὐλογημένος
1362 952 1387 980 εἰ
1397 955 1425 982 ἐν
1435 954 1474 990 τῷ
1486 954 1543 990 ναῷ
1554 955 1603 990 τῆς
1615 955 1694 989 ἁγίας
1708 953 1791 991 δόξης
1805 964 1862 989 σου,

1069 1000 1118 1027 καὶ
1133 1000 1333 1035 ὑπερυμνητδς,
1351 1000 1398 1027 καὶ
1411 1001 1586 1036 ὑπερένδοξος
1601 1002 1641 1034 εἰς
1655 1002 1719 1033 τοὺς
1730 1002 1844 1034 αἰῶνας.

1105 1047 1150 1075 54.
1167 1047 1356 1082 Εὐλογημένος
1366 1045 1393 1075 εἷ
1401 1048 1448 1074 ἐπὶ
1461 1047 1555 1084 θρόνου
1563 1047 1642 1082 δόξης
1657 1049 1706 1083 τῆς
1723 1049 1862 1084 βασιλείας

1071 1101 1129 1124 σου,
1144 1094 1192 1120 καὶ
1211 1093 1413 1129 ὑπερυμνητὸς,
1430 1094 1477 1120 καὶ
1499 1093 1722 1130 ὑπερυψούμενος
1741 1096 1782 1126 εἰς
1801 1096 1861 1127 τοὺς

1071 1140 1182 1170 αἰῶνας.

1106 1185 1150 1212 55.
1165 1185 1356 1221 Εὐλογημένος
1369 1182 1395 1212 εἴ
1403 1187 1417 1212 ὁ
1434 1185 1540 1220 βλέπων
1550 1185 1696 1217 ἁόύσσους,
1707 1185 1860 1222 καθήμενος

1070 1232 1117 1258 ἐπὶ
1132 1231 1282 1266 Χερουϐὶμ,
1307 1232 1354 1258 καὶ
1381 1231 1497 1264 αἰνετὸς,
1518 1232 1565 1258 καὶ
1582 1231 1806 1267 ὐπερυψούμενος
1823 1233 1860 1264 εἰς

1070 1278 1133 1309 τοὺς
1148 1278 1259 1309 αἰῶνας.

1106 1323 1151 1350 56.
1166 1322 1355 1359 Εὐλογημένος
1376 1320 1401 1349 εἴ
1419 1324 1448 1350 ὲν
1473 1323 1512 1359 τῷ
1528 1323 1699 1359 στερεώματι
1713 1323 1762 1350 τοῦ
1780 1323 1860 1360 οὐρα-

1070 1368 1128 1402 νοῦ,
1145 1370 1192 1395 καὶ
1207 1369 1335 1405 ὑμνητὸς,
1354 1369 1400 1396 καὶ
1414 1369 1606 1405 δεδοξασμένος
1622 1370 1662 1401 εἰς
1671 1370 1735 1401 τοὺς
1748 1369 1859 1402 αἰῶνας.

1107 1415 1151 1442 57.
1170 1415 1314 1450 Εὑλογεῖτε
1327 1416 1416 1443 πάντα
1429 1416 1463 1443 τὰ
1479 1416 1548 1451 ἔργα
1568 1415 1672 1452 Κυρίου
1687 1416 1733 1443 τὸν
1748 1416 1858 1452 Κύριον,

1071 1461 1193 1497 ὑμνεῖτε,
1205 1462 1252 1488 καὶ
1265 1461 1437 1498 ὑπερυψοῦτε
1453 1462 1534 1488 αὑτὸν
1546 1462 1586 1493 εἰς
1598 1462 1662 1494 τοὺς
1675 1461 1792 1494 αἰῶνας.

1107 1507 1151 1535 58.
1167 1507 1310 1542 Εὐλογεῖτε
1322 1508 1432 1542 ἄγγελοι
1443 1508 1546 1543 Κυρίου
1556 1508 1602 1534 τὸν
1615 1507 1728 1544 Κύριον,
1741 1509 1860 1544 ὑμνεῖτε,

1072 1556 1119 1582 καὶ
1134 1555 1306 1590 ὑπερυψοῦτε
1316 1555 1396 1581 αὐτὸν
1409 1555 1449 1586 εἰς
1459 1555 1521 1585 τοὺς
1537 1553 1650 1585 αἰῶνας.

1110 1601 1152 1629 59.
1170 1601 1315 1635 Εὐλογεῖτε
1338 1601 1448 1637 οὐρανοὶ
1464 1600 1510 1627 τὸν
1526 1600 1641 1636 Κύριον,
1667 1600 1790 1636 ὑμνεῖτε,
1815 1602 1862 1628 καὶ

1074 1647 1246 1682 ὕπερυψοῦτε
1260 1647 1339 1673 αὑτὸν
1351 1648 1390 1678 εἰς
1403 1647 1465 1678 τοὺς
1477 1646 1589 1678 αἰῶνας.

1109 1693 1154 1721 60.
1173 1693 1314 1727 Εὐλογεῖτε
1326 1693 1409 1719 ὕδατα
1425 1693 1511 1719 πάντα
1525 1693 1559 1720 τὰ
1578 1693 1669 1720 ἐπάνω
1683 1692 1731 1720 τού
1747 1693 1861 1729 ούρανοῦ

1073 1740 1119 1767 τὸν
1130 1740 1242 1776 Κύριον,
1257 1739 1378 1775 ὑμνεῖτε,
1392 1740 1439 1766 καὶ
1454 1738 1624 1775 ὑπερυψοῦτε
1639 1739 1720 1766 αὑτὸν
1744 1740 1785 1771 εἰς
1800 1740 1861 1772 τοὺς

1074 1786 1186 1818 αἰῶνας.
1328 1819 1333 1821 ἒ

1109 1831 1153 1859 6|.
1170 1831 1314 1866 Εύλογεῖτε
1330 1831 1416 1858 πᾶσαι
1428 1832 1456 1857 αἱ
1473 1831 1603 1866 δυνάμεις
1617 1830 1720 1866 Κυρίου
1740 1831 1788 1857 τὸν
1807 1830 1861 1857 K6-

1076 1886 1142 1914 ριον,
1155 1879 1274 1913 ὑμνεῖτε,
1291 1879 1339 1904 καὶ
1350 1877 1520 1913 ὑπερυψοῦτε
1532 1878 1611 1906 αὐτὸν
1623 1879 1662 1909 εἰς
1675 1878 1738 1910 τοὺς
1749 1878 1860 1910 αἰῶνας.

1107 1924 1152 1951 62.
1165 1924 1308 1959 Εὑλογεῖτε
1319 1924 1406 1959 ἣλιος,
1420 1924 1468 1951 καὶ
1481 1923 1578 1959 σελήνη
1589 1923 1634 1950 τὸν
1647 1923 1759 1959 Κύριον,
1770 1925 1862 1960 ὑμνεῖ-

1073 1979 1112 2003 τε,
1130 1971 1178 1997 καὶ
1192 1970 1363 2005 ὑπερυψοῦτε
1381 1970 1462 1997 αὑτὸν
1479 1971 1518 2001 εἰς
1531 1970 1594 2001 τοὺς
1610 1969 1722 1998 αἰῶνας.

1109 2017 1153 2045 63.
1177 2017 1320 2051 Εὑλογεῖτε
1347 2017 1435 2051 ἄστρα
1458 2016 1504 2043 τοῦ
1529 2017 1646 2052 οὐρανοῦ
1669 2017 1714 2043 τὸν
1740 2016 1876 2052 Κύριον,¹

1073 2064 1193 2099 ὑμνεῖτε,
1212 2063 1260 2089 καὶ
1273 2062 1443 2098 ὑπερυψοῦτε
1458 2062 1539 2089 αὑτὸν
1556 2063 1599 2093 εἰς
1613 2062 1676 2094 τοὺς
1688 2063 1802 2094 αἰῶνας.

1106 2109 1150 2137 64.
1165 2109 1308 2143 Εὑλογεῖτε
1324 2109 1377 2140 πᾶς
1387 2108 1498 2144 ὄμϐρος,
1514 2109 1564 2135 καὶ
1583 2108 1677 2143 δρόσος
1692 2108 1737 2135 τὸν
1748 2108 1863 2144 Κύριον,

1073 2156 1193 2191 ὑμνεῖτε,
1209 2154 1256 2181 καὶ
1271 2153 1440 2190 ὑπερυψοῦτε
1452 2153 1534 2180 αὑτὸν
1545 2154 1585 2185 εἰς
1599 2154 1662 2185 τοὺς
1676 2153 1791 2185 αἰῶνας.

1106 2202 1151 2229 65.
1168 2201 1311 2235 Εὑλογεῖτε
1331 2201 1420 2227 πάντα
1448 2201 1483 2227 τὰ
1506 2200 1649 2235 πνεύματα
1677 2200 1723 2226 τὸν
1745 2201 1860 2236 Κύριον,

1034 2254 1055 2281 ι)
1070 2249 1190 2283 ὑμνεῖτε.
1206 2248 1254 2273 καὶ
1267 2246 1437 2283 ὑπερυψοῦτε
1452 2245 1534 2273 αὐτὸν
1551 2247 1591 2277 εἰς
1603 2245 1667 2278 τοὺς
1676 2245 1790 2277 αἰῶνας.

1105 2294 1147 2321 66.
1165 2293 1307 2328 Εὐλογεῖτε
1326 2292 1391 2328 πῦρ,
1409 2293 1457 2318 καὶ
1474 2291 1568 2326 καῦμα
1584 2291 1629 2318 τὸν
1642 2291 1754 2326 Κύριον,
1769 2291 1862 2327 ὑμνεῖ-

1069 2349 1109 2372 τε,
1122 2340 1170 2366 καὶ
1182 2338 1354 2374 ὑπερυψοῦτε
1367 2337 1448 2365 αὑτὸν
1463 2338 1503 2369 εἰς
1518 2338 1579 2368 τοὺς
1595 2337 1708 2368 αἰῶνας.

1105 2386 1149 2413 67.
1168 2385 1310 2419 Εὑλογεῖτε
1333 2383 1435 2419 ψύχος,
1464 2384 1511 2410 καὶ
1537 2382 1633 2418 καῦμα
1663 2382 1706 2409 τὸν
1733 2382 1858 2418 Κύριον,

1071 2432 1190 2467 ὑμνεῖτε,
1207 2429 1434 2465 καὶὺπερυψοῦτε
1452 2429 1533 2456 αὐτὸν
1547 2429 1586 2461 εἰς
1600 2429 1663 2459 τοὺς
1673 2428 1786 2460 αἰῶνας,

1105 2477 1149 2504 68.
1173 2477 1316 2510 Εὐλογεῖτε
1344 2476 1443 2511 δρόσοι,
1471 2475 1520 2501 καὶ
1546 2475 1649 2509 νιφετοὶ
1669 2474 1715 2500 τὸν
1743 2474 1856 2510 Κύριον.

1071 2523 1192 2559 ὑμνεῖτε,
1206 2523 1253 2549 καὶ
1270 2521 1440 2558 ὑπερυψοῦτε
1460 2520 1540 2548 αὐτὸν
1554 2521 1594 2552 εἰς
1603 2521 1667 2552 τοὺς
1679 2520 1793 2552 αἰῶνας.

1105 2568 1149 2596 69.
1165 2568 1306 2602 Εὐλογεῖτε
1320 2567 1411 2602 πάγοι,
1426 2567 1473 2593 καὶ
1482 2566 1568 2601 ψύχος
1584 2566 1629 2592 τὸν
1645 2565 1858 2601 Κύριον,ὐμνεῖ-

1071 2624 1110 2648 τε,
1131 2615 1178 2642 καὶ
1196 2614 1367 2649 ὑπεροψοῦτε
1381 2613 1462 2640 αὐτὸν
1478 2613 1518 2644 εἰς
1529 2611 1592 2643 τοὺς
1606 2612 1717 2644 αἰῶνας.

1105 2659 1151 2688 70.
1169 2659 1310 2693 Εὑλογεῖτε
1334 2658 1435 2693 πάχνη,
1461 2657 1508 2684 καὶ
1539 2657 1629 2691 χιόνες
1663 2656 1709 2683 τὸν
1737 2656 1857 2691 Κύριον,

1073 2706 1190 2741 ὑμνεῖτε,
1207 2706 1254 2731 καὶ
1273 2704 1443 2740 ὑπερ-αψοῦτε
1460 2703 1542 2730 αὑτὸν
1557 2704 1596 2734 εἰς
1608 2703 1671 2734 τοὺς
1689 2702 1803 2733 αἰῶνας.

1104 2753 1149 2779 'Il.
1164 2752 1306 2786 Εὑλογεῖτε
1331 2750 1437 2782 νύκτες,
1469 2750 1516 2776 καὶ
1541 2749 1642 2784 ἡμέραι
1672 2748 1719 2774 τὸν
1745 2747 1859 2782 Κύριον,

1071 2799 1190 2834 ὑμνεῖτε,
1206 2799 1253 2825 καὶ
1272 2796 1443 2832 ὑπερυψοῦτε
1462 2795 1543 2823 αὐτὸν
1560 2795 1600 2826 εἰς
1616 2794 1679 2825 τοὺς
1693 2793 1805 2824 αἰῶνας.

1108 2845 1151 2871 7‘2.
1170 2844 1310 2878 Εὐλογεῖτε
1328 2843 1394 2877 φῶς,
1413 2842 1460 2868 καὶ
1475 2841 1571 2872 σκότος
1581 2840 1625 2866 τὺν
1639 2839 1754 2874 Κύριον,
1765 2839 1863 2874 ὑμνεῖ-

1071 2900 1111 2925 τε,
1127 2891 1173 2917 καὶ
1187 2888 1356 2925 ύπερυψοῦτε
1369 2887 1449 2915 αὑτὸν
1466 2887 1505 2918 εἰς
1520 2886 1583 2917 τοὺς
1601 2884 1722 2926 αἱῶναςτ
