1967 3079
146 151 217 180 2857

853 150 967 179 CAPUT
984 150 1031 179 111.

1701 156 1772 193 σεεμ

182 207 229 235 π..
244 205 389 241 Εὖλογιῖτε
403 206 553 243 ἀστραπαὶ,
568 208 615 235 καὶ
627 208 737 244 νεφιλαι
758 207 806 235 τὸν
823 208 926 244 Κύριον

1022 207 1067 235 75.
1088 207 1242 238 Benedicite
1258 209 1376 245 fulgura,
1399 215 1426 239 et
1442 210 1530 239 nubes
1559 210 1685 244 Domino,
1715 213 1772 240 lam

146 253 270 288 ὑμνεῖτε,
288 253 337 280 καὶ
355 252 527 288 ὑπερυψοῦτε
544 253 626 282 αὑτὸν
640 255 681 286 εἰς
697 255 761 286 τοὺς
774 254 886 286 αἰῶνας.

183 299 228 327 74.
240 299 386 336 Εὑλογήτω
398 300 414 336 ὴ
424 300 460 336 γῆ
471 300 517 327 τὸν
528 300 640 337 Κύριον,
657 300 785 336 ὑμνείτω,
799 301 846 327 καὶ
855 301 938 336 ὑπερ-

144 345 257 381 νψούτω
267 346 348 373 αὑτὸν
361 346 402 377 εις
420 346 483 378 τοὺς
499 346 612 379 αἰῶνας.

182 391 228 419 75.
242 391 385 426 Εὑλογεῖτε
395 391 457 428 ὅρη,
471 393 518 419 καὶ
531 392 622 428 βουνοὶ
634 392 680 420 τὸν
693 392 806 429 Κύριον,
815 393 935 429 ὑμνεῖτε,

143 438 194 465 καὶ
210 437 382 473 ὑπερυψοῦτε
402 438 482 465 αὑτὸν
498 439 539 471 εἰς
553 439 616 471 τοὺς
630 439 743 472 αιῶνας.

183 483 228 510 76.
247 484 391 518 Εὑλογεῖτε
415 485 504 512 πάντα
532 485 567 512 τὰ
584 487 707 521 φυόμενα
730 487 760 513 ὲν
785 486 818 522 τῇ
837 487 873 522 γῇ
890 486 937 513 τὸν

143 529 262 564 Κύριον,
287 529 408 564 ὑμνεῖτε,
436 530 485 558 καὶ
513 530 684 568 ὐπερυψοῦτε
707 532 790 559 αὐτὸν
813 533 854 564 εις
874 533 937 564 τοὺς

142 575 258 607 αἰῶνας.

181 620 226 648 77.
244 620 389 655 Εὑλογεῖτε
403 620 431 648 αι
446 621 535 657 πηγαὶ
548 621 594 648 τὸν
607 622 721 658 Κύριον,
736 623 863 658 ὑμνεῖτε,
887 623 936 650 καὶ

143 666 319 702 ὑπερυψοῦτε
334 667 415 693 αὐτὸν
427 668 468 699 εἰς
481 667 546 699 τοὺς
561 669 674 700 αἰῶνας.

182 713 226 741 78.
243 714 389 748 Εὑλογεῖτε
406 713 550 746 θάλασσαι,
562 714 610 740 καὶ
628 713 747 749 ποταμοὶ
760 714 806 741 τὸν
820 713 933 750 Κύριον,

141 758 268 794 ὑμνεῖτε,
282 760 330 786 καὶ
347 759 518 795 ὑπεροψοῦτε
536 759 616 786 αὑτὸν
635 760 675 791 εἰς
690 759 754 791 τοὺς
768 759 880 791 αἰῶνας.

181 804 226 832 79.
244 804 388 839 Εὐλογείτε
414 805 482 840 κήτη
496 823 504 836 ,
529 805 577 831 καὶ
593 804 682 831 πάντα
695 804 729 831 τὰ
744 805 890 840 κινούμενα
905 805 934 832 ἐν

986 253 1059 286 date,
1077 259 1104 282 et
1116 256 1314 291 superexaltate
1331 263 1392 284 eum
1408 256 1434 283 in
1450 254 1560 284 saecula.

1023 299 1067 327 74.
1087 299 1233 329 Benedicat
1252 307 1325 330 terra
1353 302 1479 335 Domino,
1497 302 1599 336 laudet,
1620 308 1649 330 et
1678 310 1772 338 super.

986 347 1087 374 exaltet
1104 355 1166 375 eum
1182 348 1210 375 in
1225 349 1337 376 saecula.

1022 393 1065 420 75.
1084 393 1238 422 Benedicite
1251 399 1366 427 montes,
1380 398 1407 422 et
1417 394 1499 422 colles
1512 393 1638 426 Domino,
1652 393 1770 428 laudate,

986 442 1014 466 et
1026 439 1224 474 superexaltate
1241 447 1304 467 eum
1319 440 1345 467 in
1362 440 1470 468 saecula.

1022 484 1065 511 76.
1086 484 1242 513 Benedicite
1278 485 1407 513 universa
1433 484 1615 521 germinantia
1639 485 1666 512 in
1699 489 1771 512 terra

987 529 1114 565 Domino,
1131 531 1250 565 laudate,
1263 536 1292 560 et
1305 532 1504 568 superexaltate
1514 539 1575 560 eum
1592 532 1619 559 in
1632 533 1742 560 saecula.

1023 618 1066 646 77.
1087 619 1241 648 Benedicile
1259 619 1348 648 fontes
1367 619 1492 654 Domino,
1507 619 1627 653 laudate,
1638 625 1666 648 et
1675 628 1772 656 super-

985 665 1102 693 exaltate
1118 672 1180 693 eum
1197 666 1225 693 in
1245 666 1355 694 saecula.

1021 710 1064 738 78.
1086 710 1239 739 Benedicite
1252 712 1349 745 maria,
1360 716 1387 740 ct
1399 711 1510 740 (lumina
1517 712 1642 746 Domino,
1653 713 1771 746 laudate,

985 761 1011 784 et
1026 757 1225 792 superexaltate
1240 765 1303 785 eum
1314 758 1341 785 in
1358 759 1467 786 saecula.

1021 802 1065 831 79.
1085 803 1240 832 Benedicite
1250 808 1321 837 cete,
1336 809 1364 832 et
1383 805 1485 838 omnia,
1499 813 1560 840 quae
1585 809 1729 833 moventur
1744 806 1771 833 in

141 851 201 882 τοῖς
218 849 295 876 ὕδασι
311 850 356 877 τὸν
374 849 487 886 Κύριον,
505 849 624 886 ὑμνεῖτε,
640 851 687 878 κα)⁴
703 851 873 886 ὑπερυψοῦτε
884 851 928 878 αὑ-

1006 849 1064 885 quis
1079 850 1204 885 Domino,
1216 851 1334 884 laudate,
1349 855 1377 879 et
1391 851 1593 886 superexaltate
1609 859 1670 880 eum
1684 851 1711 879 in
1722 859 1772 879 sa:-

135 896 191 923 -τὺν
204 898 244 928 εις
256 897 319 928 τοὺς
336 896 447 928 αἰῶνας.

180 942 226 970 80.
246 942 389 976 Εὑλογεῖτε
404 942 492 970 πάντα
514 941 548 969 τὰ
571 941 685 968 πετεινὰ
699 941 745 969 τοῦ
761 942 875 978 οὐρανοῦ
889 942 935 969 τὸν

145 988 261 1023 Κύριον,
291 987 422 1022 ὑμνεῖτε,
446 989 494 1014 καὶ
511 987 684 1023 ὑπερυψοῦτε
706 987 786 1028 αὑτὸν
808 988 847 1020 εις
871 988 935 1019 τοὺς

141 1033 254 1065 αἰῶνας.
481 1033 486 1037 ’

179 1079 224 1107 81.
243 1079 386 1114 Εὑλογεῖτε
401 1079 492 1106 πάντα
511 1078 546 1106 τὰ
568 1078 660 1114 θηρῐα,
672 1079 720 1106 καὶ
735 1079 770 1106 τὰ
785 1078 870 1115 κτήνη
888 1079 934 1106 τὸν

141 1125 258 1161 Κύριον,
273 1126 394 1161 ὑμνεῖτε,
410 1126 457 1152 καὶ
469 1125 639 1161 ὑπερυψοῦτε
650 1125 730 1152 αὑτὸν
741 1126 780 1156 εἰς
794 1126 857 1156 τοὺς
869 1125 934 1153 αἰῶ-

141 1180 202 1203 νας.

179 1216 224 1244 82.
240 1216 385 1250 Εὑλογεῖτε
409 1216 463 1242 υἱοὶ
489 1216 544 1243 τῶν
569 1215 720 1251 ἀνθρώπων
746 1216 792 1242 τὸν
819 1216 932 1252 Κύριον,

141 1262 321 1298 ὑμνεῖτε,καὶ
337 1262 509 1298 ὑπερυψοῦτε
523 1262 604 1289 αὑτὸν
615 1263 655 1294 εις
667 1263 730 1296 τοὺς
749 1262 861 1294 αιῶνας.

177 1308 223 1335 85.
236 1308 379 1342 Εὑλογεῖτε
403 1309 458 1335 υἱοὶ
479 1307 587 1344 Ἰσραὴλ
603 1309 648 1335 τὸν
674 1308 787 1345 Κύριον,
812 1309 932 1344 ὑμνεῖτε,

140 1354 191 1380 καὶ
208 1354 379 1389 ὑπερυψοῦτε
392 1355 472 1382 αὑτὸν
489 1355 528 1386 εἰς
539 1355 603 1386 τοὺς
616 1354 727 1386 αἰῶνας.

177 1400 224 1427 84.
245 1399 389 1434 Εὑλογεῖτε
415 1400 498 1434 ἱερεῖς
524 1399 570 1425 τὸν
595 1399 709 1434 Κύριον,
738 1399 859 1433 ὑμνεῖτε,
885 1399 933 1425 καὶ

139 1444 315 1480 ὑπερυψοῦτε
325 1445 405 1472 αὑτὸν
421 1446 461 1476 εις
477 1445 540 1476 τοὺς
555 1444 668 1476 αἰῶνας.

177 1490 222 1517 85.
234 1490 376 1523 Εὑλογεῖτε
389 1490 476 1516 δοῦλοι
499 1490 604 1525 Κυρίου
621 1489 665 1516 τὸν
683 1489 794 1525 Κύριον,
811 1489 932 1524 ὑμνεῖτε,

140 1535 190 1562 καὶ
203 1535 374 1571 ὑπερυψοῦτε
385 1535 466 1562 αὐτὸν
483 1535 522 1567 εἰς
538 1536 601 1567 τοὺς
613 1535 725 1567 αἰῶνας.

178 1581 223 1609 86.
241 1582 384 1616 Εὑλογεῖτε
404 1581 558 1616 πνεύματα,
576 1581 624 1607 xal.
650 1581 736 1615 ψυχαὶ
762 1580 874 1608 δικαίων
886 1581 932 1608 τὸν

138 1628 256 1664 Κύριον,
271 1629 392 1664 ὑμνεῖτε,
404 1629 451 1655 καὶ
462 1627 633 1663 ὑπερυψοῦτε
645 1628 727 1654 αὑτὸν
739 1628 778 1660 εἰς
791 1629 854 1660 τοὺς
865 1628 932 1656 αἰῶ-

139 1683 202 1707 νας.

177 1720 224 1747 87,
241 1719 384 1754 Εὐλογεῖτε
398 1720 477 1752 ὅσιοι,
502 1720 549 1746 καὶ
568 1719 692 1746 ταπεινοὶ
713 1721 745 1756 τῇ
768 1720 867 1756 καρδία
886 1721 932 1748 τὸν

138 1766 254 1801 Κύριον,
270 1766 390 1801 ὑμνεῖτε,
403 1765 451 1792 ml.
463 1764 633 1801 ὑπερυψοῦτε
646 1764 727 1792 αὑτὸν
739 1765 778 1797 εὶς
790 1765 853 1797 τοὺς
867 1766 933 1792 αἰῶ-

139 1820 201 1843 νας.

175 1858 221 1886 88.
240 1857 383 1892 Εὑλογεῖτε
402 1857 523 1890 Ἀνανία,
543 1858 668 1894 Ἀζαρία,
689 1857 800 1894 Μισαὴλ
817 1857 864 1885 τὸν
874 1858 932 1885 Κύ-

139 1913 211 1940 ριον,
230 1904 341 1939 ὑμνεῖτε
353 1924 360 1936 ,
382 1904 430 1930 καὶ
450 1903 622 1939 ὑπερυψοῢτε
635 1904 716 1930 αὑτὸν
727 1904 767 1935 εὶς
780 1904 844 1935 τοὺς
862 1903 932 1930 αἰῶ-

139 1958 200 1982 νας.
220 1950 281 1977 ὀτι
292 1949 427 1985 ἐρρύσατο
440 1950 514 1984 ἡμᾶς
533 1950 563 1981 ἐξ
577 1950 652 1985 ᾷδου.
670 1950 717 1976 καὶ
731 1951 763 1976 ὲκ
777 1950 867 1985 χειρὸς
881 1949 926 1976 θα-

138 1994 223 2021 νάτου
240 1994 343 2021 ἔσωσεν
356 1995 446 2030 ἡμᾶς·
471 1995 518 2021 καὶ
539 1994 674 2030 ἐρρύσατο
697 1996 770 2030 ἡμᾶς
798 1996 831 2022 ὲκ
848 1994 930 2030 μέσου

138 2039 290 2075 καιομένης
311 2040 420 2075 φλογὸς,
448 2041 496 2068 καὶ
522 2041 555 2068 ὲκ
579 2041 664 2076 μέσου
686 2041 771 2077 πυρὸς
798 2041 932 2078 ἐρρύσατο

138 2086 226 2122 ἡμᾶς.

176 2132 222 2160 89.
247 2131 468 2167 Ἑξομολογεῖσθε
496 2132 535 2168 τῷ
550 2132 663 2168 Κυρίῳ,
687 2133 727 2160 ὅτι
741 2133 857 2168 χρηστὸς
867 2155 875 2168 ,
890 2135 931 2162 ὅτι

138 2178 181 2209 εἰς
197 2179 244 2204 τὸν
259 2179 343 2204 αἰῶνα
358 2179 387 2205 τὸ
404 2179 478 2211 ἔλεος
493 2179 585 2206 αὑτοῦ.

949 885 971 913 Β
986 897 1056 924 cula.

1020 943 1063 970 80.
1086 942 1240 971 Benedicite
1267 950 1364 971 omnes
1394 943 1519 971 volucres
1552 943 1615 972 coeli
1645 943 1771 975 Domino,

985 988 1104 1022 laudate,
1121 993 1148 1016 et
1165 989 1366 1024 superexaltate
1383 997 1446 1017 eum
1462 989 1490 1016 in
1507 990 1618 1017 sacula.

1019 1075 1064 1102 81.
1084 1074 1240 1103 Benedicite
1252 1083 1349 1103 omnes
1368 1075 1472 1109 bestiae,
1493 1080 1520 1103 et
1535 1083 1634 1110 pecora
1642 1074 1768 1109 Domino,

984 1121 1101 1155 laudate,
1118 1126 1144 1149 et
1159 1121 1358 1157 super-exaltate
1374 1129 1436 1149 eum
1448 1122 1475 1149 in
1492 1122 1600 1149 smcula.

1020 1222 1064 1250 82.
1084 1222 1238 1250 Benedicite
1252 1222 1298 1250 ﬁlii
1317 1222 1458 1250 hominum
1472 1222 1598 1256 Domino,
1616 1222 1771 1255 laudate.et

983 1266 1185 1302 superexaltate
1198 1274 1259 1294 eum
1274 1266 1302 1293 in
1317 1266 1427 1294 'sazcula.

1019 1312 1064 1340 85.
1085 1312 1241 1340 Benedicite
1266 1312 1314 1339 ﬁlii
1331 1312 1414 1340 Israel
1443 1312 1559 1341 Domino
1574 1332 1582 1346 ,
1604 1312 1722 1345 laudate,
1744 1317 1771 1340 et

984 1358 1185 1393 superexaltate
1202 1366 1263 1386 eum
1283 1359 1310 1386 in
1326 1359 1436 1387 saecula.

1020 1405 1064 1432 81.
1086 1405 1242 1433 Benedicite
1257 1406 1414 1433 sacerdotes
1442 1404 1560 1433 Domino
1573 1425 1580 1432 .
1605 1405 1726 1438 laudate,
1744 1410 1771 1433 et

984 1450 1184 1483 superexaltate
1200 1457 1262 1477 eum
1277 1450 1304 1476 in
1322 1449 1433 1477 smeula.

1019 1495 1064 1522 85.
1085 1495 1239 1522 Benedicite
1258 1495 1329 1522 servi
1349 1495 1455 1523 Domini
1471 1496 1598 1529 Domino,
1617 1495 1770 1528 laudatc,ct

947 1550 968 1579 α
985 1541 1184 1576 superexaltate
1197 1549 1259 1568 eum
1277 1541 1304 1568 in
1318 1541 1429 1568 saecula.

1021 1587 1065 1615 86.
1086 1587 1240 1615 Benedicite
1253 1587 1376 1622 spiritus,
1397 1590 1424 1613 et
1443 1586 1542 1614 animae
1563 1586 1701 1621 iustorum
1716 1587 1770 1615 Do-

986 1632 1070 1666 mino,
1088 1631 1206 1665 laudate,
1221 1635 1248 1658 et
1262 1630 1460 1666 superexaltate
1472 1638 1533 1658 eum
1548 1631 1576 1658 in
1589 1631 1699 1659 saecula.

1021 1719 1064 1746 87.
1084 1717 1238 1746 Benedicite
1258 1717 1356 1751 sancti,
1375 1721 1403 1745 et
1419 1718 1536 1746 humiles
1549 1718 1630 1746 corde
1642 1718 1769 1754 Domino,

985 1762 1103 1795 laudate,
1119 1765 1146 1789 et
1161 1761 1360 1796 superexaltate
1375 1768 1438 1789 eum
1456 1761 1484 1788 in
1501 1761 1599 1789 saecula

1021 1855 1065 1883 88.
1087 1855 1242 1883 Benedicite
1255 1855 1494 1891 Anania,Azaria,
1521 1856 1615 1884 Misael
1643 1856 1768 1888 Domino.

985 1901 1103 1933 laudate,
1118 1905 1144 1928 et
1158 1901 1356 1935 superexaltate
1369 1910 1432 1930 eum
1447 1904 1476 1930 in
1502 1904 1610 1930 saecula.
1621 1902 1689 1936 Quia
1699 1903 1771 1930 eruit
1815 1930 1818 1934 ,

985 1954 1035 1974 nos
1047 1949 1081 1974 de
1091 1946 1207 1980 inferno,
1224 1951 1251 1974 et
1262 1948 1297 1975 de
1311 1955 1392 1975 manu
1411 1948 1507 1975 mortis
1522 1948 1611 1976 salvos
1632 1948 1696 1976 fecit
1709 1957 1769 1981 nos,

985 1997 1012 2020 et
1027 1993 1154 2021 liberavit
1169 2000 1220 2020 nos
1236 1993 1270 2020 de
1297 1993 1387 2021 medio
1407 1994 1527 2021 ardentis
1550 1994 1675 2027 llammre,
1692 1999 1719 2022 et
1735 1995 1769 2023 de

985 2039 1075 2067 medio
1090 2040 1159 2075 ignis
1174 2039 1245 2066 eruit
1261 2046 1322 2067 nos.

1019 2127 1244 2156 89.Coniitemini
1261 2127 1385 2160 Domino,
1400 2126 1528 2162 quoniam
1537 2126 1767 2162 bonus,quoniam

984 2176 1011 2203 in
1029 2180 1161 2203 aeternum
1181 2174 1369 2203 misericordia
1386 2174 1456 2209 ejus.

176 2221 222 2248 90.
237 2221 379 2256 Εὑλογεῖτε
397 2223 498 2255 πάντες
526 2223 551 2249 οἱ
579 2223 721 2258 σεὸόμενοι
743 2223 789 2250 τὸν
814 2223 928 2260 Κύριον,

1020 2222 1064 2250 90.
1085 2222 1241 2250 Benedicite
1264 2229 1359 2249 omnes
1391 2220 1511 2248 colentes
1542 2219 1700 2253 Dominum,
1717 2219 1768 2248 Do-

138 2267 245 2303 Κύριον
255 2268 301 2295 τδν
317 2268 384 2295 Θεὸν
394 2268 449 2295 τῶν
461 2268 540 2301 θεῶν,
558 2269 680 2304 ὑμνεῖτε,
695 2269 743 2296 καὶ
760 2269 929 2305 ἐξομολογεῖ-

139 2313 201 2346 σθε,
215 2314 255 2341 ὅτι
271 2315 310 2346 εἰς
327 2314 431 2346 πάντας
443 2315 506 2346 τοὺς
519 2315 621 2346 αἰῶνας
633 2315 663 2341 τὸ
677 2314 750 2346 ἔλεος
767 2315 859 2343 αὑτοῦ.

176 2360 222 2388 91.
244 2361 300 2387 Καὶ
313 2360 548 2396 Ναϐουχοδονόσορ
572 2361 689 2397 ἤκουσεν
714 2361 869 2396 ὑμνούντων
883 2361 931 2388 αὒ-

139 2406 206 2440 τῶν,
224 2407 272 2433 καὶ
294 2406 445 2441 ἐθαύμασε,
473 2406 521 2433 καὶ
549 2406 679 2441 ἐξανέστη
699 2405 728 2432 ὲν
742 2407 856 2442 σπουδῇ,
882 2407 931 2433 καὶ

140 2449 203 2478 εἷπε
219 2453 276 2484 τοῖς
295 2453 456 2487 μεγιστᾶσιν
475 2451 567 2478 αὑτοῦ·
582 2451 650 2486 Οὐχὶ
663 2451 762 2487 ἄνδρας
772 2453 847 2487 τρεῖς
866 2450 928 2478 ὲϐάέ

140 2497 226 2532 λομεν
246 2499 286 2530 εις
304 2499 387 2533 μέσον
404 2499 450 2526 τοῦ
463 2499 549 2536 πυρὸς
565 2500 787 2535 πεπεδημένους;
805 2500 853 2526 καὶ
865 2500 932 2526 ἁπο-

141 2544 283 2579 κριθέντες
293 2545 403 2579 λέγουσι
416 2545 455 2580 τῷ
467 2545 588 2580 βασιλεῖ’
611 2545 741 2582 ’Δληθῶς,
755 2545 878 2580 βασιλεῦ.

180 2589 225 2617 92.
242 2591 298 2616 Καὶ
320 2590 480 2626 ἀποκριθεὶς
501 2589 578 2618 εἷπεν
594 2591 608 2617 6
633 2590 758 2626 βασιλεύς
770 2599 777 2606 ·
793 2588 857 2617 Ὧδε
877 2591 932 2625 ἐγὼ

141 2635 198 2671 ὁρῶ
212 2636 312 2671 ἄνδρας
329 2636 465 2671 τέσσαρας
482 2636 646 2672 λελυμένους
670 2635 888 2672 περιπατοῦντας
902 2637 931 2663 ὲν

143 2682 277 2717 μέσῳτοῦ
289 2683 385 2718 πυρὸς,
402 2683 450 2710 καὶ
460 2682 593 2718 διαφθορὰ
605 2683 655 2708 οὐκ
672 2682 747 2709 ἐστιν
765 2682 866 2714 αὐτοῖς,
883 2682 931 2709 καὶ

140 2729 159 2763 ή
174 2728 268 2764 ὅρασις
279 2728 326 2755 τοῦ
337 2728 469 2763 τετάρτου
484 2729 564 2764 ὁμοία
579 2728 630 2763 υἱῷ
645 2726 724 2755 Θεοῦ.

175 2774 223 2802 93.
234 2774 303 2800 Τότε
317 2774 453 2809 προσῆλθε
464 2774 700 2809 Ναϐουχοδονόσορ
712 2772 779 2809 πρὸς
787 2773 836 2808 τὴν
844 2772 929 2808 θύραν

139 2819 190 2854 τῆς
204 2820 322 2855 καμίνου
344 2819 390 2846 τοῦ
415 2820 500 2855 πυρὸς
524 2819 576 2854 τῆς
599 2819 757 2854 καιομένης,
773 2819 821 2845 καὶ
835 2817 927 2845 εἶπεν’

141 2865 256 2902 Σεδρὰχ,
271 2865 381 2901 Μισὰχ,
405 2865 570 2900 Ἀϐδεναγώ,
592 2866 616 2892 οἱ
637 2865 723 2892 δοῦλοι
733 2865 778 2891 τοῦ
799 2864 866 2891 Θεοῦ
883 2864 928 2891 τοῦ

983 2268 1058 2296 mino
1071 2267 1127 2295 Deo
1137 2268 1261 2299 deorum,
1276 2267 1393 2300 laudate,
1409 2271 1437 2295 et
1451 2266 1767 2302 conﬁtemini,quoniam

982 2315 1010 2342 in
1028 2315 1120 2342 omnia
1136 2314 1235 2341 saecula
1251 2313 1438 2341 misericordia
1450 2313 1521 2348 ejus.

1017 2361 1062 2388 91.
1082 2360 1115 2387 Ει
1125 2359 1376 2388 Nabuchodonosor
1391 2359 1494 2387 audivit
1505 2359 1646 2386 laudantes
1661 2358 1768 2390 illos,et

983 2406 1133 2441 obstupuit,
1148 2409 1174 2433 et
1188 2406 1310 2433 surrexit
1335 2413 1460 2440 propere,
1485 2409 1511 2432 et
1534 2404 1572 2432 ait
1590 2403 1767 2438 optimatibus

983 2451 1166 2480 suiszNonne
1187 2452 1260 2479 viros
1277 2456 1332 2479 tres
1352 2452 1478 2479 misimus
1499 2451 1526 2478 in
1553 2451 1672 2479 medium
1697 2451 1768 2485 ignis

983 2495 1172 2532 compeditos?
1188 2501 1216 2524 et
1243 2497 1441 2531 respondentes
1467 2496 1562 2524 dicunt
1589 2495 1668 2531 regi;
1687 2496 1766 2528 Vere,

982 2550 1041 2570 rex.

1016 2588 1060 2615 92.
1082 2587 1115 2615 Et
1131 2587 1300 2623 respondens
1318 2587 1387 2614 dixit
1401 2595 1468 2615 rex:
1498 2587 1548 2615 llic
1567 2594 1618 2622 ego
1633 2586 1712 2614 video
1728 2587 1767 2613 vi-

982 2642 1029 2662 ros
1046 2638 1163 2669 quatuor
1181 2634 1286 2661 solutos
1302 2633 1473 2660 ambulantes
1487 2633 1514 2659 in
1533 2634 1623 2660 medio
1642 2633 1723 2668 ignis,
1741 2638 1768 2660 et

982 2680 1121 2714 corruptio
1135 2687 1189 2706 non
1202 2683 1244 2706 est
1268 2679 1294 2705 in
1309 2679 1360 2712 eis,
1387 2683 1414 2706 ct
1435 2679 1539 2714 species
1563 2679 1654 2714 quarti
1670 2680 1767 2707 similis

982 2725 1038 2752 ﬁlio
1055 2725 1113 2752 Dei.

1017 2771 1061 2799 93.
1083 2771 1160 2799 Tune
1182 2772 1300 2800 accessit
1328 2771 1581 2801 Nabuchodonosor
1604 2772 1637 2800 ad
1665 2773 1766 2800 ostium

982 2817 1102 2846 fornacis
1116 2818 1186 2854 ignis
1198 2818 1329 2851 ardentis,
1341 2823 1367 2846 et
1380 2819 1449 2846 dixit
1470 2827 1476 2845 :
1498 2818 1617 2846 Sedrach
1630 2839 1637 2851 ,
1653 2818 1766 2850 Misacli,

982 2865 1138 2900 Abdenago,
1154 2865 1223 2893 servi
1239 2865 1285 2893 Dei
1298 2865 1407 2899 excelsi,
1421 2865 1591 2899 egredimini,
1618 2869 1644 2892 ct
1666 2865 1764 2892 venite.
