1967 3079
232 162 302 191 2859

767 164 896 192 DANIEL
913 162 1025 192 JUXTA
1046 161 1320 190 THEODOTIONUI

1789 160 1860 189 2860

232 220 265 248 Et
277 228 405 257 egressus
420 227 461 251 est
477 222 609 258 Sedrach,
627 224 740 258 Misacli,
755 223 901 258 Abdenago
916 223 949 250 de
962 230 1019 250 me-

1081 221 1195 256 itpictou,
1214 221 1347 254 ὲξέλθετε,
1362 221 1409 248 καὶ
1435 220 1527 248 δεῦτε·
1546 220 1593 248 καὶ
1617 220 1713 255 ἐξῆλθε
1743 219 1860 257 mm,

231 267 277 294 dio
294 267 374 303 ignis.

268 313 313 342 94.
334 313 367 341 Et
376 319 574 351 congregantur
590 320 716 351 satrapae,
734 316 863 349 etduces,
881 319 908 344 et
927 321 1020 352 topar-
1035 308 1042 315 ’

233 359 302 393 clue,
324 365 351 387 et
364 365 488 395 potentes
504 361 587 396 regis,
604 366 632 389 et
649 362 906 396 contemplabantur
934 362 1019 394 viros,

232 406 362 440 quoniam
377 406 444 433 nihil
460 408 603 441 potestatis
623 407 765 435 habuisset
782 408 853 443 ignis
865 408 891 434 in
907 415 1021 442 corpore

232 458 338 482 eorum,
354 455 381 478 et
399 452 513 487 capillus
529 453 627 488 capitis
639 460 733 480 eorum
748 461 802 480 non
810 458 882 481 esset
894 453 1019 487 adustus,

231 499 259 522 et
273 495 403 523 sarabara
419 504 513 524 eorum
528 504 582 525 non
599 497 717 526 fuissent
733 497 888 531 immutata,
907 503 934 526 et
952 498 1021 526 odor

232 539 303 574 ignis
315 549 369 568 non
381 546 454 569 esset
465 542 493 570 in
508 543 559 571 eis.

266 586 311 614 95.
333 587 365 614 Et
383 587 507 616 adoravit
521 589 547 616 in
567 594 713 625 conspectu
737 598 833 618 eorum
853 598 899 618 rex
926 590 1019 618 Domi-

232 641 308 666 num,
321 637 348 660 et
360 635 500 668 respondit
516 635 778 670 Nabuchodonosor,
788 642 815 664 et
829 637 897 664 dixit
914 647 920 664 :
935 637 1020 664 Bene-

231 678 321 707 dictus
335 679 408 707 Deus
426 679 557 713 Sedrach,
575 681 689 715 Misach,
711 682 868 718 Abdenago,
884 682 931 718 qui
946 682 1020 709 misit

231 725 359 759 angelum
375 733 466 759 suum,
479 731 506 754 et
520 727 591 755 eruit
605 735 700 756 servos
718 735 793 761 suos,
809 729 873 763 quia
896 728 1019 756 credide-

231 774 296 797 runt
315 770 342 797 in
356 778 438 804 eum;
462 776 490 800 et
507 773 620 800 verbum
646 774 719 809 regis
750 773 974 806 immulaverunt,
992 777 1019 800 et

231 814 403 843 tradiderunt
415 824 529 852 corpora
545 826 595 846 sua
611 818 639 846 in
655 819 755 854 ignem,
770 826 805 846 ne
819 819 962 852 servirent,
972 825 1019 846 ne-

232 868 285 894 que
298 861 444 890 adorarent
455 870 564 891 omnem
580 863 672 896 deum,
691 868 788 899 praeter
801 863 887 891 Deum
907 871 999 892 suum.

1070 268 1174 302 Μισὰχ.
1197 267 1351 302 ’Δϐδεναγὼ
1367 268 1399 294 ὲκ
1415 267 1497 303 μέσον
1511 266 1560 293 τοῦ
1577 267 1672 302 πυρός.

1105 312 1149 340 94.
1168 313 1224 339 Kal.
1248 313 1409 347 συνάγονται
1433 313 1457 339 οἱ
1472 313 1621 347 σατράπαι,
1639 311 1687 338 καὶ
1702 312 1726 338 οἱ
1740 319 1860 346 στρατη-

1070 359 1123 393 γοὶ,
1140 359 1188 385 καὶ
1201 359 1225 385 οι
1241 358 1388 395 τοπάρχαι,
1403 359 1452 385 καὶ
1465 359 1490 386 οἱ
1507 358 1635 385 δυνάσται
1655 357 1702 384 τοῦ
1715 357 1860 392 βασιλέως,

1070 405 1119 431 καὶ
1131 404 1267 440 ἐθεώρουν
1280 405 1344 436 τοὺς
1355 404 1464 440 ἄνδρας,
1481 405 1522 432 ὅτι
1538 405 1588 431 οὐκ
1603 403 1747 440 ἐκυρίευσε
1761 403 1793 430 τὸ
1806 404 1861 439 πῦρ

1069 449 1117 476 τοῦ
1137 449 1264 485 σώματος
1283 449 1385 480 αὐτῶν,
1401 449 1449 476 καὶ
1462 450 1478 484 ἡ
1495 449 1556 484 θρὶξ
1568 449 1618 484 τῆς
1632 449 1754 484 κεφαλῆς
1768 448 1860 476 αὐτῶν

1069 495 1120 522 οὐκ
1135 495 1294 531 ὲφλογίσθη.
1308 495 1401 523 καὶτὰ
1414 495 1559 531 σαράϐαρα
1573 494 1663 522 αὐτῶν
1679 495 1731 522 οὐκ
1747 494 1861 530 ἠλλοιώο

1071 541 1115 576 θη,
1131 541 1178 569 καὶ
1192 541 1265 577 ὀσμὴ
1279 541 1365 577 πυρὸς
1380 541 1430 568 οὐκ
1444 539 1479 577 ἦν
1488 542 1518 568 ὲν
1531 541 1634 573 αὐτοῖς.

1105 587 1149 615 95.
1171 588 1227 615 Kal.
1238 587 1441 623 προσεκύνησεν
1457 586 1572 615 ἐνώπιον
1598 587 1689 614 αὐτῶν
1705 588 1719 614 ὁ
1735 586 1861 623 βασιλεὺς

1069 633 1108 668 τῷ
1138 633 1254 669 Κυρίῳ·
1285 633 1333 660 καὶ
1361 633 1499 668 ἀπεκρίθη
1527 633 1786 669 Ναϐουχοδονόσορ,
1814 633 1861 660 καὶ

1069 677 1156 706 εἶπεν·
1173 679 1326 714 Εὐλογητὸς
1337 680 1351 706 ὁ
1364 679 1430 711 Θεὸς
1444 678 1491 706 τοῦ
1509 679 1624 715 Σεδρὰχ,
1639 679 1743 714 Μισὰχ,
1768 679 1860 706 Ἀϐδε-

1070 724 1154 760 ναγὼ,
1169 725 1199 756 ὃς
1214 725 1358 752 ἀπέστειλε
1380 725 1425 752 τὸν
1437 725 1553 759 ἄγγελον
1573 725 1668 757 αὑτοῦ,
1681 726 1730 752 καὶ
1743 725 1860 757 ἐξείλετο

1069 770 1132 802 τοὺς
1150 771 1248 803 παῖδας
1259 771 1353 803 αὐτοῦ,
1373 771 1415 798 ὅτι
1435 771 1626 798 ὲπεποίθεισαν
1649 771 1693 797 ἐπ’
1706 770 1796 806 αὐτῷ’
1814 771 1860 797 καὶ

1068 817 1098 843 τὸ
1112 817 1189 853 ῥῆμα
1203 817 1250 844 τοῦ
1266 817 1398 852 βασιλέως
1409 817 1569 853 ὴλλοίωσαν,
1587 818 1635 845 καὶ
1649 817 1812 853 παρέδωκαν
1827 817 1861 844 τὰ

1070 862 1185 899 σώματα
1197 863 1287 890 αὐτῶν
1301 864 1342 896 είς
1356 863 1422 899 πῦρ,
1443 864 1518 896 ὅπως
1534 863 1572 899 μὴ
1594 863 1774 898 λατρεύσωσι,
1794 863 1861 898 μηδὲ

1036 911 1058 940 Β
1072 909 1282 945 προσκυνήσωσι
1293 910 1378 936 παντὶ
1391 909 1456 945 θεῷ,
1474 909 1532 936 ἀλλ’
1547 909 1563 945 ἢ
1576 909 1616 945 τῷ
1631 908 1691 945 Θεῷ
1703 908 1807 936 αὐτῶν.

266 951 311 980 96.
332 952 366 980 Et
380 961 430 989 ego
447 961 571 990 propono
586 955 725 983 decretum
738 976 745 988 ,
772 961 803 982 ut
833 955 923 983 omnis
935 963 1019 990 popu-

231 997 284 1029 lus,
301 998 398 1031 tribus,
410 1000 512 1036 lingua,
528 1009 710 1036 quaecumque
724 1002 835 1036 loquuta
851 1001 932 1029 fuerit
946 1001 1019 1029 blas-

230 1041 366 1076 phemiam
382 1050 476 1072 contra
491 1044 576 1073 Deum
590 1045 720 1078 Sedrach,
733 1045 845 1078 Misacb,
859 1046 1018 1081 Abdenago,

231 1087 257 1113 in
272 1088 452 1122 perditionem
474 1094 565 1123 erunt,
580 1095 607 1118 et
622 1091 720 1120 domus
739 1099 833 1119 eorum
846 1091 874 1119 in
893 1091 1019 1127 direptio-

231 1139 292 1160 nem
308 1140 408 1162 erunt:
427 1140 570 1171 propterea
583 1137 656 1173 quod
669 1145 723 1166 non
738 1142 780 1166 est
796 1137 869 1167 Deus
882 1139 1019 1174 alius,qui

230 1179 318 1212 possit
329 1180 435 1208 salvare
447 1189 494 1210 eos
509 1183 557 1210 ita.

266 1224 310 1252 97.
333 1224 410 1253 Tune
421 1234 469 1254 rex
490 1228 625 1262 promovit
640 1228 771 1261 Sedraeli,
790 1229 902 1264 Misach,
928 1230 1019 1258 Alide-

231 1277 301 1305 nago
315 1270 343 1297 in
359 1271 468 1306 regione
484 1272 643 1308 Babylonis,
658 1279 685 1301 et
699 1275 776 1302 auxit
799 1283 856 1306 eos,
879 1280 906 1302 et
923 1275 1020 1311 dignos

233 1316 330 1344 habuit
346 1317 433 1352 ipsos,
457 1319 503 1353 qui
523 1326 671 1354 praeessem
688 1322 817 1350 omnibus
844 1321 956 1356 ludatis,
972 1323 1018 1359 qui

231 1366 309 1389 erant
322 1362 349 1389 in
365 1370 449 1398 regno
463 1371 524 1391 suo.

266 1413 311 1440 98.
334 1412 587 1443 Nabuchodonosor
600 1424 646 1444 rex
664 1417 796 1446 omnibus
822 1419 939 1453 populis,
969 1419 1019 1446 tri-

232 1458 339 1492 bubus,
364 1459 476 1495 linguis,
506 1461 693 1491 habitantibus
717 1463 743 1490 in
770 1464 897 1492 universa
928 1470 1018 1493 terra:

231 1512 282 1539 pax
296 1505 373 1533 vobis
389 1506 593 1542 multiplicetur.

266 1551 311 1579 99.
333 1550 427 1587 Signa,
446 1558 474 1580 et
502 1558 618 1586 ostenta,
649 1561 710 1590 qua:
735 1554 798 1582 fecit
827 1564 933 1583 meeum
948 1556 1019 1584 Deus

230 1597 373 1631 excelsus,
403 1599 506 1634 placuit
531 1601 557 1627 in
587 1605 735 1636 conspectu
760 1609 822 1629 meo
855 1588 1055 1631 annuntiarec

230 1645 318 1676 vobis,
331 1653 413 1680 quam
430 1654 537 1682 magna,
554 1652 580 1675 et
596 1647 688 1675 fortia.

266 1691 328 1719 100.
349 1691 473 1727 Regnum
489 1693 550 1728 ejus
563 1701 677 1728 regnum
694 1694 900 1730 sempiternum,
920 1699 948 1723 et
971 1703 1020 1731 po-

232 1741 316 1765 testas
331 1737 391 1772 ejus
408 1738 434 1764 in
450 1739 652 1773 generationem
668 1744 695 1767 et
713 1740 928 1775 generationem.

531 1795 646 1824 CAPUT
673 1796 719 1825 1V.

268 1840 294 1867 Ι.
314 1839 370 1875 Ego
382 1839 637 1870 Nabuchodonosor
653 1843 796 1872 abundans
809 1852 884 1872 eram
901 1845 928 1872 in
940 1844 1020 1872 domo

233 1894 302 1920 mea,
319 1891 345 1914 et
359 1886 459 1915 ﬂorens
476 1887 503 1915 in
522 1888 621 1916 throno
640 1896 700 1917 meo
716 1895 742 1917 et
757 1890 864 1926 pinguis
879 1891 905 1918 in
920 1891 1021 1926 populo

233 1940 303 1960 meo.

266 1979 293 2005 Ξ.
315 1978 458 2008 Somnium
474 1981 539 2014 vidi,
552 1985 579 2008 et
592 1981 737 2016 perterruit
757 1990 812 2015 me,
840 1987 868 2010 et
893 1983 1020 2012 turbatus

231 2033 290 2052 sum
302 2025 328 2052 in
343 2026 425 2053 cubili
437 2034 508 2060 meo,
524 2030 552 2054 et
570 2027 689 2055 visiones
715 2027 811 2063 capitis
832 2028 884 2056 mei
907 2033 1020 2057 contur«

231 2071 364 2098 liaveruttt
375 2079 429 2100 me.

266 2118 292 2145 5.
315 2117 347 2145 Ει
361 2125 376 2145 a
390 2125 433 2146 me
448 2119 617 2154 propositum
635 2123 678 2147 est
695 2119 845 2153 decretum.
858 2124 888 2147 ut
899 2120 1020 2148 introdu-

230 2167 357 2190 cerentur
370 2163 397 2190 in
414 2168 562 2198 conspectu
582 2171 642 2192 meo
661 2172 757 2193 omnes
772 2165 909 2200 sapientes
931 2165 1020 2202 Baby-

230 2209 312 2242 lonis,
327 2213 356 2237 ut
368 2209 618 2244 interpretationem
637 2211 738 2238 somnii
751 2211 903 2239 indicarent
915 2212 1001 2240 mihi.‘
1015 2236 1020 2244 ,

266 2254 292 2281 ὁ.
327 2254 360 2282 Ει
390 2255 613 2290 ingrediebantur
637 2256 727 2290 arioli,
757 2257 840 2292 magi,
875 2257 1013 2292 gazareni,

1105 955 1149 984 96.
1166 956 1222 982 Kal.
1237 954 1292 989 ἐγὼ
1308 955 1450 992 ὲκτίθεμαι
1477 956 1582 991 δόγμα,
1608 956 1683 988 ὅπως
1706 956 1761 987 πᾶς
1787 955 1860 988 λαὸς,

1070 1001 1149 1037 φυλὴ,
1162 1001 1283 1036 γλῶσσα,
1298 1001 1315 1037 ἢ
1326 1002 1374 1029 ἐὰν
1391 1001 1456 1038 είπῃ
1465 1001 1640 1037 βλασφημίαν
1655 1001 1726 1029 κατὰ
1736 1001 1784 1028 τοῦ
1794 1000 1861 1027 Θεοῦ

1069 1046 1184 1082 Σεδρὰχ,
1202 1046 1305 1081 Μισὰχ,
1327 1046 1491 1081 Ἀϐδεναγὼ,
1516 1048 1556 1078 είς
1570 1045 1708 1073 ἀπώλειαν
1733 1045 1860 1077 ἔσονται,

1069 1091 1117 1118 καὶ
1134 1092 1159 1118 οί
1179 1089 1250 1118 οἶκοι
1268 1092 1357 1119 αὐτῶν
1383 1092 1423 1123 είς
1438 1091 1592 1127 διαρπαγὴν
1615 1091 1745 1118 ἔσονται·
1764 1090 1861 1118 καθότι

1069 1137 1120 1165 οὑκ
1149 1137 1207 1164 ἔστι
1236 1137 1302 1170 Θεὺς
1326 1137 1429 1173 ἕτερος,
1452 1137 1526 1173 ὅστις
1551 1137 1694 1173 δυνήσεται
1726 1135 1860 1172 ῥύσασθαι

1070 1183 1168 1216 αὐτοὺς
1184 1183 1280 1216 οὕτως.

1105 1240 1149 1267 97.
1162 1240 1229 1267 Τότε
1242 1241 1256 1267 ὁ
1270 1240 1397 1273 βασιλεὺς
1412 1241 1560 1268 κατεύθυνε
1574 1239 1619 1277 τὴν
1630 1238 1743 1274 Σεδρὰχ,
1755 1237 1860 1273 Μισὰχ,

1075 1284 1238 1319 Ἀϐδεναγώ,
1258 1285 1286 1312 ὲν
1297 1286 1330 1320 τῇ
1344 1285 1421 1321 χώρᾳ
1436 1285 1605 1317 Βαϐυλῶνος,
1617 1285 1666 1311 καὶ
1680 1283 1802 1320 ηὔξησεν
1811 1284 1860 1311 αὺ-

1069 1331 1143 1362 τοὺς,
1155 1331 1202 1357 καὶ
1214 1330 1330 1365 ἠξίωσεν
1345 1330 1444 1362 αὐτοὺς
1463 1329 1587 1365 ἡγεῖσθαι
1602 1330 1712 1356 πάντων
1725 1329 1779 1356 τῶν
1795 1329 1859 1356 Ἰου-

1069 1375 1162 1408 δαίων,
1179 1375 1232 1402 τῶν
1247 1375 1331 1402 ὄντων
1349 1377 1377 1402 ὲν
1396 1377 1429 1411 τῇ
1444 1375 1567 1411 βασιλείᾳ
1578 1375 1670 1402 αὑτοῦ.

1104 1421 1149 1448 98.
1164 1421 1401 1457 Ναῦουχοδονόσορ
1426 1423 1440 1448 ὁ
1457 1421 1583 1456 βασιλεὺς
1599 1422 1666 1448 πᾶσι
1690 1422 1746 1453 τοῖς
1774 1421 1859 1453 λαοῖς,

1070 1468 1177 1503 φυλαῖς,
1194 1468 1341 1503 γλώσσαις,
1358 1470 1414 1500 τοῖς
1430 1467 1552 1494 οἰκοῦσιν
1569 1469 1597 1494 ὲν
1614 1467 1687 1503 πάσῃ
1704 1468 1738 1502 τῇ
1760 1467 1806 1502 γῇ,
1823 1467 1862 1493 εί-

1071 1516 1138 1550 ρήνη
1155 1515 1218 1550 ὑμῖν
1229 1515 1406 1550 πληθυνθείη.

1107 1560 1150 1588 99.
1176 1560 1216 1587 Τὰ
1241 1561 1352 1595 σημεῖα,
1370 1561 1418 1587 καὶ
1436 1560 1470 1587 τὰ
1485 1561 1598 1596 τέρατα,
1618 1558 1636 1586 ἃ
1662 1559 1776 1594 ἐποίησε
1803 1558 1862 1594 μετ’

1072 1606 1139 1641 ἐμοῦ
1153 1607 1166 1633 ὁ
1179 1606 1244 1638 Θεὸς
1259 1607 1273 1632 ὁ
1295 1606 1422 1641 ὕψιστος,
1444 1606 1542 1642 ἤρεσεν
1567 1605 1688 1632 ἐναντίον
1705 1613 1756 1640 μου
1777 1605 1862 1638 ἀναγ-

1071 1652 1159 1686 γεῖλαι
1177 1652 1252 1686 ὑμῖν,
1269 1651 1307 1684 ὡς
1320 1652 1436 1687 μεγάλη,
1452 1652 1500 1678 καὶ
1517 1651 1625 1687 ἰσχυρά.

1108 1695 1168 1723 100.
1189 1697 1222 1722 Ἥ
1237 1696 1359 1731 βασιλεία
1378 1697 1461 1723 αὐτοῦ
1477 1695 1601 1731 βασιλεία
1626 1695 1734 1727 αἰώνιος
1748 1715 1755 1727 ,
1773 1696 1821 1722 καὶ
1844 1695 1861 1731 ἡ

1071 1742 1180 1774 ἐξουσία
1194 1742 1276 1770 αὑτοῦ
1289 1744 1328 1776 είς
1343 1743 1440 1778 γενεὰν
1455 1744 1502 1771 καὶ
1518 1743 1624 1778 γενεάν.

1337 1801 1536 1828 ΚΕΦΔΛΑΙΟΝ
1557 1802 1594 1829 Δ¹.

1106 1846 1133 1873 1.
1150 1845 1222 1878 Ἐγὼ
1235 1845 1470 1881 Ναϐουχοδονόσορ
1484 1845 1605 1880 εὖθηνῶν
1618 1846 1692 1882 ήμην
1703 1846 1732 1872 ἐν
1744 1846 1783 1881 τῷ
1795 1847 1862 1882 οίκῳ

1073 1899 1135 1926 μου,
1152 1891 1200 1917 καὶ
1219 1891 1339 1917 εὺοαλῶν
1354 1891 1400 1917 ἐπὶ
1415 1890 1462 1917 τοῦ
1484 1890 1577 1928 θρόνου
1595 1899 1646 1927 μου
1663 1893 1697 1926 Χ
1722 1893 1770 1919 καὶ
1792 1892 1861 1918 πίων

1071 1937 1105 1971 Χ
1123 1937 1151 1964 ὲν
1166 1936 1205 1972 τῷ
1217 1936 1274 1972 λαῷ
1291 1946 1351 1971 μου.

1105 1983 1133 2010 2.
1156 1983 1297 2010 Ἐνύπνιον
1314 1981 1393 2016 εἶδον,
1411 1983 1458 2011 καὶ
1473 1983 1618 2019 ὲφοόἐρισέ
1634 1992 1668 2018 με
1690 1984 1740 2010 καὶ
1763 1983 1861 2019 ἐταρά-

1070 2027 1138 2063 χθην
1152 2028 1198 2054 ἐπὶ
1215 2027 1264 2061 τῆς
1287 2027 1382 2063 κοίτης
1407 2035 1469 2063 μου,
1484 2028 1532 2054 καὶ
1547 2027 1575 2054 αἱ
1588 2027 1697 2063 ὁράσεις
1712 2026 1764 2062 τῆς
1777 2035 1862 2060 κεφα-

1070 2073 1119 2108 λῆς
1137 2082 1188 2108 μου
1204 2073 1388 2109 συνετάραξάν
1408 2082 1451 2108 με.

1106 2119 1133 2147 3.
1147 2120 1203 2147 Καὶ
1217 2120 1281 2156 παρ’
1295 2118 1362 2154 ἐμοῦ
1378 2119 1488 2154 ἐξετέθη
1505 2119 1602 2154 δόγμα,
1628 2118 1676 2145 τοῦ
1702 2118 1862 2152 εἰσαγαγεῖν

1071 2166 1186 2194 ἐνώπιόν
1202 2175 1253 2202 μου
1275 2167 1380 2198 πάντας
1393 2167 1455 2199 τοὺς
1476 2166 1575 2201 σοφοὺς
1599 2165 1772 2196 Βαϐυλῶνος,
1789 2165 1862 2195 ὅπως

1070 2213 1119 2249 τὴν
1133 2212 1278 2248 σύγκρισιν
1291 2212 1339 2239 τοῦ
1356 2213 1482 2240 ἐνυπνίου
1497 2211 1653 2246 γνωρίσωσί
1669 2220 1726 2244 μοι.

1103 2258 1130 2285 4.
1148 2258 1203 2284 Kal.
1213 2257 1420 2293 εἰσεπορεύοντο
1437 2257 1462 2284 οἱ
1474 2256 1605 2287 ὲπαοιδοὶ,
1625 2256 1718 2291 μάγοι,
1733 2255 1860 2291 γαζαρη-

230 2301 359 2334 Chaldaei,
376 2305 403 2329 et
415 2301 552 2329 somnium
569 2301 624 2329 dixi
638 2309 688 2337 ego
703 2302 730 2329 in
751 2307 898 2338 conspectu
912 2311 1017 2336 eorum,

1081 2303 1121 2334 Vol,
1139 2303 1288 2335 Χαλδαῖοι,
1310 2292 1358 2330 καὶ
1374 2303 1404 2329 τὸ
1427 2301 1552 2329 ἐνύπνιον
1567 2300 1644 2328 εἶπον
1671 2301 1726 2336 ἐγὼ
1744 2301 1861 2328 ἐνώπιον

231 2350 258 2373 et
271 2346 523 2381 interpretationem
536 2347 596 2382 ejus
611 2355 663 2374 non
679 2347 836 2375 indicarunt
851 2347 929 2376 mihi.

318 2392 406 2419 Donec
419 2392 490 2420 alius
507 2393 649 2428 ingressus
664 2397 706 2421 est
728 2393 755 2421 in
780 2399 926 2428 conspectu
946 2401 1018 2426 meo,

232 2437 336 2470 Daniel,
351 2438 431 2473 cujus
445 2445 543 2466 nomen
559 2439 683 2466 Baltasar
698 2439 848 2467 secundum
865 2447 963 2467 nomen
974 2439 1019 2466 Dei

231 2484 294 2516 mei,
310 2484 356 2518 qui
369 2484 501 2519 Spiritum
517 2483 562 2512 Dei
576 2488 700 2512 sanctum
719 2485 799 2512 habet
814 2485 839 2512 in
857 2485 1018 2520 semetipso;

229 2534 257 2556 ct
270 2530 404 2557 somnium
419 2537 510 2557 coram
521 2538 554 2558 eo
564 2530 631 2558 dixi.

266 2575 293 2602 6.
314 2575 439 2603 Baltasar
475 2577 602 2612 princeps
634 2576 806 2609 ariolorum,
835 2584 915 2612 quem
944 2576 1018 2609 novi,

231 2623 305 2656 quod
323 2622 442 2658 Spiritus
458 2623 505 2651 Dei
521 2628 634 2652 sanctus
649 2624 684 2651 sit
698 2624 728 2650 in
744 2628 779 2654 te,
798 2628 824 2650 et
840 2631 920 2651 omne
929 2631 1020 2651 sacra-

233 2673 353 2695 mentum
369 2676 422 2696 non
439 2675 480 2696 est
508 2669 678 2704 impossibile
692 2669 740 2696 tibi
758 2678 765 2702 ;
797 2669 858 2696 audi
886 2669 1019 2696 visionem

232 2714 343 2744 somnii.
368 2715 440 2748 quod
469 2715 534 2748 vidi,
562 2721 590 2742 et
623 2716 875 2750 interpretationem
896 2715 956 2750 ejus
976 2716 1019 2743 dic

233 2759 310 2787 mihi.

269 2806 295 2834 7.
316 2805 348 2834 Et
364 2807 484 2834 visiones
500 2807 598 2842 capitis
611 2808 664 2835 mei
678 2808 705 2836 in
716 2808 799 2836 cubili
813 2816 873 2836 meo
884 2808 1018 2841 ridebam,

232 2858 260 2881 et
271 2861 334 2881 ecce
348 2854 427 2881 arbor
451 2862 504 2881 una
526 2855 553 2882 in
577 2855 666 2882 medio
686 2859 774 2888 teme,
790 2860 817 2883 et
834 2854 946 2882 altitudo
960 2855 1019 2890 ejus

234 2900 330 2928 multa.

1070 2349 1169 2382 αὐτῶν,
1185 2350 1232 2376 καὶ
1251 2349 1300 2385 τὴν
1318 2349 1462 2385 σύγκρισιν
1476 2349 1557 2375 αὐτοῦ
1572 2349 1622 2376 οὐκ
1635 2347 1790 2383 ἐγνώρισαν
1804 2356 1859 2382 μοι.

1105 2394 1131 2421 5.
1151 2393 1226 2425 Ἕως
1241 2389 1272 2419 οὗ
1282 2393 1375 2429 ἕτερος
1390 2393 1515 2428 εἰσῆλθεν
1530 2392 1645 2420 ἐνώπιόν
1668 2402 1729 2428 μου,
1748 2392 1859 2427 Δανιὴλ,

1070 2436 1100 2467 οὗ
1111 2440 1142 2467 τὸ
1154 2440 1240 2475 ὄνομα
1253 2439 1396 2475 Βαλτάσαρ
1407 2439 1478 2466 κατὰ
1494 2439 1524 2465 τὸ
1536 2439 1620 2473 ὄνομα
1637 2438 1683 2465 τοῦ
1706 2438 1773 2464 Θεοῦ
1796 2447 1859 2474 μου,

1069 2487 1099 2518 ὃς
1111 2486 1222 2521 Πνεῦμα
1237 2485 1304 2513 Θεοῦ
1318 2485 1396 2519 ἅγιον
1414 2485 1470 2521 ἔχει
1491 2486 1520 2512 ὲν
1545 2485 1635 2521 ἐαυτῷ
1645 2493 1652 2499 ·
1674 2485 1723 2511 καὶ
1736 2485 1861 2511 ἐνύπνιον

1070 2531 1184 2558 ἐνώπιον
1200 2530 1282 2557 αὐτοῦ
1294 2529 1380 2558 εἷπον.

1106 2577 1132 2604 6.
1149 2577 1293 2613 Βαλτάσαρ
1304 2578 1318 2604 ό
1338 2578 1429 2613 ἄρχων
1445 2577 1499 2604 τῶν
1509 2577 1653 2610 ὲπαοιδῶν,
1668 2577 1698 2603 ὃν
1716 2576 1804 2611 ἔγνων
1819 2577 1860 2603 ὅτι

1070 2623 1184 2659 Πνεῦμα
1208 2623 1275 2650 Θεοῦ
1292 2623 1370 2658 ἅγιον
1390 2624 1419 2650 ὲν
1437 2623 1488 2655 σοὶ,
1505 2623 1552 2650 καὶ
1575 2623 1627 2650 πᾶν
1645 2623 1798 2658 μυστήριον
1812 2622 1860 2648 οὐκ

1071 2670 1198 2697 ἀδυνατεῖ
1222 2678 1273 2702 σοι,
1290 2669 1405 2696 ἄκουσον
1423 2670 1471 2704 τὴν
1488 2670 1583 2705 ὅρασιν
1605 2668 1652 2695 τοῦ
1681 2669 1811 2696 ἐνυπνίου
1830 2665 1860 2695 οὗ

1071 2712 1150 2748 εἶδον,
1167 2715 1215 2742 καὶ
1229 2715 1278 2751 τὴν
1296 2714 1439 2750 σύγκρισιν
1455 2714 1537 2741 αὑτοῦ
1553 2713 1614 2741 είπέ
1631 2723 1686 2750 μοι.

1107 2806 1133 2833 7.
1155 2805 1212 2832 Kal.
1224 2805 1273 2836 τὰς
1287 2803 1396 2840 ὁράσεις
1409 2803 1458 2838 τῆς
1471 2803 1593 2838 κεφαλῆς
1613 2811 1663 2837 μου
1677 2802 1725 2828 ἐπὶ
1741 2803 1791 2836 τῆς
1803 2801 1860 2828 κοί-

1071 2860 1121 2885 της
1137 2860 1188 2886 μου
1205 2850 1347 2885 ἐθεώρουν,
1365 2850 1411 2875 καὶ
1428 2849 1480 2875 ἰδοὺ
1494 2848 1600 2884 δένδρον
1614 2847 1642 2873 ἓν
1667 2847 1695 2874 ὲν
1719 2846 1796 2882 μέσῳ
1812 2845 1861 2880 τῆς

1072 2899 1132 2934 γῆς,
1147 2898 1194 2925 καὶ
1205 2897 1234 2923 τὸ
1246 2896 1311 2932 ὕψος
1327 2896 1407 2923 αὐτοῦ
1423 2895 1498 2922 πολύ.
