1967 3079
165 151 236 181 2881

881 151 997 180 CAPUT
1018 151 1063 182 IV.

1718 156 1791 185 286?.

200 210 230 236 8.
250 206 439 244 Ὲμεγαλύνθη
456 206 487 234 τδ
510 207 628 243 δένδρον,
653 207 701 234 καὶ
730 206 833 243 ἴσχυσε,
852 207 900 233 καὶ
925 207 957 233 τδ

1044 209 1072 236 8.
1093 209 1126 236 Et
1143 210 1315 245 magniﬁcam
1327 214 1369 238 est
1386 210 1478 243 arbor,
1496 214 1523 238 et
1538 211 1662 243 invaluit,
1688 217 1715 239 et
1728 213 1791 239 alti-

166 255 235 290 ὕψος
253 254 337 282 αὐτοῦ
355 253 473 288 ἔφθασεν
486 254 538 286 ἕως
551 254 597 281 τοῦ
613 253 739 290 οὐρανοῦ,
764 254 811 281 καὶ
827 253 858 280 τδ
873 252 955 284 κῦτος

164 300 251 327 αὐτοῦ
268 300 309 331 εἰς
325 299 358 326 τὰ
375 299 480 335 πέρατα
494 300 584 335 πάσης
597 300 648 335 τῆς
661 300 724 334 γῆς.

203 345 230 372 9.
249 344 290 372 Τὰ
306 344 393 379 φύλλα
417 344 500 371 αὐτοῦ
513 344 601 380 ὡραῖα
613 366 621 378 ,
649 345 696 371 καὶ
713 344 728 370 6
743 343 847 379 καρπὸς
874 341 955 369 αὐτοῦ

166 391 261 422 πολὺς,
277 391 323 417 καὶ
333 389 419 425 τροφὴ
433 390 542 417 πάντων
556 391 585 418 ἐν
604 390 688 425 αὐτῷ.
707 390 754 416 καὶ
770 389 897 416 ὑποκάτω
909 388 956 415 αὐ-

165 436 215 463 τοῦ
225 437 409 471 κατεσκήνουν
418 435 453 462 τὰ
466 435 547 471 θηρία
562 435 596 462 τὰ
607 436 702 470 ἄγρια,
720 435 767 461 καὶ
782 435 811 460 tv
824 435 881 465 τοῖς
891 433 957 460 κλά-

165 482 224 514 δοις
240 481 323 508 αὑτοῦ
337 481 455 517 κατῴκει
473 482 507 508 τὰ
519 481 600 517 ὄρνεα
617 481 665 508 τοῦ
680 480 809 517 οὐρανοῦ·
828 480 858 512 ἐξ
874 478 956 506 αὑτοῦ

168 528 301 565 ἐτρέφετο
314 528 388 554 πᾶσα
403 527 484 562 σάρξ.

205 574 249 602 10.
272 573 422 609 Ἐθεώρουν
450 575 479 599 tv
505 573 624 608 ὁράματι
653 573 703 607 τῆς
722 572 818 604 νυκτὸς
841 571 887 598 ἐπὶ
909 572 958 605 τῆς

167 619 264 654 κοίτης
282 628 343 654 μου,
373 619 421 646 καὶ
449 619 503 646 ίδοὺ
519 618 570 654 Εἲρ
584 638 591 651 ,
607 619 654 645 καὶ
668 617 744 653 ἅγιος
770 617 823 644 ἀπὸ
842 616 957 652 οὐρανοῦ

168 665 284 700 κατέδη.

203 711 248 738 Η.
264 711 320 737 Καὶ
333 710 472 746 ἐφώνησεν
482 710 511 737 tv
530 709 665 745 ίσχύῖ,καὶ
681 709 766 741 οὕτως
780 707 855 736 εἶπεν
865 718 872 725 ’
898 708 959 734 Ἐκ-

167 757 271 792 κόψατε
281 757 311 784 τὺ
325 757 441 792 δένδρον,
459 757 506 783 καὶ
521 756 645 783 ὲκτίλατε
657 756 721 786 τοὺς
737 755 851 787 κλάδους
863 754 957 787 αὑτοῦ,

167 804 217 831 καὶ
235 803 392 836 ἐκτινάξατε
405 803 439 830 τὰ
452 802 540 837 φύλλα
557 801 639 829 αὐτοῦ
650 823 656 835 ,
679 802 726 828 καὶ
749 800 959 836 διασκορπίσατε

166 848 216 876 τὸν
232 849 340 884 καρπδν
353 847 436 875 αὑτοῦ
447 856 455 864 ι
470 847 627 884 σαλευθήτω
639 848 674 874 τὰ
685 847 767 883 θηρία
783 845 960 874 ὑποκάτωθεν

169 894 264 927 αὐτοῦ,
280 896 328 921 καὶ
340 895 376 921 τὰ
393 894 474 930 ὄρνεα
484 894 537 920 ἀπὸ
549 894 602 920 τῶν
616 893 720 920 κλάδων
730 892 824 920 αὑτοῦ.

203 940 249 968 12.
264 940 337 976 Πλὴν
351 940 400 975 τὴν
413 940 485 975 φυὴν
493 939 547 965 τῶν
561 938 644 974 ῥιζῶν
659 938 742 966 αὑτοῦ
760 939 788 966 tv
809 939 842 974 τῇ
857 939 892 974 γῇ
911 938 959 965 ἑά-

169 994 246 1019 σατε,
266 987 313 1013 καὶ
335 986 364 1012 tv
381 984 473 1021 δεσμῷ
494 983 606 1019 σιδηρῷ,
630 985 678 1010 καὶ
694 983 797 1019 χαλκῷ,
818 984 865 1010 καὶ
876 984 905 1009 tv
925 984 959 1018 τῇ

167 1031 238 1068 χλόῃ
254 1032 287 1066 τῇ
303 1031 364 1064 ἔξω,
379 1031 427 1057 καὶ¹
443 1031 471 1057 tv
486 1031 519 1066 τῇ
532 1030 620 1065 δρόσῳ
632 1029 678 1056 τοῦ
692 1029 808 1064 οὐρανοῦ
832 1027 961 1063 αὑλισθή-

169 1085 247 1104 σεται
260 1098 267 1110 ,
285 1077 333 1104 κα)¹
347 1077 416 1112 μετὰ.
430 1076 484 1103 τῶν
507 1076 608 1111 θηρίων
625 1076 641 1111 ὴ
667 1075 745 1111 μερὶς
768 1073 852 1101 αἱ)τοῦ
870 1074 898 1100 tv
921 1073 960 1108 τῷ

166 1122 260 1158 χόρτῳ
275 1123 325 1157 τῆς
339 1122 400 1156 γῆς.

205 1169 252 1196 13.
272 1168 305 1195 'ﬂ
320 1167 418 1204 καρδία
431 1167 515 1194 αὑτοῦ
532 1167 587 1194 ἀπὸ
604 1166 659 1193 τῶν
683 1165 835 1201 ἀνθρώπων
848 1165 961 1193 ἀλλοιω-

169 1213 302 1250 θήσεται,
325 1215 372 1240 καὶ
394 1213 492 1249 καρδία
514 1212 609 1249 θηρίου
633 1212 776 1248 δοθήσεται
797 1211 889 1246 αὐτῷ,
913 1211 961 1238 καὶ

169 1260 240 1286 ἑπτὰ
258 1260 349 1295 καιροὶ
366 1259 563 1295 ἀλλαγήσονται
581 1259 625 1285 ἐπ’
643 1259 739 1293 αὐτήν.

206 1305 250 1332 14.
268 1306 317 1332 Διὰ
331 1306 516 1341 συγκρίματος
539 1304 599 1340 Εἳρ,
613 1305 627 1331 ὀ
641 1304 730 1338 λόγος,
740 1304 788 1331 καὶ
801 1303 876 1339 ῥῆμα
884 1302 961 1337 ἅγιον

167 1350 200 1377 τὸ
215 1350 402 1386 ἐπερώτημα,
429 1350 472 1376 ἵνα
491 1349 591 1384 γνῶσιν
616 1349 641 1375 ol.
664 1348 776 1381 ζῶντες,
804 1348 845 1374 ὅτι
861 1347 962 1383 Κύριός

168 1396 245 1422 ἐστιν
258 1396 272 1422 6
288 1395 418 1430 ’Ὑψιστος
433 1395 482 1430 τῆς
499 1395 637 1430 βασιλείας
651 1394 706 1421 τῶν
728 1393 889 1430 ἀνθρώπων,
914 1394 962 1420 καὶ

167 1438 191 1476 ᾧ
210 1441 244 1469 ἂν
254 1441 327 1477 δόξῃ,
345 1441 426 1468 δώσει
442 1441 536 1478 αὐτὴν,
555 1441 603 1468 καὶ
620 1441 745 1476 ὲξουθένη
752 1449 789 1476 μα
811 1440 962 1477 ἀνθρώπων

169 1488 319 1523 ἀναστήσει
340 1488 382 1514 ἐπ’
399 1487 494 1522 αὑτήν.

207 1533 252 1560 15.
267 1533 353 1560 Τοῦτο
367 1532 397 1560 τὸ
411 1533 536 1560 ἐνύπνιον
559 1530 630 1559 εἶδον
652 1531 708 1566 ἐγὼ
723 1533 738 1558 6
759 1531 885 1567 βασιλεὺς
905 1532 962 1558 Να-

169 1576 373 1612 ϐουχοδονόσορ,
393 1577 440 1603 καὶ
454 1577 496 1609 σὺ,
517 1577 671 1612 Βαλτάσαρ,
687 1576 716 1602 τὸ
735 1576 874 1611 σύγκριμα
901 1576 962 1604 sint

170 1622 327 1655 κατέναντι,
343 1623 384 1649 ὃτι
399 1623 501 1654 πάντες
514 1623 539 1649 οξ
557 1622 633 1657 σοφοὶ
645 1623 694 1658 τῆς
709 1622 848 1657 βασιλείας
869 1630 918 1656 μου
930 1621 961 1647 ού

169 1668 299 1695 δύνανται
309 1668 340 1695 τὺ
357 1669 497 1704 σύγκριμα
511 1668 592 1695 αὑτοῦ
608 1668 728 1703 δηλῶσαί
743 1674 806 1703 μοι·
829 1668 861 1693 σὺ
873 1667 901 1693 δὲ
918 1666 963 1693 δύ-

170 1722 265 1747 νασαι,
279 1715 319 1741 ὅτι
336 1714 450 1750 Πνεῦμα
464 1714 531 1740 Θεοῦ
547 1713 624 1748 ἅγιον
640 1715 668 1741 tv
686 1713 738 1740 σοί.

206 1761 250 1788 16.
271 1760 338 1787 Τότε
353 1759 461 1796 Δανιὴλ,
473 1757 502 1787 οὗ
513 1759 543 1786 τὸ
556 1759 641 1794 δνομα
650 1759 803 1794 Βαλτάσαρ,
816 1757 962 1793 ἀπηνεώοη

169 1806 238 1833 ὡσεὶ
259 1806 334 1842 ὥραν
360 1806 424 1841 μίαν
435 1826 441 1838 ,
459 1806 507 1832 καὶ
520 1806 544 1832 οἱ
558 1805 728 1840 διαλογισμοὶ
743 1804 826 1831 αὐτοῦ
850 1804 962 1830 συνετά-

172 1860 273 1886 ρασσον
287 1852 369 1879 αὐτόν
379 1861 385 1867 ·
401 1851 538 1888 ἀπεκρίθη
551 1852 565 1877 6
582 1851 718 1886 βασιλεὺς,
730 1851 777 1878 καὶ
792 1849 868 1877 εἶπεν
879 1859 885 1865 ·
895 1850 963 1876 Βαλ-

170 1898 274 1934 τάσαρ,
286 1898 317 1924 τδ
333 1897 469 1929 ἐνύπνιον,
482 1898 529 1924 καὶ
550 1897 566 1932 ἡ
585 1896 729 1933 σύγκρισις
747 1897 783 1933 μὴ
805 1904 963 1923 κατασπευ-

172 1944 249 1971 σάτω
265 1952 313 1970 σε·
340 1943 478 1980 ἀπεκρίθη
507 1942 662 1977 Βαλτάσαρ,
689 1943 736 1969 καὶ
761 1941 853 1968 εἶπεν
874 1941 962 1976 Κύριέ

175 1999 240 2027 μου,
257 1990 288 2017 τὸ
301 1989 427 2017 ἐνύπνιον
450 1991 506 2022 τοῖς
522 1989 630 2025 μισοῦσί
646 1997 686 2022 σε,
704 1989 752 2015 καὶ
775 1990 791 2024 ή
817 1988 962 2024 σύγκρισις

172 2037 258 2064 αὑτοῦ
273 2038 330 2068 τοῖς
346 2036 453 2072 ἐχθροῖς
465 2045 523 2064 σου.

209 2083 252 2110 Π.
272 2082 309 2108 Τὸ
319 2083 427 2118 δένδρον
441 2082 455 2109 ὂ
470 2080 540 2114 εἶδες
550 2082 581 2109 τδ
592 2081 768 2118 μεγαλυνθὲν,
785 2080 833 2107 καὶ
846 2080 878 2106 τὸ
891 2079 961 2114 ισχυ-

170 2129 231 2160 κὸς,
241 2125 271 2155 οὗ
284 2128 314 2155 τὶ]
325 2128 390 2163 ὕψος
401 2128 518 2163 ἔφθασεν
533 2128 573 2160 είς
587 2128 633 2155 τὸν
644 2126 769 2163 οὐρανὸν,
780 2127 827 2154 καὶ
838 2126 868 2154 τὸ
881 2125 962 2157 κῦτος

171 2174 257 2201 αὑτοῦ
276 2175 315 2206 είς
330 2175 421 2201 πᾶσαν
437 2174 486 2210 τὴν
505 2174 568 2209 γῆν.

1008 255 1074 282 tudo
1087 255 1146 290 ejus
1160 256 1282 291 pervenit
1299 264 1386 291 usque
1404 257 1437 284 ad
1451 257 1562 289 malum,
1576 261 1603 284 et
1615 257 1794 292 latitudoejus

1008 302 1041 329 ad
1060 302 1191 330 terminos
1205 302 1339 330 universae
1350 307 1438 330 teme.

1043 347 1069 375 9.
1090 347 1165 375 Folia
1180 348 1238 382 ejus
1255 348 1415 382 pulehra,et
1427 347 1532 375 fructus
1559 348 1618 383 ejus
1636 347 1749 381 multus,
1766 353 1794 376 et

1007 401 1069 421 esea
1081 395 1270 421 universorum
1288 394 1315 421 in
1329 402 1377 427 ea;
1397 398 1424 421 et
1441 394 1535 422 subter
1559 402 1618 421 eam
1635 394 1794 422 habitabant

1007 436 1100 464 bestia:
1113 442 1241 472 agrestes,
1254 438 1318 464 etin
1335 438 1417 465 ramis
1428 439 1488 473 ejus
1499 439 1658 466 habitabant
1670 439 1794 468 volucres

1008 483 1069 510 cmli
1083 491 1090 510 :
1105 490 1137 510 ex
1153 491 1184 511 ea
1200 484 1371 511 nutriebatur
1388 485 1478 512 omnis
1488 492 1553 512 caro

1045 573 1089 600 10.
1110 572 1241 601 Videbam
1255 573 1282 600 in
1295 574 1400 601 visione
1418 575 1505 602 noctis
1527 575 1555 602 in
1580 575 1664 602 cubili
1681 582 1753 608 meo,
1768 579 1797 602 et

1009 627 1072 648 ecce
1086 619 1144 654 llir,
1160 626 1186 648 et
1200 621 1317 649 Sanetus
1333 621 1366 649 de
1377 622 1445 649 ctelo
1464 622 1616 650 descendit.

1044 710 1088 738 ll.
1108 711 1297 746 Clamavitque
1311 711 1338 738 in
1353 710 1522 743 fortitudine,
1532 715 1558 738 et
1578 711 1618 739 sic
1640 711 1680 739 ait
1703 711 1795 739 :Suc-

1009 757 1091 786 cidite
1107 758 1244 788 arborem,
1261 763 1288 785 et
1303 758 1410 785 evellite
1425 766 1515 786 ramos
1539 759 1610 792 ejus,
1626 763 1653 785 et
1677 758 1798 786 exculite

1010 802 1074 830 folia
1087 802 1157 837 ejus,
1175 807 1203 830 et
1219 803 1368 838 dispergite
1394 802 1512 830 fructum
1543 804 1623 838 ejus:
1652 803 1799 839 abigantur

1011 849 1105 877 bestiae
1118 850 1211 877 subter
1225 857 1297 882 eam,
1315 853 1342 877 et
1360 849 1484 878 volucres
1495 850 1531 878 de
1546 850 1629 878 ramis
1639 850 1709 885 ejus.

1047 937 1091 964 19..
1111 937 1307 965 Verumtamen
1324 945 1435 973 germen
1452 937 1576 965 radicum
1592 937 1651 972 ejus
1677 937 1703 964 in
1725 940 1799 964 terra

1010 985 1102 1018 sinite,
1115 989 1141 1012 et
1152 985 1179 1011 in
1189 985 1298 1012 vinculo
1310 984 1410 1016 ferreo,
1419 988 1447 1011 et
1457 991 1538 1016 aereo,
1553 988 1580 1010 et
1595 983 1621 1010 in
1635 983 1800 1018 herba,qua

1011 1030 1077 1059 l'oris
1094 1035 1146 1064 est,
1160 1031 1223 1058 etin
1239 1038 1301 1058 rore
1312 1031 1375 1058 cmli
1389 1029 1613 1063 commorabitur,
1623 1033 1720 1057 etcum
1733 1027 1799 1056 feris

1010 1086 1074 1114 pars
1090 1078 1149 1114 ejus
1162 1078 1190 1106 in
1210 1077 1293 1104 herba
1311 1081 1400 1104 terrae.

1051 1166 1090 1193 l3.
1111 1165 1164 1193 Cor
1176 1165 1235 1200 ejus
1251 1165 1286 1193 ab
1298 1165 1456 1193 hominibus
1475 1163 1700 1195 commutabitur,
1712 1167 1738 1191 et
1750 1169 1799 1190 cor

1011 1210 1076 1239 fera:
1097 1211 1208 1238 dabitur
1224 1211 1267 1244 ei;
1292 1214 1320 1238 et
1349 1215 1452 1245 septem
1474 1213 1596 1244 tempora
1620 1208 1799 1236 mutabuntur

1011 1265 1093 1292 super
1106 1265 1176 1284 eam.

1048 1304 1092 1330 Η.
1112 1303 1165 1331 Per
1180 1304 1317 1331 decretum
1333 1302 1381 1330 llir
1396 1309 1498 1334 sermo,
1513 1305 1540 1329 et
1552 1300 1664 1328 verbum
1674 1303 1798 1328 sanctum

1012 1350 1106 1385 petitio
1118 1370 1125 1382 ,
1149 1354 1178 1376 ut
1190 1354 1358 1384 cognoscant
1370 1349 1503 1380 viventes,
1519 1346 1592 1382 quod
1614 1345 1747 1373 Dominus
1759 1350 1802 1372 εει

1013 1396 1070 1430 ipse
1087 1395 1245 1422 Altissimus
1273 1395 1349 1430 regni
1368 1394 1521 1425 hominum,
1534 1398 1560 1420 et
1573 1392 1738 1426 quicumque
1754 1397 1801 1416 γοα

1012 1441 1103 1472 luerit,
1119 1441 1194 1468 dabit
1211 1440 1277 1467 illud
1289 1459 1297 1472 ,
1317 1445 1345 1467 et
1362 1439 1433 1474 quod
1453 1447 1502 1474 pro
1529 1437 1615 1465 nihilo
1638 1435 1753 1464 habetur
1766 1435 1802 1462 ab

1012 1486 1181 1518 hominibus,
1195 1486 1280 1519 eriget
1294 1493 1375 1520 super
1393 1484 1470 1512 illud.

1050 1531 1092 1558 15.
1114 1530 1170 1558 Hoc
1188 1531 1326 1558 somnium
1338 1530 1392 1558 vidi
1410 1538 1460 1565 ego
1475 1537 1521 1557 rex
1536 1528 1801 1559 Nabuchodonosor,

1013 1581 1041 1604 et
1055 1582 1095 1609 tu,
1108 1577 1242 1610 Baltasar,
1255 1577 1505 1612 interpretationem
1519 1576 1601 1604 dicito
1611 1583 1704 1603 coram
1719 1584 1725 1602 :
1737 1574 1801 1609 quia

1013 1631 1110 1650 omnes
1123 1623 1259 1658 sapientes
1275 1623 1350 1657 regni
1363 1623 1415 1649 mei
1434 1629 1487 1649 non
1506 1625 1621 1656 possunt
1637 1621 1801 1655 interpreta-

1015 1670 1116 1697 tionem
1128 1670 1187 1703 ejus
1203 1669 1341 1697 declarare
1357 1668 1442 1700 mihi;
1468 1673 1495 1695 tu
1518 1671 1609 1695 autent
1632 1671 1720 1702 potes,
1735 1665 1801 1700 quia

1015 1715 1132 1750 Spiritus
1147 1715 1192 1742 Dei
1202 1720 1312 1742 sattctus
1325 1719 1368 1742 est
1384 1714 1412 1741 in
1427 1719 1462 1741 te.

1053 1762 1093 1788 l6.
1116 1760 1192 1788 Tunc
1207 1760 1311 1794 Daniel,
1330 1760 1410 1795 cujus
1437 1767 1536 1787 nomen
1553 1759 1688 1790 Baltasar,
1704 1757 1802 1784 obmu-

1015 1808 1066 1835 tuit
1079 1808 1157 1842 quasi
1175 1807 1242 1834 hora
1258 1815 1310 1834 una
1325 1827 1332 1840 ,
1360 1811 1387 1834 et
1403 1806 1584 1841 cogitationes
1610 1805 1670 1839 ejus
1689 1808 1802 1831 contur-

1014 1855 1115 1882 babant
1126 1862 1199 1881 eum.
1212 1853 1361 1888 Respondit
1373 1860 1430 1885 rex,
1443 1857 1469 1879 et
1479 1852 1549 1879 dixit
1561 1859 1567 1877 :
1582 1851 1715 1883 Baltasar,
1728 1857 1803 1877 sont-

1014 1901 1102 1932 nium,
1119 1905 1145 1927 et
1163 1899 1350 1934 interpretatio
1369 1907 1403 1926 tte
1417 1899 1564 1926 sollicitum
1582 1902 1608 1924 te
1619 1897 1734 1929 reddat;
1754 1903 1800 1923 re-

1014 1947 1124 1982 spondit
1138 1946 1272 1977 Baltasar,
1287 1949 1315 1972 et
1331 1945 1414 1971 dixit:
1433 1943 1545 1971 Domine
1557 1942 1603 1975 mi,
1618 1942 1755 1969 somnium
1767 1941 1803 1968 sit

1016 1993 1069 2023 his,
1086 1991 1132 2026 qui
1148 1995 1174 2018 te
1187 1991 1314 2022 oderunt,
1335 1994 1361 2017 et
1390 1988 1578 2023 interpretatio
1599 1987 1660 2022 ejus
1675 1986 1802 2014 hostibus

1014 2037 1078 2064 tuis.

1050 2084 1094 2111 l7.
1115 2083 1204 2110 Arbor
1221 2091 1303 2117 quam
1317 2081 1409 2109 vidisti
1424 2079 1639 2115 magniﬁcatam,
1661 2082 1688 2105 et
1705 2085 1803 2105 corro-

1015 2129 1150 2163 boratam,
1167 2129 1246 2163 cujus
1261 2128 1377 2156 altitudo
1389 2127 1514 2162 pervenit
1528 2125 1562 2152 ad
1575 2125 1686 2155 malum,
1703 2127 1732 2150 et
1741 2122 1802 2149 lati-

1015 2178 1081 2205 tudo
1097 2177 1156 2212 ejus
1173 2177 1200 2204 in
1216 2177 1369 2203 universum
1387 2180 1497 2202 terram.

207 2220 252 2247 18.
269 2220 323 2246 Καὶ
335 2219 369 2246 τὰ
383 2219 469 2253 φύλλα
482 2218 565 2246 αὑτοῦ
576 2218 688 2254 εὐθαλῆ,
698 2217 745 2245 καὶ
764 2219 778 2245 ὁ
795 2218 901 2254 καρπὸς
915 2218 961 2245 αὕ-

1054 2223 1096 2251 18.
1117 2223 1150 2250 Ει
1164 2223 1228 2250 folia
1246 2223 1305 2258 ejus
1319 2221 1453 2254 ﬂorentia,
1469 2224 1496 2247 et
1519 2219 1625 2246 l'ructus
1646 2216 1706 2252 ejus
1728 2215 1800 2243 mul-

170 2265 220 2292 τοῦ
237 2266 331 2297 πολὺς,
350 2266 398 2292 καὶ
408 2265 495 2300 τροφὴ
510 2266 594 2291 πᾶσιν
609 2265 638 2291 tv
654 2264 742 2300 αὐτῷ·
760 2264 888 2290 ὑποκάτω
912 2264 962 2291 αὺ-

171 2312 220 2339 τοῦ
241 2312 361 2347 κατῴκει
375 2311 408 2338 τὰ
421 2311 505 2347 θηρία
515 2312 550 2338 τὰ
564 2312 659 2347 ἄγρια,
678 2311 726 2338 καὶ
741 2312 770 2337 tv
785 2312 841 2343 τοῖς
856 2311 964 2343 κλάδοις

171 2358 258 2385 αὐτοῦ
270 2358 457 2392 κατεσκήνουν
468 2357 504 2383 τὰ
522 2357 605 2392 ὄρνεα
619 2356 667 2383 τοῦ
687 2356 812 2392 οὐρανοῦ.

209 2404 254 2432 19.
273 2404 309 2430 Σὺ
324 2401 358 2436 εἴ,
375 2402 496 2439 βασιλεῦ,
512 2404 553 2430 ὃτι
571 2401 758 2438 ὲμεγαλύνθης
773 2402 820 2428 καὶ
839 2401 962 2437 ἴσχυσας,

171 2451 221 2477 καὶ
235 2450 252 2485 ἡ
266 2448 444 2484 μεγαλωσύνη
458 2457 504 2475 σου
522 2447 692 2483 ἑμεγαλύνθη
705 2468 712 2479 ,
731 2447 779 2474 καὶ
798 2447 914 2482 ἔφθασεν
925 2448 965 2479 είς

171 2495 219 2522 τὸν
232 2494 356 2530 οὐρανὸν,
369 2494 416 2520 καὶ
425 2495 442 2529 ἡ
459 2494 555 2529 κυρεια
567 2501 613 2520 σου
625 2494 664 2525 είς
678 2493 712 2520 τὰ
725 2493 830 2528 πέρατα
842 2493 891 2527 τῆς
901 2493 963 2527 γῆς.

209 2540 256 2567 20.
270 2540 326 2566 Καὶ
340 2541 380 2567 ὄτι
398 2537 468 2567 εἶδεν
478 2540 492 2566 6
510 2539 637 2574 βασιλεὺς
652 2539 712 2575 Εἲρ,
725 2539 772 2565 καὶ
785 2539 861 2572 ἆγιον
879 2546 964 2565 κατα-

173 2586 303 2613 ϐαίνοντα
318 2587 349 2612 ὲκ
364 2586 410 2613 τοῦ
425 2585 552 2621 οὐρανοῦ,
564 2586 611 2612 καὶ
617 2583 704 2616 εἶπεν,
713 2585 852 2612 Ἐκτίλατε
864 2584 895 2611 τὸ
907 2584 964 2611 δέν-

173 2631 248 2667 δρον,
265 2631 313 2658 καὶ
323 2631 497 2665 διαφθείρατε
512 2631 587 2663 αὐτὸ,
603 2630 650 2657 καὶ
668 2630 738 2665 πλὴν
757 2633 806 2665 τὴν
826 2630 896 2666 φυὴν
910 2630 965 2657 τῶν

175 2677 260 2714 ῥιζῶν
275 2677 357 2704 αὑτοῦ
374 2678 403 2704 tv
418 2678 450 2712 τῇ
465 2678 501 2713 γῇ
512 2677 621 2708 ἐάσατε,
640 2676 687 2703 καὶ
703 2677 732 2703 tv
743 2676 835 2711 δεσμῷ
851 2676 963 2712 σιδηρῷ⁹

172 2723 224 2751 καὶ
237 2723 341 2759 χαλκῷ,
359 2723 406 2750 καὶ
416 2724 445 2749 tv
454 2724 487 2758 τῇ
505 2723 570 2759 χλόῃ
582 2723 614 2758 τῇ
632 2721 695 2754 ἔξω,
714 2722 761 2748 καὶ
780 2722 809 2748 tv
824 2723 856 2757 τῇ
878 2721 965 2758 δρόσῳ

173 2768 222 2796 τοῦ
248 2768 364 2803 ούρανοῦ
384 2768 595 2804 αύλισθήσεται,
621 2768 669 2795 καὶ
694 2767 763 2802 μετὰ
781 2767 835 2794 τῶν
862 2767 965 2803 θηρίων

174 2814 280 2850 ἀγρίων
293 2815 309 2850 ἠ
325 2814 402 2851 μερὶς
415 2814 508 2844 αὐτοῦ.
525 2814 576 2846 ἕως
591 2813 660 2840 ἑπτὰ
678 2814 768 2850 καιροὶ
781 2813 965 2841 ἀλλοιωθῶσιν

174 2861 219 2888 ἀπ’
233 2860 324 2888 αὐτόν.

1015 2274 1070 2302 tus,
1081 2274 1108 2296 et
1122 2277 1185 2296 esca
1199 2268 1328 2295 omnibus
1355 2268 1381 2294 iu
1407 2274 1439 2294 ea
1456 2275 1464 2293 :
1480 2265 1575 2293 subter
1605 2271 1663 2291 eam
1696 2262 1802 2289 habita-

1015 2316 1081 2344 bant
1095 2316 1188 2343 bestiae
1201 2315 1270 2350 agri,
1282 2318 1309 2342 et
1326 2314 1352 2341 in
1369 2313 1453 2340 ramis
1473 2311 1533 2347 ejus
1561 2309 1803 2338 commorabantur

1016 2369 1080 2388 aves
1094 2361 1168 2388 cmli.

1051 2407 1094 2434 l9.
1117 2406 1156 2433 Tu
1171 2413 1211 2439 es,
1228 2412 1245 2433 ο
1262 2413 1319 2438 rex,
1333 2405 1396 2440 quia
1425 2404 1614 2439 magniﬁcatus
1624 2410 1665 2433 es,
1680 2406 1707 2429 et
1725 2400 1803 2427 inva-

1015 2453 1101 2486 luisti,
1122 2457 1148 2480 et
1163 2452 1320 2488 magnitudo
1337 2456 1382 2478 tua
1398 2451 1570 2486 magniﬁcam
1590 2453 1649 2481 est,
1661 2452 1687 2475 et
1707 2453 1803 2482 perve-

1015 2500 1056 2526 nit
1069 2499 1100 2526 ad
1117 2499 1227 2529 cwlum,
1243 2502 1270 2524 ct
1287 2497 1405 2532 potentia
1421 2499 1465 2522 tua
1482 2495 1515 2522 ad
1533 2494 1665 2522 terminos
1681 2497 1768 2520 terrae.

1051 2546 1095 2573 20.
1117 2545 1193 2578 Quod
1210 2549 1300 2572 autem
1316 2543 1384 2570 vidit
1413 2550 1460 2570 rex
1477 2541 1535 2574 Hir,
1559 2545 1586 2568 et
1614 2543 1740 2568 sanetum
1756 2537 1803 2564 de-

1015 2591 1190 2620 scendentem
1208 2590 1241 2617 de
1255 2590 1336 2621 calo,
1348 2593 1376 2616 et
1395 2588 1465 2616 dixit
1479 2597 1485 2616 τ
1503 2587 1614 2614 Evellite
1630 2585 1804 2616 arhorem,et

1015 2638 1149 2666 destruite
1161 2645 1233 2668 eam,
1258 2641 1379 2664 attamen
1408 2642 1518 2670 gertnen
1548 2633 1671 2661 radicum
1688 2632 1750 2666 ejus
1775 2629 1802 2657 itt

1016 2688 1088 2712 terra
1103 2683 1240 2714 dimittite,
1255 2683 1319 2710 etin
1335 2682 1442 2709 vinculo
1465 2680 1554 2707 ferreo
1565 2700 1572 2712 ,
1587 2683 1615 2706 et
1641 2684 1722 2710 aereo,
1737 2680 1764 2703 et
1775 2676 1802 2703 itt

1016 2729 1099 2757 herba
1120 2736 1180 2763 quae
1198 2727 1276 2759 l‘oris,
1293 2732 1319 2754 et
1336 2727 1362 2754 in
1378 2734 1439 2754 rore
1455 2725 1516 2753 ειηιί
1535 2722 1762 2752 commorabitur,
1776 2726 1803 2747 et

1017 2783 1079 2804 cum
1094 2774 1188 2802 bestiis
1205 2773 1358 2808 agrestibus
1385 2780 1448 2808 pars
1476 2771 1555 2807 ejus,
1583 2770 1669 2798 donec
1698 2770 1802 2801 septem

1017 2827 1141 2857 tempora
1157 2823 1296 2848 mutentur
1310 2826 1391 2854 super
1405 2826 1488 2846 eum,
