1967 3079
186 139 259 169 2865

722 138 850 166 DANIEL
866 137 981 166 JUXTA
997 138 1267 168 THEODOTIONEM

1751 145 1819 174 28M

220 199 266 225 2|.
286 196 349 225 llrec
367 196 555 232 interpretatio
573 195 644 232 ejus,
670 203 687 224 ο
700 204 748 224 rex
763 216 770 229 ,
793 200 820 223 ct
846 196 973 224 sententia

1065 197 1110 225 2L
1126 198 1211 225 Τοῦτο
1234 199 1251 234 ή
1267 198 1411 235 σύγκρισις
1435 199 1528 233 αὑτοῦ,
1545 200 1667 236 βασιλεῦ,
1689 201 1738 228 καὶ
1754 202 1818 237 σύγ-

186 243 320 271 Altissimi
331 247 384 275 est,
397 251 458 278 quae
475 243 598 278 pervenit
614 249 695 276 super
721 242 863 283 dominum
882 250 973 270 meum

187 297 289 325 regem.
304 295 330 316 et
347 293 372 316 te
386 289 496 324 ejicient
509 289 542 316 ab
558 287 725 321 hominibus,
748 293 776 314 et
800 295 862 315 cum
878 288 974 317 bestiis

187 335 342 371 agrestibus
353 335 406 363 erit
421 335 555 362 habitatio
573 340 628 362 tua.

225 382 272 409 22.
294 381 328 408 Et
339 381 414 409 freno
431 385 461 407 ut
486 380 582 408 bovem
611 383 723 415 pascent
747 384 782 413 te,
798 384 825 407 et
850 379 884 407 de
912 387 974 407 rore

187 427 250 456 (ιωιί
279 433 379 462 corpus
397 431 474 454 tuum
495 430 664 461 aspergetur,
681 430 708 453 et
723 430 824 461 septem
852 430 973 461 tempora

187 463 369 500 mutabuntur
386 479 469 507 super
483 476 518 503 te,
537 471 624 499 donec
634 471 717 504 scias,
727 471 801 507 quod
817 472 975 499 dominatur

186 517 317 545 Excelsus
332 524 414 551 super
440 523 552 551 regnum
579 515 733 549 hominum,
753 521 780 544 et
810 516 974 551 cuicumque

186 563 312 596 voluerit,
328 563 403 591 dabit
416 563 496 590 illud.

220 611 265 638 25.
279 610 358 643 Quod
370 613 461 637 autem
478 608 564 636 dixit:
580 607 712 635 Dimittite
725 615 836 642 germen
849 607 973 635 radicum

187 657 311 684 arboris:
325 663 438 691 regnum
455 661 531 683 tuum
543 655 592 682 tibi
602 655 727 682 manebit
739 675 747 688 ,
768 659 912 690 postquam
927 662 974 682 co-

187 702 314 737 gnoveris
331 705 491 737 potestatem
507 701 657 728 caelestem.

221 748 266 775 Ἃ.
287 748 482 781 Quamobrem,
503 755 562 781 rex,
579 747 726 775 consilium
753 754 843 775 meum
869 747 974 782 placeat

185 795 247 828 tibi,
260 799 286 822 et
301 799 410 830 peccata
429 798 473 821 tua
485 794 513 820 in
527 794 708 829 eleemosynis
720 794 824 821 redime
834 813 842 827 ,
859 799 887 821 et
903 794 974 830 inju-

188 840 276 868 stitias
291 845 352 868 tuas
376 840 403 867 in
426 839 648 867 miserationibus
663 837 832 874 pauperum:
857 839 975 868 fortasse

187 886 239 913 erit
252 886 445 920 longanimitas
461 892 510 920 pro
523 885 629 913 delictis
646 886 711 913 tuis.

222 931 268 960 25.
289 931 352 960 Haec
367 932 460 959 omnia
487 936 620 960 venerunt
644 939 727 966 super
751 935 777 959 te
792 930 973 959 Nabuchodo-

188 984 272 1005 nosor
288 985 391 1013 regem.
601 990 605 993 ·

222 1023 268 1051 26.
288 1023 355 1052 Post
371 1031 478 1052 menses
488 1023 630 1051 duodecim
647 1023 675 1051 in
700 1022 800 1058 templo
822 1023 899 1057 regni
930 1022 973 1050 sui

188 1070 326 1105 Babylone
342 1069 547 1098 deambulabat.

221 1117 266 1144 27.
287 1116 320 1144 Et
338 1116 476 1151 respondit
492 1124 550 1148 rex,
574 1120 602 1144 et
625 1115 714 1144 dixit:
732 1115 829 1142 Nonne
844 1115 901 1143 haec
931 1119 974 1142 est

188 1163 306 1198 Babylon
324 1169 432 1197 magna,
448 1170 531 1198 quam
543 1170 594 1198 ego
608 1162 739 1190 aediﬁcavi
756 1162 784 1190 in
800 1161 913 1190 domum
930 1170 974 1190 re-

187 1209 244 1244 gni.
261 1209 288 1236 in
304 1209 401 1236 robore
411 1207 579 1236 fortitudinis
595 1208 682 1235 meae?

223 1254 269 1282 28.
289 1254 358 1282 Cum
368 1254 459 1282 adhuc
473 1262 564 1282 sermo
576 1258 649 1282 esset
661 1253 688 1281 in
706 1261 754 1282 ore
766 1254 854 1290 regis,
870 1261 924 1281 vox
940 1253 974 1282 de

187 1300 258 1329 celo
272 1300 343 1328 facta
358 1305 417 1328 est:
430 1300 490 1328 Tibi
510 1301 621 1334 dicitur,
637 1300 894 1328 Nabuchodonosor
904 1307 970 1328 rex:

187 1357 301 1385 regnum
317 1353 394 1376 tuum
407 1349 516 1378 transiit
529 1357 545 1377 α
558 1354 594 1378 te.

222 1436 268 1465 29.
289 1436 321 1464 Et
334 1437 369 1464 ab
383 1436 541 1466 hominibus
557 1443 584 1466 te
606 1437 725 1473 ejicient,
741 1442 768 1466 et
798 1446 860 1466 cum
878 1439 974 1469 bestiis

188 1482 341 1518 agrestibus
355 1483 486 1511 habitatio
509 1489 566 1516 tua,
584 1488 613 1512 et
631 1484 706 1512 [ωηο
735 1489 765 1512 ut
785 1485 881 1513 bovem
900 1487 974 1514 ciba-

189 1529 259 1556 bunt:
273 1533 309 1563 te,
326 1533 354 1557 et
367 1533 469 1564 septem
488 1533 610 1565 tempora
622 1530 801 1558 mutabuntur
841 1538 922 1565 super
948 1536 974 1559 te

1029 251 1117 278 κριμα
1136 243 1264 278 Ὑψίστου
1289 245 1374 277 ἐστὶν,
1391 244 1406 271 ὃ
1418 244 1534 280 ἔφθασεν
1545 247 1591 273 ἐπὶ
1599 246 1646 273 τὸν
1660 247 1755 283 κύριόν
1769 257 1818 283 μου

1027 288 1074 315 τὸν
1095 289 1219 324 βασιλέα,
1233 290 1279 317 καὶ
1291 291 1320 317 σὲ
1331 291 1505 325 ὲκδιώξουσιν
1518 292 1574 319 ἀπὸ
1587 292 1642 319 τῶν
1656 293 1817 329 ἀνθρώπων,

1027 334 1075 361 καὶ
1092 334 1162 369 μετὰ
1175 334 1278 371 Θηρίων
1291 336 1394 372 ἀγρίων
1405 337 1480 364 ἔσται
1495 338 1512 373 ἡ
1532 338 1657 366 κατοικία
1671 347 1729 367 σου.

1061 380 1107 406 22.
1126 380 1180 406 Καὶ
1196 380 1293 416 χόρτον
1316 382 1355 414 ὡς
1373 382 1437 417 βοῦν
1464 383 1618 418 ψωμίσουσί
1636 392 1677 416 σε,
1693 383 1740 411 καὶ
1763 385 1817 412 ἀπὸ

1026 428 1076 463 τῆς
1093 428 1189 464 δρόσου
1202 429 1250 456 τοῦ
1263 429 1378 466 οὐρανοῦ
1388 430 1419 457 τὸ
1435 430 1514 466 σῶμά
1524 439 1571 458 σου
1587 431 1751 467 βαφήσεται,
1771 432 1818 459 καὶ

1027 474 1100 501 ἐτιτὰ
1115 476 1207 511 καιροὶ
1221 475 1421 511 ἀλλαγήσονται
1435 476 1482 504 ἐπὶ
1502 477 1543 510 σε,
1560 477 1612 508 ἕως
1628 475 1659 504 οὗ
1678 477 1761 512 γνῷς,
1777 477 1817 505 ὅτι

1027 520 1147 556 κυριεύει
1172 521 1186 548 ὸ
1215 521 1346 556 ’Υψιστος
1359 523 1408 557 τῆς
1419 522 1558 557 βασιλείας
1584 522 1639 550 τῶν
1654 523 1816 559 ἀνθρώπων,

1026 565 1073 592 καὶ
1085 562 1107 599 ᾧ
1122 566 1155 592 ἂν
1168 566 1242 602 δόξῃ,
1258 566 1339 594 δώσει
1359 568 1455 602 αὑτήν.

1060 611 1106 638 25.
1121 612 1177 638 Καὶ
1187 612 1227 638 ὃτι
1243 609 1329 645 εἶπεν,
1338 612 1453 640 Ἐἀσατε
1463 613 1514 648 τὴν
1529 613 1598 648 φυὴν
1605 613 1658 640 τῶν
1670 613 1756 649 ῥιζῶν
1769 613 1816 640 τοῦ

1026 657 1152 693 δένδρον’
1171 658 1188 693 ή
1206 657 1330 692 βασιλεία
1344 667 1390 685 σου
1402 659 1443 686 σοὶ
1459 660 1547 694 μενεῖ,
1562 659 1620 694 αφ’
1636 657 1670 696 ἦς
1692 660 1726 687 ἂν
1744 660 1816 696 γνῷς

1026 702 1075 738 τὴν
1089 703 1213 736 ἐξουσίαν
1222 704 1270 740 τὴν
1281 705 1417 740 οὐράνιον.

1062 749 1107 776 24.
1123 749 1173 776 Διὰ
1184 749 1274 782 τοῦτο,
1287 749 1409 785 βασιλεῦ,
1427 751 1444 786 ὴ
1463 750 1544 787 βουλή
1556 759 1606 786 μου
1621 751 1748 787 ἀρεσάτω
1762 760 1815 786 σοι,

1027 794 1075 822 καὶ
1101 795 1152 827 τὰς
1178 796 1315 831 ἁμαρτίας
1338 804 1385 823 σου
1404 797 1433 823 ἐν
1449 796 1646 832 ἐλεημοσύναις
1665 797 1815 833 λύτρωσαι,

1028 840 1075 867 καὶ
1090 840 1139 872 τὰς
1160 841 1268 873 ἀδικίας
1295 850 1342 868 σου
1365 843 1394 869 ἐν
1410 843 1563 878 οίκτιρμοῖς
1586 843 1729 878 ιιτιενήτων⁸
1750 844 1816 876 ῐσως

990 885 1013 914 D
1027 884 1103 911 ἔσται
1117 885 1293 921 μακροθυμία
1303 887 1359 919 τοῖς
1374 887 1577 923 παραπτώμασί
1596 896 1653 916 σου.

1062 930 1108 958 25.
1127 931 1219 959 Ταῦτα
1234 932 1323 960 πάντα
1337 932 1454 968 ἔφθασεν
1471 933 1519 960 ἐπὶ
1536 933 1565 960 σὲ
1578 933 1815 973 Ναὸουχοδονόσορ

1024 976 1071 1003 τὸν
1087 975 1209 1011 βασιλέα.

1061 1021 1105 1049 εδ.
1120 1022 1198 1050 Μετὰ
1220 1023 1411 1059 δωδεκάμηνον
1435 1024 1464 1050 ἐν
1480 1023 1520 1059 τῷ
1540 1024 1597 1060 ναῷ
1611 1024 1662 1061 τῆς
1676 1024 1814 1060 βασιλείας

1026 1067 1108 1095 αὑτοῦ
1124 1069 1153 1094 ἐν
1165 1069 1305 1096 Βαϐυλῶνι
1319 1069 1477 1104 περιπατῶν
1488 1069 1532 1107 ἦν.

1061 1113 1107 1140 27.
1121 1114 1177 1140 Καὶ
1193 1114 1327 1150 ἀπεκρίθη
1343 1116 1357 1142 ὁ
1368 1115 1503 1149 βασιλεὺς,
1517 1115 1563 1142 καὶ
1576 1113 1663 1149 εἶπεν,
1675 1115 1731 1151 Οὐχ
1743 1115 1814 1151 αὕτη

1026 1159 1084 1186 ἐστὶ
1104 1159 1232 1186 Βαϐυλὼν
1244 1161 1260 1196 ἠ
1277 1160 1393 1196 μεγάλη,
1403 1161 1435 1196 ἣν
1447 1161 1503 1195 ἐγὼ
1516 1161 1679 1197 ᾠκοδόμησα
1690 1162 1731 1194 είς
1741 1160 1816 1190 οἷκον

1027 1204 1165 1240 βασιλείας
1178 1206 1208 1232 ἐν
1219 1205 1259 1241 τῷ
1273 1206 1368 1242 κράτει
1383 1207 1432 1242 τῆς
1457 1207 1548 1242 ίσχύος
1565 1216 1634 1243 μους

1061 1252 1107 1279 28.
1127 1252 1188 1278 Ἔτι
1204 1252 1252 1279 τοῦ
1275 1252 1355 1287 λόγου
1381 1254 1410 1280 ἐν
1422 1253 1462 1289 τῷ
1479 1254 1593 1290 στόματι
1608 1254 1653 1281 τοῦ
1682 1254 1814 1290 βασιλέως

1026 1296 1112 1328 ὄντος,
1121 1297 1196 1333 φωνὴ
1209 1297 1256 1324 ἀπ’
1266 1298 1380 1334 οὐρανοῦ
1395 1299 1513 1333 ἐγένετο·
1524 1300 1569 1326 Σοὶ
1581 1300 1698 1334 λέγεται,
1709 1301 1815 1327 N4600-

1027 1342 1168 1379 χοδονόσορ
1195 1343 1316 1379 βασιλεῦ,
1335 1346 1351 1381 ή
1377 1345 1501 1380 βασιλεία
1525 1354 1571 1372 σου
1598 1346 1737 1382 παρῆλθεν
1761 1346 1815 1373 ἀπὸ

1028 1396 1085 1416 σου.

1062 1435 1107 1463 29.
1122 1435 1178 1463 Καὶ
1201 1435 1254 1462 ἀπὸ
1280 1435 1334 1462 τῶν
1360 1435 1512 1472 ἀνθρώπων
1536 1436 1565 1463 σὲ
1580 1437 1750 1471 ἐκδιώξουσι,
1768 1438 1815 1465 καὶ

1029 1480 1098 1515 μετὰ
1111 1480 1212 1516 θηρίων
1227 1481 1330 1516 ἀγρίων
1347 1482 1363 1517 ή
1378 1482 1504 1508 κατοικία
1519 1491 1565 1508 σου
1577 1502 1584 1515 ,
1601 1482 1649 1509 καὶ
1665 1483 1763 1518 χόρτον
1777 1482 1815 1515 ὡς

1029 1525 1092 1561 βοῦν
1113 1526 1268 1562 ψωμίσουσί
1285 1535 1326 1559 σε,
1346 1527 1394 1555 καὶ
1422 1527 1492 1554 ἑπτὰ
1508 1528 1598 1562 καιροὶ
1616 1528 1814 1562 ἀλλαγήσονται

186 1574 274 1602 donec
302 1575 384 1608 scias,
414 1575 487 1610 quod
513 1575 672 1603 dominatur
688 1575 818 1605 Excelsus
831 1584 913 1612 super
932 1585 973 1605 re-

1035 1573 1072 1599 ιπὶ
1087 1572 1197 1604 σοὶ,ἐως
1210 1570 1239 1600 οὗ
1251 1572 1332 1608 γνῷς,
1341 1574 1381 1600 ὃτι
1394 1574 1515 1608 κυριεύει
1528 1574 1542 1600 ὁ
1558 1574 1687 1609 ’Υψιστος
1700 1575 1749 1610 τῆς
1763 1575 1814 1610 βα-

188 1628 270 1654 gnum
285 1621 406 1655 ipsorum
423 1621 565 1649 hominum
575 1642 584 1656 ,
610 1627 640 1650 et
666 1622 832 1658 cuicumque
844 1623 972 1657 voluerit,

186 1666 262 1693 dabit
276 1666 353 1694 illud.

153 1709 157 1712 ”
222 1711 267 1739 50.
289 1710 389 1738 Eadem
404 1711 470 1739 hora
487 1720 577 1740 sermo
589 1713 740 1747 completus
757 1718 799 1741 est
824 1720 907 1748 super
920 1712 974 1740 Na-

187 1756 399 1784 buchodonosor
414 1777 422 1790 ,
447 1762 475 1785 et
504 1765 537 1785 ex
567 1759 722 1786 hominibus
753 1759 857 1794 ejectus
872 1764 931 1792 est,
947 1764 975 1787 et

188 1802 291 1829 foenum
307 1806 337 1829 ut
351 1803 401 1830 bos
414 1803 542 1837 comedit,
553 1807 582 1831 et
593 1804 627 1831 de
640 1812 702 1832 rore
719 1805 780 1832 εαξη
800 1813 900 1840 corpus
913 1806 973 1840 ejus

187 1846 318 1875 infectum
329 1851 381 1880 est,
394 1847 481 1875 donec
496 1848 586 1883 capilli
612 1848 672 1883 ejus
696 1849 775 1884 quasi
789 1849 898 1877 leonum
914 1858 975 1878 cre-

188 1896 297 1925 verunt,
312 1896 340 1919 et
354 1899 459 1928 ungues
473 1894 533 1928 ejus
544 1893 624 1928 quasi
637 1893 742 1921 avium.

220 1978 266 2007 51.
286 1977 320 2006 Et
331 1983 393 2014 post
405 1980 486 2007 linem
512 1979 618 2008 dierum
648 1988 698 2016 ego
720 1980 973 2010 Nabuchodonosor

187 2024 282 2052 oculos
296 2032 373 2052 meos
388 2024 421 2052 ad
436 2025 536 2053 ccelum
550 2025 646 2060 levavi,
661 2031 689 2054 et
703 2035 800 2055 sensus
817 2028 869 2055 mei
885 2028 918 2055 ad
930 2035 973 2056 me

186 2071 288 2098 reversi
299 2074 373 2102 sunt,
385 2075 413 2098 et
425 2070 565 2099 Altissimo
579 2072 714 2106 benedixi,
739 2077 766 2100 et
789 2073 924 2101 viventem
945 2074 972 2101 in

187 2117 382 2151 sempiternum
398 2117 516 2151 laudavi,
529 2122 556 2145 et
569 2118 736 2153 glorificavi,
761 2119 826 2154 quia
851 2123 972 2154 potestas

186 2161 247 2196 ejus
261 2166 382 2196 potestas
397 2163 572 2198 sempiterna,
588 2167 616 2191 et
629 2171 742 2200 regnum
764 2164 824 2200 ejus
846 2165 874 2192 itt
890 2173 973 2201 gene-

186 2207 320 2235 rationem
334 2212 360 2235 et
375 2209 590 2243 generationem.

221 2297 265 2326 52.
287 2297 320 2324 Et
339 2304 435 2325 omnes
451 2297 617 2326 habitatores
636 2302 714 2325 terrae
725 2297 805 2333 quasi
819 2297 885 2325 nihil
899 2305 973 2325 com-

187 2344 274 2379 putati
289 2348 364 2376 sunt,
379 2348 407 2370 et
421 2343 500 2378 juxta
519 2344 686 2372 voluntatem
699 2352 777 2372 suam
793 2344 860 2372 facit
874 2345 902 2372 in
914 2345 972 2372 vir-

187 2393 244 2416 tute
255 2389 328 2422 cceli,
343 2393 371 2416 et
385 2389 413 2416 in
431 2389 596 2417 habitatione
609 2394 696 2418 terra.
713 2389 746 2416 Et
771 2397 825 2418 non
843 2395 895 2424 cst,
925 2390 973 2426 qui

187 2434 296 2464 resistat
307 2436 401 2464 manui
414 2436 485 2471 ejus,
495 2440 522 2463 et
535 2436 609 2464 dicat
617 2435 643 2464 ei
656 2445 662 2463 :
673 2435 743 2469 Quid
758 2435 867 2464 fecisti?

222 2536 268 2563 55.
288 2535 350 2571 Ipso
367 2540 488 2572 tempore
501 2545 599 2566 sensus
612 2537 666 2565 mei
682 2537 783 2566 reversi
796 2541 862 2566 sunt
881 2538 908 2565 in
920 2545 972 2572 me,

188 2580 260 2608 etnd
276 2581 408 2609 honorem
435 2583 510 2617 regni
533 2583 586 2610 mei
615 2582 689 2615 veni,
709 2587 737 2610 et
751 2582 837 2618 figura
859 2590 918 2610 mea
931 2590 974 2610 re-

188 2634 268 2654 versa
281 2631 323 2654 est
335 2627 369 2654 ad
383 2635 444 2654 me:
461 2633 488 2656 et
508 2629 625 2664 tyranni,
636 2632 666 2656 et
680 2633 821 2664 magnetes
837 2629 889 2656 mei
899 2636 974 2664 qure-

189 2671 287 2698 rebant
303 2678 357 2703 me,
374 2675 402 2698 et
418 2671 445 2699 in
477 2680 562 2708 regno
577 2681 637 2701 meo
661 2673 831 2702 confortatus
857 2682 917 2702 sum
931 2677 975 2707 ,et

189 2716 392 2752 magniﬁcentia
408 2718 524 2753 amplior
539 2720 630 2748 addita
642 2725 684 2748 est
696 2720 772 2748 mihi.

222 2807 268 2835 δι.
289 2807 323 2835 Et
353 2815 427 2836 nunc
458 2816 507 2845 ego
536 2809 788 2838 Nabuchodonosor
819 2811 918 2843 laudo,
945 2815 973 2838 et

188 2854 288 2888 exalto,
303 2858 330 2882 et
346 2854 466 2890 glorillco
481 2863 572 2892 regem
589 2856 660 2889 caeli,
682 2857 746 2891 quia
774 2857 866 2884 oninia
891 2865 972 2892 opera

1026 1617 1129 1648 σιλείας
1142 1617 1231 1644 αὐτῶν
1246 1617 1300 1645 τῶν
1317 1618 1478 1653 ἀνθρώπων,
1493 1620 1539 1645 καὶ
1552 1616 1574 1654 ᾧ
1586 1620 1635 1646 ἐὰν
1644 1619 1717 1656 δόξῃ,
1732 1619 1815 1646 δώσει

1024 1663 1119 1699 αὑτήν.

1060 1709 1104 1735 50.
1125 1708 1199 1744 Αὒτῇ
1214 1709 1245 1744 τῇ
1260 1707 1320 1744 ὥρᾳ
1333 1709 1347 1735 ὁ
1361 1708 1438 1743 λόγος
1455 1708 1630 1745 συνετελέσθη
1643 1709 1690 1735 ἐπὶ
1706 1709 1816 1736 Ναϐου-

1024 1753 1178 1788 χοδονόσορ,
1208 1754 1254 1780 καὶ
1272 1753 1327 1780 ἀπὸ
1343 1754 1397 1781 τῶν
1423 1754 1572 1790 ἀνθρώπων
1592 1754 1748 1791 ὲξεδιώχθη,
1768 1757 1814 1783 καὶ

1024 1797 1120 1833 χόρτον
1133 1799 1171 1831 ὡς
1186 1798 1249 1834 βοῦς
1262 1798 1351 1835 ἤσθιε,
1369 1799 1418 1826 καὶ
1431 1799 1486 1826 ἀπὸ
1499 1799 1549 1834 τῆς
1565 1800 1662 1835 δρόσου
1673 1800 1720 1828 τοῦ
1730 1801 1814 1836 οὐρα-

1024 1844 1070 1871 νοῦ
1097 1843 1128 1870 τὸ
1146 1844 1225 1880 σῶμα
1242 1845 1324 1872 αὑτοῦ
1346 1845 1446 1880 ἐὸάφη,
1465 1846 1518 1877 ἕως
1529 1842 1570 1872 ὀὗ
1584 1846 1611 1872 αί
1622 1845 1715 1881 τρίχες
1727 1846 1814 1874 αὐτοῦ

1023 1891 1061 1922 ὡς
1073 1890 1187 1917 λεόντων
1200 1890 1436 1926 ἐμεγαλύνθησαν,
1459 1891 1506 1918 καὶ
1522 1891 1546 1918 o!
1566 1891 1661 1927 δνυχες
1674 1892 1757 1919 αὐτοῦ
1775 1892 1814 1925 ὡς

1023 1936 1134 1971 όρνέων.

1058 1983 1103 2011 51.
1121 1983 1176 2010 Καὶ
1191 1983 1261 2018 μετὰ
1272 1983 1302 2010 τὸ
1320 1983 1396 2015 τέλος
1409 1982 1464 2010 τῶν
1478 1983 1589 2018 ήμερῶν
1603 1983 1658 2018 ἐγὼ
1671 1983 1812 2019 Ναϐουχο-

1022 2028 1132 2064 δονόσορ
1145 2029 1208 2061 τοὺς
1219 2029 1373 2064 ὀφθαλμούς
1390 2037 1441 2064 μου
1464 2029 1504 2061 εἰς
1516 2029 1562 2056 τὸν
1581 2029 1693 2066 οὐρανὸν
1705 2030 1811 2061 ἐλαὸον,

1022 2075 1070 2102 καὶ
1087 2076 1115 2101 αἱ
1134 2075 1232 2111 φρένες
1248 2084 1300 2111 μου
1315 2075 1359 2102 ἐπ’
1384 2075 1434 2111 ἐμὲ
1449 2075 1670 2110 ἐπεστράφησαν,
1698 2076 1745 2102 καὶ
1767 2076 1812 2102 τὸν

1024 2120 1155 2156 ’Υψιστον
1172 2121 1310 2156 εὐλόγησα
1320 2141 1328 2154 ,
1343 2121 1389 2148 καὶ
1405 2122 1451 2148 τὸν
1467 2121 1556 2153 ζῶντα
1571 2122 1611 2154 είς
1634 2122 1696 2153 τοὺς
1710 2121 1812 2153 αίῶνας

1022 2165 1124 2200 ᾔνεσα,
1141 2165 1188 2192 καὶ
1202 2165 1316 2197 ἐδόξασα
1329 2185 1336 2198 ,
1352 2166 1393 2192 ὅτι
1416 2166 1433 2201 ή
1459 2165 1567 2198 ἐξουσία
1590 2165 1685 2198 αὑτοῦ,
1702 2164 1812 2197 ἐξουσία

1023 2210 1146 2243 αἰώνιος,
1170 2210 1218 2238 καὶ
1234 2211 1251 2246 ή
1274 2211 1398 2246 βασιλεία
1411 2211 1494 2239 αὑτοῦ
1517 2211 1558 2243 εἰς
1575 2211 1672 2246 γενεὰν
1701 2212 1749 2238 καὶ
1761 2219 1811 2245 γε-

1023 2266 1086 2284 νεαν
1089 2278 1096 2284 .

1058 2302 1103 2332 52.
1123 2303 1178 2329 Καὶ
1191 2302 1292 2335 πάντες
1302 2303 1327 2329 οἱ
1342 2303 1532 2335 κατοικοῦντες
1547 2303 1596 2339 τὴν
1614 2303 1666 2338 γῆν
1685 2303 1723 2335 ὡς
1736 2303 1812 2330 οὐδὲν

1023 2347 1201 2384 ἐλογίσθησαν
1212 2357 1220 2364 θ
1236 2349 1283 2375 καὶ
1300 2349 1372 2376 κατὰ
1384 2350 1415 2376 τὸ
1431 2349 1538 2384 θέλημα
1555 2349 1639 2376 αὐτοῦ
1650 2350 1722 2376 ποιεί
1736 2350 1765 2376 ἐν
1777 2350 1810 2384 τῇ

1023 2394 1136 2430 δυνάμει
1159 2394 1206 2421 τοῦ
1220 2395 1348 2430 οὐρανοῦ,
1367 2396 1414 2422 καὶ
1436 2396 1465 2421 ἒν
1488 2396 1521 2431 τῇ
1538 2395 1666 2431 κατοικία
1680 2395 1731 2430 τῆς
1747 2395 1809 2430 γῆς.

1023 2441 1079 2468 Καὶ
1091 2441 1140 2468 οὐκ
1155 2441 1228 2468 ἔστιν
1242 2441 1272 2473 ὃς
1288 2442 1479 2477 ἀντιστήσεται
1503 2442 1535 2477 τῇ
1551 2441 1623 2477 χειρὶ
1639 2441 1734 2474 αὐτοῦ,
1764 2441 1811 2469 καὶ

1023 2487 1081 2522 ἐρεῖ
1099 2486 1180 2522 αὐτῷ’
1198 2486 1230 2513 Τί
1243 2487 1391 2522 ἐποίησας;

1059 2533 1103 2560 55.
1119 2532 1199 2568 Αὐτῷ
1212 2533 1252 2568 τῷ
1267 2533 1356 2568 καιρῷ
1370 2533 1397 2560 al
1412 2533 1508 2569 φρένες
1534 2541 1584 2569 μου
1599 2532 1811 2568 ἐπεστράφησαν

1023 2578 1066 2606 ἐπ’
1082 2579 1152 2614 ἐμοὶ,
1171 2579 1219 2606 καὶ
1234 2580 1273 2610 είς
1287 2579 1336 2614 τὴν
1348 2579 1430 2615 τιμὴν
1440 2580 1489 2615 τῆς
1506 2579 1644 2615 βασιλείας
1655 2587 1706 2614 μου
1718 2576 1810 2614 ἦλθον.

1024 2625 1072 2652 καὶ
1090 2625 1107 2660 ἡ
1124 2625 1214 2660 μορφή
1230 2633 1280 2660 μου
1297 2625 1464 2661 ἐπέστρεψεν
1477 2625 1521 2652 ἐπ’
1545 2624 1606 2660 ἐμὲ,
1638 2624 1685 2650 καὶ
1713 2625 1737 2650 ot
1764 2623 1811 2650 τύ-

1025 2671 1116 2707 ραννοί
1136 2680 1198 2706 μου,
1223 2671 1270 2698 καὶ
1285 2671 1311 2698 οἱ
1327 2672 1489 2707 μεγιστᾶνες
1505 2680 1555 2706 μου
1572 2671 1686 2706 ἐζήτουν
1702 2679 1747 2706 με,
1764 2669 1811 2696 καὶ

1023 2717 1070 2743 ἐπὶ
1080 2717 1130 2752 τὴν
1145 2717 1282 2751 βασιλείαν
1294 2726 1345 2753 μου
1356 2717 1554 2753 ἐκραταιώθην,
1565 2718 1613 2744 καὶ
1630 2715 1809 2752 μεγαλωσύνη

1024 2762 1205 2797 περισσοτέρα
1219 2763 1370 2798 προσετέθη
1386 2771 1442 2798 μοι.

1060 2808 1104 2835 54.
1122 2809 1177 2836 Καὶ
1193 2808 1241 2836 νῦν
1254 2808 1309 2842 ἐγὼ
1320 2808 1555 2844 Ναόουχοδονόσορ
1569 2807 1638 2836 αἰνῶ
1649 2829 1656 2841 ,
1678 2807 1725 2835 καὶ
1740 2807 1810 2842 eos,

1026 2855 1073 2882 καί
1097 2855 1200 2888 δοξάζω
1214 2855 1258 2882 τὸν
1277 2855 1387 2890 βασιλέα
1410 2855 1456 2882 τοῦ
1471 2854 1597 2891 οὐρανοῦ,
1614 2855 1655 2882 ὅτι
1671 2854 1760 2881 πάντα
1768 2853 1810 2892 5t
