1967 3079
183 147 256 176 8365

905 146 1021 176 CAPUT
1045 148 1075 176 ν.

1739 152 1810 179 εδει

183 212 253 245 εργα
266 207 351 234 αὐτοῦ
373 195 500 242 ἀληθινὰ,
515 207 563 234 καὶ
575 206 603 235 al
612 206 701 243 τρίσοι
714 205 797 234 αὐτοῦ
811 207 911 243 κρίσις,
928 207 970 234 καὶ

1033 208 1087 242 ejus
1103 215 1176 242 vera,
1190 213 1217 236 et
1229 209 1333 237 semita
1347 209 1408 244 ejus
1427 208 1572 244 judicium,
1588 214 1616 238 et
1633 217 1729 238 omnes
1747 218 1810 244 gra-

182 255 289 285 πάντας
312 254 376 286 τοὺς
400 253 599 289 πορευομένους
611 253 639 280 ὲν
655 252 839 290 ὑπερηφανίᾳ,
861 252 972 280 δύναται

180 300 360 328 ταπεινῶσαι.

446 344 644 371 ΚΕΦΔΛΑῙΟΝ
669 343 708 370 Εο.

218 390 245 418 Ι.
263 390 406 425 Βαλτάσαρ
422 391 436 417 6
452 389 577 424 βασιλεὺς
588 389 698 425 ἐποίησε
710 388 817 415 δεῖπνον
832 389 902 424 μέγα
915 389 971 421 τοῖς

183 437 345 472 μεγιστᾶσιν
363 435 447 463 αὑτοῦ
459 436 554 471 χιλίοις
566 456 574 468 ,
592 435 639 462 καὶ
656 435 798 462 κατέναντι
811 434 865 461 τῶν
877 435 970 470 χιλίων

179 483 194 510 ὁ
203 480 286 514 οἶνος.

215 529 244 556 ‘2.
257 529 345 555 Πίνων
365 527 510 562 Βαλτάσαρ
524 527 539 554 6
556 527 682 562 βασιλεὺς
693 524 771 553 εἶπεν
782 527 812 553 ἑν
827 527 860 562 τῇ
876 526 969 560 γεύσει

179 572 228 600 τοῦ
242 573 325 605 οἴνου,
341 572 390 599 τοῦ
410 573 532 606 ἐνεγκεῖν
548 572 582 598 τὰ
598 571 682 607 σκεύη
697 571 732 598 τά
746 572 846 608 χρυσᾶ,
875 571 920 598 καὶ
934 572 969 598 τά

178 619 298 654 ἀργυρᾶ,
315 618 333 645 ἃ
348 618 477 654 ἐξήνεγκε
492 617 729 653 Ναὸουχοδονόσορ
741 618 756 643 6
777 616 869 652 πατὴρ
884 616 967 645 αὑτοῦ

178 666 211 692 ἐκ
233 665 280 692 τοῦ
305 663 369 692 ναοῦ
387 663 435 690 τοῦ
449 664 478 690 ὲν
501 662 690 698 Ἰερουσαλὴμ.
708 662 756 689 καὶ
779 662 914 689 πιέτωσαν
937 663 966 689 ὲν

177 711 272 741 αὐτοῖς
285 710 299 735 6
314 709 450 744 βασιλεὺς,
471 708 519 739 καὶ
542 709 566 735 οι
590 709 753 743 μεγιστᾶνες
767 707 862 740 αὑτοῦ,
877 708 925 735 καὶ
937 708 966 735 αι

177 754 341 790 παράκοιτοι
355 753 449 786 αὑτοῦ,
465 753 512 780 καὶ
525 753 554 780 αί
571 752 706 780 παλλακαὶ
718 751 813 780 αὐτοῦ.

213 801 240 828 5.
260 800 315 826 Kal.
330 798 430 834 ἠνέχθη
445 798 478 825 τὰ
493 798 576 834 σκεύη
588 798 622 825 τά
634 798 751 835 ἀργυρᾶ,
764 798 811 825 καὶ
822 797 857 824 τὰ
865 798 964 833 χρυσᾶ,

1026 253 1131 281 dientes
1146 254 1171 281 in
1186 255 1314 290 superbia
1323 260 1413 290 potest
1427 255 1580 282 humiliare.

1335 351 1450 380 CAPUT
1471 351 1503 380 Ὑ-

1059 399 1085 426 ί.
1108 398 1231 426 Baltasar
1245 407 1292 426 rex
1308 399 1372 427 feeit
1395 400 1496 435 grande
1520 399 1676 427 cenvivium
1692 398 1809 434 optima-

1024 444 1095 472 tibus
1104 445 1161 472 suis
1174 445 1258 478 mille,
1271 450 1297 473 et
1306 453 1321 473 e
1333 446 1443 481 regione
1458 446 1579 481 ipsorum
1589 445 1673 479 mille,
1683 446 1788 473 viuum.

1056 535 1084 564 Ξ.
1104 536 1205 564 Bibens
1230 536 1354 564 Baltasar
1380 544 1428 565 rex
1459 537 1528 565 dixit
1550 537 1577 565 in
1601 541 1680 572 gustu
1697 536 1762 570 vini,
1776 541 1811 564 ut

1021 581 1182 609 aﬂ‘errentur
1196 589 1259 609 vasa
1278 590 1369 615 aurea,
1385 587 1411 610 et
1427 587 1554 617 argentea
1568 603 1576 616 ,
1605 591 1665 618 quae
1685 587 1807 618 asporta-

1020 630 1096 653 verat
1109 625 1363 654 Nabuchodonosor
1377 631 1454 662 pater
1470 628 1530 662 ejus
1554 627 1587 655 de
1605 628 1714 663 templo,
1731 628 1805 662 quod

1019 675 1078 698 erat
1093 671 1120 698 in
1133 670 1332 704 Jerusalem,et
1347 673 1471 700 biberem
1487 673 1513 700 in
1527 674 1567 701 eis
1581 681 1637 706 rex,
1651 678 1679 701 et
1688 673 1806 708 optima-

1019 721 1059 744 tes
1070 717 1140 752 ejus,
1151 721 1178 745 et
1191 718 1351 746 concubinae
1364 718 1434 753 ejus,
1445 723 1472 746 et
1486 724 1575 747 scorta
1594 720 1663 755 ejus.

1054 807 1081 835 5.
1103 807 1137 835 Et
1153 807 1233 835 allata
1249 812 1313 836 sunt
1329 816 1393 836 vasa
1409 813 1548 844 argentea,
1573 814 1601 837 et
1630 817 1723 842 aurea,
1744 816 1805 844 quae

177 847 196 876 ἃ
209 847 340 882 ἐξήνεγκε
355 844 589 880 Ναῦουχοδονόσορ
602 845 634 871 ἐκ
647 843 694 871 τοῦ
706 844 770 871 ναοῦ
783 844 829 871 τοῦ
840 843 907 871 Θεοῦ
918 844 965 871 τοῦ

1036 858 1205 888 sportaVerat
1219 843 1474 882 Nabuchodonosor
1489 855 1522 883 de
1533 855 1634 890 templo
1652 855 1708 888 Dei,
1731 843 1804 890 quod

177 894 208 921 ἐν
227 892 417 928 Ἰερουσαλὴμ,
435 891 481 918 καὶ
496 891 588 918 ἔπινον
598 892 627 918 ἐν
639 891 729 923 αὐτοῖς
745 891 759 917 6
774 890 909 925 βασιλεὺς,
921 891 968 917 καὶ

1033 904 1108 927 uerat
1120 900 1147 926 in
1162 899 1314 927 Jerusalem
1329 909 1336 927 :
1350 905 1377 927 et
1390 901 1519 928 bibebant
1533 900 1560 928 in
1572 888 1613 928 eis
1627 908 1684 934 rex,
1695 905 1721 928 et
1735 888 1806 936 opti-

177 939 202 965 ol
217 938 379 973 μεγιστᾶνες
388 935 470 963 αὐτοῦ
480 956 488 969 ,
505 935 553 963 καὶ
578 937 739 972 παράκοιτοι
751 935 832 963 αὐτοῦ
843 956 851 969 ,
876 935 924 962 καὶ
939 936 967 962 αἱ

177 983 317 1011 παλλακαὶ
330 982 424 1010 αὑτοῦ.

211 1029 240 1056 Α.
253 1029 308 1055 Καὶ
327 1027 419 1054 ἔπινον
440 1025 522 1058 οἶνον,
538 1026 586 1053 καὶ
612 1026 714 1062 ᾔνεσαν
727 1026 789 1058 τοὺς
810 1024 888 1057 θεοὺς
905 1025 968 1057 τοὺς

176 1072 305 1109 χρυσοῦς,
321 1073 368 1099 καὶ
384 1071 531 1108 ἀργυροῦς,
557 1072 606 1098 καὶ
621 1070 749 1107 χαλκοῦς,
765 1071 813 1098 καὶ
829 1070 966 1106 σιδηροῦς,

176 1119 224 1146 καὶ
236 1118 371 1151 ξυλίνους,
393 1117 441 1144 καὶ¹
456 1116 574 1148 λιθίνους
587 1125 594 1132 ·
614 1117 663 1143 καὶ
678 1116 725 1143 τὸν
738 1116 803 1143 Θεὸν
817 1115 865 1142 τοῦ
883 1116 967 1151 οὐρα-

176 1163 223 1191 νοῦ
234 1164 284 1191 οὐκ
298 1164 459 1199 εὐλόγησαν,
474 1163 519 1190 τὸν
532 1163 628 1198 ἔχοντα
639 1163 763 1197 ἐξουσίαν
784 1162 831 1189 τοῦ
845 1162 968 1198 πνεύμα-

175 1219 222 1242 τος
234 1209 336 1238 αὐτῶν.

211 1257 239 1284 5.
258 1257 302 1283 Ἐν
319 1256 386 1292 αὐτῇ
411 1257 444 1291 τῇ
468 1255 528 1291 ὥρᾳ
543 1255 655 1290 ἐξῆλθον
678 1254 805 1282 δάκτυλοι
817 1255 908 1290 χειρὸς
921 1255 968 1282 ἀν-

175 1302 299 1338 θρώπου,
315 1302 363 1329 καὶ
379 1301 499 1338 ἔγραφον
511 1301 655 1328 κατέναντι
667 1301 717 1336 τῆς
728 1301 869 1336 λαμπάδος
880 1301 927 1328 ἐπὶ
937 1300 968 1327 τὸ

175 1348 297 1383 κονίαμα
310 1347 358 1375 τοῦ
372 1348 461 1383 τοίχου
477 1347 523 1374 τοῦ
549 1347 624 1374 οῐκου
647 1348 695 1374 τοῦ
714 1347 863 1382 βασιλέως·
887 1347 935 1374 καὶ
953 1348 968 1374 6

175 1393 304 1429 βασιλεὺς
321 1392 434 1428 ἐθεώρει
454 1393 517 1425 τοὺς
538 1393 726 1428 ἀστραγάλους
744 1393 794 1429 τῆς
814 1393 905 1429 χειρὸς
917 1395 968 1429 τῆς

175 1438 349 1474 γραφούσης.

211 1484 239 1512 ϐ.
256 1483 322 1511 Τότε
339 1484 385 1511 τοῦ
400 1483 532 1520 βασιλέως
554 1483 571 1519 ὴ
590 1483 680 1520 μορφὴ
704 1483 850 1520 ἠλλοιώθη,
876 1484 924 1512 καὶ
942 1484 967 1511 0i

177 1530 349 1566 διαλογισμοὶ
362 1531 444 1558 αὐτοῦ
457 1530 656 1566 συνετάρασσον
667 1531 746 1558 αὑτὸν
757 1552 764 1564 ,
778 1532 825 1558 καὶ
839 1531 864 1558 oi
877 1531 969 1558 σύνδε-

178 1585 244 1613 σμοι
258 1577 309 1612 τῆς
320 1577 420 1611 ὀσφύος
436 1577 518 1604 αὺτοῦ
533 1576 679 1609 διελύοντο,
691 1577 740 1604 καὶ
755 1577 790 1604 τά
808 1577 908 1612 γόνατα
920 1577 969 1604 αὑ-

175 1621 226 1649 τοῦ
241 1624 274 1657 χ
292 1623 370 1650 τοῦτο
385 1623 473 1658 τούτῳ
483 1623 511 1658 /.
528 1623 717 1658 συνεκρούετο.

213 1669 242 1696 7.
261 1669 316 1695 Καὶ
332 1669 446 1704 ἐϐόησεν
457 1669 471 1695 6
484 1668 611 1704 βασιλεὺς
623 1670 651 1696 ὲν
668 1669 740 1705 ἰσχύῖ
752 1668 799 1696 τοῦ
814 1669 970 1704 εἰσαγαγεῖν

178 1713 295 1748 μάγους,
313 1713 484 1745 Χαλδαίους,
504 1713 693 1750 γαζαρηνούς·
719 1714 766 1740 καὶ
793 1714 930 1750 ἀπεκρίθη
956 1714 971 1741 6

177 1759 315 1795 βασιλεὺς,
332 1760 379 1787 καὶ
394 1758 470 1788 εἶπεν
487 1761 542 1792 τοῖς
555 1761 647 1795 σοφοῖς
669 1759 837 1794 Βαϐυλῶνος,
856 1761 898 1787 ὅτι
912 1762 971 1793 Πᾶς

177 1805 339 1842 ἄνθρωπος,
361 1806 390 1839 ὃς
409 1806 457 1833 ἐὰν
480 1806 589 1842 ἀναγνῷ
605 1807 654 1842 τὴν
668 1806 777 1842 γραφὴν
787 1806 906 1842 ταύτην,
922 1807 971 1834 καὶ

176 1852 228 1887 τὴν
246 1851 389 1888 σύγκρισιν
400 1852 486 1888 αὐτῆς
499 1851 620 1888 γνωρίσῃ
634 1861 689 1888 μοι,
706 1852 852 1890 πορφύραν
863 1852 972 1879 ἐνδύσε-

177 1907 236 1931 ται,
247 1898 294 1925 καὶ
306 1899 320 1925 6
335 1899 470 1934 μανιάκης
488 1899 502 1925 6
512 1898 631 1934 χρυσοῦς
645 1898 692 1925 ἐπὶ
709 1898 756 1925 τοῦ
773 1898 908 1934 τραχήλου
923 1898 972 1925 αὐ-

178 1943 240 1979 τοῦ,
249 1944 297 1971 καὶ
309 1944 399 1980 τρίτος
412 1945 441 1971 ὲν
452 1946 486 1980 τῇ
503 1943 627 1980 βασιλείᾳ
638 1953 690 1979 μου
707 1944 794 1980 ἄρξει.

216 1991 244 2018 8.
262 1991 318 2017 Καὶ
335 1989 540 2026 εἰσεπορεύοντο
564 1990 662 2022 πάντες
681 1990 706 2016 οῑ
729 1989 808 2024 σοφοὶ
827 1988 874 2016 τοῦ
896 1989 967 2024 βασις

178 2037 262 2068 λὲως,
276 2036 323 2063 καὶ
335 2036 387 2062 οὐκ
401 2035 532 2071 ἠδύναντο
548 2035 598 2072 τὴν
611 2035 718 2071 γραφὴν
732 2035 897 2070 ἀναγνῶναι,
912 2036 972 2063 οὐδὲ

179 2083 231 2119 τὴν
245 2083 389 2118 σύγκρισιν
401 2082 534 2118 γνωρίσαι
554 2081 591 2117 τῷ
608 2081 723 2117 βασιλεῖ.

218 2127 246 2156 9.
260 2128 315 2154 Kal.
330 2128 344 2154 6
357 2127 483 2162 βασιλεὺς
495 2126 638 2162 Βαλτάσαρ
650 2127 799 2162 ἐταράχθη,
814 2127 860 2154 καὶ
876 2127 893 2160 ἡ
906 2136 972 2163 μορ-

181 2173 221 2209 φὴ
233 2173 315 2199 αὐτοῦ
325 2171 459 2208 ἠλλοιώθη
477 2172 519 2199 ἐπ’
534 2172 619 2207 αὑ·τῷ¹
643 2172 691 2200 καὶ
712 2174 735 2199 οἱ
750 2173 910 2208 μεγιστᾶνες
922 2173 973 2199 αὑ-

181 2219 232 2249 τοῦ
248 2218 488 2254 συνεταράσσοντο.

221 2264 265 2292 10.
279 2264 336 2291 Kal.
350 2265 366 2299 ἡ
383 2263 526 2299 βασίλισσα
542 2263 686 2290 κατέναντι
699 2263 753 2291 τῶν
767 2263 855 2298 λόγων
866 2263 912 2291 τοῦ
924 2263 973 2299 βα-

185 2310 293 2342 σιλέως,
309 2309 423 2336 καὶτῶν
437 2309 607 2344 μεγιστάνων
619 2309 701 2336 αὐτοῦ
721 2309 761 2341 είς
779 2309 824 2336 τὸν
840 2307 912 2336 οἶκον
926 2309 973 2336 τοῦ

185 2356 270 2383 πότου
280 2355 415 2390 εἰσῆλθεν,
429 2356 477 2382 καὶ
484 2355 620 2390 ἀπεκρίθη
630 2356 647 2390 ἡ
662 2355 814 2390 βασίλισσα,
828 2356 875 2382 καὶ
886 2355 973 2382 εἶπενθ

186 2401 316 2433 Βασιλεῦ,
327 2402 367 2432 είς
380 2401 444 2432 τοὺς
459 2398 560 2432 αἰῶνας
576 2401 653 2436 ζῆθι·
668 2400 704 2436 μὴ
718 2401 927 2436 ταρασσέτωσέω
945 2409 974 2427 σε

185 2447 213 2475 οἱ
227 2446 400 2482 διαλογισμοί
411 2455 470 2479 σου,
483 2446 531 2473 καὶ
544 2447 560 2482 ἡ
582 2447 671 2482 μορφή
686 2454 732 2473 σου
750 2446 786 2481 μὴ
799 2446 972 2473 ἀλλοιούσθω.

223 2493 268 2520 Η.
287 2493 383 2519 Ἔστιν
396 2491 466 2527 ἀνὴρ
481 2492 510 2518 ὲν
526 2493 559 2527 τῇ
580 2491 701 2527 βασιλείᾳ
717 2499 775 2524 σου,
790 2493 818 2518 ἐν
828 2489 851 2526 ᾧ
864 2492 975 2526 Πνεῦμα

185 2539 253 2566 Θεοῦ
270 2539 346 2574 ἀγιον
359 2541 387 2566 ὲν
399 2539 483 2574 αὐτῷ,
498 2539 546 2565 καὶ
564 2539 593 2565 ὲν
608 2539 667 2570 ταῖς
681 2538 797 2574 ἡμέραις
812 2538 859 2565 τοῦ
872 2539 976 2574 ⁸πατρός

186 2594 235 2612 σου
251 2585 419 2621 γρηγόρησις
433 2585 480 2611 καὶ
504 2585 611 2616 σύνεσις
635 2584 734 2620 εὑρέθη
755 2585 783 2610 ὲν
797 2584 882 2619 αὐτῷ,
900 2584 948 2611 καὶ
961 2584 976 2610 6

189 2630 316 2666 βασιλεὺς
330 2629 565 2665 Νασουχοδονόσορ
580 2629 595 2655 6
623 2629 715 2663 πατήρ
731 2636 778 2655 σου
790 2628 908 2665 ἄρχοντα
926 2630 976 2655 ὲπ-

186 2676 303 2709 αοιδῶν,
334 2676 439 2711 μάγων,
469 2674 628 2707 Χαλδαίων,
652 2674 814 2710 γαζαρηνῶν
845 2674 976 2710 κατέστη-

189 2729 237 2748 σεν
255 2721 345 2749 αὐτόν.

227 2766 272 2793 12.
285 2767 346 2793 ὀτι
362 2765 471 2802 πνεῦμα
485 2766 614 2801 περισσὸν
625 2766 655 2793 ὲν
671 2766 754 2802 αὐτῷ,
772 2766 819 2793 καὶ¹
835 2766 974 2802 φρόνησις,

189 2812 238 2838 καὶ
245 2811 362 2843 σύνεσις,
371 2811 524 2847 συγκρίνων
534 2811 657 2844 ἐνύπνια,
667 2812 713 2838 καὶ
722 2812 896 2846 ἀναγγέλλων
909 2820 976 2847 κρα-

188 2857 325 2894 τούμενα·
343 2857 413 2885 καὶό
429 2857 554 2893 βασιλεὺς
569 2857 701 2894 ἐπέθηκεν
715 2857 788 2893 αὐτῷ
812 2857 896 2893 ὄνομα
909 2857 976 2886 Βαλ-

1019 950 1105 973 niates
1120 945 1190 980 ejus,
1209 950 1237 973 et
1246 946 1406 974 concubinae
1419 947 1490 981 ejus,
1503 951 1530 974 et
1540 952 1630 974 scorta
1646 947 1717 982 ejus.

1054 1036 1081 1064 4.
1103 1035 1135 1064 Et
1150 1037 1279 1064 bibebant
1295 1036 1398 1069 vinum,
1416 1041 1442 1064 et
1454 1036 1601 1068 laudabant
1616 1036 1682 1064 deos
1693 1044 1803 1071 aureos,

1018 1087 1044 1110 et
1056 1087 1208 1118 argenteos,
1222 1087 1249 1110 et
1271 1090 1368 1115 aereos,
1394 1088 1422 1110 et
1447 1082 1551 1110 ferreos
1564 1103 1571 1116 ,
1589 1082 1759 1117 iigneosque,
1776 1086 1804 1109 et

1020 1128 1140 1164 lapideos
1156 1137 1162 1154 :
1179 1133 1206 1156 et
1227 1128 1282 1156 Deo
1304 1128 1366 1156 εαξιί
1392 1135 1445 1156 non
1465 1127 1665 1156 benedixerunt
1692 1127 1803 1156 habenti

1019 1177 1179 1209 potestatem
1194 1174 1304 1209 spiritus
1325 1181 1433 1202 eorum.

1055 1264 1081 1291 5.
1096 1263 1124 1291 in
1137 1263 1230 1291 eadem
1243 1264 1311 1292 liora
1324 1264 1427 1298 egressi
1443 1268 1506 1292 sunt
1514 1264 1590 1300 digiti
1603 1271 1700 1292 manus
1711 1263 1803 1292 homi-

1019 1310 1071 1343 nis,
1085 1315 1112 1337 et
1124 1310 1280 1338 scribebant
1293 1318 1308 1338 e
1319 1311 1430 1346 regione
1443 1311 1576 1346 lampadis
1590 1311 1618 1338 in
1629 1310 1743 1338 tectorio
1755 1318 1804 1346 pa-

1018 1355 1094 1383 rietis
1107 1355 1205 1383 domus
1219 1357 1291 1391 regis
1303 1365 1310 1390 ;
1327 1360 1354 1383 et
1366 1363 1418 1384 rex
1431 1356 1665 1391 contemplabatur
1674 1356 1804 1384 articulos

1018 1409 1116 1429 manus
1129 1401 1284 1430 scribentis.

1054 1492 1080 1520 6.
1101 1492 1180 1520 Tunc
1196 1492 1268 1528 regis
1285 1491 1372 1520 forma
1385 1492 1528 1520 immutata
1543 1496 1595 1525 est,
1610 1495 1638 1520 et
1660 1491 1805 1528 cogitatio-

1021 1546 1070 1566 nes
1095 1539 1155 1572 ejus
1178 1538 1379 1565 conturbabant
1397 1546 1472 1570 eum,
1497 1542 1525 1565 et
1549 1545 1693 1573 compages
1708 1545 1804 1565 renum

1019 1584 1322 1619 ejusdissolvebantur,
1342 1587 1369 1611 et
1395 1590 1482 1619 genua
1507 1583 1568 1618 ejus
1593 1583 1710 1610 alterum
1725 1582 1805 1611 alteri

1020 1630 1228 1658 coliidebanlur.

1055 1676 1081 1703 7.
1105 1676 1137 1703 Et
1153 1676 1280 1703 clamavit
1299 1682 1347 1703 rex
1364 1676 1392 1702 in
1407 1674 1576 1707 fortitudine,
1601 1678 1632 1701 ut
1650 1673 1806 1701 introduce-

1019 1724 1079 1748 rent
1090 1727 1192 1754 magns,
1204 1719 1356 1752 Chaldaeos,
1371 1726 1530 1753 gazarenos.
1548 1717 1582 1745 Et
1594 1718 1734 1753 respondit
1745 1726 1804 1752 rex,

1019 1769 1047 1793 et
1059 1766 1127 1793 dixit
1140 1765 1307 1800 sapientibus
1320 1764 1482 1800 Babylonis,
1511 1764 1584 1799 quod
1600 1763 1697 1792 Omnis
1722 1764 1806 1792 homo

1021 1811 1187 1846 quicumque
1200 1811 1295 1846 legerit
1307 1811 1469 1845 scripturam
1484 1811 1565 1844 hanc,
1578 1814 1605 1838 et
1620 1810 1806 1843 conjecturam

1021 1857 1081 1891 ejus
1096 1856 1269 1884 manifestam
1283 1856 1351 1884 mihi
1365 1856 1469 1889 fecerit,
1483 1862 1603 1891 purpura
1623 1855 1764 1888 vestietur,
1780 1859 1807 1883 et

1022 1907 1133 1938 torques
1148 1910 1230 1930 aurea
1246 1910 1327 1938 super
1337 1903 1437 1930 collum
1455 1903 1525 1938 ejus,
1538 1908 1565 1931 et
1576 1902 1672 1931 tertius
1683 1902 1711 1930 in
1722 1910 1806 1938 regno

1021 1956 1082 1975 meo
1098 1949 1223 1983 princeps
1237 1949 1298 1975 erit.

1057 1993 1084 2020 8.
1108 1993 1139 2019 Et
1156 1992 1376 2027 ingrediebantur
1404 1999 1499 2020 omnes
1524 1992 1659 2027 sapientes
1680 1992 1763 2026 regis,
1780 1996 1807 2019 et

1024 2045 1076 2065 no“
1094 2043 1218 2072 poterant
1232 2038 1394 2073 scripturam
1412 2038 1509 2073 legere,
1526 2045 1615 2072 neque
1629 2037 1807 2073 signiﬁcatio-

1023 2091 1084 2111 nem
1100 2083 1218 2110 indicare
1227 2083 1294 2118 regi.

1058 2129 1084 2156 9.
1107 2129 1139 2155 Et
1167 2135 1211 2155 rex
1230 2128 1352 2154 Baltasar
1377 2128 1501 2155 turbatus
1526 2131 1578 2161 est,
1595 2131 1622 2154 et
1646 2126 1732 2154 forma
1748 2126 1808 2161 ejus

1024 2173 1165 2201 immutata
1182 2180 1223 2202 est
1238 2174 1264 2201 in
1279 2174 1335 2206 illo,
1355 2178 1383 2201 et
1406 2175 1550 2209 optimates
1575 2173 1634 2209 ejus
1661 2174 1806 2201 conturba-

986 2222 1010 2250 D
1025 2223 1134 2249 bantur.

1061 2266 1105 2293 10.
1127 2265 1159 2293 Et
1174 2266 1265 2302 regina
1278 2270 1387 2300 propter
1403 2266 1484 2293 verba
1499 2265 1582 2301 regis,
1605 2270 1633 2292 et
1646 2266 1807 2300 optimatum

1025 2311 1085 2346 ejus
1101 2311 1128 2337 in
1145 2311 1256 2338 domum
1271 2309 1387 2337 convivii
1403 2310 1524 2345 ingressa
1548 2315 1609 2343 est,
1627 2315 1654 2338 et
1671 2311 1811 2345 respondit

1027 2357 1166 2391 regiua,ct
1178 2357 1246 2384 dixit
1264 2366 1270 2384 :
1291 2356 1359 2389 Rex,
1376 2355 1403 2382 iu
1416 2360 1545 2382 aeternum
1562 2356 1622 2383 vive
1643 2364 1649 2382 :
1670 2363 1723 2382 nou
1744 2364 1810 2382 con-

1025 2401 1136 2429 turbeut
1152 2406 1177 2429 te
1193 2401 1372 2437 cogitationes
1387 2405 1448 2434 tute,
1465 2406 1492 2428 ct
1506 2400 1594 2428 forma
1621 2404 1666 2427 tua
1690 2408 1743 2427 non
1760 2401 1813 2427 iu.-

1026 2452 1154 2475 mutetur.

1065 2494 1110 2521 ll.
1132 2493 1179 2521 Est
1195 2494 1235 2521 vir
1251 2494 1278 2521 in
1291 2501 1376 2529 regno
1390 2497 1448 2526 tuo,
1463 2492 1489 2520 in
1506 2499 1561 2527 quo
1579 2496 1620 2519 est
1630 2490 1749 2526 Spiritus
1762 2491 1807 2518 Dei

1027 2545 1138 2568 sanctus
1156 2540 1183 2567 in
1203 2548 1246 2572 eo,
1261 2540 1325 2567 etin
1341 2540 1438 2567 diebus
1462 2539 1547 2574 patris
1565 2538 1603 2565 tui
1627 2538 1765 2572 vigilantia
1785 2541 1812 2565 et

1028 2587 1204 2622 intelligentia
1218 2587 1333 2614 inventae
1344 2591 1408 2614 sunt
1421 2586 1448 2613 in
1463 2593 1514 2619 eo;
1527 2590 1553 2613 et
1568 2593 1614 2613 rex
1629 2584 1806 2612 Nabuchodo-

1027 2641 1112 2661 nosor
1130 2638 1206 2668 pater
1227 2637 1289 2660 tuus
1310 2633 1458 2667 principem
1485 2632 1697 2664 incautatorum,
1720 2638 1807 2665 mago

1026 2686 1100 2711 rum,
1113 2677 1313 2709 Cliaidworum,
1328 2683 1526 2711 galarenorum
1541 2675 1685 2703 constituit
1701 2683 1774 2702 eum.

1067 2767 1109 2794 12.
1131 2766 1199 2800 Quia
1213 2766 1325 2801 spiritus
1336 2764 1450 2799 amplior
1463 2763 1489 2790 in
1509 2771 1551 2796 eo,
1565 2769 1593 2791 et
1614 2762 1768 2798 prudentia,
1785 2765 1809 2788 ct

1029 2813 1180 2841 iulelleclus
1203 2811 1351 2847 conjiciens
1373 2809 1489 2842 somnia,
1505 2815 1534 2838 et
1552 2809 1676 2838 iudicans
1687 2811 1810 2835 ostenta:

1028 2863 1053 2886 et
1072 2865 1117 2886 rex
1143 2856 1273 2892 imposuit
1285 2856 1312 2884 ei
1330 2863 1427 2884 [nomen
1455 2854 1576 2884 Baltasar
1595 2863 1601 2882 :
1631 2860 1703 2881 nunc
1721 2852 1812 2887 itaque
