1967 3079
192 148 263 178 9887

722 157 848 190 DANIEL
865 161 979 189 JUXTA
999 161 1275 193 THEODOTIONEM

1751 174 1820 204 2868

191 213 304 236 vocetur
319 210 421 244 Daniel,
436 215 463 238 et
474 212 658 247 conjecturam
677 213 737 249 ejus
757 215 887 244 indicabit
902 218 963 246 tibi.

1032 219 1136 255 τάσαρ²
1149 220 1196 247 νῦν
1212 218 1396 258 οὗνκληθήτω
1419 223 1535 260 Δανιὴλ,
1548 225 1594 252 καὶ
1608 226 1657 262 τὴν
1677 227 1820 264 σύγκρισιν

226 297 269 325 l3.
291 297 367 326 Tunc
384 298 475 326 Daniel
502 299 674 328 introductus
690 307 732 328 est
753 309 844 330 coram
861 311 932 339 rege,
953 310 980 333 et

190 343 258 370 dixit
272 352 319 371 rex
333 344 452 372 Danieli:
470 343 509 371 Tu
524 353 554 372 es
567 344 670 379 Daniel,
694 347 741 382 qui
766 348 799 375 de
814 348 877 376 [iliis
893 351 980 385 capti-

189 389 282 416 vitatis
298 388 408 423 Judreaz,
435 398 517 425 quam
534 391 647 419 adduxit
661 400 709 420 rex
738 398 815 428 pater
840 403 918 423 meus
945 397 979 425 de

189 431 300 460 Iudaea?

225 477 267 505 H.
289 478 321 505 Et
337 479 428 506 audivi
445 480 478 507 de
495 484 531 513 te,
546 480 611 515 quia
625 480 746 517 Spiritus
762 482 808 510 Dei
826 488 937 512 sanctus
951 485 978 512 in

188 527 224 553 te.
246 527 273 550 et
291 523 442 559 vigilantia,
463 530 490 554 et
504 526 691 562 intelligentia,
717 533 744 556 et
766 530 901 565 sapientia
918 539 978 558 am-

187 567 257 603 plior
269 569 384 598 inventae
401 576 465 599 sunt
479 572 505 599 in
521 576 558 601 te.

225 614 269 642 15.
289 615 323 643 Et
335 625 408 645 nunc
421 618 537 653 ingressi
552 624 616 647 sunt
642 620 670 648 in
690 626 838 657 conspectu
861 631 922 651 meo
934 633 977 652 sa-

187 660 303 695 pientes,
321 663 404 698 magi,
422 665 559 699 gazareni,
578 670 608 694 ut
631 666 794 702 scripturam
814 668 885 697 hanc
903 670 976 705 lege-

188 710 260 739 rent,
275 712 300 734 et
312 707 500 742 conjecturam
514 710 574 744 ejus
601 711 755 740 indicarent
774 713 852 747 mihi,
869 719 897 742 et
921 723 975 743 non

187 756 335 786 potuerunt
359 754 610 790 interpretationem
638 759 772 787 sermonis
794 759 877 795 hujus
906 761 974 789 indi-

187 806 250 826 care
266 799 344 828 mihi.

223 844 266 871 l6.
288 845 320 872 Et
335 854 386 881 ego
397 847 487 875 audivi
499 848 532 876 de
546 853 582 880 te.
597 849 662 884 quia
689 855 767 886 potes
799 851 899 887 judicia
932 853 976 881 in-

186 891 340 925 terpretari,
355 896 382 919 et
393 893 499 922 solvere
508 894 636 930 perplexa
659 903 666 922 :
683 901 711 923 et
735 904 809 925 nunc
836 898 858 926 si
875 899 968 933 poteri:

188 934 274 948 'Ann—A
304 936 464 948 _-_2_-.._-‘x
513 943 534 948 ε.
568 947 571 948 ν
585 947 591 948 κ
619 939 637 948 I,
650 944 667 948 ν.
798 942 804 948 -
857 943 862 948 .
894 944 910 948 ..

1121 891 1175 893 ηρ
1188 891 1240 902 -,_
1259 891 1282 905 .,.

1029 919 1100 945 ματα
1117 913 1282 948 συγκρίνειν,

187 934 275 969 legere
303 936 478 971 scripturam,
509 943 536 966 et
563 939 750 974 conjecturam
779 942 839 977 ejus
855 943 975 972 indicare

186 980 263 1013 mihi,
279 988 398 1016 purpura
416 983 551 1015 vestieris.
570 988 598 1012 et
611 989 724 1020 torques
741 994 841 1016 aureus
857 990 909 1017 erit
926 998 974 1018 su-

185 1032 235 1060 per
247 1026 347 1054 collum
363 1032 452 1063 tuum,
466 1034 493 1057 et
508 1029 605 1058 tertius
624 1030 652 1058 in
669 1039 754 1068 regno
767 1041 830 1062 meo
847 1035 974 1072 princeps

184 1070 251 1100 eris.

220 1115 263 1143 l7.
283 1115 361 1145 Tunc
376 1120 519 1154 respondit
534 1120 639 1155 Daniel,
653 1128 680 1151 et
694 1124 762 1152 dixit
781 1133 873 1154 coram
891 1135 971 1163 rege:

183 1160 294 1189 Munera
309 1167 354 1190 tua
366 1165 413 1192 tibi
429 1171 519 1199 erunt,
529 1172 554 1194 et
566 1168 667 1196 donum
679 1171 753 1205 regni
769 1171 806 1199 tui
822 1173 900 1200 alteri
915 1160 949 1202 da
963 1183 970 1201 :

182 1214 232 1241 ego
254 1213 344 1236 autem
364 1211 526 1244 scripturam
542 1212 628 1248 legam
644 1215 699 1250 regi
711 1237 717 1249 ,
741 1221 768 1244 et
787 1218 971 1253 conjecutram

182 1253 241 1287 ejus
256 1254 398 1282 Ostendam
414 1255 474 1289 tibi,
490 1264 507 1284 ο
519 1265 577 1286 rex.

219 1349 261 1376 l8.
282 1350 354 1379 Deus
369 1352 519 1381 altissimus
534 1362 651 1390 regnum
663 1376 670 1390 ,
686 1361 713 1384 et
728 1359 969 1393 magniﬁcentiam,

182 1398 209 1421 et
226 1395 369 1430 honorem,
388 1402 416 1425 et
430 1398 545 1433 gloriam
560 1400 635 1429 dedit
657 1401 910 1433 Nabuchodonosor
924 1414 972 1442 pa-

182 1441 215 1468 tri
231 1446 287 1469 tuo.

217 1487 260 1515 l9.
283 1488 343 1516 Eta
367 1492 580 1528 magniﬁcentia,
611 1503 693 1531 quam
711 1497 785 1525 dedit
811 1499 847 1531 ei,
875 1507 969 1528 omnes

181 1534 285 1567 populi,
305 1535 403 1569 tribus,
418 1537 516 1572 linguae
527 1545 606 1568 erant
619 1545 776 1576 trementes,
794 1547 821 1570 et
846 1550 969 1572 metuen-

181 1582 222 1605 tes
238 1587 251 1604 a
269 1579 336 1607 facie
351 1581 430 1616 ejus:
450 1591 519 1618 quos
532 1585 640 1614 volebat
661 1587 719 1622 ipse
734 1588 922 1623 interﬁciebat,
941 1595 968 1618 et
981 1580 1002 1609 ο

180 1631 248 1657 quos
262 1625 369 1654 volebat
396 1628 454 1663 ipse
467 1631 603 1665 servabat,
629 1637 655 1660 et
684 1642 753 1668 quos
785 1636 894 1664 volebat
911 1638 968 1672 ipse

180 1670 325 1705 exaliabat,
338 1676 365 1700 et
377 1682 446 1708 quos
459 1676 566 1704 volebat
579 1678 637 1713 ipse
658 1679 828 1708 humiliabat.

213 1759 258 1786 20.
279 1759 314 1788 Et
330 1763 439 1795 quando
454 1764 589 1793 elevatum
603 1771 645 1794 est
660 1775 708 1795 cor
722 1769 791 1803 ejus,
806 1773 835 1797 et
850 1771 963 1805 spiritus

178 1803 238 1838 ejus
253 1805 413 1834 obﬁrmatus
429 1814 471 1836 est
489 1810 523 1837 ad
539 1812 762 1846 superbiendum,
775 1803 913 1849 depositus
926 1822 967 1845 est

178 1850 212 1877 de
226 1850 293 1878 solio
307 1853 382 1887 regni
401 1854 455 1882 sui.

212 1910 257 1938 '21.
279 1911 312 1939 Et
325 1913 413 1941 honor
423 1915 482 1950 ejus
494 1916 602 1946 ablatus
618 1923 660 1946 est
675 1920 709 1947 ab
725 1928 767 1953 eo,
791 1927 817 1950 et
834 1930 867 1950 ex
878 1923 967 1951 homi-

177 1956 258 1984 nibus
273 1957 376 1991 ejoctus
388 1967 440 1994 est,
456 1965 483 1988 et
493 1970 541 1989 cor
553 1964 612 1998 ejus
627 1973 689 1992 cum
704 1967 799 1995 beSIiis
810 1968 901 1996 datum
912 1974 964 2003 est,

177 2004 204 2028 et
219 2007 278 2028 cum
295 2004 405 2038 onagris
424 2005 556 2034 habitatio
571 2009 630 2043 ejus
646 2019 653 2037 :
676 2015 702 2038 et
730 2011 802 2040 freno
819 2018 848 2040 ut
868 2014 964 2042 bovem

176 2044 336 2074 cibaverunt
352 2055 427 2083 eum,
445 2052 517 2079 etde
532 2059 594 2080 rore
606 2055 666 2081 σαείί
678 2063 776 2090 corpus
799 2058 858 2092 ejus
871 2059 965 2087 made—

175 2089 275 2118 factum
291 2097 342 2126 est,
357 2093 445 2123 donec
467 2098 604 2132 cognovit,
631 2100 696 2134 quia
722 2089 877 2130 dominatur
895 2103 965 2133 Deus

175 2137 325 2167 altissimus
339 2148 422 2175 super
437 2150 551 2177 regnum
576 2144 730 2179 hominum,
749 2153 776 2175 et
801 2149 964 2185 cuicumque

174 2183 300 2218 voluerit,
318 2186 391 2213 dabit
404 2187 479 2215 illud.

1033 265 1114 292 αὐτοῦ
1129 267 1276 301 ἀναγγελεῖ
1289 276 1341 294 σοι.

1068 311 1112 337 l5.
1133 311 1199 338 Τότε
1230 311 1330 349 Δανιὴλ
1347 314 1461 351 είσήχθη
1481 315 1597 344 ἐνώπιον
1616 317 1663 344 τοῦ
1678 318 1818 354 βασιλέως,

1032 356 1079 382 καὶ
1092 353 1169 384 εἶπεν
1180 358 1193 384 ὀ
1208 357 1335 392 βασιλεὺς
1351 359 1390 395 τῷ
1404 361 1514 397 Δανιήλ·
1527 362 1563 389 Σὺ
1580 361 1606 389 εἴ
1618 353 1728 400 Δανιὴλ,
1743 367 1758 392 ό
1767 366 1820 392 ἀπὸ

1031 401 1085 428 τῶν
1100 402 1165 429 υἱῶν
1181 403 1232 439 τῆς
1242 405 1432 440 αἱχμαλωσίας
1447 408 1496 442 τῆς
1513 408 1653 441 Ἰουδαίας,
1667 407 1701 446 ἧς
1717 411 1819 446 ἢγαγεν

1031 447 1045 473 ό
1057 446 1182 482 βασιλεὺς
1193 450 1208 475 ό
1222 451 1314 486 πατήρ
1335 459 1385 486 μου
1405 452 1459 479 ἀπὸ
1473 454 1523 488 τῆς
1548 454 1695 488 Ἰουδαίας;
1829 462 1831 466 ‘

1067 492 1110 519 M.
1127 493 1182 520 Kal
1196 494 1301 530 ἥκουσα
1316 497 1380 532 περὶ
1395 497 1452 530 σοῦ,
1467 498 1508 525 ὅτι
1523 499 1635 536 Πνεῦμα
1649 501 1718 528 Θεοῦ
1738 501 1814 536 ἅγιον

1030 538 1060 564 ἐν
1075 538 1128 571 σοὶ,
1145 539 1190 565 καὶ
1208 540 1387 577 γρηγόρησις,
1404 544 1452 570 καὶ
1469 545 1595 579 σύνεσις,
1609 547 1657 573 καὶ
1674 548 1755 582 σοφία
1771 557 1818 575 πε-

1031 584 1113 620 ρισσὴ
1132 585 1233 621 εὑρέθη
1248 587 1278 614 ὲν
1288 588 1341 615 σοί.

1065 628 1110 655 15.
1127 630 1183 657 Καὶ
1193 631 1239 658 νῦν
1250 632 1376 668 είσῆλοον
1386 633 1501 662 ἐνώπιόν
1518 645 1567 671 μου
1582 637 1607 663 oi
1620 638 1708 673 σοφοὶ,
1726 640 1818 675 μάγοι,

1030 674 1189 710 γαζαρηνοὶ,
1203 676 1246 703 ἵνα
1256 677 1306 713 τὴν
1318 679 1426 715 γραφὴν
1438 681 1539 716 ταύτην
1550 683 1697 718 ἀναγνῶσι,
1712 674 1760 713 καὶ
1770 674 1818 722 τὴν

1030 718 1172 756 σύγκρισιν
1188 722 1272 758 αὐτῆς
1283 725 1438 759 γνωρίσωσί
1454 735 1510 761 μοι,
1523 728 1569 754 καὶ
1584 729 1634 755 οὐκ
1645 718 1817 768 ἠδυνήθησαν

1027 764 1076 800 τὴν
1087 765 1231 802 σύγκρισιν
1244 768 1291 795 τοῦ
1307 769 1385 804 λόγου
1406 770 1500 798 τούτου
1512 764 1672 808 ἀναγγεῖλαί
1688 764 1744 811 μοι.

1062 865 1106 893 16.
1121 867 1176 893 Καὶ
1187 867 1243 902 ἐγὼ
1256 869 1360 905 ἥκουσα
1372 871 1436 906 περὶ
1450 871 1509 905 σοῦ,
1525 873 1565 899 ὅτι
1575 873 1688 902 δύνασαι
1703 877 1816 913 συγκρί-

1296 915 1341 942 καὶ
1357 915 1431 943 λύειν
1445 917 1626 953 συνδέσμους·
1641 921 1688 947 καὶ
1702 921 1751 948 νῦν
1767 922 1816 950 ἐὰν

1025 955 1142 992 δυνηθῇς
1156 959 1312 993 ἀναγνῶναι
1335 960 1386 996 τὴν
1401 962 1520 998 γραφὴν,
1534 965 1583 991 καὶ
1607 965 1656 1001 τὴν
1671 966 1815 1003 σύγκρισιν

1025 1001 1109 1036 αὐτῆς
1125 1003 1257 1038 γνωρίσαι
1274 1013 1330 1039 μοι,
1347 1007 1490 1043 πορφύραν
1499 1009 1609 1045 ἐνδύσῃ,
1625 1011 1672 1038 καὶ
1687 1013 1701 1038 ό
1720 1001 1816 1047 μανιά-

1025 1054 1076 1082 κης
1089 1048 1103 1074 ό
1115 1048 1232 1083 χρυσοῦς
1247 1049 1322 1077 ἔσται
1336 1052 1382 1078 ἐπὶ
1398 1052 1444 1079 τὸν
1457 1053 1592 1090 τράχηλόν
1613 1064 1670 1090 σου⁷
1689 1059 1737 1086 καὶ
1756 1060 1815 1095 τρί-

1023 1100 1069 1123 τος
1085 1093 1113 1120 ἐν
1130 1095 1162 1129 τῇ
1183 1095 1307 1131 βασιλείᾳ
1322 1105 1372 1132 μου
1387 1097 1490 1133 ἄρξεις.

1059 1137 1102 1164 17.
1123 1138 1189 1165 Τότε
1204 1139 1340 1177 ἀπεκρίθη
1354 1142 1463 1178 Δανιὴλ,
1485 1144 1531 1171 καὶ
1551 1143 1628 1172 εἶπεν
1639 1147 1754 1175 ἐνώπιον
1767 1149 1812 1176 τοῦ

1024 1181 1165 1216 βασιλέως
1182 1185 1221 1212 Τὰ
1233 1185 1337 1221 δόματα
1354 1195 1400 1213 σου
1418 1189 1462 1215 σοὶ
1479 1189 1566 1222 ἔσται,
1584 1191 1631 1218 καὶ
1646 1192 1695 1228 τὴν
1708 1193 1813 1230 δωρεὰν

1022 1227 1072 1261 τῆς
1095 1228 1234 1263 βασιλείας
1263 1240 1310 1259 σου
1333 1233 1419 1270 ἑτέρῳ
1447 1235 1506 1267 δός·
1530 1236 1586 1270 ἐγὼ
1598 1237 1626 1264 δὲ
1644 1227 1694 1274 τήν
1704 1227 1813 1276 γραφὴν

1022 1274 1214 1312 ἀναγνώσομαι
1237 1278 1275 1313 τῷ
1295 1279 1410 1314 βασιλεῖ,
1430 1282 1475 1308 καὶ
1501 1282 1550 1318 τὴν
1568 1283 1713 1319 σύγκρισιν
1726 1274 1813 1322 αύτῆς

1021 1321 1146 1356 γνωρίσω
1161 1323 1211 1355 σοὶ,
1229 1323 1351 1358 βασιλεῦ.
1743 1333 1747 1338 ’

1056 1367 1100 1394 18.
1123 1367 1152 1395 '0
1168 1368 1233 1401 Θεὸς
1245 1370 1259 1396 ό
1276 1370 1387 1404 ὕψιστος
1401 1372 1450 1407 τὴν
1466 1373 1612 1409 βασιλείαν,
1635 1376 1682 1403 καὶ
1696 1377 1744 1412 τὴν
1762 1386 1811 1413 με·

1020 1412 1191 1449 γαλωσύνην,
1204 1415 1251 1441 καὶ
1266 1415 1316 1451 τὴν
1329 1416 1421 1452 τιμὴν,
1435 1418 1483 1445 καὶ
1493 1419 1542 1455 τὴν
1559 1419 1638 1452 δόξαν
1655 1421 1741 1448 ἔδωκε
1754 1423 1812 1449 Να-

1021 1458 1211 1495 ϐουχοδονόσορ
1222 1460 1262 1496 τῷ
1274 1462 1358 1498 πατρί
1369 1471 1426 1490 σου.

1056 1504 1098 1532 19.
1115 1505 1170 1532 Καὶ
1187 1505 1240 1532 ἀπὸ
1255 1507 1303 1542 τῆς
1320 1508 1525 1544 μεγαλωσύνης,
1540 1507 1574 1546 ἦς
1600 1510 1700 1538 ἔδωκεν
1725 1513 1810 1548 αύτῷ,

1021 1549 1123 1581 πάντες
1139 1550 1163 1575 οι
1175 1550 1244 1584 λαοὶ,
1259 1551 1351 1585 φυλαὶ,
1364 1553 1486 1587 γλῶσσαι
1500 1552 1570 1590 ἦσαν
1592 1556 1750 1591 τρέμοντες,
1765 1559 1811 1585 καὶ

1019 1596 1180 1631 φοὸούμενοι
1196 1597 1250 1624 ἀπὸ
1267 1599 1413 1634 προσώπου
1433 1601 1514 1628 αὑτοῦ
1525 1610 1532 1617 ·
1549 1602 1593 1635 οὒς
1620 1603 1745 1631 ἐϐούλετο
1763 1605 1810 1632 αὖ·-

1017 1641 1062 1673 τὸς
1077 1641 1180 1678 ἀνῄρει,
1207 1645 1254 1670 καὶ
1269 1645 1316 1677 οὒς
1327 1646 1452 1673 ἐϐούλετο
1475 1647 1556 1679 αὐτὸς
1579 1648 1676 1683 ἔσωζε,
1700 1651 1747 1676 καὶ
1762 1650 1810 1682 οὓς

1018 1687 1142 1714 ἐϐούλετο
1153 1689 1233 1721 αὐτὸς
1249 1690 1328 1726 ὕψου,
1345 1693 1392 1718 καὶ
1408 1693 1454 1725 οὓς
1470 1694 1596 1722 ἐϐούλετο
1608 1696 1689 1727 αὐτὸς
1700 1697 1809 1724 ἐταπεί-

1019 1741 1076 1760 νου.

1052 1778 1095 1806 20.
1110 1780 1164 1806 Καὶ
1175 1781 1219 1807 ὅτε
1240 1781 1334 1818 ὑψώθη
1351 1784 1367 1818 ὴ
1384 1784 1481 1820 καρδία
1493 1785 1587 1818 αὑτοῦ,
1603 1786 1649 1813 καὶ
1659 1787 1689 1813 τδ
1701 1787 1808 1822 πνεῦμα

1016 1825 1098 1851 αὑτοῦ
1109 1825 1281 1862 ἑκραταιώθη
1296 1827 1342 1854 τοῦ
1359 1829 1615 1864 ὑπερηφανεύεσϐαι
1626 1851 1633 1864 ,
1653 1832 1805 1868 κατηνέχθη

1016 1869 1070 1896 ἀπὸ
1082 1871 1128 1897 τοῦ
1145 1871 1238 1907 θρόνου
1259 1874 1309 1908 τῆς
1326 1873 1465 1908 βασιλείας
1482 1876 1575 1904 αὑτοῦ.

1050 1929 1095 1956 ‘2].
1111 1929 1192 1966 Καὶὴ
1206 1931 1273 1966 τιμὴ
1284 1931 1367 1958 αὑτοῦ
1384 1933 1509 1970 ἀφῃρέθη
1524 1935 1572 1962 ἀπ’
1587 1936 1680 1970 αὐτοῦ,
1695 1938 1742 1964 καὶ
1753 1937 1806 1965 ἀπὸ

1015 1974 1069 2001 τῶν
1083 1975 1233 2011 ἀνθρώπων
1247 1977 1403 2014 ἐξεδιώχθη,
1424 1981 1471 2006 καὶ
1495 1981 1511 2016 ἡ
1530 1982 1626 2018 καρδία
1637 1983 1720 2010 αὐτοῦ
1737 1985 1805 2019 μετά

1014 2020 1069 2047 τῶν
1086 2021 1188 2056 θηρίων
1202 2022 1290 2058 ἐδόθη,
1309 2025 1357 2050 καὶ
1372 2025 1440 2060 μετά
1450 2025 1517 2053 όνων
1531 2027 1634 2063 ἀγρίων
1650 2029 1666 2064 ἡ
1680 2031 1805 2058 κατοικία

1014 2066 1108 2098 αὑτοῦ,
1127 2067 1175 2094 καὶ
1190 2068 1286 2103 χόρτον
1300 2069 1337 2101 ὡς
1352 2070 1415 2105 βοῦν
1426 2071 1563 2107 ὲψὼμιξον
1577 2073 1669 2107 αὐτὸν,
1686 2076 1733 2102 καὶ
1752 2077 1805 2103 ἀπὸ

1013 2111 1064 2146 τῆς
1076 2112 1171 2148 δρόσου
1186 2113 1233 2140 τοῦ
1247 2115 1361 2150 ούρανοῦ
1382 2117 1414 2143 τὸ
1432 2117 1509 2153 σῶμα
1523 2119 1606 2145 αὑτοῦ
1626 2120 1727 2157 ἐδάφη,
1752 2121 1804 2154 ἕως

1014 2154 1044 2183 οῦ
1057 2156 1137 2192 ἔγνω,
1155 2158 1195 2185 ὅτι
1211 2160 1333 2194 κυριεύει
1347 2161 1361 2187 ό
1376 2161 1442 2193 Θεὸς
1452 2163 1466 2188 ό
1478 2162 1588 2198 ὕψιστος
1602 2165 1653 2200 τῆς
1666 2154 1804 2200 βασιλείας

1013 2202 1068 2229 τῶν
1082 2202 1245 2238 ἀνθρώπων,
1259 2202 1339 2239 καὶῷ
1351 2206 1397 2232 ἐὰν
1411 2207 1473 2243 δόξῃ
1486 2207 1566 2235 δώσει
1580 2209 1678 2245 αὑτήν.

209 2239 254 2266 2‘2.
277 2239 309 2267 Et
322 2245 349 2268 tu
364 2242 434 2270 (ilius
447 2244 505 2279 ejus
529 2245 652 2274 Baltasar
677 2256 730 2275 non
750 2249 898 2279 humiliasti
914 2259 962 2279 cor

209 2293 248 2301 um
268 2293 358 2301 ηΛ-υην.
376 2287 428 2301 ΠΛ..
456 2290 529 2301 ...,ξ,,-
551 2293 632 2301 _,,_,,-,
654 2293 660 2301 ι

1047 2259 1092 2286 22.
1106 2260 1161 2287 Καὶ
1175 2261 1208 2288 σὺ
1221 2261 1236 2288 ό
1250 2262 1307 2294 υἱὸς
1317 2263 1399 2290 αὑτοῦ
1415 2264 1568 2301 Βαλτάσαρ,
1590 2267 1640 2293 οὐκ
1656 2267 1802 2295 ἐταπείνω-

174 2288 249 2312 tuum
267 2293 359 2314 coram
374 2287 439 2322 Deo,
453 2290 530 2325 cujus
547 2293 639 2319 omnia
653 2293 710 2321 haec
726 2302 821 2323 noras.

207 2391 250 2418 25.
272 2391 306 2419 Et
324 2401 407 2428 super
423 2394 568 2424 Dominum
589 2397 673 2425 Deum
700 2400 762 2427 creli
782 2401 904 2430 elevatus
919 2411 956 2437 es,

172 2441 197 2463 et
214 2445 277 2465 vasa
292 2438 390 2466 domus
404 2440 464 2475 ejus
480 2443 631 2471 attulerunt
655 2452 746 2473 coram
766 2451 801 2479 te,
828 2452 855 2475 et
877 2453 917 2479 tu.
933 2454 960 2477 et

172 2483 319 2516 optimates
335 2485 385 2518 tui,
403 2491 430 2512 et
442 2487 603 2515 concubina:
624 2493 686 2522 tuae,
715 2495 742 2517 et
755 2497 845 2519 scorta
858 2498 903 2520 tua
919 2494 959 2520 hi-

171 2525 277 2554 bebatis
294 2528 385 2556 vinum
402 2530 429 2557 in
443 2531 494 2564 eis,
508 2537 534 2559 et
545 2533 613 2560 deos
626 2541 724 2562 aureos
737 2555 745 2568 ,
763 2542 790 2563 et
803 2544 957 2572 argenteos,

171 2576 198 2598 et
213 2578 314 2604 aeneas,
332 2578 359 2601 et
371 2574 486 2609 ferreos,
496 2581 522 2604 et
536 2577 651 2613 ligneos,
665 2584 692 2607 et
705 2581 837 2615 lapideos,
848 2583 957 2617 quinon

171 2616 272 2647 vident.
293 2622 319 2644 et
337 2626 390 2646 non
405 2621 530 2654 audiunt,
548 2628 576 2650 et
590 2631 644 2651 non
662 2626 795 2659 sentiunt,
819 2616 955 2663 laudasti;

170 2665 197 2687 et
212 2660 306 2694 Deum,
320 2663 398 2698 cujus
413 2666 556 2699 respiratio
572 2673 618 2696 tua
635 2669 661 2696 in
676 2678 758 2698 manu
770 2672 839 2707 ejus,
853 2677 880 2700 et
895 2681 955 2701 om-

170 2713 219 2733 nes
230 2706 280 2734 via:
295 2711 358 2741 tum,
376 2709 465 2744 ipsum
482 2719 534 2739 non
551 2714 718 2748 gloriﬁcasti.

204 2815 248 2842 2i.
271 2815 374 2845 ideirco
386 2825 399 2845 a
420 2819 489 2848 lucio
503 2822 562 2855 ejus
578 2824 679 2851 missus
694 2831 733 2853 cst
755 2827 886 2856 articulus
899 2837 954 2857 ma-

169 2865 232 2895 nus,
249 2864 277 2888 ct
295 2862 457 2897 scniptutum
471 2865 541 2894 hanc
562 2867 706 2897 ordinmit.

1016 2311 1065 2335 σας
1079 2305 1128 2339 τὴν
1145 2305 1259 2340 καρδίαν
1278 2315 1325 2334 σου
1343 2308 1508 2337 κατενώπιον
1516 2310 1563 2337 τοῦ
1577 2311 1658 2345 Θεοῦ,
1671 2310 1702 2339 οὗ
1714 2313 1802 2340 πάντα

1015 2350 1101 2378 ταῦτα
1114 2352 1210 2386 ἔγνως.

1047 2407 1093 2434 25.
1108 2408 1163 2435 Καὶ
1187 2409 1233 2436 ἐπὶ
1252 2409 1298 2437 τὸν
1322 2410 1423 2446 Κύριον
1448 2412 1495 2439 τὸν
1522 2413 1588 2440 Θεὸν
1615 2415 1663 2441 τοῦ
1684 2415 1800 2451 ούρανοῦ

1014 2451 1135 2487 ὑψώθης,
1150 2453 1197 2480 καὶ
1212 2454 1246 2481 τὰ
1260 2455 1344 2491 σκεύη
1356 2456 1402 2483 τοῦ
1416 2457 1491 2484 οῐκου
1507 2458 1589 2485 αὐτοῦ
1601 2459 1720 2495 ἤνεγκαν
1736 2460 1800 2487 ἐνώ-

1013 2498 1075 2524 πιόν
1084 2506 1142 2531 σου,
1153 2499 1201 2526 καὶ
1217 2500 1248 2526 σὺ
1263 2500 1309 2527 καὶ
1325 2502 1350 2527 οἱ
1367 2503 1529 2537 μεγιστᾶνες
1541 2513 1599 2536 σου,
1609 2506 1656 2532 καὶ
1670 2507 1698 2532 αἱ
1710 2507 1798 2542 παρά-

1012 2543 1097 2570 κοιτοί
1112 2553 1170 2576 σου,
1184 2545 1231 2572 καὶ
1244 2546 1272 2572 αἱ
1290 2547 1427 2574 παλλακαί
1442 2557 1488 2575 σου
1502 2549 1609 2576 ἐπινετε
1623 2548 1695 2578 οἶνον
1708 2552 1738 2578 ὲν
1751 2552 1797 2579 αύ-

1010 2591 1076 2621 τοῐς,
1088 2590 1135 2616 καὶ
1147 2590 1209 2622 τοὺς
1225 2591 1303 2623 θεοὺς
1319 2592 1382 2624 τοὺς
1394 2594 1523 2629 χρυσοῦς,
1534 2596 1581 2622 καὶ
1594 2597 1742 2632 ἀργυροῦς,
1752 2598 1798 2625 καὶ

1011 2634 1140 2669 χαλκοῦς,
1157 2636 1204 2662 καὶ
1219 2637 1354 2673 σιδηροῦς,
1366 2639 1412 2666 καὶ
1428 2639 1561 2673 ξυλίνους,
1572 2642 1619 2668 καὶ
1635 2641 1762 2675 λιθίνους,
1774 2643 1797 2669 οἳ

1010 2680 1040 2706 ού
1058 2680 1196 2715 βλέπουσι,
1210 2682 1257 2708 καὶ
1281 2684 1311 2709 ού
1337 2683 1528 2718 γινώσκουσιν,
1555 2687 1667 2721 ᾔνεσας,
1683 2688 1729 2714 καὶ
1753 2688 1798 2714 τὸν

1009 2725 1076 2752 Θεὸν
1090 2721 1121 2751 οὗ
1135 2727 1152 2762 ἡ
1164 2728 1231 2762 πνοή
1249 2735 1296 2754 σου
1314 2729 1343 2754 ὲν
1359 2730 1391 2764 τῇ
1411 2730 1482 2766 χειρὶ
1497 2731 1589 2763 αὑτοῦ,
1604 2732 1652 2757 καὶ
1668 2733 1754 2759 πᾶσαι
1769 2733 1798 2759 αι

1010 2771 1064 2798 ὁδοί
1076 2780 1135 2804 σου,
1145 2772 1226 2800 αὑτὸν
1238 2774 1290 2800 οὑκ
1300 2774 1438 2807 ἐδόξασας.
1451 2794 1456 2799 -

1043 2828 1088 2854 2i.
1099 2828 1147 2854 Διὰ
1159 2829 1238 2856 τοῦτο
1252 2830 1284 2856 ὲκ
1297 2831 1442 2866 προσώπου
1455 2832 1534 2860 αὑτοῦ
1547 2833 1686 2869 ἀπεστάλη
1695 2835 1795 2870 ἀστρά-

1009 2873 1089 2908 γαλος
1106 2875 1206 2910 χειρὸς,
1231 2876 1276 2904 καὶ
1293 2876 1341 2912 τὴν
1355 2878 1462 2914 γραῗὴν
1479 2879 1578 2914 ταύτην
1595 2879 1728 2912 Ξνέταξεν.
