1967 3079
141 101 213 130 226')

871 105 959 132 CAl'lJ
966 105 987 131 Τ
1005 105 1047 132 Vl.

177 160 222 187 25.
248 160 303 187 Kal.
327 158 397 195 αὕτη
421 161 437 195 ὴ
465 160 558 196 γραφὴ
576 161 591 196 ὴ
607 160 801 197 ὲντεταγμὲνψ
815 161 924 194 MAN",

1017 162 1063 190 95.
1085 162 1118 190 Et
1144 164 1202 192 [nec
1233 165 1384 200 scriptura,
1401 173 1461 201 quae
1474 166 1596 194 ordinata
1613 171 1672 196 cst:
1689 176 1770 200 usus.

139 205 268 238 ΘΕΚΕΛ,
280 206 399 232 ΦΑΡΕΣ.

180 251 228 278 26.
256 251 311 278 Καὶ
337 251 416 279 τοῦτο
438 251 469 278 τὺ
506 251 645 288 σύγκριμα
670 251 718 278 τοῦ
744 252 929 289 ἐρωτήματος

137 298 253 331 MANE,
278 297 431 333 ἐμέτρησεν
445 298 459 324 6
475 297 541 330 Θεὸς
564 298 613 334 τὴν
629 297 767 333 βασιλείαν
792 307 838 326 σου
853 319 861 331 ,
883 299 931 326 καὶ

138 344 301 380 ἐπλήρωσεν
316 344 411 380 αὑτήν.

174 390 221 419 27.
236 390 362 424 ΘΕΚΕΔ,
379 390 479 426 ἐστάθη
502 390 531 417 ἐν
554 390 649 426 ζυγῷ,
673 392 719 418 καὶ⁸
731 391 829 427 εὑρέθη
852 392 930 418 ὑστε-

139 444 235 472 ρουσα.

172 481 220 510 28.
232 483 353 514 ΦΑΡΕΣ,
370 482 496 518 διῄρηται
511 483 528 518 ἡ
544 482 666 518 βασιλεία
691 491 738 510 σου
751 505 758 517 ,
775 484 823 511 καὶ
851 484 928 520 ὲδόοη

137 529 253 564 Μήδοις,
267 529 315 556 καὶ
328 529 458 564 Πέρσαις.

172 575 218 602 29.
234 575 290 602 Καὶ
301 572 378 601 εἶπεν
394 575 550 611 Βαλτάσαρ,
568 575 616 602 καὶ
628 575 757 603 ἐνέδυσαν
773 575 818 602 τδν
829 576 928 612 Δανιὴλ

137 619 292 655 πορφύραν,
309 619 409 647 καὶτὸν
426 620 563 655 μανιάκην
573 621 619 654 τὸν
629 620 747 656 χρυσοῦν
759 621 928 656 περιέθηκαν

136 666 203 702 περὶ
221 666 267 692 τδν
283 666 416 702 τράχηλον
431 666 526 700 αὐτοῦ,
551 666 598 693 καὶ
618 666 734 702 ἐκήρυξε
749 668 813 702 περὶ
832 667 926 701 αὐτοῦ,

135 709 207 738 εἶναι
217 711 297 738 αὑτὸν
307 712 424 748 ἄρχοντα
439 712 528 748 τρίτον
544 713 574 739 ὲν
592 714 625 747 τῇ
643 712 767 748 βασιλείᾳ
777 713 872 741 αὐτοῦ.

172 757 219 786 30.
237 758 281 784 Ἐν
297 757 384 795 ταύτῃ
396 759 429 794 τῇ
444 758 521 785 νυκτὶ
534 758 655 795 ἀνῃρέθη
667 758 810 794 Βαλτάσαρ
822 760 836 785 6
852 758 928 794 βασι-

135 805 200 837 λεὺς
213 805 227 832 ὁ
241 805 384 837 Χαλδαῖος.

984 215 1098 239 τιιεῦει,
1113 217 1221 237 I‘HARES.

1019 254 1064 281 26.
1086 254 1119 281 Et
1150 256 1208 283 haec
1237 262 1279 284 est
1313 258 1505 293 interpretatio
1533 259 1770 295 interrogationis:

982 307 1063 332 usus,
1079 308 1188 329 mensus
1201 307 1243 330 est
1260 303 1332 331 Deus
1351 311 1463 338 regnum
1479 309 1567 338 tuum,
1585 310 1612 332 et
1627 306 1770 340 complevit

981 345 1057 373 illud.

1015 393 1060 419 27.
1080 393 1362 430 Tuncst,appensun1
1381 400 1423 423 est
1445 396 1472 422 in
1496 400 1608 431 statera,
1628 401 1655 424 et
1672 397 1767 425 inven-

980 443 1037 465 tum
1053 444 1093 467 est
1106 441 1198 468 minus
1211 441 1324 469 habens.

1014 486 1059 513 28.
1079 488 1197 519 Panas,
1213 488 1330 516 divisum
1349 494 1391 517 est
1405 497 1517 526 regnum
1534 496 1608 518 tuum
1634 494 1661 518 et
1673 489 1766 517 datum

979 536 1021 559 est
1035 533 1133 564 Medis,
1153 538 1180 560 et
1199 533 1297 562 Persis.

1013 578 1058 606 29.
1081 579 1113 606 Et
1138 579 1207 606 dixit
1236 580 1372 614 Baltasar,
1399 586 1427 609 et
1454 581 1602 609 induerunt
1627 582 1766 609 Danielem

978 632 1110 659 purpura,
1128 629 1156 652 et
1170 631 1295 661 torquem
1311 635 1420 654 aureum
1438 628 1675 655 circumdederunt
1697 627 1767 654 collo

978 670 1048 704 ejus.
1066 675 1092 698 et
1116 672 1272 706 pradicavit
1299 673 1332 700 de
1345 680 1389 706 eo,
1415 680 1476 701 esse
1506 673 1594 708 ipsum
1616 673 1765 708 principem

979 719 1087 746 tertium
1106 719 1133 746 in
1149 728 1232 755 regno
1246 729 1308 748 suo.

1014 764 1058 790 50.
1079 764 1109 791 ln
1125 765 1218 792 eadem
1236 771 1315 794 nocte
1340 765 1500 793 interfectus
1517 771 1559 793 est
1580 766 1703 793 Baltasar
1717 773 1766 793 rex

977 809 1130 838 Clialdzrus.

173 851 219 878 5|.
234 850 291 877 Καὶ
307 851 420 886 Δαρεῖος
445 851 459 877 6
482 850 573 886 Μῆδος
598 850 751 886 παρέλαὸεν
775 850 825 887 τὴν
851 850 926 886 βασι-

1015 855 1058 881 51.
1082 855 1115 882 Ει
1131 855 1230 884 Darius
1254 848 1349 884 Medus
1363 858 1523 892 assumpsit
1550 865 1663 892 regnum
1679 864 1766 884 annos

135 897 221 932 λείαν,
239 897 277 924 ὢν
297 897 365 924 ἐτῶν
381 897 515 932 ἐξήκοντα
532 897 589 924 δύο.

396 943 595 970 ΚΕΦΑΛΑΙΟΝ
616 945 661 977 <7.

169 989 201 1026 ‘i.
216 989 271 1016 Καὶ
295 989 395 1025 ἦρεσεν
419 987 536 1016 ἐνώπιον
550 988 674 1023 Δαρείου,
692 989 739 1015 καὶ
757 988 925 1024 κατέστησεν

133 1032 185 1060 ἐπὶ
195 1033 245 1068 τῆς
258 1033 396 1069 βασιλείας
410 1033 554 1068 σατράπας
576 1033 673 1060 ἑκατὸν
695 1033 741 1060 καὶ
762 1033 859 1067 εἴκοσι,
876 1033 924 1060 τοῦ

134 1077 206 1106 εἶναι
217 1079 316 1111 αὐτοὺς
328 1080 356 1105 ὲν
371 1079 419 1115 ὅλη
483 1079 607 1114 βασιλείᾳ
619 1078 712 1105 αὑτοῦ.

170 1125 199 1152 2.
216 1125 270 1151 Καὶ
284 1125 377 1152 ἐπάνω
389 1125 499 1151 πάντων
511 1124 602 1151 αὐτῶν
616 1124 762 1156 τακτικοὺς
778 1125 852 1160 τρεῖς
862 1133 868 1140 ·
879 1123 925 1151 καὶ

133 1168 170 1206 ἦν
185 1171 286 1204 Δανιὴλ
298 1168 339 1202 εἷς
358 1169 388 1202 ἐξ
404 1170 506 1202 αὐτῶν,
532 1169 579 1197 τοῦ
595 1170 748 1197 ἀποδιδόναι
761 1170 851 1202 αὐτοῖς
864 1171 926 1202 τοὺς

135 1217 280 1252 σατράπας
291 1216 380 1250 λόγον,
396 1217 469 1248 ὅπως
479 1217 492 1242 6
507 1215 633 1252 βασιλεὺς
651 1216 688 1252 μὴ
704 1216 855 1251 ἐνοχλῆται.

170 1263 198 1290 5.
209 1263 265 1289 Καὶ
274 1260 309 1298 ἦν
319 1263 419 1298 Δανιὴλ
433 1262 587 1298 ὑπερνικῶν
603 1262 672 1298 ὑπὲρ
693 1263 756 1294 τοὺς
781 1262 927 1294 τακτικοὺς

133 1309 260 1341 καὶτοὺς
271 1309 414 1344 σατράπας
432 1309 586 1342 κατέναντι,
608 1309 648 1335 ὅτι
668 1308 775 1344 πνεῦμα
796 1308 926 1344 περισσὸν

130 1353 168 1391 ἦν
183 1356 214 1382 ἐν
224 1354 310 1390 αὐτῷ.

170 1403 199 1430 ι.
214 1402 269 1429 Καὶ
282 1403 296 1429 6
312 1402 439 1438 βασιλεὺς
455 1401 623 1436 κατέστησεν
640 1401 721 1429 αὐτὸν
741 1402 782 1436 ἐφ’
794 1401 859 1437 ὅλης
876 1401 927 1435 τῆς

133 1447 280 1483 βασιλείας
294 1446 378 1474 αὑτοῦ
388 1455 395 1462 ·
414 1447 462 1473 καὶ
476 1447 500 1473 οί
514 1446 641 1473 τακτικοὶ
674 1446 722 1472 καὶ
748 1446 773 1472 οἱ
789 1446 926 1480 σατράπαι

132 1493 251 1529 ἐζήτουν
273 1493 410 1530 πρόφασιν
433 1493 524 1528 εὑρεῖν
539 1492 610 1520 κατὰ
627 1492 726 1528 Δανιὴλ
743 1493 775 1519 ὲκ
785 1492 834 1526 τῆς
851 1492 926 1527 βασι-

131 1539 222 1571 λείας,
241 1539 289 1566 καὶ
298 1540 389 1566 πᾶσαν
401 1539 538 1574 πρόφασιν
566 1539 614 1565 καὶ
627 1539 804 1574 παράπτωμα
821 1539 870 1573 οὐχ
884 1534 929 1564 εὗ-

136 1593 185 1621 ρον
200 1586 261 1612 κατ’
277 1584 372 1618 αὐτοῦ,
388 1586 429 1612 ὄτι
446 1585 542 1617 πιστὸς
551 1583 592 1620 ἦν.

176 1631 203 1659 5.
218 1631 274 1658 Καὶ
284 1629 360 1658 εἶπον
385 1631 411 1658 οἱ
425 1630 551 1658 τακτικοὶ
578 1631 688 1662 ἐκεῖνοι,
706 1630 763 1664 Οὐχ
776 1629 929 1664 εὑρήσομεν

133 1677 209 1705 κατὰ
223 1676 323 1713 Δανιὴλ
334 1678 471 1713 πρόφασιν
483 1697 490 1710 ,
506 1678 529 1704 εί
545 1676 582 1712 μὴ
600 1677 629 1704 ὲν
645 1676 772 1712 νομίμοις
796 1675 863 1702 Θεοῦ
878 1675 928 1702 αὺ-

134 1732 195 1750 του.

169 1769 200 1797 6.
218 1769 286 1796 Τότε
297 1769 321 1796 oi
338 1769 463 1796 τακτιχοὶ
486 1769 534 1796 καὶ
550 1769 688 1805 σατράπαι
706 1769 880 1804 παρέστησαν
890 1769 929 1805 τῷ

137 1814 255 1851 βασιλεῖ,
282 1814 330 1841 καὶ
359 1812 437 1841 εἷπον
460 1815 545 1850 αὐτῷ’
564 1816 659 1850 Δαρεῖε
673 1815 794 1851 βασιλεῦ,
810 1816 850 1848 είς
867 1816 930 1847 τοὺς

131 1860 241 1892 αἰῶνας
257 1860 330 1896 ζῆθι.

173 1906 202 1934 7.
217 1905 467 1933 Συνεὸουλεύσαντο
490 1906 592 1938 πάντες
610 1906 694 1933 οῐὲπὶ
715 1906 765 1942 τῆς
792 1906 930 1942 βασιλείας

135 1961 187 1981 σου
204 1953 365 1989 στρατηγοὶ,
378 1953 425 1980 καὶ¹
441 1953 589 1988 σατράπαι,
606 1952 714 1986 ὕπατοι,
726 1954 772 1980 καὶ
784 1954 929 1989 τοπάρχαι,

135 1999 186 2026 τοῦ
201 2000 298 2034 στῆσαι
316 2000 411 2026 στάσιν
427 1998 580 2034 βασιλικὴν,
594 1999 642 2025 καὶ
653 1998 792 2034 ὲνισχύσαι
805 1999 928 2035 ὁρισμὸν,

136 2046 214 2077 ὅπως
232 2045 261 2077 ὃς
289 2045 338 2072 ἐὰν
359 2045 458 2080 αἰτήσῃ
487 2044 592 2079 αττημα
607 2044 684 2079 παρὰ
704 2044 805 2076 παντὸς
822 2044 894 2077 θεοῦ,
913 2045 929 2080 ἢ

136 2090 302 2127 ἀνθρώπων,
317 2090 489 2125 ἓωςὴμερῶν
506 2090 665 2125 τριάκοντα,
681 2090 763 2126 ἀλλ’ἢ
779 2090 853 2126 παρὰ
870 2090 929 2124 σοῦ,

137 2135 264 2171 βασιλεῦ,
281 2135 483 2170 ὲμόληθήσεται
496 2135 536 2166 είς
557 2134 603 2161 τὸν
620 2134 722 2161 λάκκον
736 2136 790 2161 τῶν
804 2134 929 2162 λεόντων.

172 2180 202 2208 8.
217 2180 275 2207 Νῦν
285 2178 342 2213 οὖν,
354 2180 475 2215 βασιλεῦ,
488 2180 587 2214 στῆσον
597 2179 642 2206 τὸν
655 2180 778 2216 ὁρισμὸν,
793 2181 840 2207 καὶ
852 2180 931 2212 ἔκθες

136 2226 261 2262 γραφὴν,
281 2227 357 2258 ὅπως
379 2226 416 2262 μὴ
433 2226 565 2262 άλλοιωΘῇ
584 2226 615 2252 τὸ
640 2227 729 2262 δόγμα
752 2227 867 2262 Μήδων.
881 2227 929 2254 καὶ

137 2272 264 2308 Περσῶν,
278 2272 352 2304 ὅπως
369 2272 406 2308 μὴ
418 2271 580 2308 παραλλαγῇ
592 2272 736 2299 κατέναντι
751 2272 858 2299 τούτου.

174 2319 202 2347 9.
219 2318 286 2345 Τότε
300 2318 315 2344 6
332 2318 459 2354 βασιλεὺς
471 2318 583 2354 Δαρεῖος
608 2318 722 2352 ἐπέταξε
745 2318 884 2354 γραφῆναι
901 2318 931 2344 τὸ

136 2365 240 2400 δόγμα.

176 2411 221 2439 10.
239 2410 294 2438 Καὶ
302 2410 400 2446 Δανιὴλ
415 2411 496 2446 ἡνίκα
512 2410 594 2445 ἔγνω,
605 2410 646 2438 ὅτι
661 2409 776 2445 ὲνετάγη
788 2409 819 2436 τὺ
833 2409 931 2445 δόγμα,

138 2455 267 2491 εἰσῆλθεν
281 2457 322 2487 εἰς
337 2455 384 2482 τὸν
398 2453 472 2482 οἶκον
483 2455 579 2487 αὑτοῦ,
603 2455 650 2482 καὶ
673 2454 780 2489 θυρίδες
792 2454 933 2489 ἀνεῳγμέ-

138 2510 186 2529 ναι
199 2501 275 2537 αὒτῷ
292 2502 321 2528 ὲν
334 2502 391 2533 τοῖς
408 2500 545 2537 ὐπερῴοις
567 2500 650 2527 αὑτοῦ
668 2500 812 2527 κατέναντι
833 2500 933 2535 Ἰερου-

139 2547 244 2583 σαλὴμ,
269 2547 318 2575 καὶ
339 2548 453 2583 καιροὺς
471 2549 546 2583 τρεῖς
562 2547 613 2582 τῆς
632 2546 739 2582 ἡμέρας
750 2544 785 2582 ἦν
797 2546 933 2581 κάμπτων

138 2593 191 2621 ἐπὶ
204 2594 238 2621 τὰ
253 2594 355 2628 γόνατα
372 2593 465 2627 αὑτοῦ,
477 2594 526 2620 καί
536 2593 766 2629 προσευχόμενος,
781 2593 829 2620 καὶ
840 2593 933 2628 ἐξομο-

138 2639 306 2674 λογούμενος
318 2639 440 2666 ἐναντίον
449 2639 496 2666 τοῦ
506 2639 574 2666 Θεοῦ
590 2639 683 2672 αὑτοῦ,
698 2638 790 2670 καθὼς
801 2635 933 2674 ἦνποιῶν

140 2685 310 2722 ἔμπροσθεν.
346 2690 350 2699 ’

178 2732 223 2759 Η.
241 2732 308 2759 Τότε
320 2733 344 2758 οἱ
355 2732 451 2768 ἄνδρες
466 2732 565 2759 ἐκεῖνοι
579 2730 817 2768 παρετηρήσαντο,
830 2731 878 2759 καὶ
889 2727 934 2757 εὗ-

143 2786 191 2813 ρον
201 2777 248 2804 τὸν
259 2777 359 2813 Δανιὴλ
372 2778 508 2811 ἀξιοῦντα,
524 2778 572 2805 καὶ
582 2778 708 2813 δεόμενον
723 2777 877 2814 ἔμπροσθεν
888 2776 934 2804 τοῦ

141 2823 212 2850 Θεοῦ
230 2823 324 2851 αὐτοῦ.

980 904 1061 928 natus
1073 902 1214 937 sexaginta
1229 902 1309 929 duos.

1280 947 1396 975 CAPUT
1422 948 1465 975 Vl.

1016 991 1041 1018 Ι.
1064 992 1096 1019 Et
1113 993 1216 1028 placuit
1243 992 1270 1019 in
1292 998 1440 1028 conspectu
1471 992 1554 1025 Darii,
1583 996 1610 1019 et
1625 992 1767 1020 constituit

980 1044 1062 1072 super
1080 1046 1192 1073 regnum
1201 1042 1324 1073 satrapas
1337 1044 1446 1066 centum
1478 1043 1505 1065 et
1521 1037 1626 1073 viginti,
1638 1042 1666 1065 ut
1675 1041 1767 1065 essent

980 1083 1007 1110 in
1029 1087 1085 1110 toto
1098 1090 1182 1118 regno
1199 1090 1260 1110 suo.

1014 1129 1041 1156 2.
1063 1128 1096 1156 Ει
1115 1136 1198 1163 super
1219 1136 1314 1156 omnes
1337 1136 1397 1160 eos,
1411 1128 1552 1164 praefectos
1568 1133 1622 1155 tres
1639 1135 1646 1153 :
1662 1132 1689 1155 et
1708 1131 1766 1155 erat

982 1175 1074 1202 Daniel
1089 1183 1162 1202 unus
1175 1182 1208 1202 ex
1224 1175 1263 1202 eis
1277 1183 1284 1201 :
1301 1179 1332 1202 ut
1346 1180 1461 1210 satrapae
1479 1175 1534 1202 illis
1558 1174 1704 1201 redderent
1718 1180 1764 1199 ra-

981 1220 1092 1251 tionem,
1114 1223 1144 1246 ut
1154 1227 1201 1247 rcx
1218 1227 1271 1247 non
1283 1220 1430 1247 sustineret
1447 1219 1596 1247 molestias.

1015 1264 1042 1292 5.
1063 1263 1096 1291 Ει
1112 1269 1171 1291 erat
1186 1265 1279 1291 Daniel
1294 1265 1444 1300 praevalens
1470 1274 1552 1301 super
1575 1266 1717 1301 praefectos
1739 1271 1766 1294 et

980 1314 1105 1345 satrapas
1118 1317 1220 1342 coram,
1236 1311 1300 1346 quia
1315 1311 1425 1346 spiritus
1445 1313 1561 1347 amplior
1573 1319 1632 1341 erat
1644 1314 1672 1342 in
1687 1323 1731 1343 eo.

1015 1401 1042 1428 4.
1066 1400 1099 1428 Et
1111 1408 1158 1429 rex
1183 1401 1327 1429 constituit
1352 1408 1415 1429 eum
1443 1409 1525 1436 super
1556 1410 1638 1430 omne
1652 1411 1767 1439 regnum

982 1454 1078 1474 suum:
1097 1451 1125 1474 et
1137 1446 1255 1482 praefecti
1283 1451 1309 1474 et
1328 1452 1447 1482 satrapae
1463 1449 1622 1484 quaerebant
1646 1449 1768 1478 invenire

981 1493 1152 1520 occasionem
1170 1497 1265 1520 contra
1277 1492 1415 1520 Danielem
1431 1494 1465 1521 de
1492 1501 1595 1529 regno:
1611 1499 1638 1522 et
1659 1503 1767 1523 omnem

979 1539 1152 1566 occasionem
1191 1544 1219 1567 et
1245 1539 1373 1567 delictum
1403 1547 1458 1567 non
1491 1540 1653 1569 invenerun!
1673 1546 1768 1570 contra

979 1593 1054 1617 eum.
1069 1593 1103 1612 eo
1119 1585 1193 1620 quod
1207 1586 1294 1613 ﬁdelis
1309 1590 1379 1613 erat.

1015 1631 1042 1658 5.
1063 1631 1096 1658 Et
1120 1632 1247 1659 dixerunt
1274 1631 1395 1667 praefecti
1421 1632 1478 1659 illi:
1508 1631 1567 1660 Non
1598 1632 1768 1661 inveniemus

980 1681 1075 1705 contra
1089 1676 1227 1704 Danielem
1242 1677 1426 1710 occasionem,
1447 1677 1500 1705 nisi
1526 1677 1554 1705 in
1573 1677 1704 1713 legitimis
1719 1677 1767 1706 Dei

980 1723 1032 1751 sui.

1017 1769 1043 1796 6.
1064 1768 1142 1797 Tunc
1159 1770 1289 1805 praesides
1310 1774 1337 1797 et
1348 1774 1465 1804 satrapae
1481 1768 1628 1796 astiterunt
1648 1768 1721 1804 regi,
1740 1772 1769 1796 et

980 1815 1109 1844 dixerunt
1122 1816 1147 1844 ei
1160 1824 1168 1844 :
1185 1815 1247 1843 Dari
1262 1823 1320 1848 rex,
1335 1815 1362 1843 in
1373 1819 1504 1843 aeternum
1519 1815 1589 1842 vive.

1016 1905 1043 1934 7.
1063 1906 1214 1934 Consilium
1227 1906 1348 1934 inierunt
1361 1914 1467 1938 omnes,
1485 1905 1533 1941 qui
1550 1912 1633 1941 super
1653 1913 1768 1941 regnum

981 1957 1059 1980 tuum
1072 1952 1156 1980 duces
1184 1957 1210 1980 et
1225 1957 1351 1988 satrapae,
1367 1952 1494 1980 consules
1509 1956 1537 1979 et
1553 1951 1700 1986 toparchae,
1711 1956 1768 1978 sta-

982 2002 1059 2026 tuere
1075 1998 1217 2026 decretum
1233 1999 1346 2034 regium,
1361 2003 1389 2026 et
1408 1997 1572 2025 conﬁrmare
1593 1997 1769 2025 constitutio-

981 2051 1043 2071 nem
1054 2063 1062 2075 ,
1080 2049 1111 2071 ut
1127 2044 1294 2079 quicumque
1310 2044 1420 2079 petierit
1436 2043 1592 2078 petitionem
1606 2051 1621 2069 a
1636 2051 1770 2077 quocum-

982 2097 1035 2124 que
1050 2089 1113 2120 deo.
1130 2094 1178 2116 aut
1194 2089 1228 2116 ab
1248 2089 1406 2117 hominibus
1420 2096 1506 2124 usque
1521 2089 1555 2116 ad
1576 2089 1685 2124 triginta
1697 2088 1767 2121 dies,

982 2134 1035 2162 nisi
1052 2142 1066 2161 a
1085 2138 1122 2168 te,
1133 2135 1326 2168 rex,mittatur
1341 2135 1369 2162 in
1384 2135 1473 2163 lacum
1488 2135 1609 2162 leonum.

1019 2180 1045 2207 8.
1067 2179 1146 2208 Nunc
1165 2180 1256 2216 igitur,
1285 2189 1345 2214 rex,
1371 2185 1460 2208 statue
1487 2179 1725 2211 constitutionem,
1741 2183 1769 2206 et

983 2233 1104 2260 propone
1117 2227 1293 2261 scripturam.
1311 2231 1342 2254 ut
1367 2234 1420 2255 non
1445 2227 1604 2254 immutetur
1627 2225 1769 2253 decretum

982 2270 1121 2298 Medorum
1137 2276 1164 2299 et
1175 2271 1331 2305 Persarum,
1346 2279 1433 2307 neque
1449 2271 1567 2299 violetur
1577 2279 1659 2306 super
1676 2271 1738 2298 hoc.

1017 2317 1044 2344 9.
1062 2317 1138 2345 Tunc
1149 2326 1197 2345 rex
1214 2318 1310 2346 Darius
1321 2318 1405 2354 jussit
1418 2317 1500 2345 scribi
1517 2317 1669 2344 decretum.

1022 2407 1065 2435 l0.
1087 2408 1120 2435 Et
1135 2407 1229 2435 Daniel
1248 2408 1356 2443 quando
1371 2407 1498 2443 cognovit
1518 2406 1695 2434 constitutum
1708 2411 1769 2432 esse

983 2454 1135 2487 decretum,
1148 2454 1287 2489 ingressus
1300 2455 1381 2482 estin
1392 2453 1503 2481 domum
1521 2459 1599 2480 suam
1616 2459 1624 2478 :
1643 2455 1670 2478 et
1694 2451 1770 2478 fene-

984 2502 1050 2530 stris
1067 2501 1167 2537 apertis
1182 2501 1206 2529 ei
1223 2501 1250 2528 in
1264 2500 1414 2528 cmnaculis
1428 2499 1486 2527 suis
1500 2503 1593 2526 contra
1606 2497 1769 2528 Jerusalem,

985 2553 1012 2576 et
1030 2549 1117 2576 tribus
1132 2547 1301 2583 temporibus
1312 2546 1365 2574 diei
1384 2549 1443 2573 erat
1455 2545 1564 2572 flectens
1579 2551 1608 2571 se
1628 2550 1709 2578 super
1725 2549 1772 2577 ge-

985 2602 1039 2622 nua
1053 2602 1113 2627 sua,
1143 2598 1170 2621 et
1199 2600 1290 2624 orans,
1307 2597 1334 2620 et
1360 2591 1493 2619 conﬁtens
1519 2597 1612 2617 coram
1637 2588 1693 2616 Deo
1708 2596 1770 2620 suo,

986 2641 1057 2668 sicut
1071 2645 1133 2668 ante
1148 2639 1238 2668 facere
1257 2641 1446 2667 consueverat.

1023 2727 1066 2754 ll.
1087 2727 1163 2754 Tunc
1177 2726 1227 2753 viri
1242 2726 1279 2753 illi
1298 2726 1487 2758 observarunt,
1504 2727 1532 2751 ct
1548 2723 1710 2750 invenerunt
1721 2719 1773 2747 Da-

988 2775 1086 2802 niclcm
1102 2774 1289 2802 obsecrantcm
1312 2779 1338 2801 et
1352 2777 1474 2800 orantem
1491 2777 1582 2799 coram
1608 2767 1663 2796 Deo
1676 2774 1737 2795 suo.

1698 113 1772 142 aevo
1814 95 1819 103 ’
