1967 3079
216 106 267 134 287
273 107 284 135 l

747 102 874 130 DANIEL
894 101 1006 130 JUXTA
1026 101 1302 130 THEODO’I‘IONEM

1771 103 1839 132 9.872

252 163 297 191 12.
318 162 350 190 ΕΙ
364 162 523 191 accedentes
541 161 636 190 dicunt
654 160 727 196 regi:
745 159 814 193 Rex,
831 168 922 188 nonne
937 167 1003 188 con-

1091 159 1137 188 te.
1154 160 1210 188 Καὶ
1229 160 1425 196 προσελθόντες
1443 160 1552 195 λέγουσι
1568 161 1606 196 τῷ
1623 160 1742 196 βασιλεῖ’
1761 161 1839 188 Βασι-

217 209 386 238 stitutionem
401 208 516 243 posuisti
535 227 543 239 ,
566 211 596 235 ut
619 207 709 234 omnis
737 206 820 233 homo
834 206 1002 241 quicumque

218 255 325 291 petierit
338 261 354 282 a
365 261 538 289 quocumque
552 253 604 281 deo
637 257 664 281 et
677 252 833 280 hominibus
845 252 1002 287 petitionem

219 307 305 334 usque
321 299 354 326 ad
372 299 499 333 triugiuta
514 298 581 332 dies,
598 298 650 325 nisi
665 305 681 324 a
705 301 740 331 te,
753 305 799 325 rex
813 317 821 331 ,
837 298 959 325 mittatur
975 298 1002 325 in

219 347 307 374 laeum
322 345 444 373 leonum?

254 392 296 419 13.
318 391 351 418 Et
365 391 432 418 dixit
446 398 504 423 rex,
519 389 606 417 Verus
628 393 672 418 est
684 397 790 423 sermo,
817 395 844 418 et
863 390 1002 418 decretum

218 437 356 464 Medorum
368 440 395 463 et
408 435 552 462 Persarum
566 443 620 462 non
637 440 837 463 contemnatur.

256 483 298 509 Η.
319 481 397 509 Tunc
421 481 630 515 responderunt,
646 485 673 509 et
699 481 794 508 dicunt
813 489 906 509 coram
921 489 1000 517 rege:

218 527 323 560 Daniel,
339 526 385 561 qui
399 525 434 554 de
449 526 512 553 [iliis
526 526 691 561 captivitatis
703 525 815 558 Iudaeae,
839 533 892 553 non
907 527 1002 554 subdi-

216 573 257 600 dit
269 580 299 600 se
312 572 422 600 decreto
434 576 480 599 tuo
501 571 574 599 circa
602 571 699 606 legem,
728 579 810 606 quam
826 572 963 599 statuisti:
977 575 1004 598 et

218 618 307 645 tribus
322 617 492 652 lemporibus
514 616 566 644 diei
587 617 654 651 petit
676 624 691 643 a
719 615 774 643 Deo
789 623 840 644 suo
860 616 1003 650 petitiones

217 671 291 692 suas.
313 663 391 690 Tunc
406 670 464 696 rex,
481 666 511 689 ut
526 661 631 689 audivit
647 661 760 689 verbum
773 682 782 694 ,
801 661 879 688 valde
902 660 1004 688 contri-

218 714 306 738 status
320 714 361 737 est
377 709 404 735 in
418 716 452 736 eo
466 718 472 736 :
489 714 515 735 et
531 715 581 743 pro
598 707 708 735 Daniele
720 707 878 735 decertabat
893 706 926 734 ad
936 706 1004 734 libe-

217 755 332 783 randum
348 762 423 785 eum,
434 758 462 781 et
477 761 562 789 usque
574 753 608 780 ad
628 760 756 781 occasum
769 752 835 780 solis
852 751 1002 786 laborabat,

217 807 247 829 ut
262 805 369 829 erueret
383 807 456 828 eutn.

253 900 297 927 15.
319 899 396 927 Tunc
413 898 462 926 viri
481 898 518 925 illi
529 898 779 926 animadverterunt
793 904 876 932 super
899 902 1003 931 regem,

217 949 244 972 et
257 945 351 971 dicunt
366 944 438 979 regi:
458 943 542 976 Scito,
559 951 617 975 rex,
631 942 694 977 quia
707 942 846 970 decretum
861 941 945 968 Medis
979 944 1006 967 et

217 989 369 1022 Persisest,
387 994 417 1017 ut
430 997 540 1017 omnem
551 989 636 1023 legem
650 992 678 1016 et
691 992 836 1022 statutum,
854 988 1006 1023 quodcum-

216 1042 271 1069 que
280 1042 326 1062 rex
342 1035 478 1067 statuerit,
495 1042 549 1061 non
572 1036 696 1069 oporteat
712 1033 861 1060 immutari.

253 1123 297 1152 l6.
318 1122 396 1151 Tunc
414 1131 461 1151 rex
477 1123 565 1150 dixit:
584 1127 611 1150 et
627 1122 800 1151 adduxerunt
815 1122 964 1156 Danielem,
977 1127 1004 1151 et

217 1169 351 1196 miserunt
361 1176 422 1196 eum
441 1169 467 1195 in
483 1168 572 1196 laeum
595 1168 704 1196 leonum
723 1188 732 1201 ,
753 1172 781 1196 et
799 1167 869 1195 dixit
880 1176 928 1196 rex
950 1169 1004 1196 Da-

218 1213 302 1241 nieli:
318 1212 402 1247 Deus,
415 1221 497 1248 quem
512 1218 540 1241 tu
564 1214 632 1241 colis
656 1221 764 1249 semper
775 1233 783 1247 ,
806 1213 863 1249 ipse
880 1213 1005 1242 liberabit

217 1265 254 1288 ω.

253 1305 297 1332 17.
317 1304 350 1333 Et
367 1305 519 1334 attulerunt
534 1305 652 1341 lapidem
663 1313 760 1339 unum,
774 1310 802 1333 et
815 1305 1006 1340 imposuerunt

217 1359 300 1387 super
312 1359 344 1380 Os
359 1352 410 1379 laci
428 1361 435 1380 :
452 1356 480 1380 et
496 1352 652 1387 obsignavit
668 1360 715 1380 rex
732 1352 759 1379 in
779 1352 879 1380 annulo
901 1360 962 1385 suo,
979 1357 1006 1379 et

217 1396 320 1424 annulo
329 1397 491 1432 optimatum
503 1404 631 1430 suorum,
644 1404 678 1426 ne
693 1397 758 1433 quid
782 1405 861 1425 secus
887 1397 963 1425 ﬁeret
976 1398 1004 1425 in

218 1442 367 1471 Dnnielem.

1055 205 1112 238 λεῢ,
1127 207 1176 241 οὐχ
1195 206 1307 241 ὁρισμὸν
1319 205 1426 240 ἔταξας.
1443 206 1516 238 ὅπως
1533 208 1586 238 πᾶς
1598 207 1738 241 ἄνθρωπος
1751 206 1782 239 ὃς
1795 208 1840 234 ἐὰν

1056 252 1157 288 αίτήσῃ
1173 251 1250 288 παρὰ
1266 253 1366 284 παντὸς
1383 252 1444 279 θεοῦ
1467 253 1515 280 καὶ
1547 253 1698 289 ἀνθρώπων
1723 254 1838 289 αἴτημα,

1056 298 1108 330 ἕως
1123 298 1235 333 ἡμερῶν
1258 298 1405 334 τριάκοντα
1416 319 1424 331 ,
1440 299 1498 326 ἀλλ’
1513 299 1528 335 ἢ
1547 300 1624 336 παρὰ
1646 300 1704 333 σοῦ,
1717 300 1840 336 βασιλεῦ,

1056 343 1256 379 ὲμῦληθήσεται
1272 345 1312 375 εἰς
1326 343 1371 371 τὸν
1388 344 1488 371 λάκκον
1502 344 1555 371 τῶν
1567 345 1700 378 λεόντων;

1091 388 1134 415 15.
1152 388 1207 414 Kal.
1225 387 1302 415 εἶπεν
1314 389 1328 415 ὁ
1347 387 1483 424 βασιλεὺς,
1501 389 1638 425 ’Δληθινὸς
1660 391 1674 417 6
1692 390 1783 424 λόγος,
1797 391 1842 418 καὶ

1056 433 1086 460 τὺ
1101 434 1189 468 δόγμα
1210 434 1309 469 Μήδων
1331 435 1377 461 καὶ
1391 435 1504 470 Περσῶν
1519 436 1549 462 οὐ
1562 436 1772 472 παρελεύσεται,

1093 480 1136 507 14.
1155 481 1222 506 Τότε
1235 480 1434 516 ἀπεκρίθησαν,
1459 482 1506 508 καὶ
1528 482 1653 516 λέγουσιν
1667 482 1783 510 ἐνώπιον
1797 484 1842 511 τοῦ

1060 526 1191 562 βασιλέως
1203 535 1209 541 ’
1225 527 1334 562 Δανιὴλ,
1345 529 1359 554 6
1374 528 1428 555 ἀπο
1443 528 1497 555 τῶν
1511 529 1577 556 υίῶν
1595 529 1645 564 τῆς
1657 530 1844 565 αἰχμαλωσίας

1057 572 1107 607 τῆς
1120 572 1260 605 Ἰουδαίας,
1274 572 1322 608 οὐχ
1342 573 1466 608 ὑπετάγη
1481 573 1520 609 τῷ
1532 574 1647 609 δόγματι
1662 582 1708 600 σου
1721 575 1786 608 περὶ
1797 575 1842 602 τοῦ

1057 617 1182 653 ὁρισμοῦ,
1197 614 1228 644 οὗ
1241 617 1382 650 ὲνέταξας,
1396 619 1444 645 καὶ
1456 619 1570 654 καιροὺς
1583 620 1658 655 τρεῖς
1672 619 1723 655 τῆς
1738 620 1844 655 ὴμέρας

1057 665 1173 690 αἰτεῖται
1191 663 1267 698 παρὰ
1280 663 1326 691 τοῦ
1340 663 1407 690 Θεοῦ
1419 664 1501 691 αὑτοῦ
1516 665 1656 700 αἰτήματα
1668 665 1762 694 αὑτοῦ.
1780 665 1842 692 Τότε

1057 710 1072 736 6
1085 709 1211 744 βασιλεὺς
1235 710 1273 742 ὡς
1289 710 1320 736 τὸ
1343 710 1420 745 ῥῆμα
1437 710 1548 745 ἤκουσε,
1574 711 1641 738 πολὺ
1661 710 1785 746 ἐλυπήθη
1803 712 1844 737 ἐπ’

1058 752 1142 788 αὐτῷ,
1156 753 1203 780 καὶ
1219 753 1283 787 περὶ
1295 753 1343 780 τοῦ
1358 754 1459 789 Δανιὴλ
1473 755 1627 788 ἠγωνίσατο
1643 755 1690 782 τοῦ
1707 754 1845 788 ἐξελέσθαι

1058 798 1150 830 αὑτὸν,
1163 798 1209 824 καὶ
1223 798 1275 830 ἕως
1289 798 1358 833 πρὸς
1367 799 1483 834 δυσμαῖς
1495 799 1571 835 ἡλίου
1593 797 1627 836 ἦν
1646 800 1846 836 ἀγωνιζόμενος

1023 841 1045 870 Β
1059 843 1197 876 ἐξελέσθαι
1211 843 1304 872 αὐτόν.

1093 889 1136 916 15.
1151 890 1216 916 Τότε
1227 891 1251 916 oi
1263 890 1359 926 ἄνδρες
1376 890 1476 917 ἐκεῖνοι
1497 891 1725 926 παρετηρὴσαντο
1738 892 1785 919 ἐπὶ
1801 891 1846 919 τδν

1059 934 1180 970 βασιλέα,
1195 936 1243 962 καὶ
1256 935 1366 970 λέγουσι
1379 936 1418 972 τῷ
1432 935 1536 971 βασιλεῖ
1547 945 1552 952 -
1562 937 1659 969 Γνῶθι,
1673 937 1795 972 βασιλεῦ,
1807 938 1846 964 ὅτι

1057 983 1087 1009 τὸ
1101 982 1189 1018 δόγμα
1198 984 1251 1014 τοῖς
1268 983 1370 1018 Μήδοις
1398 982 1446 1010 καὶ
1459 982 1578 1019 Πέρσαις
1589 1003 1596 1016 ,
1618 983 1666 1010 τοῦ
1681 983 1770 1010 πάντα
1789 984 1847 1020 ὀρι-

1058 1029 1137 1064 σμδν,
1154 1029 1201 1055 καὶ
1223 1028 1318 1056 στάσιν
1331 1049 1339 1062 ,
1355 1029 1389 1064 ἢν
1406 1028 1455 1056 ἐὰν
1468 1030 1483 1056 6
1498 1029 1623 1065 βασιλεὺς
1641 1030 1740 1065 στήσῃ,
1758 1031 1789 1056 οὐ
1809 1030 1848 1057 δεῖ

1058 1074 1240 1111 παραλλάξαι.

1093 1120 1138 1148 16.
1159 1120 1227 1147 Τότε
1244 1121 1259 1147 6
1274 1119 1400 1156 βασιλεὺς
1414 1116 1491 1148 εἶπεν
1505 1128 1511 1135 ·
1529 1121 1576 1148 καὶ
1601 1121 1703 1156 ἤγαγον
1725 1121 1772 1148 τὸν
1796 1122 1847 1148 Δα-

1057 1165 1128 1202 νιὴλ,
1148 1165 1196 1192 καὶ
1212 1164 1338 1193 ἐνέϐαλον
1352 1165 1433 1192 αὑτὸν
1458 1166 1500 1196 εὶς
1513 1165 1560 1192 τὸν
1575 1165 1677 1192 λάκκον
1701 1165 1756 1192 τῶν
1772 1165 1848 1192 λεόν-

1056 1220 1121 1246 των,
1138 1211 1184 1238 καὶ
1199 1209 1275 1238 εἶπεν
1297 1212 1312 1239 6
1327 1211 1454 1247 βασιλεὺς
1469 1211 1507 1246 τῷ
1526 1211 1638 1247 Δανιήλ’
1656 1211 1685 1238 '0
1699 1208 1799 1246 Θεδςῷ
1816 1212 1848 1238 σὺ

1057 1256 1198 1293 λατρεύεις
1212 1257 1371 1293 ἐνδελεχῶς,
1383 1257 1465 1288 αὐτὸς
1479 1256 1612 1289 ὲξελεῖταί
1630 1264 1672 1284 σε.

1094 1303 1138 1330 l7.
1154 1303 1210 1330 Kal.
1222 1303 1342 1339 ἤνεγκαν
1359 1303 1432 1330 λίθον
1456 1303 1516 1336 ἕνα,
1536 1302 1584 1329 καὶ
1602 1302 1743 1338 ἐπέθηκαν
1759 1302 1807 1328 ὲπὶ
1819 1301 1848 1329 τὸ

1059 1348 1146 1384 στόμα
1160 1348 1208 1376 τοῦ
1234 1348 1345 1380 λάκκου,
1371 1348 1417 1375 καὶ
1440 1348 1628 1384 ἐσφραγίσατο
1644 1349 1658 1374 6
1673 1347 1801 1383 βασιλεὺς
1821 1348 1849 1373 ὲν

1057 1395 1097 1430 τῷ
1116 1395 1251 1431 δακτυλίῳ
1267 1395 1361 1428 αὑτοῦ,
1387 1394 1435 1422 καὶ
1449 1394 1479 1421 ἐν
1499 1393 1540 1429 τῷ
1553 1393 1688 1429 δακτυλίῳ
1700 1393 1756 1420 τῶν
1770 1401 1848 1428 μεγι-

1059 1442 1163 1469 στάνων
1174 1441 1268 1474 αὑτοῦ,
1282 1442 1357 1473 ὅπως
1375 1441 1413 1477 μὴ
1429 1439 1564 1476 ἀλλοιωθῇ
1575 1439 1607 1467 τδ
1628 1440 1745 1475 πρᾶγμα
1763 1440 1792 1466 ὲν
1811 1438 1848 1476 τῷ

1058 1488 1167 1524 Δανιὴλ.

254 1535 299 1564 18.
318 1535 350 1563 Ει
366 1535 433 1564 abiit
446 1543 493 1563 rex
510 1536 536 1563 in
550 1536 662 1564 domum
674 1543 765 1570 suam,
780 1540 807 1563 et
823 1535 952 1563 dormivit
964 1535 1003 1562 in-

1094 1520 1140 1563 l8:
1158 1535 1213 1562 Kal.
1226 1534 1347 1569 ἀπῆλθεν
1358 1535 1372 1561 6
1387 1533 1514 1570 βασιλεὺς
1528 1533 1568 1565 εἰς
1591 1532 1637 1560 τον
1653 1529 1728 1559 οἷκον
1752 1531 1848 1565 αὐτοῦ,

217 1587 352 1616 οωηοιιιε,
377 1587 404 1609 et
427 1582 504 1610 cibos
532 1590 585 1610 non
612 1582 762 1610 attulerunt
787 1582 829 1615 ei,
848 1586 876 1610 et
891 1589 1005 1610 somnus

218 1628 332 1656 recessit
348 1628 382 1655 ab
395 1636 428 1656 eo
442 1637 448 1655 :
461 1633 488 1655 et
503 1628 637 1656 conclusit
657 1628 728 1656 Deus
754 1636 802 1656 ora
831 1629 953 1662 leonum,
979 1631 1005 1655 et

218 1682 275 1702 non
287 1675 436 1703 aﬁ'ecerunt
451 1675 576 1702 molestia
589 1675 739 1703 Danielem.

255 1763 298 1791 l9.
317 1763 394 1791 Tunc
406 1771 452 1791 rex
469 1763 588 1791 surrexit
600 1771 680 1791 mane
693 1763 827 1797 diluculo,
842 1768 869 1791 ct
889 1763 916 1791 in
930 1763 1006 1791 festi-

218 1809 330 1836 natione
341 1808 415 1836 venit
427 1809 460 1836 ad
475 1809 565 1836 lacum
578 1809 702 1837 leonum.

253 1853 298 1881 20.
320 1852 352 1880 Et
363 1861 424 1880 cum
439 1854 669 1889 appropinquaret
683 1855 741 1888 ipse
755 1854 837 1887 lacui,
861 1854 963 1882 Danieli
978 1855 1005 1882 in

218 1907 286 1927 voce
301 1899 363 1927 forti
375 1900 513 1932 clamavit,
528 1904 556 1926 et
585 1900 728 1934 respondit
750 1907 808 1933 rex,
826 1905 853 1928 et
864 1900 933 1929 dixit
948 1900 1003 1927 Da-

219 1945 282 1973 nieli
301 1954 308 1973 :
322 1945 417 1972 Daniel
431 1952 509 1973 serve
520 1944 569 1973 Dei
584 1945 711 1977 viventis,
729 1945 801 1973 Deus
818 1950 892 1979 tuus,
913 1947 957 1974 cui
975 1953 1004 1974 tu

218 1991 305 2019 servis
319 1998 436 2026 semper,
453 1999 518 2020 num
532 1991 621 2027 potuit
648 1991 767 2020 liberare
784 1996 810 2020 te
837 1992 872 2021 de
892 2000 939 2021 ore
952 1993 1005 2021 ίεο·

217 2046 283 2065 num
291 2037 302 2065 ?

251 2083 297 2112 21.
316 2083 350 2112 Et
365 2083 496 2118 loquutus
507 2087 551 2111 est
564 2083 659 2111 Daniel
674 2083 739 2119 regi,
756 2088 784 2112 et
808 2084 846 2112 ait
861 2093 868 2111 :
887 2084 957 2119 Rex,
977 2085 1004 2113 in

219 2129 317 2159 saecula
329 2129 400 2157 vive.

251 2173 298 2201 οε.
319 2174 390 2201 Deus
403 2181 482 2203 meus
497 2173 572 2202 misit
585 2175 712 2210 angelum
727 2182 819 2208 suum,
830 2180 858 2203 et
868 2176 1005 2204 obstruxit

217 2227 267 2248 ora
281 2220 400 2253 leonum,
410 2227 437 2248 et
451 2228 504 2248 non
517 2225 669 2248 nocuerunt
687 2221 768 2254 milii,
784 2222 849 2257 quia
865 2230 957 2250 coram
969 2230 1002 2250 eo

217 2266 352 2294 rectitudo
368 2267 477 2294 iuventa
490 2272 533 2295 est
546 2267 612 2295 mihi
635 2276 642 2294 :
663 2268 711 2295 sed
734 2273 761 2296 et
777 2276 870 2296 coram
885 2273 920 2303 te,
937 2277 996 2302 rex,

216 2311 346 2340 delictum
362 2320 418 2340 non
438 2312 500 2340 feci.

251 2401 296 2429 25.
318 2400 396 2428 Tunc
411 2409 459 2429 rex
477 2401 653 2429 vehementer
675 2402 787 2436 gavisus
803 2406 844 2430 est
865 2410 946 2437 super
959 2410 1001 2436 eo,

215 2450 243 2474 et
256 2445 393 2473 Danielcm
405 2446 488 2482 jussit
499 2446 579 2474 educi
591 2446 624 2475 de
637 2446 713 2480 lacu;
729 2450 757 2474 et
772 2447 889 2475 eductus
902 2447 1004 2475 estDa-

217 2491 273 2518 niel
286 2493 320 2519 de
332 2492 402 2525 lacu,
419 2496 447 2520 et
460 2492 533 2519 nulla
557 2492 632 2519 laesio
655 2492 763 2520 iuventa
788 2497 830 2521 est
843 2493 869 2520 in
884 2501 926 2526 eo,
939 2494 1002 2528 quia

217 2536 329 2564 credidit
347 2536 403 2565 Deo
415 2545 476 2565 suo.

251 2582 297 2610 il.
318 2582 352 2610 Et
362 2583 430 2611 dixit
450 2592 507 2616 rex,
519 2589 547 2612 et
558 2583 729 2612 adduxerunt
749 2584 824 2612 viros
835 2605 842 2618 ,
856 2584 902 2620 qui
920 2593 1003 2614 arcu-

217 2633 346 2656 saveraut
360 2629 506 2663 Dauielem,
522 2635 548 2659 ct
561 2630 588 2658 iu
603 2631 692 2659 lacum
717 2631 826 2660 leonum
848 2632 924 2660 missi
937 2637 1002 2660 sunt

218 2674 281 2709 ipsi,
300 2680 328 2702 et
341 2675 387 2702 lilii
400 2682 507 2709 eorum,
522 2680 550 2704 et
565 2684 664 2705 uxores
689 2685 783 2705 eorum
799 2687 806 2704 :
831 2682 858 2705 et
874 2685 927 2705 non
942 2686 1002 2713 per-

217 2725 350 2748 venerunt
366 2721 399 2748 ad
413 2721 597 2756 pavimentum
610 2723 675 2756 laci,
692 2723 779 2752 donec
787 2724 919 2752 dominati
939 2729 1003 2753 sunt

216 2774 313 2796 eorum
342 2769 448 2802 leones,
475 2774 503 2798 et
519 2771 611 2799 omnia
636 2778 700 2800 ossa
728 2779 823 2800 eorum
836 2772 1002 2801 comminue-

216 2817 289 2842 runt.

1057 1581 1105 1608 καὶ
1116 1581 1251 1616 ἐκοιμήθη
1264 1580 1400 1612 ἄδειπνος,
1414 1580 1461 1606 καὶ
1472 1579 1610 1615 ἐδέσματα
1621 1579 1672 1606 οὐκ
1684 1578 1848 1614 εἰσήνεγκαν

1057 1627 1141 1662 αὐτῷ,
1167 1627 1214 1653 καὶ
1225 1627 1239 1653 6
1268 1625 1350 1658 ὕπνος
1363 1625 1469 1661 ἀπέστη
1483 1625 1530 1653 ἀπ’
1543 1623 1625 1652 αὐτοῦ
1635 1633 1642 1640 ·
1659 1624 1707 1652 καὶ
1719 1623 1847 1651 ἀπέκλει-

1057 1682 1103 1700 σεν
1119 1674 1132 1699 ό
1143 1673 1210 1704 Θεὸς
1223 1672 1391 1707 τάιστόματα
1402 1671 1456 1699 τῶν
1470 1671 1596 1704 λεόντων,
1622 1671 1670 1699 καὶ
1687 1670 1718 1697 οὐ
1743 1678 1846 1705 παρην-

1056 1718 1180 1754 ώχλησοιν
1198 1718 1236 1753 τῷ
1249 1718 1357 1753 Δανιὴλ.

1092 1765 1135 1792 19.
1151 1765 1218 1791 Τότε
1229 1764 1243 1790 6
1256 1763 1383 1799 βασιλεὺς
1395 1763 1494 1799 ἀνέστη
1516 1763 1547 1790 τὸ
1569 1763 1640 1799 πρωῒ
1664 1765 1693 1791 ὲν
1710 1765 1751 1800 τῷ
1766 1765 1847 1800 φωτὶ,

1056 1810 1103 1837 καὶ
1116 1811 1145 1836 ὲν
1158 1810 1259 1845 σπουδῇ
1274 1807 1356 1845 ἦλθεν
1368 1809 1414 1835 ἐπὶ
1428 1809 1473 1835 τὸν
1487 1809 1588 1837 λάκκον
1602 1809 1656 1836 τῶν
1676 1810 1804 1838 λεόντων.

1090 1856 1135 1883 20.
1149 1856 1202 1883 Καὶ
1220 1856 1250 1882 ὲν
1271 1854 1311 1890 τῷ
1327 1855 1446 1889 ἐγγίζειν
1465 1855 1547 1881 αὐτὸν
1563 1855 1603 1890 τῷ
1623 1855 1728 1891 λάκκῳ,
1739 1856 1779 1891 τῷ
1796 1857 1847 1883 Δα-

1056 1902 1116 1937 νιὴλ
1133 1903 1161 1928 ἰν
1181 1902 1256 1936 φωνῇ
1272 1901 1370 1936 ἰσχυρᾷ
1381 1900 1495 1936 ὲΰόησε,
1513 1900 1560 1928 καὶ
1576 1901 1715 1936 ἀπεκρίθη
1734 1902 1748 1928 6
1771 1901 1847 1936 βασις

1056 1947 1128 1980 λεῦς,
1141 1947 1188 1973 καὶ
1200 1944 1279 1973 εἶπεν
1289 1945 1328 1980 τῷ
1340 1945 1451 1980 Δανιὴλ·
1471 1945 1570 1980 Δανιὴλ
1583 1946 1598 1972 6
1610 1945 1702 1978 δοῦλος
1717 1945 1765 1973 τοῦ
1780 1945 1847 1973 Θεοῦ

1056 1993 1102 2022 τοῦ
1119 1992 1230 2025 ζῶντος,
1244 1993 1258 2019 6
1269 1992 1334 2024 Θεός
1353 2000 1399 2018 σου
1415 1987 1438 2027 ᾧ
1448 1992 1479 2019 σὺ
1492 1991 1634 2027 λατρεύεις
1651 1992 1810 2027 ἐνδελεχῶς,
1824 1992 1847 2019 ει

1056 2038 1170 2075 ιδυνὴθη
1188 2038 1328 2071 ἐξελέσθαι
1342 2046 1372 2064 σε
1386 2037 1440 2065 ἀπὸ
1455 2037 1590 2073 στόματος
1605 2038 1659 2064 τῶν
1676 2037 1812 2071 λεόντων;

1090 2085 1136 2112 ΞΙ.
1161 2085 1216 2112 Kal.
1239 2084 1354 2119 ὲλάλησε
1373 2083 1473 2119 Δανιὴλ
1498 2083 1537 2119 τῷ
1555 2084 1671 2119 βασιλεῖ,
1686 2084 1735 2110 καὶ
1750 2081 1846 2110 εἶπεν

1055 2131 1180 2163 Βασιλεῖ»,
1191 2132 1239 2169 ἐἰς
1252 2131 1314 2163 τοὺς
1329 2130 1429 2162 αίῶνας
1445 2130 1518 2166 ζῆθι.

1090 2178 1136 2205 22.
1156 2178 1186 2204 '0
1202 2177 1269 2209 Θεός
1286 2185 1337 2212 μου
1351 2176 1495 2204 ἀπέστειλε
1510 2176 1555 2203 τὸν
1564 2175 1679 2210 ἄγγελον
1692 2175 1788 2209 αὐτοῦ,
1800 2177 1846 2204 καὶ

1057 2223 1204 2258 ὲνέφραξεν
1213 2223 1248 2250 τὰ
1261 2224 1384 2258 στόματα
1403 2222 1458 2249 τῶν
1467 2221 1593 2254 λεόντων,
1612 2222 1659 2248 καὶ
1680 2222 1730 2249 οὐκ
1745 2223 1846 2258 ὲλυμῄ-

1057 2268 1136 2296 ναντό
1150 2276 1195 2303 με,
1211 2268 1252 2294 ὅτι
1269 2267 1413 2295 κατέναντι
1435 2265 1518 2293 αὐτοῦ
1538 2265 1654 2302 εὐθύτης
1673 2266 1773 2303 εὑρέθη
1791 2276 1844 2303 μοι,

1057 2315 1104 2342 καὶ
1115 2313 1230 2341 ἐνώπιον
1243 2313 1271 2340 δὲ
1284 2312 1343 2348 σοῦ,
1359 2312 1481 2348 βασιλεῦ,
1503 2311 1682 2348 παράπτωμα
1701 2313 1751 2340 οὐκ
1774 2314 1845 2341 ὲποί-

1055 2369 1121 2397 ησα.

1091 2406 1137 2434 25.
1152 2406 1219 2433 Τότε
1232 2405 1246 2432 ὁ
1262 2404 1467 2440 βασιλεῢςπολὺ
1483 2404 1626 2440 ὴγαθύνθη
1642 2404 1686 2432 ἐπ’
1703 2405 1790 2441 αὐτῷ,
1801 2406 1844 2433 καὶ

1056 2452 1101 2480 τὸν
1125 2452 1225 2488 Δανιὴλ
1239 2449 1317 2478 εἶπεν
1339 2452 1497 2486 ἀνενεγκεῖν
1523 2452 1556 2478 ἑκ
1584 2452 1632 2478 τοῦ
1651 2451 1771 2479 λάκκου·
1799 2452 1844 2479 καὶ

1056 2497 1192 2534 ἀνηνέχθη
1203 2497 1302 2532 Δανιὴλ
1313 2498 1346 2524 ὲκ
1364 2497 1411 2524 τοῦ
1425 2497 1528 2524 λάκκου
1539 2517 1547 2531 ,
1565 2498 1614 2524 καὶ
1625 2498 1701 2524 πᾶσα
1713 2498 1844 2534 διαφθορὰ

1055 2543 1105 2579 οὐχ
1119 2543 1217 2578 εὑρέθη
1231 2543 1260 2570 ὲν
1272 2542 1357 2577 αὐτῷ,
1371 2543 1411 2569 ὃτι
1423 2543 1568 2570 ἐπίστευσε
1583 2542 1623 2578 τῷ
1640 2543 1699 2579 Θεῷ
1713 2544 1810 2570 αὑτοῦ.
1845 2560 1849 2565 ~

1091 2589 1136 2616 2L
1148 2588 1202 2615 Kal.
1216 2586 1293 2615 εἶπεν
1305 2589 1319 2616 6
1337 2588 1474 2623 βασιλεὺς,
1488 2589 1534 2615 καὶ
1552 2589 1655 2625 ὴγαγον
1671 2590 1734 2621 τοὺς
1746 2589 1844 2624 ἄνδρας

1055 2636 1119 2668 τοὺς
1134 2635 1312 2666 διαεαλόντας
1324 2635 1370 2662 τὸν
1380 2635 1491 2670 Δανιὴλ,
1506 2635 1554 2662 καὶ
1567 2636 1607 2667 είς
1619 2634 1665 2662 τὸν
1678 2635 1781 2662 λάκκον
1792 2635 1843 2661 τῶν

1055 2682 1172 2708 λεόντων
1200 2680 1382 2716 ὲνεϐλήθησαν
1409 2680 1496 2713 αὐτοὶ,
1512 2680 1559 2707 καὶ
1570 2681 1595 2707 οἱ
1606 2681 1659 2707 υίοὶ
1677 2681 1779 2712 αὐτῶν,
1798 2681 1842 2707 καὶ

1055 2727 1084 2754 αι
1096 2728 1225 2761 γυναῖκες
1239 2726 1328 2753 αὐτῶν
1340 2734 1347 2742 ’
1362 2726 1410 2753 καὶ
1425 2727 1475 2754 οὐκ
1493 2727 1615 2762 ἔφθασαν
1640 2728 1680 2760 τίς
1699 2727 1730 2755 τδ
1747 2727 1843 2761 ἔδαφος

1056 2772 1103 2800 τοῦ
1115 2772 1230 2804 λάκκου,
1243 2772 1295 2804 ἓως
1314 2768 1345 2799 οὗ
1358 2772 1521 2808 ἐκυρίευσαν
1530 2773 1620 2801 αὐτῶν
1632 2774 1656 2801 ol
1666 2773 1785 2806 λέοντος,
1798 2773 1843 2800 καὶ

1057 2819 1146 2846 πάντα
1157 2818 1192 2846 τὰ
1206 2818 1272 2846 ὀστᾶ
1289 2817 1379 2846 αὐτῶν
1391 2819 1549 2848 ὲλέπτυναν.
