1967 3079
139 102 212 131 8878

861 110 976 141 CAPUT
992 112 1048 142 νη.

1694 120 1766 149 28η

174 159 220 187 35.
241 159 308 186 Τότε
330 161 443 197 Δαρεῖος
469 161 485 188 6
511 161 637 197 βασιλεὺς
662 164 766 201 ἔγραψε
790 167 854 195 πᾶσι
873 171 930 201 τοῖς

1016 172 1061 201 25.
1080 172 1156 201 Tunc
1169 174 1268 203 Darius
1297 183 1345 203 rex
1371 175 1480 211 scripsit
1503 177 1630 206 omnibus
1648 180 1766 214 populis,

138 205 225 239 λαοῖς,
255 207 364 242 φυλαῖς,
384 208 533 243 γλώσσαις,
550 212 606 244 τοῖς
620 212 741 240 οίκοῦσιν
765 215 794 241 ἐν
810 215 884 252 πάσῃ
895 217 928 252 τῇ

138 254 186 288 γῇ*
203 253 305 289 Εἰρήνη
317 254 381 290 ὑμῖν
396 255 577 293 πληθυνθείη.

175 299 222 327 26.
245 301 291 327 ‘Ex
311 300 459 335 προσώπου
473 303 551 339 ἐτέθη
562 304 651 340 δόγμα
664 305 695 332 ἐν
711 307 784 343 πάσῃ
798 308 868 344 ἀρχῇ
881 309 930 344 τῆς

140 344 280 381 βασιλείας
296 354 359 381 μου,
375 347 422 374 τοῦ
432 347 502 375 εἶναι
512 349 665 384 τρέμοντας
688 353 736 379 καὶ
746 353 931 388 φοϐουμένους

138 391 195 418 ἀπὸ
211 391 355 427 προσώπου
369 392 417 419 τοῦ
431 393 498 420 Θεοῦ
517 396 629 431 Δανιὴλ,
645 397 686 424 ὅτι
702 398 783 430 αὐτός
798 399 931 432 ἐστιΘεδς

138 437 206 470 ζῶν,
221 439 268 464 καὶ
280 438 369 472 μένων
381 440 422 471 είς
435 441 499 472 τοὺς
517 441 630 475 αἰῶνας,
649 443 697 469 καὶ
714 444 730 479 ή
744 443 866 478 βασιλεία
882 445 931 471 αὑ·

137 483 187 510 τοῦ
199 484 229 510 οὐ
240 484 468 520 διαφθαρήσεται,
494 487 542 513 καὶ
556 489 653 523 κυρεία
668 489 751 516 αὑτοῦ
763 490 815 522 ἕως
827 490 929 522 τέλους.

174 530 221 557 27.
246 531 498 566 Ἀντιλαμϐάνεται,
525 533 571 560 καὶ
587 534 708 569 ῥύσεται,
731 535 779 562 καὶ
793 537 866 562 ποιεῖ
881 544 930 571 ση-

140 576 206 611 μεῖα
234 576 282 603 καὶ
297 576 398 612 τέρατα
409 578 438 604 ἐν
456 578 575 615 οὐρανῷ,
593 580 640 607 καὶ
655 581 700 607 ἐπὶ
717 582 766 616 τῆς
779 571 841 616 γῆς,
857 582 931 614 ὅστις

138 621 258 655 ἐξείλετο
271 622 317 649 τὸν
336 623 435 660 Δανιὴλ
450 625 482 651 ἐκ
497 625 631 660 στόματος
646 626 701 653 τῶν
717 627 841 655 λεόντων.

174 668 220 695 28.
237 669 293 695 Καὶ
304 670 403 705 Δανιὴλ
425 667 503 702 οὗτος
529 672 695 700 κατεύθυνεν
715 674 743 700 ἐν
757 675 789 710 τῇ
807 674 931 710 βασιλείᾳ

138 713 264 750 Δαρείου,
277 714 325 742 καὶ
341 715 371 741 ἐν
382 717 414 751 τῇ
430 716 553 753 βασιλείᾳ
570 718 662 753 Κύρου
680 719 726 746 τοῦ
742 719 858 756 Πέρσου,

404 785 603 813 ΚΕΦΑΛΑΙΟΝ
626 786 663 814 Ζ’.

981 217 1117 252 tribubus,
1139 219 1250 254 linguis.
1276 221 1462 250 habitantibus
1484 222 1511 249 in
1534 223 1662 251 universa
1679 229 1765 252 terra:

982 264 1036 292 Pax
1048 264 1124 292 vobis
1140 266 1344 300 multiplicetur.

1015 309 1060 337 26.
1081 310 1102 337 A
1117 310 1185 338 facie
1201 313 1318 346 positum
1330 317 1372 340 est
1387 313 1525 341 decretum
1551 314 1578 342 in
1600 316 1674 342 omni
1695 316 1769 350 prin-

981 355 1072 389 cipatu
1085 357 1159 392 regni
1174 358 1236 390 mei,
1254 364 1283 385 ut
1295 359 1350 386 sint
1367 363 1515 388 trementes
1547 365 1572 388 et
1589 367 1740 390 metuentes
1752 371 1768 391 ι

981 398 1050 426 facie
1064 400 1110 428 Dei
1129 401 1255 433 Danielis.
1273 403 1338 438 quia
1351 404 1408 439 ipse
1420 410 1461 432 est
1475 406 1545 433 Deus
1556 406 1660 438 vivens,
1671 412 1697 434 et
1708 416 1768 436 ma-

982 453 1050 474 nens
1065 447 1092 474 in
1105 448 1202 475 saecula
1222 458 1229 476 :
1245 453 1272 476 ct
1291 457 1403 485 regnum
1417 451 1477 487 ejus
1493 459 1546 480 non
1564 452 1732 487 destruetur,
1742 459 1768 482 et

981 490 1132 519 dominatio
1146 494 1206 528 ejus
1223 502 1309 529 usque
1323 495 1351 522 in
1365 497 1457 524 linem.

1016 537 1061 565 27.
1085 537 1215 573 Suscipit,
1228 543 1255 566 et
1274 540 1382 573 liberat,
1408 547 1434 569 et
1450 542 1515 570 facit
1536 543 1612 578 signa
1638 549 1665 571 et
1678 544 1769 579 prodi-

982 581 1024 616 gia
1044 582 1162 616 incoelo,
1178 588 1206 611 et
1218 584 1245 610 in
1262 589 1349 612 terra:
1368 586 1415 621 qui
1437 587 1561 614 liberavit
1584 587 1722 616 Dauiclem
1735 589 1768 616 de

982 634 1030 655 ore
1047 628 1168 656 leonum.

1016 672 1062 699 28.
1073 673 1107 700 Et
1122 673 1215 702 Daniel
1228 675 1285 710 ipse
1297 684 1426 712 prospere
1439 677 1536 713 agebat
1548 677 1575 705 in
1589 684 1672 714 regno
1683 677 1769 713 Darii,

981 722 1009 746 et
1022 718 1049 745 in
1065 727 1148 755 regno
1164 720 1228 756 Cyri
1243 721 1344 750 Persae.

1271 789 1386 818 CAPUT
1412 790 1468 818 VH.

176 859 204 887 1.
228 860 272 887 Ἐν
285 861 325 897 τῷ
345 862 446 897 πρώτῳ
465 863 520 890 ἔτει
535 865 678 901 Βαλτάσαρ
702 865 834 901 βασιλέως
856 867 930 895 Χαλ-

1017 855 1042 882 1.
1061 853 1089 881 ln
1101 862 1173 882 anno
1197 856 1285 889 primo
1322 856 1448 885 Baltasar
1472 859 1544 894 regis
1568 859 1768 890 Chaldaeorum.

136 905 233 940 δαίων,
250 907 349 943 Δανιὴλ
363 908 488 936 ἐνύπνιον
504 907 568 943 εἶδε,
587 911 632 938 καὶ
650 912 677 938 αἱ
695 913 805 948 ὁράσεις
817 913 868 948 τῆς
885 922 931 940 κε-

138 952 228 988 φαλῆς
243 953 325 980 αὑτοῦ
343 955 388 981 ἐπὶ
403 955 454 990 τῆς
470 956 564 991 κοίτης
574 956 667 991 αὐτοῦ,
690 959 736 985 καὶ
755 959 786 985 τὸ
804 959 929 986 ἐνύπνιον

137 996 259 1033 ἔγραψεν
269 1006 276 1012 ·
293 999 364 1036 ἁρχὴ
379 1000 466 1034 λόγων
481 1001 574 1035 αὑτοῦ,
602 1003 650 1028 καὶ
669 1004 828 1039 ἀποκριθεὶς
840 1002 928 1032 εἶπεν.

172 1043 201 1071 2.
220 1044 291 1079 Ἐγὼ
309 1045 409 1082 Δανιὴλ
432 1045 568 1082 ἐθεώρουν
582 1048 611 1074 ἐν
637 1049 670 1083 τῇ
695 1049 789 1084 ὁράσει
807 1058 857 1084 μου
880 1050 928 1084 τῆς

135 1090 251 1122 νυκτός·
281 1091 327 1117 καὶ
351 1091 404 1118 ἰδοὺ
429 1092 454 1118 οἱ
480 1092 613 1128 τέσσαρες
639 1094 734 1129 ἄνεμοι
747 1095 793 1122 τοῦ
812 1096 928 1131 οὐρανοῦ

136 1135 326 1170 προσέϐαλλον
336 1137 377 1169 είς
393 1137 442 1172 τὴν
457 1137 595 1166 θάλασσαν
606 1139 656 1175 τὴν
670 1140 801 1176 μεγάλην.

173 1179 202 1207 5.
215 1180 270 1207 Καὶ
283 1181 404 1217 τέσσαρα
423 1182 505 1218 θηρία
533 1185 639 1218 μεγάλα
660 1185 802 1213 ἀνέϐαινον
827 1187 859 1214 ἐκ
878 1187 930 1222 τῆς

136 1225 277 1261 θαλάσσης
289 1226 453 1262 διαφέροντα
469 1227 605 1264 ἀλλήλων.

171 1271 199 1298 4.
213 1273 250 1299 Τὺ
264 1273 372 1308 πρῶτον
389 1273 455 1300 ὡσεὶ
468 1274 574 1307 λέαινα,
592 1275 639 1302 καὶ
656 1276 744 1312 πτερὰ
766 1277 849 1305 αὐτοῦ
864 1278 930 1305 ὡσεὶ

136 1317 234 1344 ἀετοῦ·
255 1318 389 1354 ἐθεώρουν
410 1319 464 1351 ἕως
490 1318 520 1348 οὗ
539 1321 645 1358 ἐξετίλη
661 1322 696 1349 τὰ
715 1323 804 1359 πτερὰ
829 1324 927 1351 αὐτοῦ·

136 1363 187 1390 καὶ
201 1363 303 1399 ἐξῄρθη
322 1364 376 1392 άπὸ
391 1365 442 1400 τῆς
458 1365 521 1401 γῆς,
539 1367 586 1393 καὶ
608 1367 655 1394 ἐπὶ
678 1369 767 1396 ποδῶν
784 1370 928 1406 ἀνθρώπου

137 1410 253 1446 ἐστάθη,
267 1411 315 1438 καὶ
329 1411 429 1446 καρδία
444 1412 587 1449 ἀνθρώπου
600 1413 677 1450 ἐδόθη
693 1415 773 1452 αὐτῇ.

173 1455 203 1483 5.
219 1455 273 1482 Καὶ
289 1455 343 1482 ίδοὺ
367 1455 461 1492 θηρίον
478 1457 572 1494 ἓτερον
592 1459 685 1494 ὅμοιον
707 1459 799 1496 ἄρκῳ,
819 1461 867 1489 καὶ
889 1463 930 1494 είς

139 1501 224 1537 μέρος
233 1500 262 1527 ἐν
278 1501 390 1537 ἐστάθη,
406 1502 454 1529 καὶ
469 1503 532 1539 τρία
545 1503 649 1540 πλεῦρα
661 1506 691 1533 ἐν
702 1506 740 1542 τῷ
753 1507 866 1542 στόματι
880 1509 929 1534 αὗ-

137 1546 199 1582 τῆς,
213 1546 350 1581 ἁνάμεσον
361 1547 416 1574 τῶν
433 1547 548 1576 ὀδόντων
560 1549 649 1585 αὐτῆς
659 1559 666 1566 ·
681 1551 728 1578 καὶ
739 1551 825 1584 οὕτως
837 1553 930 1587 ἔλεγον

138 1592 221 1628 αὐτῇ,
239 1592 394 1628 Ἀνάστηθι,
409 1593 480 1628 φάγε
495 1594 601 1630 σάρκας
615 1596 727 1628 πολλάς.

175 1637 204 1664 6.
225 1638 329 1665 Ὀπίσω
340 1638 436 1666 τούτου
447 1639 582 1676 ἐθεώρουν
595 1641 625 1668 ὲν
634 1642 753 1678 ὁράματι
764 1642 812 1678 τῆς
824 1643 930 1675 νυκτός’

139 1683 189 1710 ml
215 1683 271 1711 ίδοὺ
296 1684 390 1720 ἕτερον
416 1685 510 1721 θηρίον
535 1687 601 1713 ὡσεὶ
620 1687 769 1722 πάρδαλις·
791 1689 838 1716 καὶ
861 1689 930 1724 αὐτῇ

139 1729 231 1765 πτερὰ
244 1730 365 1766 τέσσαρα
376 1733 500 1759 πετεινοῦ
514 1733 643 1769 ὑπεράνω
663 1734 759 1769 αὐτῆς,
773 1735 820 1761 καὶ
834 1735 933 1762 τέσσα-

141 1783 189 1810 ρες
206 1775 324 1810 κεφαλαὶ
336 1775 375 1812 τῷ
388 1776 486 1813 θηρίῳ,
499 1778 547 1805 καὶ
562 1778 672 1811 ἐξουσία
689 1780 767 1815 ἐδόθη
783 1780 868 1816 αὐτῷ.

175 1822 204 1849 7.
232 1822 336 1849 Ὀπίσω
361 1822 458 1850 τούτου
474 1824 610 1861 ἐθεώρουν
626 1826 655 1852 ἐν
680 1826 800 1862 ὁράματι
823 1826 873 1862 τῆς
888 1835 933 1853 νυ-

139 1867 221 1899 κτός·
240 1868 288 1894 καὶ
300 1868 353 1895 ἰδοὺ
371 1868 466 1905 θηρίον
481 1870 614 1905 τέταρτον
631 1871 756 1907 φοϐερὸν,
767 1871 814 1899 καὶ
828 1872 932 1908 ἔκθαμ-

140 1911 199 1945 ϐον,
212 1912 261 1939 καὶ
277 1912 388 1948 ἰσχυρὸν
400 1914 549 1949 περισσῶς,
565 1915 612 1941 καὶ
631 1916 657 1942 οι
669 1916 774 1948 ὀδόντες
794 1916 877 1943 αὑτοῦ
893 1925 932 1945 σι-

139 1957 231 1993 δηροῖ.
256 1958 303 1985 καὶ
329 1959 452 1994 μεγάλοι,
475 1959 575 1994 ἐσθίον,
602 1961 650 1987 καὶ
669 1961 810 1995 λεπτύνον,
827 1962 874 1989 καὶ
898 1962 934 1989 τὰ

140 2004 272 2030 ἐπίλοιπα
283 2005 340 2036 τοῖς
353 2005 433 2032 ποσὶν
450 2004 533 2032 αὑτοῦ
551 2006 714 2040 συνεπάτει,
735 2008 783 2035 καὶ
805 2008 870 2035 αὐτὸ
897 2008 934 2035 δι-

144 2049 228 2085 έφερε
244 2050 382 2086 περισσῶς
396 2051 472 2087 παρὰ
488 2051 576 2078 πάντα
595 2053 629 2079 τὰ
645 2053 726 2089 θηρία
734 2054 768 2081 τὰ
778 2053 933 2091 ἔμπροσθεν

140 2094 237 2127 αὐτοῦ,
258 2096 305 2122 καὶ
319 2095 422 2132 κέρατα
436 2097 512 2133 αὐτῷ
525 2097 602 2126 δέκα.

177 2140 204 2167 8.
220 2140 389 2176 Προσενόουν
403 2143 459 2175 τοῖς
470 2142 585 2178 κέρασιν
601 2143 695 2178 αὑτοῦ,
710 2145 758 2172 καὶ
779 2145 833 2173 ίδοὺ
847 2145 932 2183 κέρας

139 2186 237 2222 ἕτερον
256 2187 355 2222 μικρὸν
380 2188 523 2216 ἀνέϐαινεν
535 2191 564 2217 ἐν
585 2189 660 2225 μέσῳ
680 2190 781 2224 αὐτῶν,
800 2191 846 2218 καὶ
869 2191 933 2227 τρία

140 2234 249 2268 κέρατα
269 2233 323 2260 τῶν
346 2233 501 2270 ἔμπροσθεν
515 2234 597 2263 αὑτοῦ
609 2235 758 2272 ἐξεριζώθη
771 2236 827 2264 ἀπὸ
846 2246 933 2273 προσ-

139 2277 220 2304 ώπου
234 2278 317 2306 αὑτοῦ
328 2287 336 2295 ·
352 2279 399 2306 καὶ
414 2280 468 2308 ἰδοὺ
490 2281 635 2317 ὀφθαλμοὶ,
656 2282 722 2309 ὡσεὶ
736 2282 872 2319 ὀφθαλμοὶ
887 2284 934 2311 ἀν-

140 2323 255 2360 θρώπου
271 2325 300 2352 ἐν
311 2324 350 2361 τῷ
364 2325 462 2362 κέρατι
481 2327 585 2363 τούτῳ,
601 2328 649 2355 καὶ
671 2329 758 2364 στόμα
769 2329 867 2357 λαλοῦν
883 2339 934 2366 με·

140 2370 224 2406 γάλα.

177 2417 205 2444 9.
220 2417 370 2454 Ἐθεώρουν
380 2418 433 2451 ἓως
446 2419 490 2446 ὅτε
503 2419 591 2455 θρόνοι
604 2420 746 2457 ἐτέθησαν,
757 2421 804 2449 καὶ
814 2422 935 2456 Παλαιὸς

141 2463 257 2498 ἡμερῶν
280 2463 407 2498 ἐκάθητο,
438 2463 487 2491 καὶ
512 2464 543 2490 τδ
557 2464 657 2500 ἔνδυμα
676 2465 769 2499 αὐτοῦ,
785 2465 852 2493 ὡσεὶ
868 2466 935 2502 χιὼν

130 2499 250 2542 λευκὸν,
268 2509 315 2536 καὶ
330 2510 346 2544 ἠ
364 2509 426 2545 θρὶξ
448 2510 499 2545 τῆς
515 2499 637 2546 κεφαλῆς
652 2511 747 2544 αὑτοῦ,
771 2511 837 2539 ὡσεὶ
862 2499 935 2548 ἐριον

141 2553 276 2588 καθαρὸν,
291 2554 305 2580 ὁ
321 2553 416 2590 θρόνος
429 2555 513 2582 αὐτοῦ
527 2555 593 2590 φλὸξ
603 2556 699 2593 πυρὸς,
715 2556 741 2583 οἱ
749 2557 842 2593 τροχοὶ
851 2557 934 2585 αὑτοῦ

137 2600 201 2635 πῦρ
213 2599 323 2634 φλέγον.

184 2644 227 2672 10.
244 2645 370 2681 Ποταμδς
384 2646 470 2682 πυρὸς
485 2644 577 2675 εἷλκεν
598 2648 815 2684 ἐκπορευόμενος
832 2649 936 2686 ἐμπρο-

144 2691 211 2719 σθεν
224 2691 322 2718 αὑτοῦ·
342 2692 428 2727 χίλιαι
448 2692 567 2727 χιλιάδες
585 2693 773 2730 ἐλειτούργουν
787 2695 872 2730 αὐτῷ,
888 2695 936 2722 καὶ

146 2736 245 2773 μύριαι
263 2738 393 2772 μυριάδες
406 2739 639 2774 παρειστήκεισαν
658 2739 814 2776 ἔμπροσθεν
834 2741 934 2768 αὐτοῦ·

146 2782 292 2818 κριτήριον
307 2782 428 2815 ἐκάθισε,
442 2783 489 2810 καὶ
506 2783 823 2820 βίϐλοιάνεγνώσθησαν.

183 2827 229 2854 il.
253 2826 404 2864 Ἐθεώρουν
416 2828 477 2856 τότε
489 2828 544 2857 ὰπὸ
555 2828 647 2864 φωνῆς
663 2829 718 2857 τῶν
741 2829 841 2864 λόγων,
854 2826 892 2858 ὧν
905 2830 936 2857 τδ

981 899 1075 928 Daniel
1096 902 1234 929 somnium
1258 902 1338 936 vidit,
1359 909 1386 931 et
1404 904 1524 932 visiones
1547 906 1643 940 capitis
1666 906 1725 941 ejus
1742 907 1769 933 in

980 947 1107 974 cubiculo
1118 948 1190 982 ejus,
1214 953 1242 976 et
1265 949 1403 976 somnium
1435 951 1546 985 scripsit
1569 960 1575 978 :
1604 951 1768 987 principium

980 999 1138 1020 sermonum
1151 994 1221 1028 ejus,
1233 998 1259 1021 et
1277 995 1445 1029 respondens
1460 996 1538 1023 dixit.

1015 1038 1041 1064 2.
1063 1037 1119 1072 Ego
1136 1038 1228 1066 Daniel
1244 1039 1366 1067 videbam
1390 1041 1417 1067 in
1430 1041 1536 1068 visione
1550 1049 1611 1069 mea
1626 1042 1725 1076 noctis,
1741 1047 1768 1070 et

979 1090 1042 1111 ecce
1057 1088 1175 1119 quatuor
1198 1085 1271 1113 venti
1298 1086 1358 1114 coeli
1390 1086 1530 1114 irruebant
1561 1087 1588 1115 in
1617 1095 1691 1115 mare
1710 1096 1769 1116 ma-

980 1137 1075 1165 gnum.

1015 1177 1042 1203 5.
1063 1176 1095 1203 Et
1127 1182 1245 1212 quatuor
1269 1178 1363 1206 bestiae
1382 1179 1509 1214 .grandes
1536 1179 1718 1208 ascendebant
1734 1181 1768 1209 do

980 1223 1050 1250 mari
1069 1223 1184 1251 diversa:
1197 1224 1268 1251 inter
1282 1233 1322 1252 se.

1015 1269 1042 1296 4.
1063 1269 1153 1297 Prima
1169 1271 1249 1305 quasi
1265 1271 1360 1305 leaena,
1377 1275 1404 1299 et
1419 1272 1469 1300 ala:
1480 1273 1540 1308 ejus
1557 1274 1628 1301 sicut
1651 1273 1766 1308 aquilae:

980 1316 1157 1350 aspiciebam,
1169 1316 1256 1345 donec
1266 1317 1366 1345 evulsa:
1377 1323 1443 1346 sunt
1457 1320 1507 1346 alae
1518 1320 1588 1355 ejus,
1622 1323 1649 1348 et
1663 1320 1768 1347 sublata

981 1367 1023 1389 est
1039 1362 1072 1390 de
1089 1368 1172 1396 terra,
1191 1369 1218 1391 et
1232 1371 1314 1399 super
1328 1364 1411 1399 pedes
1423 1365 1544 1393 hominis
1572 1365 1655 1398 stetit,
1675 1369 1702 1392 et
1721 1372 1770 1393 cor

981 1408 1101 1437 hominis
1116 1410 1210 1437 datum
1223 1415 1265 1438 est
1281 1410 1317 1438 ei.

1017 1454 1043 1482 5.
1061 1455 1095 1482 Et
1110 1463 1173 1483 ecce
1199 1456 1289 1484 bestia
1317 1457 1370 1484 alia
1397 1457 1494 1485 similis
1517 1464 1594 1490 urso,
1612 1462 1638 1485 et
1654 1457 1680 1484 in
1692 1461 1770 1493 parte

982 1509 1036 1528 una
1051 1502 1134 1535 stetit,
1150 1507 1178 1530 et
1205 1503 1256 1530 tria
1274 1503 1359 1531 latera
1384 1503 1411 1531 in
1429 1511 1476 1531 ore
1501 1504 1561 1538 ejus
1589 1504 1659 1531 inter
1673 1504 1769 1531 dentes

981 1547 1051 1581 ejus,
1067 1553 1094 1575 et
1109 1549 1150 1576 sic
1160 1549 1285 1576 dicebant
1296 1549 1321 1577 ei
1333 1557 1339 1575 :
1354 1548 1453 1585 Surge,
1467 1551 1580 1577 comede
1591 1557 1687 1578 carnes
1698 1549 1770 1576 mul-

981 1597 1033 1620 tas.

1016 1638 1042 1666 6.
1063 1638 1128 1666 Post
1140 1639 1211 1666 hanc
1224 1639 1388 1675 aspiciebam
1401 1640 1427 1667 in
1444 1640 1549 1668 visione
1564 1641 1663 1672 noctis,
1675 1645 1770 1668 etecce

981 1684 1034 1711 alia
1049 1685 1136 1712 bestia
1152 1685 1230 1720 quasi
1247 1686 1360 1720 pardus,
1374 1690 1401 1713 et
1416 1686 1479 1714 huic
1494 1687 1544 1714 alte
1562 1691 1680 1721 quatuor
1691 1686 1769 1713 volu-

981 1730 1037 1758 cris
1054 1738 1136 1765 super
1152 1731 1250 1765 ipsam.
1265 1735 1292 1759 et
1310 1735 1429 1766 quatuor
1448 1732 1535 1767 capita
1551 1731 1654 1765 bestia,
1675 1736 1702 1759 et
1721 1739 1770 1767 po-

982 1779 1065 1802 testas
1078 1775 1142 1802 data
1159 1780 1199 1804 cst
1210 1776 1245 1804 ei.

1016 1820 1043 1846 7.
1064 1819 1129 1847 Post
1150 1821 1219 1848 hanc
1245 1821 1412 1856 aspiciebam
1439 1821 1466 1849 in
1495 1821 1600 1850 visione
1621 1824 1720 1856 noctis.
1745 1826 1773 1850 et

982 1873 1045 1894 ecce
1056 1867 1141 1894 bestia
1156 1872 1251 1903 quarta
1265 1868 1405 1899 terribilis.
1425 1873 1507 1904 atque
1519 1869 1661 1902 mirabilis,
1673 1874 1701 1897 et
1716 1869 1772 1896 for-

981 1912 1018 1940 tis
1035 1912 1127 1946 nimis,
1138 1917 1165 1941 et
1180 1913 1275 1941 dentes
1290 1914 1351 1949 ejus
1377 1913 1471 1947 ferrei,
1500 1919 1527 1942 et
1553 1915 1654 1950 magni,
1681 1923 1772 1943 come-

982 1958 1062 1991 dens,
1077 1964 1159 1995 atque
1172 1960 1363 1988 comminuens
1375 1980 1382 1993 ,
1404 1963 1431 1987 et
1454 1960 1558 1995 reliqua
1584 1961 1699 1995 pedibus
1713 1962 1771 1989 suis

982 2003 1180 2039 conculcabat;
1195 2010 1222 2032 et
1235 2005 1293 2041 ipsa
1309 2005 1453 2033 ditlerebat
1470 2004 1552 2032 nimis
1572 2012 1628 2040 pne
1641 2006 1770 2032 omnibus

983 2049 1090 2083 bestiis,
1106 2058 1167 2084 quae
1182 2055 1245 2078 ante
1273 2057 1333 2078 eam
1350 2049 1492 2086 (fuerant),
1513 2054 1540 2077 et
1554 2057 1658 2078 cornua
1684 2051 1709 2078 ei
1723 2051 1771 2078 de-

983 2101 1042 2122 cem
1047 2113 1054 2121 .

1019 2139 1046 2167 8.
1064 2140 1276 2169 Considerabam
1301 2147 1403 2169 cornua
1424 2141 1485 2176 ejus
1500 2162 1508 2175 ,
1538 2145 1566 2168 et
1589 2149 1653 2169 ecce
1685 2148 1772 2169 cornu

985 2184 1058 2213 aliud
1075 2192 1187 2219 parvum
1204 2185 1368 2214 ascendebat
1380 2186 1407 2213 in
1421 2186 1512 2214 medio
1522 2193 1617 2214 eorum
1644 2195 1651 2214 :
1676 2191 1703 2214 et
1721 2186 1772 2213 tria

985 2237 1087 2258 cornua
1101 2238 1207 2266 eorum,
1223 2239 1284 2267 qua:
1302 2235 1380 2259 erant
1392 2236 1455 2259 ante
1474 2232 1563 2267 ipsum
1576 2252 1584 2265 ,
1603 2232 1696 2260 evulsa
1708 2236 1773 2259 sunt

983 2283 999 2303 a
1014 2276 1083 2304 facie
1098 2277 1158 2312 ejus
1172 2287 1179 2304 :
1196 2283 1222 2305 et
1238 2285 1302 2305 ecce
1314 2277 1386 2305 oculi
1409 2277 1489 2313 quasi
1512 2277 1583 2306 oculi
1607 2277 1728 2306 hominis
1744 2277 1772 2305 in

983 2329 1070 2350 cornu
1082 2323 1145 2356 isto,
1162 2327 1190 2351 et
1204 2330 1236 2351 os
1249 2323 1365 2358 loquens
1377 2331 1487 2359 magna.

1019 2411 1046 2440 9.
1066 2410 1249 2446 Aspiciebam,
1273 2411 1361 2440 donec
1377 2412 1468 2440 throni
1483 2411 1566 2447 positi
1585 2415 1660 2444 sunt,
1676 2415 1704 2439 et
1716 2410 1774 2438 An-

983 2457 1077 2494 tiquus
1103 2457 1209 2486 dierum
1233 2458 1311 2491 sedit,
1338 2462 1366 2486 et
1387 2459 1581 2486 vestimentum
1606 2458 1666 2493 ejus
1693 2459 1773 2494 quasi

984 2504 1031 2532 nix
1042 2504 1198 2537 candidum,
1220 2508 1247 2531 et
1258 2504 1374 2539 capillus
1401 2504 1500 2539 capitis
1529 2504 1590 2539 ejus
1612 2503 1690 2540 quasi
1709 2503 1773 2532 lana

984 2549 1086 2577 munda
1100 2559 1107 2577 :
1121 2550 1236 2577 thronus
1252 2549 1312 2585 ejus
1326 2549 1435 2576 ﬂamma
1450 2549 1530 2584 ignis,
1543 2553 1610 2577 rotae
1630 2550 1690 2585 ejus
1703 2550 1774 2588 ignis

984 2595 1114 2631 ﬂagrans.

1022 2642 1066 2669 10.
1086 2642 1199 2670 Flumen
1211 2642 1282 2677 ignis
1297 2642 1422 2670 trahebat
1433 2642 1616 2678 egrediensin
1625 2647 1772 2679 conspectu

985 2690 1065 2725 ejus:
1087 2690 1170 2717 millia
1187 2690 1302 2718 millium
1319 2691 1547 2718 deserviebantei
1560 2711 1568 2724 ,
1584 2695 1611 2720 et
1626 2692 1695 2720 dena
1710 2691 1773 2718 mil-

985 2737 1021 2764 lia
1033 2736 1132 2764 denum
1148 2737 1262 2764 millium
1275 2736 1421 2765 adstabant
1443 2741 1506 2765 ante
1532 2745 1595 2765 eum
1611 2747 1618 2765 :
1637 2737 1771 2773 judicium

986 2782 1068 2816 sedit,
1081 2787 1108 2811 et
1119 2783 1181 2810 libri
1194 2783 1256 2811 lecti
1273 2787 1346 2811 sunt.

1023 2828 1066 2856 ll.
1088 2828 1260 2863 Aspicicbam
1283 2833 1348 2857 tunc
1363 2836 1379 2856 ει
1405 2836 1471 2858 voce
1496 2836 1651 2858 sermonum
1669 2848 1678 2862 ,
1701 2836 1770 2863 quos
