1967 3079
206 125 283 154 93Ἱὸ

739 120 865 148 DANIEL
884 118 999 148 JUXTA
1017 117 1290 146 TIIEODOTIONEM

1763 117 1835 147 2376

209 189 296 209 cornu
327 180 390 208 illud
420 179 596 214 loquebatur,
625 177 761 213 aspiciens
794 186 883 210 erant,
907 177 996 212 quoad

1070 175 1131 210 έρας
1147 176 1234 202 ἐκεῖνο
1252 174 1352 206 ἰλάλει,
1368 174 1479 210 θεωρῶν
1493 176 1576 210 1ήμην,
1592 173 1646 206 ἓως
1662 173 1785 208 ἀνῃρέθη
1805 174 1837 200 τὸ

212 235 300 262 usque
316 225 456 253 interfecta
471 229 513 252 est
527 225 625 255 bestia,
638 229 664 250 et
682 223 770 258 periit,
784 228 811 250 et
823 230 923 258 corpus
938 224 997 258 ejus

211 274 304 301 datum
317 277 359 301 est
375 273 400 299 in
418 272 636 299 combustionem
654 270 735 305 ignis.

249 319 291 345 12.
311 317 344 344 Et
357 321 515 344 calet-arum
531 315 680 342 bestiarum
699 314 848 341 translatus
867 318 908 341 est
920 314 997 349 prin-

212 364 328 399 cipatus,
344 366 372 390 et
389 362 530 396 longitudo
549 361 613 387 vitae
638 360 700 386 data
724 364 765 387 est
794 359 834 387 eis
858 368 945 394 usque
964 360 998 387 ad

213 416 319 443 tempus
348 412 375 435 et
394 406 636 442 opportunitatem.

247 454 290 480 15.
313 452 485 487 Aspiciebam
504 452 531 478 in
560 451 666 478 visione
690 450 788 483 noctis,
800 455 827 477 et
844 457 907 478 ecce
935 458 998 477 cum

213 499 331 526 nubibus
351 498 411 525 caeli
434 497 512 532 quasi
527 497 613 525 Filius
628 497 746 525 hominis
761 497 872 524 veniens
891 501 959 530 erat,
971 501 999 524 et

213 552 299 584 usque
328 544 359 570 ad
377 543 525 578 Autiquum
545 543 651 570 dierum
678 543 818 578 pervenit,
836 547 863 570 et
891 543 918 570 in
933 550 1000 570 con-

213 594 306 624 spcctu
322 590 382 624 ejus
396 589 504 616 oblatus
516 593 558 616 est
577 589 612 616 ei.

247 635 292 663 14.
314 635 347 662 Et
363 635 414 670 ipsi
432 635 512 662 datus
531 640 573 663 est
597 635 767 670 principatus
779 656 786 668 ,
812 640 838 662 et
858 636 958 669 honor,
973 639 1000 663 et

214 687 377 718 regnum,et
387 690 484 710 omnes
510 683 614 718 populi,
641 683 738 716 tribus,
761 683 859 718 lingua
871 683 922 718 ipsi
941 690 1000 710 ser-

213 728 310 755 viunt:
328 733 354 755 et
368 731 488 763 potestas
509 728 685 763 sempiterna,
702 736 762 763 quas
782 737 836 756 non
863 733 1000 764 pertrans-

214 773 275 805 ibit,
289 779 315 800 et
324 781 437 808 regnum
450 773 510 807 ejus
522 781 575 800 non
587 773 753 801 destruetur.

251 819 294 846 15.
315 818 428 846 Horruit
445 819 558 854 spiritus
571 826 660 850 meus,
676 827 727 854 ego
750 819 842 847 Daniel
858 820 883 846 in
907 819 1000 847 habitu

214 873 287 897 meo,
306 870 332 892 et
345 865 463 892 visiones
478 864 573 899 capitis
589 865 640 892 mei
654 865 852 892 conturbabant
863 873 915 892 me.

251 910 295 938 16.
319 911 350 937 Et
365 911 468 938 accessi
481 911 514 938 ad
532 919 616 937 unum
633 911 836 944 assistentium,
860 916 887 938 et
904 911 1002 938 verita-

214 961 269 983 tem
287 955 442 990 quaerebam
459 956 493 983 ab
517 963 550 983 eo
565 956 670 983 discere
685 956 719 983 de
743 957 871 984 omnibus
895 956 957 984 bis:
974 960 1002 984 et

215 1001 284 1028 dixit
304 1000 371 1027 mihi
388 1002 540 1035 veritatem,
562 1007 589 1029 et
622 1001 871 1036 interpretationem
895 1010 1002 1030 sermo-

216 1055 281 1074 num
295 1046 444 1074 declaravit
459 1047 537 1074 mihi.

253 1092 297 1119 17.
319 1090 365 1118 Ha:
383 1091 475 1118 bestia:
497 1099 603 1126 magna:
626 1096 754 1127 quatuor,
778 1097 896 1128 quatuor
919 1100 1002 1128 regna

217 1141 331 1172 surgent
350 1137 378 1164 in
394 1142 476 1170 terra,
490 1146 551 1173 quae
561 1138 729 1167 auferentur.

253 1224 296 1252 18.
316 1224 349 1251 Et
366 1225 513 1259 suscipient
529 1233 641 1260 regnum
654 1226 740 1254 sancti
753 1226 895 1261 Altissimi,
912 1233 938 1256 et
952 1229 1002 1256 ob-

219 1270 344 1298 tinebunt
362 1270 430 1298 illud
450 1278 537 1305 usque
553 1271 580 1298 in
598 1272 729 1299 saeculum
741 1273 914 1301 smculorum.
959 1284 961 1286 ·

254 1358 297 1386 19.
318 1358 351 1386 Et
364 1358 516 1393 qurerebam
530 1359 672 1394 diligenter
682 1361 715 1388 de
729 1361 928 1396 bestiaquarta,
940 1362 1004 1397 quia

218 1409 279 1432 erat
295 1404 438 1432 dissimilis
451 1404 486 1432 ab
498 1405 572 1432 omni
590 1406 686 1438 bestia,
703 1412 729 1434 et
755 1408 883 1435 terribilis
905 1408 1003 1437 nimis:

220 1450 315 1476 dentes
327 1449 386 1484 ejus
401 1448 492 1483 ferrei,
508 1456 536 1478 et
552 1458 656 1486 ungues
676 1451 736 1486 ejus
748 1453 829 1480 terei:
849 1454 1004 1486 comedens,

219 1498 248 1522 et
264 1494 467 1528 comminuens,
485 1498 511 1522 et
526 1495 631 1531 reliqua
647 1496 760 1531 pedibus
780 1497 838 1524 suis
861 1498 1006 1525 conculca-

220 1540 277 1568 bat.

254 1586 300 1614 20.
319 1586 352 1613 Et
363 1587 396 1613 de
409 1586 540 1614 cornibus
551 1586 611 1622 ejus
619 1588 723 1622 decem,
735 1597 796 1624 qua:
806 1589 832 1616 in
839 1591 927 1625 capite
934 1590 1005 1625 ejus,

218 1636 246 1659 et
258 1632 311 1659 alio
327 1631 399 1667 quod
416 1632 549 1665 ascendit,
565 1637 592 1660 et
602 1635 725 1663 excussit
739 1635 772 1663 de
785 1636 923 1670 prioribus
938 1636 1004 1663 tria:

218 1683 247 1705 et
258 1687 342 1706 cornu
357 1680 433 1713 illud,
447 1681 492 1708 cui
508 1681 579 1708 oculi
592 1685 656 1708 sunt
666 1681 702 1712 ei,
716 1685 784 1708 etos
798 1681 912 1716 loquens
925 1689 1008 1716 gran-

220 1726 276 1758 dia,
291 1731 318 1754 et
333 1732 459 1762 aspectus
477 1735 573 1756 eorum
584 1727 673 1762 major
684 1728 799 1756 caeteris.

255 1814 302 1842 2|.
321 1815 505 1850 Aspiciebam,
518 1821 546 1843 et
569 1823 654 1844 cornu
671 1817 736 1845 illud
761 1817 877 1846 faciebat
905 1818 1007 1846 bellum

221 1866 285 1887 cum
306 1859 420 1893 sanctis,
435 1864 463 1887 et
474 1861 636 1895 praevalebat
654 1861 786 1889 adversus
802 1870 858 1891 eos.

257 1903 303 1930 22.
324 1903 419 1937 Quoad
436 1913 522 1940 usque
536 1905 610 1933 vertit
625 1906 761 1941 Autiquus
774 1907 890 1941 dierum,
900 1909 1009 1944 etjudi-

222 1948 295 1976 cium
315 1949 388 1977 dedit
402 1950 503 1978 sanctis
519 1951 662 1985 Altissimi,
680 1957 707 1980 et
728 1957 835 1988 tempus
849 1954 967 1989 advenit,
981 1959 1009 1984 et

222 2003 335 2031 regnum
352 1996 530 2024 obtinuerunt
547 1999 644 2026 sancti.

257 2042 302 2069 23.
322 2041 355 2069 Et
368 2042 437 2069 dixit
451 2043 510 2071 sic:
529 2043 622 2072 Bestia
646 2050 741 2080 quarta
759 2054 869 2082 regnum
882 2052 1008 2083 quartum

222 2087 274 2116 erit
289 2089 316 2116 in
331 2093 414 2122 terra,
432 2090 505 2125 quod
518 2090 648 2119 eminebit
662 2099 745 2128 super
765 2094 856 2121 omnia
876 2102 970 2130 regna,
982 2099 1010 2123 et

223 2133 366 2161 devorabit
380 2135 535 2163 universam
550 2141 660 2171 terram,
675 2143 702 2166 et
715 2139 888 2167 conculcabit
903 2145 1010 2173 cam,et

222 2178 349 2207 concidet
363 2188 434 2207 eam.

259 2267 305 2294 21.
326 2266 360 2294 Et
374 2267 467 2295 decem
483 2276 586 2297 cornua
601 2270 671 2305 ejus,
689 2271 782 2299 decem
799 2279 877 2308 reges
895 2280 1010 2302 consur-

223 2319 305 2348 gent:
321 2317 348 2340 et
365 2318 426 2348 post
455 2323 503 2342 eos
527 2321 673 2352 consurget
687 2318 767 2351 alius,
795 2319 840 2354 qui
871 2320 1010 2355 superabit

224 2360 304 2388 malis
316 2367 412 2389 omnes
428 2361 544 2396 priores,
559 2366 586 2389 et
600 2366 654 2391 tres
669 2371 746 2399 reges
761 2365 923 2393 bumiliabit.

257 2448 302 2476 25.
324 2448 356 2476 Et
367 2456 507 2477 sermones
538 2455 633 2478 contra
659 2451 800 2480 Excelsum
829 2454 1011 2489 loquetur,et

223 2499 332 2521 sanctos
358 2495 490 2523 Allissimi
514 2497 682 2532 antiquabit,
707 2503 734 2526 et
754 2499 883 2534 cogitabit
907 2505 1011 2529 mutare

223 2544 357 2574 tempora,
375 2545 401 2568 et
412 2541 509 2577 legem,
525 2547 552 2570 et
566 2543 675 2570 dabitur
689 2544 716 2571 in
739 2553 820 2572 manu
849 2546 908 2580 ejus
923 2554 1010 2581 usque

223 2586 257 2612 ad
274 2591 391 2621 tempus,
407 2593 434 2614 et
448 2593 582 2624 tempora,
595 2594 623 2617 et
639 2589 782 2618 dimidium
796 2593 936 2628 temporis.

257 2673 303 2701 26.
325 2674 500 2710 Etjudicium
515 2677 595 2710 sedit,
612 2682 640 2706 et
653 2679 835 2715 principatum
852 2680 911 2716 ejus
919 2685 1008 2710 trans-

223 2719 311 2747 ferent
326 2723 358 2749 ad
388 2724 626 2753 exterminandum
643 2731 670 2754 et
694 2727 862 2761 perdendum
877 2735 963 2764 usque
978 2728 1006 2756 in

222 2765 314 2793 tinem.

257 2817 303 2845 27.
324 2817 357 2857 Et
375 2826 510 2857 regnum,
527 2825 554 2849 et
569 2827 696 2857 potestas,
723 2827 750 2851 et
773 2823 931 2858 magnitudo
960 2832 1004 2853 re-

1049 220 1152 255 θηρίον,
1169 222 1216 247 καὶ
1231 220 1366 253 ἀπώλετο,
1379 219 1469 246 καὶτὸ
1484 219 1564 254 σῶμα
1589 219 1672 246 αὐτοῦ
1696 218 1775 254 ἐδόθη
1797 219 1838 250 είς

1048 265 1146 292 καῦσιν
1167 265 1261 301 πυρός.

1085 311 1127 337 12.
1143 311 1199 337 Kal.
1213 311 1266 337 τῶν
1292 310 1394 338 λοιπῶν
1422 309 1525 346 θηρίων
1551 309 1704 345 μετεστάθη
1722 310 1738 344 ἠ
1757 308 1836 345 ἀρχή,

1048 355 1096 381 καὶ
1111 355 1251 391 μακρότης
1274 355 1347 391 ζωῆς
1373 355 1452 390 ἐδόθη
1469 356 1560 386 αὐτοῖς
1581 354 1633 386 ἓως
1658 355 1757 390 χρόνου
1792 355 1837 381 καὶ

1049 401 1158 436 καιροῦ.

1085 447 1129 474 15.
1151 447 1301 483 Ἐθεώρουν
1322 447 1350 473 ὲν
1365 447 1484 482 ὁράματι
1502 446 1552 481 τῆς
1576 446 1683 479 νυκτὸς,
1712 445 1760 472 καὶ
1785 445 1839 472 ἰδοὺ

1051 491 1120 528 μετὰ
1141 491 1196 519 τῶν
1215 491 1334 527 νεφελῶν
1351 491 1397 518 τοῦ
1416 491 1542 526 οὐρανοῦ,
1556 491 1594 522 ὡς
1608 491 1672 522 Υἱὸς
1694 489 1840 525 ἀνθρώπου

1050 538 1197 572 ἐρχόμενος
1225 535 1278 572 ἦν,
1296 538 1344 564 καὶ
1371 537 1424 568 ἓως
1445 536 1493 563 τοῦ
1513 536 1632 564 Παλαιοῦ
1654 536 1711 562 τῶν
1729 535 1841 571 ἡμερῶν

1048 583 1160 618 ἔφθασε,
1181 583 1227 610 καὶ
1244 583 1359 610 ἐνώπιον
1371 583 1454 610 αὑτοῦ
1470 582 1642 618 προσηνέχθη
1665 582 1752 616 αὐτῷ.

1085 629 1128 656 14.
1142 629 1197 655 Καὶ
1210 629 1284 664 αὑτῴ
1297 629 1375 664 ἐδόθη
1391 629 1408 664 ὴ
1421 629 1503 664 ἀρχὴ,
1519 629 1567 655 καὶ
1581 629 1597 663 ἡ
1612 628 1690 663 τιμὴ,
1702 628 1776 663 καὶὴ
1797 628 1841 662 βα-

1051 674 1150 706 σιλεία,
1176 675 1223 701 καὶ
1247 675 1348 706 πάντες
1371 675 1396 700 οἱ
1424 674 1493 706 λαοὶ,
1512 671 1611 708 φυλαὶ,
1629 673 1752 707 γλῶσσαι
1768 671 1841 706 αὑτῷ

1049 720 1220 747 δουλεύουσιν
1228 729 1234 736 ·
1248 722 1295 747 καὶ
1309 722 1324 756 ἡ
1335 720 1444 752 ἐξουσία
1455 719 1573 751 αἰώνιος,
1584 720 1601 754 ἧ
1613 728 1655 751 τις
1663 719 1695 746 οὐ
1707 718 1843 754 παρελεύ-

1051 772 1137 797 σεται,
1155 764 1202 790 καὶ
1217 765 1233 800 ή
1252 764 1375 799 βασιλεία
1394 764 1476 791 αὑτοῦ
1494 765 1523 790 οὐ
1541 764 1769 799 διαφθαρήσεται.

1088 809 1130 836 15.
1147 809 1261 845 Ἐφριξε
1273 810 1303 836 τὸ
1316 811 1426 845 πνεῦμά
1442 819 1504 846 μου,
1513 809 1567 844 ἐγὼ
1583 809 1683 844 Δανιὴλ
1697 810 1726 835 ὲν
1740 810 1773 844 τῇ
1787 808 1842 841 ἕξει

1016 859 1037 887 Β
1054 863 1115 889 μου.
1132 855 1180 882 καὶ
1188 857 1215 882 at
1232 855 1342 891 ὁράσεις
1358 857 1408 891 τῆς
1422 856 1547 891 κεφαλῆς
1562 864 1614 891 μου
1629 855 1782 891 ὲτάρασσόν
1797 863 1842 890 με.

1090 900 1133 928 16.
1152 901 1207 927 Kal.
1226 902 1379 937 προσῆλθον
1406 903 1447 929 ἑνὶ
1463 902 1517 929 τῶν
1544 902 1709 937 ἑστηκότων,
1729 902 1778 928 καὶ
1794 901 1843 936 τὴν

1055 945 1196 982 ἀκρίϐειαν
1212 947 1323 982 ἐζήτουν
1343 948 1407 983 παρ’
1429 947 1513 974 αὐτοῦ
1536 948 1631 982 μαθεῖν
1652 947 1717 981 περὶ
1733 947 1844 974 πάντων

1054 991 1172 1019 τούτων*
1199 992 1247 1019 καὶ
1265 991 1325 1019 εἰπέ
1342 1002 1386 1028 μοι
1411 993 1460 1028 τὴν
1474 993 1635 1029 ἀκρίϐειαν,
1656 993 1704 1019 καὶ
1715 992 1765 1029 τὴν
1779 993 1846 1027 σύγ-

1055 1045 1145 1073 κρισιν
1159 1037 1212 1064 τῶν
1229 1037 1316 1072 λόγων
1331 1038 1462 1074 ὲγνώρισέ
1480 1047 1536 1074 μοι.

1091 1082 1135 1111 17.
1155 1082 1248 1110 Ταῦτα
1260 1084 1295 1111 τὰ
1312 1084 1395 1120 θηρία
1407 1085 1441 1112 τὰ
1465 1086 1571 1120 μεγάλα
1590 1087 1623 1113 τὰ
1638 1086 1769 1120 τέσσαρα,
1784 1085 1847 1112 τέσ-

1056 1137 1139 1164 σαρες
1157 1129 1290 1164 βασιλεῖαι
1304 1130 1502 1166 ἀναστήσονται
1520 1132 1566 1158 ἐπὶ
1578 1132 1627 1168 τῆς
1640 1132 1704 1167 γῆς,
1717 1132 1746 1158 αἱ
1759 1131 1845 1166 ἀρθή-

1056 1183 1158 1203 σονται.

1093 1221 1136 1249 18.
1152 1222 1206 1249 Kal.
1220 1223 1427 1258 παραλήψονται
1440 1223 1490 1259 τὴν
1508 1224 1646 1260 βασιλείαν
1672 1225 1746 1260 ἀγιοι
1770 1224 1847 1258 Ὑψί-

1057 1276 1131 1302 στου,
1147 1268 1195 1295 καὶ
1223 1269 1383 1302 καθέξουσιν
1406 1270 1490 1306 αὐτὴν
1516 1271 1568 1304 ἕως
1594 1271 1703 1304 αἰῶνος,
1723 1270 1771 1298 καὶ
1793 1271 1847 1303 ἕως

1056 1314 1153 1346 αίῶνος
1172 1312 1225 1341 τῶν
1239 1315 1355 1343 αίὼνων.

1093 1359 1136 1387 19.
1155 1361 1210 1388 Kal.
1225 1362 1337 1396 ἐζήτουν
1349 1362 1471 1398 ἀκριϐῶς
1485 1363 1549 1399 περὶ
1569 1363 1615 1391 τοῦ
1630 1364 1724 1399 θηρίου
1742 1363 1790 1391 τοῦ
1805 1372 1849 1390 τε·

1056 1405 1167 1442 τάρτου,
1187 1407 1228 1433 ὅτι
1244 1405 1278 1443 ἦν
1293 1407 1419 1444 διάφορον
1430 1408 1506 1444 παρά
1519 1409 1573 1437 πᾶν
1586 1409 1692 1445 θηρίον,
1708 1409 1755 1436 καὶ
1766 1409 1850 1443 φοὸει

1059 1450 1104 1486 ρδν
1122 1452 1277 1486 περισσῶς·
1293 1453 1317 1478 οἱ
1331 1452 1436 1485 ὀδόντες
1448 1454 1530 1481 αὑτοῦ
1547 1455 1664 1490 σιδηροῖ,
1679 1455 1726 1481 καὶ
1749 1455 1774 1481 ot
1785 1454 1847 1481 6w-

1058 1505 1104 1531 χες
1117 1496 1200 1523 αὑτοῦ
1212 1497 1316 1532 χαλκοῖ,
1329 1498 1428 1531 ἐσθίον,
1444 1499 1491 1526 καὶ
1501 1499 1641 1534 λεπτύνον,
1659 1499 1707 1527 καὶ
1719 1499 1755 1526 τὰ
1764 1500 1850 1527 κατά·

1017 1536 1040 1567 C
1057 1540 1138 1568 λοιπα
1153 1542 1207 1574 τοῖς
1226 1543 1304 1570 ποσὶν
1318 1543 1401 1570 αὑτοῦ
1425 1545 1580 1572 συνεπάτει.

1091 1587 1136 1614 20.
1156 1588 1210 1615 Kal
1227 1589 1291 1625 περὶ
1306 1589 1360 1616 τῶν
1370 1590 1495 1626 κεράτων
1510 1591 1593 1618 αὑτοῦ
1604 1591 1659 1617 τῶν
1672 1591 1738 1618 δέκα
1748 1589 1804 1617 τῶν
1819 1590 1850 1616 ἐν

1056 1633 1089 1668 τῇ
1107 1634 1212 1670 κεφαλῇ
1227 1635 1322 1668 αὐτοῦ,
1340 1636 1443 1663 καὶτοῦ
1455 1628 1550 1672 ἑτέρου
1563 1636 1610 1664 τοῦ
1626 1636 1787 1669 ἀναὸάντος,
1801 1636 1849 1663 καὶ

1057 1679 1248 1713 ὲκτινάξαντος
1259 1681 1312 1707 τῶν
1328 1681 1468 1717 προτέρων
1483 1682 1556 1718 τρία,
1568 1683 1616 1709 καὶ
1631 1682 1662 1709 τὺ
1679 1682 1764 1718 κέρας
1777 1682 1849 1708 tur-

1057 1733 1097 1757 vo,
1109 1721 1132 1759 ᾧ
1146 1725 1281 1760 ὀφθαλμοὶ
1294 1726 1379 1762 αὐτῷ,
1395 1727 1442 1754 καὶ
1452 1727 1540 1762 στόμα
1553 1727 1653 1755 λαλοῦν
1668 1727 1787 1764 μεγάλα,
1801 1727 1849 1754 καὶ

1058 1770 1075 1806 ὴ
1089 1770 1183 1805 ὅρασις
1194 1771 1283 1798 αὐτῶν
1296 1772 1397 1806 μείζων
1410 1772 1463 1799 τῶν
1475 1773 1586 1800 λοιπῶν.

1093 1816 1138 1843 21.
1162 1816 1326 1853 Ἐθεώρουν,
1346 1818 1393 1844 καὶ
1410 1818 1440 1844 τὸ
1461 1818 1544 1855 κέρας
1558 1819 1647 1846 ἐκεῖνο
1668 1818 1756 1846 ἐποίει
1771 1819 1849 1845 πόλε-

1060 1870 1111 1897 μον
1127 1862 1196 1898 μετὰ
1208 1863 1263 1890 τῶν
1278 1864 1374 1898 ἁγίων,
1388 1864 1436 1891 καὶ
1449 1865 1542 1900 τσχυσε
1555 1865 1623 1901 πρὸς
1634 1865 1744 1898 αὐτούς.

1094 1908 1140 1936 2‘2.
1157 1909 1230 1941 Ἕως
1246 1906 1277 1936 οὗ
1296 1908 1379 1945 ἦλθεν
1402 1912 1416 1938 ό
1433 1911 1551 1944 Παλαιὸς
1577 1912 1632 1938 τῶν
1654 1911 1784 1947 ἡμερῶν,
1800 1912 1850 1939 καὶ

1057 1953 1088 1981 τὺ
1103 1955 1188 1990 κρῖμα
1194 1955 1293 1982 ἔδωκεν
1306 1956 1394 1990 ἁγίοις
1401 1956 1539 1992 Ὑψίστου,
1548 1957 1595 1984 καὶ
1604 1958 1618 1984 ὁ
1631 1958 1725 1994 καιρὸς
1734 1957 1848 1992 ἔφθασε,

1059 1998 1106 2024 καὶ
1123 1999 1172 2035 τὴν
1183 1995 1325 2034 βασιλείαν
1339 2001 1470 2038 κατέσχον
1482 2003 1506 2029 οί
1519 2003 1600 2037 ἅγιοι.

1095 2043 1210 2081 ΞξᾸίαὶ
1234 2042 1312 2072 εἶπεν
1339 2045 1442 2078 οὕτως’
1476 2047 1514 2074 Τὸ
1543 2048 1637 2084 θηρίον
1663 2048 1695 2076 τδ
1718 2049 1849 2085 τέταρτον

1061 2089 1184 2124 βασιλεία
1213 2090 1330 2127 τετάρτη
1354 2091 1430 2119 ἔσται
1447 2093 1476 2119 ὲν
1506 2095 1552 2129 τῇ.
1568 2096 1603 2130 γῇ
1628 2095 1690 2130 ἥτις
1720 2096 1849 2131 ὑπερέξει

1060 2135 1151 2167 πάσας
1169 2136 1217 2168 τὰς
1230 2136 1388 2172 ἷβασιλείας,
1407 2138 1454 2165 καὶ
1473 2141 1661 2174 καταφάγεται
1685 2142 1777 2168 πᾶσαν
1799 2143 1849 2177 τὴν

1024 2181 1124 2232 1⁵’γῆη
1141 2182 1188 2209 καὶ
1215 2184 1390 2220 συμπατήσει
1430 2184 1527 2220 αὐτὴν,
1550 2186 1596 2212 καὶ
1625 2186 1776 2222 κατακόψει
1802 2187 1850 2214 αὖ,

1061 2228 1121 2263 τήν.

1096 2275 1142 2302 21.
1159 2275 1214 2302 Kal.
1242 2276 1276 2303 τὰ
1299 2277 1366 2305 δέκα
1393 2278 1496 2315 κέρατα
1525 2277 1618 2310 αὐτοῦ,
1645 2278 1711 2306 δέκα
1729 2279 1848 2313 βασιλεῖς

1060 2321 1270 2358 ἀναστήσονται,
1293 2324 1340 2351 καὶ
1359 2324 1447 2351 ὀπίσω
1474 2325 1565 2352 αὐτῶν
1587 2325 1770 2359 ἀναστήσεται
1793 2326 1848 2352 ἑτε-

1063 2377 1120 2404 ρος,
1132 2369 1161 2402 ὂς
1175 2370 1316 2406 ὑπεροίσει
1334 2372 1429 2402 κακοῖς
1456 2371 1560 2402 πάντας
1587 2371 1651 2402 τοὺς
1680 2370 1846 2406 ἔμπροσθεν,

1061 2415 1109 2442 καὶ
1125 2417 1200 2450 τρεῖς
1213 2415 1333 2451 βασιλεῖς
1348 2416 1520 2443 ταπεινώσει.

1095 2461 1141 2488 25.
1157 2461 1212 2488 Kal.
1228 2461 1324 2496 λόγους
1354 2462 1422 2498 πρὸς
1433 2461 1478 2489 τὸν
1499 2462 1629 2497 Ὕψιστον
1663 2462 1786 2498 λαλήσει,
1802 2462 1848 2489 καὶ

1061 2508 1125 2539 τοὺς
1142 2508 1237 2541 ἁγίους
1261 2508 1390 2543 Ὑψίστου
1406 2508 1568 2542 παλαιώσει,
1582 2509 1628 2535 καὶ
1638 2509 1785 2544 ὑπονοήσει
1800 2508 1846 2535 τοῦ

1061 2553 1209 2580 ἀλλοιῶσαι
1234 2554 1358 2589 καιροὺς.
1385 2555 1434 2580 καὶ
1460 2555 1553 2590 νόμον,
1573 2555 1620 2581 καὶ
1644 2554 1789 2590 δοθήσεται
1819 2555 1847 2581 ἐν

1060 2598 1133 2634 χειρὶ
1153 2598 1236 2625 αὐτοῦ
1251 2599 1303 2630 ἓως
1315 2599 1423 2635 καιροῦ,
1436 2599 1483 2626 καὶ
1498 2600 1612 2635 καιρῶν,
1628 2600 1675 2626 καὶ
1687 2601 1775 2636 ἥμισυ
1787 2609 1847 2627 και-

1063 2653 1109 2680 ρου
1114 2664 1121 2671 .

1095 2690 1142 2718 26.
1162 2689 1217 2717 Kal.
1243 2689 1276 2717 τὸ
1302 2691 1442 2727 κριτήριον
1473 2691 1594 2723 ἐκάθισε,
1620 2691 1668 2718 καὶ
1692 2691 1742 2725 τὴν
1759 2691 1846 2726 ἀρχὴν

1061 2737 1142 2763 αὑτοῦ
1155 2737 1355 2773 μεταστήσουσι
1371 2737 1418 2764 τοῦ
1439 2738 1581 2773 ἀφανίσαι,
1597 2737 1645 2764 καὶ
1655 2737 1701 2764 τοῦ
1714 2737 1846 2764 ἀπολέσαι

1060 2783 1112 2814 ἕως
1131 2783 1234 2815 τέλους.

1096 2830 1141 2857 27.
1159 2830 1214 2857 Καὶ
1234 2831 1250 2864 ἡ
1266 2830 1398 2865 βασιλεία,
1416 2831 1462 2858 καὶ
1479 2830 1626 2866 ήὲξουοία,
1648 2830 1697 2859 καὶ
1711 2831 1728 2866 ἡ
1756 2837 1843 2866 μιγα-
