1967 3079
79 120 149 149 987⁵1

798 123 912 152 (ἈΡΕΤ
934 124 1001 153 VIII.

1632 125 1702 154 2878

80 177 184 213 λωσύνη
215 178 273 206 τῶν
300 180 443 215 βασιλέων,
462 183 516 208 τῶν
547 182 675 210 ὑποκάτω
692 183 792 214 παντὸς
821 182 867 210 τοῦ

940 193 994 217 um,
1007 185 1054 220 qui
1070 186 1122 214 sub
1136 186 1211 214 omni
1228 187 1298 214 cmlo
1312 187 1399 222 (sunt)
1421 187 1483 214 data
1509 192 1574 214 sunt
1602 188 1704 215 sanctlx

80 223 207 259 οὐρανοῦ,
231 225 312 260 ἐδόθη
340 227 429 261 ἁγίοις
469 228 613 263 Ὑψίστου·
646 228 724 264 καὶὴ
745 229 867 263 βασιλεία

80 269 166 296 αὐτοῦ
182 269 307 304 βασιλεία
320 273 439 305 αἰώνιος,
459 275 507 300 καὶ
527 275 612 301 πᾶσαι
639 275 667 300 αἱ
690 275 773 310 ἀρχαὶ
793 274 869 309 αὐτῷ

80 313 266 347 δουλεύσουσι,
279 317 327 342 καὶ
340 317 552 345 ὑπακούσονται,
570 319 642 350 Ἕως
656 316 706 345 ὧδε
724 320 810 354 πέρας
821 319 868 346 τοῦ

80 359 173 393 λόγου.

116 403 165 431 28.
189 404 261 438 Ἐγὼ
275 406 373 441 Δανιὴλ
387 408 410 433 οἱ
420 407 590 442 διαλογισμοί
603 417 654 443 μου
668 410 714 435 ἐπὶ
726 409 792 436 πολὺ
809 418 871 436 συν-

80 449 235 484 ετάρασσόν
252 459 296 485 με,
321 453 368 478 καὶ
391 454 406 487 ὴ
437 454 527 488 μορφή
545 462 595 488 μου
622 454 767 489 ἠλλοιώθη,
781 455 830 481 καὶ
841 455 871 480 τὸ

50 521 58 529 _
82 495 159 530 ῥῆμα
171 496 201 521 ὲν
217 497 250 531 τῇ
266 497 364 532 καρδίᾳ
378 506 428 532 μου
444 499 624 534 συνετήρησι.

348 566 548 594 ΚΕΦᾹΔᾹῘΟΝ
571 567 609 593 H’.

122 632 147 660 I.
169 633 213 660 Ἐν
231 633 286 659 ἔτει
303 633 388 669 τρίτῳ
400 633 450 668 τῆς
464 633 762 669 βασιλείαςΒαλτάσαρ,
779 636 872 669 ὅρασις

79 677 161 713 ὤφθη
181 678 251 713 πρὸς
270 679 302 713 μέ
315 687 321 693 ·
345 678 415 712 Ἐγὼ
428 678 526 714 Δανιὴλ
539 679 606 714 μετὰ
621 679 670 713 τὴν
684 679 813 714 ὀφθεῖσάν
828 688 872 714 μοι

81 722 132 756 τὴν
148 724 248 758 ἀρχὴν.

117 769 146 795 2.
163 769 219 795 Καὶ
235 767 303 796 εἶδον
316 769 345 796 ὲν
362 771 394 804 τῇ
411 770 516 805 ὁράσει,
538 771 584 797 καὶ
601 771 708 804 ἐγένετο
723 771 751 796 ἐν
759 770 797 806 τῷ
809 771 872 797 ἰδεῖν

83 823 130 850 με,
147 816 196 842 καὶ
215 816 290 850 ήμην
302 817 331 842 ὲν
342 816 453 847 Σούσοις
466 818 499 852 τῇ
517 817 607 852 βάρει,
626 817 643 852 ἦ
660 818 733 843 ἐστιν
750 818 778 843 ὲν
795 817 872 852 χώρᾳ

922 231 1054 258 Altissimi
1071 240 1077 258 :
1095 237 1121 259 et
1137 240 1248 267 regnum
1261 233 1335 268 ejus,
1358 240 1471 267 regnum
1496 233 1703 266 sempiternum,

921 281 947 303 et
955 284 1050 304 omnes
1063 277 1231 312 principatus
1244 278 1295 312 ipsi
1303 279 1434 310 servient,
1446 282 1472 305 et
1481 278 1618 306 obedient.
1633 277 1707 305 I-Iuc»

921 329 1008 357 usque
1023 322 1084 350 finis
1099 323 1242 350 sermonis.

957 408 1000 435 28.
1024 408 1080 444 Ego
1095 409 1187 436 Daniel
1213 410 1392 444 cogitationes
1416 418 1483 437 mete
1506 410 1622 438 multum
1640 417 1707 438 con-

923 454 1068 482 turbabant
1082 462 1133 487 mc,
1151 459 1177 482 et
1194 454 1280 482 forma
1296 463 1356 483 utea
1370 461 1472 484 mutata
1485 462 1536 488 est,
1550 461 1577 483 et
1592 456 1705 483 verbum

923 499 950 526 in
964 500 1046 527 corde
1062 507 1123 526 meo
1137 503 1306 528 conservavi.

1210 568 1324 596 CAPUT
1346 568 1413 595 Vlll.

959 633 984 659 I.
1007 633 1035 659 In
1054 641 1126 660 anno
1138 634 1219 660 tertio
1235 634 1309 668 regni
1331 633 1470 666 Baltasar,
1491 635 1560 662 visio
1582 635 1707 669 apparuit

924 679 990 705 mihi
1012 688 1018 705 :
1036 686 1085 712 ego
1102 679 1194 706 Daniel
1213 685 1273 714 post
1283 687 1354 712 eam,
1370 688 1430 714 qua:
1453 685 1615 715 apparuerat
1640 681 1706 707 mihi

924 724 950 751 in
969 725 1113 759 principio.
1392 720 1393 723 Ἴ

957 770 985 797 2.
1007 771 1039 798 Ει
1056 771 1109 797 vidi
1124 772 1150 798 in
1162 771 1278 803 visione.
1290 777 1316 799 et
1330 772 1429 799 facluut
1447 777 1488 799 est
1501 780 1563 799 cum
1577 772 1706 804 viderem,

923 819 950 842 et
964 822 1038 842 eram
1058 816 1084 842 in
1100 816 1178 844 Susis
1188 821 1288 849 castro,
1298 818 1370 852 quod
1384 822 1426 844 cst
1439 817 1465 844 in
1478 817 1588 852 regione
1600 817 1688 844 Ailam
1701 828 1706 844 :

82 862 191 896 Διλὰμ·
208 862 256 888 καὶ
273 859 343 888 εῐδον
359 863 388 888 ὲν
406 862 534 898 ὁράματι,
555 863 601 889 καὶ
616 863 690 898 ἥμην
700 863 747 889 ἐπὶ
760 862 806 888 τοῦ
821 863 872 889 Οὑ-

940 866 949 888 ι
963 862 1016 888 vitli
1048 863 1075 889 in
1089 863 1201 896 visione,
1218 869 1244 890 et
1258 872 1332 890 cram
1351 872 1431 899 super
1446 863 1570 891 Ubalula.

81 906 215 934 δαλοῦλα.

117 953 146 979 3.
158 954 215 979 Καὶ
228 950 284 989 ᾖρσ.
309 954 372 984 τοὺς
408 953 564 988 ὀφθαλμούς
585 962 646 989 μου,
663 954 710 980 καὶ
731 952 812 982 εἶδον·
826 954 872 980 καὶ

84 998 140 1024 ἰδοὺ
174 999 252 1033 κριὸς
281 995 321 1030 εἷς
333 998 458 1034 ἑστηκὼς
476 999 529 1034 πρὸ
547 999 595 1025 τοῦ
629 999 796 1032 υὺὃαλοῦλα,
825 1000 873 1026 καὶ

83 1043 159 1079 αὐτῷ
172 1045 286 1080 κέρατα,
301 1046 349 1072 καὶ
363 1045 397 1071 τὰ
411 1045 515 1080 κέρατα
528 1045 618 1080 ὑψηλά
628 1054 634 1060 ·
647 1046 695 1071 καὶ
708 1045 737 1071 τὺ
757 1045 785 1072 ἒν
803 1045 872 1080 ὑψη-

83 1090 194 1125 λότερον
221 1090 270 1117 τοῦ
299 1091 404 1126 ἑτέρου,
435 1091 482 1118 καὶ
509 1091 538 1117 τὺ
555 1091 656 1126 ὑψηλὸν
671 1090 811 1117 ἀνέϐαινεν
828 1091 872 1116 ἐπ’

83 1134 202 1169 ἐσχάτῳ.

119 1181 145 1208 4.
162 1181 217 1207 Καὶ
224 1178 346 1207 εἷδοντὸν
354 1181 429 1216 κριὸν
442 1180 621 1215 κερατίζοντα
637 1181 707 1206 κατὰ
724 1180 871 1211 θάλασσαν,

85 1227 131 1252 καὶ
146 1226 260 1262 βορρᾶν,
277 1228 326 1253 καὶ
339 1227 424 1259 νότον,
442 1228 489 1253 καὶ
504 1228 592 1253 πάντα
608 1228 643 1253 τὰ
656 1226 738 1262 θηρία
761 1227 791 1253 οὐ
808 1227 873 1262 στή-

85 1280 178 1299 σονται
196 1272 311 1300 ἐνώπιον
327 1273 419 1304 αὑτοῦ,
436 1273 484 1299 καὶ
497 1273 547 1299 οὐκ
557 1271 590 1308 ἦν
608 1274 622 1299 ὁ
636 1272 828 1307 ἐξαιρούμενος
841 1273 873 1298 ἐκ

84 1318 177 1353 χειρὸς
192 1318 276 1344 αὐτοῦ
307 1319 353 1344 καὶ
376 1318 487 1352 ἐποίησε
516 1320 587 1344 κατὰ
611 1317 641 1344 τὸ
656 1317 762 1352 Θέλημα
778 1317 872 1349 αὑτοῦ,

84 1365 132 1390 καὶ
143 1364 328 1399 ἐμεγαλύνοη.

119 1409 148 1436 5.
165 1410 224 1436 Kal.
254 1409 310 1444 ἐγὼ
326 1410 399 1445 ήμην
419 1411 529 1441 συνιῶν,
545 1411 592 1436 καὶ
608 1411 662 1437 ἰδοὺ
676 1410 775 1446 τράγος
788 1410 874 1444 αἰγῶν

83 1455 186 1490 ηρχετο
203 1456 258 1482 ἀπὺ
274 1455 355 1487 Λιΰὸς
366 1456 569 1490 ὲπὶπρόσωπον
583 1457 631 1491 τῆς
643 1456 694 1491 γῆς
706 1457 796 1491 πάσης
807 1463 814 1470 ⁸
826 1456 874 1482 καὶ

86 1500 137 1526 οὐκ
147 1498 184 1535 ἦν
211 1501 364 1536 ἁπτόμενος
391 1503 440 1536 τῆς
459 1497 522 1536 γῆς·
545 1502 592 1527 κα).
602 1501 640 1536 τῷ
663 1501 758 1536 τράγῳ
779 1501 875 1536 ἐκείνῳ

82 1547 172 1582 κέρας
184 1547 322 1582 Θεωρητὺν
333 1548 470 1582 ἀνάμεσον
490 1547 543 1574 τῶν
566 1547 712 1582 ὀφθαλμῶν
726 1547 820 1574 αὑτοῦ.

118 1594 147 1620 6.
166 1594 222 1620 Καὶ
233 1592 315 1629 ἦλθεν
333 1594 347 1619 ό
359 1594 459 1629 τράγος
476 1594 529 1625 ἓως
543 1593 591 1620 τοῦ
615 1593 693 1628 κριοῦ
705 1594 752 1619 τοῦ
779 1594 813 1620 τὰ
831 1594 876 1620 κέ-

82 1649 156 1675 ριτσ.
174 1640 293 1675 ἔχοντος,
322 1640 350 1666 ὃν
376 1638 446 1667 εἶδον
462 1640 567 1666 ἑστῶτα
592 1640 707 1666 ἐνώπιον
720 1639 768 1665 τοῦ
783 1639 873 1666 Οὐδα-

81 1686 180 1718 λοῦλα,
196 1687 244 1712 καὶ
257 1686 359 1721 ἔδραμε
374 1687 442 1721 πρὸς
455 1686 546 1718 αὐτὸν,
565 1687 593 1711 ἐν
613 1686 685 1720 ὁρμῇ
714 1685 764 1719 τῆς
785 1686 875 1720 ἰσχύος

81 1730 179 1758 αὐτοῦ.

122 1776 148 1802 7.
168 1776 225 1802 Καὶ
248 1774 316 1802 εἶδον
341 1776 421 1802 αὐτὸν
435 1776 576 1810 φοάσαντα
592 1777 645 1808 ἕως
661 1778 707 1804 τοῦ
724 1778 813 1815 κριοῦ,
829 1779 876 1804 καὶ

84 1821 246 1856 ἐξηγριώθη
268 1821 335 1856 πρὸς
351 1821 442 1852 αὑτὸν,
463 1823 511 1848 καὶ
532 1822 628 1848 ἔπαισε
646 1823 691 1849 τὸν
715 1823 800 1858 κριὸν,
830 1824 876 1849 καὶ

84 1868 249 1903 συνέτριψεν
268 1868 411 1903 ἀμφότερα
430 1868 465 1894 τὰ
498 1869 601 1903 κέρατα
628 1869 721 1900 αὑτοῦ,
755 1870 802 1896 καὶ
826 1870 876 1896 οὐκ

83 1911 119 1949 ἧν
137 1914 215 1948 ἰσχὺς
229 1914 268 1948 τῷ
283 1914 353 1949 κριῷ
376 1914 424 1940 τοῦ
441 1915 537 1949 στῆναι
566 1915 681 1942 ἐνώπιον
706 1915 787 1942 αὐτοῦ
800 1924 807 1930 ·
829 1916 876 1942 καὶ

84 1959 199 1996 ἔρριψεν
213 1959 294 1986 αὑτὸν
314 1961 359 1986 ἐπὶ
373 1960 421 1995 τὴν
440 1961 503 1995 γῆν.
521 1962 569 1988 καὶ
583 1961 770 1996 συνεπάτησεν
783 1962 874 1994 αὑτὸν,

83 2006 133 2030 καὶ
147 2003 241 2040 οὺκῆν
255 2006 269 2031 ὁ
295 2005 489 2040 ἐξαιρούμενος
517 2007 561 2032 τὸν
577 2007 653 2042 κριὸν
675 2008 707 2033 ἐκ
721 2008 770 2042 τῆς
784 2007 876 2042 χειρὸς

82 2050 182 2077 αὐτοῦ.

121 2097 150 2123 8.
168 2097 224 2123 Καὶ
236 2097 250 2122 ὸ
267 2097 368 2132 τράγος
385 2098 439 2124 τῶν
456 2099 541 2132 αἰγῶν
566 2099 737 2134 ὲμεγοιλύνθη
752 2100 854 2134 σφόδρα
867 2109 873 2115 ”

83 2143 132 2169 καὶ
154 2144 184 2168 ἐν
199 2143 238 2178 τῷ
250 2143 357 2177 ἰσχύσαι
369 2144 461 2175 αὑτὸν,
476 2145 621 2180 συνετρίϐη
644 2145 673 2171 τὸ
687 2146 776 2180 κέρας
792 2146 874 2172 αὐτοῦ

82 2189 115 2214 1‘;
127 2189 211 2224 μέγα,
236 2190 282 2216 καὶ
298 2190 383 2225 ὰνέὸη
399 2190 518 2225 τέσσαρα
542 2192 644 2225 κέρατα
660 2191 740 2226 ἕτερα
756 2192 875 2218 ὑποκάτ-
891 2204 912 2230 D

81 2235 269 2266 talisve-310']
297 2236 337 2267 εἰς
364 2237 426 2268 τοὺς
455 2236 590 2272 τέσσαρας
612 2238 728 2272 ἀνέμους
754 2237 801 2263 τοῦ
828 2237 874 2263 οὑ-

83 2280 182 2316 pavet].

121 2329 150 2353 υ.
166 2328 223 2353 Καὶ
235 2327 268 2354 ἐκ
282 2328 329 2354 τοῦ
349 2329 407 2359 ἑνὸς
430 2328 519 2355 αὐτῶν
536 2329 629 2364 ἐξῆλθε
651 2330 734 2365 κέρας
748 2330 776 2356 ἓν
802 2331 876 2365 ἰσχυ-

82 2373 144 2407 ρὸν,
161 2373 208 2398 καὶ
223 2373 393 2408 ὲμεγαλύνθη
411 2374 548 2408 περισσῶς
561 2375 626 2409 πρὸς
654 2375 698 2401 τὸν
722 2375 806 2407 νότον,
828 2375 875 2401 καὶ

83 2418 156 2452 πρὸς
168 2418 310 2454 ἀνατολὴν,
329 2419 375 2446 καὶ
392 2420 459 2453 πρὸς
468 2419 517 2454 τὴν
535 2420 658 2455 δύναμιν.

124 2464 170 2491 10.
189 2465 245 2491 Καὶ
260 2465 432 2500 ἐμεγσλὺνϐη
444 2466 496 2495 ἕως
512 2466 561 2500 τῆς
575 2467 715 2501 δυνάμεως
732 2468 778 2494 τοῦ
796 2469 874 2503 οὐρα-

82 2510 149 2538 νοῦ·
164 2512 211 2538 καὶ
221 2511 319 2539 ἔπεσεν
336 2513 382 2538 ἐπὶ
398 2513 448 2547 τὴν
460 2513 511 2548 γῆν
526 2513 579 2539 ἀπὸ
593 2514 640 2548 τῆς
662 2515 812 2550 δυνάμεως,
829 2517 875 2542 κςιὶ

82 2557 142 2584 ἀπὸ
152 2557 209 2583 τῶν
226 2557 359 2593 ἀστέρων,
376 2559 423 2585 καὶ
437 2559 624 2593 συνεπάτησεν
641 2560 750 2592 αὐτούς.

125 2603 170 2630 II.
186 2604 242 2630 Καὶ
259 2604 312 2636 ἕως
327 2604 457 2639 ἄρχοντος
468 2605 516 2639 τῆς
528 2605 668 2640 δυνάμεως
683 2606 812 2642 ήδρύνοη.
828 2608 876 2633 καὶ

83 2650 140 2681 ἕως
153 2647 184 2676 οὗ
198 2651 212 2676 ὁ
226 2651 447 2685 ἀρχιστράτηγος
464 2651 579 2686 ρύσηται
605 2651 654 2687 τὴν
675 2653 874 2687 αἰχμαλωσῖαν,

83 2697 135 2723 καὶ
160 2695 194 2722 δι’
224 2696 306 2722 αὑτὸν
335 2696 415 2722 θυσία.
430 2697 568 2732 ἐταράχθη
593 2697 815 2732 παραπτώματι·
830 2700 877 2725 καὶ

83 2742 216 2777 ἐγενήθη,
235 2743 283 2768 καί
299 2743 478 2778 κατευωδώθη
499 2743 591 2778 αὐτῷ·
615 2744 662 2770 καὶ
673 2744 703 2770 τὸ
715 2745 791 2778 ἆγιον
812 2745 876 2779 ἐρη-

86 2788 257 2823 μοθήσεται.

127 2835 168 2861 Iz’.
185 2834 242 2860 Kal.
256 2833 333 2869 ἐδόθη
348 2834 393 2860 ὲπὶ
410 2834 458 2869 τὴν
471 2834 566 2862 ουσίαν
587 2836 717 2871 ἁμαρτία,
734 2837 780 2863 καὶ
797 2837 874 2872 ἐρῤί-

232 2891 368 2920 Ρπκοι.
388 2891 446 2921 Gn.
465 2893 547 2922 XVI.

958 951 984 977 5.
1007 950 1037 977 Et
1054 951 1139 978 levavi
1153 951 1249 978 oculos
1264 959 1350 984 meos,
1368 957 1395 979 et
1409 951 1462 979 vidi
1477 960 1483 977 :
1507 957 1531 979 et
1558 959 1622 979 ecce
1638 953 1709 978 arirs

924 1003 995 1022 unus
1012 1000 1088 1022 stans
1101 1000 1164 1023 ante
1181 994 1307 1028 Ubalula,
1331 1002 1358 1023 et
1383 996 1408 1023 ei
1429 1004 1542 1028 cornua,
1561 1000 1588 1023 ct
1604 1003 1707 1023 cornua

924 1041 1048 1074 excelsa;
1079 1046 1105 1068 et
1134 1049 1219 1068 unum
1244 1043 1378 1069 excelsius
1399 1042 1495 1074 altero.
1514 1047 1541 1068 ct
1570 1041 1707 1068 excelsum

924 1087 1087 1114 ascendebat
1105 1088 1130 1114 in
1145 1087 1303 1122 novissimq.

959 1177 985 1203 II.
1007 1175 1039 1203 Et
1053 1176 1107 1203 vidi
1124 1177 1234 1203 arietem
1261 1176 1390 1203 cornibus
1417 1176 1591 1203 ventilantcm
1615 1180 1708 1203 contra

925 1231 1009 1254 mare,
1026 1229 1052 1250 et
1065 1224 1219 1258 aquilonem
1245 1230 1271 1250 et
1299 1229 1434 1255 austrum,
1457 1230 1484 1251 et
1502 1220 1597 1251 omnes
1617 1224 1710 1251 bestire

925 1277 979 1296 non
997 1269 1210 1296 stabantcoram
1229 1277 1281 1297 eo:
1297 1275 1323 1297 et
1339 1278 1391 1296 non
1408 1275 1468 1298 erat
1491 1271 1536 1305 qui
1555 1275 1664 1298 erueret
1677 1271 1710 1297 do

925 1323 1007 1342 manu
1025 1315 1095 1350 ejus.
1113 1315 1230 1351 fecitque
1241 1316 1389 1343 secundum
1406 1316 1567 1344 voluntatem
1586 1325 1674 1349 suam,
1684 1322 1710 1343 et

925 1361 1115 1396 magnificatus
1130 1366 1183 1389 est.

960 1405 986 1432 5.
1009 1405 1042 1433 Et
1059 1414 1109 1441 ego
1128 1414 1202 1434 eram
1218 1407 1371 1442 intelligens
1393 1416 1400 1434 :
1427 1413 1453 1435 et
1470 1416 1533 1436 cccc
1557 1409 1651 1436 hircus
1665 1417 1710 1436 ca-

924 1459 1036 1487 prarum
1050 1453 1176 1480 veniebat
1192 1454 1226 1480 ab
1240 1453 1333 1480 Africo
1345 1462 1425 1488 super
1442 1455 1537 1482 faciem
1559 1461 1637 1482 terrae
1649 1457 1710 1482 uni-

926 1505 1020 1530 versa,
1037 1504 1130 1525 etnon
1147 1504 1207 1525 erat
1233 1505 1348 1534 tangens
1375 1505 1474 1527 terram
1496 1510 1502 1527 :
1534 1505 1559 1528 et
1580 1501 1655 1528 hirco
1672 1502 1709 1527 IIII

889 1533 911 1563 Ο
927 1551 1010 1570 cornu
1026 1545 1201 1578 conspicuum
1217 1545 1287 1572 inter
1302 1546 1397 1572 oculos
1412 1546 1482 1580 ejus.

961 1590 987 1617 6.
1006 1590 1039 1617 Et
1056 1592 1128 1618 venit
1145 1592 1237 1619 hircus
1251 1600 1337 1626 usque
1350 1592 1381 1619 ad
1395 1593 1519 1624 arietem,
1534 1593 1580 1627 qui
1596 1593 1710 1620 habebat

927 1643 1039 1669 cornua,
1057 1644 1137 1671 quem
1156 1637 1275 1665 videram
1304 1642 1420 1665 stantem
1449 1643 1511 1665 ante
1544 1638 1711 1670 Ubalula.ct

925 1683 1047 1709 cucurrit
1061 1683 1094 1710 ad
1108 1691 1169 1710 eum
1185 1684 1210 1710 in
1225 1683 1326 1718 impetu
1343 1683 1511 1712 fortitudinis
1523 1693 1588 1712 sum.

962 1772 988 1799 7.
1010 1772 1042 1798 Et.
1057 1773 1108 1800 vidi
1125 1780 1185 1800 eum
1205 1774 1355 1801 venientem
1383 1783 1469 1809 usque
1492 1776 1524 1802 ad
1548 1778 1669 1811 arietem,
1686 1786 1711 1806 et

926 1819 1054 1847 eII'eratus
1070 1825 1111 1847 est
1145 1821 1170 1847 in
1188 1829 1261 1853 cum,
1274 1827 1300 1848 et
1314 1822 1446 1856 percussit
1462 1823 1585 1856 arietem,
1603 1830 1629 1852 ct
1644 1833 1710 1852 con-

928 1865 1002 1891 trivit
1017 1866 1072 1892 duo
1085 1873 1186 1892 cornua
1202 1866 1272 1901 ejus,
1287 1872 1313 1893 et
1333 1874 1386 1894 non
1405 1873 1464 1895 erat
1488 1869 1619 1897 fortitudo
1634 1872 1711 1898 arieti

927 1911 1015 1938 standi
1046 1919 1138 1939 coram
1165 1921 1217 1940 eo:
1249 1919 1275 1941 et
1296 1915 1412 1949 projeeit
1430 1923 1492 1942 eum
1510 1916 1535 1942 iu
1563 1921 1712 1947 terrenum

927 1958 1097 1985 conculcavit
1113 1966 1188 1992 cum,
1202 1965 1228 1987 ct
1244 1968 1297 1987 non
1312 1966 1372 1988 erat
1393 1962 1440 1996 qui
1458 1962 1586 1990 liberaret
1599 1964 1710 1990 arietem

926 2003 959 2030 de
974 2011 1056 2030 manu
1072 2004 1141 2038 ejus.

962 2094 987 2119 8.
1011 2093 1042 2120 Et
1058 2093 1152 2122 hircus
1167 2101 1311 2129 caprarum
1337 2096 1527 2130 magniﬁcatus
1552 2102 1593 2124 est
1612 2098 1706 2126 valde:

926 2144 963 2170 et,
981 2140 1045 2166 dum
1055 2139 1242 2171 invalesceret.
1251 2141 1400 2168 contritum
1414 2146 1455 2169 est
1470 2149 1555 2169 cornu
1568 2143 1641 2171 illius
1654 2152 1709 2170 ma-

927 2192 1020 2219 gnum,
1041 2190 1067 2212 et
1081 2186 1264 2213 ascenderunt
1285 2192 1402 2221 quatuor
1420 2195 1523 2215 cornua
1551 2189 1602 2216 alia
1619 2191 1714 2217 subter

928 2231 992 2258 illud
1009 2239 1057 2266 per
1074 2237 1193 2267 quatuor
1207 2238 1300 2261 ventos
1315 2235 1387 2261 caali.

961 2318 987 2344 9.
1008 2318 1041 2345 Et
1052 2319 1084 2346 de
1100 2327 1154 2346 uno
1177 2328 1210 2347 ex
1235 2321 1275 2348 eis
1296 2329 1436 2357 egressum
1465 2329 1506 2350 est
1528 2331 1612 2351 cornu
1627 2333 1710 2352 unum

927 2361 1005 2394 forte,
1021 2369 1048 2391 et
1065 2365 1266 2399 magttillcatum
1284 2373 1326 2395 est
1341 2368 1422 2395 nimis
1442 2374 1538 2396 comra
1568 2374 1710 2401 austrum.

926 2414 951 2436 et
965 2415 1058 2437 contra
1074 2411 1205 2438 orientem
1219 2432 1227 2444 ,
1239 2417 1265 2440 et
1280 2418 1375 2440 contra
1389 2413 1587 2442 fortitudinem.

963 2468 1006 2495 IO.
1028 2468 1060 2495 Et
1072 2469 1275 2504 magnificatum
1291 2475 1429 2507 estusque
1444 2472 1478 2500 ad
1491 2473 1617 2500 virtutem
1628 2474 1688 2501 coeli
1702 2483 1713 2506 ;

926 2518 951 2540 ct
965 2513 1061 2548 dejecit
1077 2515 1103 2541 in
1122 2520 1220 2543 terram
1233 2517 1266 2544 de
1283 2517 1450 2552 fortitudine,
1465 2526 1491 2546 et
1512 2519 1546 2546 de
1570 2519 1665 2550 stellis.
1685 2527 1711 2546 ιιι

926 2559 1097 2587 conculcavit
1111 2568 1168 2588 eas.

963 2605 1006 2632 II.
1027 2605 1060 2633 Et
1072 2615 1158 2642 usque
1173 2607 1206 2635 ad
1225 2609 1372 2644 principem
1382 2610 1491 2638 virtutis
1499 2610 1601 2645 grande
1614 2611 1712 2642 erasit.

927 2656 954 2679 et
969 2653 1149 2688 quoadusque
1173 2655 1226 2682 dux
1255 2655 1360 2683 militiae
1382 2656 1539 2684 liberaverit
1571 2657 1712 2690 captivita-

929 2703 993 2730 tem,
1007 2703 1034 2725 et
1051 2706 1159 2734 propter
1184 2709 1246 2728 cum
1271 2702 1434 2730 sacrificium
1456 2703 1593 2730 turbatum
1611 2708 1652 2731 est
1667 2705 1713 2730 IIC-

928 2743 1006 2770 licto:
1020 2748 1046 2771 et
1063 2744 1165 2772 factum
1185 2751 1237 2777 est,
1258 2752 1284 2774 et
1295 2755 1424 2783 prospere
1440 2750 1522 2776 cessit
1541 2750 1581 2781 ei;
1603 2754 1629 2776 et
1650 2757 1713 2776 san-

929 2790 1061 2817 ctuarium
1077 2791 1246 2819 tlcsolabitur

966 2835 1005 2864 I2.
1032 2836 1060 2862 Et
1075 2837 1167 2864 datum
1183 2843 1225 2865 est
1242 2847 1324 2874 super
1345 2842 1668 2876 sacrilicinmpeccatutn,
1687 2847 1712 2868 et

1536 2900 1572 2928 91
