1967 3079
85 126 147 154 2831

790 126 906 156 CAPUT
925 127 971 156 IX.

1633 127 1704 156 αξιοι

85 182 186 217 συνῆκα
203 182 232 209 ἐν
247 183 307 213 ταῖς
325 181 427 217 βίϐλοις
453 182 498 209 τὸν
527 183 644 218 ἀριθμὸν
667 182 722 209 τῶν
739 182 819 216 ἑτῶν,
836 183 866 215 ὃς

928 192 946 212 n
964 183 1042 212 libris
1054 191 1199 212 numerum
1215 191 1362 215 annorum.
1382 184 1429 220 qui
1451 183 1538 212 factus
1553 188 1596 212 est
1613 191 1705 212 sermu

84 227 192 263 ἐγενήθη
210 227 289 262 λόγος
301 228 404 263 Κυρίου
418 230 486 263 προς
500 229 634 264 Ἰερεμίαν
649 229 695 255 τὸν
712 230 866 265 προφήτην,

84 275 122 305 si;
150 274 346 310 συμπλήρωσιν
361 274 528 310 ἐρημώσεως
546 276 725 312 Ἰερουσαλὴμ
749 276 866 311 ἑϐδομὶπ

83 328 158 346 κοντα
173 320 230 355 ἔτη.

71 388 76 393 .
114 366 139 392 3.
155 367 208 392 Καὶ
218 367 310 394 ἔδωκα
323 367 354 394 τὸ
366 367 512 402 πρόσωπόν
532 376 583 403 μου
610 367 677 402 προς
701 367 801 403 Κύριον
820 367 866 393 τὸν

82 411 152 442 Θεὸν,
176 411 223 437 τοῦ
254 411 420 446 ἐπιζητῆσαι
452 412 618 447 προσευχὴν,
650 413 697 438 καὶ
718 412 821 446 δέησιν,
837 413 866 438 ἐν

81 457 221 492 νηστείαις.
234 457 282 483 καὶ
296 458 326 483 ἑν
337 458 440 492 σάκκῳ,
455 458 503 485 καὶ
519 458 618 494 σποδῷ.

111 504 136 528 4.
150 502 201 528 Καὶ
215 503 418 538 προσηυξάμην
430 504 499 538 πρὸς
517 504 619 539 Κύριον
650 503 694 530 τὸν
719 503 786 530 Θεὸν
800 512 863 538 μου,

82 549 123 575 καὶ
148 548 411 584 ἐξωμολογησάμην,
439 549 486 576 καὶ
516 548 602 576 εἷπον·
620 549 706 585 Κύριε
729 551 744 576 ὁ
759 549 825 581 Θεὸς
850 550 865 575 ὁ

83 593 171 628 μέγας,
196 594 243 620 καὶ
272 593 438 628 θαυμαστὸς,
460 595 473 621 ὁ
491 596 635 629 φυλάσσων
660 596 709 631 τὴν
733 595 865 632 διαθήκην

81 640 123 666 καὶ
136 639 178 666 τὸν
193 639 267 666 ἔλεον
280 641 338 671 τοῖς
354 641 481 674 ἀγαπῶσί
500 649 540 672 σε,
569 642 616 668 καὶ
631 641 803 676 φυλάσσουσι
815 642 865 673 τὰς

81 684 184 715 ἐντολάς
197 692 257 711 σου.

113 729 138 757 5.
156 730 343 766 Ἡμάρτομεν,
369 731 559 766 ἡδικήταμεν.
590 731 784 767 ἠσεὸήσαμεν,
817 734 864 759 καὶ

81 774 241 810 ἀπέστημεν,
265 776 315 802 καὶ
342 776 518 811 ὲξεκλίναμεν
533 777 587 803 ἀπὸ
601 777 656 804 τῶν
668 777 786 804 ὲντολῶν
800 786 861 810 σου,

82 820 123 847 καὶ
133 821 184 846 ἀπὸ
196 820 249 846 τῶν
266 821 413 856 χριμάτων
431 831 492 850 σου.

918 229 1024 257 Domini
1040 230 1073 257 ad
1090 229 1247 262 Jeremiam,
1269 232 1428 267 prophetam
1452 230 1479 256 in
1494 229 1716 264 complelionem'

917 275 1094 303 desolationis
1112 276 1264 304 Jerusalem
1279 276 1451 312 septuaginta
1471 276 1562 303 annis.

953 365 980 392 5.
1002 363 1035 392 Et
1050 365 1110 392 dedi
1127 364 1222 393 faciem
1235 374 1324 393 meam
1345 366 1378 392 ad
1396 366 1541 394 Dominum
1565 366 1660 399 Deum,
1675 371 1703 393 ut

916 419 1066 446 quaererem
1083 420 1187 445 preces,
1205 417 1233 439 et
1247 413 1467 440 obsecrationem
1485 413 1511 439 in
1536 412 1661 447 jejuniis,
1678 418 1705 439 et

917 457 943 484 in
961 465 1051 489 sacco,
1069 462 1096 485 et
1109 458 1210 486 cinere.

953 501 980 528 4.
1001 501 1035 529 Ει
1049 503 1123 529 oravi
1141 503 1175 529 ad
1191 502 1337 530 Dominum
1365 502 1450 530 Deum
1475 511 1578 535 meum,
1594 508 1621 531 ct
1637 511 1703 532 con-

917 545 1006 574 fessus
1021 554 1093 578 sum.
1107 552 1134 575 el
1145 548 1200 575 dixi
1214 556 1223 574 :
1237 547 1351 575 Domine
1365 548 1437 576 Deus
1455 557 1562 584 magne,
1577 554 1603 577 et
1621 550 1704 576 mira-

915 593 989 626 bilis,
1005 594 1163 621 custodiens
1188 598 1393 625 testamentum.
1428 599 1454 622 et
1488 595 1703 622 miscricordiam

916 638 1092 675 diligentibus
1111 643 1147 671 te,
1165 644 1192 666 et
1209 639 1425 668 custodientihus
1443 641 1570 667 mandata
1586 646 1641 667 tua.

951 732 979 759 5.
999 731 1187 763 Peccavimus,
1205 729 1378 764 iniquitatem
1397 729 1521 759 fecimus.
1548 729 1629 765 impie
1645 729 1703 763 cgi-

915 786 988 808 mus.
1013 783 1039 805 et
1065 777 1238 807 recchimus,
1268 781 1294 803 et
1322 775 1551 802 declinavimusa
1567 775 1704 801 mandatis

916 823 980 856 tuis,
996 827 1022 849 et
1036 831 1050 850 ιι
1062 822 1173 857 judiciis
1188 822 1252 849 tuis.

112 865 136 891 6.
150 865 202 891 Καὶ
215 865 265 892 οὐκ
279 866 437 902 ἠκούσαμεν
457 868 512 894 τῶν
539 868 640 896 δούλων
660 878 707 896 σου
723 870 778 897 τῶν
795 879 864 906 προ-

952 868 979 895 6.
998 869 1029 895 Et
1043 855 1095 895 non
1113 867 1268 894 audivimus
1286 874 1380 894 servos
1394 872 1455 894 tuos
1469 867 1617 902 prOphclas
1630 886 1638 896 .
1656 866 1703 901 qui

81 909 176 944 ᾳητῶν,
189 911 213 937 οἳ
224 911 340 938 ἐλάλουν
353 913 382 938 ὲν
394 913 432 947 τῷ
447 913 561 949 ὀνόματί
574 923 620 941 σου
636 916 704 949 πρὸς
716 917 779 948 τοὺς
789 916 864 951 βασι-

79 955 151 990 λεῖςὴ
156 956 224 990 μῶν,
238 957 370 991 καὶπρὸς
385 959 448 991 τοὺς
462 960 594 994 ἄρχοντας
608 961 696 996 ἡμῶν,
721 962 766 988 καὶ
781 962 864 988 πατέ-

80 1009 124 1036 ρας
136 1002 222 1036 ἡμῶν.
244 1003 294 1029 καὶ
311 1004 379 1038 πρὸς
392 1006 480 1031 πάντα
494 1006 540 1032 τὸν
552 1006 615 1032 λαὸν
635 1007 686 1041 τῆς
701 1008 761 1042 γῆς.

112 1045 135 1072 7.
149 1047 202 1079 Σοὶ,
220 1048 322 1083 Κύριε,
344 1050 359 1080 ἡ
381 1049 551 1085 δικαιοσύνη,
566 1052 612 1078 καὶ
627 1053 692 1087 ἡμῖν
716 1054 732 1088 ή
750 1053 864 1088 αἰσχύνη

80 1090 121 1117 τοῦ
139 1092 298 1128 προσώπου,
315 1095 352 1125 ὡς
370 1096 386 1130 ἡ
403 1096 496 1131 ἡμέρα
511 1096 592 1132 αὕτη,
609 1097 686 1132 ἀνδρὶ
705 1090 803 1130 Ἰούδας
817 1099 864 1124 χαὶ

80 1137 130 1168 τοῖς
143 1139 319 1165 κατοικοῦσιν
331 1141 359 1166 ὲν
378 1141 566 1177 Ἰερουσαλὴμ,
581 1143 628 1169 καὶ
642 1144 724 1170 παντὶ
745 1144 863 1179 Ίξραὴλ,

81 1182 130 1212 τοῖς
146 1183 237 1216 ἐγγὺς,
258 1185 374 1216 καὶτοῖς
390 1186 499 1219 μακρὰν
510 1188 538 1213 ἐν
565 1187 640 1224 πάσῃ
658 1189 690 1223 τῇ
705 1189 751 1223 γῇ,
767 1186 797 1215 οὗ
811 1189 866 1215 διέ-

82 1234 186 1263 σπειρας
200 1229 303 1261 αὐτοὺς
320 1231 377 1257 ἐκεῖ
387 1232 415 1257 ἐν
432 1232 528 1267 ἀθεσίᾳ
543 1233 631 1260 αὐτῶν
676 1234 813 1269 ἠθέτησαν
835 1235 864 1261 ὲν

83 1273 128 1299 σοί.

111 1319 136 1346 8.
149 1319 244 1355 Κύριε,
266 1321 332 1356 ἡμῖν
357 1322 472 1358 αἰσχύνη
495 1323 542 1350 τοῦ
572 1325 729 1358 προσώπου.
749 1326 865 1357 καὶτοῖς

82 1362 228 1396 βασιλεῦσιν
242 1365 337 1400 ἡμῶν,
351 1367 398 1393 καὶ
413 1368 469 1398 τοῖς
497 1367 627 1402 ἄρχουσιν
643 1369 733 1404 ἡμῶν,
748 1371 795 1396 καὶ
810 1371 864 1400 τοῖς

83 1410 209 1444 πιτράπιν
226 1411 320 1446 ἡμῶν,
336 1412 443 1444 οἵτινες
457 1413 620 1449 ἡμάρτομεν
634 1415 663 1441 ἐν
680 1416 731 1441 σοι.

113 1455 137 1481 9.
153 1451 197 1486 Τῷ
213 1456 311 1490 Κυρεῳ
327 1457 386 1491 Θεῷ
396 1457 475 1492 ἡμῶν
488 1458 513 1483 οἱ
533 1459 680 1494 οἰκτιρμοὶ,
702 1459 749 1486 καὶ
763 1460 788 1486 οἱ
807 1459 865 1486 ἱλαο

83 1500 149 1535 σμοὶ,
160 1501 199 1527 ὅτι
210 1502 318 1538 ἀπέστη
323 1511 382 1537 μευ,

115 1547 156 1573 10.
169 1547 218 1574 Καὶ
229 1548 283 1574 οὐκ
298 1549 500 1585 εἰσηκούσαμεν
526 1551 576 1585 τῆς
594 1552 686 1587 φωνῆς
703 1553 805 1588 Κυρίου
819 1552 866 1579 τινῦ

83 1592 145 1619 Θεοῦ
158 1594 244 1629 ἡμῶν,
266 1595 430 1630 πορεύεσθαι
455 1598 484 1623 ἐν
510 1599 566 1629 τοῖς
593 1599 687 1634 νόμοις
714 1599 808 1630 αὐτοῦ,
827 1597 867 1631 οἷς

83 1637 161 1665 ἑδωκε
182 1640 254 1667 κατὰ
282 1642 428 1676 πρόσωπον
451 1642 531 1678 ἡμῶν
547 1644 577 1669 ὲν
594 1644 667 1678 χειρὶ
694 1644 748 1671 τῶν
765 1643 867 1670 δούλων

84 1683 161 1710 αὑτοῦ
174 1685 226 1712 τῶν
242 1687 405 1721 προφητῶν.

118 1731 158 1757 il.
176 1732 229 1758 Καὶ
243 1734 300 1764 πᾶς
323 1733 433 1770 Ἰσραὴλ
445 1735 606 1770 παρέὸησαν
629 1735 674 1762 τὸν
705 1736 787 1771 νόμον
807 1745 866 1769 σου,

84 1777 126 1802 καὶ
142 1777 283 1810 ἐξέκλιναν
297 1779 344 1806 τοῦ
370 1781 408 1816 μὴ
431 1780 548 1808 ἀκοῦσαι
579 1783 629 1817 τῆς
643 1783 736 1817 φωνῆς
747 1791 805 1814 σου,
821 1784 868 1809 καὶ

86 1824 194 1859 ἐπῆλθεν
205 1826 249 1859 ἐφ’
268 1827 343 1861 ἡμᾶς
355 1827 372 1862 ἡ
384 1828 502 1864 κατάρα,
520 1828 569 1855 καὶ
592 1829 606 1855 ό
619 1828 700 1864 ὅρκος
711 1830 724 1855 ὁ
742 1837 869 1864 γεγραμσ

87 1870 159 1907 μένος
170 1871 197 1897 ὲν
209 1871 287 1906 νόμῳ
306 1873 390 1908 Μωσῆ
414 1873 508 1900 δούλου
525 1873 572 1900 τοῦ
586 1874 665 1904 Θεοῦ.
678 1875 720 1901 ὅτι
740 1875 866 1910 ἡμάρτο-

86 1924 131 1949 μεν
141 1917 224 1952 αὐτῷ.

117 1962 156 1988 1⁷2.
171 1964 224 1990 Καὶ
233 1963 334 1999 ἔστησε
347 1964 410 1994 τοὺς
434 1964 530 1999 λόγους
558 1965 652 1997 αὐτοῦ,
665 1965 711 1997 οὓς
736 1966 869 2002 ἐλάλησεν

84 2007 123 2040 ἐφ’
139 2009 221 2043 ἡμᾶς,
237 2010 288 2036 καὶ
315 2009 361 2036 ἐπὶ
394 2011 457 2042 τοὺς
484 2011 582 2046 κριτὰς
603 2010 693 2046 ἡμῶν,
711 2011 736 2038 οἳ
762 2011 869 2048 ἔκρινον

83 2053 150 2087 ἡμᾶς
156 2055 308 2089 ἐπαγαγεῖν
319 2056 361 2090 ἐφ’
369 2057 443 2090 ἡμᾶς
453 2056 526 2084 κακὰ
539 2057 654 2091 μεγάλα.
663 2054 707 2084 οἷα
715 2058 744 2084 οὺ
758 2058 869 2092 γέγονεν

84 2098 204 2126 ὑποκάτω
218 2100 322 2132 παντὸς
340 2100 388 2126 τοῦ
403 2101 528 2137 οὐρανοῦ,
545 2102 616 2128 κατὰ
629 2102 663 2128 τὰ
683 2102 817 2136 γενόμενα
840 2103 869 2128 ὲν

88 2144 237 2181 Ίιρουσαλή
243 2155 273 2181 μ.

916 913 1097 947 loquebantur
1112 912 1222 939 nomine
1249 916 1296 939 tuo
1313 913 1346 939 ad
1370 921 1448 949 rcges
1473 919 1582 940 nostros
1596 932 1604 944 ,
1630 917 1658 939 et
1671 913 1703 939 ad

915 959 1053 994 principes
1069 963 1188 989 nostros,
1203 962 1230 984 et
1247 963 1337 993 patres
1355 964 1472 991 nostros,
1495 964 1522 985 et
1546 959 1579 986 ad
1594 966 1703 986 omnem

915 1004 1044 1039 populum
1064 1009 1152 1031 terrae.

953 1050 977 1077 7.
1000 1049 1071 1081 Tibi,
1088 1049 1210 1082 Domine,
1229 1049 1344 1084 iustitia.
1364 1049 1442 1076 nobis
1456 1055 1547 1077 autem
1578 1048 1705 1076 confusio

915 1095 1005 1127 faciei,
1020 1094 1158 1122 sicutdies
1177 1094 1242 1126 haec,
1262 1094 1319 1120 viro
1335 1093 1413 1126 Juda,
1426 1099 1453 1121 et
1477 1094 1662 1122 habitantibus
1677 1094 1703 1121 in

914 1141 1076 1173 Jerusalem,
1095 1145 1121 1167 et
1139 1140 1212 1166 omni
1236 1140 1331 1170 Israel,
1355 1141 1397 1167 his
1421 1141 1467 1175 qui
1489 1148 1572 1175 prope
1587 1145 1662 1172 sunt,
1678 1144 1705 1167 et

915 1186 959 1213 his
987 1186 1034 1220 qui
1050 1186 1144 1220 procul
1169 1185 1195 1212 in
1222 1186 1348 1212 universa
1369 1190 1452 1218 terra,
1477 1193 1532 1220 quo
1550 1185 1704 1220 dispersisti

915 1239 962 1258 eos
977 1232 1052 1263 illuc,
1070 1231 1097 1259 in
1121 1232 1346 1265 praevaricatiOne
1371 1239 1477 1263 eorum,
1495 1239 1549 1266 qun
1577 1232 1706 1266 praevari-

916 1278 970 1305 εειιί
992 1278 1095 1305 suntin
1112 1283 1148 1304 te.

951 1323 978 1350 8.
1000 1323 1127 1356 Domine,
1144 1323 1224 1351 nobis
1240 1323 1367 1351 confusio
1385 1323 1473 1355 faciei,
1491 1329 1518 1351 et
1534 1323 1643 1358 regibus
1655 1332 1707 1350 no-

916 1369 992 1401 stris,
1022 1374 1049 1396 et
1078 1369 1249 1404 principibus
1265 1370 1378 1401 nostris,
1398 1374 1426 1396 ct
1452 1369 1577 1404 patribus
1593 1370 1704 1401 uostris.

916 1416 963 1452 qui
982 1417 1157 1451 peccavimus
1173 1416 1200 1443 in
1220 1420 1255 1443 te.

953 1463 980 1489 9.
1002 1462 1120 1488 Domino
1135 1461 1191 1488 Deo
1210 1467 1305 1488 nostro
1326 1461 1528 1493 miserationes,
1555 1465 1583 1488 et
1612 1461 1705 1496 propi-

918 1507 1058 1540 tiationes,
1079 1508 1141 1541 quia
1157 1509 1333 1534 recessimus.

955 1554 998 1581 to.
1020 1553 1054 1582 Et
1066 1561 1119 1580 non
1136 1553 1326 1580 exaudivimus
1342 1560 1437 1580 vocem
1464 1552 1573 1580 Domini
1593 1553 1641 1580 Dci
1658 1561 1708 1580 no-

919 1600 978 1631 stri.
989 1603 1019 1626 ut
1033 1599 1238 1626 ambularemus
1266 1598 1293 1625 in
1325 1598 1430 1633 legibus
1459 1598 1532 1632 ejus,
1549 1606 1618 1632 quas
1633 1599 1708 1625 dedit

918 1649 982 1672 ante
998 1644 1094 1672 faciem
1116 1648 1239 1671 nostram
1266 1643 1294 1672 in
1320 1650 1404 1670 mauu
1435 1651 1578 1671 servorum
1594 1652 1707 1671 SUOI'UI‘lI

918 1692 1123 1727 prophetarum.

955 1737 999 1764 11.
1019 1736 1053 1764 Et
1068 1736 1158 1764 omnis
1171 1736 1255 1763 Israel
1265 1735 1434 1770 prmvnricali
1446 1740 1510 1763 sunt
1522 1736 1609 1772 legem
1621 1741 1706 1769 tuam,

919 1787 946 1810 et
964 1782 1180 1813 declinaverunt,
1195 1789 1228 1809 ne
1244 1781 1371 1809 audirent
1393 1788 1488 1808 vocem
1507 1786 1593 1813 tuam,
1619 1785 1646 1809 et
1662 1790 1709 1808 su-

918 1827 1043 1862 pervenit
1055 1834 1138 1861 super
1152 1834 1203 1854 nos
1214 1825 1384 1857 maledictio,
1397 1830 1426 1853 et
1436 1826 1622 1860 juramentum
1635 1827 1707 1860 quod

919 1874 1054 1908 scriptum
1072 1872 1154 1900 estin
1170 1872 1230 1907 lege
1244 1871 1312 1899 Mosi
1330 1871 1402 1899 servi
1413 1871 1470 1905 Dei,
1495 1873 1562 1908 quia
1583 1873 1709 1908 peccavi-

919 1927 981 1947 mus
996 1920 1032 1946 ei.

955 1965 999 1992 12.
1021 1965 1054 1993 Et
1069 1964 1165 1992 statuit
1181 1972 1324 1992 sermones
1339 1971 1416 1996 suos,
1439 1971 1510 1999 quos
1533 1963 1641 1992 loeutus
1667 1969 1710 1992 est

919 2019 1002 2046 super
1020 2019 1081 2043 nos,
1100 2017 1126 2038 et
1142 2010 1340 2045 sliperjudices
1355 2015 1476 2042 nostros,
1493 2009 1709 2044 quijudicarunt

920 2066 979 2090 nos,
998 2063 1027 2084 ut
1049 2058 1297 2092 superinducewut
1323 2065 1406 2092 super
1434 2063 1483 2083 nos
1511 2056 1583 2084 mala
1596 2063 1706 2090 magna.

919 2104 1010 2139 qualia
1028 2112 1080 2131 non
1092 2103 1201 2131 fuerunt
1214 2103 1266 2131 sub
1290 2103 1363 2130 omni
1390 2102 1470 2132 ecelo.
1500 2105 1649 2130 secundum
1663 2110 1707 2135 ea,

921 2156 980 2184 qua!
996 2148 1065 2176 facta
1080 2153 1145 2175 sunt
1163 2148 1190 2176 in
1207 2147 1369 2176 Jerusalem.

117 2191 156 2217 15.
171 2191 273 2222 Καθὼς
284 2191 438 2227 γέγραπται
447 2192 475 2218 ἐν
487 2191 525 2227 τῷ
535 2192 609 2227 νόμῳ
620 2192 719 2225 Μωσῆ,
732 2192 822 2220 πάντα
834 2192 866 2219 τὰ

957 2196 1001 2222 13.
1023 2194 1100 2222 Sicut
1112 2195 1244 2229 scriptum
1261 2200 1302 2222 est
1319 2194 1346 2222 in
1362 2194 1421 2229 lege
1437 2194 1516 2226 Mosi,
1534 2194 1626 2223 omnia
1635 2194 1706 2221 mala

83 2235 151 2261 κακὰ
163 2235 252 2262 ταῦτα
260 2234 342 2271 ἦλθεν
355 2236 397 2270 ἐφ’
415 2237 503 2271 ἡμᾶς·
522 2237 570 2264 καὶ
591 2237 641 2263 οὐκ
656 2236 806 2272 ἐδεήθημεν
820 2237 867 2264 τοῦ

83 2280 224 2315 προσώπου
238 2282 343 2316 Κυρίου
357 2282 404 2309 τοῦ
421 2282 488 2309 Θεοῦ
518 2282 606 2318 ἡμῶν,
621 2283 791 2318 ἀποστρέψαι
814 2283 870 2310 ἀπὸ

82 2327 131 2354 τῶν
145 2327 260 2355 ἀδικιῶν
275 2328 363 2363 ἡμῶν,
388 2329 434 2355 καὶ
449 2327 495 2355 τοῦ
523 2329 642 2356 συνιέναι
661 2329 690 2355 ὲν
710 2329 785 2366 πάσῃ
800 2329 867 2365 ἀλη-

83 2371 146 2399 θεία.

114 2419 157 2446 14.
170 2420 226 2447 Καὶ
247 2420 418 2455 ὲτρηγόρησε
433 2419 536 2455 Κύριος
551 2421 565 2447 ὁ
579 2420 645 2451 Θεὸς
663 2421 742 2456 ἡμῶν
756 2421 803 2448 ἐπὶ
819 2421 868 2458 τὴν

82 2465 177 2492 κακίαν
190 2466 283 2500 ἡμῶν,
295 2466 341 2492 καὶ
354 2466 458 2501 ἤγαγεν
473 2466 557 2502 αὐτὴν
568 2466 702 2502 ἐφ’-ἡμᾶς,
711 2467 752 2493 ὅτι
765 2467 868 2499 δίκαιος

83 2509 181 2545 Κύριος
193 2512 207 2537 ὁ
218 2511 286 2543 eo);
301 2512 380 2547 ήμῶν
400 2513 446 2539 ἐπὶ
463 2513 552 2539 πᾶσαν
572 2511 621 2547 τὴν
647 2512 756 2548 ποίησιν
773 2513 868 2546 αὑτοῦ,

82 2556 114 2591 ἢν
137 2557 262 2593 ἐποίησε,
293 2558 358 2584 διότι
382 2558 432 2584 οὐκ
461 2557 662 2594 εἰσηκούσαμεν
700 2558 749 2594 τῆς
776 2558 869 2594 φωνῆς

83 2602 171 2629 αὑτοῦ.

117 2660 158 2687 15.
176 2660 232 2686 Καὶ
245 2659 293 2686 νῦν
307 2660 415 2695 Κύριεὸ
430 2659 495 2692 Θεδς
510 2660 600 2696 ἡμῶν,
616 2660 646 2692 ὃς
672 2661 807 2696 ἐξήγαγες
822 2660 869 2687 τὸν

83 2704 143 2731 λαόν
169 2713 216 2731 σου
239 2705 270 2731 ὲκ
300 2706 350 2740 γῆς
374 2705 511 2740 Αἰγύπτου
533 2707 562 2732 ὲν
582 2706 655 2741 χειρὶ
675 2707 803 2741 κραταιᾷ.
821 2705 869 2732 καὶ

84 2751 210 2785 ἐποίησας
228 2751 332 2785 σεαυτῴ
346 2751 431 2783 ὗνομα
447 2751 484 2781 ὡς
498 2751 515 2785 ἡ
538 2751 631 2787 ἡμέρα
652 2751 733 2787 αὓτη,
748 2751 870 2787 ἡμάρτο-

83 2804 139 2830 μεν,
149 2797 198 2831 ὴνο
203 2796 339 2832 μήσαμεν.

117 2841 158 2868 16.
176 2841 274 2876 Κύριε,
283 2843 312 2869 ἐν
325 2842 397 2878 πάσῃ
409 2841 578 2878 ιλιημοσύνῃ
595 2851 652 2875 σου,
665 2843 868 2878 ἀποστραφήτω

919 2242 977 2269 haec
995 2245 1130 2268 venerunt
1143 2247 1226 2275 super
1243 2247 1312 2267 nos:
1328 2244 1355 2267 et
1370 2247 1422 2267 non
1440 2239 1597 2275 rogavimus
1608 2239 1705 2267 faciem

921 2287 1028 2314 Domini
1044 2286 1090 2313 Dei
1111 2286 1209 2317 nostri.
1227 2291 1258 2313 ut
1268 2291 1470 2314 reverteremur
1491 2286 1526 2313 ab
1553 2285 1707 2320 iniquitati-

919 2334 971 2361 bus
984 2334 1098 2365 nostris,
1108 2337 1136 2360 et
1149 2336 1180 2359 ut
1191 2332 1404 2368 intelligeremus
1416 2332 1443 2360 in
1456 2332 1530 2359 omni
1545 2331 1669 2359 veritate.

956 2419 999 2447 H.
1022 2418 1054 2446 Et
1069 2418 1191 2453 vigilavit
1204 2417 1338 2446 Dominus
1351 2418 1423 2447 Deus
1438 2423 1530 2447 noster
1543 2427 1625 2455 super
1647 2427 1706 2448 ma-

920 2463 1004 2492 litiam
1018 2467 1152 2495 nostram,
1168 2468 1197 2491 et
1227 2464 1341 2492 adduxit
1357 2472 1418 2492 eam
1448 2473 1530 2500 super
1542 2474 1592 2496 nos
1611 2475 1619 2494 :
1641 2467 1706 2502 quia

918 2510 1010 2545 justus
1029 2509 1163 2538 Dominus
1188 2509 1260 2538 Deus
1283 2515 1378 2538 noster
1395 2511 1422 2538 in
1447 2511 1523 2538 omni
1544 2519 1626 2547 opere
1642 2519 1705 2544 suo.

920 2556 993 2590 quod
1009 2555 1073 2583 fecit
1090 2565 1096 2583 :
1112 2555 1177 2590 quia
1189 2563 1244 2584 non
1256 2556 1447 2585 exaudivimus
1460 2564 1553 2586 vocem
1569 2556 1641 2592 ejus.

956 2657 999 2684 15.
1022 2657 1055 2684 Et
1072 2663 1155 2688 nunc,
1171 2656 1286 2685 Domine
1300 2657 1372 2685 Deus
1397 2662 1500 2690 noster,
1515 2657 1563 2693 qui
1588 2657 1706 2687 eduxisti

919 2703 1048 2738 populum
1063 2707 1140 2729 tuum
1156 2702 1190 2730 de
1201 2709 1272 2731 terra
1296 2702 1405 2739 Egypti
1429 2704 1456 2731 in
1481 2711 1564 2731 manu
1580 2703 1656 2737 forti,
1680 2709 1706 2732 et

920 2748 1008 2776 fecisti
1019 2747 1068 2775 tibi
1088 2755 1185 2775 nomen
1200 2749 1271 2776 sicut
1285 2750 1344 2777 dies
1359 2749 1417 2777 ha-c
1436 2758 1443 2776 :
1459 2750 1644 2785 peccavimus,
1658 2750 1709 2779 lm-

920 2794 963 2830 pie
978 2794 1093 2829 egimus.

957 2839 1001 2867 16.
1022 2839 1145 2872 Domine.
1161 2840 1187 2866 in
1214 2840 1288 2867 omni
1317 2840 1506 2869 misericordia
1529 2846 1586 2874 tua,
1599 2843 1708 2869 avoru-
