1967 3079
247 105 320 134 9383

784 106 907 133 DANIEL
933 101 1045 133 JUXTA
1065 105 1335 133 TIIEUDOTIONEM

1797 103 1850 132 288
1858 104 1868 130 Β

249 165 443 197 tur,obseero,
460 153 536 191 furor
553 169 626 197 tuus.
647 168 675 191 et
691 164 731 191 ira
756 168 802 190 tua
829 172 844 190 a
862 164 971 190 civitate
986 168 1030 190 tua

1089 163 1118 198 δὴ
1130 165 1144 191 ό
1159 164 1245 199 θυμός
1260 173 1318 196 σου,
1331 164 1378 190 καὶ
1393 164 1409 198 ἡ
1427 163 1494 198 ὀργή
1507 171 1553 189 σου
1573 162 1628 189 ἀπὸ
1641 162 1690 198 τῆς
1703 162 1809 194 πόλεώς
1826 171 1871 188 σου

248 211 411 243 Jerusalem,
439 215 531 238 monte
550 216 644 238 sancto
671 214 730 236 tuo.
749 209 819 242 Quia
847 214 958 244 propter
971 216 1033 244 pec-

249 264 310 286 cata
326 262 428 292 nostra,
443 262 470 285 et
484 261 593 292 propter
608 256 766 291 iniquitates
793 261 901 282 nostras
911 275 918 287 ,
942 261 968 282 et
981 263 1034 290 pa-

249 309 320 330 trum
334 309 512 335 nostrorum,
540 302 703 333 Jerusalem,
731 305 759 328 et
785 301 900 336 populus
929 305 991 328 tuus
1004 301 1033 327 in

248 350 425 384 opprobrium
454 348 542 376 factus
569 352 611 375 est
634 348 772 379 omnibus,
806 348 851 382 qui
869 348 896 374 in
917 348 1034 375 circuitu

249 399 343 422 IIOSU'D
355 399 429 422 Sllﬂl.

284 440 326 467 t7.
350 440 383 467 Et
399 447 471 466 nunc
487 439 596 470 exaudi,
614 439 726 466 Domine
736 439 806 466 Deus
816 445 918 471 noster,
933 439 1036 466 oratio-

247 493 308 512 nem
321 485 392 512 servi
407 485 461 518 tui,
478 489 506 512 et
527 492 622 520 preces
647 484 725 519 ejus,
754 489 782 512 et
805 485 919 512 ostende
935 484 1032 512 faciem

247 536 322 558 luam
338 539 422 566 super
432 532 726 563 sanctuarium‘tuutn,
741 532 813 566 quod
829 531 965 558 desertum
981 535 1032 564 est,

247 582 358 612 propter
373 582 410 609 te.
426 577 549 604 Domine.

283 623 327 650 l8.
348 622 462 655 lnclina,
480 623 550 649 Deus
567 629 654 654 meus,
678 629 771 649 aurem
798 626 883 652 tuam.
907 625 931 648 et
948 621 1031 649 audi:

249 668 322 702 aperi
337 668 432 695 oculos
445 672 518 700 tuos,
532 672 559 694 et
572 668 634 694 vide
655 667 850 694 desolationem
867 671 998 697 nostram,
1009 670 1037 693 et

249 714 365 741 civitatis
378 718 439 746 tuas,
456 713 483 740 in
499 721 553 748 qua
571 713 726 740 invocatum
744 717 785 740 est
804 719 901 738 nomen
917 716 992 738 tuum
1008 712 1034 739 in

248 768 301 788 ra:
319 761 383 795 quia
400 769 452 787 non
478 761 504 787 in
518 759 766 794 justiﬁeationibus
783 758 885 785 nostris
906 765 954 784 nos
971 766 1035 790 pro-

249 807 398 834 sternimus
412 806 614 833 miserationem
630 812 721 832 coram
734 808 772 835 te,
791 804 838 830 sed
861 811 940 838 super
955 803 1035 830 mise-

249 853 370 880 rationes
387 857 449 879 tuas
461 851 571 884 multas,
589 850 712 876 Domine.

283 898 327 925 {9.
338 898 451 929 Exaudi,
467 896 592 924 Domine.
602 895 763 930 propitiare,
773 893 899 925 Domine,
918 893 1036 924 attende.

242 943 371 974 ‘Domine,
385 942 441 975 l‘ac,
459 941 572 968 Domine
597 949 604 968 z
624 945 651 967 et
682 948 715 967 ne
745 940 860 966 moreris
874 945 984 974 propter
1011 944 1038 966 te

247 989 347 1023 ipsum,
368 987 438 1015 Deus
451 995 527 1014 meus
543 994 550 1012 :
567 986 695 1022 quoniam
715 993 816 1013 nomen
831 990 907 1012 tuum
922 986 1033 1012 invoca-

247 1038 301 1059 tum
309 1036 350 1060 est
361 1040 442 1067 super
452 1032 587 1058 civitatem
598 1035 713 1063 tuam,et
721 1038 803 1065 super
810 1031 939 1065 populum
949 1035 1035 1058 tuum.

279 1079 326 1107 20.
350 1079 381 1107 Ει
394 1080 484 1106 adhuc
502 1086 544 1105 me
558 1078 685 1113 loquente
697 1097 704 1110 ,
734 1082 761 1104 et
789 1082 895 1106 orante.
911 1081 939 1103 et
954 1078 1038 1103 conli-

247 1129 319 1151 tente
335 1127 444 1158 peccata
458 1130 516 1149 mea
530 1143 537 1155 ,
554 1127 580 1149 et
596 1126 704 1157 peccata
719 1121 812 1156 populi
828 1121 879 1147 mei
901 1121 993 1152 Israel,
1010 1126 1037 1147 et

247 1172 438 1202 prosternente
461 1166 665 1194 miserationem
696 1173 783 1192 meam
809 1173 900 1193 coram
921 1164 1037 1192 Domino

247 1215 302 1242 Deo
317 1221 388 1245 meo,
405 1221 453 1249 pro
465 1217 556 1240 monte
571 1217 667 1239 sancto
683 1212 769 1239 sancti
795 1210 842 1238 Dei
857 1211 919 1238 mei.

281 1302 326 1329 2i.
348 1302 381 1329 Et
394 1301 482 1329 adhuc
496 1308 540 1328 me
558 1301 686 1336 loquente
716 1301 742 1327 in
770 1300 905 1333 oratione,
920 1305 946 1327 et
973 1307 1037 1328 ecce

247 1349 289 1375 vir
303 1348 426 1380 Gabriel,
440 1355 522 1382 quem
539 1347 658 1374 videram
674 1347 701 1373 in
715 1346 820 1373 visione
835 1354 893 1374 mea
916 1347 942 1373 in
960 1348 1036 1381 prin-

248 1395 330 1429 cipio,
349 1394 454 1426 volans,
468 1397 494 1420 et
511 1393 599 1427 tetigit
615 1400 658 1419 me
668 1392 748 1427 quasi
762 1392 828 1419 hora
846 1392 974 1420 sacriﬁcii
990 1400 1036 1420 ve-

247 1439 373 1474 spcrtini.

281 1485 326 1513 22.
347 1486 380 1512 Et
397 1484 546 1518 intelligere
564 1484 628 1512 fecit
651 1491 694 1512 me
713 1503 721 1517 ,
738 1489 764 1511 et
787 1483 895 1511 locutus
911 1489 953 1511 est
977 1491 1035 1511 me-

247 1538 320 1563 eum,
335 1536 362 1558 et
373 1530 461 1557 dixit:
480 1529 584 1561 Daniel,
602 1537 675 1557 nunc
690 1529 760 1557 exivl
771 1529 896 1556 imbuere
910 1534 936 1556 te
953 1529 1033 1556 intel-

246 1577 367 1611 ligentia.

280 1621 324 1648 23.
342 1622 374 1648 -ln
393 1622 525 1657 principio
541 1621 742 1649 obsecrationis
755 1625 808 1648 tua:
821 1621 906 1648 exivit
920 1628 1030 1648 sermo:

245 1672 272 1694 et
290 1674 340 1701 ego
357 1667 428 1700 veni,
447 1673 477 1694 ut
492 1668 651 1694 annuntietn
666 1666 727 1697 tibi.
740 1666 806 1701 quia
819 1667 861 1693 vir
880 1666 1032 1694 desiderio-

246 1719 306 1738 rum
319 1718 349 1738 ρο
363 1716 408 1743 tu;
423 1715 451 1737 et
464 1711 583 1745 recogita
602 1712 629 1737 in
641 1710 732 1737 verbo.

281 1756 325 1783 24.
364 1756 541 1791 Septuaginta
570 1756 753 1783 lielidomades
779 1755 943 1783 abbreviatte
966 1760 1031 1782 sunt

246 1811 329 1839 super
342 1804 470 1838 populum
486 1809 572 1836 tuum,
588 1808 614 1830 ct
629 1812 712 1838 super
727 1804 872 1832 ‘civitatem
895 1809 1029 1838 sanctam,

246 1849 424 1884 quoadusque
440 1849 597 1883 antiquetur
612 1849 754 1881 delictum,
775 1854 802 1876 et
824 1855 1030 1877 consummetur

247 1900 398 1929 peccatum,
414 1900 441 1922 et
453 1895 630 1930 obsignentur
645 1900 765 1929 peccata,
782 1899 809 1922 et
825 1896 966 1923 deleantur
977 1897 1029 1924 im-

247 1940 369 1975 ptetates},
394 1944 421 1966 et
446 1939 627 1974 propitientur
646 1939 813 1973 iniquitates,
829 1943 856 1966 et
879 1939 1028 1966 adducatur

243 1985 348 2020 iustitia
362 1986 537 2020 sempiterna,
564 1989 591 2011 et
615 1984 736 2018 signetur
748 1984 828 2017 visio,
844 1989 871 2012 et
885 1984 1027 2019 propheta,

243 2034 271 2057 οι
288 2034 406 2066 ungatur
419 2029 536 2057 Sanctus
550 2033 717 2056 sanctorum.

279 2124 324 2153 25.
342 2122 377 2150 Et
393 2121 647 2156 scies,etinteltiges
661 2141 669 2154 ,
684 2122 718 2148 ab
731 2121 808 2149 exitu
822 2129 980 2148 sermonum
992 2122 1027 2150 ad

1091 210 1269 245 Ἰερουσαλὴμ
1281 209 1361 244 ὅρους
1373 209 1450 243 ἁγίου
1467 218 1513 235 σου
1526 217 1533 224 '
1546 209 1586 235 ὅτι
1600 209 1629 234 ἐν
1648 210 1707 240 ταῖς
1721 209 1873 244 ἁμαρτίαις

1085 257 1173 291 ἡμῶν,
1189 256 1234 282 ml
1248 257 1276 282 ἐν
1294 257 1354 285 ταῖς
1370 255 1486 286 ἀδικίαις
1502 255 1579 290 ἡμῶν
1610 254 1657 280 καὶ
1677 254 1731 280 τῶν
1745 254 1873 288 πατέρων

1084 301 1174 337 ἡμῶν,
1190 300 1374 336 Ἰερουσαλὴμ,
1392 302 1439 327 καὶ
1455 302 1468 327 ὁ
1486 301 1551 331 λαός
1581 308 1627 326 σου
1655 300 1694 331 εἰς
1717 300 1873 334 ὀνειδισμὸν

1086 347 1194 380 ἐγένετο
1208 348 1237 373 ἐν
1247 348 1315 373 πᾶσι.
1331 348 1387 378 τοῖς
1402 346 1558 381 περικύκλῳ
1571 346 1661 380 ἡμῶν.

1122 435 1165 462 ΓΙ.
1183 435 1237 462 Kal
1253 435 1300 462 νῦν
1314 436 1483 467 εἰσάκουσον,
1502 435 1587 470 Κύριε
1601 435 1615 461 ὁ
1629 434 1696 466 Θεὸς
1711 435 1800 470 ἡμῶν,
1822 436 1872 470 τῆς

1087 482 1242 516 προσευχῆς
1257 480 1305 507 τοῦ
1329 481 1422 507 δούλου
1436 489 1494 512 σου,
1508 481 1556 506 καὶ
1578 480 1632 506 τῶν
1648 481 1765 515 δεήσεων
1777 481 1870 513 αὑτοῦ,

1085 526 1132 552 καὶ
1142 526 1274 560 ὲπίιρανον
1291 528 1321 552 τδ
1335 526 1481 562 πρόσωπόν
1496 534 1543 552 σου
1552 526 1599 552 ἐπὶ
1617 526 1647 552 τὺ
1673 525 1800 561 ἁγίασμά
1825 535 1871 553 σου

1086 571 1198 607 ἔρημον,
1215 572 1307 598 ἕνεκέν
1322 581 1380 604 σου,
1396 572 1489 608 Κύριε.

1123 618 1169 644 18.
1184 617 1291 650 κλῖνον,
1311 619 1325 644 ὁ
1338 618 1404 650 Θεὸς
1419 626 1482 653 μου,
1503 617 1533 644 τδ
1546 615 1591 649 οὖς
1611 626 1667 649 σου,
1680 617 1727 644 καὶ
1741 617 1870 644 duumv-

1086 661 1189 694 ἄνοιξον
1200 662 1264 693 τοὺς
1278 661 1433 697 ὀφθαλμούς
1449 670 1506 693 σου,
1519 662 1566 688 καὶ
1588 661 1625 688 ἴδε
1651 662 1696 688 τὸν
1719 663 1874 697 ἀφανισμῆν

1086 707 1174 742 ἡμῶν,
1202 707 1250 733 καὶ
1273 707 1321 741 τῆς
1345 706 1448 738 πόλεώς
1463 715 1520 738 σου,
1537 705 1580 740 ἐφ’
1598 703 1632 741 ἦς
1649 706 1828 740 ἐπικέκληται
1845 706 1873 732 τὸ

1086 752 1173 787 δνομά
1187 761 1234 779 σου
1249 753 1293 779 ἐπ’
1308 753 1377 788 αὐτῇ
1388 760 1395 766 ·
1413 753 1454 779 ὅτι
1481 753 1531 778 οὐκ
1555 752 1602 778 ἐπὶ
1614 753 1672 782 ταῖς
1690 751 1874 782 δικαιοσύναις

1086 798 1165 832 ἡμῶν
1178 799 1259 832 ἡμεῖς
1272 798 1403 834 ῥίπτομεν
1434 798 1479 824 τὸν
1507 798 1648 833 οἱκτιρμὸν
1677 796 1793 823 ἐνώπιόν
1814 805 1871 830 σου,

1051 842 1072 869 Β
1087 844 1143 870 ἀλλ’
1159 844 1204 870 ἐπὶ
1213 845 1273 876 τοὺς
1284 845 1443 880 οἰκτιρμούς
1456 852 1502 870 σου
1518 845 1580 875 τοὺς
1593 843 1717 874 πολλοὺς,
1737 843 1835 878 Κύριε.

1125 889 1167 916 19.
1185 889 1351 917 Είσάκουσον
1368 890 1464 925 Κύριε,
1495 889 1619 924 ῖλάσθητι
1641 888 1737 924 Κύριε,
1754 889 1872 923 πρόσχες

1088 933 1185 970 Κύριε,
1199 934 1311 970 ποίησον
1329 935 1425 971 Κύριε,
1436 935 1483 961 καὶ
1499 935 1536 970 μὴ
1552 935 1679 970 χρονισῃς
1689 935 1782 960 ἕνεκέν
1800 943 1847 961 σου
1858 936 1872 961 ό

1087 979 1154 1011 Sed;
1172 988 1233 1014 μου,
1248 980 1290 1006 ὅτι
1309 980 1339 1006 τὸ
1364 981 1452 1016 ὄνομα
1470 989 1517 1007 σου
1545 980 1725 1015 ἐπικέκληται
1749 981 1797 1006 ἐπὶ
1823 981 1872 1015 τὴν

1087 1025 1165 1051 πόλιν
1181 1034 1240 1057 σου,
1253 1026 1301 1052 καὶ
1311 1027 1358 1052 ἐπὶ
1372 1026 1416 1052 τὸν
1435 1026 1498 1053 λαόν
1517 1034 1564 1053 σου

1123 1070 1168 1098 20.
1181 1071 1235 1098 Καὶ
1246 1071 1285 1097 ἔτι
1303 1071 1369 1106 ἐμοῦ
1393 1071 1545 1104 λαλοῦντος,
1573 1072 1622 1098 καὶ
1641 1072 1870 1106 προσευχομένου,

1089 1118 1135 1144 καὶ
1145 1117 1352 1153 ἐξαγορεύοντος
1367 1119 1416 1150 τὰς
1435 1119 1571 1154 ἁμαρτίας
1588 1120 1707 1154 gummi.
1721 1120 1769 1150 τὰς
1784 1121 1871 1154 ἁμαρ-

1087 1164 1147 1195 τίας
1162 1164 1209 1191 τοῦ
1222 1164 1287 1192 λαοῦ
1309 1173 1359 1200 μου
1380 1165 1497 1201 Ἰσραὴλ,
1512 1167 1559 1192 καὶ
1572 1166 1714 1200 ρίπτοντος
1736 1166 1781 1191 τὸν
1797 1165 1870 1191 ἔλεόν

1089 1217 1138 1243 μου
1151 1209 1271 1236 ἐναντίον
1284 1210 1387 1246 Κυρίου
1412 1211 1459 1236 τοῦ
1485 1210 1552 1237 Θεοῦ
1567 1219 1617 1246 μου
1636 1211 1700 1246 περὶ
1727 1210 1775 1237 τοῦ
1793 1211 1870 1246 ὅρους

1087 1254 1134 1281 τοῦ
1149 1255 1226 1289 ἁγίου
1241 1255 1288 1282 τοῦ
1305 1256 1383 1290 ἁγίου
1395 1257 1441 1282 τοῦ
1455 1257 1522 1282 Θεοῦ
1536 1265 1598 1291 μου.

1120 1302 1165 1328 21.
1184 1302 1238 1335 Kal
1253 1303 1293 1328 ἐτι
1314 1302 1380 1337 ἐμοῦ
1403 1302 1548 1334 λαλοῦντος
1561 1304 1590 1329 ἐν
1611 1304 1644 1338 τῇ
1660 1304 1810 1339 προσευχῇ.
1824 1304 1872 1330 καὶ

1089 1343 1142 1370 ἰδοὺ
1159 1346 1173 1371 ὀ
1185 1345 1254 1380 ἀνὴρ
1271 1345 1401 1382 Γαὸριὴλ,
1421 1346 1450 1373 ὅν
1462 1345 1530 1373 εἶδον
1543 1348 1571 1373 ὲν
1582 1349 1614 1383 τῇ
1624 1349 1717 1382 ὁράσει
1734 1357 1784 1382 μου
1797 1349 1825 1374 ἐν
1837 1350 1870 1383 τῇ

1086 1391 1156 1426 ἀρχῇ
1169 1411 1176 1422 ,
1191 1391 1340 1426 πετόμενος
1351 1411 1358 1421 .
1372 1393 1420 1420 καὶ
1429 1393 1517 1428 ἥψατο
1530 1401 1591 1428 μου,
1601 1394 1667 1420 ὠσεὶ
1687 1394 1763 1430 ὤραν
1776 1395 1870 1427 θυσίας

1086 1437 1241 1472 ὲσπερινῆς.

1120 1481 1165 1508 22.
1184 1483 1237 1508 Kal
1253 1483 1392 1509 ἐσυνέτισέ
1404 1492 1447 1518 με,
1461 1484 1508 1510 καὶ
1519 1483 1634 1519 ἐλάλησε
1646 1485 1706 1520 μετ’
1725 1486 1806 1520 ἐμοῦ,
1823 1488 1869 1513 καὶ

1085 1526 1180 1555 εἶπεν·
1207 1529 1319 1564 Δανιὴλ,
1353 1530 1400 1556 νῦν
1424 1529 1535 1565 ἐξῆλθον
1559 1527 1727 1566 συμῦιόάσαι
1756 1541 1786 1559 σε
1810 1534 1870 1560 σύν-

1083 1581 1151 1600 εσιν.

1117 1619 1161 1647 25.
1182 1620 1226 1646 Ἐν
1239 1621 1309 1656 ἀρχῇ
1323 1620 1373 1655 τῆς
1388 1621 1507 1656 δεήσεὼς
1517 1629 1564 1648 σου
1575 1622 1706 1658 ἐξῆλθενὸ
1719 1623 1810 1657 λόγος,
1823 1626 1868 1651 καὶ

1081 1665 1137 1700 ἐγὼ
1161 1663 1243 1701 ἦλθον
1260 1667 1306 1693 τοῦ
1329 1667 1490 1701 ἀναγγεῖλαὶ
1507 1676 1557 1701 σοι,
1575 1669 1616 1695 ὃτι
1631 1669 1699 1705 ἀνὴρ
1715 1670 1868 1706 ἐπιθυμιῶν

1081 1708 1107 1737 εἷ
1119 1711 1162 1743 σὺ,
1179 1712 1226 1738 καὶ
1239 1712 1378 1748 ἐννοήθητι
1391 1714 1419 1739 ἐν
1433 1713 1472 1748 τῷ
1492 1714 1604 1749 ῥήματι.

1116 1757 1160 1784 24.
1178 1757 1377 1793 Ἐὔδομήκοντα
1386 1759 1533 1794 ἑὸδομάδες
1545 1760 1754 1795 συνετμήθησαν
1766 1763 1814 1788 ἐπὶ
1824 1762 1867 1788 τὸν

1081 1804 1144 1830 λαόν
1159 1812 1217 1836 σου,
1234 1805 1280 1831 καὶ
1291 1805 1338 1831 ἐπὶ
1352 1806 1402 1840 τὴν
1417 1806 1494 1832 πόλιν
1516 1806 1566 1841 τὴν
1581 1806 1671 1840 ἁγίαν,
1683 1806 1736 1838 ἓως
1752 1807 1800 1834 τοῦ
1820 1817 1868 1834 πα-

1080 1848 1228 1884 λαιωθῆναι
1252 1849 1283 1876 τὸ
1311 1850 1497 1886 παράπτωμα,
1523 1852 1570 1878 καὶ
1594 1851 1642 1878 τοῦ
1659 1852 1865 1888 συντελεσθῆναι

1080 1894 1226 1930 ἁμαρτίαν,
1250 1896 1298 1922 καὶ
1326 1895 1373 1921 τοῦ
1398 1897 1549 1931 σφραγίσαι
1576 1897 1720 1932 ἁμαρτίας,
1748 1899 1796 1925 καὶ
1818 1898 1864 1925 τοῦ

1080 1940 1228 1975 ἀπαλεῖψαι
1240 1940 1364 1975 ἀνομίας,
1380 1942 1428 1967 καὶ
1440 1941 1487 1968 τοῦ
1498 1941 1672 1974 ἐξιλάσασθαι
1688 1943 1808 1976 ἀδικίας,
1818 1944 1863 1970 καὶ

1078 1984 1126 2011 τοῦ
1140 1985 1255 2019 ἀγαγεῖν
1271 1985 1444 2021 δικαιοσύνην
1458 1987 1576 2019 αἰώνιον,
1590 1987 1638 2013 καὶ
1653 1987 1700 2013 τοῦ
1713 1989 1863 2023 σφραγίσαι

1077 2031 1183 2066 ὅρασιν,
1217 2032 1264 2058 καὶ
1297 2033 1458 2068 προφήτην,
1490 2033 1537 2059 καὶ
1568 2033 1617 2060 τοῦ
1648 2035 1741 2069 χρῖσαι
1768 2035 1863 2069 Ἀγιον

1079 2075 1175 2110 ἁγίων.

1112 2122 1158 2149 25.
1171 2123 1226 2149 Kal
1241 2122 1343 2159 γνώσῃ,
1360 2124 1407 2150 καὶ
1423 2125 1557 2159 συνήσεις,
1583 2124 1637 2150 ἀπὸ
1661 2124 1755 2157 ἐξόδου
1776 2125 1863 2158 λόγων

245 2168 475 2203 respondendum,
492 2172 519 2195 et
537 2173 567 2194 ut
590 2167 739 2195 aediﬁcetur
761 2166 914 2194 Jerusalem
939 2174 1025 2201 usque

1089 2168 1124 2194 τοῦ
1135 2168 1326 2204 ἀποκριθῆναι,
1336 2170 1383 2196 καὶ
1391 2169 1439 2196 τοῦ
1449 2169 1656 2205 οἰκοδομηθῆναι
1673 2170 1862 2206 Ἰερουσαλὴμ,

244 2214 276 2240 ad
293 2214 433 2242 Christum
444 2214 550 2246 ducem,
560 2212 742 2240 hebdomades
756 2217 870 2247 septem,
883 2217 910 2239 et
923 2212 1026 2239 hebdo-

245 2261 336 2288 mades
346 2261 485 2296 sexaginta
501 2261 560 2288 dure
571 2269 577 2286 :
590 2263 618 2286 et
632 2264 794 2289 revertetur,
811 2261 838 2285 et
848 2257 1027 2285 tediticabitur

244 2307 330 2342 platea
344 2328 352 2339 ,
363 2311 391 2334 et
408 2307 626 2339 circummurale,
638 2310 665 2333 et
674 2306 880 2332 evacuabuntur
893 2309 1024 2339 tempora.

276 2396 322 2426 26.
345 2396 378 2424 Et
392 2401 452 2431 post
466 2396 650 2424 hebdomadas
670 2395 810 2430 sexaginta
838 2395 906 2423 duas
933 2400 1024 2423 exter-

243 2443 391 2469 minabitur
413 2442 523 2469 unctio:
552 2445 579 2468 et
600 2441 735 2476 judicium
765 2448 817 2467 non
833 2445 875 2468 est
892 2441 919 2468 in
931 2449 974 2469 eo.
992 2440 1025 2468 Et.

242 2486 389 2518 civitatem,
405 2491 432 2514 et
444 2487 630 2514 sanetuarium
643 2486 786 2521 dissipabit
801 2494 863 2513 cum
880 2487 949 2514 duce
974 2486 1024 2513 ad—

244 2532 409 2563 veniente,et
418 2533 609 2560 exmindentur
624 2533 701 2567 quasi
715 2532 741 2558 in
761 2531 874 2564 diluvio,
890 2537 916 2558 et
938 2539 1024 2566 usque

241 2576 276 2603 ad
290 2577 371 2604 linem
384 2577 446 2603 belli
462 2578 565 2604 concisi
593 2577 818 2604 desolationibus.
845 2576 1024 2604 Conllrmabit

241 2627 331 2650 autem
365 2627 557 2650 testamentum
584 2623 677 2650 multis
701 2621 870 2650 bebdomada
904 2629 956 2648 una
977 2626 1024 2649 :et

241 2667 384 2694 dimidium
403 2668 579 2695 hebdomadas
597 2675 704 2695 cessare
723 2667 805 2695 faciet
820 2667 980 2702 thymiama,
996 2671 1023 2694 et

241 2713 418 2746 sacriﬁcium,
432 2718 459 2740 et
478 2714 606 2747 libamen,
622 2718 649 2741 et
676 2721 755 2748 super
775 2713 952 2748 pinnaculum
976 2720 1019 2739 or-

241 2759 303 2786 dine
322 2760 508 2792 desolationis,
521 2764 548 2786 et
563 2767 649 2794 usque
665 2760 698 2786 ad
710 2760 982 2790 consummationem,
996 2764 1023 2786 et

231 2803 441 2831 Joatlnationrm
456 2804 559 2835 ordine,
572 2803 764 2830 destructione.

1077 2212 1129 2244 ἕως
1144 2213 1262 2248 Χριστοῦ
1277 2214 1438 2249 ἡγουμένου,
1454 2215 1598 2250 ἐΰδομάδες
1611 2215 1690 2246 ἑπτὰ,
1715 2216 1763 2249 καὶ
1787 2215 1862 2241 ἐϐδο-

1079 2258 1160 2293 μάδες
1170 2258 1302 2293 ἐξήκοντα
1312 2259 1374 2286 δύο·
1395 2261 1443 2286 καὶ
1462 2260 1629 2295 ἐπιστρέψει,
1648 2261 1695 2287 καὶ
1722 2262 1864 2296 οἰκοδομη-

1076 2303 1189 2339 Θήσεται
1206 2304 1329 2337 πλατεῖα,
1343 2306 1391 2332 καὶ
1410 2304 1575 2341 περίτειχος.
1595 2307 1644 2333 καὶ
1659 2307 1863 2342 ἐκκενωθήσον-

1075 2358 1120 2376 ται
1131 2351 1156 2376 ol
1168 2351 1268 2386 καιροί.

1111 2395 1156 2423 9-6.
1174 2397 1228 2423 Kal
1253 2397 1323 2432 μετὰ
1344 2397 1395 2428 τὰς
1412 2397 1562 2432 ἐὸδομάδας
1588 2397 1638 2429 τὰς
1664 2397 1798 2432 ἐξήκοντα
1817 2398 1863 2424 δύο

1075 2440 1336 2477 ὲξολοθρευθήσεται
1351 2442 1464 2477 χρίσμα,
1485 2443 1533 2469 καὶ
1558 2444 1646 2477 κρῖμα
1670 2443 1720 2468 οὐκ
1747 2443 1823 2469 ἐστιν
1833 2445 1863 2469 ἐν

1075 2486 1150 2521 αὐτῷ
1159 2495 1165 2502 ·
1181 2488 1228 2513 καὶ
1240 2488 1289 2521 τὴν
1306 2487 1392 2519 πόλιν,
1409 2488 1510 2523 καὶτὸν
1520 2488 1597 2522 ἅγιον
1608 2489 1751 2523 διαφθερεῖ
1768 2489 1863 2523 σὺντῷ

1075 2531 1218 2567 ἡγουμένῳ
1245 2532 1283 2567 τῷ
1306 2532 1457 2568 ἐρχομένῳ,
1488 2533 1534 2559 καὶ
1558 2533 1760 2568 ὲκκοπήσονται
1776 2534 1816 2564 ὡς
1833 2535 1862 2560 ἐν

1075 2575 1270 2611 κατακλυσμῷ,
1281 2576 1328 2602 καὶ
1341 2576 1392 2607 ἕως
1402 2576 1496 2608 τέλους
1507 2575 1625 2610 πολέμου
1637 2579 1861 2611 συντετμημένου

1074 2622 1246 2656 ἀφανισμοῖς.
1274 2621 1329 2648 Καὶ
1351 2621 1504 2656 δυναμώσει
1515 2621 1646 2657 διαθήκην
1661 2621 1770 2652 πολλοῖς
1787 2622 1862 2648 €660-

1076 2667 1128 2701 μὰς
1157 2666 1222 2701 μία·
1254 2666 1301 2692 καὶ
1323 2666 1408 2701 ἥμισυ
1437 2668 1486 2701 τῆς
1512 2666 1657 2702 ἐσδομάδος
1686 2666 1861 2693 καταπαύσει

1074 2712 1210 2747 θυμίαμα,
1225 2712 1273 2738 καὶ
1290 2711 1394 2745 θυσίαν,
1414 2712 1460 2739 καὶ
1475 2712 1601 2748 σπονδὴν,
1623 2712 1670 2739 καὶ
1699 2713 1746 2739 ἐπὶ
1761 2715 1860 2748 πτερὼ

1073 2766 1132 2790 γιον
1145 2757 1220 2789 τάξει
1231 2758 1396 2794 ἀφανισμοῦ,
1412 2760 1459 2786 καὶ
1472 2759 1522 2790 ἔως
1531 2758 1699 2791 συντελείας,
1710 2759 1758 2785 καὶ
1774 2767 1858 2785 σπου-

1073 2803 1120 2836 δῆς
1136 2802 1210 2835 τάξει
1225 2804 1381 2839 ἀφανισμῷ.
