1967 3079
88 134 161 161 2885

815 134 931 163 CAPUT
953 134 986 161 Χ.

1650 134 1720 163 1836

123 195 168 221 27.
183 193 238 219 Καὶ
250 192 406 228 δυναμοῦσει
419 192 553 228 διαθήκην
570 193 676 225 πολλοῖς
686 193 802 227 ἑϐδομὰς
817 193 877 227 μία,

966 192 1011 219 27.
1034 192 1067 219 Ει
1083 192 1256 219 conﬁrmabit
1288 196 1478 219 testamentum
1509 191 1600 218 multis
1618 191 1723 218 hebdo-

90 240 178 267 καὶέν
205 238 242 273 τῷ
265 239 362 274 ἡμίσει
384 238 434 273 τῆς
459 238 605 274 ἑϐδομάδος
624 238 772 274 ἀρθήσεται
793 237 883 268 ουσία,

89 286 138 312 καὶ
164 285 276 319 σπονδὴ,
302 284 349 310 καὶ
364 285 409 310 ἐπὶ
423 284 539 315 τούτοις,
553 285 598 310 ἐπὶ
613 284 642 310 τὸ
656 284 727 320 ἱερὸν
745 283 884 319 βδέλυγμα

90 332 141 366 τῆς
156 330 336 366 ἐρημώσεως,
351 330 398 357 καί
422 329 475 361 ἕως
495 329 651 361 συντελείας
668 329 765 365 καιροῦ
791 329 884 356 συντέ-

90 376 149 403 λεια
166 376 311 412 δοθήσεται
327 376 373 402 ἐπὶ
388 375 437 411 τὴν
449 376 600 411 ἐρήμωσιν.

377 479 575 506 ΚΕΦΑΛᾹΙΟΝ
587 480 614 506 I'.

129 549 156 577 1.
175 549 219 576 Ἐν
234 548 290 574 ἔτει
321 547 407 583 τρίτῳ
422 547 514 583 Κύρου
540 547 588 574 τοῦ
614 547 748 582 βασιλέως
771 547 885 581 Περσῶν

91 594 172 628 λόγος
188 593 368 627 ἀπεκαλύφθη
382 594 420 628 τῷ
436 592 537 628 Δανιὴλ
552 588 582 619 οὗ
599 592 628 618 τὸ
645 591 731 627 ὄνομα
746 591 884 626 επεκλῄοη

92 640 240 675 Βαλτάσαρ
252 648 258 653 ·
267 640 314 665 καὶ
326 639 452 674 ἀληθινὸς
465 639 478 664 ὁ
487 638 576 672 λόγος,
590 638 637 664 καὶ
643 637 756 673 δύναμις
767 637 884 673 μεγάλη,

93 687 144 713 καὶ
157 685 264 715 σύνεσις
285 684 364 719 ἐδόθη
378 683 452 718 αὐτῷ
467 685 495 710 ὲν
515 685 549 719 τῇ
563 683 690 719 ὀπτασίᾳ.

129 729 157 757 2.
179 730 222 756 Ἐν
244 731 306 760 ταῖς
331 729 449 764 ἡμέραις
473 729 590 760 ἐκείναις
614 727 670 762 ἐγὼ
694 727 794 763 Δανιὴλ
810 721 885 763 ἢμην

93 774 203 800 πενθῶν
216 775 290 809 τρεῖς
310 774 461 808 ἑϐδομάδας
476 773 597 808 ἡμερῶν.

129 821 157 848 5.
185 821 283 856 ’Δρτον
298 820 411 855 ἡμερῶν
429 820 480 846 οὐκ
506 819 619 854 ἔφαγον,
651 821 698 846 καὶ
720 820 814 856 κρέας,
839 819 886 846 καὶ

936 239 1015 266 mada
1032 247 1095 270 una,
1124 244 1151 265 et
1178 240 1204 266 in
1236 238 1349 266 dimidio
1378 238 1554 265 hebdomadis
1585 237 1724 266 auferetur

936 286 1110 318 sacriﬁcium,
1127 291 1152 312 et
1169 286 1298 317 libamen,
1315 290 1341 312 ct
1355 289 1416 319 post
1437 286 1494 312 haec
1506 285 1532 311 in
1542 287 1648 321 'tempto
1658 284 1723 312 abo-

937 330 1050 358 minatio
1066 331 1242 358 desolationis
1255 339 1261 358 :
1274 336 1299 358 et
1316 338 1401 364 usque
1413 330 1445 357 ad
1459 330 1724 357 consummationrm

937 376 1067 411 temporis
1096 376 1299 404 consummatio
1323 376 1432 403 dabitur
1459 383 1541 410 super
1579 375 1725 402 ili-solatio-

937 429 1011 449 nent.

1235 478 1349 506 CAPUT
1387 478 1421 505 Χ.

973 549 1000 575 1.
1018 548 1045 575 In
1059 556 1131 575 anno
1146 548 1225 575 tertio
1255 547 1318 582 Cyri
1341 547 1412 581 regis
1441 546 1597 577 Persarum,
1612 545 1724 572 verbum

938 594 1087 621 revelatum
1113 599 1154 621 est
1181 593 1302 623 Danieli,
1328 593 1407 626 cujus
1429 599 1527 618 nomen
1542 596 1668 618 vocatum
1684 596 1725 618 est

937 639 1072 672 Baltasar,
1097 644 1124 667 et
1142 647 1236 666 verum
1252 639 1374 670 verbum,
1388 642 1414 665 et
1429 637 1559 664 fortitudo
1574 644 1682 671 magna,
1699 642 1725 663 ct

938 684 1113 719 intelligentia
1129 684 1193 711 data
1214 688 1255 711 est
1272 684 1297 710 ei
1314 683 1341 710 in
1358 683 1474 710 visione.

971 730 998 756 2.
1021 730 1048 756 In
1067 729 1163 757 diebus
1187 730 1241 756 illis
1272 737 1323 764 ego
1338 728 1434 756 Daniel
1460 735 1534 755 eram
1561 728 1655 764 lugens
1670 733 1726 754 tres

938 776 1121 804 hebdomadas
1139 776 1252 803 dierum.
1594 772 1601 776 ’

974 822 1001 848 5.
1021 821 1122 849 Panem
1133 822 1238 849 dierum
1255 830 1309 849 non
1324 821 1443 854 comedi,
1460 826 1487 848 et
1502 828 1577 853 caro,
1593 825 1620 848 et
1633 821 1725 847 vinum

91 865 166 898 οἶνος
177 867 227 893 οὐκ
243 866 369 901 εἰσῆλθεν
377 866 415 897 είς
424 866 454 892 τὸ
468 866 556 900 στόμα
568 875 630 901 μου,
642 867 688 892 καὶ
701 866 823 901 ἄλειμμα
836 866 885 893 οὐκ

957 877 993 896 on
1011 868 1176 895 introierunt
1190 869 1215 895 in
1233 876 1264 896 os
1277 876 1381 900 meum,
1404 873 1430 895 et
1443 872 1582 902 unguento
1597 875 1650 893 non
1664 874 1725 894 sum

91 912 313 948 ὴλειψάμην,ἓως
320 911 486 947 πληρώσεως
492 912 576 948 τριῶν
589 912 744 947 ἑϐδομάδων
759 913 882 948 ἡμερῶν.

130 1003 157 1030 ι.
171 1004 227 1030 Καὶ
241 1004 270 1030 ὲν
289 1003 380 1039 ἡμέρᾳ
398 1004 508 1038 εἰκοστῇ
527 1003 574 1030 καὶ
601 1003 721 1040 τετάρτῃ
740 1003 787 1030 τοῦ
802 1004 885 1038 μηνὸς

93 1048 142 1075 τοῦ
160 1049 268 1084 πρώτου
277 1050 306 1075 ὲν
324 1049 361 1084 τῷ
376 1049 460 1084 τρίτῳ
473 1049 539 1082 ἕτει,
556 1049 611 1084 ἐγὼ
624 1050 698 1085 ἥμην
710 1050 827 1085 ἐχόμενα
838 1049 884 1076 τοῦ

95 1094 221 1129 ποταμοῦ
232 1095 278 1121 τοῦ
296 1096 426 1130 μεγάλου,
445 1096 526 1128 αὑτός
542 1096 600 1122 ἐστι
614 1095 721 1131 Τίγρις.

131 1141 159 1168 5.
177 1141 232 1167 Καὶ
262 1141 317 1179 ᾖρα
337 1142 398 1173 τοὺς
427 1141 582 1177 ὀφθαλμούς
599 1151 662 1177 μου.
679 1142 726 1168 καὶ
743 1139 822 1174 εἶδον,
837 1142 886 1168 καὶ

96 1186 153 1213 ἰδοὺ
172 1187 242 1222 ἀνὴρ
255 1184 295 1218 εἷς
307 1187 480 1223 ἐνδεδυμένος
496 1187 653 1223 βαδδὶν,καὶ
666 1189 683 1223 ἡ
700 1189 786 1222 ὀσφὺς
805 1188 887 1215 αὐτοῦ

95 1233 306 1268 περιεζωσμένη
327 1234 431 1270 χρυσίῳ
465 1234 565 1269 Ὠφὰζ,
595 1234 641 1261 καὶ
666 1234 697 1261 τὸ
712 1234 793 1269 σῶμα
804 1234 887 1261 αὑτοῦ

96 1279 164 1306 ὡσεὶ
174 1280 298 1315 Θαρσεῖς.

131 1325 159 1353 6.
174 1326 229 1353 Καὶ
243 1327 273 1353 τὸ
291 1326 435 1362 πρόσωπον
447 1327 528 1353 αὑτοῦ
542 1326 610 1354 ὡσεὶ
621 1327 716 1362 ὅρασις
726 1328 883 1363 ἀστραπῆς,

96 1372 146 1400 καὶ
161 1373 186 1399 oi
205 1372 339 1407 ὀφθαλμοὶ
359 1373 440 1400 αὑτοῦ
453 1373 520 1400 ὡσεὶ
541 1373 681 1409 λαμπάδες
697 1374 793 1410 πυρὸς,
809 1375 856 1402 καὶ
865 1378 889 1404 oi

97 1417 242 1452 βραχίονες
256 1418 350 1449 αὑτοῦ,
368 1420 414 1445 καὶ
434 1420 469 1446 τὰ
496 1419 580 1454 σκέλη
599 1419 637 1451 ὡς
662 1420 758 1454 ὅρασις
785 1421 887 1457 χαλκοῦ

99 1462 265 1495 στίλϐοντος,
280 1464 327 1490 καὶ
343 1465 360 1499 ἡ
387 1465 463 1500 φωνὴ
486 1465 541 1492 τῶν
556 1465 644 1499 λόγων
660 1465 744 1492 αὑτοῦ
760 1466 798 1498 ὡς
813 1467 889 1502 φωνὴ

98 1507 180 1543 ὄχλου
185 1528 192 1535 .

937 920 1035 942 unctus
1052 924 1058 941 :
1073 922 1160 948 usque
1174 915 1206 941 ad
1222 914 1429 949 eompletionem
1445 914 1526 940 trium
1542 912 1725 940 hebdomada-

938 969 998 988 rum
1010 961 1124 988 dierum.

973 1007 1001 1034 ι.
1022 1007 1055 1034 Et
1068 1007 1094 1034 in
1113 1007 1157 1034 die
1176 1007 1318 1042 vigesima,
1337 1011 1364 1034 et
1386 1010 1484 1040 quarta
1518 1005 1621 1032 mensis
1644 1004 1725 1039 priml

939 1053 966 1080 in
979 1060 1051 1080 anno
1063 1053 1154 1085 tertio,
1170 1060 1221 1088 ego
1244 1060 1320 1080 eram
1345 1052 1423 1087 juxta
1450 1050 1562 1078 ﬂuvium
1585 1056 1725 1084 magnum,

940 1099 999 1135 ipse
1012 1104 1053 1126 est
1064 1099 1165 1133 Tigris.

975 1145 1001 1172 5.
1023 1144 1057 1172 Et
1072 1145 1174 1172 elevari
1203 1145 1298 1172 oculos
1315 1152 1399 1178 meos,
1424 1149 1452 1171 et
1474 1145 1538 1176 vidi,
1554 1149 1580 1171 et
1597 1149 1661 1169 ecce
1679 1141 1724 1168 vir

941 1198 1014 1217 unus
1034 1191 1148 1218 vestitus
1162 1190 1274 1223 baddin,
1301 1195 1327 1217 et
1340 1198 1421 1217 renes
1447 1190 1508 1225 ejus
1531 1189 1646 1217 accincti
1658 1195 1725 1216 aure

941 1236 1044 1272 Ophaz,
1061 1240 1088 1264 et
1104 1244 1204 1271 corpus
1220 1237 1280 1272 ejus
1292 1237 1371 1272 quasi
1388 1237 1512 1264 ’l'harsis.

977 1329 1004 1356 6.
1024 1328 1057 1357 Et
1070 1328 1154 1357 facies
1170 1329 1231 1364 ejus
1250 1329 1333 1356 veluti
1353 1329 1458 1363 species
1471 1327 1597 1362 fulguris.
1617 1326 1725 1354 ctocull

943 1375 1003 1409 ejus
1021 1380 1051 1402 ut
1065 1375 1205 1409 lampades
1222 1375 1304 1408 ignis,
1323 1378 1350 1402 et
1363 1373 1474 1401 brachia
1500 1373 1571 1408 ejus,
1601 1377 1628 1400 et
1647 1380 1724 1400 crura

943 1421 1022 1455 quasi
1048 1421 1154 1455 species
1167 1421 1231 1448 aaris
1259 1420 1399 1448 candentis
1427 1424 1476 1447 :et
1498 1427 1548 1446 vox
1570 1425 1726 1446 sermonum

943 1466 1002 1501 ejus
1017 1471 1046 1494 ut
1061 1475 1113 1494 vox
1125 1467 1320 1494 multitudinis.

135 1553 163 1580 'l.
179 1553 234 1580 Καὶ
253 1551 325 1580 εἶδον
341 1553 395 1588 ἐγὼ
411 1555 510 1591 Δανιὴλ
525 1556 606 1590 μόνος
620 1556 670 1592 τὴν
683 1557 827 1590 ὀπτασίαν,
840 1559 887 1585 καὶ

976 1559 1003 1586 7.
1024 1558 1057 1586 Et
1073 1558 1129 1586 vidi
1146 1565 1196 1594 ego
1211 1558 1303 1586 Daniel
1335 1558 1410 1592 solus
1441 1558 1594 1586 visionem:
1621 1561 1648 1584 et
1663 1557 1724 1586 viri.

97 1600 123 1625 oi
141 1599 236 1635 ἄνδρες
246 1601 269 1627 οἱ
291 1601 350 1635 μετ’
366 1601 433 1636 ἐμοῦ
445 1602 495 1628 οὐκ
511 1599 582 1629 εἶδον
600 1603 649 1639 τὴν
666 1604 809 1637 ὀπτασίαν,
827 1605 887 1632 ἀλλ’

98 1646 117 1680 ἡ
137 1645 267 1676 ἔκστασις
284 1646 390 1682 μεγάλη
413 1648 547 1675 ἐπέπεσεν
570 1649 614 1676 ἐπ’
633 1649 741 1682 αὐτοὺς,
759 1650 806 1676 καὶ
823 1649 888 1684 ἐφυο

98 1699 150 1726 γον
165 1692 196 1717 ἐν
208 1691 293 1726 φόϐῳ.

136 1737 162 1764 8.
177 1738 232 1765 Καὶ
243 1738 298 1772 ἐγὼ
311 1739 476 1776 ὑπελείφθην
492 1741 581 1775 μόνος,
599 1741 646 1767 καὶ
669 1742 720 1768 οὐκ
736 1742 888 1778 ὑπελείφθη

100 1783 130 1810 ἰν
142 1783 204 1818 ἐμοὶ
220 1784 306 1819 ἰσχὺς,
322 1785 369 1811 καὶ
383 1785 400 1820 ή
414 1785 477 1818 δόξα
495 1794 546 1822 μου
563 1787 738 1823 μετεστράφη
760 1789 801 1820 είς
828 1788 885 1815 δια-

101 1828 216 1864 φθορὰν,
229 1830 274 1856 καὶ
295 1831 345 1857 οὐκ
359 1831 498 1867 ἐκράτησα
521 1832 625 1867 ῖσχύος.

138 1874 164 1901 9.
183 1875 238 1902 Καὶ.
249 1876 355 1910 ἥκουσα
368 1877 417 1912 τὴν
430 1878 522 1913 φωνὴν
535 1878 591 1905 τῶν
616 1879 703 1913 λόγων
722 1880 804 1907 αὑτοῦ
816 1889 823 1896 ·
843 1882 890 1909 καὶ

102 1917 132 1942 ιν
146 1916 186 1950 τῷ
211 1916 329 1944 ἀκοῦσαί
350 1927 383 1953 με
408 1919 457 1954 τὴν
474 1920 565 1956 φωνὴν
580 1920 634 1947 τῶν
650 1922 780 1957 ῥημάτων
793 1923 889 1955 αὑτοῦ,

101 1962 177 1998 ἥμην
203 1965 436 1999 κατανενυγμένος
456 1965 502 1992 ἐπὶ
530 1967 675 2001 πρόσωπόν
705 1976 769 2003 μου,
798 1969 847 1995 καὶ
860 1969 890 1995 τὺ

102 2007 251 2042 πρόσωπόν
262 2018 314 2044 μου
325 2010 370 2037 ἐπὶ
382 2010 430 2046 τὴν
446 2011 509 2046 γῆν.

140 2054 186 2080 10.
203 2055 258 2081 Καὶ
279 2055 333 2081 ἰδοὺ
348 2055 410 2091 χεὶρ
425 2057 564 2093 ἁπτομένη
585 2067 646 2093 μου,
668 2059 716 2085 καὶ
746 2059 839 2096 ἧγειρέ
856 2069 890 2095 με

102 2099 152 2126 ἐπὶ
166 2100 202 2127 τὰ
227 2101 330 2134 γόνατά
355 2110 417 2137 μου,
443 2103 491 2130 καὶ
515 2104 562 2130 ἐπὶ
587 2104 622 2131 τὰ
639 2104 700 2140 ῐχνη
724 2105 780 2132 τῶν
802 2105 890 2133 ποδῶν

104 2153 172 2180 μου.

139 2191 256 2243 11.1(αὶ
268 2191 349 2243 εἶπεν
362 2195 432 2243 πρὸς
447 2195 481 2230 μέ
496 2204 508 2243 ’Δ
518 2196 618 2233 Δανιὴλ
635 2197 704 2233 ἀνὴρ
725 2197 889 2233 ἐπιθυμιῶν,
909 2216 930 2243 ο

104 2237 184 2269 σύνες
197 2240 227 2264 ἐν
237 2241 295 2272 τοῖς
304 2240 395 2274 λόγοις
408 2240 448 2273 οἷς
464 2241 520 2276 ἐγὼ
534 2242 608 2270 λαλῶ
621 2243 690 2279 πρὸς
702 2243 743 2274 σὲ,
757 2244 804 2270 καὶ
814 2244 892 2279 στῆθι

103 2283 150 2310 ἐπὶ
163 2285 197 2319 τῇ
218 2285 313 2312 στάσει
331 2294 388 2319 σου,
404 2287 446 2313 ὅτι
458 2287 505 2314 νῦν
521 2288 678 2324 ἀπεστάλην
698 2289 766 2324 πρὸς
781 2289 821 2316 σέ.
837 2289 894 2316 Καὶ

103 2330 134 2356 ἐν
144 2329 185 2364 τῷ
205 2330 321 2366 λαλῆσαι
353 2333 434 2359 αὐτὸν
459 2334 529 2369 πρὸς
560 2335 594 2370 μὲ
620 2335 666 2361 τὸν
691 2334 770 2369 λόγον
786 2335 891 2368 τοῦτον,

103 2375 221 2410 ἀνέστην
229 2376 369 2412 ἔντρομος.

140 2421 185 2448 ἥ.
202 2423 258 2450 Καὶ
283 2421 360 2450 εἶπεν
378 2424 446 2459 πρὸς
459 2424 493 2460 μὲ
508 2434 515 2440 ·
532 2425 577 2460 Μὴ
602 2425 686 2460 φοϐοῦ
709 2426 818 2460 Δανιὴλ,
852 2427 893 2453 ὅτι

102 2467 160 2494 ἀπδ
171 2468 222 2503 τῆς
237 2469 349 2505 πρώτης
360 2470 468 2506 ἡμέρας
479 2468 513 2506 ἧς
531 2470 634 2503 ἔδωκας
647 2471 698 2507 τὴν
723 2471 835 2507 καρδίαν
846 2481 893 2499 σου

103 2513 151 2539 τοῦ
170 2514 304 2547 συνιέναι,
320 2515 368 2542 καὶ
396 2515 554 2550 κακωθῆναι
580 2516 706 2543 ἐναντίον
718 2517 821 2553 Κυρίου
846 2518 893 2544 τοῦ

103 2559 173 2585 Θεοῦ
188 2568 246 2592 σου,
264 2559 438 2596 ὴκούσθησαν
451 2562 476 2587 οι
495 2561 568 2595 λόγοι
590 2569 649 2594 σου,
665 2563 712 2590 καὶ
738 2563 793 2597 ἐγὼ
812 2561 894 2599 ἦλθον

103 2605 134 2630 ιν
145 2606 201 2637 τοῖς
210 2605 301 2639 λόγοις
313 2615 369 2633 σου.

141 2651 185 2678 15.
202 2652 281 2678 Καὶὸ
294 2652 386 2687 ἄρχων
408 2652 546 2688 βασιλείας
570 2654 682 2690 Περσῶν
708 2655 829 2690 εἱστήκει
851 2655 895 2686 ἐξ-

106 2695 234 2727 εναντίας
252 2704 305 2730 μου
324 2696 412 2723 εἴκοσι
428 2698 475 2724 καὶ
491 2698 555 2733 μίαν
569 2698 692 2733 ἡμέραν·
709 2698 756 2725 καὶ
769 2699 822 2725 ἰδοὺ
839 2700 892 2726 Μι-

104 2739 174 2776 χαὴλ
189 2738 229 2771 εἷς
241 2740 297 2766 τῶν
313 2741 451 2776 ἀρχόντων
465 2742 520 2769 τῶν
542 2743 658 2777 πρώτων
673 2741 739 2779 ἦλθε
764 2743 894 2779 βοηθῆσαί

106 2794 163 2820 μοι,
182 2787 230 2813 καὶ
263 2786 347 2812 αὑτὸν
371 2788 517 2815 κατέλιπον
545 2789 603 2815 ἐκεῖ
618 2789 687 2824 μετὰ
704 2789 750 2816 τοῦ
765 2790 893 2825 ἄρχοντος

107 2831 240 2866 βασιλέως
248 2832 372 2866 Περσῶν.

940 1605 1078 1641 quierant
1092 1612 1209 1636 mecum,
1222 1611 1276 1631 non
1288 1604 1413 1631 viderunt
1423 1603 1566 1635 visionem,
1577 1602 1625 1630 sed
1639 1607 1725 1631 terror

941 1658 1054 1686 magnus
1071 1651 1150 1678 irruit
1164 1658 1246 1684 super
1259 1657 1317 1683 eos,
1334 1654 1361 1678 et
1378 1649 1507 1685 fugerunt
1524 1649 1551 1676 in
1569 1649 1676 1678 timore.

977 1742 1004 1769 8.
1027 1741 1059 1768 Et
1075 1749 1126 1776 ego
1140 1742 1252 1769 relictus
1277 1750 1337 1769 sum
1352 1742 1426 1769 Solus
1446 1750 1453 1769 :
1483 1745 1508 1768 et
1524 1748 1577 1768 non
1595 1741 1726 1768 remansit

942 1789 969 1816 in
985 1796 1028 1815 me
1041 1787 1184 1819 fortitudo,
1199 1792 1224 1814 et
1243 1787 1328 1822 gloria
1345 1795 1404 1814 mea
1421 1795 1552 1815 conversa
1570 1792 1611 1814 est
1637 1787 1663 1814 in
1686 1787 1725 1814 in-

943 1834 1053 1862 teritum
1067 1844 1074 1861 :
1093 1839 1120 1861 et
1132 1841 1186 1860 non
1203 1835 1300 1861 retinui
1316 1833 1515 1862 fortitudinem.

978 1881 1004 1908 9.
1025 1882 1057 1908 Et
1071 1880 1161 1908 audivi
1180 1888 1273 1908 vocem
1291 1888 1447 1908 sermonum
1460 1881 1539 1915 ejus:
1557 1885 1584 1907 et
1598 1887 1659 1907 cum
1677 1887 1727 1907 au—

942 1927 1030 1954 direm
1046 1934 1140 1954 vocem
1157 1927 1305 1954 verborum
1335 1926 1394 1960 ejus
1408 1945 1415 1957 .
1443 1934 1518 1953 eram
1546 1930 1727 1960 compunctus

944 1980 1024 2008 super
1037 1972 1133 2000 faciem
1151 1979 1251 2005 meam,
1265 1978 1292 1999 et
1309 1971 1393 1999 facies
1409 1979 1469 1998 mea
1487 1979 1569 2006 super
1583 1976 1696 2001 terram.

980 2065 1024 2093 10.
1047 2065 1080 2092 Et
1093 2073 1156 2093 ecce
1175 2072 1273 2092 manus
1289 2070 1401 2098 tangens
1416 2071 1470 2095 me,
1486 2063 1574 2091 erexit
1593 2070 1635 2089 me
1646 2069 1727 2096 super

944 2119 1033 2147 genua
1044 2119 1114 2145 mea,
1132 2115 1160 2138 et
1174 2118 1255 2145 super
1267 2110 1374 2145 plantas
1387 2108 1484 2144 pedum
1497 2116 1631 2136 meorum.

982 2193 1023 2221 ll.
1045 2193 1078 2220 Et
1089 2192 1157 2223 dixit
1172 2192 1203 2218 ad
1218 2199 1271 2219 me:
1288 2190 1381 2217 Daniel
1398 2190 1439 2216 vir
1458 2189 1668 2222 desideriorum,
1683 2188 1728 2216 irt-

945 2238 1035 2273 tellige
1046 2239 1073 2265 in
1088 2238 1191 2270 verbis,
1209 2245 1270 2272 quae
1286 2244 1335 2271 ego
1353 2237 1449 2271 loquor
1472 2236 1505 2263 ad
1527 2240 1574 2263 te:
1599 2240 1626 2263 et
1640 2241 1680 2262 sta
1700 2234 1726 2262 in

945 2284 1030 2318 gradu
1045 2287 1111 2309 tuo:
1127 2283 1191 2318 quia
1216 2289 1289 2309 nunc
1304 2281 1406 2309 missus
1420 2288 1480 2308 sum
1505 2280 1537 2307 ad
1553 2285 1594 2307 te:
1611 2287 1728 2314 cumque

945 2329 1058 2357 dixisset
1071 2329 1130 2364 ipse
1145 2329 1179 2356 ad
1197 2336 1239 2356 tne
1259 2335 1410 2355 sermonem
1428 2326 1510 2354 istum
1523 2346 1530 2358 ,
1553 2325 1660 2353 surrexi
1672 2330 1728 2352 tre-

945 2383 1033 2403 mens.

980 2421 1024 2448 12.
1046 2420 1079 2448 Ει
1093 2420 1162 2448 dixit
1175 2420 1208 2447 ad
1223 2428 1286 2448 me:
1305 2420 1365 2447 Noli
1390 2425 1521 2452 metuere,
1547 2418 1649 2451 Daniel,
1664 2417 1726 2452 quia

944 2475 977 2495 ex
994 2467 1083 2502 primo
1096 2467 1150 2500 die,
1162 2474 1217 2502 quo
1231 2468 1345 2502 posuisti
1361 2475 1408 2496 cor.
1428 2473 1503 2494 tuum
1528 2467 1561 2494 ad
1575 2466 1727 2501 intelligen-

945 2514 1020 2546 dum,
1032 2518 1059 2541 et
1073 2513 1243 2548 amigendum
1261 2518 1286 2541 te
1300 2521 1391 2540 coram
1411 2513 1526 2540 Domino
1541 2512 1594 2539 Deo
1611 2516 1666 2543 tuo,
1678 2519 1728 2538 au-

945 2559 1002 2587 dita
1019 2564 1083 2588 sunt
1097 2560 1179 2586 verba
1192 2563 1236 2585 tua
1253 2566 1259 2584 :
1276 2563 1303 2585 et
1317 2566 1368 2593 ego
1380 2559 1441 2586 veni
1457 2559 1483 2585 in
1499 2557 1589 2585 verbis
1611 2557 1675 2583 tuis.

979 2653 1023 2680 15.
1035 2652 1068 2679 Et
1084 2652 1211 2687 princeps
1225 2651 1302 2686 regni
1323 2650 1466 2678 Persarum
1482 2650 1557 2678 stetit
1571 2658 1604 2677 ex
1615 2649 1729 2677 adverso

946 2699 1012 2726 mihi
1025 2699 1125 2733 vigenti
1139 2703 1166 2726 et
1184 2705 1238 2725 uno
1252 2697 1363 2728 diebus;
1392 2702 1418 2723 et
1438 2704 1500 2724 ecce
1525 2696 1639 2724 Michael
1659 2704 1730 2723 unus

946 2745 979 2771 de
994 2744 1163 2779 principibus
1179 2743 1274 2778 primis
1290 2743 1363 2770 venit
1389 2743 1422 2770 ad
1436 2742 1621 2769 auxiliandum
1651 2742 1727 2773 mihi,

945 2794 972 2816 et
987 2790 1076 2824 ipsum
1107 2790 1204 2823 reliqui
1235 2789 1271 2817 ibi
1295 2797 1355 2817 cum
1379 2782 1509 2824 ’principe
1531 2789 1603 2823 regis
1630 2787 1724 2815 Persa-

947 2843 1017 2864 rum.
