1967 3079
120 130 193 159 2385

845 137 960 166 CAPUT
976 139 1033 168 XII.

1686 145 1756 175 289$

117 193 177 222 γῶν
194 190 265 225 μετά
277 190 341 217 θεοῦ
353 191 506 226 ἀλλοτρίου,
519 191 548 219 ὃν
561 193 612 220 οὐκ
624 193 768 231 ἐγνώρισε,
781 196 827 221 καὶ
843 196 912 231 πλη-

985 206 1016 226 eo
1036 198 1136 231 alieno,
1163 206 1245 233 quem
1262 206 1315 227 non
1341 201 1487 236 cognovit,
1509 207 1535 229 et
1566 202 1757 237 multiplicabit

118 236 200 262 ουνεϊ
215 236 306 268 δόξαν,
321 237 368 263 καὶ
387 238 516 271 ὑποτάξει
533 239 626 271 αὐτοῖς
649 240 774 272 πολλοὺς,
800 241 847 268 καὶ
866 242 917 277 γῆν

118 282 206 309 διελεῖ
220 283 249 308 ὲν
265 282 372 318 δώροις.

156 328 202 356 40.
219 328 275 354 Kal
292 329 320 354 ὲν
340 329 437 365 καιροῦ
450 330 548 366 πέρατι
565 331 702 366 συνθήκας
720 332 833 368 θήσεται
849 335 918 368 μετὰ

119 373 167 399 τοῦ
186 373 320 408 βασιλέως
335 375 382 401 τοῦ
397 376 486 407 νότου,
507 376 553 402 καὶ
564 377 761 412 συναχθήσεται
777 379 822 405 ἐπ’
837 379 917 406 αὑτὸν

121 419 252 454 βασιλεὺς
265 419 312 446 τοῦ
329 420 415 456 βορρε
434 423 463 448 ὲν
481 421 596 457 ἂρμασι,
614 424 660 449 καὶ
677 424 706 450 ἐν
728 424 852 456 ἱππεῦσι,
870 425 917 451 καὶ

120 465 150 490 ὲν
166 465 249 490 ναυσὶ
272 465 395 498 πολλοῖς,
413 465 461 492 καὶ
477 467 664 494 εἰσελεύσεται
688 469 727 500 εἰς
750 469 799 504 τὴν
822 469 874 504 γῆν
889 471 918 496 ἐν

118 511 182 541 ταῖς
204 510 400 544 κατακλύσεσι,
417 512 463 538 καὶ
480 513 632 549 συντρίψει,
643 514 691 541 καὶ
704 515 916 550 παρελεύσεται.

156 557 203 583 41.
222 558 278 584 Καὶ
293 558 476 585 εἰσελεύσεται
494 561 535 591 εις
551 560 601 595 τὴν
614 561 665 595 γῆν
682 560 728 587 τοῦ
745 561 858 597 Σαϐεὶμ,
871 563 918 588 καὶ

120 603 217 629 πολλοὶ
233 604 424 639 ἁσθενήσουσι,
440 606 487 632 καὶ
500 602 573 633 οὗτοι
587 607 803 642 διασωθήσονται
819 610 851 634 ἐκ
862 618 918 643 χει-

120 649 168 683 ρὸς
181 649 276 681 αὑτοῦ,
301 650 400 686 Ἐδὼμ,
420 652 467 678 καὶ
485 651 580 685 Μωὰὸ,
604 654 651 680 καὶ
667 654 738 689 ἁρχὴ
754 654 820 680 υἱῶν
849 655 916 688 Ἀμ-

121 694 194 729 μῶν.

157 740 203 766 42.
223 741 280 768 Kal
297 742 403 768 ἐκτενεῖ
416 742 464 777 τὴν
481 744 560 778 χεῖρα
572 744 655 771 αὐτοῦ
674 745 719 771 ἐπὶ
732 745 780 781 τὴν
795 745 858 780 γῆν,
869 745 917 771 καὶ

119 784 137 818 ἡ
152 784 189 818 γῆ
205 785 346 819 Αἰγύπτου
361 787 411 813 οὐκ
426 787 502 813 ἔσται
519 789 559 819 εἰς
575 790 721 825 σωτηρίαν.

157 830 203 856 45.
220 831 276 857 Καὶ
299 831 438 867 κυριεύσει
459 833 488 859 ὲν
502 835 558 865 τοῖς
585 835 756 870 ἀποκρύφοις
782 836 829 862 τοῦ
849 844 916 872 χρυ-

968 243 1095 278 gloriam,
1110 249 1136 271 et
1151 244 1277 279 subiiciet
1290 246 1357 280 ipsis
1368 247 1480 279 mullos,
1495 251 1522 275 et
1537 253 1636 274 terram
1657 249 1757 276 dividet

968 290 995 316 in
1011 289 1103 318 donis.

1002 335 1047 363 40.
1067 335 1100 363 Et
1116 337 1143 363 in
1157 337 1286 372 temporis
1310 338 1364 364 ﬁne
1387 337 1489 366 foedera
1518 339 1598 366 faciet
1617 347 1677 366 enm
1697 348 1758 375 rege

968 381 1066 414 austri,
1081 386 1109 408 et.
1123 384 1333 418 congregabitur
1348 392 1430 418 super
1453 392 1516 411 eum
1546 393 1593 412 rex
1621 386 1757 420 aquilonis

969 427 995 453 in
1014 428 1153 461 curribus,
1166 434 1193 456 et
1208 429 1233 455 in
1248 430 1396 464 equilibus,
1413 434 1441 457 et
1465 431 1491 457 in
1510 431 1625 459 navibus
1650 432 1756 464 multis,

968 477 995 500 et
1015 473 1180 508 ingredietur
1196 475 1222 501 in
1238 479 1337 502 terram
1354 477 1380 503 in
1395 477 1629 510 inundationibusl
1649 483 1675 505 et
1692 486 1757 505 eon-

969 525 1037 547 teret
1052 525 1079 547 et
1099 521 1283 555 pertransibit.

1003 567 1048 594 41.
1070 567 1103 594 Et
1114 567 1281 602 ingredietur
1298 568 1325 595 in
1342 573 1441 596 terram
1457 569 1562 602 Sabim,
1580 575 1605 597 et
1623 569 1699 597 multi
1718 570 1757 596 in-

968 614 1161 647 tirmabuntur,
1195 619 1222 642 et.
1247 615 1274 641 hi
1303 616 1481 642 salvabnnlur
1512 616 1546 643 de
1576 624 1659 643 manu
1683 617 1755 651 ejus,

968 659 1066 691 Edom,
1081 664 1108 687 et
1120 660 1210 693 Moab,
1226 665 1252 688 et
1267 662 1428 696 principium
1441 661 1558 689 ﬁliorum
1574 662 1702 689 Ammon.

1002 749 1047 775 42.
1068 748 1101 776 Et
1114 750 1242 777 extendet
1268 758 1378 778 manum
1408 759 1485 778 suam
1503 758 1583 786 Super
1606 756 1716 784 terram,
1729 757 1756 779 et

968 799 1040 822 terra
1057 794 1166 831 Egypti
1183 803 1237 823 non
1252 797 1304 824 erit
1319 797 1345 823 in
1360 799 1485 824 salutem.

1002 841 1048 867 45.
1069 841 1102 868 Ει
1116 842 1302 869 dominabitur
1317 843 1343 869 in
1362 843 1511 870 reconditis
1526 843 1596 875 auri,
1614 849 1640 870 et
1658 851 1756 876 argen-

121 876 194 907 a'iou,
212 877 259 902 καὶ
274 875 322 902 τοῦ
352 877 495 913 ἀργυρίου,
513 879 560 905 καὶ
579 880 608 905 ἐν
634 881 717 906 πᾶσιν
739 881 916 916 ὲπιθυμητοῖς

985 885 1000 917 i,
1015 890 1042 912 et
1057 886 1082 912 in
1091 887 1219 914 omnibus
1233 887 1462 914 desiderabilibus
1473 887 1594 922 Egypti,
1611 887 1755 919 etLilmm.

120 921 275 955 Αἰγύπτου,
305 923 352 949 καὶ
368 923 486 956 Λιϐύων,
518 925 566 951 καὶ
586 925 732 959 Αἰθιόπων,
747 927 795 954 καὶ
813 928 842 954 ὲν
859 929 914 959 τοῖς

120 966 300 1001 ὀχυρώμασιν
315 968 412 994 αὐτῶν.

156 1013 202 1039 Η.
220 1013 276 1039 Kal
297 1014 377 1040 ἀκοαὶ
391 1034 398 1046 ,
425 1014 473 1041 καὶ
487 1015 602 1042 σπουδαὶ
617 1016 781 1052 ταράξουσιν
791 1017 871 1043 αὑτὸν
885 1017 914 1049 ἐξ

120 1059 260 1086 ἀνατολῶν
282 1060 328 1086 καὶ
345 1060 446 1096 βορρᾶ·
473 1061 520 1087 καὶ
536 1062 595 1096 ἥξει
614 1063 644 1088 ἐν
663 1062 741 1098 θυμῷ
759 1062 848 1098 πολλῷ
867 1063 913 1090 τοῦ

120 1105 264 1139 ἀφανίσαι,
281 1105 330 1132 καὶ
344 1106 391 1132 τοῦ
411 1106 611 1142 ἁναθεματίσαι
626 1108 751 1140 πολλούς.

157 1151 202 1178 45.
220 1152 276 1178 Καὶ
301 1152 382 1187 πήξει
402 1153 451 1188 τὴν
475 1154 576 1189 σκηνὴν
604 1154 686 1181 αὑτοῦ
712 1156 740 1181 ἐν
759 1155 913 1190 ’Δπαδανῷ,

121 1198 261 1232 ἀνάμεσον
278 1198 332 1224 τῶν
347 1198 501 1231 θαλασσῶν,
522 1200 561 1231 εἰς
573 1199 635 1235 ὅρος
655 1201 751 1227 Σαῦεὶν
765 1201 852 1236 ἅγιον,
869 1202 915 1228 καὶ

121 1244 181 1278 ἥξει
196 1245 248 1276 ἕως
265 1245 364 1280 μέρους
376 1245 468 1278 αὐτοῦ,
486 1245 533 1273 καὶ
551 1246 602 1272 οὐκ
615 1246 687 1273 ἐστιν
697 1247 710 1273 ὁ
723 1248 854 1282 ῥυόμενος
866 1249 915 1274 αὺ-

121 1290 178 1316 τόν.

387 1349 585 1376 ΚΕΦΑΛΑΙΟΝ
603 1351 652 1377 lB'.

159 1395 185 1421 1.
203 1395 300 1422 Καὶὲν
315 1395 353 1430 τῷ
365 1395 454 1431 καιρῷ
470 1396 568 1428 ἐκείνῳ
581 1396 764 1432 ἀναστήσεται
781 1397 915 1432 Μιχαὴλό

122 1441 215 1476 ἄρχων
232 1442 246 1467 ὁ
266 1442 364 1476 μέγας,
385 1442 399 1468 ὀ
423 1441 582 1476 ἐφεστηκὼς
611 1442 658 1468 ἐπὶ
681 1442 744 1473 τοὺς
771 1443 846 1474 υἱοὺς
869 1443 915 1469 τοῦ

121 1487 189 1514 λαοῦ
206 1496 253 1513 σου
265 1496 272 1502 ”
289 1488 335 1513 καὶ
352 1487 428 1513 ἔσται
451 1488 546 1524 καιρὸς
563 1487 690 1523 θλίψεως,
710 1487 799 1523 θλίψις
820 1489 863 1514 οἶα
884 1489 913 1514 οὐ

121 1533 236 1567 γέγονεν
248 1533 294 1566 ἀφ’
311 1531 342 1561 οὗ
357 1535 504 1569 γεγένηται
520 1533 596 1566 ἔθνος
610 1535 656 1560 ἐπὶ
668 1535 717 1568 τῆς
732 1534 794 1568 γῆς,
805 1535 852 1561 καὶ
864 1534 916 1566 ἕως

123 1579 173 1605 τοῦ
189 1579 286 1615 καιροῦ
302 1580 418 1607 ἐκείνου.
435 1581 491 1607 Kal
506 1581 535 1606 ὲν
554 1580 592 1616 τῷ
609 1580 698 1615 καιρῷ
718 1580 815 1615 ἐκεινῳ
831 1580 917 1616 σωθή-

125 1635 204 1652 σεται
219 1628 232 1653 ὁ
248 1627 312 1659 λαός
329 1636 375 1653 σου
388 1628 441 1659 πᾶς
456 1627 470 1653 ὁ
490 1626 613 1662 εὑρεθεὶς
626 1626 820 1662 γεγραμμένος
844 1627 872 1653 ὲν
884 1627 917 1662 τῇ

127 1671 224 1707 βὶὃλῳ.

161 1720 190 1756 2.
205 1719 261 1745 Kal
281 1718 373 1745 πολλοὶ
397 1718 450 1745 τῶν
475 1718 662 1746 καθευδόντων
681 1719 710 1744 ἐν
733 1718 786 1753 γῆς
811 1718 919 1754 χώματι

125 1764 365 1800 ἐξεγερθήσονται,
386 1761 459 1790 οῦτοι
481 1765 521 1796 εἰς
537 1763 609 1800 ζωὴν
635 1763 756 1797 αἰώνιον,
784 1764 831 1790 καὶ
846 1759 920 1790 οὗτοι

126 1812 167 1842 εἰς
179 1810 342 1844 ὀνειδισμὸν,
362 1811 409 1836 καὶ
423 1811 463 1841 εἰς
482 1810 615 1845 αἰσχύνην
625 1810 744 1837 αἰώνιον.

165 1857 192 1883 3.
207 1857 262 1882 Καὶ
277 1857 300 1882 οἱ
313 1855 448 1887 συνιέντες
464 1855 648 1890 ἐκλάμψουσιν
666 1855 703 1887 ὼς
724 1856 740 1891 ἡ
761 1855 922 1891 λαμπρότης

125 1903 176 1930 τοῦ
197 1901 398 1937 στερεώματος,
413 1902 460 1928 καὶ
478 1902 533 1928 ἀπὸ
555 1901 609 1928 τῶν
621 1901 732 1928 δικαίων
747 1901 801 1928 τῶν
816 1901 921 1928 πολλῶν

125 1949 167 1979 ὡς
183 1948 208 1974 οἱ
228 1947 341 1983 ἀστέρες
361 1948 400 1979 εἰς
417 1947 480 1978 τοὺς
492 1946 604 1978 αἰῶνας.

164 1993 189 2018 4,
200 1992 254 2019 Kal
264 1993 307 2023 σὺ,
321 1992 431 2026 Δανιὴλ,
441 1991 579 2027 ἔμφραξον
593 1992 656 2024 τοῦς
668 1992 828 2026 λόγους,›ιαὶ
837 1991 923 2027 σφρά-

125 2047 205 2073 γισαι
223 2037 252 2063 τὸ
276 2037 377 2073 βιϐλίον
403 2038 456 2069 ἓως
470 2037 566 2072 καιροῦ
588 2037 752 2070 συντελείας,
777 2039 823 2064 καὶ
846 2037 920 2064 διδα-

126 2085 216 2121 χθῶσι
234 2084 334 2117 πολλοὶ,
351 2085 397 2110 καὶ
415 2083 554 2119 πληθυνθῇ
572 2084 587 2118 ἠ
604 2083 716 2118 γνῶσις.

165 2132 191 2158 5.
205 2132 259 2158 Καὶ
276 2129 344 2157 εἶδον
357 2131 412 2164 ἐγὼ
426 2129 540 2166 Δανιὴλ,
557 2130 604 2156 καὶ
629 2130 682 2156 ἰδοὺ
708 2129 754 2156 δύο
775 2129 863 2165 ἕτεροι
886 2129 924 2154 εἱ-

127 2178 289 2212 στήκεισαν,
306 2174 345 2208 εἷς
361 2176 484 2203 ἐντεῦθεν
499 2176 546 2203 τοῦ
560 2175 664 2212 χείλους
674 2175 721 2202 τοῦ
735 2175 868 2210 ποταμοῦ,
878 2175 925 2201 καὶ

127 2232 139 2250 ε
146 2220 172 2254 ἴς
185 2222 320 2249 ἐντεῦθεν.

166 2268 193 2294 6.
215 2269 270 2295 Kal
290 2266 366 2294 εἷπον
391 2268 430 2303 τῷ
445 2267 521 2303 ἀνδρὶ
531 2267 569 2302 τῷ
585 2267 752 2302 ὲνδεδυμὲνῳ
773 2266 804 2292 τὸ
820 2266 921 2302 βαδδὶν,

126 2316 160 2347 ὃς
174 2314 208 2350 ἦν
232 2315 324 2342 ἐπάνω
343 2315 388 2341 τοῦ
405 2315 499 2346 ὓδατος
516 2314 560 2341 τοῦ
573 2314 693 2349 ποταμοῦ
704 2321 711 2328 ⁶
728 2314 801 2346 Ἕως
816 2314 880 2340 πότε
895 2314 924 2340 τὸ

127 2362 221 2395 πέρας
232 2358 269 2388 ὧν
285 2361 398 2396 εἴρηκας
413 2361 466 2387 τῶν
484 2361 651 2396 θαυμασίων,
668 2360 714 2386 καὶ
728 2360 741 2385 ὁ
755 2359 925 2395 καθαρισμὸς

127 2407 235 2434 τούτων
245 2415 252 2439 ;

170 2453 197 2479 Ἰ.
215 2452 270 2479 Kal
299 2452 403 2487 ἥκουσα
429 2451 475 2478 τοῦ
499 2451 594 2486 ἀνδρὸς
621 2450 668 2477 τοῦ
695 2450 870 2485 ἐνδεδυμένον
894 2450 924 2476 τὸ

133 2489 237 2532 βαδόὶν,
255 2496 282 2527 ὃς
296 2495 330 2532 ἦν
345 2497 437 2522 ἐπάνω
464 2496 511 2522 τοῦ
529 2495 623 2527 ὓδατος
650 2495 695 2521 τοῦ
719 2495 854 2530 ποταμοῦ,
876 2494 924 2521 καὶ

131 2541 227 2575 ὖᾲωσε
243 2541 293 2576 τὴν
316 2540 406 2573 δεξιὰν
432 2539 525 2573 αὑτοῦ,
543 2540 590 2567 καὶ
614 2539 663 2575 τὴν
682 2540 828 2575 ἀριστερὰν
841 2540 923 2566 αὺτοῦ

131 2588 175 2618 εἰς
191 2587 236 2613 τδν
249 2587 373 2621 οὐρανὸν,
394 2586 440 2613 xal
455 2586 545 2621 ὤμοσε
560 2586 597 2621 τῷ
614 2585 694 2618 ζῶντι
709 2587 748 2617 εις
763 2585 809 2612 τὸν
828 2585 923 2616 αἰῶνα,

132 2634 176 2660 ὅτι
191 2633 230 2664 εἰς
247 2632 352 2668 καιρὸν,
364 2633 411 2659 καὶ
422 2633 543 2667 καιροὺς,
560 2632 607 2659 καὶ
628 2632 714 2667 ἥμισυ
732 2631 827 2667 καιροῦ
843 2632 871 2658 ἐν
886 2630 925 2666 τῷ

134 2678 347 2713 συντελεσθῆναι
364 2678 578 2714 διασκορπισμὸν
599 2678 689 2713 χειρὸς
704 2678 768 2704 λαοῦ
791 2677 925 2713 ἡγιασμέ-

133 2733 194 2755 νου,
208 2724 358 2758 γνώσονται
376 2724 462 2758 ἅγιον,
482 2724 529 2751 καὶ
545 2723 799 2758 συντελεοθήσονται
819 2723 925 2750 ἅπαντα

134 2770 234 2798 ταῦτα.

172 2814 199 2842 8.
217 2815 270 2841 Kal
287 2814 342 2848 ἐγὼ
355 2815 459 2850 ἥκουσα
471 2835 480 2846 ,
494 2816 541 2842 καὶ
556 2816 660 2851 συνῆκα
671 2835 677 2847 ,
696 2815 742 2842 καὶ
760 2812 849 2842 εἶπον-
867 2814 925 2841 Κύ-

139 2869 193 2896 ριε,
206 2861 234 2887 τί
247 2860 280 2887 τὰ
295 2860 394 2895 ἔσχατα
409 2861 509 2888 τούτων
523 2870 530 2893 ;

967 936 994 958 et
1012 931 1183 967 Ethiopum,
1198 938 1225 960 et
1239 934 1264 959 in
1279 934 1478 961 munitionibus
1489 941 1596 960 eorum.

1003 1022 1046 1049 Η.
1069 1022 1102 1048 Et
1116 1029 1250 1054 rumores,
1267 1026 1294 1049 et
1313 1022 1502 1049 festinationes
1527 1022 1678 1048 turbabunt
1693 1029 1756 1048 cum

968 1068 1001 1094 ab
1016 1068 1133 1099 oriente,
1149 1073 1176 1095 et
1190 1068 1327 1103 aquilone.
1346 1072 1374 1095 et
1398 1068 1487 1095 veniet
1500 1068 1526 1094 in
1555 1067 1649 1094 furore
1671 1069 1757 1094 multo

967 1114 1001 1140 ad
1021 1114 1245 1148 (lispcrdendnm,
1265 1119 1292 1141 et
1309 1114 1529 1141 interﬁciendum
1545 1115 1656 1141 multos.

1003 1160 1047 1186 45.
1070 1159 1102 1186 Et
1115 1160 1175 1194 liget
1187 1161 1392 1187 tabernaculum
1419 1168 1499 1187 suum
1526 1161 1552 1186 in
1582 1160 1712 1195 Apatlano
1729 1159 1755 1186 in

968 1206 1058 1233 medio
1076 1207 1192 1233 marium
1222 1207 1249 1233 in
1277 1211 1368 1233 monte
1393 1205 1475 1232 Sabin
1502 1211 1607 1237 sancto,
1627 1210 1654 1232 et.
1668 1205 1758 1232 veniet.

969 1259 1055 1286 usque
1071 1251 1104 1278 ad
1121 1257 1223 1286 partem
1240 1251 1299 1286 ejus
1314 1259 1319 1276 :
1336 1255 1362 1278 et
1380 1255 1497 1284 nonest,
1513 1252 1558 1286 qui
1575 1255 1652 1278 eruat
1665 1258 1738 1277 eum.

1268 1353 1382 1381 CAPUT
1403 1355 1460 1381 ΧΗ.

1005 1401 1030 1428 1.
1053 1400 1085 1427 Ει
1097 1401 1124 1428 in
1137 1405 1259 1436 tempore
1275 1401 1321 1427 illo
1333 1405 1483 1435 consurget
1497 1400 1613 1427 Michael
1633 1399 1759 1434 princeps

969 1455 1095 1482 magnus,
1109 1447 1155 1482 qui
1171 1451 1225 1474 stat
1241 1454 1289 1481 pro
1304 1447 1368 1474 tiliis
1386 1447 1476 1481 populi
1491 1447 1551 1473 sui:
1572 1452 1599 1473 et
1611 1447 1663 1473 erit
1689 1450 1759 1473 tem-

969 1500 1020 1527 pus
1039 1493 1235 1525 tribulationis,
1250 1493 1389 1519 tribulatio
1400 1493 1489 1527 qualis
1502 1500 1556 1519 non
1574 1492 1635 1523 fuit,
1654 1499 1687 1519 ex
1704 1499 1758 1527 quo

970 1537 1041 1564 facta
1055 1542 1096 1564 est
1111 1545 1178 1572 gens
1192 1538 1219 1564 in
1236 1544 1318 1570 terra,
1338 1543 1365 1565 et
1381 1545 1467 1572 usque
1497 1537 1531 1564 ad
1553 1542 1661 1572 tempus
1681 1537 1758 1564 illud.

968 1581 1002 1609 Et
1016 1582 1044 1610 in
1060 1587 1181 1617 tempore
1201 1583 1247 1609 illo
1260 1583 1410 1610 salvabitur
1434 1583 1552 1617 populus
1577 1588 1641 1610 tuus
1657 1583 1759 1615 omnis,

969 1629 1016 1663 qui
1033 1629 1161 1656 inventus
1173 1629 1256 1656 fuerit
1268 1629 1388 1664 scriptus
1403 1629 1429 1655 in
1450 1629 1529 1655 libro.

1005 1718 1033 1744 2.
1055 1717 1087 1745 Et
1102 1717 1178 1745 multi
1197 1717 1229 1744 de
1245 1717 1298 1750 his,
1314 1717 1361 1752 qui
1385 1717 1525 1744 dormiunt
1550 1717 1576 1743 in
1597 1721 1676 1743 terrae
1699 1715 1760 1750 pul-

970 1772 1044 1797 vere,
1061 1764 1249 1799 evigilabunt:
1266 1764 1311 1790 alii
1325 1764 1351 1790 in
1369 1763 1451 1790 vitam
1471 1768 1611 1795 aeternam,
1626 1767 1652 1790 et
1666 1763 1712 1793 alii
1731 1763 1759 1789 in

971 1811 1160 1846 opprobrium.
1176 1815 1203 1837 et
1219 1811 1245 1837 in
1258 1809 1447 1837 confusionem
1460 1814 1601 1836 aeternam.

1007 1857 1034 1884 ὅ.
1055 1856 1088 1883 Et
1103 1856 1284 1891 intelligentes
1300 1854 1440 1891 fulgebunt
1469 1855 1542 1882 sicut
1570 1854 1698 1889 splendor
1711 1854 1760 1881 tir-

972 1903 1113 1935 mamcnti,
1129 1907 1155 1930 et
1171 1902 1297 1937 dejustis
1309 1902 1434 1937 plurimis
1456 1901 1533 1936 quasi
1562 1901 1647 1929 stellae
1659 1901 1686 1928 in
1710 1907 1762 1927 sas.

973 1949 1044 1977 cula.

1008 1996 1034 2022 4.
1056 1995 1096 2022 Tu
1112 2000 1215 2027 autem,
1232 1993 1337 2026 Daniel.
1362 1994 1457 2021 claude
1473 2001 1622 2025 sermones,
1641 1997 1667 2020 ct
1683 1992 1759 2027 signa

974 2042 1073 2069 librum
1088 2048 1176 2076 usque
1189 2041 1222 2068 ad
1243 2045 1351 2074 tempus
1377 2039 1634 2071 consummationis,
1658 2043 1685 2065 et
1709 2039 1760 2066 do-

975 2093 1090 2115 ceantur
1105 2087 1192 2119 multi,
1209 2090 1236 2113 et
1251 2085 1447 2120 multiplicetur
1459 2085 1584 2112 scientia.

1010 2133 1037 2160 5.
1059 2133 1092 2160 Et
1103 2133 1156 2160 vidi
1170 2141 1220 2167 ego
1242 2132 1347 2164 Daniel,
1361 2135 1389 2158 et
1415 2139 1478 2158 ecce
1502 2130 1557 2157 duo
1579 2130 1624 2156 alii
1653 2129 1762 2157 stabant

977 2186 1047 2206 unus
1064 2178 1128 2205 hinc
1141 2185 1222 2212 super
1240 2177 1341 2204 labium
1358 2176 1491 2209 ﬂuminis,
1504 2179 1531 2202 et
1544 2175 1615 2202 alius
1634 2175 1706 2202 inde.

1010 2269 1036 2296 6.
1056 2269 1086 2295 Iit
1102 2267 1159 2294 dixi
1174 2267 1243 2298 viro,
1262 2265 1309 2300 qui
1322 2265 1431 2292 indutus
1447 2268 1506 2291 erat.
1520 2262 1630 2295 baddin,
1647 2261 1694 2297 qui
1706 2266 1763 2289 sta-

975 2315 1021 2342 bat
1037 2322 1118 2348 super
1134 2321 1231 2348 aquam
1248 2311 1367 2338 ﬂuminis
1385 2319 1391 2336 :
1411 2309 1558 2344 Usquequo
1575 2309 1637 2335 linis
1668 2315 1762 2335 eorum

975 2369 1037 2396 qua:
1049 2360 1143 2388 dixisti
1156 2359 1332 2391 mirabilium,
1347 2363 1373 2384 et
1392 2357 1512 2391 expiatio
1528 2354 1665 2383 istorum?

1011 2449 1038 2476 7.
1059 2449 1091 2475 Et
1112 2447 1203 2474 audivi
1221 2447 1328 2479 virum,
1348 2445 1393 2480 qui
1422 2444 1535 2471 indutus
1563 2448 1622 2470 erat
1649 2442 1762 2474 baddin.

975 2495 1022 2530 qui
1042 2494 1131 2521 stabat
1146 2501 1227 2527 super
1241 2499 1339 2526 aquarii
1356 2491 1488 2521 (luminis,
1503 2493 1530 2516 et
1546 2488 1659 2516 elevavit
1671 2488 1764 2515 deme-

976 2549 1044 2572 ram,
1058 2546 1084 2567 et
1098 2540 1238 2567 sinistram
1255 2547 1333 2566 suam
1353 2538 1380 2564 in
1398 2538 1509 2570 ecelum,
1544 2541 1570 2564 et
1595 2536 1698 2571 iuravit
1721 2535 1763 2561 vi-

975 2587 1048 2613 venti
1063 2586 1089 2613 in
1106 2590 1255 2617 mternum,
1275 2584 1339 2619 quia
1357 2584 1383 2610 in
1402 2588 1519 2617 tempus,
1536 2586 1563 2609 et
1577 2586 1710 2615 lclnpora,
1737 2584 1763 2607 et

976 2633 1120 2660 dimidium
1137 2631 1278 2666 temporis,
1294 2639 1357 2657 cum
1377 2633 1568 2657 consummata
1597 2626 1680 2654 fuerit
1704 2626 1762 2654 dis~

977 2679 1066 2713 pensio
1087 2685 1183 2704 manus
1212 2676 1304 2711 populi
1326 2674 1500 2707 sanctiticati,
1520 2678 1686 2709 cognoscent
1701 2680 1764 2699 san-

978 2731 1063 2757 eluxit,
1077 2729 1103 2751 et
1114 2723 1379 2750 eonsunnnabuntur
1396 2722 1488 2750 omnia
1505 2722 1573 2748 haec.

1014 2814 1040 2840 8.
1062 2813 1095 2840 Et
1114 2820 1164 2848 ego
1177 2811 1267 2839 audivi
1279 2833 1285 2844 ,
1298 2816 1324 2839 ct
1339 2811 1506 2844 intcllcxi,ct
1525 2811 1579 2839 dixi
1605 2820 1610 2837 :
1638 2809 1762 2841 Domine,

979 2859 1042 2895 quid
1063 2859 1208 2887 novissima
1228 2859 1346 2886 horum?
