1967 3079
204 121 276 150 2895

736 125 777 151 DA
784 125 863 152 NIEL
884 124 897 150 J
904 124 921 150 ι
928 121 998 150 ΧΤΔ
1018 119 1300 152 ΤΗΕΟΒΟΤΙΟΝΕΜ.

1761 123 1830 150 2896

239 182 266 208 9.
288 180 321 207 Et
331 181 418 208 dixit:
436 180 584 216 Hucusque
600 182 705 212 Daniel,
717 182 782 216 quia
793 182 989 216 clausi,signa-

1075 181 1102 208 9.
1120 183 1174 209 Καὶ
1187 181 1263 208 εἶπεν
1274 191 1280 197 ·
1293 182 1377 217 Δεῦρο
1406 183 1512 218 Δανιὴλ,
1526 183 1566 209 ὅτι
1583 182 1811 218 ὲμπεφραγμένοι
1823 190 1830 196 '

204 227 280 262 tique
293 233 357 253 sunt
371 235 512 255 sermones
528 235 614 262 usque
633 229 666 254 ad
683 229 813 262 temporis
829 228 921 255 ﬁnem.

241 272 284 300 l0.
302 272 392 300 Donec
406 274 552 307 eligantur,
568 279 594 300 et
609 273 779 306 deuibenlur,
797 279 823 301 et
839 282 885 307 per
903 275 991 310 ignem

206 320 356 354 probemur
371 319 458 347 multi.
477 316 512 345 et
524 319 605 353 impie
620 324 701 353 agent
728 319 802 352 impii
818 340 824 352 ,
849 328 937 354 neque
953 321 993 347 in-

207 365 327 400 telligent
341 372 436 391 omnes
454 365 541 399 impii,
562 369 589 391 et
601 364 673 392 docti
688 366 850 401 intelligent.

242 457 284 484 ll.
304 457 336 484 Et
351 465 366 484 a
390 461 511 491 tempore
535 457 695 484 mutationis
714 457 787 493 jugis
813 460 950 488 sacriﬁcii.
966 465 993 487 et

206 511 267 529 cum
283 503 344 530 data
363 502 444 529 fuerit
459 503 628 530 abominatio
642 503 836 536 desolationis,
851 506 909 533 dies
920 506 994 534 mille

206 549 314 576 ducenti
329 549 487 584 nonaginta.

242 594 285 621 12.
307 594 406 622 Beatus
423 596 470 629 qui
495 600 646 630 exspectat,
678 601 705 623 et
733 597 856 631 pervenit
890 597 922 625 ad
936 598 993 626 dies

208 640 281 666 mille
298 645 433 668 trecentos
449 641 557 674 triginta
571 639 700 677 quinique.

243 686 287 713 l5.
308 685 348 712 Tu
370 691 471 718 autent,
488 687 566 720 vade,
585 691 612 714 et
639 687 750 722 quiesce
768 697 775 714 :
803 688 892 715 adhuc
921 689 993 716 enint

206 732 264 759 dies
279 732 306 758 in
328 732 538 766 complelionem
561 734 817 766 consummationis,
848 739 874 762 et
902 737 995 770 requi-

206 786 294 810 esces,
309 783 335 805 et
350 786 477 813 resurges
493 779 520 806 in
540 784 613 807 sorte
638 784 684 807 tua
710 780 736 807 in
761 782 995 809 consummatione

207 824 324 852 dierum.
340 824 373 851 Et
403 833 450 852 rex
468 825 600 860 Astyages
613 826 754 860 appositus
779 831 822 854 est
848 827 881 854 ad
906 832 996 862 patres

209 878 284 903 suos,
295 876 322 897 et
336 871 454 906 suscepit
470 872 557 908 Cyrus
569 872 666 900 Perses
679 880 790 908 regnum
806 873 876 908 ejus.
890 874 922 901 Et
939 879 997 902 erat
1012 857 1035 888 Β

211 916 304 943 Daniel
319 917 432 943 conviva
456 918 537 952 regis,
567 923 594 946 et
624 919 775 945 bouoratus
799 926 880 954 super
903 928 997 948 omnes

210 964 316 990 amicos
332 964 401 998 ejus.

490 1021 608 1049 CAPUT
639 1022 709 1050 Xlli.

247 1065 272 1091 l.
295 1065 327 1092 Et
343 1071 403 1093 erat
418 1066 459 1093 vir
477 1066 603 1096 habitans
629 1068 655 1095 in
684 1068 832 1104 Babylone,
857 1073 884 1096 et
900 1077 997 1097 nomen

209 1112 233 1139 ei
248 1111 365 1140 Joakim.

244 1158 271 1185 2.
294 1158 327 1185 Ει
344 1160 447 1194 accepit
462 1167 585 1194 uxorem,
617 1161 662 1188 cui
687 1169 786 1189 nomen
805 1161 930 1189 Susanna
945 1162 998 1189 ﬁlia

208 1204 336 1238 Clielcize,
355 1205 468 1240 pulchra
487 1206 579 1240 nimis,
598 1212 624 1234 et
639 1207 737 1235 timens
754 1207 909 1234 Dominum.

246 1293 271 1319 Ζ.
291 1292 324 1319 Ει
343 1299 468 1327 parentes
495 1295 556 1328 ejus
578 1295 653 1330 justi,
682 1299 708 1322 et
728 1295 886 1323 erudierunt
915 1297 997 1324 ﬁliam

212 1338 372 1369 sunmiuxta
392 1340 475 1374 legem
493 1339 572 1367 Mosi.

249 1385 274 1411 ιι.
295 1385 358 1411 Erat
372 1390 462 1412 autem
474 1385 581 1413 Joakim
597 1387 673 1414 dives
687 1387 774 1419 valde,
791 1391 818 1414 et
835 1392 893 1415 erat
908 1388 932 1415 ei
956 1396 1000 1423 po-

213 1431 329 1457 marium
343 1431 463 1458 vicinum
480 1432 573 1458 domui
593 1440 659 1463 suae.
676 1438 702 1460 et
728 1434 799 1468 apud
825 1434 913 1469 ipsum
931 1442 998 1461 cott-

203 1477 396 1512 ,gregabautur
408 1476 507 1510 Judaei,
521 1486 554 1506 eo
568 1478 641 1514 quod
661 1485 735 1506 esset
758 1479 815 1515 ipse
840 1480 1000 1508 honoratior

212 1524 351 1551 ontuibus.

248 1570 274 1597 5.
292 1569 326 1596 Et
338 1570 473 1605 designati
489 1576 554 1599 sunt
569 1572 624 1599 duo
640 1579 719 1599 senes
735 1572 768 1599 de
784 1573 882 1607 populo
893 1572 999 1607 judices

213 1616 239 1643 in
255 1624 328 1643 anno
354 1617 425 1644 illo:
451 1617 485 1644 de
504 1617 606 1652 quibus
639 1619 747 1645 loculus
774 1623 817 1646 est
842 1617 998 1647 Dominus:

212 1662 281 1695 Quia
298 1671 407 1698 egressa
423 1669 464 1691 est
475 1664 606 1699 iniquitas
622 1665 654 1692 de
667 1664 805 1701 Babylone
820 1673 834 1692 a
846 1666 1001 1694 senioribus

210 1709 361 1742 judicibus,
378 1711 425 1745 qui
442 1711 605 1738 videbantur
617 1719 710 1747 regere
727 1713 869 1747 populum.

249 1754 274 1781 tl.
294 1754 337 1782 isti
359 1755 569 1790 frequentabant
585 1757 696 1784 domum
723 1757 829 1786 Joakim
843 1780 850 1791 ,
868 1764 895 1786 et
908 1760 1000 1787 venie-

213 1799 279 1827 bant
294 1801 326 1827 ad
343 1809 391 1828 eos
401 1809 507 1834 omnes,
521 1803 567 1838 qui
581 1803 712 1831 habebant
727 1804 840 1839 judicia.

251 1846 275 1873 7.
298 1846 329 1873 Et
348 1847 449 1875 factum
468 1854 520 1880 est,
535 1849 646 1884 quando
663 1851 778 1884 populus
800 1851 942 1878 recedebat
955 1858 1002 1886 per

216 1892 366 1924 meridiem,
382 1893 585 1929 ingrediebatur
602 1893 738 1927 Susanna,
758 1900 785 1923 et
811 1896 1002 1924 deambulabat

215 1938 241 1964 itt
259 1939 380 1972 pomario
398 1940 448 1966 viri
464 1941 517 1968 sui.

249 1985 275 2010 κ.
291 1983 323 2010 Ει
339 1985 466 2012 videbant
483 1994 543 2014 eam
555 1994 635 2015 senes
651 1990 774 2023 quotidie
789 1989 999 2026 ingredientem,

215 2030 480 2065 etde-ambulantem,
510 2037 536 2060 et
555 2041 718 2062 exarserunt
746 2036 772 2063 in
798 2036 999 2071 concupiscen-

215 2077 280 2104 tiam
298 2077 366 2111 ejus.

250 2124 277 2150 9.
299 2124 331 2151 Et
344 2130 499 2154 everterunt
513 2135 624 2155 sensum
641 2136 731 2159 suum.
754 2134 780 2156 et
796 2129 1002 2156 declinaverunt

214 2169 308 2197 oculos
323 2178 398 2202 suos.
416 2179 449 2199 ne
466 2173 619 2207 aspicerent
632 2174 658 2200 in
675 2175 785 2208 cmlum,
802 2182 890 2209 neque
903 2175 1000 2202 memi-

216 2215 319 2243 uissent
329 2216 494 2251 judiciorum
506 2219 653 2254 justorum.

251 2262 295 2289 10.
316 2262 401 2290 Erant
412 2272 476 2299 ergo
490 2266 571 2293 ambo
587 2267 719 2294 vulnerati
741 2274 836 2294 amore
864 2268 935 2301 ejus,
952 2275 1003 2294 nec

215 2307 404 2336 indicaverunt
420 2310 471 2337 sibi
489 2311 603 2338 invicem
625 2312 745 2340 dolerent
768 2321 859 2340 suum.

251 2355 294 2381 ll.
330 2354 536 2383 Erubescebant
557 2357 630 2384 enim
661 2358 782 2386 indicare
806 2359 1002 2393 concupiscen-

216 2401 280 2428 tiam
295 2409 383 2434 suam,
397 2402 460 2437 quia
474 2402 600 2431 volebant
616 2405 797 2432 concumbere
811 2413 873 2432 eum
890 2413 932 2432 ea.

252 2447 295 2475 12.
317 2447 348 2475 Et
361 2449 543 2478 observabant
559 2451 683 2485 quotidie
694 2451 810 2479 sollicite
822 2451 915 2480 videre
923 2460 982 2480 eam
994 2462 1000 2480 :

216 2498 243 2521 et
260 2494 388 2522 dixerunt
402 2495 470 2523 alter
482 2497 515 2523 ad
528 2497 641 2524 alterunt
657 2506 664 2525 :

254 2540 297 2567 l5.
318 2540 419 2569 Eamus
434 2542 555 2576 domum,
581 2544 645 2578 quia
660 2543 767 2579 prandii
794 2549 836 2573 est
862 2545 948 2573 hora:
977 2549 1004 2573 et

216 2586 320 2621 egressi
343 2594 515 2616 recesserunt
531 2598 546 2617 a
561 2598 589 2617 se
603 2595 709 2618 mutuo.

253 2632 297 2659 Η.
318 2633 441 2667 Cumque
457 2636 643 2668 revertissent,
659 2642 792 2664 venerunt
809 2637 835 2664 in
859 2646 943 2664 unum
959 2639 1004 2663 :et

217 2678 390 2706 sciscitantes
405 2680 436 2707 ad
452 2679 578 2713 invicem,
597 2691 721 2717 quamam
744 2689 817 2718 esset
830 2691 923 2716 causa,
937 2691 1004 2712 con-

218 2724 283 2753 fessi
299 2730 362 2752 sunt
380 2726 448 2753 inter
466 2735 494 2754 se
509 2729 758 2762 concupiscentiam
776 2739 853 2758 suam
876 2739 882 2757 :
902 2736 928 2757 et
940 2737 1005 2758 tunc

219 2770 246 2798 in
258 2778 403 2799 commune
422 2777 577 2801 statuerunt
592 2779 707 2810 tempus,
727 2776 836 2812 quando
866 2785 924 2804 eam
945 2785 1003 2811 pos-

221 2821 280 2845 scut
294 2817 415 2846 invenire
431 2820 528 2847 solam.

258 2863 301 2891 l5.
323 2863 353 2890 Et
371 2864 471 2892 factum
490 2870 530 2893 est
556 2873 619 2893 cum
642 2866 817 2894 observarent
851 2867 900 2902 ipsi
928 2867 999 2895 diem

1046 229 1093 256 καὶ
1104 229 1318 264 ἐσφραγισμένοι
1332 230 1355 255 οἱ
1371 228 1444 262 λόγοι
1457 229 1508 260 ἓως
1526 229 1622 264 καιροῦ
1636 229 1765 263 πέρατος.

1084 276 1126 302 l0.
1143 276 1216 307 Ἕως
1233 275 1375 308 ὲκλεγῶσι.
1394 275 1441 301 καὶ
1452 274 1662 304 ὲκλευκανθῶσι,
1676 275 1723 301 καὶ
1749 275 1834 300 ἐκπυ-

1047 321 1154 357 ρωθῶσι
1184 320 1290 347 πολλοί·
1312 321 1359 347 καί
1387 321 1568 356 ἀνομήτουσιν
1595 320 1701 355 ἄνομοι,
1731 320 1779 346 καὶ
1803 319 1833 345 οὗ

1048 367 1192 402 συνήσουσι
1218 367 1318 398 πάντες
1348 366 1456 397 ἀσεϐεῖς
1470 385 1477 397 ,
1507 366 1553 392 καὶ
1573 367 1598 393 οἱ
1620 367 1752 401 νοήμονες
1774 374 1834 391 συν.

1046 413 1152 446 ήσουσι.

1083 458 1125 485 Η.
1135 458 1190 485 Καὶ
1205 458 1258 484 άπὸ
1269 457 1364 492 καιροῦ
1375 456 1564 492 παραλλάξεως
1574 456 1620 484 τοῦ
1633 455 1834 492 ἐνδε).εχισμοῦ,

1047 503 1094 530 καὶ
1108 503 1154 530 τοῦ
1169 502 1278 538 δοθῆναι
1289 502 1426 538 βδέλυγμα
1440 501 1614 538 ἐρημώσεως,
1631 501 1735 538 ἡμέραι
1752 501 1835 537 χίλιαι

1046 549 1181 576 διακόσιαι
1198 549 1371 583 ἐνενήκοντα.

1083 595 1127 622 19..
1143 595 1285 630 Μακάριος
1297 595 1312 621 ὁ
1327 595 1478 630 ὑπομένων,
1496 594 1543 620 καὶ
1555 593 1659 628 φθάσας
1672 594 1712 625 εἰς
1728 593 1836 628 ἡμέρας

1048 641 1137 676 χιλίας
1149 641 1309 676 τριακοσίας
1325 640 1566 675 τριακονταπέντε.

1084 688 1127 714 15.
1145 687 1200 714 Καὶ
1216 687 1248 714 σὺ
1264 687 1354 723 δεῦρο,
1375 687 1421 713 καὶ
1436 687 1590 713 ἀναπαύου·
1609 687 1648 713 ἔτι
1664 686 1717 721 γὰρ
1734 686 1836 721 ἡμέραι

1049 735 1089 766 εἰς
1101 733 1292 769 ἀναπλήρωσιν
1304 734 1468 766 συντελείας,
1483 734 1529 759 καὶ
1544 733 1698 768 ἀναπαύσῃ,
1714 732 1762 760 καὶ
1773 733 1837 759 ἁνα-

1050 781 1136 816 στήσῃ
1150 780 1190 812 εἰς
1216 780 1261 806 τὸν
1280 779 1380 815 κλῆρόν
1407 788 1452 806 σου
1473 780 1512 810 εἰς
1539 779 1694 806 συντέλειαν
1712 778 1836 814 ἡμερῶν.

1049 825 1104 852 Καὶ
1122 826 1136 852 ὁ
1149 824 1276 859 βασιλεὺς
1292 825 1444 859 Ἀστυάγης
1457 825 1606 860 προσετέθη
1621 823 1689 860 πρδς
1707 824 1771 855 τοὺς
1784 832 1836 849 πα-

1049 870 1131 907 τέρας
1157 871 1255 897 αὑτοῦ·
1281 871 1328 897 καὶ
1355 870 1492 905 παρέλαϐε
1518 870 1608 905 Κύρος
1627 871 1641 896 ὁ
1666 869 1776 905 Πέρσης
1789 869 1838 905 τὴν

1050 916 1188 951 βασιλείαν
1206 916 1300 949 αὐτοῦ,
1314 917 1361 943 καὶ
1375 914 1408 951 ἦν
1420 916 1517 951 Δανιὴλ
1533 915 1689 951 συίιϐιιιὶτὴς
1698 915 1744 942 τοῦ
1763 915 1839 950 βασι-

1049 962 1126 994 λέως,
1141 963 1187 989 καὶ
1202 962 1305 994 ἔνδοξος
1319 962 1389 997 ὑπὲρ
1404 962 1505 993 πάντας
1518 963 1579 994 τοὺς
1593 961 1686 997 φίλους
1697 961 1791 989 αὑτοῦ.

1310 1018 1507 1045 ΚΕΦΑΛΛΙΟΝ
1525 1017 1572 1044 Ir’.

1086 1065 1110 1093 Ι.
1125 1065 1178 1091 Καὶ
1193 1062 1226 1100 ἦν
1238 1065 1305 1100 ἀνὴρ
1316 1065 1398 1091 οἰκῶν
1407 1065 1435 1091 ὲν
1448 1064 1597 1097 Βαϐυλῶνι,
1609 1065 1655 1091 καὶ
1667 1065 1751 1100 ὕνομα
1765 1065 1839 1100 αὐτῷ

1058 1111 1194 1146 Ίωακείμ.

1083 1157 1111 1185 2.
1131 1158 1186 1184 Καὶ
1205 1157 1284 1184 ἔλαϐε
1298 1159 1426 1191 γυναῖκα,
1449 1155 1565 1194 ᾖὸνομα
1582 1159 1733 1191 Σουσάννα,
1753 1157 1838 1192 θυγά-

1049 1212 1102 1239 τηρ
1115 1203 1241 1237 Χελκίου,
1257 1203 1327 1240 καλὴ
1339 1203 1458 1240 σφόδρα,
1479 1204 1527 1231 xal.
1544 1204 1697 1240 φοϐουμένη
1715 1205 1762 1231 τὸν
1782 1203 1838 1232 Κύ-

1051 1258 1066 1284 ρ
1071 1259 1117 1277 ιον.

1086 1296 1111 1322 5.
1123 1295 1177 1322 Καὶ
1194 1296 1218 1322 οἱ
1232 1296 1321 1329 γονεῖς
1336 1296 1419 1330 αὐτῆς
1443 1295 1560 1326 δίκαιοι,
1577 1296 1625 1323 καὶ
1647 1296 1771 1328 ἐδίδαξαν
1789 1295 1839 1331 τὴν

1051 1340 1190 1376 θυγατέρα
1204 1341 1295 1368 αὐτῶν
1310 1341 1381 1368 κατὰ
1397 1341 1441 1368 τὸν
1457 1342 1538 1377 νόμον
1549 1342 1645 1377 Μωσῆ.

1087 1387 1112 1413 4.
1130 1385 1225 1421 Καὶῆν
1245 1387 1374 1422 Ἰωακεὶμ
1390 1387 1515 1419 πλούσιος
1531 1388 1643 1423 σφόδρα.
1661 1385 1749 1423 καὶῆν
1763 1388 1841 1423 αὐτῷ

1051 1434 1214 1470 παράδεισος
1232 1434 1357 1468 γειτνιῶν
1375 1433 1412 1468 τῷ
1429 1434 1494 1468 οἴκῳ
1508 1433 1601 1462 αὑτοῦ,
1613 1433 1660 1460 καὶ
1674 1434 1741 1468 πρὸς
1758 1433 1842 1460 αὺτδν

1053 1481 1200 1516 συνήγοντο
1212 1481 1236 1506 oi
1253 1480 1383 1513 Ἰουδαῖοι,
1398 1480 1441 1507 διὰ
1451 1480 1480 1506 τὺ
1492 1477 1560 1507 εἶναι
1576 1480 1655 1507 αὐτὸν
1671 1480 1842 1514 ἐνδοξότερον

1014 1531 1036 1560 C
1054 1527 1170 1555 πάντων.

1092 1573 1106 1582 ηε

1091 1573 1116 1600 5.
1135 1573 1190 1600 Καὶ
1203 1572 1403 1608 ἀπεδείχθησαν
1414 1573 1459 1600 δύο
1475 1572 1653 1608 πρεσϐύτεροι
1669 1573 1701 1599 ἐκ
1716 1572 1763 1599 τοῦ
1775 1572 1841 1599 λαοῦ

1055 1619 1148 1654 κριταὶ
1162 1619 1190 1645 ὲν
1204 1618 1242 1653 τῷ
1268 1617 1382 1653 ἐνιαυτῷ
1399 1618 1511 1653 ἐκείνῳ.
1532 1619 1595 1653 περὶ
1616 1615 1653 1645 ὧν
1674 1618 1804 1653 ἐλάλησεν
1829 1619 1844 1645 ὁ

1055 1663 1194 1699 Δεσπότης
1207 1664 1247 1690 ὃτι
1259 1663 1369 1698 ἐξῆλθεν
1384 1663 1482 1698 ἀνομία
1497 1665 1527 1690 ἐκ
1541 1664 1698 1696 Βαϐυλῶνος
1715 1665 1748 1690 ἐκ
1775 1672 1844 1699 πρε-

1055 1709 1194 1745 σϐυτέρων
1209 1709 1322 1745 κριτῶν,
1335 1709 1359 1736 οἳ
1371 1709 1479 1736 ἐδόκουν
1494 1709 1628 1746 κυϐερνᾷν
1636 1709 1680 1736 τὸν
1696 1710 1770 1738 λαόν.

1090 1757 1117 1784 6.
1133 1754 1212 1784 Οὗτοι
1229 1755 1466 1792 προσεκαρτέρουν
1485 1757 1517 1792 τῇ
1539 1757 1612 1792 οἰκίᾳ
1632 1756 1769 1791 Ἰωακεὶμ,
1795 1756 1843 1784 καὶ

1055 1803 1170 1838 ἤρχοντο
1186 1803 1254 1838 πρὸς
1269 1802 1368 1834 αὐτοὺς
1384 1802 1485 1834 πάντες
1497 1803 1520 1829 οε
1540 1802 1705 1837 κρινόμενοι.

1090 1849 1117 1876 7.
1130 1849 1184 1876 Καὶ
1200 1848 1308 1883 ἐγένετο
1322 1849 1402 1884 ἡνίκα
1414 1849 1563 1884 ἀπέτρεχεν
1573 1849 1587 1875 ὁ
1601 1848 1664 1880 λαὸς
1682 1848 1763 1883 μέσον
1774 1848 1844 1883 ἡμέ-

1057 1905 1116 1931 ρας,
1131 1895 1319 1932 εἰσεπορεύετο
1337 1895 1474 1922 Σουσάννα
1488 1916 1495 1928 ,
1517 1895 1563 1922 καὶ
1580 1894 1739 1930 περιεπάτει
1753 1895 1782 1921 ἐν
1805 1894 1844 1930 τῷ

1055 1941 1213 1978 παραδείσῳ
1229 1942 1276 1969 τοῦ
1293 1942 1389 1978 ἀνδρὸς
1400 1942 1494 1976 αὐτῆς.

1091 1988 1117 2015 8.
1129 1989 1185 2015 Καὶ
1193 1987 1328 2024 ἐθεώρουν
1341 1987 1425 2023 αὐτὴν
1438 1988 1462 2014 οἱ
1471 1987 1651 2023 πρεσϐύτεροι
1666 1986 1726 2013 καθ’
1737 1986 1845 2021 ἡμέραν

1056 2034 1297 2070 είσπορευομένην,
1315 2035 1362 2061 καὶ
1376 2033 1581 2068 περιπατοῦσαν
1592 2053 1599 2065 ,
1618 2034 1664 2059 καὶ
1677 2033 1802 2067 ἐγένοντο
1817 2034 1846 2059 ὲν

1056 2080 1189 2116 ἐπιθυμία
1207 2079 1302 2114 αὐτῆς.

1090 2127 1117 2153 9.
1134 2126 1190 2152 Καὶ
1204 2125 1363 2161 διέστρεψαν
1375 2125 1420 2151 τὸν
1435 2124 1539 2152 ἑαυτῶν
1553 2125 1626 2156 νοῦν,
1640 2124 1687 2151 καὶ
1705 2123 1844 2156 ἐξέκλιναν

1055 2173 1118 2204 τοὺς
1131 2172 1287 2206 ὀφθαλμοὺς
1297 2172 1396 2202 αὐτῶν,
1412 2171 1460 2198 τοῦ
1474 2171 1510 2207 μὴ
1526 2171 1635 2206 βλέπειν
1648 2171 1688 2202 είς
1702 2170 1748 2197 τὸν
1762 2170 1844 2206 0'39:-

1020 2213 1041 2240 D
1054 2219 1111 2249 νὺν.
1129 2219 1196 2254 μηδὲ
1215 2217 1393 2253 μνημονεύειν
1411 2217 1552 2253 χριμάτων
1566 2218 1689 2244 δικαίων.

1092 2266 1134 2292 10,
1149 2265 1204 2292 Καὶ
1219 2262 1288 2299 ἦσαν
1304 2265 1454 2300 ἀμφότεροι
1468 2262 1700 2298 κατανενυγμένοι
1718 2262 1784 2297 περὶ
1798 2261 1846 2288 αὑ-

1055 2311 1113 2346 τῆς,
1128 2311 1176 2337 καὶ⁵
1189 2311 1238 2337 οὐκ
1253 2309 1423 2344 ἀπήγγειλαν
1434 2309 1559 2343 ἀλλήλοις
1569 2308 1618 2343 τὴν
1632 2307 1728 2342 ὀδύνην
1742 2307 1845 2333 αὐτῶν.

1091 2355 1134 2382 Η.
1151 2355 1212 2382 ’Ὁτι
1229 2355 1377 2390 ᾐσχύνοντο
1392 2353 1556 2388 ἀπαγγεῖλαι
1567 2353 1617 2387 τὴν
1632 2351 1782 2386 ἐπιθυμίαν
1798 2352 1846 2378 αὖ·

1054 2402 1119 2433 τῶν,
1135 2402 1176 2428 ὃτι
1195 2401 1290 2437 ἤθελον
1307 2400 1488 2436 συγγενέσθαι
1508 2401 1588 2434 αὐτῇ.

1091 2448 1133 2475 12.
1153 2448 1209 2475 Καὶ
1226 2448 1398 2483 παρετήρουν
1414 2446 1474 2473 καθ’
1501 2446 1607 2481 ἡμέραν
1633 2444 1785 2479 φιλοτίμως
1800 2444 1845 2470 τοῦ

1054 2494 1120 2530 δρᾷν
1135 2493 1236 2529 αὐτήν
1250 2492 1298 2520 καὶ
1313 2491 1389 2519 εἷπον
1404 2492 1499 2527 ἔτερος
1517 2490 1556 2526 τῷ
1570 2490 1666 2525 ἑτέρῳ·

1091 2539 1135 2566 15.
1149 2537 1330 2574 Πορευθῶμεν
1350 2538 1390 2569 εἰς
1405 2535 1489 2568 οἶκον,
1507 2536 1549 2562 ὅτι
1563 2535 1676 2570 ἀρίστου
1690 2533 1766 2560 ἐστὶν
1776 2533 1844 2567 ὥρα·

1055 2584 1104 2612 καὶ
1120 2583 1273 2616 ἐξελθόντες
1288 2582 1504 2618 διεχωρίσθησαν
1521 2581 1568 2608 ἀπ¹
1586 2579 1720 2615 ἀλλήλων.

1093 2630 1136 2657 14.
1152 2629 1208 2656 Καὶ
1231 2628 1444 2664 ἀνακάμψαντες
1469 2625 1551 2662 ἦλθον
1573 2625 1621 2653 ἐπὶ
1640 2625 1671 2651 τὸ
1691 2624 1772 2655 αὐτὸ,
1801 2622 1846 2650 καὶ

1056 2676 1230 2708 ἀνετάζοντες
1247 2675 1388 2710 ἀλλήλους,
1403 2674 1444 2705 τίς
1461 2673 1478 2709 ἡ
1494 2672 1584 2705 αἰτία,
1602 2670 1784 2706 ὡμολόγησαν
1799 2668 1845 2695 ἀλ-

1056 2722 1147 2756 λήλοις
1163 2722 1212 2757 τὴν
1225 2721 1371 2755 ἐπιθυμίαν
1383 2720 1488 2746 αὐτῶν·
1506 2718 1552 2746 καὶ
1567 2717 1626 2744 τότε
1639 2717 1715 2752 κοινῇ
1736 2714 1846 2742 συνετά-

1057 2768 1136 2801 ξαντο
1154 2768 1258 2803 καιρδν,
1274 2768 1317 2794 ὅτε
1333 2766 1415 2801 αὐτὴν
1432 2766 1589 2800 δυνήσονται
1605 2763 1694 2798 εὑρεῖν
1714 2762 1810 2797 μόνην..

1095 2868 1134 2896 lii.
1155 2867 1207 2894 Kal
1223 2866 1329 2901 ἐγένετο
1346 2866 1373 2892 ὲν
1387 2865 1425 2901 τῷ
1444 2864 1610 2900 παρατηρεῖν
1626 2862 1726 2892 animi);
1740 2861 1847 2897 ήμέραν
