1967 3079
109 132 184 160 2897

829 131 943 159 CAPUT
964 132 1029 160 XIII.

1673 135 1744 163 2898

111 189 235 222 εὗθετον,
264 189 357 222 καθὼς
377 190 449 225 χθὲς,
469 191 516 217 καὶ
534 191 631 226 τρίτην
656 191 773 228 ἡμέραν,
799 191 908 226 εἰσῆλθέ

981 200 1065 229 ptum,
1080 195 1152 222 sicut
1165 195 1233 227 heri,
1249 200 1276 222 et
1302 195 1402 222 nudius
1428 194 1534 226 tertius,
1563 195 1685 229 ingressa
1705 200 1748 222 est

112 243 180 261 ποτε
198 235 215 270 ὴ
239 235 379 262 Σουσάννα
408 236 475 271 μετὰ
500 236 546 262 δύο
578 237 667 272 μόνων
687 236 832 272 κορασίων,
860 237 907 263 καὶ

112 281 274 317 ἐπεθύμησε
289 281 436 308 λούσασθαι
457 283 485 308 ἐν
500 282 538 318 τῷ
563 282 729 318 παραδείσῳ,
751 282 792 308 ὃτι
812 281 906 316 καῦμα

114 325 127 334 φ

112 337 158 362 ην.

155 375 199 401 16.
212 374 267 401 Καὶ
280 374 329 400 οὐκ
344 373 378 409 ἦν
396 374 483 406 οὐδεὶς
496 376 563 404 ἐκεῖ,
580 373 650 410 πλὴν
663 375 686 401 οἱ
697 374 743 401 δύο
758 373 908 409 πρεσϐύτε-

115 427 160 453 ροι
177 419 377 454 κεκρυμμένοι,
393 420 439 445 καὶ
457 419 682 454 παρατηροῦντες
696 419 791 454 αὑτήν.

154 465 198 492 17.
217 465 272 491 Καὶ
294 464 370 492 εἶπεν
395 467 451 497 τοῖς
470 466 622 500 κορασίοις⁸
639 466 785 499 Ἐνέγκατε
811 465 841 499 δή
864 473 909 498 μοι

114 510 218 542 ἔλαιον,
235 512 282 538 καὶ
294 511 420 546 σμῆγμα,
441 512 487 538 καὶ
503 512 552 543 τὰς
570 512 655 548 θύρας
674 511 720 538 τοῦ
745 510 909 546 παραδείσου

115 556 256 589 κλείσατε,
272 558 346 589 ὅπως
363 558 515 593 λούσωμαι.

152 603 197 630 18.
217 604 271 629 Καὶ
287 603 418 638 ἐποίησαν
433 604 523 636 καθὼς
540 605 587 631 καὶ
601 603 687 637 εἶπεν,
712 605 758 631 καὶ
781 605 910 632 ἀπέκλει-

115 658 168 676 σαν
183 650 232 681 τὰς
247 649 331 685 θύρας
343 651 390 676 τοῦ
402 651 576 686 παραδείσου,
595 651 642 677 καὶ
652 650 762 686 ἐξῆλθον
775 652 846 678 κατὰ
861 652 910 683 τὰς

115 695 252 730 πλαγίους
268 695 363 730 θύρας,
374 696 496 729 ἐνεγκεῖν
513 695 546 722 τὰ
558 695 785 730 προστεταγμένα
802 696 907 728 αὑταῖς,

116 741 165 766 καὶ
191 741 242 768 οὐχ
266 738 334 767 εἶδον
357 741 419 772 τοὺς
437 741 651 777 πρεσϐυτέρους,
681 741 721 767 ὃτι
742 739 813 776 ἦσαν
831 742 910 774 ἐγκε-

115 787 282 822 κρυμμένοι.

154 832 199 859 19.
218 832 271 859 Καὶ
288 833 395 866 ἐγένετο
421 832 460 862 ὠς
488 831 601 867 ἐξῆλθον
616 831 649 858 τὰ
661 832 786 865 κοράσια,
804 831 850 859 καὶ
864 832 910 858 ἀν-

115 878 239 913 έστησαν
265 879 289 904 οἱ
304 878 350 904 δύο
369 877 560 914 πρεσϐύτεροι,
583 878 630 904 καὶ
650 878 805 913 ἐπέδραμον
829 878 910 913 αὐτῇ,
926 868 947 896 Β

116 933 165 950 και
180 932 267 950 ειπον·

154 970 200 996 20.
223 970 290 996 Ἰδοὺ
305 970 332 996 αἱ
346 969 425 1004 θύραι
443 969 490 995 τοῦ
504 970 668 1005 παραδείσου
690 969 851 1002 κέκλεινται,
864 971 911 996 καὶ

116 1016 208 1047 οὐδεὶς
224 1015 322 1050 θεωρεῖ
336 1015 420 1050 ἡμᾶς,
435 1015 483 1042 καὶ
494 1016 522 1041 ὲν
540 1015 672 1051 ἐπιθυμίᾳ
689 1016 735 1042 σού
752 1017 838 1050 ἐσμεν
848 1023 855 1031 ·
870 1016 910 1043 διὸ

119 1060 295 1094 συγκατάθου
315 1062 391 1096 ἡμῖν,
412 1061 459 1086 καὶ
473 1060 551 1094 γενοῦ
568 1061 627 1096 μεθ’
644 1061 731 1096 ἡμῶν.

155 1107 202 1134 2|.
218 1107 249 1134 El
263 1107 291 1133 δὲ
303 1107 350 1142 μὴ,
361 1107 649 1142 καταμαρτυρήσομέν
669 1116 725 1139 σου,
739 1107 780 1134 ὅτι
791 1105 824 1142 ἦν
842 1108 911 1143 μετά

119 1151 170 1178 σοῦ
186 1152 337 1183 νεανίσκος,
353 1152 399 1178 καὶ
412 1151 455 1178 διὰ
469 1151 548 1178 τοῦτο
572 1151 765 1184 ἐξαπέστειλας
779 1151 813 1179 τὰ
829 1152 911 1188 κορά-

119 1204 168 1222 σια
188 1196 242 1222 ἀπὸ
258 1196 316 1222 σοῦ.

157 1241 203 1268 22.
221 1242 276 1268 Καὶ
289 1241 466 1273 ἀνεστέναξεν
481 1241 629 1272 Σουσάννα,
651 1242 698 1268 καὶ
712 1239 788 1268 εἴπεν
799 1251 805 1257 ·
825 1242 911 1269 Στενὰ

122 1297 170 1323 μοι
187 1287 331 1314 πάντοθενθ
349 1289 396 1314 ἐὰν
412 1296 441 1313 τε
452 1288 505 1323 γὰρ
518 1287 597 1314 τοῦτο
615 1287 719 1323 πράξω,
735 1287 850 1319 θάνατός
865 1288 910 1323 μοί

121 1335 199 1360 ἐστιν
209 1342 215 1348 ·
229 1334 276 1360 ὲάν
287 1342 315 1359 τε
335 1333 372 1368 μὴ
387 1333 492 1368 πράξω,
509 1333 559 1359 οὐκ
574 1332 741 1367 ἐκφεύξομαι
753 1333 802 1364 τὰς
817 1334 911 1368 χεῖρας

122 1380 137 1406 ὑ
142 1379 212 1415 μῶν.

157 1425 204 1452 25.
222 1425 404 1461 Αἰρετώτερόν
423 1425 468 1460 μοί
487 1425 545 1451 ἐστι
568 1424 605 1459 μὴ
617 1423 759 1459 πράξασαν
781 1425 910 1459 ἐμπεσεῖν

121 1472 164 1502 εἰς
179 1471 229 1502 τὰς
240 1472 333 1506 χεῖρας
347 1469 432 1505 ὑμῶν,
449 1470 465 1505 ἢ
484 1470 618 1504 ἁμαρτεῖν
633 1469 748 1495 ἐνώπιον
766 1470 881 1505 Κυρίου.

158 1516 204 1544 24.
224 1518 279 1543 Καὶ
292 1516 425 1552 ἀνεϐόησε
454 1516 592 1543 Σουσάννα
616 1517 692 1551 φωνῇ
717 1516 842 1551 μεγάλῃ·
865 1516 912 1542 dv-

121 1564 241 1599 εὸόησαν
256 1564 282 1590 δὲ
295 1564 342 1590 καὶ
356 1565 380 1590 οἱ
397 1563 443 1589 δύο
452 1563 603 1598 πρεσϐύται
624 1563 766 1589 κατέναντι
781 1562 877 1597 αὐτῆς,

159 1610 204 1637 '25.
224 1610 276 1636 Καὶ
287 1609 397 1645 δραμὼν
411 1610 424 1635 ὁ
435 1606 486 1641 εἷς,
501 1609 590 1645 ἤνοιξε
600 1609 648 1640 τὰς
666 1608 751 1644 θύρας
764 1608 810 1634 τοῦ
823 1616 912 1644 παρα-

120 1656 224 1683 δείσου.

158 1701 204 1728 26.
230 1701 273 1732 Ὧς
288 1700 315 1726 δὲ
330 1701 450 1735 ἤκουσαν
464 1699 513 1735 τὴν
527 1699 652 1734 κραυγὴν
674 1699 722 1733 τὴν
735 1699 764 1724 ἐν
774 1698 813 1733 τῷ
825 1707 914 1735 παρα-

121 1746 206 1781 δείσῳ
227 1746 252 1772 οἱ
272 1746 375 1772 οέκέται
390 1745 438 1780 τῆς
462 1745 570 1780 κυρίας,
592 1743 774 1780 εἰσεπήδησαν
796 1743 839 1770 διὰ
865 1744 914 1779 τῆς

123 1792 244 1826 πλαγίας
264 1791 349 1827 θύρας
363 1791 427 1817 ἰδεῖν
446 1791 477 1817 τὺ
497 1790 669 1825 συμϐεϐηκὸς
681 1790 761 1825 αὐτῇ.

160 1836 206 1863 27.
232 1836 329 1863 Ἠνίκα
354 1836 382 1861 δὲ
398 1834 478 1862 εἶπαν
494 1835 518 1861 οἱ
535 1834 716 1870 πρεσϐύτεροι
735 1835 797 1865 τοὺς
818 1834 914 1868 λόγους

123 1882 227 1914 αὐτῶν,
251 1882 476 1918 κατῃσχύνθησαν
491 1883 514 1908 οξ
539 1881 627 1908 δοῦλοι
657 1881 770 1916 σφόδρα,
790 1881 830 1907 ὅτι
854 1881 914 1907 οὐδὲ

123 1931 238 1958 πώποτε
253 1931 352 1967 ἐρρέθη
367 1931 446 1965 λόγος
462 1930 581 1961 τοιοῦτος
599 1929 664 1964 περὶ
679 1928 842 1960 Σουσάννας.

162 2022 209 2049 28.
225 2022 280 2048 Kal.
294 2021 401 2055 ἐγένετο
408 2022 441 2055 τῇ
459 2019 588 2055 ἐπαύριον
603 2017 733 2054 συνῆλθον
744 2018 757 2043 ὁ
773 2016 836 2048 λαὸς
847 2017 915 2050 πρὸς

122 2069 172 2095 τὸν
189 2068 274 2103 ἄνδρα
286 2068 335 2102 τῆς
349 2067 501 2097 Σουσάννας
514 2066 560 2093 τὸν
580 2065 718 2099 Ίωακεὶμ,
733 2064 781 2090 καὶ
794 2061 877 2098 ἦλθον
890 2065 914 2089 οἱ

122 2114 173 2141 δύο
186 2112 366 2148 πρεσϐύτεροι
387 2112 500 2147 πλήρεις
523 2111 574 2146 τῆς
590 2111 690 2145 ἀνόμου
705 2109 794 2136 αὐτῶν
810 2108 915 2139 ἑννοίας

123 2159 199 2186 κατὰ
217 2158 380 2190 Σουσάννας,
400 2157 447 2183 τοῦ
463 2156 617 2183 θανατῶσαι
634 2156 729 2190 αὐτήν.

964 241 1111 276 aliquando
1128 240 1254 268 Susanna
1279 249 1341 268 cunt
1356 240 1463 267 duabus
1491 239 1556 266 solis
1582 239 1688 274 puellis,
1705 247 1748 266 vo-

963 289 1068 323 luitque
1082 288 1165 315 lavari
1184 287 1211 314 in
1229 287 1350 322 pomario
1366 296 1372 313 :
1385 290 1467 314 aestus
1478 286 1577 320 quippe
1590 289 1659 312 erat.

1001 376 1043 403 16.
1063 376 1097 402 Et
1114 383 1166 402 non
1184 380 1242 402 erat
1258 375 1294 402 illi
1309 374 1454 409 quisquam
1475 379 1571 408 praeter
1585 373 1654 400 duos
1669 379 1747 400 sene!

963 422 1149 453 absconditos,
1163 425 1190 448 ct
1203 421 1417 455 contemplantes
1429 428 1500 447 eam.

999 468 1043 494 Π.
1064 468 1096 494 Et
1113 467 1180 494 dixit
1195 467 1291 501 puellis
1306 474 1312 492 :
1330 466 1429 493 Alfene
1444 466 1501 500 jam
1517 464 1585 492 mihi
1604 463 1706 496 oleum,
1720 467 1748 490 et

966 520 1097 547 smegma,
1116 517 1143 539 et
1158 512 1228 539 ostia
1243 512 1358 547 pomarii
1371 512 1504 543 claudite,
1521 516 1551 538 ut
1569 510 1655 538 laver.

998 602 1041 629 18.
1064 602 1097 628 Et
1113 601 1238 628 fecerunt
1249 601 1328 628 sicuti
1345 601 1427 628 etiam
1443 600 1549 628 dixerat
1565 607 1572 626 :
1589 603 1616 626 et
1639 598 1746 626 clauae-

962 653 1025 675 runt
1035 648 1103 674 ostia
1116 647 1241 682 pomarii,
1256 651 1282 674 et
1300 654 1416 680 egressa:
1431 651 1495 674 sunt
1509 654 1558 681 per
1570 645 1690 680 posticas
1705 645 1746 672 fo-

961 703 1016 728 res,
1030 699 1061 721 ut
1080 693 1208 721 all‘crrent
1223 700 1284 728 qua:
1299 692 1426 720 mandata
1442 691 1550 719 fuerant
1559 691 1610 718 sibi
1630 698 1636 717 :
1653 695 1678 718 et
1692 695 1746 718 non

961 741 1087 768 viderunt
1101 747 1190 773 senes,
1207 740 1272 774 quia
1286 743 1364 766 erant
1374 737 1535 766 absconditi.

999 831 1042 858 19.
1062 829 1095 857 Et
1110 829 1209 857 factum
1222 833 1274 860 cst.
1286 835 1419 864 posquam
1431 834 1547 862 egressu
1566 830 1630 853 sunt
1641 825 1746 860 puella‘,

962 879 988 902 et
1004 879 1185 902 surrexerunt
1198 873 1253 900 duo
1267 881 1358 905 senes,
1370 877 1398 900 et
1408 875 1586 900 accurrerunt
1597 870 1631 897 ad
1643 874 1749 900 enimet

961 921 1107 948 dixerunt:

997 965 1043 992 20.
1062 964 1131 991 Ecce
1144 963 1214 991 ostia
1231 963 1345 997 pomarii
1357 963 1451 990 clausa
1478 965 1553 994 sunt,
1565 965 1593 988 et
1611 966 1691 987 nemo
1706 959 1749 986 vi-

962 1011 1008 1039 det
1022 1018 1082 1041 nos.
1097 1014 1122 1037 et
1154 1010 1181 1037 in
1211 1009 1432 1043 concupiscentia
1454 1013 1500 1035 tua
1514 1013 1631 1035 sumus:
1653 1012 1750 1040 quam-

962 1057 1056 1084 obrem
1072 1056 1206 1082 assentire
1219 1055 1308 1087 nobis,
1323 1059 1350 1081 et
1364 1054 1541 1082 commiscere
1557 1051 1709 1079 nobiscum.

997 1101 1042 1128 2|.
1064 1100 1142 1134 Quod
1160 1100 1183 1127 si
1212 1099 1350 1132 nolueris,
1378 1098 1502 1126 dicemus
1522 1101 1617 1124 contra
1634 1101 1659 1122 te
1674 1096 1750 1121 testi-

963 1147 1096 1179 monium,
1112 1146 1185 1181 quod
1203 1145 1284 1172 fuerit
1308 1149 1397 1172 tecum
1420 1143 1541 1179 juvenis,
1569 1146 1597 1170 et
1626 1141 1662 1169 ob
1678 1141 1749 1168 hanc

962 1201 1073 1221 causam
1091 1192 1217 1220 emiseris
1233 1191 1336 1226 puellas
1348 1198 1362 1217 ο
1378 1195 1413 1217 te.

997 1239 1044 1266 22.
1066 1239 1099 1266 Et
1114 1238 1248 1273 ingemuit
1268 1238 1404 1268 Susanna,
1419 1240 1446 1263 et
1460 1236 1498 1263 ait
1514 1233 1669 1269 :Angustiaa
1683 1235 1750 1260 sunt

963 1286 1030 1313 mihi
1044 1285 1182 1319 undique:
1195 1283 1218 1311 si
1231 1280 1303 1309 enim
1316 1283 1367 1309 hoc
1384 1289 1475 1316 egero,
1501 1288 1576 1307 mors
1597 1277 1664 1306 mihi
1689 1281 1747 1309 est;

962 1332 1015 1360 nisi
1033 1336 1123 1358 autem
1142 1338 1234 1364 egero,
1253 1337 1305 1356 non
1319 1328 1445 1363 eﬂugiam
1458 1329 1553 1354 manus
1569 1330 1682 1352 vestras.

997 1420 1042 1447 23.
1065 1419 1161 1446 Melius
1175 1422 1218 1446 est
1230 1417 1297 1444 mihi
1313 1417 1415 1449 absque
1427 1421 1509 1449 opere
1523 1412 1643 1439 incidere
1654 1410 1680 1436 in
1691 1416 1750 1436 ma-

963 1474 1016 1493 nus
1032 1470 1149 1497 vestras,
1162 1471 1244 1498 quam
1262 1470 1374 1497 peccare
1394 1462 1419 1487 in
1435 1463 1580 1494 conspectu
1597 1455 1714 1484 Domini.

997 1512 1042 1539 24.
1064 1511 1097 1537 Et
1112 1511 1277 1537 exclamavit
1293 1508 1420 1535 Susanna
1435 1514 1501 1532 voce
1515 1511 1611 1539 magna
1629 1511 1636 1530 :
1660 1501 1751 1530 excla-

964 1562 1108 1585 maverunt
1119 1561 1208 1584 autem
1221 1560 1248 1582 et
1261 1555 1316 1581 duo
1330 1560 1409 1580 senes
1427 1552 1557 1578 adversus
1573 1557 1644 1577 eam.

998 1602 1044 1630 25.
1070 1601 1103 1629 Et
1118 1607 1232 1628 currens
1248 1606 1319 1626 unus
1333 1596 1518 1633 aperuitostia
1539 1593 1665 1630 pomarii.

998 1691 1043 1720 26.
1066 1691 1204 1719 Utautem
1234 1689 1379 1716 audierunt
1408 1686 1554 1714 clamorem
1572 1683 1598 1710 in
1625 1680 1750 1717 pomario

964 1739 1058 1767 fariiuli
1075 1738 1202 1770 dominae,
1218 1736 1356 1763 irruerunt
1370 1742 1418 1769 per
1429 1732 1547 1767 posticas
1563 1730 1650 1761 fores,
1671 1731 1700 1755 ut
1711 1726 1752 1754 vi-

964 1787 1059 1814 derent
1069 1785 1196 1819 quidnam
1213 1782 1355 1810 accidisset
1370 1780 1405 1807 ei.

998 1831 1043 1858 27.
1065 1830 1212 1864 Postquam
1238 1832 1327 1854 autem
1357 1833 1435 1853 senes
1457 1824 1585 1851 dixerunt
1611 1827 1751 1849 sermones

964 1884 1042 1909 suos,
1055 1876 1225 1903 erubuerunt
1241 1873 1312 1901 servi
1337 1872 1511 1900 vehementer
1528 1879 1535 1897 :
1553 1868 1618 1904 quia
1648 1874 1750 1901 nequa-

965 1930 1046 1957 quam
1063 1929 1183 1956 unquam
1196 1921 1286 1948 dictus
1298 1919 1386 1945 fuerat
1401 1924 1492 1945 sermo
1511 1913 1700 1950 hujuscemodi
1715 1911 1751 1940 de

965 1967 1102 1994 Susanna.

999 2013 1046 2039 2s.
1060 2012 1093 2039 Et
1107 2011 1209 2038 factum
1226 2014 1268 2037 est
1285 2009 1329 2036 die
1345 2007 1475 2040 crastina,
1504 2013 1566 2034 cum
1581 2003 1752 2032 convenisset

965 2059 1083 2094 populus
1098 2058 1131 2085 ad
1146 2058 1233 2084 virum
1254 2056 1387 2083 Susanna
1397 2053 1516 2082 Joakim.
1530 2050 1751 2079 veneruntetiam

965 2106 1019 2132 duo
1032 2112 1111 2132 senes
1121 2103 1191 2138 pleni
1205 2103 1298 2137 iniqua
1315 2109 1364 2128 sua
1382 2099 1546 2135 cogitatione
1557 2098 1687 2125 adversus
1698 2095 1751 2123 Su-

965 2158 1090 2181 samiam.
1108 2155 1136 2177 Ill
1152 2154 1238 2176 morte
1255 2147 1392 2175 efﬁcerent
1404 2154 1475 2173 eant.

160 2205 197 2232 29
219 2204 274 2230 Καὶ
288 2202 368 2230 εἶπαν
383 2201 537 2238 ἔμπροσθεν
560 2201 606 2228 τοῦ
633 2200 698 2227 λαοῦ
712 2220 719 2231 ,
735 2199 910 2226 ἁποστείλατε

1002 2197 1048 2225 29.
1069 2196 1101 2223 Et
1116 2197 1244 2224 dixerunt
1275 2201 1368 2221 coram
1391 2192 1510 2228 populo:
1538 2189 1635 2217 Mittite
1649 2188 1682 2215 ad
1696 2186 1751 2214 Su—

122 2250 174 2276 ὲπὶ
188 2250 340 2276 Σουσάνναν
351 2249 400 2283 τὴν
414 2248 552 2283 θυγατέρα
565 2247 690 2279 Χελκίου,
704 2247 764 2281 ἥτις
776 2246 835 2272 ἐστὶ
846 2246 915 2281 γυνὴ

130 2295 272 2330 Ἰωακείμ.
293 2296 323 2321 0t
338 2294 365 2321 δὲ
381 2293 556 2320 ἀπέστειλαν.

162 2341 208 2369 30.
225 2341 279 2367 Καὶ
292 2339 374 2376 ἦλθον
389 2340 471 2374 αὐτὴ,
486 2339 534 2366 καὶ
553 2339 578 2364 οἱ
589 2339 677 2372 γονεῖς
692 2337 790 2371 αὐτῆς,
811 2337 859 2363 καὶ
881 2335 916 2362 τὰ

124 2387 211 2413 τέκνα
221 2386 317 2420 αὐτῆς,
333 2386 380 2412 καὶ
398 2385 499 2415 πάντες
513 2386 537 2411 οἱ
556 2385 696 2418 συγγενεῖς
714 2383 807 2418 αὐτῆς.

162 2433 209 2460 5L
230 2433 261 2458 Ἡ
277 2432 305 2459 δὲ
320 2432 457 2458 Σουσάννα
472 2428 506 2466 ἦν
517 2429 641 2466 τρυφερά
656 2429 768 2463 σφόδρα,
787 2427 834 2455 καὶ
846 2426 916 2462 καλὴ

124 2478 166 2513 τῷ
183 2477 257 2505 εῖδει.

163 2523 208 2550 52.
223 2524 254 2549 υἱ
269 2523 297 2549 δὲ
309 2522 463 2557 παράνομοι
477 2520 623 2547 ἐκέλευσαν
631 2518 803 2554 ἀποκαλύψαι
817 2518 915 2553 αὐτὴν,

124 2568 161 2605 ἦν
185 2569 240 2605 γὰρ
262 2566 540 2602 κατακεκαλυμμένη,
565 2566 640 2597 ὅπως
665 2564 844 2600 ἑμπλησθῶσι
868 2564 915 2590 τοῦ

125 2615 243 2646 κάλλους
254 2614 349 2649 αὐτῆς.

163 2661 208 2688 55.
226 2660 354 2686 Ἔκλαιον
367 2659 396 2686 δὲ
411 2659 435 2685 οι
456 2659 519 2693 παρ’
535 2658 631 2692 αὐτῆς,
653 2658 698 2684 καὶ
725 2657 824 2688 πάντες
838 2657 862 2683 οἱ
877 2657 916 2683 εἰ-

125 2707 204 2738 δότες
217 2706 310 2741 αὐτὴν.

164 2753 210 2780 δι.
223 2752 277 2779 Καὶ
291 2752 456 2782 ἀναστάντες
478 2751 502 2777 οἱ
527 2750 574 2776 δύο
589 2749 769 2785 πρεσϐύτεροι
794 2749 823 2774 ὲν
840 2748 915 2783 μέσῳ

128 2799 177 2826 τοῦ
189 2798 264 2831 λαοῦ,
283 2799 383 2831 ἔθηκαν
397 2798 446 2828 τὰς
460 2798 552 2832 χεῖρας
566 2796 653 2823 αὐτῶν
669 2796 713 2821 ἐπὶ
733 2795 782 2829 τὴν
795 2795 915 2830 κεφαλὴν

128 2846 224 2879 αὐτῆς·

967 2251 1081 2271 sannam
1097 2243 1178 2269 Iiliam
1192 2240 1318 2273 Chelciai,
1337 2247 1397 2274 quae
1419 2243 1460 2266 est
1481 2244 1550 2264 uxor
1574 2235 1692 2263 Joakim.
1710 2233 1751 2261 illi

966 2298 1031 2317 vero
1044 2290 1186 2317 miserunt.

1001 2335 1045 2363 50.
1066 2335 1243 2362 Etveuerunt
1267 2333 1337 2368 ipsa,
1365 2335 1392 2358 et
1419 2334 1544 2366 parentes
1568 2328 1647 2364 ejus,
1665 2331 1692 2354 et
1702 2325 1750 2354 ﬁlii

964 2382 988 2418 ej
996 2389 1036 2413 us,
1049 2386 1076 2408 et
1090 2388 1185 2408 omnes
1205 2378 1310 2414 cognati
1330 2378 1400 2412 ejus.

1002 2428 1046 2455 51.
1068 2427 1153 2454 Porro
1163 2427 1290 2454 Susanna
1298 2431 1357 2452 erat
1367 2422 1480 2451 delicata
1496 2421 1586 2452 nimis,
1599 2424 1626 2447 et
1637 2418 1750 2454 pulchra

965 2474 1065 2509 specie.

1001 2520 1046 2548 32.
1067 2520 1102 2546 At
1127 2518 1215 2553 iniqui
1236 2517 1389 2553 jusserunt.
1407 2519 1438 2541 ut
1460 2511 1676 2546 discooperirent
1689 2515 1751 2536 eam

966 2567 1036 2601 (erat
1053 2566 1125 2592 cnim
1141 2559 1293 2599 cooperta),
1311 2561 1516 2590 utsatiarenlur
1532 2559 1630 2586 decore
1645 2556 1715 2591 ejus.

1001 2655 1046 2682 55.
1066 2650 1181 2681 Flebant
1204 2654 1287 2688 igitur
1301 2653 1356 2685 sui,
1385 2657 1412 2680 et
1424 2658 1530 2682 omnes,
1557 2649 1602 2683 qui
1621 2649 1753 2675 noverant

965 2709 1037 2729 eam.

1001 2749 1046 2775 54.
1066 2748 1267 2781 Consurgentes
1280 2750 1369 2773 autem
1386 2745 1440 2771 duo
1461 2741 1610 2779 presbyteri
1622 2741 1648 2767 in
1662 2737 1752 2766 medio

967 2794 1069 2830 populi,
1085 2797 1235 2828 posuerunt
1255 2799 1352 2819 manus
1365 2799 1428 2818 suas
1443 2798 1523 2824 super
1541 2792 1619 2823 caput
1630 2786 1699 2821 ejus.
