1967 3079
127 127 198 155 9.901

126 227 175 253 τοῦ
191 227 259 252 Θεοῦ
276 226 363 260 σχίσει
383 235 412 252 σε
426 226 466 257 εἰς
483 226 574 261 μέσον.

163 271 209 297 56.
227 271 281 297 Καὶ
301 270 474 306 μεταστήσας
500 271 583 298 αὑτὸν
595 293 603 303 ,
621 273 746 298 ἐκέλευσε
768 272 916 307 προσάγειν

123 316 172 342 τὸν
187 317 281 351 ἕτερον
294 337 302 349 ,
321 316 368 342 καὶ
388 314 465 342 εἶπεν
484 317 558 352 αὐτῴ
569 327 575 332 ·
593 318 705 352 Σπέρμα
731 318 853 348 Χαναὰν,
869 317 916 344 καὶ

124 361 186 395 οὐχὶ
203 361 287 386 Ἰούδα
299 381 307 391 ,
323 360 353 386 τὸ
376 360 470 392 κάλλος
483 361 607 396 ὴπάτησέ
625 370 664 394 σε,
690 362 736 388 καὶ
750 363 765 397 ὴ
783 362 916 396 ἐπιθυμία

123 405 267 440 διέστρεψε
285 405 334 440 τὴν
346 406 458 441 καρδίαν
472 415 528 432 σου.

160 452 207 478 57.
223 451 318 482 Οὕτως
329 452 446 478 ἐποιεῖτε
458 452 625 488 θυγατράσιν
644 453 762 488 Ἰσραὴλ,
776 455 825 479 καὶ
840 454 914 479 ἐκεῖ·

123 507 168 524 ναι
180 497 476 533 φοὸούμεναιὼμίλουν
490 499 569 532 ὑμῖν·
583 499 639 526 ἀλλ’
649 500 679 525 οὐ
693 499 816 534 θυγάτηρ
828 498 914 525 Ἰούδα

124 543 259 577 ὑπέμεινε
276 543 325 579 τὴν
339 544 453 578 ἀνομίαν
471 543 558 578 ὑμῶν.

160 590 206 617 58.
224 589 282 616 Νὖν
298 588 343 616 οὖν
361 590 423 623 λέγε
443 598 487 624 μοι
499 610 505 622 ,
525 590 577 616 ὑπὸ
597 590 623 616 τί
640 590 747 625 δένδρον
764 589 912 620 κατέλαῦες

124 635 226 666 αὐτοὺς
234 634 393 669 ὁμιλοῦντας
402 634 534 669 ἀλλήλοις
553 635 572 661 0
582 635 610 661 δὲ
624 633 710 661 εἶπεν
726 635 794 661 Ὑπὸ
807 636 911 669 πρῖνον.

160 678 206 706 59.
217 677 300 704 Εἶπεν
316 679 344 705 δὲ
360 678 434 714 αὐτῷ
450 679 548 714 Δανιηλ
563 687 569 694 ·
587 679 688 715 Ὀρῦῶς
700 680 807 714 ἐψεύσω
816 681 862 706 καὶ
879 680 911 706 σὺ

124 725 165 756 εἰς
183 726 233 758 τὴν
255 725 369 751 σεαυτοῦ
397 725 518 760 κεφαλήν
532 733 538 740 ·
552 725 627 760 μένει
639 725 692 761 γὰρ
703 727 717 752 ὁ
733 726 850 760 ἄγγελος
864 726 911 752 τοῦ

123 770 195 796 Θεοῦ
209 790 216 801 ,
230 769 279 804 τὴν
294 769 431 804 ῥομφαίαν
455 770 523 806 ἔχων
544 772 638 805 πρίσαι
664 780 691 797 σε
713 771 811 807 μέσον,
837 772 911 804 ὅπως

123 814 306 850 ὲξολοθρεύσῃ
321 816 403 850 ὑμᾶς.

162 903 206 930 60.
220 904 273 930 Καὶ
283 904 414 938 ἀνεῦόησε
426 906 500 939 φωνῇ
518 905 622 940 μεγάλῃ
637 906 709 931 πᾶσι
722 906 739 940 ὴ
756 905 911 942 συναγωγὴ,

123 949 173 976 καὶ
189 949 338 984 εὐλόγησαν
356 949 397 984 τῷ
412 949 471 984 Θεῷ
484 950 520 984 τῷ
537 949 649 981 σώζοντι
665 950 728 981 τοὺς
752 949 913 982 ἐλπίζοντας

123 995 171 1022 ἐπ’
181 995 273 1021 αὐτόν.

160 1041 206 1068 6|.
221 1042 276 1069 Καὶ
289 1041 440 1076 ἀνέστησαν
452 1040 497 1067 ἐπὶ
508 1040 570 1072 τοὺς
584 1041 631 1067 δύο
646 1040 859 1076 πρεσϐυτέρους,
872 1042 912 1068 ὃτι

125 1087 291 1123 συνέστησεν
308 1087 406 1118 αὐτοὺς
429 1086 527 1120 Δανιὴλ
549 1088 581 1113 ὲκ
597 1086 644 1112 τοῦ
665 1087 800 1122 στόματος
824 1088 913 1114 αὐτῶν

124 1133 436 1169 ψευδομαρτυρήσαντας
449 1141 455 1147 ·
470 1133 518 1159 καὶ
529 1132 659 1167 ἐποίησαν
670 1132 761 1164 αὐτοῖς
774 1132 804 1158 ὃν
814 1133 913 1168 τρόπον

124 1177 347 1213 ὲπονηρεύσαντο
358 1177 470 1212 ποιῆσαι
485 1176 523 1212 τῷ
537 1177 660 1212 πλησίον,
680 1176 751 1203 κατὰ
768 1176 812 1203 τὸν
831 1177 913 1212 νόμον

125 1224 225 1259 Muci].

160 1271 205 1298 62.
221 1270 276 1297 Καὶ
293 1269 459 1298 ἀπέκτειναν
477 1269 585 1302 αὐτοὺς,
600 1268 647 1296 καὶ
659 1268 748 1304 ἐσώθη
759 1265 827 1304 αἷμα
837 1268 913 1295 ἀναί-

124 1325 182 1343 τιον
198 1318 226 1343 ὲν
239 1318 271 1352 τῇ
287 1317 380 1352 ἡμέρᾳ
390 1316 493 1351 ἐκείνῃ.

162 1363 206 1390 65.
225 1363 345 1393 Χελκίας
363 1363 391 1389 δὲ
410 1363 457 1389 καὶ
470 1363 486 1397 ἠ
503 1361 571 1397 γυνὴ
582 1361 664 1388 αὑτοῦ
678 1361 776 1396 ᾔνεσαν
791 1360 854 1396 περὶ
864 1359 915 1395 τῆς

125 1409 262 1444 θυγατρὸς
276 1408 366 1434 αὐτῶν
383 1408 536 1438 Σουσάννας
556 1406 625 1442 μετὰ
652 1407 782 1441 Ἰωακεὶμ
804 1405 851 1432 τοῦ
866 1406 913 1432 ἁν-

125 1455 187 1491 δρδς
203 1455 300 1489 αὐτῆς,
312 1454 423 1481 καὶτῶν
440 1453 580 1488 συγγενῶν
596 1453 704 1480 πάντων
715 1472 723 1485 ,
745 1452 785 1478 ὅτι
804 1452 854 1486 οὐχ
867 1452 913 1478 εὐ-

125 1501 191 1536 ρέθη
207 1502 236 1527 ἐν
256 1501 324 1535 αὐτῇ
344 1499 467 1535 ἄσχημον
482 1500 607 1535 πρᾶγμα.

110 1536 113 1538 ’
161 1546 206 1572 6L
224 1545 280 1572 Kal.
300 1544 400 1580 Δανιὴλ
423 1545 531 1578 ἐγένετο
549 1545 635 1579 μέγας
653 1543 767 1570 ἐνώπιον
783 1543 830 1570 τοῦ
848 1543 912 1570 λαοῦ

124 1591 180 1618 ἀπὸ
191 1591 239 1626 τῆς
258 1591 366 1625 ἡμέρας
380 1590 497 1625 ἐκείνης,
512 1591 560 1617 καὶ
575 1590 715 1617 ἐπέκεινα.

159 1636 204 1663 65.
219 1636 274 1662 Καὶ
282 1637 296 1662 ὁ
307 1635 431 1670 βασιλεὺς
449 1635 600 1670 Ἀστυάγης
611 1635 759 1671 προσετέθη
776 1636 843 1672 πρὸς
851 1636 913 1667 τοὺς

125 1682 248 1717 πατέρας
260 1680 343 1707 αὑτοῦ
354 1689 361 1696 ’
378 1681 425 1706 καὶ
442 1681 579 1716 παρέλαῆε
594 1681 685 1716 Κύρος
705 1681 719 1707 ὁ
741 1681 849 1716 Πέρσης
865 1682 913 1716 τὴν

124 1728 266 1764 βασιλείαν
281 1726 374 1753 αὑτοῦ.

382 1794 582 1821 ΚΕΦΔΛΛΙΟΝ
602 1794 649 1820 1Δ’.

161 1842 188 1868 1.
205 1841 262 1867 Καὶ
270 1838 304 1876 ἦν
320 1839 419 1875 Δανιὴλ
433 1839 590 1875 συμϐιωτὴς
601 1838 647 1865 τοῦ
660 1837 801 1873 βασιλέως,
813 1838 859 1864 καὶ
872 1838 913 1864 ἔν-

123 1887 201 1920 δοξος
218 1886 288 1921 ὑπὲρ
304 1886 407 1917 πάντας
422 1885 485 1916 τοὺς
498 1885 592 1918 φίλους
608 1884 702 1911 αὑτοῦ.

159 1932 188 1960 2.
204 1932 260 1958 Καὶ
271 1929 305 1966 ὴν
318 1931 425 1957 εἴδωλον
439 1932 496 1962 τοῖς
511 1929 702 1962 Βαϐυλωνίοις,
717 1928 739 1963 ᾦ
751 1930 836 1965 ὄνομα
847 1929 911 1965 Βὴλ,

123 1979 172 2005 καὶ
187 1978 362 2004 ἐδαπανῶντο
381 1977 420 2008 εἰς
437 1976 518 2002 αὐτὸν
538 1976 655 2010 ἑκάστης
681 1976 787 2011 ἡμέρας
804 1975 914 2010 σεμιδὰ-

122 2024 192 2054 λεως
207 2022 326 2057 ἀρτάὸαι
343 2016 458 2053 δώδεκα,
483 2021 530 2047 καὶ
550 2020 674 2056 πρόῦατα
696 2020 911 2056 τεσσαράκοντα,

123 2068 171 2095 καὶ
181 2066 254 2093 οῖνου
273 2067 359 2101 μέτρα
371 2066 411 2099 ἓξ.

160 2113 187 2139 5.
207 2113 262 2139 Καὶ
281 2113 294 2138 ὁ
310 2111 437 2146 βασιλεὺς
455 2111 564 2137 ἐσέϐετο
578 2110 658 2136 αὐτὸν
672 2131 679 2141 ,
694 2111 741 2137 καὶ
766 2109 912 2145 ἐπορεύετο

122 2158 137 2184 ὁ
153 2157 283 2192 βασιλεὺς
296 2156 357 2183 καθ’
377 2157 497 2191 ἑκάστην
514 2156 621 2190 ἡμέραν
642 2156 805 2190 προσκυνεῖν
826 2155 908 2189 αὐτῷ.

837 123 952 152 CAPUT
976 124 1032 152 XIV

125 181 176 209 τοῦ
196 181 332 216 κεφαλήν·
345 181 394 216 ἤδη
405 180 460 216 γὰρ
475 181 588 215 ἄγγελος
599 182 645 209 τοῦ
661 181 728 209 Θεοῦ
740 181 829 208 λαϐὼν
842 180 916 216 παρᾶ
931 184 952 210 Α
968 188 1049 217 caput
1064 189 1139 212 tuum

1680 135 1750 162 ποορ

1163 193 1169 210 :
1193 193 1254 213 ecce
1277 186 1350 213 enim
1372 186 1484 222 angelus
1508 187 1554 215 Dei
1583 189 1717 224 accipiens
1734 198 1751 217 a

970 228 1034 258 Deo.
1053 231 1158 257 scitule!
1171 234 1196 257 te
1214 231 1331 258 medium
1338 251 1344 257 .

1003 275 1046 301 56.
1065 276 1097 302 Et
1116 282 1208 302 amoto
1222 284 1254 303 eo
1273 277 1353 311 jussit
1364 277 1460 304 adduci
1473 277 1570 310 alium,
1586 284 1613 305 et
1626 279 1694 306 dixit
1706 280 1730 306 ei
1743 289 1750 307 :

968 319 1065 347 Semen
1079 321 1220 353 Chanaan,
1235 327 1262 349 ct
1277 330 1330 350 non
1349 322 1433 356 Juda,
1458 325 1564 358 species
1591 325 1700 352 seduxit
1714 330 1750 358 te.

966 370 994 392 et
1003 367 1223 400 concupiscentia
1241 366 1374 395 subvertit
1388 376 1435 395 eor
1451 374 1538 396 tuum.

999 451 1044 479 57.
1060 452 1105 479 Sic
1121 452 1261 480 faciebatis
1278 454 1384 482 ﬁliabus
1405 455 1497 490 Israel,
1517 463 1544 484 et
1562 458 1613 484 illa:
1625 459 1750 486 timentes

964 497 1147 532 loquebantur
1163 500 1258 525 vobis:
1276 500 1322 527 sed
1338 509 1390 528 non
1407 501 1461 528 ﬁlia
1475 501 1544 529 Juda
1556 503 1686 530 sustinuit
1697 505 1751 531 ini-

964 548 1095 578 quttatem
1113 548 1243 571 vestram.

1000 589 1045 615 58.
1062 588 1140 616 Nunc
1153 598 1217 624 ergo
1232 590 1275 617 dic
1303 591 1368 617 mihi
1381 600 1388 624 ;
1403 592 1454 618 sub
1478 600 1531 626 qua
1555 593 1653 621 arbore
1673 602 1749 621 com-

964 635 1130 669 prehendisti
1146 643 1194 663 eos
1211 636 1353 670 loquentes
1382 637 1517 664 invicem?
1545 638 1596 671 Qui
1615 647 1679 666 vero
1694 641 1748 667 ait:

965 680 1021 706 Sub
1036 681 1122 714 prino.

999 726 1042 753 59.
1061 725 1131 753 Dixit
1144 732 1234 753 autem
1251 726 1345 754 Daniel
1361 736 1367 753 :
1388 727 1471 756 Recte
1494 730 1624 757 mentitus
1637 738 1665 756 es
1679 736 1706 757 et
1721 735 1748 757 tu

963 771 989 798 in
1008 777 1088 806 caput
1108 777 1185 799 tuum
1202 781 1209 799 :
1224 778 1316 799 manet
1332 773 1404 800 enim
1425 775 1538 808 angelus
1561 775 1606 801 Dei
1629 776 1748 809 gladium

964 818 1067 845 habens
1093 819 1127 845 ad
1158 819 1305 846 secandum
1330 823 1355 846 te
1380 820 1515 853 medium,
1542 825 1571 847 ut
1587 822 1750 849 exterminet

964 871 1022 891 νος.

1001 911 1045 937 tit).
1066 910 1098 937 Et
1111 911 1272 938 exclamavit
1287 919 1351 938 voce
1368 919 1465 947 magna
1488 913 1577 940 omnis
1600 920 1748 948 synagoga.

963 961 990 983 et
1005 956 1200 984 benetlixerunt
1215 957 1279 989 Deo,
1295 957 1342 992 qui
1356 958 1443 985 salvat
1456 963 1596 992 sperantes
1610 960 1636 985 in
1652 967 1692 986 se.

998 1043 1041 1070 (il.
1058 1042 1090 1070 Et
1105 1049 1337 1072 consurrexerunt
1352 1045 1482 1073 adversus
1493 1046 1563 1073 duos
1576 1047 1748 1083 presbyteros

964 1089 1128 1124 (convicerat
1144 1090 1216 1116 enim
1233 1090 1324 1117 Daniel
1336 1098 1368 1117 ex
1381 1099 1428 1117 ore
1443 1090 1573 1125 ipsorum,
1596 1092 1692 1120 falsum
1707 1095 1748 1121 di-

964 1136 1037 1163 xisse
1054 1135 1264 1170 testimonium),
1282 1142 1308 1162 et
1323 1136 1446 1164 fecerunt
1464 1138 1504 1164 eis
1519 1138 1590 1165 sicut
1613 1140 1748 1168 malitiose

964 1185 1074 1216 egerant
1113 1181 1243 1208 adversus
1279 1183 1434 1216 proximum
1475 1185 1624 1211 secundum
1661 1185 1746 1220 legem

964 1225 1043 1253 Mosi.

1000 1271 1044 1298 62.
1066 1271 1100 1298 Ει
1114 1271 1311 1299 interfecerunt
1326 1279 1383 1304 eos,
1398 1277 1425 1300 et
1447 1273 1569 1300 salvatus
1582 1278 1623 1301 est
1637 1275 1748 1309 sanguis

965 1318 1094 1345 innoxius
1109 1318 1135 1344 in
1150 1318 1194 1344 die
1209 1318 1264 1344 illa.

999 1363 1043 1391 65.
1063 1363 1187 1391 Cbelcias
1200 1369 1301 1396 autem,
1316 1369 1343 1390 et
1358 1371 1426 1391 uxor
1437 1364 1496 1399 rjus
1509 1364 1688 1392 laudauerunt
1700 1374 1748 1401 pro

965 1411 1020 1438 tilia
1033 1419 1083 1438 sua
1097 1411 1234 1441 Susanna.
1248 1419 1309 1438 cum
1324 1410 1430 1438 Joakim
1456 1413 1554 1439 marito
1571 1413 1640 1446 ejus,
1659 1417 1685 1440 et
1700 1421 1748 1440 co-

965 1457 1054 1493 gnatis
1066 1458 1203 1490 omnibus,
1226 1457 1292 1492 quia
1315 1465 1370 1484 non
1403 1462 1475 1485 esset
1491 1459 1600 1485 inventa
1615 1459 1642 1485 in
1657 1467 1688 1486 ea
1706 1467 1750 1486 res

927 1513 948 1542 ο
966 1504 1064 1538 turpis.

999 1550 1044 1577 64.
1064 1549 1097 1577 Et
1109 1549 1201 1576 Daniel
1230 1548 1324 1575 factus
1351 1553 1391 1575 est
1417 1556 1532 1583 magnus
1546 1549 1572 1576 in
1601 1555 1748 1585 conspectu

964 1595 1055 1630 populi
1074 1603 1089 1622 a
1104 1595 1148 1622 die
1162 1595 1217 1626 illa,
1232 1601 1256 1621 et
1272 1595 1411 1628 deinceps.

999 1641 1044 1668 65.
1065 1640 1096 1668 Et
1110 1649 1155 1668 rex
1169 1641 1298 1675 Astyages
1313 1641 1453 1675 appositus
1463 1645 1505 1667 est
1522 1640 1555 1666 ad
1573 1645 1661 1674 patres
1672 1647 1751 1670 suos.

964 1690 991 1713 et
1006 1686 1126 1720 suscepit
1137 1685 1224 1720 Cyrus
1239 1685 1334 1712 Perses
1349 1693 1462 1720 regnum
1477 1686 1546 1720 ejus.

1254 1785 1367 1812 CAPUT
1397 1785 1466 1813 XIV.

1000 1833 1025 1860 l.
1047 1833 1079 1859 Et
1089 1838 1147 1860 erat
1161 1833 1254 1859 Daniel
1267 1833 1380 1859 conviva
1394 1833 1474 1868 regis,
1501 1839 1527 1860 et
1544 1835 1692 1860 honoratus
1703 1841 1744 1860 su-

965 1886 1012 1913 per
1026 1886 1121 1905 omnes
1135 1878 1239 1905 amicos
1253 1879 1322 1912 ejus.

999 1924 1026 1951 2.
1046 1923 1079 1950 Et
1096 1928 1153 1951 erat
1174 1923 1276 1950 idolum
1292 1923 1458 1958 Babyloniis.
1488 1924 1531 1950 cui
1558 1931 1655 1950 nomen
1681 1923 1748 1950 Bel:

963 1975 991 1997 et
1002 1970 1229 2004 impendebantur
1244 1970 1270 1996 in
1282 1977 1314 1996 eo
1330 1977 1378 2003 per
1389 1969 1511 2004 singulos
1524 1969 1581 1995 dies
1597 1969 1692 1995 simila:
1706 1977 1749 1995 ar-

964 2015 1032 2041 tabat
1045 2014 1197 2045 duodecim,
1211 2017 1238 2040 et
1255 2021 1318 2040 oves
1333 2013 1511 2047 quadraginta
1522 2033 1529 2044 ,
1557 2017 1583 2039 et
1602 2013 1655 2039 vini
1671 2020 1748 2039 men-

965 2068 1037 2088 sura:
1046 2068 1104 2087 sex.

998 2105 1024 2131 ὅ.
1046 2104 1077 2130 Et
1092 2112 1137 2131 rex
1156 2103 1262 2131 colebat
1276 2110 1348 2134 eum,
1361 2107 1388 2129 et
1413 2102 1469 2129 ibat
1493 2110 1539 2128 rex
1563 2110 1610 2137 per
1628 2102 1748 2136 singulos

963 2149 1021 2177 dies
1047 2150 1162 2176 adorare
1189 2157 1271 2176 eum:
1298 2156 1379 2183 porro
1391 2148 1486 2175 Daniel
1511 2147 1642 2175 adorabat
1663 2147 1746 2174 Deum

125 2204 230 2239 Δανιὴλ
244 2203 273 2230 δὲ
286 2202 446 2238 προσεκύνει
459 2202 497 2237 τῷ
508 2202 567 2237 Θεῷ
579 2202 660 2228 αὑτοῦ
672 2210 678 2216 ·
692 2201 739 2228 καὶ
750 2198 824 2227 εἶπεν
837 2201 911 2236 αὐτῷ

981 2204 1054 2223 llum.
1073 2196 1200 2230 Dixitque
1215 2196 1241 2223 ei
1255 2203 1318 2223 rex:
1332 2195 1422 2228 Quare
1440 2201 1493 2221 non
1515 2195 1615 2221 adoras
1629 2193 1696 2221 Bel?

122 2251 137 2276 ὁ
152 2249 290 2284 βασιλεὺς,
305 2248 375 2275 διατι
388 2248 418 2274 οὑ
435 2248 596 2282 προσκυνεῖς
607 2247 646 2280 τῷ
660 2246 715 2280 Βὴλ
727 2254 734 2277 ;

161 2293 189 2320 4.
214 2293 244 2320 '0
258 2293 286 2319 δὲ
303 2293 378 2319 εἶπεν
397 2292 481 2327 αὐτῷ,
493 2293 533 2319 ὅτι
546 2292 577 2318 οὺ
591 2291 706 2326 σὲΰομαι
716 2291 811 2317 εἴδωλα
823 2299 912 2326 χειρο-

123 2338 236 2373 ποίητα,
251 2337 321 2365 ἀλλὰ
344 2337 443 2373 μᾶλλον
458 2337 504 2363 τὸν
525 2337 592 2363 Θεὸν
609 2336 654 2362 τὸν
669 2335 769 2368 ζῶντα,
793 2336 837 2362 τὸν
854 2336 913 2362 κτί-

124 2392 212 2411 σαντα
234 2384 279 2410 τὸν
294 2382 407 2417 οὐρανὸν
428 2383 474 2409 καὶ
496 2382 545 2417 τὴν
566 2382 627 2417 γῆν,
647 2381 692 2408 καὶ
711 2380 807 2416 ἔχοντα
823 2381 913 2416 πάσης

124 2429 228 2464 σαρκὸς
242 2429 363 2463 κυρείαν.

160 2475 188 2502 5.
206 2475 260 2500 Καὶ
276 2472 351 2500 εἶπεν
363 2473 463 2508 αὑτῷό
480 2472 622 2507 βασιλεύς·
639 2472 675 2498 Οὖ
695 2472 768 2498 δοκεῖ
780 2472 844 2498 σοιὸ
859 2472 914 2507 Βὴλ

122 2518 197 2548 εἶναι
210 2520 272 2551 θεὸς
286 2519 359 2552 ζῶν;
386 2519 403 2553 ἦ
427 2519 475 2554 οὐχ
494 2519 559 2553 ὁρᾷς
578 2518 628 2544 ὅσα
652 2517 750 2549 ἐσθίει,
773 2518 820 2544 κα)⁸
841 2518 912 2544 πίνει

121 2567 186 2594 καθ’
199 2567 317 2601 ἑκάστην
335 2565 442 2601 ἡμέραν
451 2573 458 2597 ;

159 2613 187 2640 6.
206 2612 261 2639 Καὶ
274 2610 334 2638 εἷπε
350 2610 449 2645 Δανιὴλ
463 2610 580 2644 γελάσας
590 2618 597 2625 ·
613 2610 659 2645 Μὴ
677 2609 778 2641 πλανῶ,
791 2608 912 2644 βασιλεῦ,

122 2655 202 2689 οὗτος
213 2657 268 2692 γὰρ
279 2656 380 2683 ἐσωθέν
391 2657 450 2682 ἐστι
469 2655 564 2690 πηλὸς,
579 2654 678 2687 ἔξωθεν
695 2655 722 2681 δὲ
741 2654 849 2689 χαλκὸς,
865 2655 912 2681 καὶ

123 2704 155 2730 οὐ
168 2703 307 2739 βέϐρωκεν
325 2701 464 2728 οὐδέποτε.

159 2749 187 2775 7.
198 2749 254 2775 Καὶ
275 2747 409 2783 θυμωθεὶς
422 2747 437 2772 ὁ
450 2745 575 2781 βασιλεὺς
616 2746 728 2773 ἐκάλεσε
744 2746 806 2777 τοὺς
830 2746 911 2780 ἱερεῖς

123 2793 218 2825 αὑτοῦ,
239 2794 286 2820 καὶ
300 2790 376 2819 εἶπεν
401 2793 491 2823 αὐτοῖς
502 2799 508 2806 ⁵
532 2791 594 2818 Ἐὰν
613 2791 650 2826 μὴ
665 2791 759 2826 εἴπητέ
776 2799 830 2826 μοι,
845 2792 886 2821 τίς
898 2792 912 2817 ὁ

125 2839 279 2868 κατεσθίων
293 2838 342 2875 τὴν
355 2839 475 2873 δαπάνην
489 2837 601 2872 ταύτην,
617 2836 804 2863 ἀποθανεῖσθε.

998 2283 1026 2309 4.
1046 2282 1139 2309 Atille
1153 2282 1223 2309 dixit
1241 2282 1266 2309 ei
1283 2291 1290 2309 :
1307 2280 1375 2314 Quia
1391 2289 1444 2308 non
1469 2281 1530 2308 colo
1558 2281 1630 2307 idola
1650 2288 1748 2307 mann-

965 2329 1046 2362 faeta,
1061 2329 1107 2357 sed
1127 2329 1213 2364 magis
1238 2327 1323 2355 Deum
1343 2327 1486 2360 viventem,
1520 2335 1566 2361 qui
1580 2327 1749 2353 creavitcm-

965 2376 1019 2402 lum
1039 2395 1047 2408 ,
1061 2380 1088 2402 et
1099 2379 1211 2407 terram,
1223 2379 1249 2402 et
1266 2374 1346 2401 habet
1360 2378 1520 2408 potestatem
1540 2373 1629 2400 omnis
1644 2372 1744 2399 carnis.

1000 2475 1026 2502 5.
1047 2475 1080 2501 Et
1094 2475 1130 2502 ait
1146 2482 1190 2501 rex
1206 2474 1239 2500 ad
1256 2481 1316 2500 enm
1334 2482 1340 2499 :
1355 2472 1414 2499 Non
1437 2473 1543 2499 videtur
1561 2472 1607 2498 tibi
1625 2471 1670 2498 Bel
1687 2480 1747 2498 esse

964 2521 1035 2548 Deus
1061 2521 1227 2548 vivens?An
1256 2527 1309 2546 non
1336 2519 1420 2550 vides,
1450 2523 1550 2553 quanta
1571 2519 1706 2551 comedat,
1721 2524 1748 2546 rt

964 2567 1039 2594 bibat
1050 2565 1192 2601 quotidie?

999 2613 1024 2641 6.
1046 2612 1124 2639 Etait
1138 2611 1231 2638 Daniel
1243 2611 1333 2638 ridens
1345 2619 1351 2637 :
1365 2609 1403 2638 Ne
1419 2618 1504 2642 erres,
1522 2618 1568 2637 rex
1587 2619 1593 2636 :
1609 2610 1658 2637 iste
1672 2610 1746 2637 enim

963 2659 1129 2686 intrinsecus
1144 2662 1186 2684 est
1202 2657 1300 2689 luteus,
1316 2656 1468 2683 forinsecus
1483 2661 1572 2683 autem
1587 2663 1684 2689 :ereus,
1698 2663 1745 2683 ne-

963 2713 1015 2740 que
1032 2704 1148 2732 comedit
1161 2703 1316 2738 aliquando.

998 2749 1024 2775 7.
1046 2748 1078 2776 Et
1091 2749 1178 2775 iratus
1199 2755 1245 2773 rex
1275 2746 1381 2773 vocavit
1395 2747 1552 2774 sacerdotes
1577 2747 1647 2782 ejus,
1663 2752 1690 2774 et
1707 2748 1746 2774 ait

962 2796 1023 2823 eis:
1041 2794 1098 2822 Nisi
1114 2793 1239 2821 dixeritis
1254 2793 1321 2819 mihi
1352 2792 1412 2827 quis
1427 2798 1477 2826 est,
1499 2794 1545 2827 qni
1561 2793 1677 2821 comedit
1695 2793 1746 2820 im-

965 2849 1063 2876 pensas
1083 2841 1142 2873 has,
1159 2839 1324 2869 moriemini.
