1967 3079
129 114 203 143 2)οὸ

795 120 952 150 ἰλΔΝΙΙίιιδ
968 122 1042 150 CAP.
1062 124 1081 151 Ι.

1687 127 1757 157 2906

130 177 178 202 καὶ
192 175 291 202 ἔδωκεν
304 176 344 207 εἰς
357 176 387 202 τὸ
403 177 490 212 στόμα
504 177 550 205 τοῦ
565 179 720 214 δράκοντος,
735 180 780 207 καὶ
791 181 916 216 διερῤἀγτ

987 184 1120 217 Iraconis,
1142 189 1169 213 et
1195 185 1335 220 disruptus
1348 190 1389 212 est
1403 185 1503 213 draco:
1522 191 1548 214 et
1567 187 1630 215 dixit
1643 187 1754 218 Daniel:

127 222 143 247 ὀ
170 221 297 256 δράκων,
323 221 369 248 καὶ
394 220 471 249 εἶπεν
499 224 612 260 Δανιήλ-
637 225 688 251 Ἴδε
709 225 742 252 τὰ
761 226 921 261 σεϐάσματα

129 267 220 302 ὑμῶν.

165 313 212 340 27.
228 313 283 340 Καὶ
291 313 410 347 ἐγένετο,
423 314 460 346 ὠς
471 315 590 350 ἤκουσαν
600 318 623 343 οἱ
635 317 809 352 Βαϐυλώνιοι,
822 319 921 353 ἠγανά-

127 367 235 394 κτησαν
260 359 334 392 λίαν,
357 361 404 386 καὶ
421 362 646 398 συνεστράφησαν
664 364 710 390 ἐπὶ
731 364 777 391 τὸν
796 365 919 400 βασιλέα,

129 404 180 430 καὶ
201 401 293 431 εἷπον·
323 405 447 438 Ἰουδαῖος
474 406 585 440 γέγονεν
609 409 624 435 ὸ
639 409 784 443 βασιλεὺς,
804 410 849 436 τὸν
865 411 920 445 Βὴλ

129 451 302 484 κατέσπασε,
326 451 435 479 καὶτὸν
458 452 593 489 δράκοντα
617 454 772 489 ἀπέκτεινε,
798 457 843 483 καὶ
857 457 920 488 τοὺς

130 497 214 533 ἱερεῖς
228 497 409 532 κατέσφαξεν.

164 541 211 569 28.
227 542 283 568 Kal
294 539 370 568 εἷπον
382 542 501 577 πρδςτδν
508 543 621 578 βασιλέα
635 554 642 561 ·
661 545 784 579 Παράϐος
797 547 863 582 ἡμῖν
874 548 919 575 τὸν

128 587 241 624 Δανιὴλ,
251 589 274 614 εί
285 588 314 614 δὲ
326 588 375 624 μὴ,
388 589 593 625 ἀποκτενοῦμεν
608 600 649 623 σε,
663 593 710 618 καὶ
720 591 764 619 τὸν
771 591 845 619 οἶκόν
860 601 917 621 σου.

164 633 209 662 29.
228 634 284 660 Kal
298 631 368 661 εἶδεν
385 635 398 661 6
414 635 559 670 βασιλεὺς,
582 638 623 664 ὅτι
646 638 854 675 κατεπείγουσιν
869 640 919 666 αὺ-

126 679 175 706 τὸν
194 680 308 715 σφόδρα,
326 681 373 707 καὶ
387 681 570 715 ἀναγκασθεὶς
587 684 746 718 παρέδωκεν
766 684 858 716 αὺτοῖς
873 685 919 712 τὸν

125 728 240 763 Δανιήλ.
362 764 365 767 .

162 773 208 801 50.
221 774 253 800 OE
267 774 296 800 δὲ
318 773 414 801 ἔϐαλον
433 775 514 802 αὑτὸν
536 776 577 806 είς
591 775 636 803 τὸν
653 776 755 804 λάκκον
772 776 826 803 τῶν
841 777 916 804 λεόν-

127 827 193 850 των,
210 819 257 845 καὶ
269 817 303 855 ἦν
321 820 379 846 ὲκεῐ
388 819 494 855 ἡμέρας
514 820 553 852 ἓξ.

976 231 1044 259 Ecce
1061 240 1123 267 qua
1138 239 1186 260 vos
1201 232 1302 260 colitis.

1009 318 1053 346 27.
1073 321 1104 347 Et
1120 319 1219 347 factum
1229 324 1270 347 est
1283 323 1313 346 ut
1336 319 1482 347 audierunt
1515 319 1665 356 Babylonii,
1685 322 1757 349 indi-

974 364 1047 399 gnati
1062 369 1126 391 sunt
1142 365 1325 397 vehementer,
1345 369 1370 392 et
1387 366 1511 392 conversi
1525 367 1655 395 adversus
1666 376 1756 404 regem

973 410 1101 437 dixerunt
1118 419 1125 438 :
1142 410 1251 439 Iudaeus
1267 410 1355 438 factus
1368 416 1408 438 est
1419 419 1482 438 rex:
1502 412 1548 439 Bel
1566 414 1710 446 destruxit,
1730 419 1758 442 et

972 454 1117 482 draconem
1131 454 1282 488 interfecit,
1297 461 1322 483 et
1337 457 1492 486 sacerdotes
1505 458 1615 486 occidit.

1007 542 1052 570 28.
1074 543 1106 570 Et
1120 542 1248 570 dixerunt
1260 544 1293 570 ad
1314 551 1404 579 regem
1428 553 1435 571 :
1462 544 1550 573 Trade
1567 547 1646 574 nobis
1661 547 1757 577 Danie-

972 588 1036 620 lem,
1053 588 1173 623 alioquin
1186 589 1382 617 interﬁciemus
1398 595 1434 623 te,
1444 595 1471 617 et
1481 591 1592 619 domum
1605 596 1690 619 tuam.

1007 635 1051 662 29,
1074 634 1147 662 Vidit
1161 643 1226 670 ergo
1240 644 1286 663 rex
1298 655 1306 667 ,
1333 636 1406 671 quod
1429 637 1609 664 incitarentur
1626 638 1653 664 in
1669 646 1699 665 se
1712 646 1758 666 ve-

972 681 1132 707 hementer:
1148 685 1175 708 et
1197 681 1361 709 necessitate
1390 682 1551 717 compulsus
1581 683 1693 710 tradidit
1717 684 1757 712 eis

972 725 1121 753 Dauielem.

1007 772 1051 800 50.
1073 771 1111 799 llli
1127 777 1215 800 autem
1231 773 1439 801 miserunteum
1456 774 1482 801 in
1494 774 1583 802 lacum
1598 775 1718 809 leonum,
1729 781 1757 803 et

971 821 1030 843 erat
1054 817 1090 844 ibi
1106 817 1203 845 diebus
1213 825 1272 844 sex.

162 863 209 891 3|.
224 862 315 891 'Hoav
325 865 354 891 δὲ
372 865 401 891 ἐν
417 865 456 900 τῷ
474 865 568 901 λάκκῳ
586 866 655 893 ἑπτά
668 866 786 901 λέοντες,
802 870 850 895 καὶ
866 870 916 896 ἐδί-

1005 862 1050 888 51.
1071 861 1157 889 Porro
1169 863 1284 889 erantin
1300 863 1361 889 lactt
1377 868 1479 897 septem
1492 863 1595 895 leones,
1607 867 1634 889 et
1652 863 1756 890 daban-

126 910 205 936 ὂοντο
218 911 311 942 αὐτοῖς
327 911 377 946 τῆς
397 911 504 947 ἡμέρας
520 912 567 938 δύο
589 912 713 948 σώματα,
727 916 775 941 καὶ
789 915 836 942 δύο
852 916 919 951 πρό-

126 955 214 982 ϐατιγ
230 956 326 983 τότεδὲ
342 957 392 983 οὐκ
402 957 481 992 ἐδόθη
493 958 596 993 αὐτοῖς,
616 959 659 985 ἵνα
679 960 858 994 καταφάγωσι
874 962 919 989 τὸν

126 1002 239 1037 Δανιήλ.

162 1048 207 1075 52.
224 1049 279 1075 Kal.
291 1046 326 1084 ἦν
340 1048 501 1084 ’Δμϐακοὺμ
513 1050 527 1076 6
537 1050 681 1086 προφήτης
694 1051 723 1077 ὲν
737 1053 769 1087 τῇ
793 1051 916 1088 Ἰουδαίᾳ,

126 1094 175 1120 καὶ
188 1094 271 1126 αὐτὸς
292 1094 398 1129 ἥψησεν
421 1095 525 1130 ἕψημα,
548 1096 595 1122 καὶ
610 1096 756 1132 ὲνέθρυψεν
767 1097 865 1132 ἄρτους
878 1100 918 1130 εἰς

126 1139 248 1175 σκάφην,
266 1140 314 1166 καὶ
329 1140 477 1176 ἐπορεύετο
489 1142 529 1173 εἰς
543 1141 574 1168 τὺ
584 1142 673 1168 πεδίον
688 1143 850 1178 ἀπενεγκεῖν
863 1145 918 1177 τοῖς

127 1185 276 1220 θερισταῖς.

162 1231 208 1259 35.
225 1232 280 1257 Kal
304 1230 382 1259 εἶπεν
404 1233 520 1268 ἄγγελος
545 1235 648 1271 Κυρίου
672 1235 711 1271 τῷ
742 1236 916 1273 Ἀμϐακούμ·

132 1276 283 1309 ’Δπένεγκε
299 1278 329 1304 τὸ
344 1278 454 1313 ἄριστον
476 1279 489 1305 ὃ
504 1280 576 1315 ἔχεις
593 1281 633 1312 είς
650 1281 797 1308 Βαϐυλῶνα
812 1283 850 1318 τῷ
866 1285 918 1310 Δα-

124 1321 188 1356 νιὴλ
204 1323 243 1353 εις
255 1323 300 1348 τὸν
319 1323 421 1350 λάκκον
436 1325 490 1352 τῶν
501 1325 628 1352 λεόντων.

163 1368 207 1396 54.
226 1369 281 1394 Καὶ
300 1366 378 1396 εἶπεν
403 1370 575 1406 Ἀμϐακούμ.
597 1371 692 1407 Κύριε,
702 1372 850 1401 Βαϐυλῶνα
869 1374 917 1410 οὐχ

125 1413 250 1449 ἑώρακα,
265 1415 311 1440 καὶ
325 1415 370 1441 τὸν
389 1415 490 1442 λάκκον
506 1416 536 1442 οὐ
550 1417 688 1451 γινώσκω.

163 1459 210 1487 55.
225 1459 279 1485 Kal.
293 1459 441 1486 ἐπελάϐετο
454 1461 468 1486 6
482 1461 597 1495 ἄγγελος
612 1462 715 1497 Κυρίου
728 1463 777 1499 τῆς
793 1465 917 1500 κορυφῆς

125 1504 222 1537 αὐτοῦ,
241 1505 287 1531 καὶ
301 1505 439 1540 βαστάσας
451 1508 500 1542 τῆς
512 1507 601 1543 κόμης
615 1509 664 1544 τῆς
685 1511 806 1546 κεφαλῆς
822 1511 915 1546 αὑτοῦ,

126 1552 226 1587 ἔθηκεν
241 1553 322 1579 αὑτὸν
339 1552 378 1583 εἰς
389 1553 536 1581 Βαϐυλῶνα
548 1555 641 1582 ἐπάνω
649 1555 696 1582 τοῦ
708 1555 822 1589 λάκκου,
839 1557 867 1583 ἐν
878 1557 916 1592 τῷ

126 1597 213 1633 ῥοίζῳ
227 1598 273 1625 τοῦ
291 1599 445 1634 πνεύματος
458 1599 553 1627 αὐτοῦ.

161 1646 207 1673 56.
222 1646 276 1672 Καὶ
292 1647 406 1682 ἐϐόησεν
434 1647 596 1682 Ἀμϐακοὺμ
609 1647 695 1682 λέγων
708 1656 715 1664 ·
731 1648 840 1684 Δανιὴλ,
851 1649 917 1676 λάϐε

123 1691 157 1718 τὸ
170 1691 292 1727 ἄριστον,
312 1692 326 1718 ὃ
339 1692 482 1720 ἀπέστειλὲ
500 1702 541 1720 σοι
555 1694 570 1720 6
580 1694 657 1726 Θεός.

162 1737 208 1765 57,
225 1737 277 1764 Καὶ
293 1736 368 1765 εἶπεν
378 1738 494 1774 Δανιήλ-
514 1739 669 1775 Ἐμνήσθης
682 1740 736 1776 γάρ
747 1749 797 1776 μου
813 1742 826 1768 6
839 1741 914 1775 Θεὸς,

125 1783 174 1809 καὶ
190 1783 240 1809 οὐκ
254 1783 432 1817 ἐγκατέλιπες
448 1784 511 1816 τοὺς
526 1785 691 1819 ἀγαπῶντάς
716 1794 756 1813 σε.

162 1829 209 1856 58.
236 1829 291 1855 Kal.
312 1830 431 1862 ἀναστὰς
459 1830 559 1864 Δανιὴλ
580 1830 700 1866 ἔφαγεν·
714 1833 728 1858 ὁ
751 1832 779 1858 δὲ
802 1832 916 1867 ἄγγελος

123 1875 174 1901 τοῦ
191 1874 259 1901 Θεοῦ
272 1875 478 1911 ἀπεκατέστησε
499 1876 546 1902 τὸν
568 1876 729 1912 Ἀμϐακοὺμ
745 1878 916 1914 παραχρῆμα

123 1921 174 1947 ὲπὶ
189 1920 234 1948 τὸν
250 1921 332 1948 τόπον
343 1921 435 1949 αὑτοῦ.

160 1967 207 1994 59.
227 1967 256 1993 'U
271 1967 300 1993 δὲ
311 1967 438 2002 βασιλεὺς
447 1966 514 2004 ἦλθε
526 1969 559 2004 τῇ
578 1969 670 2005 ἡμέρᾳ
685 1972 718 2006 τῇ
731 1970 831 2005 ἑϐδόμῃ
849 1979 912 1996 πεν-

124 2011 210 2047 θῆσαι
231 2013 277 2039 τδν
294 2014 403 2048 Δανιὴλ,
419 2015 466 2041 καὶ
484 2013 566 2051 ἦλθεν
583 2015 630 2042 ἐπὶ
651 2016 697 2043 τὸν
721 2016 822 2043 λάκκον
835 2036 842 2049 ,
865 2017 913 2043 καὶ

123 2056 269 2091 ἀνέϐλεψε,
285 2059 330 2084 καὶ
351 2059 405 2086 ἰδοὺ
416 2059 515 2095 Δανιὴλ
528 2059 688 2095 καθήμενος.

160 2103 206 2132 40.
223 2104 278 2131 Kal.
291 2104 440 2141 ἀνεϐόησεν
458 2107 472 2132 ό
496 2106 623 2141 βασιλεὺς
639 2108 714 2142 φωνῇ
736 2107 850 2142 μεγάλῃ,
868 2107 914 2134 καὶ

123 2147 204 2176 εἶπεν
215 2159 222 2166 ’
235 2151 331 2184 Μέγας
344 2149 379 2184 εἷ,
399 2152 486 2187 Κύριε
497 2153 511 2179 6
524 2152 589 2184 Θεὸς
601 2153 648 2179 τοῦ
665 2153 775 2189 Δανιὴλ.

160 2196 207 2223 Η.
225 2197 281 2223 Καὶ
302 2197 456 2224 ἀνέσπασεν
479 2198 570 2227 αὐτόν,
596 2199 666 2230 Τοὺς
689 2198 716 2225 δὲ
742 2199 844 2230 αἰτίους
867 2201 917 2234 τῆς

122 2242 262 2274 ἀπωλείας
283 2243 366 2269 αὑτοῦ
386 2243 507 2277 ἐνέϐαλε,
525 2245 572 2271 καὶ
591 2244 803 2280 κατεϐρώθησαν
827 2254 916 2280 παρα-

123 2288 222 2324 χρῆμα
237 2288 352 2316 ἐνώπιον
370 2289 464 2316 αὑτοῦ.

970 912 1014 935 tur
1026 908 1066 935 eis
1083 908 1204 942 quotidie
1220 909 1274 935 duo
1295 916 1423 944 corpora,
1439 913 1466 936 et
1490 909 1551 936 duae
1572 916 1636 935 oves
1656 917 1663 935 :
1692 913 1756 935 tunc

969 959 1060 982 autem
1078 963 1132 982 non
1149 959 1214 982 sunt
1226 955 1288 982 data
1303 956 1353 987 eis,
1375 961 1404 982 ut
1425 955 1587 983 devorareut
1605 954 1754 982 Dauielem.

1005 1054 1050 1082 52.
1072 1053 1136 1081 Erat
1151 1058 1242 1081 autem
1256 1053 1408 1081 Ambacum
1425 1054 1555 1088 propheta
1576 1053 1602 1081 in
1616 1052 1755 1086 Judaea,et

969 1101 1027 1136 ipse
1038 1104 1148 1128 coxerat
1159 1100 1339 1135 pulmentum,
1353 1105 1380 1127 et
1397 1099 1539 1126 intriverat
1565 1107 1649 1134 panes
1672 1100 1698 1126 in
1714 1100 1754 1127 al-

969 1148 1046 1176 veolo
1065 1155 1071 1174 :
1089 1152 1117 1175 et
1134 1147 1189 1174 ibat
1200 1147 1227 1174 in
1241 1154 1378 1181 campum,
1391 1150 1420 1173 ut
1432 1146 1540 1173 alierret
1552 1146 1732 1173 messoribus.

1003 1238 1047 1265 55.
1068 1236 1195 1270 Dixitque
1214 1235 1326 1270 angelus
1342 1234 1450 1262 Domini
1464 1234 1497 1262 ad
1515 1233 1665 1261 Ambacum
1683 1233 1754 1261 :Fer

968 1282 1124 1318 prandium,
1148 1281 1221 1316 quod
1252 1281 1346 1314 habes,
1375 1281 1403 1307 in
1421 1279 1710 1315 BabylonemDanieli
1725 1279 1751 1306 in

969 1329 1056 1356 lacum
1075 1329 1195 1362 leonum.

1004 1375 1048 1401 δι.
1069 1373 1101 1400 Et
1114 1374 1183 1401 dixit
1194 1373 1343 1400 Ambacum
1358 1381 1366 1399 :
1383 1371 1508 1404 Domine,
1523 1370 1686 1406 Babylonem
1699 1378 1753 1399 non

968 1420 1034 1453 vidi,
1050 1425 1078 1447 et
1091 1420 1179 1447 lacum
1194 1419 1297 1446 nescio.

1003 1467 1049 1496 55.
1067 1466 1101 1494 Ει
1115 1465 1294 1501 apprehendit
1306 1464 1419 1499 angelus
1432 1463 1672 1491 Dominiverticem
1681 1463 1751 1497 ejus,

968 1517 994 1540 et
1005 1516 1116 1547 portans
1130 1519 1208 1538 coma
1221 1510 1319 1544 capitis
1331 1510 1401 1544 ejus,
1424 1510 1516 1544 posuit
1536 1516 1597 1535 eum
1626 1509 1652 1535 in
1670 1508 1753 1542 Baby-

967 1559 1028 1586 lone
1041 1566 1123 1593 supra
1138 1558 1226 1585 lacum
1238 1558 1265 1584 in
1283 1557 1385 1590 impetu
1399 1556 1513 1590 spiritus
1525 1556 1578 1582 sui.

1000 1648 1045 1675 56.
1065 1646 1099 1673 Et
1108 1646 1237 1673 clamavit
1249 1645 1410 1677 Ambacum,
1425 1644 1518 1672 dicens
1539 1652 1546 1670 :
1569 1642 1674 1675 Daniel,
1688 1642 1751 1669 tolle

964 1692 1120 1729 prandium,
1133 1692 1206 1726 quod
1218 1691 1291 1718 misit
1308 1690 1354 1717 tibi
1370 1690 1449 1717 Deus.

1001 1738 1045 1765 37.
1066 1737 1098 1764 Et
1120 1737 1158 1764 ait
1188 1735 1301 1763 Daniel:
1325 1735 1496 1762 Recordatus
1527 1741 1556 1760 es
1583 1732 1683 1767 quippe
1697 1733 1749 1759 mei

967 1784 1050 1816 Deus,
1063 1788 1090 1811 et
1104 1791 1158 1811 non
1169 1782 1337 1816 dereliquisti
1349 1782 1492 1814 diligentes
1504 1785 1539 1807 te.

1002 1830 1047 1858 58.
1069 1829 1243 1864 Surgensque
1260 1827 1352 1855 Daniel
1372 1826 1501 1855 comedit.
1531 1825 1616 1852 Porro
1638 1824 1752 1859 angelus

966 1875 1015 1904 Dei
1028 1875 1148 1904 restituit
1156 1874 1308 1902 Ambacum
1321 1872 1466 1901 corifestim
1480 1873 1507 1898 in
1526 1871 1615 1898 locum
1626 1871 1697 1904 ejus.

1002 1975 1047 2002 59.
1058 1974 1113 2001 Rex
1122 1977 1212 2000 autem
1224 1973 1297 2000 venit
1309 1973 1352 1999 die
1366 1973 1529 2006 septimo,ut
1541 1971 1646 2005 lugeret
1658 1970 1752 1997 Danie-

966 2020 1029 2053 lem,
1045 2025 1071 2047 et
1087 2019 1161 2046 venit
1176 2019 1210 2046 ad
1223 2019 1323 2052 lacum,
1337 2022 1368 2045 et
1376 2018 1503 2052 respexit,
1522 2023 1548 2044 et
1570 2024 1634 2044 ecce
1659 2017 1751 2043 Daniel

966 2066 1072 2094 sedens.

1000 2111 1044 2138 40.
1066 2111 1098 2139 Ει
1111 2111 1273 2139 exclamavit
1287 2117 1334 2137 rex
1349 2117 1416 2136 voce
1443 2115 1549 2143 magna,
1576 2112 1602 2135 et
1617 2107 1673 2134 ait:
1694 2105 1751 2133 Man

966 2165 1036 2193 gnus
1049 2165 1090 2190 es,
1107 2157 1220 2184 Domine
1233 2157 1302 2183 Deus
1314 2155 1444 2182 Danielis.

1000 2204 1045 2230 41.
1067 2205 1100 2230 Et
1111 2204 1229 2230 extraxit
1243 2210 1315 2229 eum.
1331 2201 1417 2228 Porro
1435 2201 1507 2233 illos,
1524 2200 1569 2235 qui
1591 2198 1749 2234 perditionis

965 2248 1024 2282 ejus
1041 2255 1123 2275 causa
1139 2246 1256 2278 fuerant,
1273 2246 1376 2280 injecit,
1392 2250 1419 2273 et
1433 2246 1553 2273 devorati
1570 2249 1634 2272 sunt
1645 2245 1672 2271 in
1684 2250 1748 2270 mo-

966 2298 1058 2320 mento
1071 2300 1162 2320 coram
1178 2299 1220 2319 90.

719 2398 893 2418 lll-IL\I"LORUM
910 2400 968 2424 ουλε
987 2399 1149 2419 SliPERSUl‘T.

669 2467 760 2499 DAN]
769 2470 856 2500 ELIS
902 2471 1032 2501 CAPUT
1071 2470 1240 2500 PRIMUM.

123 2555 206 2581 “ter
223 2554 288 2592 V1.
305 2550 324 2577 2
358 2550 389 2578 Θ.
407 2550 453 2582 Εἰς
462 2551 513 2586 γῆν
527 2551 656 2587 Σενναᾶῳ.
672 2553 794 2586 Ἄλλος,
810 2554 848 2585 είς
862 2552 913 2588 γῆν

126 2595 304 2629 Βαϐυλῶνος.ξ

123 2645 220 2671 ΊὍΊὟΟ
239 2647 279 2671 ΣΠ
297 2632 407 2672 Πευθκῆ
424 2642 440 2669 3
476 2642 507 2670 Θ.
536 2642 575 2678 τῷ
593 2643 727 2677 ’Λσφανὲζ
742 2644 782 2679 τῷ
800 2645 912 2679 άρχιευι

123 2687 214 2723 νούχῳ
230 2688 325 2715 αὑτοῦ.
344 2689 465 2720 Ἄλλος,
490 2689 640 2724 ’Δϐδιεξόρὶ
653 2690 806 2726 διδασκάλῳ
816 2690 910 2717 εὐνού-

123 2743 179 2770 κων
189 2735 223 2762 ait
229 2734 284 2762 τοῦ.

1004 2553 1031 2580 2.
1051 2553 1118 2581 Heb.
1136 2555 1163 2580 in
1178 2559 1277 2581 terram
1295 2553 1389 2582 Senar.
1410 2554 1461 2582 Th.
1481 2555 1558 2590 Vulg.
1593 2555 1621 2583 in
1650 2560 1750 2585 terram

968 2601 1099 2628 Svnnaar.
1118 2601 1204 2634 Alius,
1222 2602 1248 2628 in
1265 2606 1363 2629 terram
1377 2601 1535 2637 Babylonis.

1001 2648 1028 2675 5.
1051 2647 1116 2674 lleb.
1131 2648 1271 2682 Asphenez
1282 2649 1411 2682 magistro
1427 2649 1612 2676 cunuchorum
1624 2657 1748 2676 suorum.

966 2694 1017 2721 Th.
1027 2693 1169 2728 Asphanez
1179 2694 1322 2728 praeposito
1332 2695 1518 2722 eunuchorum
1529 2702 1651 2722 suarum.
1659 2695 1748 2727 Alius,

967 2738 1111 2766 Abdiezdri
1137 2739 1267 2772 magistro
1302 2740 1490 2766 cunuchorum
1523 2745 1648 2768 suorum.
1666 2739 1747 2775 Vulg.

966 2785 1104 2819 Aspltenez
1116 2785 1260 2819 przeposito
1276 2785 1472 2813 cunuchorum.
