1967 3079
83 141 153 169 9925

83 199 131 226 ἐπὶ
150 199 212 229 τοὺς
226 200 427 233 καταλιπόντας
439 201 569 238 διαθήκην
587 203 676 236 ἁγίαν.

739 146 897 173 DANIELIS
915 146 1029 175 CAPUT
1050 147 1092 174 XI.

1637 150 1707 179 2995

925 206 1079 233 sanctitatis
1103 207 1136 234 A.
1165 212 1190 234 et
1216 207 1294 242 cogit:
1305 207 1332 235 bl
1348 229 1354 240 ,
1391 213 1421 235 ut
1441 208 1581 236 deseratur
1600 213 1707 244 pactum

83 248 245 276 sanctuarii.
268 248 320 276 Th.
342 248 419 285 Vulg.
443 254 470 278 et
498 251 627 286 cogitabit
651 252 793 280 adversum
820 260 868 280 eos
890 255 934 290 qui
951 253 1156 289 dereliquerunt
1173 259 1363 282 testamentum
1378 255 1525 282 sanctuarii
1546 256 1608 290 (Th.
1627 261 1709 283 testa-

83 300 206 321 mentum
224 295 374 331 sanctum).

83 343 183 380 ΒΨἾᾛ
197 340 227 380 3i
269 341 387 374 Ἄλλος,
400 342 446 368 καὶ
456 341 606 378 βραχίονες.
616 342 647 369 Θ.
658 344 706 370 καὶ
717 344 872 380 σπέρματα.

82 374 156 413 0⁷⁷7⁸
283 386 318 412 56
357 374 492 421 "Added,
510 374 559 414 ἆαι
589 388 636 414 ἐπὶ
661 389 706 415 τὸν
728 374 795 416 9εέςὶ
821 389 873 415 τῶν

84 430 167 457 θεῶν.
182 430 214 457 Θ.
229 437 314 458 vacat.

84 481 184 507 mm:
200 482 338 506 nihl'IJ'D
376 478 498 510 Ἄλλος,
514 498 522 506 .
544 498 552 505 .
575 500 581 506 .
604 498 611 506 .
633 499 641 506 .
662 499 670 506 .
693 501 700 507 .
720 481 804 512 Θ.εἰς
819 479 873 515 γὰρ

85 521 242 548 συντέλειαν
252 522 366 556 γίνεται.
380 524 501 556 Ἄλλος,
513 524 560 550 καὶ
574 525 701 560 σπουδήν.

83 657 183 698 ante
400 659 452 698 pm
470 648 522 686 ’μέν
539 660 620 686 arma
638 647 785 688 vobs-Lm
803 657 836 683 37

80 704 136 742 τ’ιῖ
157 693 195 730 R5
212 693 408 733 m5N‘53‘5Y1'
429 702 470 728 Ἀ.
485 702 531 728 καὶ
542 703 587 728 ἐπὶ
605 702 671 728 Θεὸν
685 702 810 737 πατέρων
822 702 872 728 αὺ-

82 745 130 771 τοῦ
145 746 175 772 οὔ
191 747 312 781 συνήσει,
343 747 391 773 καὶ
416 747 461 772 ἐπὶ
475 747 622 782 ἐπιθυμίαν
647 747 793 781 γυναικῶν,
823 748 872 774 καὶ

83 790 130 816 ἐπὶ
145 791 234 817 πάντα
259 791 318 818 θεὸν
339 792 370 818 οὺ
391 792 511 827 δυνήσει.
532 793 569 819 Ο¹.
591 812 598 819 .
621 813 628 819 .
651 812 658 819 .
680 812 687 819 .
708 792 740 819 Θ.
759 792 805 818 καὶ
824 792 872 818 ἐπὶ

82 835 190 868 πάντας
205 836 283 868 θεοὺς
302 836 357 863 τῶν
372 837 498 872 πατέρων
519 837 602 864 αὑτοῦ
623 837 654 863 οὺ
680 837 808 872 συνήσει,
824 837 872 864 καὶ

84 881 219 917 ἐπιθυμία
233 881 381 914 γυναικῶν,
393 883 438 909 καὶ
453 883 498 910 ἐπὶ
515 883 568 909 πᾶν
585 882 645 909 θεὸν
660 883 690 909 οὺ
709 883 830 918 συνήσει.

961 343 1006 370 5|.
1027 342 1108 369 llehr.
1121 342 1196 369 Alius
1212 363 1219 375 ,
1235 342 1296 369 Vul.
1312 346 1339 369 et
1349 341 1472 369 brachia.
1491 341 1574 370 Th.et
1594 345 1707 373 sentina.
1732 331 1742 344 ί

961 389 1005 416 36.
1028 389 1096 415 Heb.
1127 389 1212 421 Alius,
1228 394 1256 416 et
1280 397 1361 423 super
1394 388 1477 415 Deum
1505 389 1629 418 deorutn.
1657 391 1709 418 Th.

926 439 1011 462 vacat.
1029 433 1106 469 Vulg.
1119 441 1146 461 ct
1160 434 1291 461 adversus
1304 433 1388 461 Deum
1409 435 1532 461 deorum.

961 479 994 507 Η.
1008 480 1071 514 quia
1086 480 1176 507 decisa
1193 484 1244 512 est,
1258 480 1327 506 facta
1339 483 1388 506 est.
1401 480 1442 506 Al.
1460 479 1486 506 in
1505 480 1564 514 ipso
1577 481 1648 507 enim
1660 481 1712 508 erit

926 525 1136 552 consummatio.
1164 525 1215 551 Th.
1233 524 1259 551 in
1286 524 1551 551 consummationem
1576 526 1648 553 enim
1667 526 1708 554 fit.

925 570 968 596 ΑΙ.
985 573 1012 597 et
1027 568 1311 597 festiuationem.Vul.
1328 573 1482 603 perpetrata
1498 569 1646 603 quippeest
1663 569 1711 596 de—

926 615 1021 642 ﬁnitio.

961 661 1006 688 57.
1021 660 1093 687 H.et
1111 667 1192 694 super
1202 658 1285 685 Deum
1314 663 1422 693 patrum
1451 666 1564 686 suorum
1589 667 1643 686 non
1670 660 1712 686 in-

927 707 1037 741 telliget,
1050 709 1077 733 et
1097 712 1178 740 super
1199 705 1367 732 desiderium
1394 705 1548 738 mulierum,
1581 709 1608 731 et
1629 713 1713 739 super

925 758 1033 779 onmem
1053 751 1133 778 deum
1149 757 1202 777 non
1219 750 1358 784 intelliget.
1381 750 1412 776 Δ.
1428 755 1454 776 et
1467 757 1547 784 super
1568 748 1650 776 Deum
1665 757 1711 784 pa-

926 801 998 823 trum
1010 804 1123 824 suoruni
1150 803 1205 822 non
1218 795 1399 830 intelliget;et
1420 802 1502 829 super
1517 795 1713 829 concupiscen-

926 844 989 871 tiam
1006 843 1161 874 mulierum,
1176 845 1203 869 et
1218 849 1300 876 super
1315 848 1424 868 omnem
1441 841 1523 868 deum
1535 848 1589 868 non
1611 841 1713 867 intelli-

926 894 978 925 get.
992 887 1074 920 LXX.
1096 892 1123 915 et
1137 887 1366 921 concupiscentiis
1389 887 1532 914 mulierum
1546 894 1599 913 non
1620 886 1713 920 subje-

927 935 1007 962 cebit.
1023 934 1074 960 Th.
1091 938 1117 959 et
1133 940 1215 967 super
1225 940 1320 959 omnes
1334 932 1400 959 deos
1413 937 1520 966 patrum
1535 939 1644 959 suorum
1658 939 1712 958 non

84 983 219 1018 intelliget
236 987 283 1010 :et
307 983 530 1017 concupiscentia
555 983 721 1015 mulierum,
747 988 774 1009 et
796 990 878 1017 super
905 988 985 1008 omne
1009 979 1090 1006 deum
1120 986 1172 1005 non
1201 978 1342 1013 intelliget.
1376 977 1435 1004 Vul.
1456 982 1482 1004 et
1508 977 1591 1004 Deum
1607 983 1714 1012 patrum

85 1037 202 1061 suorum
218 1037 270 1056 non
286 1030 440 1064 reputabit:
462 1034 489 1057 et
513 1029 566 1058 erit
589 1029 617 1057 in
644 1029 876 1064 concupiscentiis
893 1028 1079 1058 heminarum,
1095 1033 1144 1053 nec
1155 1033 1319 1060 quemquam
1329 1025 1442 1052 deorum
1458 1024 1574 1052 curabit.

85 1064 321 1107 utmn'mbﬁs

84 1119 117 1146 Θ.
136 1120 204 1147 Θεὸν
218 1117 364 1156 Μαωζειμ.

85 1211 154 1236 ητα-ι
171 1213 237 1237 om
253 1214 303 1237 1::
324 1200 457 1240 rma-ny
474 1212 565 1240 cum
583 1201 693 1238 νηπιῃὸ
710 1212 785 1239 nam
805 1208 838 1235 59

84 1256 182 1283 omn:
199 1245 267 1296 p'mv
285 1259 380 1284 amnt
397 1258 489 1283 tam:
504 1246 635 1284 tabam-:1
650 1259 714 1283 τω
731 1257 800 1282 nam
841 1252 873 1280 8.

85 1298 134 1325 καὶ
157 1300 266 1334 ποιήσει
289 1301 345 1330 τοῖς
364 1299 523 1335 ὀχυρώμασι
542 1300 596 1326 τῶν
619 1299 783 1333 ηταφυγῶν
806 1298 873 1333 μετὰ

85 1343 149 1371 θεοϋ
166 1344 318 1380 ἀλλοτρίου,
334 1346 380 1371 καὶ
404 1345 535 1379 πληθυνεῖ
560 1345 639 1378 δόξαν
651 1365 659 1377 ,
682 1345 730 1371 καὶ
746 1344 875 1377 ὑποτάξει

85 1389 179 1420 αὐτοῖς
197 1389 322 1422 πολλοὺς,
343 1390 389 1416 καὶ
402 1390 453 1424 γῆν
464 1390 548 1416 διελεῖ
559 1390 587 1416 ἐν
599 1389 705 1424 δώροις.

964 1073 1007 1100 ’58.
1028 1072 1096 1099 lleb.
1112 1071 1163 1098 Th.
1184 1076 1211 1098 et
1223 1071 1304 1099 deum
1322 1071 1449 1098 Maozim.
1477 1071 1510 1097 Α.
1536 1069 1590 1097 Deo
1607 1068 1715 1097 fortitu-

927 1118 1033 1144 dinum.
1047 1115 1131 1150 LXX,
1145 1115 1230 1143 Deum
1243 1115 1435 1143 fortissimum.
1457 1114 1515 1142 Vul.
1528 1114 1612 1142 Deum
1624 1119 1714 1142 autem

926 1162 1053 1189 Mamim.

962 1207 1005 1234 59.
1025 1206 1058 1234 Η.
1072 1206 1105 1233 Et
1128 1202 1209 1233 faciet
1229 1206 1425 1233 munitionibus
1448 1205 1562 1233 Maozim
1582 1213 1643 1233 cum
1663 1205 1714 1232 dco

924 1252 1022 1284 alieno,
1039 1259 1119 1286 quem
1139 1256 1269 1286 agnoscet
1290 1259 1296 1276 :
1324 1251 1514 1285 multiplicabit
1544 1251 1668 1286 gloriam,
1690 1254 1717 1276 et

926 1298 1063 1325 dominari
1082 1297 1162 1324 faciet
1175 1304 1223 1324 eos
1237 1297 1265 1323 in
1277 1297 1369 1324 multis
1386 1307 1393 1324 :
1414 1302 1441 1324 et
1459 1301 1558 1324 terram
1576 1296 1675 1323 dividet
1686 1295 1714 1321 iu

928 1343 1028 1378 pretio.
1050 1343 1102 1370 Th.
1123 1342 1157 1370 Et
1174 1342 1255 1370 faciet
1266 1343 1293 1369 in
1314 1342 1511 1369 munitionibus
1525 1341 1714 1376 confugiorum

928 1395 990 1415 cum
1006 1388 1056 1414 deo
1073 1387 1162 1415 alieno
1176 1397 1182 1414 :
1203 1392 1231 1414 et
1252 1387 1442 1422 multiplicabit
1462 1388 1575 1422 gloriam
1590 1396 1597 1414 :
1612 1391 1639 1414 et
1651 1386 1715 1414 sub-

86 1434 162 1468 jiciet
177 1435 245 1469 ipsis
259 1435 379 1462 multos:
396 1440 422 1462 et
439 1439 538 1462 terram
551 1435 653 1462 dividet
675 1435 702 1461 in
716 1434 805 1461 donis.
816 1433 878 1461 Vol.
896 1432 930 1460 Et
955 1433 1037 1460 faciet
1064 1436 1094 1460 ut
1111 1433 1214 1460 muniat
1247 1432 1362 1460 Maozim
1381 1440 1443 1460 cum
1463 1433 1513 1460 deo
1527 1433 1625 1465 alieno,
1636 1440 1716 1467 quem

87 1480 226 1514 cognovit,
240 1484 268 1507 et
286 1479 476 1513 multiplicabit
499 1479 613 1515 gloriém
626 1500 633 1512 ,
645 1484 672 1506 et
685 1479 760 1506 dabit
771 1480 812 1506 eis
823 1482 982 1514 potestatem
1002 1479 1028 1504 in
1044 1478 1147 1509 multis,
1167 1482 1194 1505 et
1210 1482 1308 1505 terram
1327 1478 1430 1506 dividet
1445 1479 1577 1513 gratuito.

88 1530 172 1569 qum
185 1526 220 1552 ω
256 1525 288 1553 Θ.
302 1526 349 1552 καὶ
367 1525 518 1561 συντρίψει.
534 1526 656 1558 Ἄλλος,
676 1527 704 1552 ὲν
719 1526 780 1557 ταῖς
795 1533 880 1552 κατα-

88 1571 215 1598 κλύσεσι.

88 1622 159 1647 ’23η
175 1621 258 1659 vnn:
270 1617 304 1644 Η
342 1616 374 1643 Θ.
385 1617 425 1648 εἰς
435 1616 485 1643 τὴν
499 1616 551 1652 γῆν
565 1615 612 1643 τοῦ
628 1616 760 1650 Σαεαεὶμ,

87 1697 268 1734 hmine-ai
310 1702 878 1732 Ἀ.......Σ.......Θ.και

88 1750 183 1776 πολλοὶ
196 1749 403 1784 ἀσθενήσουσιν.

88 1799 140 1823 m1
158 1798 299 1836 amp-1:3
320 1787 375 1823 arb
393 1797 463 1823 avni
482 1797 523 1836 pa
540 1797 620 1823 mare
636 1784 705 1824 ν’)τικ
721 1796 789 1824 tum
809 1792 844 1819 45

88 1844 195 1880 ’ΒΡ-τυ
237 1839 277 1866 Ἀ.
300 1859 306 1866 .
330 1858 338 1866 .
360 1858 367 1866 .
388 1858 397 1865 .
418 1859 426 1866 .
447 1857 455 1865 .
476 1857 484 1864 .
505 1856 514 1864 .
537 1857 544 1864 .
566 1857 574 1865 .
594 1838 624 1863 Σ.
646 1837 693 1864 καὶ
714 1836 878 1868 ὲκτενεϊτὰς

90 1885 193 1920 σκηνὰς
209 1884 388 1911 ἱπποστασίου
399 1883 481 1910 αὑτοῦ
501 1883 602 1919 μεταξὺ
618 1883 672 1910 τῶν
686 1882 827 1909 θαλασσῶν
839 1883 885 1914 εἰς

88 1930 119 1956 τὸ
130 1930 195 1965 ὅρος
207 1930 256 1964 τῆς
270 1929 412 1964 δυνάμεως
426 1929 457 1955 τὸ
470 1929 556 1964 ἅγιον,
575 1929 621 1956 καὶ
644 1929 703 1964 ἥξει
724 1929 778 1959 ἕως
793 1929 877 1964 ἄκρου

89 1975 185 2003 αὐτοῦ.
202 1977 239 2003 0'.
262 1995 269 2003 .
291 1995 299 2002 .
321 1995 327 2002 .
349 1995 356 2002 .
378 1976 410 2002 Θ.
432 1976 479 2002 καὶ
495 1974 575 2010 πήξει
596 1975 646 2009 τὴν
669 1975 772 2010 σκηνὴν
795 1974 877 2001 αὑτοῦ

89 2020 232 2055 ὲφαδανῷ,
261 2021 397 2056 ἀναμέσον
428 2020 571 2046 θαλασσῶν
592 2020 632 2051 εἰς
660 2019 722 2055 ὅρος
755 2019 877 2055 Σαεαεὶμ

90 2067 169 2100 ἅγιον
180 2087 188 2100 ,
205 2066 265 2102 ἥξει
282 2067 334 2097 ἕως
347 2067 446 2102 μέρους
459 2065 551 2093 αὐτοῦ.

965 1523 1009 1550 40.
1024 1523 1092 1550 Heb.
1119 1527 1146 1550 et
1170 1523 1324 1551 inundabit.
1352 1523 1402 1550 Th.

930 1565 1017 1597 Alius,
1032 1566 1058 1593 in
1079 1567 1313 1594 inundationibus.

965 1611 1009 1638 Ην.
1030 1612 1113 1639 Hebr.
1129 1613 1156 1639 in
1170 1617 1269 1640 terram
1286 1613 1404 1640 decoris.
1420 1613 1471 1640 Th.
1496 1614 1522 1640 in
1552 1618 1651 1641 terram
1667 1613 1718 1642 Sa~

931 1656 1014 1683 baim.
1030 1657 1090 1684 Vul.
1108 1658 1134 1684 in
1153 1663 1253 1685 terram
1275 1658 1421 1693 gloriosam

965 1701 998 1729 Η.
1011 1702 1044 1729 Α.
1062 1703 1125 1730 νυι.
1140 1708 1166 1730 et
1181 1704 1273 1731 multm
1289 1709 1428 1732 corruent.
1443 1704 1474 1732 S.
1494 1708 1520 1732 et
1536 1704 1619 1732 multa
1633 1705 1715 1733 millia

929 1754 1066 1776 eomtent.
1078 1749 1131 1776 Th.
1146 1753 1174 1776 et
1189 1749 1266 1776 multi
1283 1749 1504 1777 inﬂrmabuntur.

965 1794 1010 1821 45.
1028 1793 1058 1821 ll.
1074 1793 1107 1820 Et
1121 1794 1256 1829 plantabit
1268 1795 1442 1823 tabernacula
1469 1795 1562 1830 palatii
1587 1795 1630 1822 sui
1648 1795 1718 1822 inter

930 1839 1015 1866 maria
1032 1840 1059 1866 in
1079 1844 1170 1867 monte
1188 1840 1296 1868 decoris
1311 1841 1476 1873 sanctitatis,
1491 1845 1517 1868 et
1529 1841 1618 1868 veniet
1632 1848 1718 1876 ltsquc

927 1885 960 1912 ad
975 1885 1159 1912 summitatem
1179 1886 1248 1920 ejus.
1269 1886 1302 1912 A.
1320 1885 1353 1913 Et
1363 1886 1496 1920 plantabit
1509 1886 1715 1914 tabernaculum

931 1931 1049 1966 praetorii
1063 1931 1105 1958 sui
1123 1931 1149 1957 in
1162 1932 1291 1967 ὰφαδανῷ
1306 1932 1376 1959 inter
1390 1933 1476 1959 maria
1493 1932 1520 1958 in
1535 1936 1625 1958 monte
1634 1931 1717 1958 Sabin

926 1977 1047 2012 glorioso
1062 1981 1088 2004 et
1102 1981 1206 2009 sancto,
1219 1981 1246 2004 et
1268 1978 1360 2004 veniet
1388 1984 1475 2011 usque
1499 1977 1532 2003 ad
1551 1977 1631 2003 finem
1647 1976 1716 2010 ejus.

932 2021 1035 2057 Symm.
1057 2030 1089 2048 ea:
1100 2022 1269 2057 Hieronymo.
1288 2021 1322 2049 Et
1338 2022 1463 2050 extendet
1482 2021 1631 2056 papiliones
1642 2020 1719 2054 equi-

930 2068 1004 2094 tatus
1026 2068 1068 2095 Sui
1091 2068 1163 2095 inter
1182 2069 1268 2096 maria
1294 2076 1377 2103 super
1406 2073 1526 2095 montem
1551 2066 1720 2094 fortitudinis

1433 1523 1495 1550 Vul.
1530 1528 1558 1551 et
1585 1529 1715 1552 conteret.

92 2117 230 2145 sanetum.
245 2117 272 2140 et
285 2112 373 2139 veniet
386 2119 473 2146 usque
484 2112 517 2139 ad
535 2111 662 2139 verticem
675 2111 876 2144 montis.LXX,
897 2112 930 2139 Et
943 2118 1044 2140 statuet
1071 2114 1279 2141 tabernaculum
1296 2122 1376 2141 suum
1396 2121 1461 2141 tunc
1479 2114 1549 2140 inter
1572 2112 1668 2144 maria,
1691 2117 1719 2138 et

92 2162 214 2185 montem
231 2158 378 2185 voluntatis
409 2161 544 2189 sanctum,
567 2161 596 2184 et
623 2156 714 2183 veniet
728 2157 795 2184 hora
818 2158 1064 2185 consummationis
1092 2157 1162 2192 ejus.
1195 2158 1245 2185 Th.
1270 2163 1296 2185 et
1324 2159 1385 2192 ﬁget
1412 2157 1615 2185 tabernaculum
1638 2163 1718 2183 suum

91 2202 119 2228 in
135 2201 284 2236 pradano
299 2203 369 2229 inter
382 2202 467 2229 maria
481 2203 509 2229 in
527 2207 618 2229 monte
630 2201 740 2229 Sabaim
766 2206 874 2236 saneto,
889 2209 915 2230 et
929 2203 1019 2231 veniet
1034 2211 1120 2238 usque
1134 2203 1167 2230 ad
1183 2208 1286 2238 partem
1297 2204 1366 2238 ejus.
1382 2203 1445 2231 Vul.
1478 2203 1511 2230 Et
1539 2203 1602 2237 ﬁget
1628 2201 1719 2229 taber—

92 2250 227 2276 naculum
235 2257 314 2277 suum
328 2249 441 2284 Apadno
454 2249 524 2277 inter
537 2249 635 2282 maria,
659 2257 741 2284 super
755 2255 874 2277 montem
892 2250 1022 2286 inclytum
1039 2255 1067 2278 et
1082 2256 1207 2278 sanctum
1229 2261 1235 2277 :
1249 2256 1277 2278 et
1291 2251 1382 2278 veniet
1408 2257 1494 2285 usque
1516 2249 1549 2276 ad
1577 2247 1718 2276 summila‘

93 2300 148 2324 tem
163 2296 234 2331 ejus.

510 2343 598 2372 Notae
615 2346 646 2371 et
664 2341 758 2372 variae
772 2341 927 2373 lectiones
947 2341 986 2372 ad
1003 2349 1070 2380 cap.
1087 2341 1132 2371 X1
1144 2340 1302 2372 Danielis.

130 2393 163 2422 ν.
179 2394 224 2422 10.
242 2395 360 2428 Ἄλλος,
373 2394 639 2429 δυνάμεωνῗπολλῶν.
657 2393 782 2421 Drusius.

970 2393 1002 2420 ν.
1019 2393 1062 2420 50.
1080 2393 1189 2420 Hieron.
1208 2403 1214 2419 :
1235 2403 1244 2419 ι
1260 2398 1284 2420 ιι
1309 2393 1486 2427 percutiatur;
1510 2391 1624 2429 sive_ttt
1645 2391 1724 2419 alius

131 2429 163 2457 V.
184 2430 227 2456 16.
243 2429 425 2463 Hieronymus
443 2428 450 2456 ὲ
474 2439 483 2455 ι
504 2428 613 2456 Terram
633 2429 760 2463 inclytam
777 2430 834 2457 sive
853 2434 884 2456 ut

94 2464 166 2492 LXX
184 2463 354 2499 interpretati
372 2470 446 2496 sunt,
466 2465 629 2497 voluntatis,
662 2465 713 2491 hoe
734 2469 775 2491 est
788 2485 794 2496 ,
821 2472 883 2498 qua:

93 2500 263 2533 complaeeat
279 2500 343 2531 Deo,
355 2499 475 2534 Judzeam
494 2500 643 2534 signiﬁcat,
661 2504 687 2526 et
710 2499 819 2533 proprie
837 2499 882 2526 Je-

93 2535 251 2562 rusalem...
268 2542 317 2568 pro
332 2541 402 2561 terra
414 2533 529 2568 inclyta;
544 2534 615 2568 quod
633 2535 827 2568 interpretatus
840 2540 881 2561 est

94 2570 148 2610 pq.
164 2577 246 2604 quem
261 2577 311 2611 nos
322 2570 347 2596 in
357 2570 417 2611 .l_m_c
431 2569 491 2609 loco
506 2569 591 2595 secuti
608 2576 720 2611 sumus”
730 2568 880 2596 Theodotio

95 2603 186 2638 ipsum
217 2604 329 2631 verbum
357 2604 518 2631 llebraicum
547 2603 638 2637 posuit
658 2603 745 2635 σαὸίν,
763 2611 813 2638 pro
828 2611 882 2638 quo

95 2638 172 2674 Sym.
188 2639 281 2671 vertit,
294 2644 399 2674 terram
413 2638 588 2673 fortitudinis.
602 2647 621 2674 ὲ
640 2637 689 2665 Ms.
702 2639 883 2674 porbeiensis

94 2672 178 2700 habet
192 2673 276 2700 sabir.
293 2672 480 2701 Theodoretus
500 2674 573 2700 item.
589 2672 668 2699 Ἔνια
679 2673 734 2699 τῶν
749 2673 882 2707 ἀντιγρά-

94 2717 153 2744 φῳν
168 2709 198 2735 ὲν
217 2709 251 2743 τῇ
268 2710 303 2744 γῇ
325 2709 372 2734 τοῦ
384 2743 387 2744 ν
398 2707 596 2744 Σασαεὶμ-ξχξι
607 2715 614 2723 ·
632 2707 817 2744 evasisset].
829 2709 883 2734 τῶν

99 2743 234 2779 Ἐϐραίων
246 2742 347 2779 φωνὴν
366 2743 411 2779 sic,
431 2742 608 2779 τὴνᾉᾘλὶιάρα
634 2742 882 2779 μεταϐεϐληκότων,

93 2777 300 2813 τῆν’θελήσεως
316 2777 364 2812 τὴν
381 2778 433 2812 γῆν
443 2777 488 2804 τοῦ
505 2777 603 2813 Σαΰεὶρ
619 2777 776 2813 κεκλήκασι.

129 2813 161 2841 ν.
176 2812 226 2841 29ζ
247 2814 279 2840 '0
295 2814 398 2846 Σύρος,
416 2812 463 2840 καὶ
477 2813 507 2839 οὺ
524 2812 632 2847 ποιήσει
648 2818 700 2840 etc.
719 2812 842 2840 Drusius.

933 2429 1126 2462 interpretatus
1137 2432 1188 2459 est,
1200 2432 1225 2454 et
1240 2428 1470 2454 comminubuntur
1492 2427 1525 2453 ei.
1547 2436 1556 2452 ι
1571 2427 1636 2459 Qua:
1655 2434 1717 2462 per:

933 2459 1020 2490 tinent
1038 2464 1073 2490 ad
1093 2470 1188 2489 vocem
1216 2462 1374 2489 llebraicam
1395 2467 1484 2493 nunt,
1509 2469 1562 2489 non
1578 2459 1667 2490 autem
1683 2459 1718 2488 ad

933 2502 1008 2529 nim.
1024 2502 1054 2525 ut
1069 2498 1223 2532 suspicatus
1237 2502 1280 2524 est
1296 2497 1421 2532 Drusius.

967 2532 1034 2559 lbid.
1051 2533 1101 2566 Aq.
1117 2531 1145 2559 et
1158 2532 1284 2566 cogitabit
1300 2537 1353 2559 etc.
1366 2531 1557 2565 Hieronymus.

973 2567 1002 2594 V.
1021 2567 1065 2593 5|.
1081 2564 1207 2599 Ἄλλος,
1238 2567 1284 2593 καὶ
1301 2567 1452 2601 βραχίονες.
1472 2566 1593 2601 Drusius.
1622 2564 1717 2592 lliero~

932 2609 1029 2636 nymus
1046 2608 1109 2636 vero
1124 2609 1130 2627 ε
1147 2609 1156 2626 t
1173 2601 1226 2628 Pro
1240 2600 1364 2631 brachiis;
1386 2601 1455 2628 alius
1470 2600 1663 2636 interpretatus
1677 2604 1719 2627 est

932 2634 1044 2663 rémiua.
1061 2645 1071 2661 ›
1088 2635 1176 2671 [Alius
1193 2636 1257 2671 legit
1270 2640 1356 2678 ut???
1374 2634 1486 2670 ωιλαμ]

966 2687 998 2714 ν.
1014 2688 1059 2715 ‘56.
1075 2688 1191 2720 Ἄλλος,
1210 2688 1257 2714 καὶ
1266 2688 1312 2714 ἐπὶ
1326 2688 1371 2715 τὸν
1385 2688 1452 2714 Θεόν
1466 2691 1519 2715 etc.
1538 2687 1663 2715 Drusrus.

967 2732 1033 2760 Ibid.
1055 2731 1186 2759 Hieron.:
1212 2741 1220 2757 ι
1245 2737 1394 2766 perpetrata
1415 2733 1509 2767 quippe
1527 2732 1646 2766 definitio
1668 2737 1716 2759 est.

933 2768 994 2794 Sive
1007 2772 1036 2794 ut
1048 2767 1126 2798 alius.
1141 2767 1169 2792 in
1184 2767 1241 2800 ipso
1256 2768 1325 2793 enini
1340 2767 1389 2794 erit
1407 2768 1612 2794 consummatio.
1632 2776 1641 2792 ι

968 2810 999 2837 V.
1016 2810 1059 2837 3'1.
1074 2809 1183 2837 Hieron.
1206 2819 1211 2836 :
1231 2819 1239 2834 α
1256 2810 1324 2842 Quia
1343 2817 1406 2837 vero
1420 2810 1446 2836 in
1473 2809 1606 2839 llebraico
1619 2815 1668 2843 pro
1687 2816 1719 2836 eo
