1967 3079
118 102 190 130 ἳῦΰὸ

118 162 145 189 Σ.
163 181 169 188 .
183 180 189 188 .
210 181 217 188 .
237 182 243 188 .
263 183 269 189 .
285 164 372 200 πέτρα
387 164 430 192 διὰ
448 166 526 201 βοῶν.
542 167 580 200 0',
606 169 629 194 si
645 169 905 204 παρασιωπήσονται

115 210 144 234 ἐν
160 208 292 243 θηλείαις.

115 260 171 285 ἘΠ
190 247 242 285 R55
279 257 309 284 2.
330 259 446 293 ἀλόγως.
463 263 500 293 0',
519 262 563 288 ἐπ’
580 262 668 289 οὐδενὶ
683 263 764 299 λόγῳ.

114 346 224 373 111N237!
241 343 275 371 14
311 345 349 378 0',
367 346 421 374 τῶν
437 347 587 384 δυνάμεων.
611 351 733 383 Ἄλλος,
757 351 902 388 στρατιῶν.

114 421 209 459 itan
245 431 273 458 2.
287 432 341 459 ἀπὸ
355 433 467 460 εἰσόδου.
486 435 523 468 0',
539 435 586 462 τοῦ
602 436 639 473 μὴ
655 437 794 465 εἰσελθεῖν.

112 520 181 546 fit”
218 517 257 550 0',
272 518 372 553 Αἰμάθ.
386 520 514 554 Ἀλλος,
527 522 614 557 χόλον.

111 620 211 647 ria-mn
229 607 332 649 Sm-m
374 618 413 646 Ἀ.
435 639 442 646 .
465 640 472 647 ,
497 640 504 647 .
526 641 534 648 .
554 621 604 656 τῆς
621 623 734 658 ὁμαλῆς.
752 624 781 651 Σ.
803 644 810 651 .
832 644 840 652 .
862 644 870 653 .
890 644 899 652 .

111 663 164 697 τῆς
185 664 319 697 πεδιάδος.
338 667 376 699 0',
390 667 442 699 ἕως
458 668 505 694 τοῦ
532 670 682 706 χειμάρρου
702 671 756 698 τῶν
778 672 898 707 δυσμῶν,

111 709 143 737 Θ.
167 731 174 737 .
197 731 204 738 .
229 731 236 738 .
259 713 329 748 μιῆς
350 713 463 750 Ἀραῦᾶ.

819 107 912 136 AMOS
927 107 1043 136 CAPUT
1063 109 1119 139 VII.

1673 119 1745 148 εοίςσ

959 168 1010 195 S...
1028 175 1102 204 petra
1119 177 1167 205 per
1178 170 1271 199 boves.
1287 171 1366 206 LXX,
1389 174 1412 201 si
1433 174 1586 204 reticelmnt
1616 179 1649 205 :nl
1665 178 1744 206 ferui-

959 222 1017 242 nas.
1034 215 1094 242 Vul.
1113 221 1160 244 aut
1173 218 1245 245 arari
1262 223 1352 253 potest
1365 219 1392 246 in
1408 219 1524 248 buhalis.

993 259 1074 286 Hebr.
1104 261 1131 288 in
1150 262 1224 288 nullo
1242 263 1335 290 verbo.
1368 263 1396 291 S.
1414 268 1525 293 temere.
1553 266 1635 300 LXX,
1662 276 1743 304 super

957 304 1032 331 nullo
1048 306 1137 332 verbo.
1153 305 1216 334 Vul.
1233 307 1258 334 in
1275 309 1371 336 nihilo.

992 350 1035 376 M.
1051 349 1117 378 Heb.
1146 352 1232 385 Alius,
1256 352 1315 381 Vul.
1346 355 1524 383 exercituum.
1550 356 1632 390 LXX,
1659 359 1743 386 virtu-

957 399 1024 422 tum.

992 440 1072 468 Hebr.
1097 440 1126 468 S.
1144 441 1205 469 ναι.
1219 443 1253 470 ab
1266 443 1390 472 introitu.
1410 444 1492 480 LXX,
1504 451 1534 474 ut
1549 455 1603 475 non
1621 448 1739 477 introea-

956 487 1001 515 tis.

991 533 1022 560 Η.
1041 533 1165 561 Ilamath.
1185 533 1398 568 LXX,1Emath.
1416 537 1501 570 Alius,
1515 538 1737 574 indignationem.

955 578 1016 606 Vul.
1039 580 1146 606 Emath.

989 627 1071 654 Ilebr.
1087 627 1147 655 Vul.
1163 636 1247 664 usque
1264 629 1296 656 ad
1312 634 1458 658 torrentem
1479 631 1590 659 deserti.
1605 633 1637 659 A.
1651 640 1737 667 usque

953 671 985 699 ad
1003 677 1150 700 torrentem
1169 675 1214 708 qui
1229 679 1269 702 cst
1287 675 1313 701 in
1324 675 1446 709 planitie.
1463 675 1491 703 S.
1505 684 1590 711 usque
1600 678 1633 704 ad
1642 677 1737 704 vallem

953 723 1143 753 campestrem.
1164 718 1246 753 LXX,
1261 728 1347 755 usque
1363 721 1395 748 ad
1412 726 1557 748 torrentem
1572 721 1736 751 Occidentis.

953 764 1004 791 Th.
1024 772 1110 800 usque
1122 765 1156 792 ad
1172 770 1320 793 torrentem
1332 767 1420 794 Araba
1439 767 1486 802 (al.
1499 767 1626 803 Arabiae).

546 820 632 850 Notre
646 824 675 851 et
693 821 787 852 variae
807 821 961 853 lectiones
971 823 1009 853 ad
1021 830 1088 861 cap.
1101 823 1144 852 νι
1161 825 1269 853 Amos.

196 867 224 906 ξ.
243 867 295 906 ᾎη
307 869 332 906 al
346 869 600 906 ἀπρκεχωρισμένοι
614 877 665 900 etc.
682 873 822 901 Barberin.

173 923 180 928 .
242 903 286 940 ἓ,
299 903 352 940 τῶν
367 902 460 940 μύρώῦ
478 902 573 934 Ἰύὲιη.

198 937 224 976 _7.
242 938 283 976 2_.,
293 939 349 976 ¹’καὶ
361 937 491 976 ῥιερνιαιρ-
506 940 588 969 Idem.

197 972 239 999 Η.
253 972 346 1000 Trium
361 972 490 1003 lectiones
508 976 596 1004 adfert
609 977 679 1006 idem
705 978 880 1006 Barbcrinus.

148 1007 179 1034 ν.
196 1007 239 1034 I3.
264 1008 316 1042 ’A.,
331 1008 355 1035 εὶ
371 1009 470 1045 ἀροτρη
488 1010 571 1039 Idem.

988 874 1054 910 Ibid.
1067 875 1118 910 72..
1135 874 1251 908 ἀλόγως.
1269 874 1461 910 Hieronymus.

989 908 1020 936 V.
1043 909 1086 945 Mr.
1099 910 1196 945 "ALL,
1216 909 1348 944 στρατιῶν
1364 908 1379 937 ς’
1393 916 1419 938 et
1437 915 1529 945 postea
1552 912 1594 942 Σ..
1612 911 1666 938 ἀπὸ
1679 913 1736 939 εισι

951 944 1022 980 ὁδῳ,
1039 944 1199 980 deindequc,
1216 944 1315 975 ’Ἄλλη
1327 945 1414 980 χόλον.
1432 946 1605 974 Barberinus.

988 979 1054 1006 Ibid.
1073 978 1127 1005 llas
1142 987 1250 1012 quoque
1275 978 1512 1013 interpretationes
1529 981 1626 1008 Latine
1648 981 1736 1010 adfert

952 1013 1152 1048 Hieronymus:
1171 1013 1264 1041 Graece
1282 1014 1457 1048 imperfectas
1471 1015 1647 1043 Barberinus.

759 1081 869 1112 AMOS
883 1080 1012 1111 CAPUT
1033 1081 1099 1111 VII.

106 1131 155 1157 ἐλ
173 1126 185 1153 1
231 1127 272 1154 ‘A.
289 1126 417 1162 βοράδων.
430 1130 469 1162 θ’,
483 1129 610 1165 ἀκρίδων.

105 1205 189 1253 -ῥξη
208 1218 245 1244 tu
262 1220 322 1245 -γικ
339 1207 472 1259 ipp'rrun
515 1217 554 1244 'A.
575 1218 627 1244 ἰδοὺ
639 1217 737 1253 ὅψιμος
748 1218 835 1245 ὀπίσω
847 1219 897 1255 τῆς

105 1260 199 1295 Γάζης
215 1259 356 1295 βασιλέως.
373 1262 410 1295 0⁸,
425 1262 480 1288 ἰδοὺ
498 1262 612 1298 βροῦχος
636 1261 676 1296 εἷς
702 1264 763 1300 Γὼγ
787 1265 801 1290 ὀ
821 1265 898 1300 βασις

104 1304 180 1336 λεύς.

103 1397 174 1433 ιρνν
195 1396 258 1436 ΠῚΡἿ
279 1396 314 1422 ηε
331 1393 348 1420 2
386 1393 415 1420 Σ.
431 1393 473 1425 τίς
489 1391 527 1421 ὧν
548 1394 610 1430 (sic)
632 1395 815 1432 ὑποστήσεται
842 1398 894 1424 Ἰσι-

103 1437 175 1465 κώὸ.
189 1437 227 1471 0',
240 1438 283 1470 τίς
295 1439 441 1475 ἀναστήσει
452 1440 498 1467 τὸν
517 1441 622 1467 Ίακὼὃ.

101 1488 165 1512 mm
186 1489 242 1515 Dm
262 1484 279 1510 5
316 1485 345 1513 2.
364 1486 523 1522 παρεκλήθη
536 1487 645 1522 Κύριος.
661 1489 698 1520 Ο’,
716 1489 890 1525 μετανόησον,

103 1528 204 1563 Κύριε.

99 1631 168 1671 αφ’
188 1632 224 1658 vn
242 1629 259 1655 5
297 1628 325 1656 2.
341 1628 383 1661 τίς
394 1626 431 1656 ὧν
443 1630 505 1666 (sic)
515 1631 709 1667 ὑποστήσεται,
720 1633 758 1665 0’,
771 1633 813 1665 τις
827 1634 892 1660 ἀνα-

101 1675 198 1708 στήσει
210 1682 220 1706 ;

101 1724 160 1748 cn:
176 1719 193 1746 6
235 1720 276 1748 Ἀ.
298 1722 499 1758 παρακλήθητι.
516 1724 553 1757 0',
569 1725 741 1761 μετανόησον.

102 1810 163 1835 7m
181 1811 245 1836 mm
264 1811 347 1837 ηιμ-πῃ
363 1814 398 1838 n3
418 1809 433 1835 7
469 1811 498 1837 Σ.
514 1811 554 1838 ὄτι
567 1812 652 1849 ἐφάνη
668 1813 778 1849 Κύριος.
794 1815 832 1847 0’,
843 1815 889 1842 οὖ-

101 1861 156 1884 τως
166 1851 251 1885 ἑδειξέ
273 1862 318 1889 μοι
332 1855 443 1891 Κύριος.
457 1856 488 1883 Θ.
506 1857 559 1884 ἰδοὺ
579 1858 691 1886 ’Δδωναϊ
706 1861 817 1895 Κύριος.

97 1987 153 2022 Ἷξκ
197 1984 236 2010 ‘A.
257 1985 384 2018 γάνωσις.
400 1988 430 2015 Σ.
445 1988 484 2022 0',
496 1989 611 2025 ἀδάμας.
625 1991 655 2018 Θ.
674 1993 832 2028 τηκόμενον.

95 2119 176 2144 Γ*Ὁέ
192 2115 209 2142 9
246 2117 274 2143 Σ.
288 2117 321 2144 τὰ
335 2117 434 2153 ὑψηλά.
447 2120 486 2152 0’,
500 2119 596 2156 βωμοί.

96 2166 165 2204 “mp
185 2162 218 2189 IO
263 2163 301 2191 Ἀ.
326 2164 481 2201 συνέδησεν.
502 2167 531 2194 Σ.
555 2168 693 2197 ἀνέπισεν.
706 2171 715 2182 ⁶
732 2170 885 2208 ἀναταράσ-

97 2217 156 2234 συν.
172 2208 212 2241 0',
227 2211 381 2246 συστροφὰς
394 2214 518 2241 ποιεῖται.
546 2247 550 2250 ἱ

94 2258 170 2295 ’τρΊῖ
189 2254 222 2281 Η
265 2255 303 2282 Ἀ.
320 2256 350 2284 Σ.
368 2257 399 2284 Θ.
411 2257 458 2284 καὶ
472 2259 510 2292 Ε’,
534 2259 671 2294 βουκόλος.
689 2263 727 2297 Ο’,
744 2263 865 2297 αῑπολός.

93 2350 204 2388 D‘DPW
219 2338 295 2377 D5121
338 2348 377 2376 'A.
396 2349 443 2376 καὶ
455 2351 571 2386 ἐρευνῶν
589 2353 767 2389 συκομόρους.
789 2356 819 2382 Σ.
839 2357 886 2383 καὶ

95 2390 167 2425 ἔχων
182 2394 361 2428 συκομόρους.
384 2396 423 2428 0',
437 2396 484 2423 καὶ
505 2397 604 2430 κνίζων
618 2399 765 2435 συκάμινα.
786 2401 817 2429 Θ.
839 2403 884 2429 καὶ

95 2437 227 2472 χαραχῶν
245 2440 419 2475 συκαμίνους.

94 2531 175 2568 ψει-ι
192 2519 240 2558 κίη
257 2528 291 2556 te
326 2529 357 2557 Σ.
378 2550 385 2558 .
408 2550 416 2559 .
437 2550 443 2557 .
468 2552 474 2558 .
497 2551 504 2559 .
526 2553 533 2560 .
555 2534 651 2566 θ’,καὶ
665 2535 695 2562 οὐ
711 2536 748 2572 μὴ
763 2537 883 2573 ὀχλαγω-

92 2574 194 2609 γήσῃς-

93 2625 162 2651 rum
181 2620 214 2647 I7
250 2621 280 2649 2.
301 2623 525 2660 πορνευθήσεται.
538 2627 576 2660 0',
594 2628 748 2664 πορνεύσει.

985 1130 1011 1156 1.
1030 1130 1097 1156 Hel).
1112 1129 1194 1162 LXX,
1213 1130 1391 1158 locustarum.
1404 1131 1434 1159 Α.
1458 1132 1599 1160 horadum.
1615 1133 1676 1161 Vul.
1692 1134 1733 1162 lo-

948 1179 1041 1202 custaa.

983 1220 1016 1247 Η.
1030 1228 1092 1248 ecce
1105 1221 1187 1248 herba
1216 1221 1335 1249 serotina
1360 1227 1421 1257 post
1441 1224 1582 1252 tonsiones
1604 1225 1730 1261 regis.A.

946 1273 1009 1293 ecce
1023 1267 1159 1294 serotinus
1174 1266 1324 1301 poslGazaI.
1352 1276 1454 1303 regem.
1471 1268 1552 1302 LXX,
1578 1278 1640 1298 ecce
1667 1271 1731 1298 bru-

946 1312 1015 1340 chus
1033 1321 1101 1340 unus
1116 1313 1173 1348 Gog
1188 1321 1245 1341 rex.
1262 1313 1323 1341 VuI.
1349 1323 1412 1342 ecce
1432 1317 1567 1343 serotinus
1593 1322 1655 1352 post
1668 1321 1731 1344 ton-

946 1356 1051 1384 sionem
1072 1358 1153 1393 regis.
1678 1398 1680 1400 γ

980 1403 1007 1429 2.
1028 1403 1059 1430 Ι-Ι.
1076 1403 1158 1436 LXX,
1176 1403 1238 1432 Vul.
1254 1405 1315 1439 quis
1337 1405 1480 1433 suscitabit
1506 1406 1600 1434 Iacob.
1618 1406 1648 1434 S.
1667 1407 1729 1442 quis

944 1456 1009 1483 ergo
1024 1450 1165 1476 suscitahit
1182 1450 1274 1478 Jacob.

980 1495 1007 1522 ὅ.
1023 1495 1054 1522 l!.
1070 1496 1196 1530 pmniiuit
1209 1496 1364 1525 Dominum.
1380 1498 1408 1525 S.
1427 1505 1570 1527 revocatus
1583 1504 1624 1528 est
1637 1500 1729 1528 Domi-

944 1548 1006 1568 nus.
1021 1540 1102 1574 LXX,
1120 1543 1249 1576 paeniteat
1269 1547 1294 1570 te
1305 1563 1312 1574 ,
1325 1543 1448 1572 Domine.
1468 1544 1531 1572 Vul.
1546 1546 1673 1574 misertus
1686 1553 1728 1574 est

943 1584 1084 1613 Dominus.

978 1631 1005 1658 5.
1019 1631 1052 1658 H.
1066 1631 1146 1664 LXX,
1164 1631 1226 1660 ναι.
1252 1633 1314 1668 quis
1333 1634 1497 1662 suscitabit?
1524 1635 1553 1663 S.
1566 1636 1628 1671 quis
1643 1637 1726 1672 igitur

943 1677 1109 1704 suscitabit?

976 1723 1002 1749 6.
1021 1722 1052 1750 Il.
1069 1723 1206 1758 paenituit.
1224 1723 1256 1750 A.
1278 1724 1416 1752 miserere.
1442 1725 1524 1759 LXX,
1540 1728 1670 1761 poeniteat
1689 1732 1724 1754 to.

945 1767 1003 1794 Vul.
1023 1769 1151 1796 misertus
1169 1773 1219 1795 est.

977 1815 1002 1842 7.
1017 1814 1049 1841 H.
1067 1815 1113 1842 Sic
1127 1816 1246 1842 ostendit
1260 1815 1337 1847 mihi,
1353 1821 1380 1843 et
1392 1824 1454 1843 ecce
1467 1816 1607 1845 Dominus.
1618 1817 1647 1845 S.
1657 1818 1724 1851 Quia

940 1862 1014 1889 visus
1027 1865 1069 1888 est
1084 1861 1226 1889 Dominus.
1243 1861 1324 1894 LXX,
1347 1862 1392 1889 Sic
1414 1863 1532 1890 ostendit
1554 1863 1619 1890 mihi
1635 1863 1726 1891 Domi-

940 1915 999 1934 nus.
1012 1906 1064 1934 Th.
1082 1907 1149 1935 Ecce
1167 1908 1271 1935 Adonai
1290 1908 1432 1936 Dominus.
1445 1907 1507 1936 Vul.
1524 1909 1587 1937 Haec
1608 1911 1725 1938 Ostendit

939 1952 1005 1979 mihi
1024 1952 1170 1979 Dominus:
1185 1956 1211 1979 et
1227 1959 1289 1979 ecce
1304 1951 1445 1979 Dominus.

975 1996 1057 2023 Hebr.
1075 1996 1308 2031 pelpendiculum.
1333 1996 1365 2023 Α.
1394 2001 1562 2024 stannatura.
1592 1997 1621 2026 S.
1639 1997 1721 2032 LXX,

939 2042 1062 2069 adamas.
1082 2041 1134 2068 Th.
1160 2042 1322 2076 liquescens.
1354 2041 1464 2069 Ilieron.
1494 2043 1643 2071 tabescens.
1660 2044 1720 2072 Vul.

939 2088 1020 2115 trulla
1042 2088 1218 2115 cmmentarii.

973 2132 1000 2158 9.
1019 2131 1052 2158 H.
1065 2132 1094 2159 S.
1108 2131 1169 2159 Vul.
1187 2132 1304 2159 excelsa.
1317 2131 1400 2165 LXX,
1414 2140 1478 2160 arae.

975 2176 1017 2203 10.
1038 2176 1104 2204 Heb.
1118 2177 1280 2211 coniuravit.
1296 2178 1329 2205 A.
1344 2178 1490 2213 colligavit.
1504 2177 1533 2205 S.
1544 2179 1721 2214 conspiravit.

937 2223 1020 2256 LXX,
1039 2225 1264 2259 congregationes
1278 2224 1353 2252 facit.
1372 2224 1432 2252 Vul.
1446 2224 1595 2252 rebellavit.

973 2269 1016 2296 Η.
1031 2269 1098 2296 Hel).
1114 2269 1177 2297 Vul.
1193 2270 1384 2298 armentarius.
1404 2270 1436 2297 A.
1461 2271 1489 2297 S.
1506 2269 1558 2298 Th.
1583 2275 1611 2298 et
1626 2270 1657 2304 ν,
1673 2271 1722 2298 bu-

937 2315 1046 2343 bulcus.
1058 2315 1140 2349 LXX,
1156 2317 1306 2352 caprarius.

975 2360 1006 2386 H.
1020 2360 1052 2387 A.
1074 2365 1098 2387 et
1115 2365 1241 2388 scrutans
1255 2369 1423 2397 sycomoros.
1439 2361 1467 2389 S.
1481 2366 1509 2390 et
1525 2362 1627 2390 habens
1641 2370 1720 2398 syco-

937 2412 1040 2432 moros.
1058 2404 1138 2437 LXX.
1152 2410 1179 2432 et
1201 2406 1303 2434 vellens
1325 2407 1473 2442 sycamina.
1495 2406 1548 2434 Th.
1562 2411 1589 2434 et
1605 2407 1718 2437 vallans,

936 2451 975 2478 vel
987 2450 1058 2479 fossa
1075 2452 1200 2480 muniens
1231 2453 1380 2488 sycamina.
1399 2453 1461 2480 Vul.
1489 2453 1619 2481 vcllieans
1640 2460 1719 2488 syco-

937 2504 1038 2524 moros.

974 2541 1016 2569 16.
1038 2541 1104 2569 Heb.
1125 2541 1185 2570 Vul.
1199 2548 1226 2570 et
1241 2550 1294 2570 non
1313 2544 1442 2571 stillabis.
1460 2543 1488 2571 S.
1502 2548 1529 2572 et
1553 2550 1607 2572 non
1631 2545 1720 2573 inore.

935 2586 1024 2622 pabis.
1040 2587 1121 2621 LXX,
1134 2592 1206 2616 etne
1226 2596 1372 2624 congreges
1385 2589 1488 2618 turbas.

971 2633 1014 2660 I7.
1027 2633 1095 2660 Heb.
1113 2633 1193 2666 LXX,
1211 2633 1271 2662 Vul.
1299 2634 1487 2662 l'ornicabitur.
1516 2634 1544 2662 S.
1563 2634 1720 2664 fornicatio-

934 2685 995 2705 nem
1009 2679 1135 2713 patietur.

516 2729 604 2760 Notas
619 2732 649 2759 et
667 2729 760 2761 variae
784 2730 939 2765 lectiones
951 2734 990 2765 ad
1007 2743 1075 2774 cap.
1094 2736 1150 2766 VH
1169 2737 1277 2768 Amos.

297 2773 423 2811 βοράδων.
442 2777 616 2807 Barberinus.

125 2805 194 2834 ibid.
217 2805 352 2838 Iliertinf:
372 2821 380 2836 ι
395 2812 463 2845 Quid
482 2805 707 2844 autemﬂvoluerit
725 2817 822 2852 Aquila
833 2819 876 2847 di-

932 2793 993 2826 Cerc
1012 2795 1096 2826 :_er_cc
1118 2789 1248 2826 strothius
1270 2789 1430 2826 pastillum
1451 2799 1555 2826 regem;
1571 2799 1631 2819 cum
1645 2792 1717 2819 (iam

932 2821 1012 2848 Verbo
1029 2821 1159 2850 llcln'aieo
1173 2823 1241 2850 AZA
1261 2821 1418 2859 appelletur,
1431 2821 1489 2854 ιιοιῖ
1501 2821 1567 2855 satis
1583 2828 1716 2861 intelligo,
