1967 3079
249 103 320 130 9075

790 96 1024 127 HEXAPLORUM
1044 95 1128 128 QUAS
1150 95 1364 123 SUPERSUNI‘.

1799 95 1873 123 2976

851 153 1030 186 MICHJEE
1059 151 1187 182 CAPUT
1214 153 1253 182 II.

246 213 287 239 ηπ
307 209 320 234 I
365 208 404 235 Ἄ.
416 209 445 235 Σ.
459 208 528 236 οὺαί.
543 208 581 240 Ο¹,
595 207 726 241 ἐγένοντο.

247 259 296 284 ΙΖΠ⁷
311 246 417 284 ’λὺ-ω’
432 257 458 283 ’.3
500 254 539 280 'A.
557 253 623 279 διότι
641 251 749 287 ἰσχυρὸν
767 251 826 286 χεὶρ
838 249 930 277 αὐτοῦ.
949 248 977 276 Σ.
991 249 1032 275 ὅτι

249 301 339 334 ἴσχυεν
361 301 377 334 ἡ
404 299 465 334 χεὶρ
487 298 580 326 αὑτοῦ.
595 297 634 330 0’,
650 298 716 325 διότι
743 297 792 323 οὐκ
807 295 876 332 ἦραν
905 295 972 329 πρὸς
987 294 1032 320 τὸν

248 345 313 371 Θεὸν
328 346 422 379 χεῖρας
434 344 534 371 αὐτῶν.

247 470 335 508 Μώ)
351 482 394 508 εον
414 470 450 507 n5
468 468 538 506 ῆι)κὸ
558 467 691 506 torui-3‘7
710 479 800 518 parui
819 467 962 505 istan-5n
981 475 997 502 6

248 528 344 552 111:an
385 522 425 548 ‘A.
452 521 489 556 μὴ
508 520 653 552 σταλάζετε
676 519 869 551 σταλάζοντες,
889 520 920 546 οὐ
936 519 1034 546 σταλά-

249 566 310 599 ζετε
325 568 364 598 εἰς
378 566 498 598 τούτους,
516 566 547 592 οὐ
564 565 708 600 καταλήψῃ
723 564 880 600 ὲντροπὰςὸ
895 565 990 598 λέγων.
1003 565 1032 591 Σ.

251 613 288 648 μὴ
301 613 443 647 ἐπιτιμᾶτε
462 611 508 638 ὲὰν
523 612 713 646 ὲπιτιμήσητε,
735 611 784 636 οὐκ
806 610 986 645 ἐπιτιμῶντες
1003 611 1033 637 οὐ

250 657 349 684 κωλύει
362 657 577 691 καταισχυμμος.
594 656 632 688 0',
652 655 688 690 μὴ
706 655 812 682 κλαίετε
824 656 948 691 δάκρυσι,
968 656 1035 691 μηδὲ

250 702 441 736 δακρυέτωσαν
457 701 503 727 ἐπὶ
515 700 619 732 τούτοις
632 708 638 714 ·
655 701 714 727 οὐδὲ
725 701 777 735 γὰρ
786 700 924 727 ἀπώσεται
935 701 1034 736 ὀνείδη,

251 749 265 774 ὁ
276 748 370 781 λέγων.

1120 202 1145 229 I.
1164 201 1246 229 Hebr.
1267 202 1299 229 Δ.
1318 202 1345 230 S.
1361 202 1422 230 \‘ul.
1437 210 1486 231 vae.
1507 202 1588 236 LXX,
1608 203 1670 231 facti
1689 207 1764 231 sunt.

1122 245 1191 273 Heb.
1209 246 1273 281 quia
1303 251 1344 274 est
1371 247 1399 274 in
1429 247 1493 275 forti
1516 255 1613 275 manus
1632 255 1740 275 eorum.
1759 248 1791 274 Α.
1811 249 1874 283 quia

1086 291 1166 319 fortis
1181 296 1223 319 est
1244 299 1342 320 manus
1357 293 1426 327 ejus.
1447 293 1476 319 S.
1496 293 1560 328 quia
1588 292 1666 320 fortis
1694 297 1755 320 erat
1777 301 1877 319 manus

1088 337 1159 371 ejus.
1176 336 1261 369 LXX,
1278 337 1340 372 quia
1355 345 1410 365 non
1429 337 1586 365 levaverunt
1604 338 1638 365 ad
1660 337 1748 365 Deum
1777 345 1876 364 manus

1088 390 1165 409 suas.
1182 381 1244 410 Vul.
1258 383 1388 418 quoniam
1418 387 1513 411 contra
1529 383 1613 410 Deum
1645 388 1687 410 est
1701 390 1803 410 manus
1831 391 1877 410 eo-

1087 435 1160 454 rum.

1122 473 1148 499 6.
1170 473 1252 501 Hebr.
1280 481 1314 500 ne
1331 473 1450 507 stilletis,
1469 473 1613 501 stillabunt
1637 483 1642 500 :
1659 481 1713 501 non
1730 473 1878 501 stillabunt

1089 518 1148 545 istis
1178 527 1185 545 :
1213 526 1269 545 non
1299 519 1510 553 comprehendet
1546 519 1720 553 ignominias.
1751 518 1774 545 Ο
1804 519 1877 546 dicta

1087 564 1219 600 [domus.]
1234 565 1266 591 Δ.
1283 572 1316 591 ne
1333 565 1444 592 stilletis
1472 565 1620 597 stillantes,
1651 573 1706 592 non
1724 565 1835 592 stilletis
1850 565 1876 591 in

1086 612 1148 643 bos,
1169 618 1224 638 non
1249 611 1463 645 comprehendes
1481 611 1659 638 eonfusiones
1679 611 1728 645 qui
1744 610 1827 637 dicis.
1844 610 1875 637 S.

1088 664 1121 683 ne
1138 656 1284 690 increpetis
1306 655 1329 682 si
1357 656 1522 690 increpetis:
1540 663 1594 683 non
1617 657 1793 690 increpantes
1817 664 1874 682 non

1088 701 1198 728 cohibet
1210 700 1371 735 ignominia.
1384 699 1466 733 LXX,
1494 701 1577 728 nolite
1591 700 1654 728 flere
1670 701 1812 736 lacrymis,
1830 709 1878 727 ne-

1088 754 1142 782 que
1156 746 1262 781 plorent
1273 754 1355 782 super
1366 746 1420 779 his,
1433 753 1522 781 neque
1546 747 1619 774 enim
1643 747 1754 781 abjieiet
1776 753 1876 780 oppro-

252 793 311 820 bria
325 793 373 827 qui
392 791 467 819 dicit.
496 790 557 818 Vol.
585 798 619 818 ne
635 790 785 825 loquamini
816 791 968 826 loquentes,
986 799 1039 819 non
1059 790 1174 820 stillabit
1199 798 1282 825 super
1320 791 1398 822 istos.
1427 798 1482 817 non
1509 790 1725 823 comprehendet
1739 789 1876 817 confusio.

253 840 333 866 Dicit.

253 889 342 928 DD'lP’
361 877 438 915 2318'")
450 888 504 916 ’ω
521 876 653 913 ιὶΊὩΠΝΊΒ
695 883 734 909 Ἀ.
764 883 820 910 καὶν
837 883 982 910 συναντῶν.
1003 885 1037 910 Σ.

253 930 306 966 πρὸ
320 930 383 966 μιᾶς
397 929 449 955 διὸ
461 929 523 960 λαὸς
535 948 541 954 .
557 948 563 955 .
580 947 585 955 .
602 928 642 961 Ο¹,
655 929 701 954 καὶ
716 927 869 962 ἔμπροσθεν
881 928 895 953 ὁ
911 927 973 959 λαός
985 937 1036 962 μου

252 975 293 1005 εἰς
312 973 410 1008 ἔχθραν
429 973 554 1007 ἀντέστη.

1127 882 1153 909 8.
1172 881 1254 910 Hebr.
1272 887 1298 909 et
1312 882 1370 909 heri
1389 881 1506 917 populus
1534 888 1611 909 meus
1631 881 1658 908 in
1678 881 1823 908 inimicum
1838 881 1877 907 iu-

1091 928 1218 955 surrexit.
1240 929 1271 954 A.
1298 932 1326 955 et
1351 934 1530 955 occurrens...
1549 926 1578 954 S.
1603 931 1665 954 ante
1691 934 1775 953 unam
1804 926 1874 953 diem

1091 973 1208 1008 populus
1225 980 1302 1000 meus
1317 973 1396 1008 quasi
1414 973 1543 1000 inimicus
1559 973 1667 1000 restitit.
1683 971 1766 1004 LXX,
1784 976 1812 999 et
1833 979 1878 998 an-

255 1026 296 1048 tea
335 1019 453 1055 popuius
478 1026 555 1046 meus
583 1018 610 1045 in
641 1017 783 1045 inimicitia
817 1017 923 1045 restitit.
942 1017 1004 1044 Vul.
1025 1023 1052 1045 et
1068 1026 1083 1046 e
1102 1019 1240 1046 contrario
1270 1020 1387 1054 populus
1413 1026 1490 1046 meus
1510 1019 1537 1046 in
1557 1018 1744 1047 adversarium
1761 1026 1878 1046 consur-

253 1067 333 1096 rexit.

656 1112 744 1142 Notus
757 1114 788 1141 et
803 1110 899 1140 variat
915 1109 1069 1141 lectiones
1091 1110 1130 1141 ad
1146 1118 1213 1149 cap.
1238 1111 1266 1141 Il
1285 1110 1435 1142 Michaelis.

290 1161 322 1188 ν.
339 1163 364 1188 I.
388 1162 439 1193 ‘A.,
453 1161 495 1193 Σ.,
510 1160 581 1188 οὐαί.
607 1159 748 1187 Barberin.
768 1159 839 1186 LXX
859 1159 906 1194 qui
918 1163 1036 1192 vertunt,

256 1197 390 1230 ἐγένοντο,
410 1197 533 1230 legerunt
549 1194 715 1230 haudrdubie
726 1198 769 1230 ΤΠ
784 1201 833 1230 pro
844 1197 895 1230 11,1.

291 1231 358 1258 Ibid.
383 1228 518 1261 ’Λ.,’διότι
538 1229 646 1264 ἰσχυρόν
658 1233 710 1256 etc.
725 1228 898 1264 IIas’AquiIaa
914 1232 946 1264 eti
957 1228 1038 1262 Sym-

257 1265 347 1293 machi
362 1265 492 1292 lectiones
514 1262 696 1291 adfert'idem.
723 1262 815 1290 Lectio
830 1267 919 1290 autem
934 1263 1040 1297 Aquilze

257 1301 364 1328 videtur
376 1299 500 1327 deﬁcere.
527 1297 618 1333 [Barb.
631 1298 740 1333 einbibet
762 1298 861 1333 pariter
875 1297 1040 1333 Tlieodotio-

259 1335 302 1361 nis
314 1334 478 1365 versionem,
490 1331 551 1367 qua:
563 1333 630 1366 fugit
643 1331 940 1367 Montfau’eoniigoeulos
954 1341 960 1357 ι
972 1331 1038 1358 διότι

260 1369 364 1403 ἔχουσιν
381 1368 455 1403 ἰσχὺν
467 1365 514 1401 τὴν
525 1365 604 1401 χεῖρά
615 1366 714 1393 αὐτῶν.
733 1365 848 1402 Danum]

1128 1159 1160 1186 ν.
1174 1159 1200 1186 6.
1215 1160 1259 1192 Α.,
1276 1169 1306 1187 ne
1315 1160 1420 1187 stilletis
1433 1161 1576 1188 stillantes.
1597 1159 1878 1195 Hieroriynius.ABar-

1093 1194 1203 1222 herinus
1215 1202 1278 1222 vero
1295 1195 1424 1223 lectiones
1444 1195 1548 1230 Aquila:
1571 1199 1598 1222 et
1617 1193 1774 1230 Symmachi
1788 1193 1880 1221 Graece

1094 1228 1190 1256 nlenas
1205 1229 1302 1256 adfert.

1123 1236 1190 1256 enas
1205 1234 1302 1257 adfert.

1094 1236 1190 1264 plenas
1205 1236 1302 1257 antert.

1130 1262 1162 1289 V.
1171 1263 1200 1299 ἕ.
1218 1263 1311 1291 Grzeea
1331 1263 1435 1299 Aquilae
1447 1268 1476 1291 et‘
1488 1263 1741 1299 Symmachibabet
1753 1262 1879 1290 Barberi-

1096 1306 1156 1325 nus.
1171 1297 1371 1333 Hieronymus?
1395 1307 1405 1324 ο
1429 1298 1492 1333 quia
1510 1297 1628 1333 verbum
1644 1297 1717 1325 MUL
1728 1303 1756 1325 et
1774 1302 1881 1324 contra-

1095 1333 1164 1358 rium
1175 1337 1202 1359 et
1215 1332 1282 1359 (lieni
1302 1332 1450 1359 hesternum
1472 1337 1560 1363 sonat,
1577 1332 1605 1359 S.
1622 1333 1744 1366 apertius
1761 1336 1880 1359 transtu-

1093 1366 1134 1398 lit,
1149 1371 1178 1393 ut
1193 1368 1293 1395 diceret
1309 1376 1314 1394 :
1332 1373 1392 1394 ante
1405 1375 1486 1394 unam
1505 1367 1574 1394 diem
1588 1371 1639 1394 etc.
1657 1376 1667 1393 ι

843 1458 1022 1490 ΜΙΟΗΙΕᾹΞ
1055 1460 1185 1491 CAPUT
1217 1458 1272 1489 Ill.

261 1508 353 1543 Sanan
372 1516 424 1541 n7:
442 1515 528 1553 VJ‘YP‘I
548 1510 559 1537 I
601 1511 632 1536 Ol
649 1510 759 1543 λοιποὶ,
777 1511 835 1545 (καὶ
852 1511 877 1537 οἱ
903 1510 1046 1545 ἡγούμενοι

264 1558 336 1584 οἴκου
356 1556 484 1591 Ἰσραήλ.)
499 1555 538 1588 0',
555 1555 603 1582 καὶ
618 1555 641 1581 οἱ
654 1555 811 1582 κατάλοιποι
827 1556 901 1581 οἴκου
913 1555 1029 1590 Ἰσραήλ.

264 1653 299 1677 n3
317 1638 410 1675 mm
427 1649 487 1674 una
505 1635 585 1673 dum
601 1643 616 1670 8
652 1643 681 1670 Σ.
702 1643 769 1669 ἀλλὰ
787 1643 839 1679 μὴν
863 1642 918 1677 ἐγὼ
933 1643 1045 1678 ἐνεπλή-

268 1694 330 1727 σθην
346 1691 445 1725 ἰσχύος.
464 1689 501 1722 0',
516 1689 562 1716 ὲὰν
581 1689 618 1724 μὴ
635 1688 689 1723 ἐγὼ
706 1689 837 1724 ἐμπλήσω
853 1689 938 1724 ἰσχύν.

264 1826 335 1852 n‘nn
351 1825 403 1865 rw
421 1809 538 1855 tabanva
555 1825 641 1850 unm
657 1824 717 1850 mw
731 1824 784 1862 pix
801 1811 904 1850 1:255:42
918 1812 962 1864 τρι)
978 1820 1011 1846 t2

272 1869 311 1895 Ἄ.
331 1868 374 1894 διὰ
385 1866 463 1893 τοῦτο
480 1867 559 1902 χάριν
576 1866 652 1900 ὑμῶν
669 1865 738 1892 Σιὼν
757 1865 832 1901 χώρα
851 1866 1046 1902 ὰροτριαθήσε-

264 1923 320 1947 ται,
335 1913 382 1940 καὶ
399 1911 577 1947 Ἰερουσαλὴμ
591 1910 836 1946 λιθολογηθήσεται,
854 1910 892 1944 0’,
909 1910 955 1938 διὰ
966 1911 1044 1938 τοῦτο

264 1960 297 1987 δι’
312 1959 383 1994 ὑμᾶς
402 1957 470 1984 Σιὼν
486 1957 524 1988 ὡς
537 1956 620 1991 ἀγρὸς
634 1956 870 1992 ἀροτριαθήσετσι,
882 1956 928 1984 καὶ
949 1956 1045 1992 Ἰερου-

266 2004 355 2039 σαλὴμ
367 2004 404 2035 ὼς
420 2002 641 2037 ὀπωροφυλάκιον
655 2001 742 2029 ἔσται.

1132 1510 1157 1536 I.
1176 1509 1242 1536 lleb.
1266 1513 1293 1536 et
1307 1509 1501 1544 gubernatores
1533 1509 1630 1537 domus
1647 1509 1739 1538 Israel.
1764 1510 1880 1544 Reliqui.

1096 1554 1158 1581 Vul.
1169 1559 1196 1581 et
1208 1554 1291 1581 duces
1305 1553 1401 1582 domus
1414 1553 1506 1582 Israel.
1523 1553 1607 1586 LXX,
1622 1559 1650 1582 et
1668 1554 1773 1583 residui
1783 1555 1882 1584 domus

1095 1598 1189 1626 Israel.

1130 1645 1157 1672 8.
1173 1644 1205 1672 II.
1221 1649 1247 1672 et
1263 1652 1326 1673 vere
1350 1653 1401 1680 ego
1426 1646 1545 1680 repletus
1570 1653 1630 1674 sum
1660 1645 1837 1674 fortitudine.
1855 1647 1880 1676 5.

1095 1697 1187 1716 verum
1203 1697 1252 1724 ego
1267 1689 1386 1724 repletus
1402 1697 1463 1717 sum
1479 1689 1648 1718 fortitudine.
1665 1689 1751 1723 LXX,
1772 1691 1884 1726 uisiego

1096 1734 1244 1768 implevero
1264 1734 1461 1762 fortitudinem.
1480 1734 1540 1763 VuI.
1565 1739 1756 1763 verumtamen
1770 1743 1823 1771 ego
1844 1744 1884 1764 re-

1095 1779 1184 1813 pictus
1197 1787 1258 1806 sum
1274 1779 1443 1806 fortitudine.

1133 1825 1176 1851 I2.
1198 1824 1230 1851 H.
1248 1824 1351 1852 Idcirco
1378 1830 1488 1860 propter
1502 1832 1551 1852 vos
1577 1825 1644 1852 Sion
1669 1832 1734 1860 ager
1747 1825 1881 1858 arabitur,

1096 1873 1123 1895 et
1136 1868 1286 1896 Jerusalem
1301 1868 1327 1895 in
1345 1876 1457 1897 acervos
1483 1870 1545 1896 erit.
1569 1869 1602 1896 Δ.
1630 1869 1693 1897 Ideo
1711 1874 1824 1904 propter
1836 1878 1882 1897 vos

1099 1914 1164 1942 Sion
1179 1922 1243 1949 ager
1261 1914 1394 1946 arabitur,
1413 1919 1440 1941 et
1452 1914 1602 1942 Jerusalem
1623 1915 1651 1942 in
1673 1922 1802 1943 acervum
1815 1915 1882 1950 lapi-

1098 1959 1164 1987 dum
1188 1959 1334 1994 redigetur.
1365 1959 1446 1992 LXX,
1465 1960 1569 1987 Idcirco
1596 1963 1706 1995 propter
1738 1967 1788 1987 vos
1818 1959 1882 1987 Sion

1099 2004 1178 2040 quasi
1193 2011 1257 2039 ager
1271 2004 1402 2037 arabitur,
1417 2009 1442 2032 et
1457 2004 1609 2032 Jerusalem
1637 2010 1668 2032 ut
1692 2004 1818 2032 custodia
1837 2012 1882 2040 po-

265 2050 344 2077 marii
370 2050 431 2076 erit.
458 2048 520 2075 Vul.
546 2051 657 2083 propter
672 2047 733 2081 hoc,
755 2055 839 2076 causa
866 2048 960 2082 vestri,
979 2047 1044 2076 Sion
1063 2048 1141 2084 quasi
1169 2056 1232 2083 ager
1259 2049 1393 2081 arabitur,
1426 2053 1453 2076 et
1482 2048 1631 2077 Jerusalem
1657 2048 1737 2084 quasi
1767 2055 1882 2076 acervus

265 2095 382 2129 lapidum
398 2093 458 2121 erit.

676 2143 763 2173 Note
778 2146 809 2174 et
825 2141 918 2173 varia;
933 2141 1087 2173 lectiones
1102 2141 1140 2172 ad
1160 2150 1228 2181 cap.
1249 2143 1291 2172 Ill
1319 2142 1470 2174 Michaue.

300 2192 332 2219 V.
350 2193 374 2227 I_.
388 2191 503 2227 Hieron.
517 2202 524 2219 ε
543 2202 551 2218 ι
565 2193 618 2220 Pro
633 2192 740 2227 reliquis
756 2193 849 2220 domus
859 2192 955 2224 Irrael,
969 2199 1047 2220 exce-

265 2228 321 2264 ptis
328 2224 517 2264 LXX_om_nes_,
532 2227 609 2264 doces
624 2224 716 2264 dom_iu
726 2227 813 2264 Israel
822 2227 1044 2255 transtulerunt.»

302 2261 332 2287 V.
349 2261 374 2288 8.
393 2261 433 2294 2.,
446 2261 514 2288 ἀλλὰ
530 2262 582 2297 μὴν
598 2266 650 2289 etc.
674 2261 849 2289 Barberinus.

1140 2191 1173 2218 γ.
1193 2192 1236 2219 η.
1256 2192 1308 2223 Ἀ..
1323 2193 1365 2225 Σ.,
1381 2192 1424 2219 διὰ
1438 2191 1516 2219 τοῦτο
1528 2192 1607 2228 χάριν
1621 2196 1672 2219 etc.
1694 2190 1832 2220 Eusebius
1856 2192 1880 2218 in

1100 2226 1255 2255 Demonstr.
1270 2227 1434 2262 evangelica.

868 2361 1049 2394 MICEIEJE
1072 2362 1202 2394 CAPUT
1225 2362 1279 2392 IV.

263 2413 412 2438 Damnum
431 2409 448 2436 ὅ
484 2409 521 2442 Ο’,
539 2409 633 2437 καὶτὰ
646 2409 744 2446 δόρατα
760 2410 858 2439 αὐτῶν.
873 2411 988 2445 Ἄλλος,
1005 2412 1046 2444 ζι-

264 2455 347 2485 ϐύνας
363 2454 464 2481 αὐτῶν.

264 2491 353 2546 ἶπλδήκ
388 2500 417 2526 Σ.
434 2499 465 2526 Θ.
478 2500 520 2526 ἐπ’
536 2499 620 2532 ἔθνος.
638 2499 676 2534 0’,
692 2501 759 2537 πρὸς
770 2501 854 2534 ἔθνος.

264 2590 374 2630 τινες-ηπ
389 2579 444 2620 55y
463 2588 480 2615 8
522 2590 561 2616 Ἄ.
591 2589 727 2624 σκοτώδης
761 2589 884 2626 Θυγάτηρ
902 2591 981 2619 Σιών.
1012 2593 1042 2619 Σ.

265 2631 421 2666 ἀπόκρυφος
448 2634 569 2669 θυγάτηρ
592 2635 671 2663 Σιών.
690 2635 728 2668 0',
745 2636 900 2671 αὐχμώδης,
922 2637 1043 2672 θυγάτηρ

212 2698 220 2705 .,
264 2675 342 2702 Σιών.

264 2724 347 2750 "mon:
369 2720 396 2748 II
437 2722 463 2748 Σ.
484 2724 662 2758 συνήχθησαν.
677 2727 714 2758 0’,
732 2727 957 2762 ἑπισυνήχθησαν.

1134 2412 1161 2439 5.
1179 2411 1246 2439 Heb.
1263 2411 1343 2444 LXX,
1361 2411 1420 2439 Vul.
1436 2417 1463 2439 et
1479 2411 1573 2439 hastas
1588 2418 1662 2439 suas.
1674 2410 1763 2444 Alius,
1774 2411 1880 2440 lanceas

1099 2464 1174 2483 suas.

1133 2501 1166 2528 II.
1184 2500 1265 2533 LXX,
1279 2506 1373 2528 contra
1396 2505 1514 2536 gentem.
1539 2502 1569 2529 S.
1598 2501 1650 2529 Th.
1663 2509 1745 2537 Super
1763 2507 1878 2537 gentem.

1099 2546 1160 2573 Vul.
1177 2546 1307 2574 adversus
1321 2551 1439 2582 gentem.

1132 2592 1158 2619 8.
1179 2591 1246 2619 Ileb.
1262 2592 1350 2619 editus
1363 2593 1441 2620 locus
1461 2593 1517 2620 lilia
1534 2591 1611 2620 Sion.
1624 2593 1656 2619 Δ.
1673 2593 1818 2621 tenebrosa
1829 2593 1878 2620 lilia

1099 2636 1175 2664 Sion.
1205 2636 1233 2663 S.
1258 2637 1415 2665 abscondita
1443 2637 1499 2672 ipsa
1528 2642 1571 2665 est
1595 2637 1652 2664 lilia
1682 2638 1761 2664 Sion.
1798 2636 1878 2669 LXX.

1098 2681 1249 2715 sqnallens,
1262 2681 1316 2708 lilia
1333 2681 1408 2709 Sion.
1424 2682 1485 2709 Vul.
1505 2683 1635 2710 nebulosa
1652 2682 1707 2709 ﬁlia
1724 2681 1803 2709 Sion.

1136 2727 1177 2753 II.
1198 2727 1264 2755 Ilcb.
1280 2727 1309 2754 8.
1342 2727 1402 2754 Vul.
1427 2732 1593 2764 congregata
1619 2733 1693 2756 sunt.
1714 2727 1799 2760 LXX,
1830 2732 1877 2754 una

1099 2777 1266 2807 congregata:
1284 2777 1357 2800 sunt.
