1967 3079
244 108 313 136 2983

244 174 309 200 η-πω
327 173 400 198 ωηεν
420 162 455 198 κῆ
493 171 521 196 Σ.
541 191 546 197 .
568 191 574 197 .
596 193 602 198 .
625 192 631 198 .
655 193 660 198 .
684 194 689 198 .
713 194 718 199 .
743 193 747 198 .
770 194 777 200 .
799 176 837 206 0',
855 176 884 201 οὐ
905 175 1031 211 ψηλαφη-

245 213 356 248 οήσεται
376 215 457 250 θήρα.

245 302 344 329 antu:
360 291 441 329 π’πιωγ
459 302 475 327 5
511 303 539 328 Σ.
563 323 568 328 .
593 323 599 328 .
622 322 628 328 .
652 323 657 329 .
680 323 686 329 .
708 304 747 336 0',
773 305 818 331 καὶ
837 306 1030 343 ἀσῡενήσουσιν

245 345 274 368 ἐν
285 345 339 375 τοῖς
358 345 480 379 σώμασιν
493 347 591 373 αὐτῶν.

243 472 426 511 avmn‘m
444 480 461 507 4
504 481 543 507 ‘A.
560 481 590 507 Σ.
607 501 616 508 .
638 502 646 508 .
667 502 674 508 .
695 502 702 509 .
725 504 731 510 .
754 504 760 510 .
780 505 787 510 .
805 505 812 511 .
832 487 870 518 ον,
890 488 1027 524 ἡγουμένη

243 525 405 560 φαρμάκων.

241 615 277 660 ηρ
298 617 365 642 mm
388 619 466 643 ττι-πυ
487 620 566 646 nam
587 621 658 657 πω
679 622 733 647 ττιν
755 612 876 660 vsa-5:
896 625 957 651 rem
976 623 993 648 7

239 649 343 687 ria-nr
380 660 409 686 Σ,
431 680 438 686 .
462 681 469 687 .
492 681 498 686 .
521 682 526 688 .
550 681 558 687 .
637 682 644 688 .
665 683 671 689 .
691 664 728 695 οι,
753 649 801 690 κὶα
828 649 914 698 εσταέέ
940 649 992 699 ita;
1014 669 1028 694 ὁ

238 704 310 738 ὀρῶν
326 713 355 731 σε
367 706 551 742 καταϐήσεται
565 707 618 734 ἀπὸ
633 708 690 739 σοῦ,
704 709 750 735 καὶ
763 709 830 743 ὲρεῖ,
854 711 965 738 Δειλαία
979 713 1028 738 Νι-

237 750 314 785 νευὴ,
331 750 372 782 τίς
388 752 510 784 στενάξει
521 753 624 788 αὐτήνς

769 115 1006 147 HEXAPLORUH
1027 116 1071 150 QU
1078 117 1110 146 ΑΕ
1132 117 1347 147 SUPERSUNT.

1800 125 1868 153 E984

1119 176 1186 204 ch.
1202 184 1256 206 non
1267 179 1371 207 recedet
1388 180 1487 214 praeda.
1502 181 1529 207 S.
1548 182 1591 209 ubi
1609 182 1768 210 indesinens
1779 185 1867 217 pra-da

1083 225 1132 247 est.
1151 220 1231 254 LXX,
1260 230 1314 250 non
1341 225 1554 253 contrectabitur
1582 227 1698 255 venatio.
1731 226 1792 254 \‘ul.
1815 235 1866 253 non

1082 266 1190 293 recedet
1210 273 1225 292 a
1247 271 1271 293 te
1289 268 1393 302 rapina.

1117 311 1142 337 5.
1161 310 1241 338 Hebr.
1272 313 1421 348 impinge-ut
1450 315 1475 341 in
1501 323 1614 350 corpora
1644 324 1752 343 eorum.
1780 317 1808 343 8.
1841 322 1865 344 et

1082 355 1224 383 offendunt
1236 357 1263 383 in
1278 358 1456 386 cadaveribus
1478 365 1657 388 mortuorum.
1683 361 1767 393 LXX,
1785 367 1811 388 et
1827 363 1866 388 in-

1079 400 1259 428 tirmabuntur
1277 402 1302 428 in
1320 404 1479 438 corporibus
1491 412 1596 433 eorum.
1615 405 1676 432 γυι.
1696 411 1723 433 et
1738 411 1865 433 corruent

1080 445 1107 471 in
1123 447 1284 480 corporibus
1307 448 1374 475 suis.

1115 490 1142 516 4.
1160 490 1226 518 lleb.
1243 496 1364 525 patrona:
1380 494 1629 522 maleﬁciorumA.
1647 495 1675 522 S.
1691 496 1796 523 habens
1809 503 1864 522 nta-

1078 535 1175 564 lcticia.
1205 536 1287 570 LXX,
1323 539 1377 566 dux
1409 540 1615 568 maleﬁciorum.
1646 541 1706 568 ναι.
1739 542 1863 569 habentis

1078 581 1221 608 maleﬁcia.

1114 624 1140 650 7.
1156 625 1224 652 lleb.
1243 625 1277 653 Et.
1289 627 1341 654 erit
1353 628 1442 656 omnis
1457 629 1503 663 qui
1521 629 1618 657 viderit
1636 635 1662 657 te
1688 631 1830 664 vagabitur
1848 639 1862 657 α

1077 672 1114 701 te,
1127 674 1153 697 et
1167 671 1246 704 dicet,
1266 671 1376 700 Vastata
1389 679 1430 701 est
1444 674 1548 708 Ninive,
1574 677 1636 710 quis
1656 677 1813 704 condolcbit
1824 677 1864 704 ei?

1077 714 1105 741 8.
1126 715 1156 742 Ει
1173 717 1264 745 omnis
1279 718 1326 752 qui
1351 719 1448 746 viderit
1475 724 1500 747 te
1525 721 1631 748 recedet
1645 729 1659 748 a
1686 727 1722 754 te,
1740 727 1767 749 et
1782 722 1862 754 dicet.

1077 757 1212 794 Dissipat:
1225 767 1267 789 est
1282 762 1388 795 Ninive,
1403 765 1465 798 quis
1479 766 1581 799 lugebit
1594 773 1656 793 cum
1670 767 1723 794 ea?
1737 766 1818 799 LXX,
1832 767 1863 795 Et

237 795 299 827 erit,
312 797 401 825 omnis
413 798 459 832 qui
479 799 577 826 viderit
587 803 612 826 te
626 800 756 828 reccdeta
777 805 812 832 te,
831 806 857 828 et
880 801 961 834 dicet,
992 802 1089 833 Misera
1109 804 1215 840 Ninive,
1250 808 1312 842 quis
1330 795 1418 843 gemet
1441 795 1522 837 eam;
1546 811 1608 838 Vul.
1630 817 1657 839 et
1675 813 1746 840 erit:
1762 795 1861 845 omnis.

237 841 284 875 qui
296 842 394 870 viderit
409 848 445 876 te,
463 846 564 873 resiliet
577 854 592 873 a
605 851 639 880 te,
654 848 763 875 etdicet
778 858 784 875 :
801 847 911 876 Vastata
921 853 962 877 est
973 849 1069 878 Ninive
1085 860 1091 877 :
1113 853 1174 886 quis
1189 841 1371 883 commovebit
1383 865 1464 892 super
1481 863 1507 885 te
1522 859 1624 893 caput?

234 889 321 928 ann
341 888 373 915 18
416 890 457 916 Ἀ.
471 891 500 917 Σ.
510 891 539 917 Θ.
552 892 565 917 ὀ
584 893 717 927 συνάγων.
727 894 765 926 0',
779 895 965 930 ἐκδεχόμενος.

1112 899 1155 926 18.
1173 899 1241 928 Heb.
1258 902 1291 929 A.
1314 902 1342 930 S.
1373 902 1425 931 Tb.
1450 904 1512 932 Vul.
1527 906 1574 940 qui
1599 911 1756 942 congregct.
1781 906 1861 939 LXX.

1073 943 1120 977 qui
1138 946 1282 980 suscipiat.

667 994 754 1024 Nota;
766 997 796 1024 et
812 994 906 1024 varias
929 994 1084 1030 lectiones
1099 999 1137 1030 ad
1152 1009 1220 1040 cap.
1237 1003 1282 1034 Ill
1299 1005 1432 1037 Nahum.

249 1036 300 1076 'V.
320 1037 346 1078 Ι.
367 1039 563 1078 Meminimus:
588 1042 666 1078 (Ubi
683 1051 732 1071 nos
752 1044 893 1078 posuimus
914 1045 1019 1071 lacera-

234 1072 304 1111 tione
316 1072 404 1111 plena,
422 1074 447 1101 in
464 1072 576 1103 Hebrzeo
602 1077 716 1104 habetur
735 1072 870 1106 P'HEREC
889 1078 1016 1111 MALEA,

232 1106 304 1149 quod
324 1107 516 1149 interpretatus
530 1111 632 1149 _estA.,
647 1112 842 1148 ὲξαυχενισμοῦ
860 1114 977 1149 πλήρης,
998 1106 1015 1139 ί.

231 1148 268 1181 ετ.
284 1143 490 1181 ezcgrvicatione
508 1145 596 1179 plena.
615 1143 797 1181 Symmachus
811 1143 1016 1175 autem'dnoro-

232 1175 296 1208 μίας
307 1176 429 1215 [πλήρης.
443 1175 515 1215 quod
531 1175 676 1214 possunius
691 1183 791 1214 dicere,
805 1183 961 1210 crudelitate
976 1182 1018 1209 vel

231 1213 368 1237 sereritale
383 1213 472 1245 plena.
493 1213 625 1242 ln’altcra
641 1217 700 1251 ejus
714 1218 832 1244 editione
849 1218 951 1252 reperi,
970 1225 1018 1252 με·

1070 1048 1202 1093 λεκοπίας
1219 1053 1335 1093 πλήρης,
1348 1056 1365 1082 i.
1383 1064 1420 1093 e.,
1437 1059 1594 1086 sectionibus
1611 1059 1749 1091 carnium,
1764 1066 1787 1086 et
1803 1060 1860 1093 [τι.

1070 1088 1125 1124 δηξ-
1134 1093 1180 1124 per
1191 1088 1307 1124 membra
1322 1092 1446 1118 concisis.
1460 1101 1470 1117 ι

1107 1117 1175 1164 ibid;
1189 1120 1230 1164 51:,
1249 1123 1292 1150 ubi
1308 1117 1455 1164 indaginem
1466 1130 1521 1164 etc:
1533 1127 1726 1164 llieronymns.

1105 1152 1138 1198 χ.
1201 1152 1243 1198 8.,
1255 1163 1280 1198 ει
1293 1152 1860 1198 offenduntetc.:Drusiitsnext"llicronymo.

1108 1186 1139 1233 Χ.
1195 1186 1242 1233 ιλ..
1255 1191 1296 1233 5.,
1308 1186 1776 1233 'ltnberts

1109 1222 1139 1249 V.
1157 1224 1183 1251 7.
1199 1224 1240 1259 S.,
1258 1222 1389 1256 et'omnis
1407 1231 1453 1264 qui
1472 1222 1564 1257 viderit
1578 1222 1842 1267 etc-.il-lidronvnlus.

765 1309 951 1341 ΗΑΒΛουο
979 1310 1106 1342 CAPUT
1130 1314 1298 1349 PRIMUM.

229 1369 321 1395 »ωδ-τ
340 1366 350 1393 Ι
397 1368 437 1394 'A.
452 1367 537 1404 ἅρμα.
555 1370 584 1396 Σ.
600 1371 638 1402 ον,
650 1371 680 1397 Θ.
704 1371 810 1406 λῆμμα.

229 1415 305 1441 εγω
323 1416 374 1442 ῚΝἿ
391 1413 408 1439 5
451 1415 489 1441 Ἄ.
508 1415 537 1441 Σ.
553 1415 583 1443 Θ,
604 1436 610 1442 .
633 1436 640 1442 .
663 1436 669 1442 .
690 1437 695 1443 .
719 1437 726 1443 .
747 1418 784 1449 0’,
804 1417 872 1444 ἴδετε
889 1418 914 1444 οἱ
932 1426 1016 1444 κατα-

230 1457 362 1492 φρονηταί
392 1459 512 1493 Ἄλλος,
527 1479 534 1486 .
551 1479 557 1487 .
572 1481 579 1487 .
594 1461 723 1494 Ἀλλος,
749 1482 755 1488 .
774 1483 780 1489 .
804 1484 809 1489 .
830 1483 837 1489 .

228 1550 343 1576 πων-τ)
359 1551 461 1578 mam
478 1540 514 1579 δι’)
532 1553 637 1579 ωηεν)
654 1543 709 1582 Ηυξ)
726 1542 824 1582 θίγε-π)
868 1553 896 1579 Σ.
919 1573 924 1579 .
947 1573 953 1579 .
977 1574 982 1579 .
1005 1573 1012 1580 .

228 1593 266 1624 0’,
279 1592 345 1619 διότι
358 1593 437 1629 ἔργον
453 1594 507 1628 ἐγὼ
518 1595 670 1630 ἐργάζομαι
682 1597 711 1623 ὲν
725 1598 785 1628 ταῖς
797 1598 913 1632 ἡμέραις
926 1598 1012 1632 ὑμῶν,

227 1636 242 1661 ὃ
253 1637 282 1663 οὐ
303 1637 340 1673 μὴ
350 1638 513 1674 πιστεύσητε
526 1638 573 1666 ὲά⁸ν
588 1649 630 1672 τις
651 1641 818 1676 ἐκδιηγῆται.

226 1839 277 1865 ιω
294 1839 383 1866 1mm
401 1840 508 1866 ﬁt:st
524 1841 600 1866 tanta
618 1841 667 1866 mn
684 1837 698 1862 7
737 1837 765 1863 Σ.
778 1838 858 1869 αὐτὸς
869 1839 956 1874 ἐαυτῷ
972 1840 1010 1866 δι-

227 1881 316 1914 κάσει,
340 1882 387 1908 καὶ
412 1881 500 1917 δόγμα
515 1881 545 1908 τὸ
563 1882 660 1908 ἑαυτοῦ
684 1883 898 1915 ἐπεξελεύσεται.
917 1886 955 1917 0',
980 1885 1010 1917 ἐξ

228 1926 310 1953 αὑτοῦ
326 1927 355 1953 τὸ
370 1927 456 1962 κρίμα
471 1927 552 1954 αὐτοῦ
567 1927 653 1961 ἔσται,
667 1928 715 1955 καὶ
728 1928 758 1954 τὸ
773 1929 869 1964 λῆμμα
886 1930 966 1956 αὑτοῦ
980 1930 1009 1962 ἐξ

226 1971 307 1997 αὐτοῦ
328 1972 507 2005 ἐξελεύσεται.

229 2074 316 2101 την-ιε)
335 2074 401 2101 ’ΜΣΝ
418 2070 435 2097 8
471 2071 500 2098 Σ.
514 2091 521 2098 .
538 2091 545 2097 .
567 2091 575 2098 .
593 2091 600 2098 .
618 2092 625 2099 .
639 2071 679 2104 0’,
704 2072 748 2099 καὶ
766 2072 960 2105 ἐξιππάσονται
985 2073 1010 2100 οι

230 2116 322 2147 tamtsi;
336 2116 428 2144 αὐτοῦ.

223 2219 281 2246 ΞἿἸ
300 2219 389 2243 ’ΞΜ
430 2215 470 2241 'A.
496 2216 572 2250 παρὰ
595 2216 742 2251 παρδάλεις
763 2217 812 2251 τῆς
825 2217 955 2253 ἑσπέρας.
969 2218 1008 2250 θ’,

226 2259 296 2293 ὑπὲρ
310 2259 372 2290 τοὺς
386 2258 484 2290 λύκους
497 2259 547 2294 τῆς
569 2260 708 2295 Ἀραδίοις.

224 2350 285 2375 κω
303 2338 384 2376 part5
401 2337 452 2376 rh:
470 2346 488 2373 9
523 2347 552 2372 Σ.
580 2347 667 2374 πάντα
689 2348 729 2379 εἰς
758 2347 913 2381 πλεονεξίαν
937 2349 1006 2384 ἥξει.

223 2392 261 2423 0',
283 2391 422 2418 συντέλεια
433 2392 473 2423 εὶς
486 2391 594 2423 ἀσεϐεῖς
610 2392 680 2426 ἥξει.

222 2483 313 2521 ΠὩνΊΡ
329 2483 414 2509 unus
437 2484 523 2509 nm):
558 2480 586 2506 Σ.
605 2481 621 2515 ἡ
649 2481 780 2516 πρόσοψις
793 2483 839 2509 τοῦ
861 2483 1005 2519 προσώπου

222 2523 312 2550 αὐτῶν
325 2523 424 2558 ἄνεμος
436 2524 554 2551 καύσων.
571 2525 610 2558 0',
630 2525 830 2562 ἀνθεστηκότας
853 2529 1006 2563 προσώποις

222 2568 310 2594 αὐτῶν
323 2569 484 2601 ἐξεναντίας.

222 2660 302 2685 mam
322 2656 352 2683 Η
398 2658 436 2684 'A.
458 2658 486 2684 Σ.
504 2659 550 2685 καὶ
567 2659 766 2696 πλημμελήσει.
786 2663 825 2694 0’,
849 2662 894 2688 καὶ
916 2663 1004 2695 ἐξιλά-

221 2710 307 2729 σεται.

221 2749 308 2773 m
326 2735 378 2773 δι’)
395 2748 470 2791 ρντρ
488 2737 552 2775 mea
571 2751 648 2777 τπδ’
672 2752 756 2791 D't'pﬂ
773 2755 834 2778 nm
852 2742 917 2781 trba
936 2752 970 2778 12

219 2793 298 2818 tam
317 2781 412 2819 num-tv
427 2781 488 2820 ann
503 2796 586 2822 mm:
610 2781 722 2824 usuin“;
746 2799 805 2825 7.1m
829 2797 888 2823 .'A.
908 2818 914 2824 .
939 2819 945 2824 .
967 2819 973 2824 .
996 2820 1002 2826 .

219 2853 228 2860 ν
251 2856 256 2862 .
281 2855 287 2862 .
312 2837 358 2863 καὶ
369 2836 478 2872 στερεὸν
491 2837 531 2868 εἰς
544 2838 574 2864 τὸ
584 2838 706 2874 ἐλέγχειν
717 2840 901 2876 ἐθεμελίωσας
911 2845 1001 2871 αὐτόν.

221 2881 1002 2925 Σ........εῑςτὸκρίνειν......καὶκρα-

1105 1377 1130 1404 Ι.
1148 1378 1212 1406 lleb.
1232 1382 1265 1408 Α.
1285 1381 1346 1408 Vul.
1358 1389 1437 1410 onus.
1453 1384 1480 1410 S.
1495 1383 1574 1416 LXX,
1589 1384 1639 1412 Tlt.
1656 1385 1821 1421 assumptio.

1103 1424 1128 1450 5.
1147 1424 1211 1452 lleb.
1230 1426 1319 1454 videte
1333 1427 1360 1453 in
1377 1429 1514 1462 gentibus.
1526 1430 1558 1457 Α.
1581 1429 1609 1457 8.
1635 1430 1685 1458 Th.
1708 1431 1771 1458 Vul.
1784 1433 1857 1468 aspi-

1066 1469 1119 1496 cite
1133 1470 1158 1496 in
1174 1471 1311 1505 gentibus.
1329 1472 1410 1505 LXX,
1427 1475 1516 1502 videte
1539 1481 1751 1512 contemptores.
1767 1478 1855 1509 Alius.

1066 1515 1192 1543 videbitis
1203 1517 1425 1546 calumniatores.
1434 1519 1508 1546 Alius
1517 1540 1525 1553 ,
1539 1521 1664 1549 videbitis
1674 1523 1855 1550 declinantes.

1100 1558 1134 1585 Η.
1161 1559 1230 1592 Quia
1251 1569 1318 1595 opus
1342 1569 1459 1597 operans
1480 1563 1506 1590 in
1539 1564 1636 1592 diebus
1661 1566 1773 1597 vesuis,
1800 1573 1855 1592 non

1064 1605 1176 1633 creditis
1190 1614 1252 1633 cum
1269 1608 1438 1635 narrabitur.
1458 1608 1486 1635 S.
1502 1610 1565 1644 quia
1580 1618 1647 1644 opus
1659 1610 1703 1637 ﬁet
1715 1611 1741 1636 in
1758 1611 1856 1638 diebus

1063 1651 1170 1683 vestris,
1186 1653 1258 1686 quod
1272 1661 1351 1680 nemo
1361 1654 1453 1681 credet
1463 1662 1523 1682 cum
1536 1655 1854 1691 narrabitur.l.XX,quia

1063 1702 1132 1729 opus
1140 1703 1190 1730 ego
1202 1703 1299 1730 operor
1311 1697 1337 1724 in
1352 1698 1447 1725 diebus
1461 1700 1560 1726 veSIris
1572 1701 1644 1734 quod
1659 1709 1713 1728 non
1723 1702 1854 1732 credetis,

1062 1740 1085 1768 si
1100 1741 1162 1775 quis
1188 1743 1348 1769 narraverit.
1370 1742 1431 1770 Vul.
1453 1744 1516 1778 quia
1549 1753 1617 1779 opus
1633 1746 1734 1773 factum
1753 1752 1796 1773 est
1827 1748 1853 1774 in

1062 1785 1157 1812 diebus
1175 1787 1282 1818 vestris,
1299 1787 1372 1822 quod
1393 1796 1474 1816 nemo
1489 1790 1581 1817 credet
1595 1798 1656 1818 cum
1684 1792 1851 1818 narrabitur.

1078 1841 1104 1867 7.
1123 1841 1188 1869 [leb.
1206 1842 1264 1876 Ipsa
1279 1851 1311 1871 cx
1326 1844 1414 1878 seipsa
1431 1844 1562 1878 judicium
1588 1846 1657 1880 ejus,
1676 1850 1702 1873 et
1721 1846 1853 1874 exaltatio

1060 1885 1119 1919 ejus
1136 1887 1297 1921 egredietur.
1311 1888 1340 1914 S.
1355 1887 1414 1922 ipsa
1430 1889 1627 1924 sibijudicabit,
1643 1897 1668 1917 et.
1682 1891 1793 1917 decreto
1801 1899 1852 1918 suo

1059 1931 1221 1965 egredietur.
1245 1932 1327 1966 LXX,
1355 1943 1387 1962 cx
1409 1935 1467 1970 ipsa
1492 1935 1623 1970 judicium
1654 1935 1715 1968 ejus
1737 1936 1799 1967 erit,
1825 1941 1851 1962 ct

1061 1978 1210 2011 assumptio
1232 1979 1291 2013 ejus
1305 1987 1336 2006 ex
1349 1988 1378 2007 se
1393 1981 1554 2015 egredietur.
1570 1980 1629 2007 Vul.
1646 1980 1683 2008 Ex
1703 1982 1850 2016 semetipsa

1059 2022 1202 2057 judicium,
1212 2029 1238 2051 et
1256 2031 1326 2052 onus
1339 2026 1398 2060 ejus
1406 2027 1568 2061 egredietur.

1095 2068 1121 2095 8.
1138 2068 1171 2095 ll.
1188 2074 1214 2095 et
1225 2069 1277 2096 late
1290 2070 1421 2103 patebunt
1436 2072 1539 2106 equites
1554 2071 1622 2106 ejus.
1633 2071 1661 2098 S.
1677 2071 1849 2099 eﬂ'undentur

1061 2113 1168 2147 equites
1181 2113 1251 2147 ejus.
1260 2113 1342 2146 LXX,
1354 2119 1380 2142 et
1394 2115 1554 2149 equitabunt
1570 2116 1676 2150 equites
1691 2116 1761 2150 ejus.
1784 2115 1847 2142 \‘ul.

1060 2163 1087 2185 et
1110 2158 1294 2186 diﬂundentur
1311 2160 1416 2194 equites
1431 2160 1501 2194 ejus.

1096 2202 1178 2230 Hebr.
1191 2211 1245 2237 prae
1261 2203 1331 2238 lupis
1346 2211 1473 2238 vesperae.
1492 2204 1522 2232 A.
1539 2212 1594 2239 pra‘
1607 2205 1698 2240 pardis
1714 2212 1843 2239 vesperm.

1060 2248 1142 2282 LXX,
1193 2249 1264 2283 lupis
1302 2249 1418 2276 Arabian
1458 2249 1519 2278 \'ul.
1567 2250 1741 2286 (velociores)
1775 2251 1844 2286 lupis

1060 2295 1233 2330 vespertinis.

1093 2341 1120 2368 9.
1138 2340 1169 2367 ll.
1188 2345 1241 2368 tota
1259 2341 1315 2376 ipsa
1332 2341 1365 2368 atl
1394 2341 1514 2375 rapinam
1533 2341 1629 2368 veniet.
1661 2342 1690 2369 8.
1709 2342 1802 2369 omnia
1818 2343 1843 2369 in

1058 2387 1200 2414 avaritiam
1231 2387 1349 2414 venient.
1376 2386 1456 2419 LXX,
1473 2387 1673 2415 consummatio
1693 2387 1719 2414 in
1747 2387 1844 2423 impios

1058 2432 1158 2459 veniet.
1175 2431 1235 2459 Vul.
1254 2440 1348 2459 omnes
1363 2432 1396 2459 ad
1415 2433 1530 2466 prtedam
1548 2433 1666 2459 venient.

1095 2477 1162 2505 lleb.
1186 2478 1321 2512 oppesitio
1338 2478 1468 2505 l‘acierum
1486 2485 1580 2504 eorum
1599 2479 1632 2505 ad
1651 2478 1795 2505 orientem.
1814 2477 1841 2504 S.

1059 2526 1185 2557 aspcctus
1202 2523 1291 2549 vultus
1320 2530 1417 2550 eorum
1437 2527 1535 2550 ventus
1559 2531 1651 2550 urens.
1673 2522 1754 2555 LXX,
1776 2526 1842 2550 resi-

1059 2573 1161 2595 stentes
1172 2567 1293 2596 faciebus
1309 2569 1429 2603 ipsorum
1463 2576 1495 2595 ex
1525 2569 1649 2597 adverso.
1668 2569 1730 2597 \‘ul.
1758 2569 1840 2596 facies

1057 2621 1150 2641 eorum
1164 2619 1261 2642 ventus
1279 2622 1369 2642 urens.
1847 2613 1848 2617 “

1091 2661 1134 2687 Η.
1148 2660 1230 2688 Hebr.
1247 2662 1280 2688 Α.
1294 2660 1323 2687 8.
1341 2665 1368 2688 et
1381 2661 1529 2696 delinquet.
1549 2661 1629 2694 LXX,
1642 2667 1668 2690 et
1681 2663 1839 2698 propitiabi-

1057 2712 1110 2735 tur.
1126 2706 1188 2734 ναι.
1204 2712 1231 2734 et
1245 2711 1363 2736 corruet.

1092 2753 1137 2779 ιε.
1152 2752 1185 2779 ll.
1208 2753 1303 2780 Nonne
1316 2757 1343 2779 tu
1354 2760 1369 2780 a
1386 2753 1520 2788 principio
1531 2753 1664 2781 Dominus
1684 2753 1756 2782 Deus
1764 2761 1838 2782 meus

1057 2803 1169 2826 sanctus
1190 2799 1288 2826 meus?
1319 2807 1371 2826 non
1401 2799 1560 2832 moriemur,
1579 2799 1705 2832 Domine,
1721 2800 1753 2827 ad
1768 2799 1838 2833 judi-

1055 2845 1127 2872 cium
1146 2845 1259 2879 posuisti
1275 2852 1349 2878 eum,
1367 2849 1393 2872 et
1411 2849 1515 2880 petram
1525 2846 1558 2873 ad
1575 2845 1769 2879 increpandum
1781 2844 1837 2871 fun-

1055 2891 1124 2919 dasti
1141 2898 1214 2920 cum.
1319 2891 1464 2931 etﬁrmum
1477 2891 1510 2920 ad
1530 2891 1699 2927 arguentium
1717 2890 1835 2919 fundasti
