  <div class='ocr_page' id='page_1' title='image "/cluster/home/n/w/nwhite01/storage/ocr_20150623/16, pt.3/njp.32101010944575/384.png"; bbox 0 0 1967 3079; ppageno 0'>
   <div class='ocr_carea' id='block_1_1' title="bbox 108 152 175 180">
    <p class='ocr_par' dir='ltr' id='par_1_1' title="bbox 108 152 175 180">
     <span class='ocr_line' id='line_1_1' title="bbox 108 152 175 180; baseline 0 -2"><span class='ocrx_word' id='word_1_1' title='bbox 108 152 175 180; x_wconf 76' lang='grc'><strong>9903</strong></span> 
     </span>
    </p>
   </div>
   <div class='ocr_carea' id='block_1_2' title="bbox 106 212 787 248">
    <p class='ocr_par' dir='ltr' id='par_1_2' title="bbox 106 212 787 248">
     <span class='ocr_line' id='line_1_2' title="bbox 106 212 787 248; baseline 0.006 -11"><span class='ocrx_word' id='word_1_2' title='bbox 106 213 170 243; x_wconf 81' lang='grc' dir='ltr'><em>λος,</em></span> <span class='ocrx_word' id='word_1_3' title='bbox 186 212 324 245; x_wconf 70' lang='grc' dir='ltr'>ποταμοὺς</span> <span class='ocrx_word' id='word_1_4' title='bbox 340 212 534 244; x_wconf 67' lang='grc' dir='ltr'><strong>ὁιεισκεδὰσεις,</strong></span> <span class='ocrx_word' id='word_1_5' title='bbox 553 214 600 242; x_wconf 73' lang='grc' dir='ltr'><strong>καὶ</strong></span> <span class='ocrx_word' id='word_1_6' title='bbox 616 214 667 248; x_wconf 72' lang='grc' dir='ltr'>γῆν</span> <span class='ocrx_word' id='word_1_7' title='bbox 681 214 787 246; x_wconf 77' lang='grc' dir='ltr'><strong>σώσεις.</strong></span> 
     </span>
    </p>
   </div>
   <div class='ocr_carea' id='block_1_3' title="bbox 104 292 856 339">
    <p class='ocr_par' dir='ltr' id='par_1_3' title="bbox 104 292 856 339">
     <span class='ocr_line' id='line_1_3' title="bbox 104 292 856 339; baseline 0 -13"><span class='ocrx_word' id='word_1_8' title='bbox 104 302 191 326; x_wconf 66' lang='lat' dir='ltr'><strong>cum</strong></span> <span class='ocrx_word' id='word_1_9' title='bbox 209 301 254 339; x_wconf 61' lang='lat' dir='ltr'><strong>pa:</strong></span> <span class='ocrx_word' id='word_1_10' title='bbox 274 303 333 329; x_wconf 74' lang='grc' dir='ltr'>’τιν</span> <span class='ocrx_word' id='word_1_11' title='bbox 352 301 424 339; x_wconf 59' lang='lat' dir='ltr'><strong>gn:</strong></span> <span class='ocrx_word' id='word_1_12' title='bbox 447 304 516 330; x_wconf 60' lang='lat' dir='ltr'><strong>cani</strong></span> <span class='ocrx_word' id='word_1_13' title='bbox 533 303 620 329; x_wconf 58' lang='lat' dir='ltr'><strong>utan</strong></span> <span class='ocrx_word' id='word_1_14' title='bbox 644 292 713 331; x_wconf 63' lang='lat' dir='ltr'><strong>15w</strong></span> <span class='ocrx_word' id='word_1_15' title='bbox 732 306 802 339; x_wconf 64' lang='lat' dir='ltr'><strong>11m</strong></span> <span class='ocrx_word' id='word_1_16' title='bbox 822 301 856 327; x_wconf 82' lang='lat' dir='ltr'><strong>to</strong></span> 
     </span>
    </p>
   </div>
   <div class='ocr_carea' id='block_1_4' title="bbox 104 334 890 381">
    <p class='ocr_par' dir='ltr' id='par_1_4' title="bbox 104 334 890 381">
     <span class='ocr_line' id='line_1_4' title="bbox 104 334 890 381; baseline 0.001 -11"><span class='ocrx_word' id='word_1_17' title='bbox 104 346 164 371; x_wconf 61' lang='lat' dir='ltr'><strong>N273</strong></span> <span class='ocrx_word' id='word_1_18' title='bbox 181 334 251 371; x_wconf 56' lang='lat' dir='ltr'><strong>\‘il&#39;l’</strong></span> <span class='ocrx_word' id='word_1_19' title='bbox 271 347 325 372; x_wconf 80' lang='lat' dir='ltr'><strong>D&#39;l&#39;l</strong></span> <span class='ocrx_word' id='word_1_20' title='bbox 343 334 400 381; x_wconf 58' lang='lat' dir='ltr'><strong>151p</strong></span> <span class='ocrx_word' id='word_1_21' title='bbox 436 344 473 376; x_wconf 83' lang='grc' dir='ltr'><strong>Ο’,</strong></span> <span class='ocrx_word' id='word_1_22' title='bbox 489 343 598 377; x_wconf 74' lang='grc' dir='ltr'>ὕψονταί</span> <span class='ocrx_word' id='word_1_23' title='bbox 616 353 645 371; x_wconf 81' lang='grc' dir='ltr'><strong>σε</strong></span> <span class='ocrx_word' id='word_1_24' title='bbox 667 345 714 371; x_wconf 71' lang='grc' dir='ltr'><strong>καὶ</strong></span> <span class='ocrx_word' id='word_1_25' title='bbox 731 334 890 380; x_wconf 70' lang='grc' dir='ltr'><strong>ὧδινήσουσι</strong></span> 
     </span>
    </p>
   </div>
   <div class='ocr_carea' id='block_1_5' title="bbox 103 386 892 425">
    <p class='ocr_par' dir='ltr' id='par_1_5' title="bbox 103 386 892 425">
     <span class='ocr_line' id='line_1_5' title="bbox 103 386 892 425; baseline 0.008 -14"><span class='ocrx_word' id='word_1_26' title='bbox 103 386 172 417; x_wconf 83' lang='grc' dir='ltr'>λαοὶ,</span> <span class='ocrx_word' id='word_1_27' title='bbox 186 386 342 420; x_wconf 70' lang='grc' dir='ltr'>σκορπίζων</span> <span class='ocrx_word' id='word_1_28' title='bbox 359 387 443 414; x_wconf 75' lang='grc' dir='ltr'>ὕδατα</span> <span class='ocrx_word' id='word_1_29' title='bbox 464 389 576 423; x_wconf 77' lang='grc' dir='ltr'><strong>πορείας</strong></span> <span class='ocrx_word' id='word_1_30' title='bbox 589 397 596 403; x_wconf 93' lang='grc'><strong>·</strong></span> <span class='ocrx_word' id='word_1_31' title='bbox 614 389 712 416; x_wconf 80' lang='grc' dir='ltr'>ἔδωκεν</span> <span class='ocrx_word' id='word_1_32' title='bbox 737 391 753 425; x_wconf 80' lang='grc' dir='ltr'><strong>ἡ</strong></span> <span class='ocrx_word' id='word_1_33' title='bbox 775 390 892 422; x_wconf 57' lang='lat' dir='ltr'><strong>datio-oo;</strong></span> 
     </span>
    </p>
   </div>
   <div class='ocr_carea' id='block_1_6' title="bbox 103 431 891 469">
    <p class='ocr_par' dir='ltr' id='par_1_6' title="bbox 103 431 891 469">
     <span class='ocr_line' id='line_1_6' title="bbox 103 431 891 469; baseline 0.008 -13"><span class='ocrx_word' id='word_1_34' title='bbox 103 431 197 466; x_wconf 72' lang='grc' dir='ltr'>φωνὴν</span> <span class='ocrx_word' id='word_1_35' title='bbox 215 431 310 466; x_wconf 73' lang='grc' dir='ltr'><strong>αὐτῆς,</strong></span> <span class='ocrx_word' id='word_1_36' title='bbox 330 432 394 467; x_wconf 74' lang='grc' dir='ltr'><strong>ὕψος</strong></span> <span class='ocrx_word' id='word_1_37' title='bbox 409 434 558 467; x_wconf 75' lang='grc' dir='ltr'><strong>φαντασίας</strong></span> <span class='ocrx_word' id='word_1_38' title='bbox 569 434 663 468; x_wconf 83' lang='grc' dir='ltr'><strong>αὐτῆς.</strong></span> <span class='ocrx_word' id='word_1_39' title='bbox 681 435 798 468; x_wconf 78' lang='grc' dir='ltr'><em>Ἄλλος,</em></span> <span class='ocrx_word' id='word_1_40' title='bbox 811 436 840 461; x_wconf 82' lang='grc' dir='ltr'>ὲν</span> <span class='ocrx_word' id='word_1_41' title='bbox 855 435 891 469; x_wconf 84' lang='grc' dir='ltr'><strong>τῷ</strong></span> 
     </span>
    </p>
   </div>
   <div class='ocr_carea' id='block_1_7' title="bbox 101 476 890 516">
    <p class='ocr_par' dir='ltr' id='par_1_7' title="bbox 101 476 890 516">
     <span class='ocr_line' id='line_1_7' title="bbox 101 476 890 516; baseline 0.009 -15"><span class='ocrx_word' id='word_1_42' title='bbox 101 476 305 511; x_wconf 77' lang='grc' dir='ltr'><strong>ἀντοφθαλμεῖν</strong></span> <span class='ocrx_word' id='word_1_43' title='bbox 333 486 362 503; x_wconf 89' lang='grc' dir='ltr'><strong>σε</strong></span> <span class='ocrx_word' id='word_1_44' title='bbox 385 478 601 513; x_wconf 83' lang='grc' dir='ltr'>ταραχθήσονται</span> <span class='ocrx_word' id='word_1_45' title='bbox 614 479 648 506; x_wconf 87' lang='grc' dir='ltr'>τὰ</span> <span class='ocrx_word' id='word_1_46' title='bbox 662 480 710 515; x_wconf 78' lang='grc' dir='ltr'>ὅρη</span> <span class='ocrx_word' id='word_1_47' title='bbox 723 487 729 494; x_wconf 88' lang='grc'><strong>·</strong></span> <span class='ocrx_word' id='word_1_48' title='bbox 751 482 780 507; x_wconf 81' lang='grc' dir='ltr'>ἐν</span> <span class='ocrx_word' id='word_1_49' title='bbox 794 481 832 516; x_wconf 84' lang='grc' dir='ltr'><strong>τῷ</strong></span> <span class='ocrx_word' id='word_1_50' title='bbox 846 482 890 508; x_wconf 80' lang='grc' dir='ltr'>τὸν</span> 
     </span>
    </p>
   </div>
   <div class='ocr_carea' id='block_1_8' title="bbox 101 519 891 560">
    <p class='ocr_par' dir='ltr' id='par_1_8' title="bbox 101 519 891 560">
     <span class='ocr_line' id='line_1_8' title="bbox 101 519 891 560; baseline 0.009 -14"><span class='ocrx_word' id='word_1_51' title='bbox 101 519 221 553; x_wconf 78' lang='grc' dir='ltr'><strong>ἐξαίσιόν</strong></span> <span class='ocrx_word' id='word_1_52' title='bbox 246 530 293 548; x_wconf 88' lang='grc' dir='ltr'><strong>σου</strong></span> <span class='ocrx_word' id='word_1_53' title='bbox 320 522 422 557; x_wconf 76' lang='grc' dir='ltr'>ὄμϐρον</span> <span class='ocrx_word' id='word_1_54' title='bbox 444 523 557 550; x_wconf 83' lang='grc' dir='ltr'><strong>διελθεῖν</strong></span> <span class='ocrx_word' id='word_1_55' title='bbox 576 524 608 550; x_wconf 82' lang='grc' dir='ltr'><strong>δι’</strong></span> <span class='ocrx_word' id='word_1_56' title='bbox 627 525 752 560; x_wconf 80' lang='grc' dir='ltr'><strong>αὑτῆς,ή</strong></span> <span class='ocrx_word' id='word_1_57' title='bbox 773 527 891 558; x_wconf 78' lang='grc' dir='ltr'><strong>ἄϐυσσος</strong></span> 
     </span>
    </p>
   </div>
   <div class='ocr_carea' id='block_1_9' title="bbox 100 565 374 601">
    <p class='ocr_par' dir='ltr' id='par_1_9' title="bbox 100 565 374 601">
     <span class='ocr_line' id='line_1_9' title="bbox 100 565 374 601; baseline 0.007 -10"><span class='ocrx_word' id='word_1_58' title='bbox 100 565 260 601; x_wconf 72' lang='grc' dir='ltr'><strong>ἀνεφώνησε</strong></span> <span class='ocrx_word' id='word_1_59' title='bbox 273 567 374 599; x_wconf 77' lang='grc' dir='ltr'><strong>μεῖζον.</strong></span> 
     </span>
    </p>
   </div>
   <div class='ocr_carea' id='block_1_10' title="bbox 722 155 1071 185">
    <p class='ocr_par' dir='ltr' id='par_1_10' title="bbox 722 155 1071 185">
     <span class='ocr_line' id='line_1_10' title="bbox 722 155 1071 185; baseline -0.006 -1"><span class='ocrx_word' id='word_1_60' title='bbox 722 156 880 185; x_wconf 70' lang='lat' dir='ltr'><strong>IIABACUC</strong></span> <span class='ocrx_word' id='word_1_61' title='bbox 892 155 1005 185; x_wconf 67' lang='lat' dir='ltr'><strong>CAPUT</strong></span> <span class='ocrx_word' id='word_1_62' title='bbox 1027 155 1071 183; x_wconf 91' lang='lat' dir='ltr'><strong>Ill.</strong></span> 
     </span>
    </p>
   </div>
   <div class='ocr_carea' id='block_1_11' title="bbox 1660 156 1730 184">
    <p class='ocr_par' dir='ltr' id='par_1_11' title="bbox 1660 156 1730 184">
     <span class='ocr_line' id='line_1_11' title="bbox 1660 156 1730 184; baseline 0.014 -2"><span class='ocrx_word' id='word_1_63' title='bbox 1660 156 1730 184; x_wconf 67' lang='lat'><strong>2996</strong></span> 
     </span>
    </p>
   </div>
   <div class='ocr_carea' id='block_1_12' title="bbox 949 213 1728 249">
    <p class='ocr_par' dir='ltr' id='par_1_12' title="bbox 949 213 1728 249">
     <span class='ocr_line' id='line_1_12' title="bbox 949 213 1728 249; baseline -0.001 -9"><span class='ocrx_word' id='word_1_64' title='bbox 949 213 1089 242; x_wconf 82' lang='lat' dir='ltr'><strong>scindetur</strong></span> <span class='ocrx_word' id='word_1_65' title='bbox 1101 219 1182 244; x_wconf 82' lang='lat' dir='ltr'><strong>terra.</strong></span> <span class='ocrx_word' id='word_1_66' title='bbox 1200 215 1289 248; x_wconf 69' lang='lat' dir='ltr'><strong>Atius,</strong></span> <span class='ocrx_word' id='word_1_67' title='bbox 1301 215 1398 244; x_wconf 71' lang='lat' dir='ltr'><strong>ﬂuvios</strong></span> <span class='ocrx_word' id='word_1_68' title='bbox 1411 214 1568 249; x_wconf 83' lang='lat' dir='ltr'><strong>dissipabis,</strong></span> <span class='ocrx_word' id='word_1_69' title='bbox 1581 218 1607 240; x_wconf 83' lang='lat' dir='ltr'><strong>et</strong></span> <span class='ocrx_word' id='word_1_70' title='bbox 1626 218 1728 240; x_wconf 77' lang='lat' dir='ltr'><strong>lcll‘ttm</strong></span> 
     </span>
    </p>
   </div>
   <div class='ocr_carea' id='block_1_13' title="bbox 946 260 1470 287">
    <p class='ocr_par' dir='ltr' id='par_1_13' title="bbox 946 260 1470 287">
     <span class='ocr_line' id='line_1_13' title="bbox 946 260 1470 287; baseline -0.002 0"><span class='ocrx_word' id='word_1_71' title='bbox 946 260 1074 287; x_wconf 77' lang='lat' dir='ltr'><strong>salvabis.</strong></span> <span class='ocrx_word' id='word_1_72' title='bbox 1467 283 1470 286; x_wconf 87' lang='lat'><strong>.</strong></span> 
     </span>
    </p>
   </div>
   <div class='ocr_carea' id='block_1_14' title="bbox 981 305 1727 338">
    <p class='ocr_par' dir='ltr' id='par_1_14' title="bbox 981 305 1727 338">
     <span class='ocr_line' id='line_1_14' title="bbox 981 305 1727 338; baseline -0.004 -6"><span class='ocrx_word' id='word_1_73' title='bbox 981 306 1024 333; x_wconf 81' lang='lat' dir='ltr'><strong>l0.</strong></span> <span class='ocrx_word' id='word_1_74' title='bbox 1043 307 1108 334; x_wconf 81' lang='lat' dir='ltr'><strong>lleb.</strong></span> <span class='ocrx_word' id='word_1_75' title='bbox 1123 307 1255 334; x_wconf 72' lang='lat' dir='ltr'><strong>Viderunt</strong></span> <span class='ocrx_word' id='word_1_76' title='bbox 1274 311 1309 338; x_wconf 83' lang='lat' dir='ltr'><strong>te,</strong></span> <span class='ocrx_word' id='word_1_77' title='bbox 1325 309 1495 334; x_wconf 80' lang='lat' dir='ltr'><strong>tremuerunt</strong></span> <span class='ocrx_word' id='word_1_78' title='bbox 1507 309 1629 337; x_wconf 77' lang='lat' dir='ltr'><strong>montes;</strong></span> <span class='ocrx_word' id='word_1_79' title='bbox 1647 305 1727 330; x_wconf 89' lang='lat' dir='ltr'><strong>inun-</strong></span> 
     </span>
    </p>
   </div>
   <div class='ocr_carea' id='block_1_15' title="bbox 944 351 1726 386">
    <p class='ocr_par' dir='ltr' id='par_1_15' title="bbox 944 351 1726 386">
     <span class='ocr_line' id='line_1_15' title="bbox 944 351 1726 386; baseline -0.003 -8"><span class='ocrx_word' id='word_1_80' title='bbox 944 351 1017 378; x_wconf 84' lang='lat' dir='ltr'><strong>datio</strong></span> <span class='ocrx_word' id='word_1_81' title='bbox 1024 359 1156 386; x_wconf 86' lang='lat' dir='ltr'><strong>aquarum</strong></span> <span class='ocrx_word' id='word_1_82' title='bbox 1169 352 1286 379; x_wconf 76' lang='lat' dir='ltr'><strong>transiit.</strong></span> <span class='ocrx_word' id='word_1_83' title='bbox 1299 351 1623 386; x_wconf 84' lang='lat' dir='ltr'><strong>Deditabyssussouitum</strong></span> <span class='ocrx_word' id='word_1_84' title='bbox 1635 358 1726 380; x_wconf 79' lang='lat' dir='ltr'><strong>suum.</strong></span> 
     </span>
    </p>
   </div>
   <div class='ocr_carea' id='block_1_16' title="bbox 944 395 1728 427">
    <p class='ocr_par' dir='ltr' id='par_1_16' title="bbox 944 395 1728 427">
     <span class='ocr_line' id='line_1_16' title="bbox 944 395 1728 427; baseline 0 -6"><span class='ocrx_word' id='word_1_85' title='bbox 944 396 1058 422; x_wconf 92' lang='lat' dir='ltr'><strong>altitudo</strong></span> <span class='ocrx_word' id='word_1_86' title='bbox 1076 404 1173 423; x_wconf 82' lang='lat' dir='ltr'><strong>manus</strong></span> <span class='ocrx_word' id='word_1_87' title='bbox 1184 404 1248 424; x_wconf 81' lang='lat' dir='ltr'><strong>suas</strong></span> <span class='ocrx_word' id='word_1_88' title='bbox 1265 396 1390 423; x_wconf 77' lang='lat' dir='ltr'><strong>elevavit.</strong></span> <span class='ocrx_word' id='word_1_89' title='bbox 1405 395 1486 427; x_wconf 79' lang='lat' dir='ltr'><strong>LXX,</strong></span> <span class='ocrx_word' id='word_1_90' title='bbox 1505 395 1639 422; x_wconf 83' lang='lat' dir='ltr'><strong>Videbunt</strong></span> <span class='ocrx_word' id='word_1_91' title='bbox 1655 399 1690 426; x_wconf 85' lang='lat' dir='ltr'><strong>te,</strong></span> <span class='ocrx_word' id='word_1_92' title='bbox 1701 399 1728 420; x_wconf 79' lang='lat' dir='ltr'><strong>et</strong></span> 
     </span>
    </p>
   </div>
   <div class='ocr_carea' id='block_1_17' title="bbox 943 441 1726 476">
    <p class='ocr_par' dir='ltr' id='par_1_17' title="bbox 943 441 1726 476">
     <span class='ocr_line' id='line_1_17' title="bbox 943 441 1726 476; baseline -0.001 -8"><span class='ocrx_word' id='word_1_93' title='bbox 943 441 1014 468; x_wconf 89' lang='lat' dir='ltr'><strong>sicut</strong></span> <span class='ocrx_word' id='word_1_94' title='bbox 1029 442 1182 475; x_wconf 84' lang='lat' dir='ltr'><strong>parturiens</strong></span> <span class='ocrx_word' id='word_1_95' title='bbox 1197 442 1328 469; x_wconf 87' lang='lat' dir='ltr'><strong>dolebunt</strong></span> <span class='ocrx_word' id='word_1_96' title='bbox 1342 441 1451 476; x_wconf 80' lang='lat' dir='ltr'><strong>populi:</strong></span> <span class='ocrx_word' id='word_1_97' title='bbox 1467 441 1625 475; x_wconf 76' lang='lat' dir='ltr'><strong>dispergens</strong></span> <span class='ocrx_word' id='word_1_98' title='bbox 1641 447 1726 474; x_wconf 84' lang='lat' dir='ltr'><strong>aquas</strong></span> 
     </span>
    </p>
   </div>
   <div class='ocr_carea' id='block_1_18' title="bbox 941 485 1725 522">
    <p class='ocr_par' dir='ltr' id='par_1_18' title="bbox 941 485 1725 522">
     <span class='ocr_line' id='line_1_18' title="bbox 941 485 1725 522; baseline -0.003 -10"><span class='ocrx_word' id='word_1_99' title='bbox 941 485 1058 512; x_wconf 88' lang='lat' dir='ltr'><strong>itineris.</strong></span> <span class='ocrx_word' id='word_1_100' title='bbox 1078 485 1155 513; x_wconf 80' lang='lat' dir='ltr'><strong>Dedit</strong></span> <span class='ocrx_word' id='word_1_101' title='bbox 1169 487 1283 522; x_wconf 80' lang='lat' dir='ltr'><strong>abyssus</strong></span> <span class='ocrx_word' id='word_1_102' title='bbox 1296 494 1389 514; x_wconf 81' lang='lat' dir='ltr'><strong>vocem</strong></span> <span class='ocrx_word' id='word_1_103' title='bbox 1408 494 1497 517; x_wconf 83' lang='lat' dir='ltr'><strong>suam,</strong></span> <span class='ocrx_word' id='word_1_104' title='bbox 1510 485 1624 512; x_wconf 80' lang='lat' dir='ltr'><strong>altitudo</strong></span> <span class='ocrx_word' id='word_1_105' title='bbox 1639 485 1725 518; x_wconf 83' lang='lat' dir='ltr'><strong>phan-</strong></span> 
     </span>
    </p>
   </div>
   <div class='ocr_carea' id='block_1_19' title="bbox 942 531 1725 566">
    <p class='ocr_par' dir='ltr' id='par_1_19' title="bbox 942 531 1725 566">
     <span class='ocr_line' id='line_1_19' title="bbox 942 531 1725 566; baseline -0.001 -8"><span class='ocrx_word' id='word_1_106' title='bbox 942 531 1018 558; x_wconf 77' lang='lat' dir='ltr'><strong>tasize</strong></span> <span class='ocrx_word' id='word_1_107' title='bbox 1034 531 1103 566; x_wconf 81' lang='lat' dir='ltr'><strong>ejus.</strong></span> <span class='ocrx_word' id='word_1_108' title='bbox 1120 532 1212 565; x_wconf 78' lang='lat' dir='ltr'><strong>Alius,</strong></span> <span class='ocrx_word' id='word_1_109' title='bbox 1237 532 1303 559; x_wconf 83' lang='lat' dir='ltr'><strong>Cum</strong></span> <span class='ocrx_word' id='word_1_110' title='bbox 1330 536 1424 559; x_wconf 85' lang='lat' dir='ltr'><strong>contra</strong></span> <span class='ocrx_word' id='word_1_111' title='bbox 1455 532 1616 565; x_wconf 76' lang='lat' dir='ltr'><strong>respexeris,</strong></span> <span class='ocrx_word' id='word_1_112' title='bbox 1634 531 1725 557; x_wconf 83' lang='lat' dir='ltr'><strong>turba-</strong></span> 
     </span>
    </p>
   </div>
   <div class='ocr_carea' id='block_1_20' title="bbox 941 575 1723 611">
    <p class='ocr_par' dir='ltr' id='par_1_20' title="bbox 941 575 1723 611">
     <span class='ocr_line' id='line_1_20' title="bbox 941 575 1723 611; baseline -0.003 -9"><span class='ocrx_word' id='word_1_113' title='bbox 941 575 1043 603; x_wconf 87' lang='lat' dir='ltr'><strong>buntur</strong></span> <span class='ocrx_word' id='word_1_114' title='bbox 1058 581 1165 604; x_wconf 82' lang='lat' dir='ltr'><strong>montes</strong></span> <span class='ocrx_word' id='word_1_115' title='bbox 1183 585 1189 604; x_wconf 93' lang='lat'>:</span> <span class='ocrx_word' id='word_1_116' title='bbox 1206 584 1268 604; x_wconf 93' lang='lat' dir='ltr'><strong>cum</strong></span> <span class='ocrx_word' id='word_1_117' title='bbox 1284 577 1381 611; x_wconf 85' lang='lat' dir='ltr'><strong>ingens</strong></span> <span class='ocrx_word' id='word_1_118' title='bbox 1403 576 1489 603; x_wconf 86' lang='lat' dir='ltr'><strong>imber</strong></span> <span class='ocrx_word' id='word_1_119' title='bbox 1504 580 1566 603; x_wconf 85' lang='lat' dir='ltr'><strong>tuus</strong></span> <span class='ocrx_word' id='word_1_120' title='bbox 1582 579 1723 609; x_wconf 82' lang='lat' dir='ltr'><strong>pertrans-</strong></span> 
     </span>
    </p>
   </div>
   <div class='ocr_carea' id='block_1_21' title="bbox 100 611 1722 658">
    <p class='ocr_par' dir='ltr' id='par_1_21' title="bbox 100 611 1722 658">
     <span class='ocr_line' id='line_1_21' title="bbox 100 611 1722 658; baseline 0.006 -20"><span class='ocrx_word' id='word_1_121' title='bbox 100 611 154 638; x_wconf 81' lang='lat' dir='ltr'><strong>iret</strong></span> <span class='ocrx_word' id='word_1_122' title='bbox 170 620 218 646; x_wconf 91' lang='lat' dir='ltr'><strong>per</strong></span> <span class='ocrx_word' id='word_1_123' title='bbox 232 621 292 640; x_wconf 90' lang='lat' dir='ltr'><strong>eam</strong></span> <span class='ocrx_word' id='word_1_124' title='bbox 322 615 437 650; x_wconf 85' lang='lat' dir='ltr'><strong>abyssus</strong></span> <span class='ocrx_word' id='word_1_125' title='bbox 461 618 548 652; x_wconf 81' lang='lat' dir='ltr'><strong>magis</strong></span> <span class='ocrx_word' id='word_1_126' title='bbox 579 619 728 646; x_wconf 86' lang='lat' dir='ltr'><strong>rcsonavit.</strong></span> <span class='ocrx_word' id='word_1_127' title='bbox 759 618 821 647; x_wconf 87' lang='lat' dir='ltr'><strong>Vul.</strong></span> <span class='ocrx_word' id='word_1_128' title='bbox 853 620 984 649; x_wconf 80' lang='lat' dir='ltr'><strong>Viderunt</strong></span> <span class='ocrx_word' id='word_1_129' title='bbox 1017 628 1053 655; x_wconf 85' lang='lat' dir='ltr'><strong>te,</strong></span> <span class='ocrx_word' id='word_1_130' title='bbox 1081 629 1108 650; x_wconf 87' lang='lat' dir='ltr'><strong>et</strong></span> <span class='ocrx_word' id='word_1_131' title='bbox 1131 623 1278 651; x_wconf 81' lang='lat' dir='ltr'><strong>doluerunt</strong></span> <span class='ocrx_word' id='word_1_132' title='bbox 1306 628 1433 651; x_wconf 82' lang='lat' dir='ltr'><strong>montes:</strong></span> <span class='ocrx_word' id='word_1_133' title='bbox 1463 630 1561 658; x_wconf 82' lang='lat' dir='ltr'><strong>gurges</strong></span> <span class='ocrx_word' id='word_1_134' title='bbox 1591 629 1722 656; x_wconf 76' lang='lat' dir='ltr'><strong>aquai-tun</strong></span> 
     </span>
    </p>
   </div>
   <div class='ocr_carea' id='block_1_22' title="bbox 99 659 1091 698">
    <p class='ocr_par' dir='ltr' id='par_1_22' title="bbox 99 659 1091 698">
     <span class='ocr_line' id='line_1_22' title="bbox 99 659 1091 698; baseline 0.012 -13"><span class='ocrx_word' id='word_1_135' title='bbox 99 659 309 698; x_wconf 56' lang='lat' dir='ltr'><strong>transiit._Dedit</strong></span> <span class='ocrx_word' id='word_1_136' title='bbox 323 662 438 697; x_wconf 84' lang='lat' dir='ltr'><strong>abyssus</strong></span> <span class='ocrx_word' id='word_1_137' title='bbox 450 671 542 691; x_wconf 88' lang='lat' dir='ltr'><strong>vocem</strong></span> <span class='ocrx_word' id='word_1_138' title='bbox 559 673 647 697; x_wconf 86' lang='lat' dir='ltr'><strong>suam,</strong></span> <span class='ocrx_word' id='word_1_139' title='bbox 662 666 776 694; x_wconf 87' lang='lat' dir='ltr'><strong>altitudo</strong></span> <span class='ocrx_word' id='word_1_140' title='bbox 786 675 883 696; x_wconf 82' lang='lat' dir='ltr'><strong>manus</strong></span> <span class='ocrx_word' id='word_1_141' title='bbox 904 677 969 696; x_wconf 85' lang='lat' dir='ltr'><strong>suas</strong></span> <span class='ocrx_word' id='word_1_142' title='bbox 983 669 1091 698; x_wconf 83' lang='lat' dir='ltr'><strong>levavit.</strong></span> 
     </span>
    </p>
   </div>
   <div class='ocr_carea' id='block_1_23' title="bbox 97 696 850 744">
    <p class='ocr_par' dir='ltr' id='par_1_23' title="bbox 97 696 850 744">
     <span class='ocr_line' id='line_1_23' title="bbox 97 696 850 744; baseline 0.009 -11"><span class='ocrx_word' id='word_1_143' title='bbox 97 696 179 734; x_wconf 56' lang='grc' dir='ltr'><strong>τήυῆ</strong></span> <span class='ocrx_word' id='word_1_144' title='bbox 198 696 271 735; x_wconf 63' lang='lat'><strong>157.17</strong></span> <span class='ocrx_word' id='word_1_145' title='bbox 290 710 361 744; x_wconf 57' lang='lat' dir='ltr'><strong>171m</strong></span> <span class='ocrx_word' id='word_1_146' title='bbox 378 700 446 737; x_wconf 50' lang='lat' dir='ltr'><strong>and)</strong></span> <span class='ocrx_word' id='word_1_147' title='bbox 468 701 552 740; x_wconf 74' lang='lat' dir='ltr'><strong>t-t&#39;m</strong></span> <span class='ocrx_word' id='word_1_148' title='bbox 573 696 702 742; x_wconf 52' lang='lat' dir='ltr'><strong>animi</strong></span> <span class='ocrx_word' id='word_1_149' title='bbox 722 717 799 742; x_wconf 61' lang='lat' dir='ltr'><strong>tum:</strong></span> <span class='ocrx_word' id='word_1_150' title='bbox 820 714 850 740; x_wconf 85' lang='lat' dir='ltr'><strong>tt</strong></span> 
     </span>
    </p>
   </div>
   <div class='ocr_carea' id='block_1_24' title="bbox 96 752 886 794">
    <p class='ocr_par' dir='ltr' id='par_1_24' title="bbox 96 752 886 794">
     <span class='ocr_line' id='line_1_24' title="bbox 96 752 886 794; baseline 0.011 -17"><span class='ocrx_word' id='word_1_151' title='bbox 96 753 185 788; x_wconf 58' lang='lat' dir='ltr'><strong>1n,er</strong></span> <span class='ocrx_word' id='word_1_152' title='bbox 201 755 260 792; x_wconf 52' lang='lat' dir='ltr'><strong>PH:</strong></span> <span class='ocrx_word' id='word_1_153' title='bbox 297 752 335 784; x_wconf 86' lang='grc' dir='ltr'><strong>Ο’,</strong></span> <span class='ocrx_word' id='word_1_154' title='bbox 355 753 460 789; x_wconf 71' lang='grc' dir='ltr'>ἐπήρθη</span> <span class='ocrx_word' id='word_1_155' title='bbox 486 756 500 781; x_wconf 79' lang='grc' dir='ltr'>ὁ</span> <span class='ocrx_word' id='word_1_156' title='bbox 520 755 605 790; x_wconf 81' lang='grc' dir='ltr'><strong>ἥλιος,</strong></span> <span class='ocrx_word' id='word_1_157' title='bbox 617 757 692 792; x_wconf 80' lang='grc' dir='ltr'><strong>καὶὴ</strong></span> <span class='ocrx_word' id='word_1_158' title='bbox 708 758 805 793; x_wconf 89' lang='grc' dir='ltr'><strong>σελήνη</strong></span> <span class='ocrx_word' id='word_1_159' title='bbox 823 758 886 794; x_wconf 80' lang='grc' dir='ltr'>ἔστη</span> 
     </span>
    </p>
   </div>
   <div class='ocr_carea' id='block_1_25' title="bbox 95 794 885 839">
    <p class='ocr_par' dir='ltr' id='par_1_25' title="bbox 95 794 885 839">
     <span class='ocr_line' id='line_1_25' title="bbox 95 794 885 839; baseline 0.015 -19"><span class='ocrx_word' id='word_1_160' title='bbox 95 794 126 820; x_wconf 70' lang='grc' dir='ltr'>ἐν</span> <span class='ocrx_word' id='word_1_161' title='bbox 139 797 173 830; x_wconf 87' lang='grc' dir='ltr'>τῇ</span> <span class='ocrx_word' id='word_1_162' title='bbox 189 796 264 828; x_wconf 77' lang='grc' dir='ltr'><strong>τάξει</strong></span> <span class='ocrx_word' id='word_1_163' title='bbox 277 797 373 832; x_wconf 85' lang='grc' dir='ltr'><strong>αὐτῆς,</strong></span> <span class='ocrx_word' id='word_1_164' title='bbox 387 800 427 831; x_wconf 80' lang='grc' dir='ltr'><strong>εἰς</strong></span> <span class='ocrx_word' id='word_1_165' title='bbox 442 800 498 834; x_wconf 86' lang='grc' dir='ltr'><strong>φῶς</strong></span> <span class='ocrx_word' id='word_1_166' title='bbox 514 800 616 836; x_wconf 78' lang='grc' dir='ltr'><strong>βολίδες</strong></span> <span class='ocrx_word' id='word_1_167' title='bbox 633 812 680 830; x_wconf 88' lang='grc' dir='ltr'><strong>σου</strong></span> <span class='ocrx_word' id='word_1_168' title='bbox 697 804 885 839; x_wconf 83' lang='grc' dir='ltr'>πορεύσονται,</span> 
     </span>
    </p>
   </div>
   <div class='ocr_carea' id='block_1_26' title="bbox 94 840 886 884">
    <p class='ocr_par' dir='ltr' id='par_1_26' title="bbox 94 840 886 884">
     <span class='ocr_line' id='line_1_26' title="bbox 94 840 886 884; baseline 0.015 -19"><span class='ocrx_word' id='word_1_169' title='bbox 94 840 136 870; x_wconf 80' lang='grc' dir='ltr'><strong>εις</strong></span> <span class='ocrx_word' id='word_1_170' title='bbox 153 841 256 875; x_wconf 78' lang='grc' dir='ltr'>φέγγος</span> <span class='ocrx_word' id='word_1_171' title='bbox 274 842 418 878; x_wconf 73' lang='grc' dir='ltr'><strong>ἀστραπῆς</strong></span> <span class='ocrx_word' id='word_1_172' title='bbox 440 846 529 873; x_wconf 84' lang='grc' dir='ltr'>ὅπλων</span> <span class='ocrx_word' id='word_1_173' title='bbox 551 856 607 874; x_wconf 87' lang='grc' dir='ltr'><strong>σου.</strong></span> <span class='ocrx_word' id='word_1_174' title='bbox 630 849 757 882; x_wconf 71' lang='grc' dir='ltr'><em>Ἄλλος,</em></span> <span class='ocrx_word' id='word_1_175' title='bbox 775 849 831 884; x_wconf 82' lang='grc' dir='ltr'><strong>φῶς</strong></span> <span class='ocrx_word' id='word_1_176' title='bbox 856 850 886 876; x_wconf 82' lang='grc' dir='ltr'>τὸ</span> 
     </span>
    </p>
   </div>
   <div class='ocr_carea' id='block_1_27' title="bbox 93 885 885 930">
    <p class='ocr_par' dir='ltr' id='par_1_27' title="bbox 93 885 885 930">
     <span class='ocr_line' id='line_1_27' title="bbox 93 885 885 930; baseline 0.014 -19"><span class='ocrx_word' id='word_1_177' title='bbox 93 885 222 921; x_wconf 68' lang='grc' dir='ltr'>λαμπρὶν</span> <span class='ocrx_word' id='word_1_178' title='bbox 233 888 280 914; x_wconf 82' lang='grc' dir='ltr'><strong>τοῦ</strong></span> <span class='ocrx_word' id='word_1_179' title='bbox 298 889 372 924; x_wconf 76' lang='grc' dir='ltr'>ἡλίου</span> <span class='ocrx_word' id='word_1_180' title='bbox 390 891 504 926; x_wconf 74' lang='grc' dir='ltr'><strong>ἐπέσχεν</strong></span> <span class='ocrx_word' id='word_1_181' title='bbox 515 899 521 906; x_wconf 94' lang='grc'><strong>·</strong></span> <span class='ocrx_word' id='word_1_182' title='bbox 538 892 569 919; x_wconf 83' lang='grc' dir='ltr'><strong>τὸ</strong></span> <span class='ocrx_word' id='word_1_183' title='bbox 587 893 615 920; x_wconf 82' lang='grc' dir='ltr'><strong>δὲ</strong></span> <span class='ocrx_word' id='word_1_184' title='bbox 629 895 729 929; x_wconf 78' lang='grc' dir='ltr'><strong>φέγγος</strong></span> <span class='ocrx_word' id='word_1_185' title='bbox 743 896 792 930; x_wconf 85' lang='grc' dir='ltr'><strong>τῆς</strong></span> <span class='ocrx_word' id='word_1_186' title='bbox 805 895 885 930; x_wconf 69' lang='grc' dir='ltr'><strong>σελής-</strong></span> 
     </span>
    </p>
   </div>
   <div class='ocr_carea' id='block_1_28' title="bbox 93 933 884 977">
    <p class='ocr_par' dir='ltr' id='par_1_28' title="bbox 93 933 884 977">
     <span class='ocr_line' id='line_1_28' title="bbox 93 933 884 977; baseline 0.015 -20"><span class='ocrx_word' id='word_1_187' title='bbox 93 940 143 967; x_wconf 86' lang='grc' dir='ltr'><strong>νης</strong></span> <span class='ocrx_word' id='word_1_188' title='bbox 153 933 254 968; x_wconf 75' lang='grc' dir='ltr'>ἐστάθη</span> <span class='ocrx_word' id='word_1_189' title='bbox 267 942 272 948; x_wconf 90' lang='grc'><strong>·</strong></span> <span class='ocrx_word' id='word_1_190' title='bbox 290 936 359 962; x_wconf 79' lang='grc' dir='ltr'>κατὰ</span> <span class='ocrx_word' id='word_1_191' title='bbox 371 936 400 962; x_wconf 73' lang='grc' dir='ltr'><strong>τὸ</strong></span> <span class='ocrx_word' id='word_1_192' title='bbox 414 937 515 971; x_wconf 83' lang='grc' dir='ltr'><strong>φέγγος</strong></span> <span class='ocrx_word' id='word_1_193' title='bbox 525 939 580 965; x_wconf 82' lang='grc' dir='ltr'>τῶν</span> <span class='ocrx_word' id='word_1_194' title='bbox 600 939 710 973; x_wconf 83' lang='grc' dir='ltr'>βολίδων</span> <span class='ocrx_word' id='word_1_195' title='bbox 724 950 770 968; x_wconf 78' lang='grc' dir='ltr'><strong>σου</strong></span> <span class='ocrx_word' id='word_1_196' title='bbox 784 942 884 977; x_wconf 81' lang='grc' dir='ltr'><strong>πορεύ-</strong></span> 
     </span>
    </p>
   </div>
   <div class='ocr_carea' id='block_1_29' title="bbox 92 979 845 1021">
    <p class='ocr_par' dir='ltr' id='par_1_29' title="bbox 92 979 845 1021">
     <span class='ocr_line' id='line_1_29' title="bbox 92 979 845 1021; baseline 0.016 -19"><span class='ocrx_word' id='word_1_197' title='bbox 92 985 199 1009; x_wconf 81' lang='grc' dir='ltr'>σονται,</span> <span class='ocrx_word' id='word_1_198' title='bbox 217 979 289 1006; x_wconf 85' lang='grc' dir='ltr'>κατὰ</span> <span class='ocrx_word' id='word_1_199' title='bbox 307 980 337 1007; x_wconf 85' lang='grc' dir='ltr'>τὸ</span> <span class='ocrx_word' id='word_1_200' title='bbox 353 981 453 1015; x_wconf 77' lang='grc' dir='ltr'><strong>φέγγος</strong></span> <span class='ocrx_word' id='word_1_201' title='bbox 472 984 617 1019; x_wconf 83' lang='grc' dir='ltr'><strong>ἀστραπῆς</strong></span> <span class='ocrx_word' id='word_1_202' title='bbox 634 987 772 1021; x_wconf 76' lang='grc' dir='ltr'>μαχαίρας</span> <span class='ocrx_word' id='word_1_203' title='bbox 789 995 845 1014; x_wconf 88' lang='grc' dir='ltr'>σου.</span> 
     </span>
    </p>
   </div>
   <div class='ocr_carea' id='block_1_30' title="bbox 975 714 1722 747">
    <p class='ocr_par' dir='ltr' id='par_1_30' title="bbox 975 714 1722 747">
     <span class='ocr_line' id='line_1_30' title="bbox 975 714 1722 747; baseline -0.003 -5"><span class='ocrx_word' id='word_1_204' title='bbox 975 715 1017 742; x_wconf 83' lang='grc' dir='ltr'><strong>Η.</strong></span> <span class='ocrx_word' id='word_1_205' title='bbox 1035 715 1103 743; x_wconf 85' lang='lat' dir='ltr'><strong>lleb.</strong></span> <span class='ocrx_word' id='word_1_206' title='bbox 1134 715 1192 747; x_wconf 90' lang='lat' dir='ltr'><strong>Sol,</strong></span> <span class='ocrx_word' id='word_1_207' title='bbox 1213 716 1277 744; x_wconf 89' lang='lat' dir='ltr'><strong>luna</strong></span> <span class='ocrx_word' id='word_1_208' title='bbox 1303 716 1378 744; x_wconf 84' lang='lat' dir='ltr'><strong>stetit</strong></span> <span class='ocrx_word' id='word_1_209' title='bbox 1407 715 1582 743; x_wconf 88' lang='lat' dir='ltr'><strong>tabernaculo</strong></span> <span class='ocrx_word' id='word_1_210' title='bbox 1610 721 1669 745; x_wconf 77' lang='lat' dir='ltr'><strong>suo.</strong></span> <span class='ocrx_word' id='word_1_211' title='bbox 1688 714 1722 740; x_wconf 84' lang='lat' dir='ltr'><strong>ad</strong></span> 
     </span>
    </p>
   </div>
   <div class='ocr_carea' id='block_1_31' title="bbox 937 759 1722 795">
    <p class='ocr_par' dir='ltr' id='par_1_31' title="bbox 937 759 1722 795">
     <span class='ocr_line' id='line_1_31' title="bbox 937 759 1722 795; baseline -0.001 -9"><span class='ocrx_word' id='word_1_212' title='bbox 937 759 1023 787; x_wconf 81' lang='lat' dir='ltr'><strong>lucem</strong></span> <span class='ocrx_word' id='word_1_213' title='bbox 1038 761 1197 795; x_wconf 79' lang='lat' dir='ltr'><strong>sagittarum</strong></span> <span class='ocrx_word' id='word_1_214' title='bbox 1217 766 1324 788; x_wconf 87' lang='lat' dir='ltr'><strong>tuarum</strong></span> <span class='ocrx_word' id='word_1_215' title='bbox 1342 762 1431 793; x_wconf 89' lang='lat' dir='ltr'><strong>ibunt,</strong></span> <span class='ocrx_word' id='word_1_216' title='bbox 1447 762 1480 788; x_wconf 89' lang='lat' dir='ltr'><strong>ad</strong></span> <span class='ocrx_word' id='word_1_217' title='bbox 1492 760 1662 795; x_wconf 88' lang='lat' dir='ltr'><strong>splendorem</strong></span> <span class='ocrx_word' id='word_1_218' title='bbox 1670 759 1722 786; x_wconf 89' lang='lat' dir='ltr'><strong>ful-</strong></span> 
     </span>
    </p>
   </div>
   <div class='ocr_carea' id='block_1_32' title="bbox 935 802 1720 840">
    <p class='ocr_par' dir='ltr' id='par_1_32' title="bbox 935 802 1720 840">
     <span class='ocr_line' id='line_1_32' title="bbox 935 802 1720 840; baseline -0.001 -9"><span class='ocrx_word' id='word_1_219' title='bbox 935 805 1010 840; x_wconf 83' lang='lat' dir='ltr'><strong>guris</strong></span> <span class='ocrx_word' id='word_1_220' title='bbox 1034 802 1118 834; x_wconf 64' lang='lat' dir='ltr'><strong>hastae</strong></span> <span class='ocrx_word' id='word_1_221' title='bbox 1147 811 1209 833; x_wconf 67' lang='lat' dir='ltr'><strong>tuae.</strong></span> <span class='ocrx_word' id='word_1_222' title='bbox 1227 806 1309 839; x_wconf 79' lang='lat' dir='ltr'><strong>LXX,</strong></span> <span class='ocrx_word' id='word_1_223' title='bbox 1336 806 1464 833; x_wconf 83' lang='lat' dir='ltr'><strong>Elevatus</strong></span> <span class='ocrx_word' id='word_1_224' title='bbox 1479 810 1520 833; x_wconf 83' lang='lat' dir='ltr'><strong>est</strong></span> <span class='ocrx_word' id='word_1_225' title='bbox 1548 805 1599 836; x_wconf 88' lang='lat' dir='ltr'><strong>sol,</strong></span> <span class='ocrx_word' id='word_1_226' title='bbox 1617 809 1643 832; x_wconf 87' lang='lat' dir='ltr'><strong>et</strong></span> <span class='ocrx_word' id='word_1_227' title='bbox 1657 805 1720 830; x_wconf 84' lang='lat' dir='ltr'><strong>luna</strong></span> 
     </span>
    </p>
   </div>
   <div class='ocr_carea' id='block_1_33' title="bbox 934 849 1720 886">
    <p class='ocr_par' dir='ltr' id='par_1_33' title="bbox 934 849 1720 886">
     <span class='ocr_line' id='line_1_33' title="bbox 934 849 1720 886; baseline -0.004 -10"><span class='ocrx_word' id='word_1_228' title='bbox 934 851 1009 877; x_wconf 83' lang='lat' dir='ltr'><strong>stetit</strong></span> <span class='ocrx_word' id='word_1_229' title='bbox 1029 850 1055 878; x_wconf 92' lang='lat' dir='ltr'><strong>iu</strong></span> <span class='ocrx_word' id='word_1_230' title='bbox 1070 851 1167 878; x_wconf 88' lang='lat' dir='ltr'><strong>ordine</strong></span> <span class='ocrx_word' id='word_1_231' title='bbox 1181 859 1240 883; x_wconf 85' lang='lat' dir='ltr'><strong>suo,</strong></span> <span class='ocrx_word' id='word_1_232' title='bbox 1264 851 1290 878; x_wconf 91' lang='lat' dir='ltr'><strong>in</strong></span> <span class='ocrx_word' id='word_1_233' title='bbox 1320 851 1378 878; x_wconf 87' lang='lat' dir='ltr'><strong>luce</strong></span> <span class='ocrx_word' id='word_1_234' title='bbox 1391 851 1481 886; x_wconf 82' lang='lat' dir='ltr'><strong>jacula</strong></span> <span class='ocrx_word' id='word_1_235' title='bbox 1508 854 1553 876; x_wconf 90' lang='lat' dir='ltr'><strong>tua</strong></span> <span class='ocrx_word' id='word_1_236' title='bbox 1584 849 1671 879; x_wconf 87' lang='lat' dir='ltr'><strong>ibunt,</strong></span> <span class='ocrx_word' id='word_1_237' title='bbox 1692 849 1720 874; x_wconf 92' lang='lat' dir='ltr'><strong>in</strong></span> 
     </span>
    </p>
   </div>
   <div class='ocr_carea' id='block_1_34' title="bbox 935 894 1720 930">
    <p class='ocr_par' dir='ltr' id='par_1_34' title="bbox 935 894 1720 930">
     <span class='ocr_line' id='line_1_34' title="bbox 935 894 1720 930; baseline -0.004 -8"><span class='ocrx_word' id='word_1_238' title='bbox 935 896 1080 930; x_wconf 86' lang='lat' dir='ltr'><strong>splendore</strong></span> <span class='ocrx_word' id='word_1_239' title='bbox 1099 897 1298 924; x_wconf 85' lang='lat' dir='ltr'><strong>coruscationis</strong></span> <span class='ocrx_word' id='word_1_240' title='bbox 1326 903 1464 924; x_wconf 79' lang='lat' dir='ltr'><strong>armorum</strong></span> <span class='ocrx_word' id='word_1_241' title='bbox 1495 901 1614 922; x_wconf 87' lang='lat' dir='ltr'><strong>tuorum.</strong></span> <span class='ocrx_word' id='word_1_242' title='bbox 1631 894 1720 925; x_wconf 68' lang='lat' dir='ltr'><strong>Alius,</strong></span> 
     </span>
    </p>
   </div>
   <div class='ocr_carea' id='block_1_35' title="bbox 935 939 1720 976">
    <p class='ocr_par' dir='ltr' id='par_1_35' title="bbox 935 939 1720 976">
     <span class='ocr_line' id='line_1_35' title="bbox 935 939 1720 976; baseline -0.004 -9"><span class='ocrx_word' id='word_1_243' title='bbox 935 941 982 968; x_wconf 82' lang='lat' dir='ltr'><strong>lux</strong></span> <span class='ocrx_word' id='word_1_244' title='bbox 999 942 1140 976; x_wconf 62' lang='lat' dir='ltr'><strong>splendida</strong></span> <span class='ocrx_word' id='word_1_245' title='bbox 1160 942 1226 969; x_wconf 86' lang='lat' dir='ltr'><strong>solis</strong></span> <span class='ocrx_word' id='word_1_246' title='bbox 1240 942 1386 974; x_wconf 90' lang='lat' dir='ltr'><strong>continuit,</strong></span> <span class='ocrx_word' id='word_1_247' title='bbox 1403 941 1532 976; x_wconf 83' lang='lat' dir='ltr'><strong>splendor</strong></span> <span class='ocrx_word' id='word_1_248' title='bbox 1545 945 1635 966; x_wconf 87' lang='lat' dir='ltr'><strong>autem</strong></span> <span class='ocrx_word' id='word_1_249' title='bbox 1649 939 1720 965; x_wconf 70' lang='lat' dir='ltr'><strong>lunae</strong></span> 
     </span>
    </p>
   </div>
   <div class='ocr_carea' id='block_1_36' title="bbox 935 986 1718 1021">
    <p class='ocr_par' dir='ltr' id='par_1_36' title="bbox 935 986 1718 1021">
     <span class='ocr_line' id='line_1_36' title="bbox 935 986 1718 1021; baseline -0.006 -7"><span class='ocrx_word' id='word_1_250' title='bbox 935 987 1021 1019; x_wconf 79' lang='lat' dir='ltr'><strong>stetit,</strong></span> <span class='ocrx_word' id='word_1_251' title='bbox 1044 987 1196 1014; x_wconf 81' lang='lat' dir='ltr'><strong>secundum</strong></span> <span class='ocrx_word' id='word_1_252' title='bbox 1222 987 1395 1021; x_wconf 83' lang='lat' dir='ltr'><strong>splendorem</strong></span> <span class='ocrx_word' id='word_1_253' title='bbox 1425 986 1579 1021; x_wconf 88' lang='lat' dir='ltr'><strong>jaculorutn</strong></span> <span class='ocrx_word' id='word_1_254' title='bbox 1610 989 1718 1011; x_wconf 88' lang='lat' dir='ltr'><strong>tuorum</strong></span> 
     </span>
    </p>
   </div>
   <div class='ocr_carea' id='block_1_37' title="bbox 91 1022 1717 1066">
    <p class='ocr_par' dir='ltr' id='par_1_37' title="bbox 91 1022 1717 1066">
     <span class='ocr_line' id='line_1_37' title="bbox 91 1022 1717 1066; baseline 0.002 -15"><span class='ocrx_word' id='word_1_255' title='bbox 91 1022 186 1057; x_wconf 73' lang='lat' dir='ltr'><strong>ibunt,</strong></span> <span class='ocrx_word' id='word_1_256' title='bbox 217 1026 367 1053; x_wconf 83' lang='lat' dir='ltr'><strong>secundum</strong></span> <span class='ocrx_word' id='word_1_257' title='bbox 398 1028 569 1062; x_wconf 82' lang='lat' dir='ltr'><strong>splendorem</strong></span> <span class='ocrx_word' id='word_1_258' title='bbox 599 1031 715 1066; x_wconf 76' lang='lat' dir='ltr'><strong>fulguris</strong></span> <span class='ocrx_word' id='word_1_259' title='bbox 733 1033 814 1066; x_wconf 81' lang='lat' dir='ltr'><strong>gladii</strong></span> <span class='ocrx_word' id='word_1_260' title='bbox 831 1033 881 1061; x_wconf 82' lang='lat' dir='ltr'><strong>tui.</strong></span> <span class='ocrx_word' id='word_1_261' title='bbox 903 1033 967 1059; x_wconf 89' lang='lat' dir='ltr'><strong>Vul.</strong></span> <span class='ocrx_word' id='word_1_262' title='bbox 995 1032 1043 1059; x_wconf 87' lang='lat' dir='ltr'><strong>Sol</strong></span> <span class='ocrx_word' id='word_1_263' title='bbox 1069 1037 1096 1059; x_wconf 89' lang='lat' dir='ltr'><strong>et</strong></span> <span class='ocrx_word' id='word_1_264' title='bbox 1125 1033 1191 1060; x_wconf 84' lang='lat' dir='ltr'><strong>luna</strong></span> <span class='ocrx_word' id='word_1_265' title='bbox 1219 1037 1351 1060; x_wconf 86' lang='lat' dir='ltr'><strong>steterunt</strong></span> <span class='ocrx_word' id='word_1_266' title='bbox 1377 1033 1405 1059; x_wconf 90' lang='lat' dir='ltr'><strong>in</strong></span> <span class='ocrx_word' id='word_1_267' title='bbox 1433 1032 1589 1059; x_wconf 84' lang='lat' dir='ltr'><strong>habitacqu</strong></span> <span class='ocrx_word' id='word_1_268' title='bbox 1613 1037 1672 1061; x_wconf 87' lang='lat' dir='ltr'><strong>suo.</strong></span> <span class='ocrx_word' id='word_1_269' title='bbox 1690 1028 1717 1056; x_wconf 88' lang='lat' dir='ltr'><strong>in</strong></span> 
     </span>
    </p>
   </div>
   <div class='ocr_carea' id='block_1_38' title="bbox 91 1069 1157 1116">
    <p class='ocr_par' dir='ltr' id='par_1_38' title="bbox 91 1069 1157 1116">
     <span class='ocr_line' id='line_1_38' title="bbox 91 1069 1157 1116; baseline 0.009 -19"><span class='ocrx_word' id='word_1_270' title='bbox 91 1069 155 1097; x_wconf 81' lang='lat' dir='ltr'><strong>luce</strong></span> <span class='ocrx_word' id='word_1_271' title='bbox 170 1072 332 1106; x_wconf 78' lang='lat' dir='ltr'><strong>sagittarum</strong></span> <span class='ocrx_word' id='word_1_272' title='bbox 348 1078 469 1107; x_wconf 84' lang='lat' dir='ltr'><strong>tuarum,</strong></span> <span class='ocrx_word' id='word_1_273' title='bbox 494 1077 573 1105; x_wconf 89' lang='lat' dir='ltr'><strong>ibunt</strong></span> <span class='ocrx_word' id='word_1_274' title='bbox 599 1078 626 1105; x_wconf 90' lang='lat' dir='ltr'><strong>in</strong></span> <span class='ocrx_word' id='word_1_275' title='bbox 654 1080 799 1114; x_wconf 87' lang='lat' dir='ltr'><strong>splendore</strong></span> <span class='ocrx_word' id='word_1_276' title='bbox 815 1080 977 1116; x_wconf 89' lang='lat' dir='ltr'><strong>fulgurantis</strong></span> <span class='ocrx_word' id='word_1_277' title='bbox 995 1080 1079 1107; x_wconf 65' lang='lat' dir='ltr'><strong>hastae</strong></span> <span class='ocrx_word' id='word_1_278' title='bbox 1095 1085 1157 1107; x_wconf 70' lang='lat' dir='ltr'><strong>tum.</strong></span> 
     </span>
    </p>
   </div>
   <div class='ocr_carea' id='block_1_39' title="bbox 89 1119 880 1169">
    <p class='ocr_par' dir='ltr' id='par_1_39' title="bbox 89 1119 880 1169">
     <span class='ocr_line' id='line_1_39' title="bbox 89 1119 880 1169; baseline 0.009 -23"><span class='ocrx_word' id='word_1_279' title='bbox 89 1119 244 1169; x_wconf 39' lang='lat' dir='ltr'><strong>E‘Yt’i‘ﬁ&#39;ﬁ&#39;l</strong></span> <span class='ocrx_word' id='word_1_280' title='bbox 263 1123 323 1169; x_wconf 65' lang='grc' dir='ltr'><strong>ἾΝΣι</strong></span> <span class='ocrx_word' id='word_1_281' title='bbox 338 1123 494 1169; x_wconf 46' lang='grc' dir='ltr'><strong>γήΝἽῖἳΠ</strong></span> <span class='ocrx_word' id='word_1_282' title='bbox 512 1127 585 1154; x_wconf 72' lang='lat' dir='ltr'><strong>Dm</strong></span> <span class='ocrx_word' id='word_1_283' title='bbox 604 1124 637 1151; x_wconf 76' lang='grc'><strong>12</strong></span> <span class='ocrx_word' id='word_1_284' title='bbox 675 1126 714 1157; x_wconf 86' lang='grc' dir='ltr'><strong>Ο’,</strong></span> <span class='ocrx_word' id='word_1_285' title='bbox 731 1127 759 1152; x_wconf 77' lang='grc' dir='ltr'>ὲν</span> <span class='ocrx_word' id='word_1_286' title='bbox 783 1127 880 1161; x_wconf 79' lang='grc' dir='ltr'><strong>ἀπειλῇ</strong></span> 
     </span>
    </p>
   </div>
   <div class='ocr_carea' id='block_1_40' title="bbox 90 1166 879 1207">
    <p class='ocr_par' dir='ltr' id='par_1_40' title="bbox 90 1166 879 1207">
     <span class='ocr_line' id='line_1_40' title="bbox 90 1166 879 1207; baseline 0.019 -21"><span class='ocrx_word' id='word_1_287' title='bbox 90 1166 234 1207; x_wconf 67' lang='grc' dir='ltr'>ωιγωσεις</span> <span class='ocrx_word' id='word_1_288' title='bbox 252 1166 314 1199; x_wconf 82' lang='grc' dir='ltr'>γῆν,</span> <span class='ocrx_word' id='word_1_289' title='bbox 337 1167 383 1193; x_wconf 83' lang='grc' dir='ltr'><strong>καὶ</strong></span> <span class='ocrx_word' id='word_1_290' title='bbox 396 1168 424 1194; x_wconf 85' lang='grc' dir='ltr'>ἐν</span> <span class='ocrx_word' id='word_1_291' title='bbox 440 1168 517 1203; x_wconf 86' lang='grc' dir='ltr'>θυμῷ</span> <span class='ocrx_word' id='word_1_292' title='bbox 534 1169 661 1202; x_wconf 73' lang='grc' dir='ltr'><strong>κατάξεις</strong></span> <span class='ocrx_word' id='word_1_293' title='bbox 675 1171 748 1207; x_wconf 69' lang='grc' dir='ltr'>ἔθνη.</span> <span class='ocrx_word' id='word_1_294' title='bbox 761 1173 879 1206; x_wconf 71' lang='grc' dir='ltr'><em>Ἄλλος.</em></span> 
     </span>
    </p>
   </div>
   <div class='ocr_carea' id='block_1_41' title="bbox 89 1205 882 1290">
    <p class='ocr_par' dir='ltr' id='par_1_41' title="bbox 89 1205 882 1290">
     <span class='ocr_line' id='line_1_41' title="bbox 92 1205 882 1281; baseline 0.02 -51"><span class='ocrx_word' id='word_1_295' title='bbox 92 1205 267 1281; x_wconf 46' lang='grc' dir='ltr'><strong>μετάκὲυμοῦ</strong></span> <span class='ocrx_word' id='word_1_296' title='bbox 283 1211 417 1247; x_wconf 77' lang='grc' dir='ltr'><strong>ὲγερθήσῃ</strong></span> <span class='ocrx_word' id='word_1_297' title='bbox 436 1214 482 1240; x_wconf 74' lang='grc' dir='ltr'><strong>ἐπὶ</strong></span> <span class='ocrx_word' id='word_1_298' title='bbox 498 1214 548 1249; x_wconf 80' lang='grc' dir='ltr'>τὴν</span> <span class='ocrx_word' id='word_1_299' title='bbox 562 1216 625 1250; x_wconf 79' lang='grc' dir='ltr'>γῆν,</span> <span class='ocrx_word' id='word_1_300' title='bbox 636 1217 694 1251; x_wconf 76' lang='grc' dir='ltr'><strong>μετ’</strong></span> <span class='ocrx_word' id='word_1_301' title='bbox 705 1205 791 1253; x_wconf 74' lang='grc' dir='ltr'>ὀργῆς</span> <span class='ocrx_word' id='word_1_302' title='bbox 801 1205 882 1255; x_wconf 69' lang='grc' dir='ltr'>ἀλση-</span> 
     </span>
     <span class='ocr_line' id='line_1_42' title="bbox 89 1261 238 1290; baseline 0.02 -11"><span class='ocrx_word' id='word_1_303' title='bbox 89 1261 150 1285; x_wconf 83' lang='grc' dir='ltr'><strong>σεις</strong></span> <span class='ocrx_word' id='word_1_304' title='bbox 164 1269 177 1280; x_wconf 73' lang='grc' dir='ltr'><strong>τ.</strong></span> <span class='ocrx_word' id='word_1_305' title='bbox 196 1264 238 1290; x_wconf 93' lang='grc' dir='ltr'>νη.</span> 
     </span>
    </p>
   </div>
   <div class='ocr_carea' id='block_1_42' title="bbox 89 1378 880 1430">
    <p class='ocr_par' dir='ltr' id='par_1_42' title="bbox 89 1378 880 1430">
     <span class='ocr_line' id='line_1_43' title="bbox 89 1378 880 1430; baseline -0.003 -12"><span class='ocrx_word' id='word_1_306' title='bbox 89 1390 252 1426; x_wconf 57' lang='lat' dir='ltr'><strong>1mm»</strong></span> <span class='ocrx_word' id='word_1_307' title='bbox 271 1378 344 1418; x_wconf 62' lang='grc' dir='ltr'><strong>ωτι)</strong></span> <span class='ocrx_word' id='word_1_308' title='bbox 362 1392 426 1428; x_wconf 65' lang='lat' dir='ltr'><strong>1m:</strong></span> <span class='ocrx_word' id='word_1_309' title='bbox 443 1382 515 1420; x_wconf 67' lang='lat' dir='ltr'><strong>1:va</strong></span> <span class='ocrx_word' id='word_1_310' title='bbox 531 1395 602 1420; x_wconf 58' lang='lat' dir='ltr'><strong>nam</strong></span> <span class='ocrx_word' id='word_1_311' title='bbox 623 1392 656 1419; x_wconf 83' lang='lat' dir='ltr'><strong>l5</strong></span> <span class='ocrx_word' id='word_1_312' title='bbox 698 1393 736 1420; x_wconf 83' lang='lat' dir='ltr'><strong>&#39;A.</strong></span> <span class='ocrx_word' id='word_1_313' title='bbox 751 1393 790 1427; x_wconf 74' lang='grc' dir='ltr'><strong>ιε’,</strong></span> <span class='ocrx_word' id='word_1_314' title='bbox 805 1395 880 1430; x_wconf 58' lang='lat' dir='ltr'><strong>tam.</strong></span> 
     </span>
    </p>
   </div>
   <div class='ocr_carea' id='block_1_43' title="bbox 89 1431 879 1476">
    <p class='ocr_par' dir='ltr' id='par_1_43' title="bbox 89 1431 879 1476">
     <span class='ocr_line' id='line_1_44' title="bbox 89 1431 879 1476; baseline 0.013 -19"><span class='ocrx_word' id='word_1_315' title='bbox 89 1431 138 1462; x_wconf 67' lang='lat'><strong>0;;</strong></span> <span class='ocrx_word' id='word_1_316' title='bbox 152 1433 191 1463; x_wconf 78' lang='grc' dir='ltr'><strong>εἰς</strong></span> <span class='ocrx_word' id='word_1_317' title='bbox 205 1433 343 1468; x_wconf 83' lang='grc' dir='ltr'><strong>σωτηρίαν</strong></span> <span class='ocrx_word' id='word_1_318' title='bbox 358 1433 422 1460; x_wconf 84' lang='grc' dir='ltr'>λαοῦ</span> <span class='ocrx_word' id='word_1_319' title='bbox 436 1442 493 1465; x_wconf 86' lang='grc' dir='ltr'><strong>σου.</strong></span> <span class='ocrx_word' id='word_1_320' title='bbox 507 1436 547 1467; x_wconf 78' lang='grc' dir='ltr'><strong>εἰς</strong></span> <span class='ocrx_word' id='word_1_321' title='bbox 564 1437 700 1472; x_wconf 84' lang='grc' dir='ltr'><strong>σωτηρίαν</strong></span> <span class='ocrx_word' id='word_1_322' title='bbox 711 1439 758 1465; x_wconf 89' lang='grc' dir='ltr'>σὺν</span> <span class='ocrx_word' id='word_1_323' title='bbox 770 1440 879 1476; x_wconf 80' lang='grc' dir='ltr'><strong>Χριστῷ</strong></span> 
     </span>
    </p>
   </div>
   <div class='ocr_carea' id='block_1_44' title="bbox 88 1478 878 1519">
    <p class='ocr_par' dir='ltr' id='par_1_44' title="bbox 88 1478 878 1519">
     <span class='ocr_line' id='line_1_45' title="bbox 88 1478 878 1519; baseline 0.014 -17"><span class='ocrx_word' id='word_1_324' title='bbox 88 1484 148 1503; x_wconf 67' lang='grc' dir='ltr'><strong>σου.</strong></span> <span class='ocrx_word' id='word_1_325' title='bbox 167 1478 195 1503; x_wconf 93' lang='grc' dir='ltr'><strong>Σ.</strong></span> <span class='ocrx_word' id='word_1_326' title='bbox 211 1497 218 1504; x_wconf 87' lang='grc'><em>.</em></span> <span class='ocrx_word' id='word_1_327' title='bbox 239 1496 247 1504; x_wconf 92' lang='grc'><strong>.</strong></span> <span class='ocrx_word' id='word_1_328' title='bbox 263 1498 270 1504; x_wconf 93' lang='grc'><strong>.</strong></span> <span class='ocrx_word' id='word_1_329' title='bbox 290 1498 298 1505; x_wconf 93' lang='grc'><em>.</em></span> <span class='ocrx_word' id='word_1_330' title='bbox 317 1498 325 1505; x_wconf 97' lang='grc'>.</span> <span class='ocrx_word' id='word_1_331' title='bbox 343 1498 350 1505; x_wconf 93' lang='grc'><em>.</em></span> <span class='ocrx_word' id='word_1_332' title='bbox 367 1498 374 1505; x_wconf 94' lang='grc'><em>.</em></span> <span class='ocrx_word' id='word_1_333' title='bbox 392 1500 398 1506; x_wconf 91' lang='grc'>.</span> <span class='ocrx_word' id='word_1_334' title='bbox 417 1498 425 1506; x_wconf 90' lang='grc'><strong>.</strong></span> <span class='ocrx_word' id='word_1_335' title='bbox 438 1480 476 1512; x_wconf 86' lang='lat'><strong>0’,</strong></span> <span class='ocrx_word' id='word_1_336' title='bbox 491 1479 601 1516; x_wconf 79' lang='grc' dir='ltr'><strong>ἐξῆλθες</strong></span> <span class='ocrx_word' id='word_1_337' title='bbox 611 1483 650 1514; x_wconf 74' lang='grc' dir='ltr'><strong>εἰς</strong></span> <span class='ocrx_word' id='word_1_338' title='bbox 666 1485 801 1519; x_wconf 81' lang='grc' dir='ltr'><strong>σωτηρίαν</strong></span> <span class='ocrx_word' id='word_1_339' title='bbox 814 1485 878 1513; x_wconf 80' lang='grc' dir='ltr'>λαοῦ</span> 
     </span>
    </p>
   </div>
   <div class='ocr_carea' id='block_1_45' title="bbox 88 1521 879 1565">
    <p class='ocr_par' dir='ltr' id='par_1_45' title="bbox 88 1521 879 1565">
     <span class='ocr_line' id='line_1_46' title="bbox 88 1521 879 1565; baseline 0.013 -18"><span class='ocrx_word' id='word_1_340' title='bbox 88 1529 138 1548; x_wconf 83' lang='grc' dir='ltr'><strong>σου</strong></span> <span class='ocrx_word' id='word_1_341' title='bbox 154 1521 199 1548; x_wconf 83' lang='grc' dir='ltr'><strong>τοῦ</strong></span> <span class='ocrx_word' id='word_1_342' title='bbox 213 1522 298 1549; x_wconf 80' lang='grc' dir='ltr'>σῶσαι</span> <span class='ocrx_word' id='word_1_343' title='bbox 315 1523 360 1549; x_wconf 87' lang='grc' dir='ltr'>τὸν</span> <span class='ocrx_word' id='word_1_344' title='bbox 373 1524 490 1559; x_wconf 76' lang='grc' dir='ltr'>Χριστόν</span> <span class='ocrx_word' id='word_1_345' title='bbox 507 1534 563 1552; x_wconf 84' lang='grc' dir='ltr'><strong>σου.</strong></span> <span class='ocrx_word' id='word_1_346' title='bbox 578 1528 609 1553; x_wconf 92' lang='grc' dir='ltr'><strong>Θ.</strong></span> <span class='ocrx_word' id='word_1_347' title='bbox 633 1546 639 1554; x_wconf 96' lang='grc'><strong><em>.</em></strong></span> <span class='ocrx_word' id='word_1_348' title='bbox 660 1548 667 1554; x_wconf 94' lang='grc'>.</span> <span class='ocrx_word' id='word_1_349' title='bbox 688 1549 694 1555; x_wconf 93' lang='grc'><strong>.</strong></span> <span class='ocrx_word' id='word_1_350' title='bbox 713 1548 720 1555; x_wconf 93' lang='grc'><strong>.</strong></span> <span class='ocrx_word' id='word_1_351' title='bbox 739 1531 783 1562; x_wconf 72' lang='grc' dir='ltr'><strong>ς’,</strong></span> <span class='ocrx_word' id='word_1_352' title='bbox 802 1530 879 1565; x_wconf 77' lang='grc' dir='ltr'><strong>ἐξῆλσ</strong></span> 
     </span>
    </p>
   </div>
   <div class='ocr_carea' id='block_1_46' title="bbox 89 1566 878 1609">
    <p class='ocr_par' dir='ltr' id='par_1_46' title="bbox 89 1566 878 1609">
     <span class='ocr_line' id='line_1_47' title="bbox 89 1566 878 1609; baseline 0.015 -17"><span class='ocrx_word' id='word_1_353' title='bbox 89 1566 137 1598; x_wconf 73' lang='lat' dir='ltr'><strong>ea;</strong></span> <span class='ocrx_word' id='word_1_354' title='bbox 153 1567 198 1593; x_wconf 82' lang='grc' dir='ltr'><strong>τοῦ</strong></span> <span class='ocrx_word' id='word_1_355' title='bbox 217 1568 303 1594; x_wconf 83' lang='grc' dir='ltr'>σῶσαι</span> <span class='ocrx_word' id='word_1_356' title='bbox 315 1569 360 1595; x_wconf 73' lang='grc' dir='ltr'><strong>τὸν</strong></span> <span class='ocrx_word' id='word_1_357' title='bbox 375 1569 438 1596; x_wconf 81' lang='grc' dir='ltr'>λαόν</span> <span class='ocrx_word' id='word_1_358' title='bbox 455 1579 502 1597; x_wconf 88' lang='grc' dir='ltr'><strong>σου</strong></span> <span class='ocrx_word' id='word_1_359' title='bbox 517 1571 560 1598; x_wconf 76' lang='grc' dir='ltr'><strong>διὰ</strong></span> <span class='ocrx_word' id='word_1_360' title='bbox 583 1572 684 1607; x_wconf 78' lang='grc' dir='ltr'><strong>Ἰησοῦν</strong></span> <span class='ocrx_word' id='word_1_361' title='bbox 697 1574 743 1600; x_wconf 73' lang='grc' dir='ltr'>τὸν</span> <span class='ocrx_word' id='word_1_362' title='bbox 762 1575 878 1609; x_wconf 83' lang='grc' dir='ltr'><strong>Χριστόν</strong></span> 
     </span>
    </p>
   </div>
   <div class='ocr_carea' id='block_1_47' title="bbox 89 1613 878 1654">
    <p class='ocr_par' dir='ltr' id='par_1_47' title="bbox 89 1613 878 1654">
     <span class='ocr_line' id='line_1_48' title="bbox 89 1613 878 1654; baseline 0.011 -16"><span class='ocrx_word' id='word_1_363' title='bbox 89 1621 138 1639; x_wconf 70' lang='grc' dir='ltr'><strong>σου</strong></span> <span class='ocrx_word' id='word_1_364' title='bbox 164 1613 199 1648; x_wconf 88' lang='lat' dir='ltr'><strong>(l.</strong></span> <span class='ocrx_word' id='word_1_365' title='bbox 217 1614 260 1641; x_wconf 76' lang='grc' dir='ltr'><strong>διὰ</strong></span> <span class='ocrx_word' id='word_1_366' title='bbox 279 1613 365 1649; x_wconf 88' lang='grc' dir='ltr'><strong>Ἰησοῦ</strong></span> <span class='ocrx_word' id='word_1_367' title='bbox 389 1616 436 1642; x_wconf 73' lang='grc' dir='ltr'><strong>τοῦ</strong></span> <span class='ocrx_word' id='word_1_368' title='bbox 462 1617 579 1652; x_wconf 84' lang='grc' dir='ltr'><strong>Χριστοῦ</strong></span> <span class='ocrx_word' id='word_1_369' title='bbox 597 1620 666 1654; x_wconf 84' lang='grc' dir='ltr'>σου).</span> <span class='ocrx_word' id='word_1_370' title='bbox 683 1621 799 1653; x_wconf 77' lang='grc' dir='ltr'><em>Ἄλλος,</em></span> <span class='ocrx_word' id='word_1_371' title='bbox 816 1623 878 1649; x_wconf 82' lang='grc' dir='ltr'><strong>ἁνε-</strong></span> 
     </span>
    </p>
   </div>
   <div class='ocr_carea' id='block_1_48' title="bbox 87 1658 878 1699">
    <p class='ocr_par' dir='ltr' id='par_1_48' title="bbox 87 1658 878 1699">
     <span class='ocr_line' id='line_1_49' title="bbox 87 1658 878 1699; baseline 0.005 -11"><span class='ocrx_word' id='word_1_372' title='bbox 87 1658 178 1692; x_wconf 72' lang='grc' dir='ltr'>φάνης</span> <span class='ocrx_word' id='word_1_373' title='bbox 207 1659 253 1685; x_wconf 76' lang='grc' dir='ltr'><strong>ἐπὶ</strong></span> <span class='ocrx_word' id='word_1_374' title='bbox 280 1661 401 1696; x_wconf 76' lang='grc' dir='ltr'>σωτηρίᾳ</span> <span class='ocrx_word' id='word_1_375' title='bbox 427 1662 474 1688; x_wconf 86' lang='grc' dir='ltr'><strong>τοῦ</strong></span> <span class='ocrx_word' id='word_1_376' title='bbox 501 1663 564 1689; x_wconf 86' lang='grc' dir='ltr'>λαοῦ</span> <span class='ocrx_word' id='word_1_377' title='bbox 582 1672 639 1696; x_wconf 86' lang='grc' dir='ltr'><strong>σου,</strong></span> <span class='ocrx_word' id='word_1_378' title='bbox 656 1665 789 1698; x_wconf 75' lang='grc' dir='ltr'>ῥύσασθαι</span> <span class='ocrx_word' id='word_1_379' title='bbox 816 1668 878 1699; x_wconf 79' lang='grc' dir='ltr'><strong>τοὺς</strong></span> 
     </span>
    </p>
   </div>
   <div class='ocr_carea' id='block_1_49' title="bbox 87 1703 313 1735">
    <p class='ocr_par' dir='ltr' id='par_1_49' title="bbox 87 1703 313 1735">
     <span class='ocr_line' id='line_1_50' title="bbox 87 1703 313 1735; baseline 0.013 -6"><span class='ocrx_word' id='word_1_380' title='bbox 87 1703 236 1735; x_wconf 74' lang='grc' dir='ltr'><strong>ἐκλεκτούς</strong></span> <span class='ocrx_word' id='word_1_381' title='bbox 256 1714 313 1732; x_wconf 89' lang='grc' dir='ltr'><strong>σου.</strong></span> 
     </span>
    </p>
   </div>
   <div class='ocr_carea' id='block_1_50' title="bbox 87 1742 844 1787">
    <p class='ocr_par' dir='ltr' id='par_1_50' title="bbox 87 1742 844 1787">
     <span class='ocr_line' id='line_1_51' title="bbox 87 1742 844 1787; baseline 0.013 -10"><span class='ocrx_word' id='word_1_382' title='bbox 87 1742 144 1778; x_wconf 65' lang='lat' dir='ltr'><strong>rh:</strong></span> <span class='ocrx_word' id='word_1_383' title='bbox 162 1754 287 1781; x_wconf 50' lang='lat' dir='ltr'><strong>anisi—nr</strong></span> <span class='ocrx_word' id='word_1_384' title='bbox 304 1755 362 1780; x_wconf 70' lang='grc' dir='ltr'>πον</span> <span class='ocrx_word' id='word_1_385' title='bbox 388 1757 458 1784; x_wconf 60' lang='lat' dir='ltr'><strong>may</strong></span> <span class='ocrx_word' id='word_1_386' title='bbox 480 1758 544 1785; x_wconf 68' lang='lat' dir='ltr'><strong>tam</strong></span> <span class='ocrx_word' id='word_1_387' title='bbox 566 1759 644 1785; x_wconf 65' lang='lat' dir='ltr'><strong>nun</strong></span> <span class='ocrx_word' id='word_1_388' title='bbox 667 1761 734 1787; x_wconf 62' lang='lat' dir='ltr'><strong>itm-1</strong></span> <span class='ocrx_word' id='word_1_389' title='bbox 758 1763 844 1787; x_wconf 64' lang='lat' dir='ltr'><strong>nam:</strong></span> 
     </span>
    </p>
   </div>
   <div class='ocr_carea' id='block_1_51' title="bbox 88 1794 878 1838">
    <p class='ocr_par' dir='ltr' id='par_1_51' title="bbox 88 1794 878 1838">
     <span class='ocr_line' id='line_1_52' title="bbox 88 1794 878 1838; baseline 0.013 -19"><span class='ocrx_word' id='word_1_390' title='bbox 88 1796 129 1826; x_wconf 77' lang='grc' dir='ltr'><strong>θ’,</strong></span> <span class='ocrx_word' id='word_1_391' title='bbox 145 1794 236 1828; x_wconf 81' lang='grc' dir='ltr'>βαλεῖς</span> <span class='ocrx_word' id='word_1_392' title='bbox 250 1796 290 1826; x_wconf 68' lang='grc' dir='ltr'><strong>εἰς</strong></span> <span class='ocrx_word' id='word_1_393' title='bbox 313 1797 434 1830; x_wconf 84' lang='grc' dir='ltr'>κεφαλὰς</span> <span class='ocrx_word' id='word_1_394' title='bbox 450 1799 560 1833; x_wconf 82' lang='grc' dir='ltr'>ἀνόμων</span> <span class='ocrx_word' id='word_1_395' title='bbox 580 1799 692 1827; x_wconf 85' lang='grc' dir='ltr'>θάνατον</span> <span class='ocrx_word' id='word_1_396' title='bbox 705 1823 712 1835; x_wconf 82' lang='lat'><strong><em>,</em></strong></span> <span class='ocrx_word' id='word_1_397' title='bbox 734 1802 878 1838; x_wconf 76' lang='grc' dir='ltr'><strong>ἐξήγειρας</strong></span> 
     </span>
    </p>
   </div>
   <div class='ocr_carea' id='block_1_52' title="bbox 87 1841 876 1880">
    <p class='ocr_par' dir='ltr' id='par_1_52' title="bbox 87 1841 876 1880">
     <span class='ocr_line' id='line_1_53' title="bbox 87 1841 876 1880; baseline 0.013 -14"><span class='ocrx_word' id='word_1_398' title='bbox 87 1841 206 1876; x_wconf 75' lang='grc' dir='ltr'><strong>δεσμοὺς</strong></span> <span class='ocrx_word' id='word_1_399' title='bbox 219 1841 272 1873; x_wconf 73' lang='grc' dir='ltr'><strong>ἕως</strong></span> <span class='ocrx_word' id='word_1_400' title='bbox 284 1844 429 1877; x_wconf 82' lang='grc' dir='ltr'><strong>τραχήλου,</strong></span> <span class='ocrx_word' id='word_1_401' title='bbox 446 1844 595 1880; x_wconf 80' lang='grc' dir='ltr'><strong>διὰψαλμα.</strong></span> <span class='ocrx_word' id='word_1_402' title='bbox 616 1847 647 1872; x_wconf 89' lang='grc' dir='ltr'><strong>Θ.</strong></span> <span class='ocrx_word' id='word_1_403' title='bbox 668 1866 674 1873; x_wconf 97' lang='grc'>.</span> <span class='ocrx_word' id='word_1_404' title='bbox 693 1869 698 1874; x_wconf 96' lang='grc'>.</span> <span class='ocrx_word' id='word_1_405' title='bbox 716 1867 722 1873; x_wconf 92' lang='grc'>.</span> <span class='ocrx_word' id='word_1_406' title='bbox 744 1868 750 1874; x_wconf 95' lang='grc'><em>.</em></span> <span class='ocrx_word' id='word_1_407' title='bbox 772 1867 779 1875; x_wconf 91' lang='grc'><strong><em>.</em></strong></span> <span class='ocrx_word' id='word_1_408' title='bbox 794 1868 800 1874; x_wconf 96' lang='grc'><em>.</em></span> <span class='ocrx_word' id='word_1_409' title='bbox 818 1869 824 1875; x_wconf 91' lang='grc'>.</span> <span class='ocrx_word' id='word_1_410' title='bbox 844 1868 850 1875; x_wconf 97' lang='grc'><em>.</em></span> <span class='ocrx_word' id='word_1_411' title='bbox 869 1869 876 1876; x_wconf 87' lang='grc'>.</span> 
     </span>
    </p>
   </div>
   <div class='ocr_carea' id='block_1_53' title="bbox 87 1886 877 1928">
    <p class='ocr_par' dir='ltr' id='par_1_53' title="bbox 87 1886 877 1928">
     <span class='ocr_line' id='line_1_54' title="bbox 87 1886 877 1928; baseline 0.01 -15"><span class='ocrx_word' id='word_1_412' title='bbox 87 1886 129 1914; x_wconf 86' lang='grc' dir='ltr'><strong>Ε’.</strong></span> <span class='ocrx_word' id='word_1_413' title='bbox 146 1905 153 1912; x_wconf 91' lang='grc'><em>.</em></span> <span class='ocrx_word' id='word_1_414' title='bbox 168 1906 175 1913; x_wconf 93' lang='grc'><strong>.</strong></span> <span class='ocrx_word' id='word_1_415' title='bbox 193 1906 200 1913; x_wconf 93' lang='grc'>.</span> <span class='ocrx_word' id='word_1_416' title='bbox 218 1907 225 1914; x_wconf 93' lang='grc'><em>.</em></span> <span class='ocrx_word' id='word_1_417' title='bbox 242 1907 248 1913; x_wconf 97' lang='grc'>.</span> <span class='ocrx_word' id='word_1_418' title='bbox 270 1907 275 1913; x_wconf 96' lang='grc'>.</span> <span class='ocrx_word' id='word_1_419' title='bbox 297 1889 412 1921; x_wconf 83' lang='grc' dir='ltr'><em>Ἄλλος,</em></span> <span class='ocrx_word' id='word_1_420' title='bbox 429 1891 624 1924; x_wconf 78' lang='grc' dir='ltr'><strong>κατετόξευσας</strong></span> <span class='ocrx_word' id='word_1_421' title='bbox 639 1893 758 1927; x_wconf 77' lang='grc' dir='ltr'>κεφαλὰς</span> <span class='ocrx_word' id='word_1_422' title='bbox 773 1893 877 1928; x_wconf 80' lang='grc' dir='ltr'>ἀνθρώ-</span> 
     </span>
    </p>
   </div>
   <div class='ocr_carea' id='block_1_54' title="bbox 88 1933 876 1975">
    <p class='ocr_par' dir='ltr' id='par_1_54' title="bbox 88 1933 876 1975">
     <span class='ocr_line' id='line_1_55' title="bbox 88 1933 876 1975; baseline 0.013 -18"><span class='ocrx_word' id='word_1_423' title='bbox 88 1940 149 1958; x_wconf 82' lang='grc' dir='ltr'><strong>πων</strong></span> <span class='ocrx_word' id='word_1_424' title='bbox 164 1933 354 1967; x_wconf 77' lang='grc' dir='ltr'><strong>ὑπερηφάνων,</strong></span> <span class='ocrx_word' id='word_1_425' title='bbox 367 1934 419 1966; x_wconf 75' lang='grc' dir='ltr'>ἕως</span> <span class='ocrx_word' id='word_1_426' title='bbox 433 1936 551 1963; x_wconf 75' lang='grc' dir='ltr'><strong>ἀϐύσσου</strong></span> <span class='ocrx_word' id='word_1_427' title='bbox 565 1938 613 1973; x_wconf 77' lang='grc' dir='ltr'><strong>τῆς</strong></span> <span class='ocrx_word' id='word_1_428' title='bbox 640 1938 775 1975; x_wconf 82' lang='grc' dir='ltr'><strong>θαλάσσης</strong></span> <span class='ocrx_word' id='word_1_429' title='bbox 793 1949 876 1967; x_wconf 82' lang='grc' dir='ltr'>κατα-</span> 
     </span>
    </p>
   </div>
   <div class='ocr_carea' id='block_1_55' title="bbox 87 1977 226 2004">
    <p class='ocr_par' dir='ltr' id='par_1_55' title="bbox 87 1977 226 2004">
     <span class='ocr_line' id='line_1_56' title="bbox 87 1977 226 2004; baseline 0.007 -1"><span class='ocrx_word' id='word_1_430' title='bbox 87 1977 120 2003; x_wconf 77' lang='grc' dir='ltr'><em>δὺ</em></span> <span class='ocrx_word' id='word_1_431' title='bbox 126 1986 226 2004; x_wconf 68' lang='grc' dir='ltr'>τοντσιι.</span> 
     </span>
    </p>
   </div>
   <div class='ocr_carea' id='block_1_56' title="bbox 970 1119 1717 1155">
    <p class='ocr_par' dir='ltr' id='par_1_56' title="bbox 970 1119 1717 1155">
     <span class='ocr_line' id='line_1_57' title="bbox 970 1119 1717 1155; baseline -0.011 -2"><span class='ocrx_word' id='word_1_432' title='bbox 970 1126 1015 1153; x_wconf 72' lang='lat'><strong>4‘2.</strong></span> <span class='ocrx_word' id='word_1_433' title='bbox 1035 1125 1101 1153; x_wconf 87' lang='lat' dir='ltr'><strong>Heb.</strong></span> <span class='ocrx_word' id='word_1_434' title='bbox 1119 1125 1145 1152; x_wconf 91' lang='lat' dir='ltr'><strong>in</strong></span> <span class='ocrx_word' id='word_1_435' title='bbox 1162 1125 1201 1152; x_wconf 83' lang='lat' dir='ltr'><strong>ira</strong></span> <span class='ocrx_word' id='word_1_436' title='bbox 1219 1125 1326 1152; x_wconf 68' lang='lat' dir='ltr'><strong>incedas</strong></span> <span class='ocrx_word' id='word_1_437' title='bbox 1342 1130 1453 1155; x_wconf 74' lang='lat' dir='ltr'><strong>terram,</strong></span> <span class='ocrx_word' id='word_1_438' title='bbox 1475 1126 1502 1149; x_wconf 87' lang='lat' dir='ltr'><strong>et</strong></span> <span class='ocrx_word' id='word_1_439' title='bbox 1518 1122 1545 1148; x_wconf 90' lang='lat' dir='ltr'><strong>in</strong></span> <span class='ocrx_word' id='word_1_440' title='bbox 1564 1121 1655 1147; x_wconf 82' lang='lat' dir='ltr'><strong>furore</strong></span> <span class='ocrx_word' id='word_1_441' title='bbox 1668 1119 1717 1146; x_wconf 92' lang='lat' dir='ltr'><strong>tri—</strong></span> 
     </span>
    </p>
   </div>
   <div class='ocr_carea' id='block_1_57' title="bbox 934 1165 1716 1205">
    <p class='ocr_par' dir='ltr' id='par_1_57' title="bbox 934 1165 1716 1205">
     <span class='ocr_line' id='line_1_58' title="bbox 934 1165 1716 1205; baseline -0.009 -7"><span class='ocrx_word' id='word_1_442' title='bbox 934 1171 1040 1198; x_wconf 70' lang='lat' dir='ltr'><strong>turahis</strong></span> <span class='ocrx_word' id='word_1_443' title='bbox 1053 1176 1157 1205; x_wconf 79' lang='lat' dir='ltr'><strong>gentes.</strong></span> <span class='ocrx_word' id='word_1_444' title='bbox 1173 1169 1254 1202; x_wconf 76' lang='lat' dir='ltr'><strong>LXX,</strong></span> <span class='ocrx_word' id='word_1_445' title='bbox 1283 1170 1310 1196; x_wconf 93' lang='lat' dir='ltr'><strong>iu</strong></span> <span class='ocrx_word' id='word_1_446' title='bbox 1338 1168 1549 1197; x_wconf 82' lang='lat' dir='ltr'><strong>comminatione</strong></span> <span class='ocrx_word' id='word_1_447' title='bbox 1571 1165 1716 1193; x_wconf 67' lang='lat' dir='ltr'><strong>imminuet</strong></span> 
     </span>
    </p>
   </div>
   <div class='ocr_carea' id='block_1_58' title="bbox 934 1212 1716 1249">
    <p class='ocr_par' dir='ltr' id='par_1_58' title="bbox 934 1212 1716 1249">
     <span class='ocr_line' id='line_1_59' title="bbox 934 1212 1716 1249; baseline -0.009 -6"><span class='ocrx_word' id='word_1_448' title='bbox 934 1221 1045 1248; x_wconf 79' lang='lat' dir='ltr'><strong>terram,</strong></span> <span class='ocrx_word' id='word_1_449' title='bbox 1063 1220 1090 1243; x_wconf 85' lang='lat' dir='ltr'><strong>et</strong></span> <span class='ocrx_word' id='word_1_450' title='bbox 1108 1217 1134 1242; x_wconf 93' lang='lat' dir='ltr'><strong>in</strong></span> <span class='ocrx_word' id='word_1_451' title='bbox 1152 1215 1245 1243; x_wconf 81' lang='lat' dir='ltr'><strong>furore</strong></span> <span class='ocrx_word' id='word_1_452' title='bbox 1263 1216 1390 1242; x_wconf 78' lang='lat' dir='ltr'><strong>detrahes</strong></span> <span class='ocrx_word' id='word_1_453' title='bbox 1410 1219 1513 1249; x_wconf 84' lang='lat' dir='ltr'><strong>gentes.</strong></span> <span class='ocrx_word' id='word_1_454' title='bbox 1538 1212 1631 1243; x_wconf 65' lang='lat' dir='ltr'><strong>Alius,</strong></span> <span class='ocrx_word' id='word_1_455' title='bbox 1653 1217 1716 1238; x_wconf 88' lang='lat' dir='ltr'><strong>cum</strong></span> 
     </span>
    </p>
   </div>
   <div class='ocr_carea' id='block_1_59' title="bbox 933 1257 1716 1295">
    <p class='ocr_par' dir='ltr' id='par_1_59' title="bbox 933 1257 1716 1295">
     <span class='ocr_line' id='line_1_60' title="bbox 933 1257 1716 1295; baseline -0.008 -7"><span class='ocrx_word' id='word_1_456' title='bbox 933 1261 1027 1289; x_wconf 85' lang='lat' dir='ltr'><strong>furore</strong></span> <span class='ocrx_word' id='word_1_457' title='bbox 1042 1261 1206 1289; x_wconf 79' lang='lat' dir='ltr'><strong>cxcitaberis</strong></span> <span class='ocrx_word' id='word_1_458' title='bbox 1218 1268 1300 1295; x_wconf 83' lang='lat' dir='ltr'><strong>super</strong></span> <span class='ocrx_word' id='word_1_459' title='bbox 1317 1266 1427 1290; x_wconf 85' lang='lat' dir='ltr'><strong>terram.</strong></span> <span class='ocrx_word' id='word_1_460' title='bbox 1445 1267 1507 1286; x_wconf 86' lang='lat' dir='ltr'><strong>cum</strong></span> <span class='ocrx_word' id='word_1_461' title='bbox 1523 1259 1562 1285; x_wconf 81' lang='lat' dir='ltr'><strong>ira</strong></span> <span class='ocrx_word' id='word_1_462' title='bbox 1574 1257 1716 1284; x_wconf 75' lang='lat' dir='ltr'><strong>triturabis</strong></span> 
     </span>
    </p>
   </div>
   <div class='ocr_carea' id='block_1_60' title="bbox 933 1301 1717 1342">
    <p class='ocr_par' dir='ltr' id='par_1_60' title="bbox 933 1301 1717 1342">
     <span class='ocr_line' id='line_1_61' title="bbox 933 1301 1717 1342; baseline -0.008 -8"><span class='ocrx_word' id='word_1_463' title='bbox 933 1312 1037 1342; x_wconf 84' lang='lat' dir='ltr'><strong>gentes.</strong></span> <span class='ocrx_word' id='word_1_464' title='bbox 1050 1306 1109 1333; x_wconf 89' lang='lat' dir='ltr'><strong>Vul.</strong></span> <span class='ocrx_word' id='word_1_465' title='bbox 1124 1307 1150 1333; x_wconf 94' lang='lat' dir='ltr'><strong>in</strong></span> <span class='ocrx_word' id='word_1_466' title='bbox 1169 1306 1276 1333; x_wconf 88' lang='lat' dir='ltr'><strong>fremitu</strong></span> <span class='ocrx_word' id='word_1_467' title='bbox 1294 1305 1467 1333; x_wconf 80' lang='lat' dir='ltr'><strong>conculcabis</strong></span> <span class='ocrx_word' id='word_1_468' title='bbox 1492 1308 1612 1331; x_wconf 75' lang='lat' dir='ltr'><strong>terram:</strong></span> <span class='ocrx_word' id='word_1_469' title='bbox 1632 1302 1659 1329; x_wconf 91' lang='lat' dir='ltr'><strong>in</strong></span> <span class='ocrx_word' id='word_1_470' title='bbox 1678 1301 1717 1329; x_wconf 89' lang='lat' dir='ltr'><strong>fu-</strong></span> 
     </span>
    </p>
   </div>
   <div class='ocr_carea' id='block_1_61' title="bbox 933 1352 1329 1387">
    <p class='ocr_par' dir='ltr' id='par_1_61' title="bbox 933 1352 1329 1387">
     <span class='ocr_line' id='line_1_62' title="bbox 933 1352 1329 1387; baseline -0.003 -8"><span class='ocrx_word' id='word_1_471' title='bbox 933 1360 996 1380; x_wconf 90' lang='lat' dir='ltr'><strong>rore</strong></span> <span class='ocrx_word' id='word_1_472' title='bbox 1008 1352 1210 1387; x_wconf 82' lang='lat' dir='ltr'><strong>obstupefacies</strong></span> <span class='ocrx_word' id='word_1_473' title='bbox 1225 1357 1329 1386; x_wconf 73' lang='lat' dir='ltr'><strong>gentes.</strong></span> 
     </span>
    </p>
   </div>
   <div class='ocr_carea' id='block_1_62' title="bbox 968 1395 1717 1432">
    <p class='ocr_par' dir='ltr' id='par_1_62' title="bbox 968 1395 1717 1432">
     <span class='ocr_line' id='line_1_63' title="bbox 968 1395 1717 1432; baseline -0.008 -7"><span class='ocrx_word' id='word_1_474' title='bbox 968 1399 1012 1425; x_wconf 65' lang='lat'><strong>13.</strong></span> <span class='ocrx_word' id='word_1_475' title='bbox 1032 1398 1114 1427; x_wconf 85' lang='lat' dir='ltr'><strong>llcbr.</strong></span> <span class='ocrx_word' id='word_1_476' title='bbox 1131 1398 1163 1426; x_wconf 81' lang='grc' dir='ltr'><strong>Α.</strong></span> <span class='ocrx_word' id='word_1_477' title='bbox 1177 1398 1208 1431; x_wconf 84' lang='lat' dir='ltr'><strong>V,</strong></span> <span class='ocrx_word' id='word_1_478' title='bbox 1224 1398 1284 1425; x_wconf 91' lang='lat' dir='ltr'><strong>Vul.</strong></span> <span class='ocrx_word' id='word_1_479' title='bbox 1301 1397 1435 1432; x_wconf 79' lang='lat' dir='ltr'><strong>Egressus</strong></span> <span class='ocrx_word' id='word_1_480' title='bbox 1448 1404 1478 1423; x_wconf 89' lang='lat' dir='ltr'><strong>es</strong></span> <span class='ocrx_word' id='word_1_481' title='bbox 1495 1396 1521 1422; x_wconf 93' lang='lat' dir='ltr'><strong>in</strong></span> <span class='ocrx_word' id='word_1_482' title='bbox 1538 1395 1652 1422; x_wconf 86' lang='lat' dir='ltr'><strong>salutem</strong></span> <span class='ocrx_word' id='word_1_483' title='bbox 1669 1401 1717 1428; x_wconf 89' lang='lat' dir='ltr'><strong>po-</strong></span> 
     </span>
    </p>
   </div>
   <div class='ocr_carea' id='block_1_63' title="bbox 932 1440 1716 1478">
    <p class='ocr_par' dir='ltr' id='par_1_63' title="bbox 932 1440 1716 1478">
     <span class='ocr_line' id='line_1_64' title="bbox 932 1440 1716 1478; baseline -0.006 -7"><span class='ocrx_word' id='word_1_484' title='bbox 932 1444 988 1478; x_wconf 89' lang='lat' dir='ltr'><strong>puli</strong></span> <span class='ocrx_word' id='word_1_485' title='bbox 1005 1444 1076 1471; x_wconf 91' lang='lat' dir='ltr'><strong>tuiiu</strong></span> <span class='ocrx_word' id='word_1_486' title='bbox 1093 1445 1206 1471; x_wconf 77' lang='lat' dir='ltr'><strong>salutem</strong></span> <span class='ocrx_word' id='word_1_487' title='bbox 1215 1451 1277 1470; x_wconf 88' lang='lat' dir='ltr'><strong>cum</strong></span> <span class='ocrx_word' id='word_1_488' title='bbox 1289 1443 1399 1470; x_wconf 81' lang='lat' dir='ltr'><strong>Christo</strong></span> <span class='ocrx_word' id='word_1_489' title='bbox 1413 1448 1469 1469; x_wconf 86' lang='lat' dir='ltr'><strong>tuo.</strong></span> <span class='ocrx_word' id='word_1_490' title='bbox 1483 1442 1512 1469; x_wconf 84' lang='lat' dir='ltr'><strong>S.</strong></span> <span class='ocrx_word' id='word_1_491' title='bbox 1529 1440 1716 1475; x_wconf 73' lang='lat' dir='ltr'><strong>LXX,Egres-</strong></span> 
     </span>
    </p>
   </div>
   <div class='ocr_carea' id='block_1_64' title="bbox 932 1485 1714 1522">
    <p class='ocr_par' dir='ltr' id='par_1_64' title="bbox 932 1485 1714 1522">
     <span class='ocr_line' id='line_1_65' title="bbox 932 1485 1714 1522; baseline -0.008 -6"><span class='ocrx_word' id='word_1_492' title='bbox 932 1496 980 1516; x_wconf 86' lang='lat' dir='ltr'><strong>sus</strong></span> <span class='ocrx_word' id='word_1_493' title='bbox 994 1496 1024 1516; x_wconf 89' lang='lat' dir='ltr'><strong>es</strong></span> <span class='ocrx_word' id='word_1_494' title='bbox 1042 1489 1068 1515; x_wconf 92' lang='lat' dir='ltr'><strong>in</strong></span> <span class='ocrx_word' id='word_1_495' title='bbox 1083 1489 1197 1515; x_wconf 87' lang='lat' dir='ltr'><strong>salutem</strong></span> <span class='ocrx_word' id='word_1_496' title='bbox 1213 1488 1304 1522; x_wconf 81' lang='lat' dir='ltr'><strong>populi</strong></span> <span class='ocrx_word' id='word_1_497' title='bbox 1318 1487 1366 1518; x_wconf 84' lang='lat' dir='ltr'><strong>tui,</strong></span> <span class='ocrx_word' id='word_1_498' title='bbox 1385 1491 1414 1513; x_wconf 93' lang='lat' dir='ltr'><strong>ut</strong></span> <span class='ocrx_word' id='word_1_499' title='bbox 1433 1487 1553 1513; x_wconf 76' lang='lat' dir='ltr'><strong>salvares</strong></span> <span class='ocrx_word' id='word_1_500' title='bbox 1573 1485 1714 1512; x_wconf 73' lang='lat' dir='ltr'><strong>Christum</strong></span> 
     </span>
    </p>
   </div>
   <div class='ocr_carea' id='block_1_65' title="bbox 932 1531 1718 1569">
    <p class='ocr_par' dir='ltr' id='par_1_65' title="bbox 932 1531 1718 1569">
     <span class='ocr_line' id='line_1_66' title="bbox 932 1531 1718 1569; baseline -0.006 -7"><span class='ocrx_word' id='word_1_501' title='bbox 932 1539 1017 1562; x_wconf 84' lang='lat' dir='ltr'><strong>tuum.</strong></span> <span class='ocrx_word' id='word_1_502' title='bbox 1033 1535 1084 1562; x_wconf 87' lang='lat' dir='ltr'><strong>Th.</strong></span> <span class='ocrx_word' id='word_1_503' title='bbox 1102 1534 1234 1569; x_wconf 84' lang='lat' dir='ltr'><strong>Egressus</strong></span> <span class='ocrx_word' id='word_1_504' title='bbox 1245 1541 1274 1561; x_wconf 84' lang='lat' dir='ltr'><strong>es</strong></span> <span class='ocrx_word' id='word_1_505' title='bbox 1291 1534 1396 1560; x_wconf 86' lang='lat' dir='ltr'><strong>salvare</strong></span> <span class='ocrx_word' id='word_1_506' title='bbox 1410 1533 1538 1566; x_wconf 90' lang='lat' dir='ltr'><strong>populum</strong></span> <span class='ocrx_word' id='word_1_507' title='bbox 1553 1536 1640 1561; x_wconf 84' lang='lat' dir='ltr'><strong>tuum.</strong></span> <span class='ocrx_word' id='word_1_508' title='bbox 1661 1531 1718 1557; x_wconf 79' lang='lat' dir='ltr'><strong>sal-</strong></span> 
     </span>
    </p>
   </div>
   <div class='ocr_carea' id='block_1_66' title="bbox 931 1577 1715 1612">
    <p class='ocr_par' dir='ltr' id='par_1_66' title="bbox 931 1577 1715 1612">
     <span class='ocr_line' id='line_1_67' title="bbox 931 1577 1715 1612; baseline -0.005 -5"><span class='ocrx_word' id='word_1_509' title='bbox 931 1588 995 1608; x_wconf 75' lang='lat' dir='ltr'><strong>vare</strong></span> <span class='ocrx_word' id='word_1_510' title='bbox 1008 1580 1146 1608; x_wconf 86' lang='lat' dir='ltr'><strong>Christum</strong></span> <span class='ocrx_word' id='word_1_511' title='bbox 1159 1585 1245 1607; x_wconf 82' lang='lat' dir='ltr'><strong>tuum.</strong></span> <span class='ocrx_word' id='word_1_512' title='bbox 1268 1579 1302 1606; x_wconf 87' lang='lat' dir='ltr'><strong>VI</strong></span> <span class='ocrx_word' id='word_1_513' title='bbox 1328 1579 1377 1605; x_wconf 85' lang='lat' dir='ltr'><strong>Ed.</strong></span> <span class='ocrx_word' id='word_1_514' title='bbox 1393 1578 1523 1612; x_wconf 84' lang='lat' dir='ltr'><strong>Egressus</strong></span> <span class='ocrx_word' id='word_1_515' title='bbox 1546 1585 1574 1604; x_wconf 87' lang='lat' dir='ltr'><strong>es</strong></span> <span class='ocrx_word' id='word_1_516' title='bbox 1609 1577 1715 1603; x_wconf 80' lang='lat' dir='ltr'><strong>salvare</strong></span> 
     </span>
    </p>
   </div>
   <div class='ocr_carea' id='block_1_67' title="bbox 931 1622 1712 1660">
    <p class='ocr_par' dir='ltr' id='par_1_67' title="bbox 931 1622 1712 1660">
     <span class='ocr_line' id='line_1_68' title="bbox 931 1622 1712 1660; baseline -0.008 -8"><span class='ocrx_word' id='word_1_517' title='bbox 931 1626 1061 1660; x_wconf 88' lang='lat' dir='ltr'><strong>populum</strong></span> <span class='ocrx_word' id='word_1_518' title='bbox 1083 1629 1158 1652; x_wconf 87' lang='lat' dir='ltr'><strong>tuum</strong></span> <span class='ocrx_word' id='word_1_519' title='bbox 1179 1633 1226 1659; x_wconf 90' lang='lat' dir='ltr'><strong>per</strong></span> <span class='ocrx_word' id='word_1_520' title='bbox 1239 1624 1332 1651; x_wconf 78' lang='lat' dir='ltr'><strong>Jesum</strong></span> <span class='ocrx_word' id='word_1_521' title='bbox 1353 1623 1491 1650; x_wconf 85' lang='lat' dir='ltr'><strong>Christum</strong></span> <span class='ocrx_word' id='word_1_522' title='bbox 1513 1627 1600 1649; x_wconf 89' lang='lat' dir='ltr'><strong>tuum.</strong></span> <span class='ocrx_word' id='word_1_523' title='bbox 1626 1622 1712 1652; x_wconf 78' lang='lat' dir='ltr'><strong>Atius.</strong></span> 
     </span>
    </p>
   </div>
   <div class='ocr_carea' id='block_1_68' title="bbox 931 1667 1715 1706">
    <p class='ocr_par' dir='ltr' id='par_1_68' title="bbox 931 1667 1715 1706">
     <span class='ocr_line' id='line_1_69' title="bbox 931 1667 1715 1706; baseline -0.011 -6"><span class='ocrx_word' id='word_1_524' title='bbox 931 1671 1088 1706; x_wconf 74' lang='lat' dir='ltr'><strong>Apparuisti</strong></span> <span class='ocrx_word' id='word_1_525' title='bbox 1104 1678 1186 1705; x_wconf 88' lang='lat' dir='ltr'><strong>super</strong></span> <span class='ocrx_word' id='word_1_526' title='bbox 1204 1670 1292 1698; x_wconf 85' lang='lat' dir='ltr'><strong>salute</strong></span> <span class='ocrx_word' id='word_1_527' title='bbox 1307 1669 1399 1704; x_wconf 90' lang='lat' dir='ltr'><strong>populi</strong></span> <span class='ocrx_word' id='word_1_528' title='bbox 1424 1668 1474 1700; x_wconf 88' lang='lat' dir='ltr'><strong>tui,</strong></span> <span class='ocrx_word' id='word_1_529' title='bbox 1493 1668 1525 1695; x_wconf 87' lang='lat' dir='ltr'><strong>ad</strong></span> <span class='ocrx_word' id='word_1_530' title='bbox 1542 1667 1715 1694; x_wconf 64' lang='lat' dir='ltr'><strong>liberandum,</strong></span> 
     </span>
    </p>
   </div>
   <div class='ocr_carea' id='block_1_69' title="bbox 932 1717 1122 1744">
    <p class='ocr_par' dir='ltr' id='par_1_69' title="bbox 932 1717 1122 1744">
     <span class='ocr_line' id='line_1_70' title="bbox 932 1717 1122 1744; baseline 0 0"><span class='ocrx_word' id='word_1_531' title='bbox 932 1717 1033 1744; x_wconf 77' lang='lat' dir='ltr'><strong>electos</strong></span> <span class='ocrx_word' id='word_1_532' title='bbox 1052 1721 1122 1744; x_wconf 85' lang='lat' dir='ltr'><strong>tuos.</strong></span> 
     </span>
    </p>
   </div>
   <div class='ocr_carea' id='block_1_70' title="bbox 962 1757 1717 1796">
    <p class='ocr_par' dir='ltr' id='par_1_70' title="bbox 962 1757 1717 1796">
     <span class='ocr_line' id='line_1_71' title="bbox 962 1757 1717 1796; baseline -0.008 -7"><span class='ocrx_word' id='word_1_533' title='bbox 962 1762 1029 1789; x_wconf 82' lang='lat' dir='ltr'><strong>Heb.</strong></span> <span class='ocrx_word' id='word_1_534' title='bbox 1047 1762 1206 1789; x_wconf 81' lang='lat' dir='ltr'><strong>trausfixisti</strong></span> <span class='ocrx_word' id='word_1_535' title='bbox 1224 1766 1305 1796; x_wconf 86' lang='lat' dir='ltr'><strong>caput</strong></span> <span class='ocrx_word' id='word_1_536' title='bbox 1316 1761 1350 1789; x_wconf 93' lang='lat' dir='ltr'><strong>de</strong></span> <span class='ocrx_word' id='word_1_537' title='bbox 1359 1760 1441 1788; x_wconf 88' lang='lat' dir='ltr'><strong>domo</strong></span> <span class='ocrx_word' id='word_1_538' title='bbox 1457 1757 1717 1794; x_wconf 81' lang='lat' dir='ltr'><strong>itnpii,denudan:|o</strong></span> 
     </span>
    </p>
   </div>
   <div class='ocr_carea' id='block_1_71' title="bbox 925 1802 1714 1841">
    <p class='ocr_par' dir='ltr' id='par_1_71' title="bbox 925 1802 1714 1841">
     <span class='ocr_line' id='line_1_72' title="bbox 925 1802 1714 1841; baseline -0.008 -8"><span class='ocrx_word' id='word_1_539' title='bbox 925 1807 1132 1834; x_wconf 85' lang='lat' dir='ltr'><strong>fundamentum</strong></span> <span class='ocrx_word' id='word_1_540' title='bbox 1149 1814 1238 1841; x_wconf 84' lang='lat' dir='ltr'><strong>usque</strong></span> <span class='ocrx_word' id='word_1_541' title='bbox 1254 1807 1286 1833; x_wconf 83' lang='lat' dir='ltr'><strong>ad</strong></span> <span class='ocrx_word' id='word_1_542' title='bbox 1312 1806 1425 1838; x_wconf 85' lang='lat' dir='ltr'><strong>collum,</strong></span> <span class='ocrx_word' id='word_1_543' title='bbox 1447 1805 1512 1832; x_wconf 83' lang='lat' dir='ltr'><strong>seta.</strong></span> <span class='ocrx_word' id='word_1_544' title='bbox 1532 1802 1714 1835; x_wconf 74' lang='lat' dir='ltr'><strong>Lxx,llliltes</strong></span> 
     </span>
    </p>
   </div>
   <div class='ocr_carea' id='block_1_72' title="bbox 927 1847 1715 1887">
    <p class='ocr_par' dir='ltr' id='par_1_72' title="bbox 927 1847 1715 1887">
     <span class='ocr_line' id='line_1_73' title="bbox 927 1847 1715 1887; baseline -0.01 -7"><span class='ocrx_word' id='word_1_545' title='bbox 927 1854 953 1880; x_wconf 89' lang='lat' dir='ltr'><strong>in</strong></span> <span class='ocrx_word' id='word_1_546' title='bbox 967 1853 1057 1886; x_wconf 88' lang='lat' dir='ltr'><strong>capita</strong></span> <span class='ocrx_word' id='word_1_547' title='bbox 1086 1853 1243 1887; x_wconf 88' lang='lat' dir='ltr'><strong>iniquorum</strong></span> <span class='ocrx_word' id='word_1_548' title='bbox 1276 1857 1405 1883; x_wconf 88' lang='lat' dir='ltr'><strong>mortem,</strong></span> <span class='ocrx_word' id='word_1_549' title='bbox 1437 1848 1576 1877; x_wconf 78' lang='lat' dir='ltr'><strong>suscitain</strong></span> <span class='ocrx_word' id='word_1_550' title='bbox 1602 1847 1715 1874; x_wconf 77' lang='lat' dir='ltr'><strong>vincula</strong></span> 
     </span>
    </p>
   </div>
   <div class='ocr_carea' id='block_1_73' title="bbox 925 1892 1715 1932">
    <p class='ocr_par' dir='ltr' id='par_1_73' title="bbox 925 1892 1715 1932">
     <span class='ocr_line' id='line_1_74' title="bbox 925 1892 1715 1932; baseline -0.008 -8"><span class='ocrx_word' id='word_1_551' title='bbox 925 1905 1013 1932; x_wconf 89' lang='lat' dir='ltr'><strong>usque</strong></span> <span class='ocrx_word' id='word_1_552' title='bbox 1026 1897 1060 1925; x_wconf 89' lang='lat' dir='ltr'><strong>ad</strong></span> <span class='ocrx_word' id='word_1_553' title='bbox 1071 1898 1182 1927; x_wconf 84' lang='lat' dir='ltr'><strong>collum.</strong></span> <span class='ocrx_word' id='word_1_554' title='bbox 1197 1897 1361 1932; x_wconf 85' lang='lat' dir='ltr'><strong>Diapsalma.</strong></span> <span class='ocrx_word' id='word_1_555' title='bbox 1374 1892 1445 1922; x_wconf 81' lang='lat' dir='ltr'><strong>Th.‘.</strong></span> <span class='ocrx_word' id='word_1_556' title='bbox 1457 1915 1464 1922; x_wconf 90' lang='lat'><strong>.</strong></span> <span class='ocrx_word' id='word_1_557' title='bbox 1479 1915 1485 1922; x_wconf 96' lang='lat'><strong>.</strong></span> <span class='ocrx_word' id='word_1_558' title='bbox 1496 1915 1504 1922; x_wconf 89' lang='lat'><strong>.</strong></span> <span class='ocrx_word' id='word_1_559' title='bbox 1518 1914 1524 1921; x_wconf 93' lang='lat'><strong>.</strong></span> <span class='ocrx_word' id='word_1_560' title='bbox 1537 1893 1638 1921; x_wconf 85' lang='lat' dir='ltr'><strong>ornasti</strong></span> <span class='ocrx_word' id='word_1_561' title='bbox 1652 1892 1715 1919; x_wconf 84' lang='lat' dir='ltr'><strong>fun-</strong></span> 
     </span>
    </p>
   </div>
   <div class='ocr_carea' id='block_1_74' title="bbox 929 1938 1712 1978">
    <p class='ocr_par' dir='ltr' id='par_1_74' title="bbox 929 1938 1712 1978">
     <span class='ocr_line' id='line_1_75' title="bbox 929 1938 1712 1978; baseline -0.009 -8"><span class='ocrx_word' id='word_1_562' title='bbox 929 1943 1085 1970; x_wconf 85' lang='lat' dir='ltr'><strong>damentum</strong></span> <span class='ocrx_word' id='word_1_563' title='bbox 1100 1951 1186 1978; x_wconf 87' lang='lat' dir='ltr'><strong>usque</strong></span> <span class='ocrx_word' id='word_1_564' title='bbox 1211 1943 1245 1970; x_wconf 85' lang='lat' dir='ltr'><strong>ad</strong></span> <span class='ocrx_word' id='word_1_565' title='bbox 1271 1943 1381 1970; x_wconf 86' lang='lat' dir='ltr'><strong>collum.</strong></span> <span class='ocrx_word' id='word_1_566' title='bbox 1407 1941 1424 1967; x_wconf 94' lang='lat' dir='ltr'><strong>V</strong></span> <span class='ocrx_word' id='word_1_567' title='bbox 1451 1940 1541 1967; x_wconf 87' lang='lat' dir='ltr'><strong>Ed...</strong></span> <span class='ocrx_word' id='word_1_568' title='bbox 1554 1959 1561 1966; x_wconf 95' lang='lat'><strong>.</strong></span> <span class='ocrx_word' id='word_1_569' title='bbox 1574 1959 1599 1965; x_wconf 89' lang='lat'><strong>..</strong></span> <span class='ocrx_word' id='word_1_570' title='bbox 1627 1938 1712 1965; x_wconf 87' lang='lat' dir='ltr'><strong>denu-</strong></span> 
     </span>
    </p>
   </div>
   <div class='ocr_carea' id='block_1_75' title="bbox 930 1984 1715 2021">
    <p class='ocr_par' dir='ltr' id='par_1_75' title="bbox 930 1984 1715 2021">
     <span class='ocr_line' id='line_1_76' title="bbox 930 1984 1715 2021; baseline -0.009 -5"><span class='ocrx_word' id='word_1_571' title='bbox 930 1988 999 2016; x_wconf 85' lang='lat' dir='ltr'><strong>dasti</strong></span> <span class='ocrx_word' id='word_1_572' title='bbox 1012 2010 1020 2021; x_wconf 84' lang='lat'><strong>,</strong></span> <span class='ocrx_word' id='word_1_573' title='bbox 1031 1990 1082 2016; x_wconf 71' lang='lat' dir='ltr'><strong>siue</strong></span> <span class='ocrx_word' id='word_1_574' title='bbox 1096 1989 1234 2016; x_wconf 84' lang='lat' dir='ltr'><strong>evacuasti</strong></span> <span class='ocrx_word' id='word_1_575' title='bbox 1247 1988 1452 2015; x_wconf 85' lang='lat' dir='ltr'><strong>fundamentum</strong></span> <span class='ocrx_word' id='word_1_576' title='bbox 1464 1993 1550 2021; x_wconf 86' lang='lat' dir='ltr'><strong>usque</strong></span> <span class='ocrx_word' id='word_1_577' title='bbox 1558 1985 1589 2012; x_wconf 87' lang='lat' dir='ltr'><strong>ad</strong></span> <span class='ocrx_word' id='word_1_578' title='bbox 1601 1984 1715 2016; x_wconf 79' lang='lat' dir='ltr'><strong>collum,</strong></span> 
     </span>
    </p>
   </div>
   <div class='ocr_carea' id='block_1_76' title="bbox 89 2024 1714 2070">
    <p class='ocr_par' dir='ltr' id='par_1_76' title="bbox 89 2024 1714 2070">
     <span class='ocr_line' id='line_1_77' title="bbox 89 2024 1714 2070; baseline 0.003 -20"><span class='ocrx_word' id='word_1_579' title='bbox 89 2024 157 2070; x_wconf 59' lang='lat' dir='ltr'><strong>sola.</strong></span> <span class='ocrx_word' id='word_1_580' title='bbox 176 2025 265 2056; x_wconf 77' lang='lat' dir='ltr'><strong>Alius,</strong></span> <span class='ocrx_word' id='word_1_581' title='bbox 287 2025 400 2060; x_wconf 80' lang='lat' dir='ltr'><strong>Sagittis</strong></span> <span class='ocrx_word' id='word_1_582' title='bbox 421 2028 565 2056; x_wconf 83' lang='lat' dir='ltr'><strong>confudisti</strong></span> <span class='ocrx_word' id='word_1_583' title='bbox 590 2030 677 2064; x_wconf 81' lang='lat' dir='ltr'><strong>capita</strong></span> <span class='ocrx_word' id='word_1_584' title='bbox 695 2032 835 2060; x_wconf 88' lang='lat' dir='ltr'><strong>hominum</strong></span> <span class='ocrx_word' id='word_1_585' title='bbox 864 2036 1057 2070; x_wconf 77' lang='lat' dir='ltr'><strong>superborum,</strong></span> <span class='ocrx_word' id='word_1_586' title='bbox 1083 2043 1170 2070; x_wconf 89' lang='lat' dir='ltr'><strong>usque</strong></span> <span class='ocrx_word' id='word_1_587' title='bbox 1187 2035 1221 2062; x_wconf 84' lang='lat' dir='ltr'><strong>ad</strong></span> <span class='ocrx_word' id='word_1_588' title='bbox 1254 2036 1381 2070; x_wconf 78' lang='lat' dir='ltr'><strong>abyssum</strong></span> <span class='ocrx_word' id='word_1_589' title='bbox 1400 2033 1487 2060; x_wconf 86' lang='lat' dir='ltr'><strong>maris</strong></span> <span class='ocrx_word' id='word_1_590' title='bbox 1510 2031 1714 2064; x_wconf 71' lang='lat' dir='ltr'><strong>dcmergentur.</strong></span> 
     </span>
    </p>
   </div>
   <div class='ocr_carea' id='block_1_77' title="bbox 89 2068 1453 2117">
    <p class='ocr_par' dir='ltr' id='par_1_77' title="bbox 89 2068 1453 2117">
     <span class='ocr_line' id='line_1_78' title="bbox 89 2068 1453 2117; baseline 0.008 -21"><span class='ocrx_word' id='word_1_591' title='bbox 89 2068 334 2117; x_wconf 46' lang='lat' dir='ltr'><strong>Vul.&#39;Percus.si.\&#39;ti</strong></span> <span class='ocrx_word' id='word_1_592' title='bbox 350 2079 430 2108; x_wconf 89' lang='lat' dir='ltr'><strong>caput</strong></span> <span class='ocrx_word' id='word_1_593' title='bbox 443 2074 476 2101; x_wconf 85' lang='lat' dir='ltr'><strong>de</strong></span> <span class='ocrx_word' id='word_1_594' title='bbox 501 2076 582 2103; x_wconf 91' lang='lat' dir='ltr'><strong>domo</strong></span> <span class='ocrx_word' id='word_1_595' title='bbox 601 2077 691 2111; x_wconf 85' lang='lat' dir='ltr'><strong>impii;</strong></span> <span class='ocrx_word' id='word_1_596' title='bbox 714 2079 856 2108; x_wconf 79' lang='lat' dir='ltr'><strong>denudusti</strong></span> <span class='ocrx_word' id='word_1_597' title='bbox 878 2068 1084 2110; x_wconf 77' lang='lat' dir='ltr'><strong>fundamentum</strong></span> <span class='ocrx_word' id='word_1_598' title='bbox 1117 2068 1177 2116; x_wconf 73' lang='lat' dir='ltr'><strong>ejus</strong></span> <span class='ocrx_word' id='word_1_599' title='bbox 1193 2090 1280 2117; x_wconf 86' lang='lat' dir='ltr'><strong>usque</strong></span> <span class='ocrx_word' id='word_1_600' title='bbox 1291 2068 1326 2110; x_wconf 71' lang='lat' dir='ltr'><strong>ad</strong></span> <span class='ocrx_word' id='word_1_601' title='bbox 1343 2082 1453 2109; x_wconf 91' lang='lat' dir='ltr'><strong>collum.</strong></span> 
     </span>
    </p>
   </div>
   <div class='ocr_carea' id='block_1_78' title="bbox 88 2108 843 2163">
    <p class='ocr_par' dir='ltr' id='par_1_78' title="bbox 88 2108 843 2163">
     <span class='ocr_line' id='line_1_79' title="bbox 88 2108 843 2163; baseline 0.008 -17"><span class='ocrx_word' id='word_1_602' title='bbox 88 2108 201 2147; x_wconf 65' lang='lat' dir='ltr'><strong>nmv‘w</strong></span> <span class='ocrx_word' id='word_1_603' title='bbox 219 2111 331 2163; x_wconf 35' lang='lat' dir='ltr'><strong>tamen“?</strong></span> <span class='ocrx_word' id='word_1_604' title='bbox 346 2123 425 2150; x_wconf 63' lang='lat' dir='ltr'><strong>nam</strong></span> <span class='ocrx_word' id='word_1_605' title='bbox 441 2124 503 2150; x_wconf 58' lang='grc' dir='ltr'><strong>τηε</strong></span> <span class='ocrx_word' id='word_1_606' title='bbox 520 2125 586 2150; x_wconf 69' lang='lat' dir='ltr'><strong>tam</strong></span> <span class='ocrx_word' id='word_1_607' title='bbox 604 2108 695 2155; x_wconf 60' lang='lat' dir='ltr'><strong>venit</strong></span> <span class='ocrx_word' id='word_1_608' title='bbox 717 2129 789 2163; x_wconf 69' lang='lat' dir='ltr'><strong>mp:</strong></span> <span class='ocrx_word' id='word_1_609' title='bbox 810 2125 843 2152; x_wconf 65' lang='lat' dir='ltr'><strong>tt</strong></span> 
     </span>
    </p>
   </div>
   <div class='ocr_carea' id='block_1_79' title="bbox 87 2154 878 2201">
    <p class='ocr_par' dir='ltr' id='par_1_79' title="bbox 87 2154 878 2201">
     <span class='ocr_line' id='line_1_80' title="bbox 87 2154 878 2201; baseline 0.009 -11"><span class='ocrx_word' id='word_1_610' title='bbox 87 2165 197 2190; x_wconf 59' lang='lat'><strong>17112533</strong></span> <span class='ocrx_word' id='word_1_611' title='bbox 214 2165 256 2193; x_wconf 68' lang='lat'><strong>7:17</strong></span> <span class='ocrx_word' id='word_1_612' title='bbox 272 2154 412 2194; x_wconf 58' lang='lat' dir='ltr'><strong>53R5&#39;1DJ</strong></span> <span class='ocrx_word' id='word_1_613' title='bbox 447 2167 485 2197; x_wconf 85' lang='grc' dir='ltr'><strong>Ο’,</strong></span> <span class='ocrx_word' id='word_1_614' title='bbox 500 2167 626 2201; x_wconf 76' lang='grc' dir='ltr'><strong>διέκοψας</strong></span> <span class='ocrx_word' id='word_1_615' title='bbox 642 2168 670 2194; x_wconf 80' lang='grc' dir='ltr'>ἐν</span> <span class='ocrx_word' id='word_1_616' title='bbox 691 2154 817 2196; x_wconf 54' lang='grc' dir='ltr'><strong>ὲκστέισει</strong></span> <span class='ocrx_word' id='word_1_617' title='bbox 832 2179 878 2197; x_wconf 85' lang='grc' dir='ltr'><strong>κε-</strong></span> 
     </span>
    </p>
   </div>
   <div class='ocr_carea' id='block_1_80' title="bbox 89 2206 877 2249">
    <p class='ocr_par' dir='ltr' id='par_1_80' title="bbox 89 2206 877 2249">
     <span class='ocr_line' id='line_1_81' title="bbox 89 2206 877 2249; baseline 0.015 -18"><span class='ocrx_word' id='word_1_618' title='bbox 89 2207 180 2241; x_wconf 81' lang='grc' dir='ltr'>φαλὰς</span> <span class='ocrx_word' id='word_1_619' title='bbox 195 2206 343 2241; x_wconf 83' lang='grc' dir='ltr'><strong>δυναστῶν,</strong></span> <span class='ocrx_word' id='word_1_620' title='bbox 359 2210 546 2246; x_wconf 69' lang='grc' dir='ltr'><strong>σειςθήσονται</strong></span> <span class='ocrx_word' id='word_1_621' title='bbox 562 2213 590 2238; x_wconf 78' lang='grc' dir='ltr'>ἐν</span> <span class='ocrx_word' id='word_1_622' title='bbox 612 2214 691 2249; x_wconf 79' lang='grc' dir='ltr'>αὐτῇ,</span> <span class='ocrx_word' id='word_1_623' title='bbox 716 2215 877 2248; x_wconf 76' lang='grc' dir='ltr'><strong>διανοέξουσι</strong></span> 
     </span>
    </p>
   </div>
   <div class='ocr_carea' id='block_1_81' title="bbox 89 2253 875 2296">
    <p class='ocr_par' dir='ltr' id='par_1_81' title="bbox 89 2253 875 2296">
     <span class='ocr_line' id='line_1_82' title="bbox 89 2253 875 2296; baseline 0.017 -19"><span class='ocrx_word' id='word_1_624' title='bbox 89 2253 218 2288; x_wconf 80' lang='grc' dir='ltr'><strong>χαλινοὺς</strong></span> <span class='ocrx_word' id='word_1_625' title='bbox 237 2254 325 2281; x_wconf 77' lang='grc' dir='ltr'>αὐτῶν</span> <span class='ocrx_word' id='word_1_626' title='bbox 340 2256 378 2287; x_wconf 82' lang='grc' dir='ltr'><em>ὡς</em></span> <span class='ocrx_word' id='word_1_627' title='bbox 403 2256 488 2284; x_wconf 85' lang='grc' dir='ltr'>ἔσθων</span> <span class='ocrx_word' id='word_1_628' title='bbox 511 2260 617 2294; x_wconf 82' lang='grc' dir='ltr'>πτωχὸς</span> <span class='ocrx_word' id='word_1_629' title='bbox 641 2260 738 2296; x_wconf 83' lang='grc' dir='ltr'>λάθρα.</span> <span class='ocrx_word' id='word_1_630' title='bbox 758 2262 875 2295; x_wconf 77' lang='grc' dir='ltr'><em>Ἄλλος,</em></span> 
     </span>
    </p>
   </div>
   <div class='ocr_carea' id='block_1_82' title="bbox 89 2297 876 2340">
    <p class='ocr_par' dir='ltr' id='par_1_82' title="bbox 89 2297 876 2340">
     <span class='ocr_line' id='line_1_83' title="bbox 89 2297 876 2340; baseline 0.013 -17"><span class='ocrx_word' id='word_1_631' title='bbox 89 2297 250 2332; x_wconf 74' lang='grc' dir='ltr'><strong>ὲξεδὶκησας</strong></span> <span class='ocrx_word' id='word_1_632' title='bbox 267 2299 336 2333; x_wconf 76' lang='grc' dir='ltr'><strong>μετὰ</strong></span> <span class='ocrx_word' id='word_1_633' title='bbox 359 2301 500 2336; x_wconf 77' lang='grc' dir='ltr'><strong>δυνάμεώς</strong></span> <span class='ocrx_word' id='word_1_634' title='bbox 525 2312 571 2330; x_wconf 84' lang='grc' dir='ltr'><strong>σου</strong></span> <span class='ocrx_word' id='word_1_635' title='bbox 591 2305 652 2336; x_wconf 77' lang='grc' dir='ltr'>τοὺς</span> <span class='ocrx_word' id='word_1_636' title='bbox 667 2306 804 2340; x_wconf 79' lang='grc' dir='ltr'><strong>ἀρχηγοὺς</strong></span> <span class='ocrx_word' id='word_1_637' title='bbox 822 2306 876 2333; x_wconf 83' lang='grc' dir='ltr'><strong>τῶν</strong></span> 
     </span>
    </p>
   </div>
   <div class='ocr_carea' id='block_1_83' title="bbox 89 2343 876 2387">
    <p class='ocr_par' dir='ltr' id='par_1_83' title="bbox 89 2343 876 2387">
     <span class='ocr_line' id='line_1_84' title="bbox 89 2343 876 2387; baseline 0.011 -17"><span class='ocrx_word' id='word_1_638' title='bbox 89 2343 280 2379; x_wconf 77' lang='grc' dir='ltr'>ἁμαρτωλῶν·</span> <span class='ocrx_word' id='word_1_639' title='bbox 303 2347 363 2378; x_wconf 77' lang='grc' dir='ltr'><em>τοὺς</em></span> <span class='ocrx_word' id='word_1_640' title='bbox 383 2348 544 2380; x_wconf 74' lang='grc' dir='ltr'>πεποιθότας</span> <span class='ocrx_word' id='word_1_641' title='bbox 559 2350 605 2376; x_wconf 72' lang='grc' dir='ltr'><strong>ἐπὶ</strong></span> <span class='ocrx_word' id='word_1_642' title='bbox 629 2351 661 2385; x_wconf 86' lang='grc' dir='ltr'><strong>τῇ</strong></span> <span class='ocrx_word' id='word_1_643' title='bbox 681 2351 809 2387; x_wconf 75' lang='grc' dir='ltr'>αὐθαδείᾳ</span> <span class='ocrx_word' id='word_1_644' title='bbox 827 2353 876 2379; x_wconf 84' lang='grc' dir='ltr'><strong>αὑ-</strong></span> 
     </span>
    </p>
   </div>
   <div class='ocr_carea' id='block_1_84' title="bbox 89 2388 838 2432">
    <p class='ocr_par' dir='ltr' id='par_1_84' title="bbox 89 2388 838 2432">
     <span class='ocr_line' id='line_1_85' title="bbox 89 2388 838 2432; baseline 0.013 -18"><span class='ocrx_word' id='word_1_645' title='bbox 89 2388 155 2420; x_wconf 81' lang='grc' dir='ltr'><strong>τῶν,</strong></span> <span class='ocrx_word' id='word_1_646' title='bbox 174 2389 266 2418; x_wconf 65' lang='grc' dir='ltr'>ἕνεκεν</span> <span class='ocrx_word' id='word_1_647' title='bbox 280 2391 326 2417; x_wconf 81' lang='grc' dir='ltr'><strong>τοῦ</strong></span> <span class='ocrx_word' id='word_1_648' title='bbox 343 2395 510 2427; x_wconf 75' lang='grc' dir='ltr'>καταφαγεῖν</span> <span class='ocrx_word' id='word_1_649' title='bbox 526 2395 589 2426; x_wconf 83' lang='grc' dir='ltr'>τοὺς</span> <span class='ocrx_word' id='word_1_650' title='bbox 603 2396 727 2430; x_wconf 78' lang='grc' dir='ltr'>πτωχοὺς</span> <span class='ocrx_word' id='word_1_651' title='bbox 742 2396 838 2432; x_wconf 84' lang='grc' dir='ltr'>λάθρα.</span> 
     </span>
    </p>
   </div>
   <div class='ocr_carea' id='block_1_85' title="bbox 90 2434 882 2475">
    <p class='ocr_par' dir='ltr' id='par_1_85' title="bbox 90 2434 882 2475">
     <span class='ocr_line' id='line_1_86' title="bbox 90 2434 882 2475; baseline 0.011 -16"><span class='ocrx_word' id='word_1_652' title='bbox 90 2434 117 2461; x_wconf 90' lang='lat' dir='ltr'><strong>in</strong></span> <span class='ocrx_word' id='word_1_653' title='bbox 136 2437 292 2469; x_wconf 79' lang='lat' dir='ltr'><strong>arrogantia</strong></span> <span class='ocrx_word' id='word_1_654' title='bbox 323 2445 371 2464; x_wconf 89' lang='lat' dir='ltr'><strong>sua</strong></span> <span class='ocrx_word' id='word_1_655' title='bbox 392 2443 421 2465; x_wconf 88' lang='lat' dir='ltr'><strong>ut</strong></span> <span class='ocrx_word' id='word_1_656' title='bbox 445 2439 616 2467; x_wconf 87' lang='lat' dir='ltr'><strong>comedercnt</strong></span> <span class='ocrx_word' id='word_1_657' title='bbox 642 2448 772 2475; x_wconf 87' lang='lat' dir='ltr'><strong>pauperes</strong></span> <span class='ocrx_word' id='word_1_658' title='bbox 801 2442 882 2469; x_wconf 85' lang='lat' dir='ltr'><strong>clum.</strong></span> 
     </span>
    </p>
   </div>
   <div class='ocr_carea' id='block_1_86' title="bbox 89 2482 880 2522">
    <p class='ocr_par' dir='ltr' id='par_1_86' title="bbox 89 2482 880 2522">
     <span class='ocr_line' id='line_1_87' title="bbox 89 2482 880 2522; baseline 0.014 -15"><span class='ocrx_word' id='word_1_659' title='bbox 89 2482 161 2516; x_wconf 81' lang='lat' dir='ltr'><strong>ejus,</strong></span> <span class='ocrx_word' id='word_1_660' title='bbox 175 2484 346 2511; x_wconf 81' lang='lat' dir='ltr'><strong>venientibus</strong></span> <span class='ocrx_word' id='word_1_661' title='bbox 367 2490 395 2512; x_wconf 92' lang='lat' dir='ltr'><strong>ut</strong></span> <span class='ocrx_word' id='word_1_662' title='bbox 418 2486 496 2513; x_wconf 88' lang='lat' dir='ltr'><strong>turbo</strong></span> <span class='ocrx_word' id='word_1_663' title='bbox 530 2487 562 2514; x_wconf 87' lang='lat' dir='ltr'><strong>ad</strong></span> <span class='ocrx_word' id='word_1_664' title='bbox 593 2488 801 2522; x_wconf 81' lang='lat' dir='ltr'><strong>dispergendum</strong></span> <span class='ocrx_word' id='word_1_665' title='bbox 827 2498 880 2518; x_wconf 85' lang='lat' dir='ltr'><strong>me.</strong></span> 
     </span>
    </p>
   </div>
   <div class='ocr_carea' id='block_1_87' title="bbox 89 2529 303 2557">
    <p class='ocr_par' dir='ltr' id='par_1_87' title="bbox 89 2529 303 2557">
     <span class='ocr_line' id='line_1_88' title="bbox 89 2529 303 2557; baseline 0 0"><span class='ocrx_word' id='word_1_666' title='bbox 89 2529 118 2557; x_wconf 86' lang='lat' dir='ltr'><strong>in</strong></span> <span class='ocrx_word' id='word_1_667' title='bbox 130 2531 303 2557; x_wconf 84' lang='lat' dir='ltr'><strong>abscondito.</strong></span> 
     </span>
    </p>
   </div>
   <div class='ocr_carea' id='block_1_88' title="bbox 88 2570 876 2611">
    <p class='ocr_par' dir='ltr' id='par_1_88' title="bbox 88 2570 876 2611">
     <span class='ocr_line' id='line_1_89' title="bbox 88 2570 876 2611; baseline 0.005 -5"><span class='ocrx_word' id='word_1_668' title='bbox 88 2582 196 2607; x_wconf 61' lang='lat' dir='ltr'><strong>vom</strong></span> <span class='ocrx_word' id='word_1_669' title='bbox 214 2582 258 2609; x_wconf 67' lang='grc' dir='ltr'>ἐν</span> <span class='ocrx_word' id='word_1_670' title='bbox 276 2570 537 2611; x_wconf 62' lang='lat' dir='ltr'><strong>st5&#39;1msmv&#39;7v</strong></span> <span class='ocrx_word' id='word_1_671' title='bbox 556 2576 665 2611; x_wconf 57' lang='lat' dir='ltr'><strong>umero</strong></span> <span class='ocrx_word' id='word_1_672' title='bbox 708 2583 746 2609; x_wconf 81' lang='lat' dir='ltr'><strong>‘A.</strong></span> <span class='ocrx_word' id='word_1_673' title='bbox 760 2583 805 2610; x_wconf 79' lang='grc' dir='ltr'><strong>τοῦ</strong></span> <span class='ocrx_word' id='word_1_674' title='bbox 820 2584 876 2610; x_wconf 80' lang='grc' dir='ltr'>δια-</span> 
     </span>
    </p>
   </div>
   <div class='ocr_carea' id='block_1_89' title="bbox 90 2624 876 2665">
    <p class='ocr_par' dir='ltr' id='par_1_89' title="bbox 90 2624 876 2665">
     <span class='ocr_line' id='line_1_90' title="bbox 90 2624 876 2665; baseline 0.009 -16"><span class='ocrx_word' id='word_1_675' title='bbox 90 2624 249 2659; x_wconf 76' lang='grc' dir='ltr'>σκορπίσαι,</span> <span class='ocrx_word' id='word_1_676' title='bbox 273 2627 448 2661; x_wconf 86' lang='grc' dir='ltr'>γαυριάματα</span> <span class='ocrx_word' id='word_1_677' title='bbox 470 2628 559 2654; x_wconf 82' lang='grc' dir='ltr'>αὐτῶν</span> <span class='ocrx_word' id='word_1_678' title='bbox 575 2629 619 2655; x_wconf 85' lang='grc' dir='ltr'><strong>τοῦ</strong></span> <span class='ocrx_word' id='word_1_679' title='bbox 640 2631 736 2664; x_wconf 84' lang='grc' dir='ltr'>φαγεῖν</span> <span class='ocrx_word' id='word_1_680' title='bbox 758 2631 876 2665; x_wconf 79' lang='grc' dir='ltr'>πένητας</span> 
     </span>
    </p>
   </div>
   <div class='ocr_carea' id='block_1_90' title="bbox 89 2669 876 2709">
    <p class='ocr_par' dir='ltr' id='par_1_90' title="bbox 89 2669 876 2709">
     <span class='ocr_line' id='line_1_91' title="bbox 89 2669 876 2709; baseline 0.006 -13"><span class='ocrx_word' id='word_1_681' title='bbox 89 2669 268 2704; x_wconf 76' lang='grc' dir='ltr'>ἀποκρύφως.</span> <span class='ocrx_word' id='word_1_682' title='bbox 292 2672 321 2697; x_wconf 85' lang='grc' dir='ltr'><strong>Σ.</strong></span> <span class='ocrx_word' id='word_1_683' title='bbox 347 2672 508 2703; x_wconf 67' lang='grc' dir='ltr'>ἐπελθόντας</span> <span class='ocrx_word' id='word_1_684' title='bbox 532 2674 676 2707; x_wconf 81' lang='grc' dir='ltr'>σκορπίσαι</span> <span class='ocrx_word' id='word_1_685' title='bbox 703 2675 876 2709; x_wconf 79' lang='grc' dir='ltr'>γαυριῶντας</span> 
     </span>
    </p>
   </div>
   <div class='ocr_carea' id='block_1_91' title="bbox 89 2711 874 2755">
    <p class='ocr_par' dir='ltr' id='par_1_91' title="bbox 89 2711 874 2755">
     <span class='ocr_line' id='line_1_92' title="bbox 89 2711 874 2755; baseline 0.01 -16"><span class='ocrx_word' id='word_1_686' title='bbox 89 2711 161 2740; x_wconf 80' lang='grc' dir='ltr'><strong>ὥστε</strong></span> <span class='ocrx_word' id='word_1_687' title='bbox 174 2717 343 2749; x_wconf 74' lang='grc' dir='ltr'>καταφαγεῖν</span> <span class='ocrx_word' id='word_1_688' title='bbox 366 2717 498 2752; x_wconf 78' lang='grc' dir='ltr'>κρυφίως.</span> <span class='ocrx_word' id='word_1_689' title='bbox 514 2717 551 2750; x_wconf 89' lang='grc' dir='ltr'><strong>Ο’,</strong></span> <span class='ocrx_word' id='word_1_690' title='bbox 567 2719 726 2752; x_wconf 78' lang='grc' dir='ltr'><strong>διανοὶξουσι</strong></span> <span class='ocrx_word' id='word_1_691' title='bbox 750 2720 874 2755; x_wconf 79' lang='grc' dir='ltr'>χαλινοὺς</span> 
     </span>
    </p>
   </div>
   <div class='ocr_carea' id='block_1_92' title="bbox 88 2759 563 2799">
    <p class='ocr_par' dir='ltr' id='par_1_92' title="bbox 88 2759 563 2799">
     <span class='ocr_line' id='line_1_93' title="bbox 88 2759 563 2799; baseline 0.008 -12"><span class='ocrx_word' id='word_1_692' title='bbox 88 2759 180 2788; x_wconf 77' lang='grc' dir='ltr'>αὐτῶν</span> <span class='ocrx_word' id='word_1_693' title='bbox 198 2761 236 2799; x_wconf 81' lang='grc' dir='ltr'><em>ὡς</em></span> <span class='ocrx_word' id='word_1_694' title='bbox 251 2761 337 2789; x_wconf 74' lang='grc' dir='ltr'>ἔσθων</span> <span class='ocrx_word' id='word_1_695' title='bbox 351 2763 456 2798; x_wconf 72' lang='grc' dir='ltr'>πτωχὸς</span> <span class='ocrx_word' id='word_1_696' title='bbox 467 2762 563 2799; x_wconf 76' lang='grc' dir='ltr'>λάθρα.</span> 
     </span>
    </p>
   </div>
   <div class='ocr_carea' id='block_1_93' title="bbox 967 2125 1712 2159">
    <p class='ocr_par' dir='ltr' id='par_1_93' title="bbox 967 2125 1712 2159">
     <span class='ocr_line' id='line_1_94' title="bbox 967 2125 1712 2159; baseline -0.009 -5"><span class='ocrx_word' id='word_1_697' title='bbox 967 2127 1058 2155; x_wconf 62' lang='lat'><strong>14.&quot;.</strong></span> <span class='ocrx_word' id='word_1_698' title='bbox 1077 2127 1222 2155; x_wconf 71' lang='lat' dir='ltr'><strong>Pet-[odisti</strong></span> <span class='ocrx_word' id='word_1_699' title='bbox 1242 2127 1268 2154; x_wconf 91' lang='lat' dir='ltr'><strong>in</strong></span> <span class='ocrx_word' id='word_1_700' title='bbox 1285 2126 1388 2154; x_wconf 86' lang='lat' dir='ltr'><strong>baculis</strong></span> <span class='ocrx_word' id='word_1_701' title='bbox 1410 2125 1471 2159; x_wconf 83' lang='lat' dir='ltr'><strong>ejus</strong></span> <span class='ocrx_word' id='word_1_702' title='bbox 1498 2127 1579 2158; x_wconf 87' lang='lat' dir='ltr'><strong>caput</strong></span> <span class='ocrx_word' id='word_1_703' title='bbox 1591 2127 1712 2156; x_wconf 73' lang='lat' dir='ltr'><strong>pagano-</strong></span> 
     </span>
    </p>
   </div>
   <div class='ocr_carea' id='block_1_94' title="bbox 931 2165 1711 2207">
    <p class='ocr_par' dir='ltr' id='par_1_94' title="bbox 931 2165 1711 2207">
     <span class='ocr_line' id='line_1_95' title="bbox 931 2165 1711 2207; baseline -0.012 -6"><span class='ocrx_word' id='word_1_704' title='bbox 931 2180 991 2201; x_wconf 88' lang='lat' dir='ltr'><strong>rum</strong></span> <span class='ocrx_word' id='word_1_705' title='bbox 1002 2173 1080 2207; x_wconf 82' lang='lat' dir='ltr'><strong>ejus:</strong></span> <span class='ocrx_word' id='word_1_706' title='bbox 1099 2173 1279 2200; x_wconf 88' lang='lat' dir='ltr'><strong>turbinabunt</strong></span> <span class='ocrx_word' id='word_1_707' title='bbox 1290 2172 1322 2199; x_wconf 90' lang='lat' dir='ltr'><strong>ad</strong></span> <span class='ocrx_word' id='word_1_708' title='bbox 1333 2170 1541 2206; x_wconf 79' lang='lat' dir='ltr'><strong>dispergendum</strong></span> <span class='ocrx_word' id='word_1_709' title='bbox 1550 2176 1606 2195; x_wconf 88' lang='lat' dir='ltr'><strong>me:</strong></span> <span class='ocrx_word' id='word_1_710' title='bbox 1618 2165 1711 2193; x_wconf 60' lang='lat' dir='ltr'><strong>cxsuh</strong></span> 
     </span>
    </p>
   </div>
   <div class='ocr_carea' id='block_1_95' title="bbox 930 2212 1712 2252">
    <p class='ocr_par' dir='ltr' id='par_1_95' title="bbox 930 2212 1712 2252">
     <span class='ocr_line' id='line_1_96' title="bbox 930 2212 1712 2252; baseline -0.012 -6"><span class='ocrx_word' id='word_1_711' title='bbox 930 2218 996 2246; x_wconf 87' lang='lat' dir='ltr'><strong>tatio</strong></span> <span class='ocrx_word' id='word_1_712' title='bbox 1008 2226 1101 2245; x_wconf 87' lang='lat' dir='ltr'><strong>eorutn</strong></span> <span class='ocrx_word' id='word_1_713' title='bbox 1119 2218 1196 2252; x_wconf 86' lang='lat' dir='ltr'><strong>quasi</strong></span> <span class='ocrx_word' id='word_1_714' title='bbox 1212 2219 1244 2245; x_wconf 90' lang='lat' dir='ltr'><strong>ad</strong></span> <span class='ocrx_word' id='word_1_715' title='bbox 1257 2217 1452 2245; x_wconf 89' lang='lat' dir='ltr'><strong>comedendum</strong></span> <span class='ocrx_word' id='word_1_716' title='bbox 1467 2215 1595 2242; x_wconf 77' lang='lat' dir='ltr'><strong>afﬂictum</strong></span> <span class='ocrx_word' id='word_1_717' title='bbox 1607 2214 1634 2239; x_wconf 90' lang='lat' dir='ltr'><strong>iu</strong></span> <span class='ocrx_word' id='word_1_718' title='bbox 1648 2212 1712 2239; x_wconf 83' lang='lat' dir='ltr'><strong>abs-</strong></span> 
     </span>
    </p>
   </div>
   <div class='ocr_carea' id='block_1_96' title="bbox 930 2260 1711 2296">
    <p class='ocr_par' dir='ltr' id='par_1_96' title="bbox 930 2260 1711 2296">
     <span class='ocr_line' id='line_1_97' title="bbox 930 2260 1711 2296; baseline -0.01 -5"><span class='ocrx_word' id='word_1_719' title='bbox 930 2263 1049 2293; x_wconf 78' lang='lat' dir='ltr'><strong>condito.</strong></span> <span class='ocrx_word' id='word_1_720' title='bbox 1063 2263 1145 2296; x_wconf 82' lang='lat' dir='ltr'><strong>LXX,</strong></span> <span class='ocrx_word' id='word_1_721' title='bbox 1173 2264 1311 2291; x_wconf 87' lang='lat' dir='ltr'><strong>Discidisti</strong></span> <span class='ocrx_word' id='word_1_722' title='bbox 1336 2263 1362 2289; x_wconf 91' lang='lat' dir='ltr'><strong>in</strong></span> <span class='ocrx_word' id='word_1_723' title='bbox 1380 2267 1491 2296; x_wconf 87' lang='lat' dir='ltr'><strong>stupore</strong></span> <span class='ocrx_word' id='word_1_724' title='bbox 1517 2260 1602 2293; x_wconf 81' lang='lat' dir='ltr'><strong>capita</strong></span> <span class='ocrx_word' id='word_1_725' title='bbox 1620 2262 1711 2292; x_wconf 86' lang='lat' dir='ltr'><strong>poten-</strong></span> 
     </span>
    </p>
   </div>
   <div class='ocr_carea' id='block_1_97' title="bbox 930 2304 1712 2340">
    <p class='ocr_par' dir='ltr' id='par_1_97' title="bbox 930 2304 1712 2340">
     <span class='ocr_line' id='line_1_98' title="bbox 930 2304 1712 2340; baseline -0.008 -6"><span class='ocrx_word' id='word_1_726' title='bbox 930 2308 996 2336; x_wconf 90' lang='lat' dir='ltr'><strong>tium</strong></span> <span class='ocrx_word' id='word_1_727' title='bbox 1009 2317 1016 2335; x_wconf 89' lang='lat'><strong>:</strong></span> <span class='ocrx_word' id='word_1_728' title='bbox 1028 2309 1272 2336; x_wconf 88' lang='lat' dir='ltr'><strong>commovebuntur</strong></span> <span class='ocrx_word' id='word_1_729' title='bbox 1289 2308 1315 2335; x_wconf 95' lang='lat' dir='ltr'><strong>in</strong></span> <span class='ocrx_word' id='word_1_730' title='bbox 1332 2316 1364 2335; x_wconf 92' lang='lat' dir='ltr'><strong>eo</strong></span> <span class='ocrx_word' id='word_1_731' title='bbox 1380 2315 1387 2334; x_wconf 84' lang='lat'><strong>:</strong></span> <span class='ocrx_word' id='word_1_732' title='bbox 1412 2306 1534 2340; x_wconf 83' lang='lat' dir='ltr'><strong>aperient</strong></span> <span class='ocrx_word' id='word_1_733' title='bbox 1559 2304 1640 2330; x_wconf 69' lang='lat' dir='ltr'><strong>fut-ua</strong></span> <span class='ocrx_word' id='word_1_734' title='bbox 1660 2310 1712 2330; x_wconf 80' lang='lat' dir='ltr'><strong>sua</strong></span> 
     </span>
    </p>
   </div>
   <div class='ocr_carea' id='block_1_98' title="bbox 930 2348 1711 2390">
    <p class='ocr_par' dir='ltr' id='par_1_98' title="bbox 930 2348 1711 2390">
     <span class='ocr_line' id='line_1_99' title="bbox 930 2348 1711 2390; baseline -0.012 -8"><span class='ocrx_word' id='word_1_735' title='bbox 930 2354 1001 2382; x_wconf 79' lang='lat' dir='ltr'><strong>sicut</strong></span> <span class='ocrx_word' id='word_1_736' title='bbox 1015 2355 1160 2382; x_wconf 86' lang='lat' dir='ltr'><strong>comedens</strong></span> <span class='ocrx_word' id='word_1_737' title='bbox 1177 2362 1278 2390; x_wconf 81' lang='lat' dir='ltr'><strong>pauper</strong></span> <span class='ocrx_word' id='word_1_738' title='bbox 1292 2354 1319 2381; x_wconf 93' lang='lat' dir='ltr'><strong>in</strong></span> <span class='ocrx_word' id='word_1_739' title='bbox 1340 2353 1510 2380; x_wconf 88' lang='lat' dir='ltr'><strong>abscondito.</strong></span> <span class='ocrx_word' id='word_1_740' title='bbox 1527 2350 1612 2381; x_wconf 77' lang='lat' dir='ltr'><strong>Alius,</strong></span> <span class='ocrx_word' id='word_1_741' title='bbox 1631 2348 1711 2375; x_wconf 85' lang='lat' dir='ltr'><strong>Ultus</strong></span> 
     </span>
    </p>
   </div>
   <div class='ocr_carea' id='block_1_99' title="bbox 929 2395 1711 2434">
    <p class='ocr_par' dir='ltr' id='par_1_99' title="bbox 929 2395 1711 2434">
     <span class='ocr_line' id='line_1_100' title="bbox 929 2395 1711 2434; baseline -0.009 -8"><span class='ocrx_word' id='word_1_742' title='bbox 929 2406 958 2427; x_wconf 89' lang='lat' dir='ltr'><strong>es</strong></span> <span class='ocrx_word' id='word_1_743' title='bbox 972 2407 1033 2427; x_wconf 92' lang='lat' dir='ltr'><strong>cum</strong></span> <span class='ocrx_word' id='word_1_744' title='bbox 1047 2400 1147 2427; x_wconf 86' lang='lat' dir='ltr'><strong>virtute</strong></span> <span class='ocrx_word' id='word_1_745' title='bbox 1168 2405 1212 2427; x_wconf 86' lang='lat' dir='ltr'><strong>tua</strong></span> <span class='ocrx_word' id='word_1_746' title='bbox 1236 2401 1319 2427; x_wconf 89' lang='lat' dir='ltr'><strong>duces</strong></span> <span class='ocrx_word' id='word_1_747' title='bbox 1337 2403 1519 2434; x_wconf 74' lang='lat' dir='ltr'><strong>pet-calorum,</strong></span> <span class='ocrx_word' id='word_1_748' title='bbox 1544 2395 1711 2423; x_wconf 84' lang='lat' dir='ltr'><strong>confidentes</strong></span> 
     </span>
    </p>
   </div>
   <div class='ocr_carea' id='block_1_100' title="bbox 904 2441 1711 2480">
    <p class='ocr_par' dir='ltr' id='par_1_100' title="bbox 904 2441 1711 2480">
     <span class='ocr_line' id='line_1_101' title="bbox 904 2441 1711 2480; baseline -0.006 -9"><span class='ocrx_word' id='word_1_749' title='bbox 904 2443 964 2472; x_wconf 95' lang='lat' dir='ltr'><strong>Vul.</strong></span> <span class='ocrx_word' id='word_1_750' title='bbox 996 2445 1159 2473; x_wconf 78' lang='lat' dir='ltr'><strong>Maledixisti</strong></span> <span class='ocrx_word' id='word_1_751' title='bbox 1186 2447 1303 2480; x_wconf 74' lang='lat' dir='ltr'><strong>sceptris</strong></span> <span class='ocrx_word' id='word_1_752' title='bbox 1332 2445 1412 2479; x_wconf 85' lang='lat' dir='ltr'><strong>ejus.</strong></span> <span class='ocrx_word' id='word_1_753' title='bbox 1438 2443 1519 2478; x_wconf 86' lang='lat' dir='ltr'><strong>capiti</strong></span> <span class='ocrx_word' id='word_1_754' title='bbox 1547 2441 1711 2468; x_wconf 79' lang='lat' dir='ltr'><strong>bellatorum</strong></span> 
     </span>
    </p>
   </div>
   <div class='ocr_carea' id='block_1_101' title="bbox 900 2491 1710 2527">
    <p class='ocr_par' dir='ltr' id='par_1_101' title="bbox 900 2491 1710 2527">
     <span class='ocr_line' id='line_1_102' title="bbox 900 2491 1710 2527; baseline -0.004 -9"><span class='ocrx_word' id='word_1_755' title='bbox 900 2491 1054 2521; x_wconf 59' lang='lat' dir='ltr'><strong>[insultatio</strong></span> <span class='ocrx_word' id='word_1_756' title='bbox 1067 2501 1172 2526; x_wconf 88' lang='lat' dir='ltr'><strong>eorum,</strong></span> <span class='ocrx_word' id='word_1_757' title='bbox 1192 2493 1265 2521; x_wconf 86' lang='lat' dir='ltr'><strong>sicut</strong></span> <span class='ocrx_word' id='word_1_758' title='bbox 1278 2492 1337 2527; x_wconf 84' lang='lat' dir='ltr'><strong>cjus</strong></span> <span class='ocrx_word' id='word_1_759' title='bbox 1358 2493 1404 2527; x_wconf 89' lang='lat' dir='ltr'><strong>qui</strong></span> <span class='ocrx_word' id='word_1_760' title='bbox 1430 2492 1541 2519; x_wconf 76' lang='lat' dir='ltr'><strong>devorat</strong></span> <span class='ocrx_word' id='word_1_761' title='bbox 1563 2495 1710 2524; x_wconf 79' lang='lat' dir='ltr'><strong>pauperum</strong></span> 
     </span>
    </p>
   </div>
   <div class='ocr_carea' id='block_1_102' title="bbox 962 2582 1710 2619">
    <p class='ocr_par' dir='ltr' id='par_1_102' title="bbox 962 2582 1710 2619">
     <span class='ocr_line' id='line_1_103' title="bbox 962 2582 1710 2619; baseline -0.003 -9"><span class='ocrx_word' id='word_1_762' title='bbox 962 2583 994 2610; x_wconf 88' lang='lat' dir='ltr'><strong>ll.</strong></span> <span class='ocrx_word' id='word_1_763' title='bbox 1011 2584 1044 2611; x_wconf 88' lang='lat' dir='ltr'><strong>ad</strong></span> <span class='ocrx_word' id='word_1_764' title='bbox 1062 2584 1272 2619; x_wconf 83' lang='lat' dir='ltr'><strong>dispergendum</strong></span> <span class='ocrx_word' id='word_1_765' title='bbox 1286 2591 1330 2611; x_wconf 84' lang='lat' dir='ltr'><strong>me</strong></span> <span class='ocrx_word' id='word_1_766' title='bbox 1344 2591 1350 2609; x_wconf 87' lang='lat'><strong>:</strong></span> <span class='ocrx_word' id='word_1_767' title='bbox 1369 2583 1515 2611; x_wconf 74' lang='lat' dir='ltr'><strong>exsultatio</strong></span> <span class='ocrx_word' id='word_1_768' title='bbox 1526 2590 1620 2609; x_wconf 87' lang='lat' dir='ltr'><strong>eorum</strong></span> <span class='ocrx_word' id='word_1_769' title='bbox 1632 2582 1710 2617; x_wconf 69' lang='lat' dir='ltr'><strong>quasi</strong></span> 
     </span>
    </p>
   </div>
   <div class='ocr_carea' id='block_1_103' title="bbox 925 2629 1709 2657">
    <p class='ocr_par' dir='ltr' id='par_1_103' title="bbox 925 2629 1709 2657">
     <span class='ocr_line' id='line_1_104' title="bbox 925 2629 1709 2657; baseline -0.001 -1"><span class='ocrx_word' id='word_1_770' title='bbox 925 2630 958 2656; x_wconf 89' lang='lat' dir='ltr'><strong>ad</strong></span> <span class='ocrx_word' id='word_1_771' title='bbox 976 2630 1172 2657; x_wconf 79' lang='lat' dir='ltr'><strong>comedendum</strong></span> <span class='ocrx_word' id='word_1_772' title='bbox 1200 2630 1327 2656; x_wconf 78' lang='lat' dir='ltr'><strong>afﬂictum</strong></span> <span class='ocrx_word' id='word_1_773' title='bbox 1360 2630 1387 2656; x_wconf 90' lang='lat' dir='ltr'><strong>in</strong></span> <span class='ocrx_word' id='word_1_774' title='bbox 1410 2629 1589 2656; x_wconf 84' lang='lat' dir='ltr'><strong>abscondito.</strong></span> <span class='ocrx_word' id='word_1_775' title='bbox 1613 2629 1646 2655; x_wconf 72' lang='grc' dir='ltr'><strong>Α.</strong></span> <span class='ocrx_word' id='word_1_776' title='bbox 1675 2629 1709 2655; x_wconf 85' lang='lat' dir='ltr'><strong>ad</strong></span> 
     </span>
    </p>
   </div>
   <div class='ocr_carea' id='block_1_104' title="bbox 924 2674 1708 2710">
    <p class='ocr_par' dir='ltr' id='par_1_104' title="bbox 924 2674 1708 2710">
     <span class='ocr_line' id='line_1_105' title="bbox 924 2674 1708 2710; baseline -0.003 -8"><span class='ocrx_word' id='word_1_777' title='bbox 924 2675 1145 2710; x_wconf 85' lang='lat' dir='ltr'><strong>dispergendum:</strong></span> <span class='ocrx_word' id='word_1_778' title='bbox 1157 2675 1354 2704; x_wconf 75' lang='lat' dir='ltr'><strong>exsultatioues</strong></span> <span class='ocrx_word' id='word_1_779' title='bbox 1364 2683 1457 2702; x_wconf 87' lang='lat' dir='ltr'><strong>eorum</strong></span> <span class='ocrx_word' id='word_1_780' title='bbox 1470 2675 1502 2702; x_wconf 87' lang='lat' dir='ltr'><strong>ad</strong></span> <span class='ocrx_word' id='word_1_781' title='bbox 1512 2674 1708 2701; x_wconf 77' lang='lat' dir='ltr'><strong>comedendum</strong></span> 
     </span>
    </p>
   </div>
   <div class='ocr_carea' id='block_1_105' title="bbox 924 2721 1710 2756">
    <p class='ocr_par' dir='ltr' id='par_1_105' title="bbox 924 2721 1710 2756">
     <span class='ocr_line' id='line_1_106' title="bbox 924 2721 1710 2756; baseline -0.003 -8"><span class='ocrx_word' id='word_1_782' title='bbox 924 2729 1056 2755; x_wconf 86' lang='lat' dir='ltr'><strong>pauperes</strong></span> <span class='ocrx_word' id='word_1_783' title='bbox 1072 2721 1152 2749; x_wconf 87' lang='lat' dir='ltr'><strong>clam.</strong></span> <span class='ocrx_word' id='word_1_784' title='bbox 1169 2721 1197 2748; x_wconf 91' lang='lat' dir='ltr'><strong>S.</strong></span> <span class='ocrx_word' id='word_1_785' title='bbox 1222 2722 1358 2748; x_wconf 86' lang='lat' dir='ltr'><strong>irruentes</strong></span> <span class='ocrx_word' id='word_1_786' title='bbox 1378 2721 1410 2748; x_wconf 86' lang='lat' dir='ltr'><strong>ad</strong></span> <span class='ocrx_word' id='word_1_787' title='bbox 1436 2721 1644 2756; x_wconf 83' lang='lat' dir='ltr'><strong>dispergendmn</strong></span> <span class='ocrx_word' id='word_1_788' title='bbox 1661 2728 1710 2747; x_wconf 86' lang='lat' dir='ltr'><strong>cos</strong></span> 
     </span>
    </p>
   </div>
   <div class='ocr_carea' id='block_1_106' title="bbox 923 2765 1705 2801">
    <p class='ocr_par' dir='ltr' id='par_1_106' title="bbox 923 2765 1705 2801">
     <span class='ocr_line' id='line_1_107' title="bbox 923 2765 1705 2801; baseline -0.001 -7"><span class='ocrx_word' id='word_1_789' title='bbox 923 2767 969 2801; x_wconf 87' lang='lat' dir='ltr'><strong>qui</strong></span> <span class='ocrx_word' id='word_1_790' title='bbox 978 2767 1117 2795; x_wconf 76' lang='lat' dir='ltr'><strong>exsultant</strong></span> <span class='ocrx_word' id='word_1_791' title='bbox 1129 2767 1294 2795; x_wconf 78' lang='lat' dir='ltr'><strong>utdevorent</strong></span> <span class='ocrx_word' id='word_1_792' title='bbox 1309 2767 1388 2794; x_wconf 88' lang='lat' dir='ltr'><strong>clam.</strong></span> <span class='ocrx_word' id='word_1_793' title='bbox 1399 2765 1480 2797; x_wconf 69' lang='lat' dir='ltr'><strong>LXX,</strong></span> <span class='ocrx_word' id='word_1_794' title='bbox 1490 2767 1610 2801; x_wconf 84' lang='lat' dir='ltr'><strong>aperient</strong></span> <span class='ocrx_word' id='word_1_795' title='bbox 1622 2765 1705 2793; x_wconf 71' lang='lat' dir='ltr'><strong>frtcna</strong></span> 
     </span>
    </p>
   </div>
   <div class='ocr_carea' id='block_1_107' title="bbox 924 2812 1570 2849">
    <p class='ocr_par' dir='ltr' id='par_1_107' title="bbox 924 2812 1570 2849">
     <span class='ocr_line' id='line_1_108' title="bbox 924 2812 1570 2849; baseline 0.002 -10"><span class='ocrx_word' id='word_1_796' title='bbox 924 2820 974 2840; x_wconf 83' lang='lat' dir='ltr'><strong>sua</strong></span> <span class='ocrx_word' id='word_1_797' title='bbox 991 2812 1062 2840; x_wconf 83' lang='lat' dir='ltr'><strong>sicut</strong></span> <span class='ocrx_word' id='word_1_798' title='bbox 1075 2813 1221 2841; x_wconf 85' lang='lat' dir='ltr'><strong>comedens</strong></span> <span class='ocrx_word' id='word_1_799' title='bbox 1238 2821 1338 2849; x_wconf 85' lang='lat' dir='ltr'><strong>pauper</strong></span> <span class='ocrx_word' id='word_1_800' title='bbox 1359 2813 1385 2840; x_wconf 94' lang='lat' dir='ltr'><strong>in</strong></span> <span class='ocrx_word' id='word_1_801' title='bbox 1402 2813 1570 2842; x_wconf 79' lang='lat' dir='ltr'><strong>abscondito.</strong></span> 
     </span>
    </p>
   </div>
  </div>
