1956 3079
206 141 274 173 3077

935 133 1118 164 ORlGENIS

1771 133 1842 163 3078

209 204 262 224 uno
276 200 366 222 autem
385 194 430 221 illo
445 194 606 230 gloriantur.
624 191 662 219 Ne
677 192 772 219 horum
794 190 903 225 quidem
928 189 995 217 insi-

1051 190 1283 226 ἐγκομπάζοντες.
1299 190 1366 216 Οὐδὲ
1381 189 1483 216 τούτων
1494 189 1542 224 τὴν
1555 190 1654 223 ἄσοφον
1671 189 1769 224 σοφίαν
1788 199 1840 217 πα-

208 243 327 276 pientcm
343 240 506 274 sapientiam
523 237 725 274 praetermittam
741 255 748 268 ,
765 235 810 263 sed
823 254 830 266 ,
855 239 998 269 postquam

209 294 360 321 exposuero
374 305 380 317 ,
397 294 444 313 eos
461 286 504 320 qui
523 292 554 311 cx
572 284 613 310 bis
629 283 784 317 religionem
807 281 916 308 deorum
933 288 1000 308 con-

210 334 324 360 slituere
338 335 469 358 conantur
486 336 630 364 coarguant
645 327 758 354 inﬁrma:
774 325 872 353 radicis
889 330 916 352 et
931 325 999 351 fran-

208 380 271 406 dnm
289 379 374 413 plena:
391 384 451 404 esse
470 374 624 410 discipulos.

243 425 285 451 Μ.
301 424 384 458 Igitur
398 422 434 449 illi
447 422 491 456 qui
507 429 554 455 per
566 419 686 446 calculos
701 423 727 445 et
742 424 869 445 nmneros
884 417 999 443 elemenv

208 476 289 504 taque
307 474 333 495 et
353 468 460 495 nomina
476 466 618 492 vaticinari
634 465 780 499 opinantur
802 463 834 490 ab
856 462 906 488 hoc
922 461 998 496 prin-

207 515 277 549 cipio
292 513 405 548 profecti
421 517 507 539 artem
521 519 597 539 suam
609 511 739 542 condunt,
756 517 816 536 cum
830 508 924 535 dicunt
938 514 998 533 esse

207 562 318 589 fnmluin
335 560 432 595 singuli
449 559 579 594 cujusque
596 559 700 585 numeri
717 557 742 584 in
760 555 922 584 chiliadibus
939 554 998 587 qui-

206 608 266 635 dem
287 612 327 634 tot
343 606 484 637 monades,
508 606 579 639 quod
598 604 652 632 sitit
665 603 807 635 cliiliades,
827 601 908 628 veluti
923 600 997 635 74-

206 653 259 688 75
271 661 316 680 sex
329 653 440 679 millium
453 652 551 678 fundus
559 656 600 678 est
611 652 735 678 senarius
744 657 883 681 numerus,
893 654 996 684 septem

206 700 322 726 millium
345 698 526 733 septenarius.
540 701 600 724 octo
615 697 727 723 millium
745 695 871 722 monades
882 699 956 726 octo,
970 698 998 721 et

206 745 232 772 in
249 744 361 779 reliquis
377 744 497 778 pariter,
513 743 606 770 eadem
622 742 727 768 ratione
750 745 777 768 et
795 741 820 767 in
836 741 996 767 becatnnta-

206 791 296 822 dibus,
313 795 378 824 quot
393 790 445 817 sinl
461 788 663 821 hecatontades,
678 793 715 814 tot
731 787 859 814 monades
879 790 919 813 est
935 785 994 812 I'nn-

207 837 257 862 dus
273 843 378 866 earum,
394 835 474 861 veluti
492 834 726 868 septingentorum
748 836 851 864 septem
868 835 930 857 sunt
946 831 992 857 lie-

207 881 380 913 catoutades,
399 880 497 906 ΓιιιιιΙιιε
512 887 605 907 earum
617 883 719 914 septem
735 877 873 907 monadcs,
886 883 998 902 sexcen~
1015 870 1035 897 Β

209 931 296 953 torum
307 933 352 953 sex
365 926 565 957 hecatontades,
578 925 675 952 fundus
691 930 784 950 earum
798 930 844 949 sex
855 922 994 949 monades.

207 971 278 998 ldem
297 971 367 998 valet
382 976 407 998 et
422 971 446 997 in
461 971 619 1002 decadibus,
635 969 739 996 muneri
754 967 920 1002 octogenarii
939 974 997 993 mo-

208 1018 290 1044 uades
301 1022 372 1048 octo,
387 1017 554 1052 sexagenarii
567 1016 698 1044 monades
713 1022 772 1046 sex,
788 1013 995 1052 quadragcuarii

207 1064 335 1090 monailes
351 1067 475 1097 quatuor,
491 1062 594 1088 denarii
610 1068 703 1088 monas
720 1068 782 1087 una.
795 1059 823 1087 In
837 1047 996 1087 monadib’us

206 1113 295 1135 autem
313 1116 361 1142 pro
376 1108 456 1135 fundo
475 1113 538 1135 sunt
560 1107 623 1142 ipsa:
641 1106 770 1134 monades
783 1125 791 1138 ,
813 1105 894 1132 veluti
911 1112 995 1132 nove-

207 1154 278 1180 uarii
302 1153 406 1180 muneri
421 1160 527 1185 novem,
553 1151 684 1179 octonarii
698 1155 777 1183 octo,
792 1150 937 1185 septenarii
957 1156 996 1176 se-

207 1206 288 1234 ptem.
304 1198 349 1226 Sic
364 1199 445 1233 igitur
456 1199 537 1225 etiam
550 1198 575 1224 in
589 1197 738 1224 litterarum
751 1196 891 1223 elementis
905 1201 996 1222 tenen-

207 1248 269 1272 dum
286 1249 338 1273 est.
366 1244 537 1278 Unaquaeque
555 1244 626 1270 enim
657 1243 745 1269 littera
771 1249 886 1268 numero
915 1241 994 1268 alicui

206 1291 362 1326 respondet,
389 1290 470 1317 veluti
491 1290 581 1316 littera
597 1289 620 1315 ν’
635 1288 830 1323 quinquaginta
851 1287 994 1314 monadum

207 1341 266 1369 est;
282 1335 478 1370 quinquaginta
497 1338 586 1361 autem
603 1335 745 1361 monadutn
763 1334 859 1361 fundus
874 1339 915 1361 est
933 1333 994 1368 qui-

207 1380 309 1412 narius,
326 1385 352 1406 ct
364 1380 460 1406 littera:
474 1377 495 1405 ν’
509 1378 608 1406 fundus
621 1383 663 1405 est
679 1378 831 1413 quinarius.
848 1378 905 1412 Age
921 1386 994 1411 vero,

206 1434 239 1453 ex
264 1426 353 1460 aliquo
377 1425 486 1451 nomine
515 1423 612 1451 fundos
641 1423 700 1457 ejus
727 1431 889 1451 sumamus:
914 1423 994 1450 veluti

207 1471 332 1502 nominis.
350 1471 420 1505 quod
436 1474 477 1498 est
496 1469 687 1505 Ἀγαμέμνων,
705 1474 746 1498 est
761 1469 855 1497 litterae
867 1472 890 1496 α’
902 1477 995 1496 monas

208 1526 271 1551 una,
283 1521 307 1551 γ’
324 1522 414 1544 autem
430 1516 560 1543 monades
575 1521 640 1546 tres,
657 1515 770 1543 alterius
784 1519 807 1542 α’
823 1524 916 1543 monus
930 1523 993 1547 una,

209 1573 229 1598 μ
239 1563 369 1590 monades
381 1567 506 1596 quatuor,
516 1564 536 1587 ε’
548 1561 676 1588 monades
686 1562 816 1595 quinque,
830 1564 855 1596 μ’
866 1561 995 1588 monades

207 1611 337 1642 quatuor,
354 1605 374 1632 v'
392 1605 520 1632 monades
542 1606 675 1641 quinque,
693 1609 722 1632 ω’
741 1605 870 1633 monades
887 1610 957 1636 octo,
975 1605 995 1632 ν’

208 1653 336 1680 ιιιυιιοιῐοε
357 1653 495 1687 quinque,
511 1660 571 1686 quas
594 1652 621 1678 in
644 1660 726 1678 unum
745 1652 875 1679 subducta
897 1656 994 1678 erunt:

209 1699 235 1730 Ι,
251 1699 278 1730 5,
295 1699 320 1730 ιι,
337 1698 363 1730 Α,
378 1698 405 1730 5,
418 1699 444 1730 4,
461 1698 490 1729 5,
505 1698 530 1730 8,
545 1697 580 1730 5;
599 1698 656 1724 [nec
671 1698 786 1724 conﬂata
805 1697 923 1724 etliciunt
940 1704 996 1724 tuo-

209 1744 293 1770 nades
306 1743 349 1769 EG.
363 1742 466 1769 Rursus
482 1743 577 1769 borum
594 1743 690 1769 fundos
706 1747 815 1769 sumunt
829 1748 855 1769 et
867 1743 933 1768 ﬁunt
948 1750 996 1769 nu-

210 1788 278 1814 meri
295 1787 435 1813 tricetturii
452 1793 518 1819 tres,
543 1787 642 1814 senarii
666 1791 755 1814 autem
782 1787 840 1820 ipse
862 1786 995 1818 senarius,

208 1830 322 1858 conﬂata
341 1831 420 1865 igitur
431 1836 486 1858 tres
498 1835 524 1857 et
536 1838 583 1857 sex
597 1830 718 1858 efﬁciunt
733 1838 840 1862 n0vem,
858 1831 996 1858 uovenarii

210 1881 299 1903 autem
320 1875 419 1902 fundus
446 1875 621 1902 novenarius.
650 1876 791 1911 Aequievit
819 1876 901 1911 igitur
929 1878 997 1911 Aga-

210 1923 363 1949 memnonis
386 1929 484 1948 nomen
504 1922 530 1948 in
551 1921 634 1948 fundo
650 1921 695 1956 qui
713 1929 807 1948 novem
825 1926 875 1949 cst.
894 1921 997 1949 Licebit

211 1967 280 1993 idem
296 1966 378 1993 etiam
394 1966 420 1992 in
438 1966 491 1992 alio
507 1967 617 1993 nomine
634 1970 739 1994 tentare
753 1986 760 1999 ,
778 1967 849 2002 quod
875 1971 916 1993 est
931 1967 997 1993 Ἒκ-

209 2021 276 2046 τωρ,
289 2011 315 2038 Ιιί
327 2019 424 2039 nomen
438 2012 517 2039 habet
531 2013 650 2039 litteras:
662 2015 682 2038 ε’
693 2017 719 2039 et
729 2015 753 2038 κ’
768 2017 794 2039 et
804 2012 826 2038 τ’
837 2017 864 2039 et
875 2011 903 2039 ω’
922 2017 949 2039 et
963 2015 994 2047 ρ’.

211 2057 312 2084 llarnm
337 2057 411 2084 fundi
429 2067 435 2084 :
453 2057 480 2090 5,
495 2057 524 2090 2,
538 2058 565 2090 5,
583 2057 609 2091 8,
628 2059 653 2090 1,
671 2065 730 2092 quae
747 2057 860 2085 conﬂata
876 2057 997 2085 efﬁciunt

209 2104 338 2131 monades
365 2104 407 2131 19.
423 2103 529 2131 Rursus
542 2104 645 2131 denarii
665 2103 769 2130 numeri
784 2104 882 2130 fundus
901 2111 997 2131 tnonas

209 2153 261 2181 est,
279 2149 414 2176 norenarii
426 2149 599 2181 novenarius,
615 2155 675 2183 qua:
689 2147 802 2175 conﬂata
813 2147 936 2175 efﬁciunt.
949 2148 996 2175 de-

209 2203 279 2226 cem,
295 2195 398 2222 denarii
414 2195 516 2222 numeri
534 2194 563 2221 ﬁt
574 2193 673 2221 fundus
688 2201 791 2221 monas.
805 2193 995 2228 Computatum

211 2241 293 2275 igitur
321 2247 418 2266 nomen
438 2239 560 2267 Hectoris
586 2239 675 2266 ellecit
705 2238 815 2266 fundum
843 2237 996 2265 monadcm.

209 2286 364 2321 Promptius
379 2290 468 2312 autem
486 2290 526 2312 est
541 2286 566 2312 in
586 2286 657 2313 hunc
670 2284 778 2312 modum
802 2291 857 2311 rem
874 2284 994 2318 aggredi.

209 2332 319 2360 Fundos
342 2340 375 2359 ex
396 2332 536 2360 elementis
552 2337 672 2367 repertos
686 2352 693 2364 ,
719 2330 757 2358 uti
779 2337 851 2357 nunc
878 2330 994 2357 nominis

211 2377 335 2404 llectoris
356 2377 506 2412 reperimus
523 2378 653 2404 monades
672 2376 714 2410 l9,
735 2377 760 2403 in
784 2383 879 2403 novem
893 2382 954 2403 seca
968 2379 996 2402 et

210 2424 281 2457 quod
297 2423 459 2457 relinquitur
481 2431 530 2458 pro
555 2423 643 2450 fundis
659 2422 767 2450 habeto.
786 2421 874 2449 Veluti
889 2428 948 2448 cum
965 2420 996 2448 l9

211 2469 301 2495 divido
327 2470 353 2496 in
367 2469 638 2504 novem,relinquitur
651 2477 745 2503 unum,
756 2470 846 2497 novies
860 2470 931 2497 enim
945 2470 996 2496 duo

212 2513 332 2541 efﬁciunt
363 2515 394 2542 18
419 2520 446 2543 ct
464 2515 626 2550 relinquitur
655 2516 686 2549 l;
713 2515 736 2543 si
754 2515 825 2543 enim
841 2515 996 2543 subdoxero

1050 235 1230 271 ραπέμψομαι
1239 255 1246 266 ,
1266 234 1324 261 ἀλλ’
1338 234 1485 270 ἐκθέμενος
1499 235 1562 266 τοὺς
1576 235 1607 261 ἐκ
1619 234 1723 260 τούτων
1737 235 1840 270 ἐπιχει-

1051 278 1164 314 ροῦντας
1188 278 1344 305 θεοσέϐειαν
1362 279 1491 314 συνιστᾷν
1507 278 1609 311 ἐλέγξω
1625 278 1704 313 ῥίζης
1722 278 1841 306 ἀσυστά-

1049 333 1096 351 του
1112 325 1158 352 καὶ
1172 325 1339 360 πανουργίας
1355 325 1376 341 ¹⁹
1389 324 1524 352 άναπλέου
1536 325 1559 341 ¹⁶
1573 325 1653 356 ὄντας
1669 324 1805 360 μαθητάς.

1086 417 1127 444 Η.
1145 417 1176 443 Οἱ
1193 417 1241 451 μὲν
1261 414 1307 443 οὖν
1325 417 1369 443 διὰ
1388 417 1486 451 ψήφων
1503 425 1532 442 τε
1556 417 1605 443 καὶ
1623 416 1750 452 ἀριθμῶν
1769 424 1841 443 στοι-

1049 463 1130 498 χείων
1145 471 1173 489 τε
1188 463 1234 489 καὶ
1247 462 1388 497 ὀνομάτων
1405 461 1586 497 μαντεύεσθαι
1603 461 1763 497 νομίζοντες
1777 462 1841 488 ταύ-

1047 518 1097 543 την
1116 509 1202 544 ἀρχὴν
1223 509 1420 543 ἐπιχειρήσεως
1444 508 1491 534 τοῦ
1514 509 1574 534 κατ’
1598 508 1699 539 αὐτοὺς
1712 508 1735 523 ¹¹
1761 507 1840 542 λόγου

1049 554 1206 586 ποιοῦνται,
1230 554 1381 588 φάσκοντες
1399 553 1524 588 πυθμένα
1550 551 1619 579 εἶναι
1645 553 1765 579 ἑκάστου
1788 553 1840 578 τῶν

1047 600 1181 636 ἀριθμῶν,
1197 600 1242 626 ἐπὶ
1253 599 1303 634 μὲν
1314 599 1367 626 τῶν
1378 599 1503 634 χιλιάδων
1517 599 1651 629 τοσαύτας
1663 598 1703 634 [ν.
1720 599 1765 629 5i,
1780 597 1837 633 52.]

1049 645 1175 680 μονάδας,
1187 646 1247 671 ὅσαι
1260 644 1292 671 ἂν
1299 642 1349 671 ὦσι
1361 645 1492 680 χιλιάδες,
1509 642 1564 671 οἷον
1575 645 1629 671 τῶν
1647 644 1840 679 ἑξακισχιλίων

1047 691 1061 716 6
1071 691 1179 726 πυθμὴν
1190 690 1302 726 μονάδες
1309 690 1348 724 ἒξ,
1355 690 1409 716 τῶν
1418 690 1627 725 ἑπτακισχιλίων
1639 690 1753 724 μονάδες
1760 689 1839 721 ἑπτὰ,

1047 738 1101 764 τῶν
1113 737 1323 771 ὀκτακισχιλίων
1336 737 1450 772 μονάδες
1463 737 1544 768 ὀκτὼ,
1555 737 1601 763 καὶ
1613 737 1660 762 ἐπὶ
1676 736 1732 762 τῶν
1743 735 1842 762 λοιπῶν

1051 784 1150 819 ὁμοίως
1176 783 1245 810 κατὰ
1268 783 1302 809 τὰ
1324 782 1412 814 αὐτὰ,
1434 783 1481 809 καὶ
1502 783 1548 808 ἐπὶ
1565 782 1619 808 τῶν
1643 781 1840 814 ἐκατοντάδων,

1051 831 1111 856 am
1129 830 1161 856 ἂν
1177 826 1244 856 ὦσιν
1262 830 1290 856 αἱ
1313 829 1489 860 ἑκατοντάδες
1503 847 1510 860 ,
1534 827 1664 854 τοσαῦται
1693 827 1808 862 μονάδες
1828 828 1842 853 6

1050 875 1161 911 πυθμήν
1176 876 1249 901 ἐστιν
1260 874 1361 908 αὐτῶν,
1374 872 1429 900 οἷον
1441 873 1493 900 τῶν
1505 873 1676 900 ἑπτακοσίων
1693 872 1765 899 ἑπτά
1776 873 1842 898 εἰσιν

1051 921 1238 952 ἑκατοντάδες
1262 921 1276 947 6
1293 920 1401 956 πυθμὴν
1422 919 1511 947 αὐτῶν
1534 919 1604 946 ἑπτὰ
1630 919 1763 954 μονάδες·
1789 919 1843 944 τῶν

1051 967 1198 999 ἑξακοσίων
1212 967 1241 999 ’ἐξ
1254 967 1471 997 ἐκατοντάδες¹¹·
1483 966 1497 992 ὁ
1508 965 1618 1001 πυθμὴν
1632 965 1722 992 αὐτῶν
1733 967 1808 1000 τρεῖς
1820 965 1843 981 ⁸³

1051 1014 1174 1049 μονάδες.
1200 1014 1237 1039 Τὸ
1260 1013 1352 1048 ὅμοιον
1371 1013 1418 1039 καὶ
1435 1013 1481 1038 ἐπὶ
1496 1012 1550 1038 τῶν
1567 1012 1698 1038 δεκάδων·
1717 1011 1773 1038 τῶν
1794 1012 1844 1046 μὲν

1049 1060 1214 1094 ὀγδοήκοντα
1229 1059 1342 1094 μονάδες
1361 1058 1444 1090 ὀκτὼ,
1467 1058 1522 1085 τῶν
1536 1058 1564 1085 δέ
1579 1058 1713 1093 ἐξήκοντα
1730 1057 1844 1092 μονάδες

1049 1104 1094 1138 ἒξ,
1113 1104 1166 1131 τῶν
1183 1103 1388 1140 τεσσαράκοντα
1407 1104 1521 1139 μονάδες
1539 1104 1687 1139 τέσσαρες,
1705 1103 1759 1130 τῶν
1777 1104 1844 1130 δέκα

1051 1151 1133 1186 μονὰς
1150 1151 1209 1185 μία.
1229 1151 1290 1176 Ἐπὶ
1303 1150 1330 1176 δὲ
1343 1150 1397 1177 τῶν
1411 1150 1543 1185 μονάδων,
1560 1150 1670 1185 πυθμὴν
1681 1150 1763 1177 αὐταί
1776 1151 1844 1176 εἰσιν

1049 1197 1076 1223 αἱ
1104 1196 1236 1231 μονάδες,
1263 1192 1318 1222 οἷον
1335 1195 1382 1222 τοῦ
1406 1195 1485 1222 ἐννέα
1507 1196 1522 1222 6
1543 1195 1635 1226 ἐννέα,
1661 1195 1708 1221 τοῦ
1736 1195 1809 1222 ὀκτὼ
1831 1197 1846 1222 6

1049 1241 1131 1273 ὀκτὼ,
1146 1241 1192 1267 τοῦ
1207 1242 1277 1267 ἑπτὰ
1291 1242 1306 1267 6
1321 1240 1401 1267 ἑπτά.
1417 1240 1509 1271 Οὕτως
1519 1238 1565 1267 οὖν
1579 1241 1626 1267 καὶ
1640 1241 1686 1267 ἐπὶ
1699 1241 1755 1267 τῶν
1772 1249 1844 1267 στοι-

1049 1287 1130 1322 χείων
1152 1288 1240 1314 ποιεῖν
1256 1287 1306 1313 δεῖ·
1324 1286 1442 1313 ἕκαστον
1467 1286 1520 1322 γάρ
1542 1287 1675 1323 στοιχεῖον
1695 1287 1769 1313 κατά
1783 1295 1846 1313 τινα

1048 1334 1176 1360 τέτακται
1191 1333 1320 1370 ἀριθμὸν,
1332 1332 1387 1360 οἷον
1402 1333 1433 1360 τὸ
1451 1337 1472 1360 ν’
1492 1334 1661 1368 πεντήκοντα
1678 1333 1700 1348 “
1720 1334 1846 1368 μονάδων

1049 1379 1132 1406 ἐστίν·
1157 1379 1212 1406 τῶν
1232 1379 1258 1406 δὲ
1274 1380 1297 1396 "
1318 1380 1485 1415 πεντήκοντα
1503 1380 1624 1414 μονάδων
1640 1379 1752 1415 πυθμήν
1770 1381 1846 1407 ἐστιν

1048 1427 1062 1452 ὀ
1076 1425 1167 1457 πέντε,
1181 1426 1228 1452 καὶ
1238 1425 1285 1452 τοῦ
1301 1429 1322 1452 ν’
1339 1425 1472 1460 στοιχείου
1489 1425 1494 1460 Ι
1512 1425 1622 1460 πυθμήν
1634 1425 1708 1452 ἐστιν
1723 1427 1737 1452 ὁ
1749 1426 1842 1452 πέντε.

1050 1472 1140 1498 Ἔστω
1156 1471 1186 1498 ἐκ
1206 1480 1255 1498 του
1269 1472 1292 1487 ¹¹
1316 1471 1449 1506 ὀνόματος
1467 1471 1530 1502 τοὺς
1549 1471 1570 1487 ’⁷
1587 1469 1683 1496 τούτου
1701 1471 1845 1506 πυθμένας

1048 1516 1149 1543 λαΰεῖν.
1169 1513 1232 1543 Οἴον
1249 1516 1297 1542 τοῦ
1322 1515 1501 1551 Ἀγαμέμνων
1521 1515 1654 1550 ὀνόματος
1672 1515 1775 1549 γίνεται
1795 1517 1844 1542 τοῦ

1050 1563 1098 1598 μέν
1115 1563 1137 1577 ’³
1154 1565 1178 1588 α’
1200 1562 1283 1597 μονὰς
1302 1562 1361 1599 μία,
1378 1561 1424 1588 τοῦ
1443 1562 1471 1588 δὲ
1496 1561 1520 1595 γ’
1537 1562 1651 1596 μονάδες
1673 1563 1768 1596 τρεῖς,
1794 1562 1843 1588 τοῦ

1048 1608 1128 1635 ἄλλου
1146 1612 1169 1635 α’
1188 1608 1271 1643 μονὰς
1287 1608 1336 1642 μία
1351 1608 1396 1634 τοῦ
1412 1611 1436 1642 μ’
1453 1607 1564 1642 μονάδες
1578 1608 1609 1639 δ,
1626 1608 1675 1634 τοῦ
1690 1612 1711 1634 ε’
1729 1609 1843 1643 μονάδες

1047 1657 1078 1686 ε’,
1095 1654 1141 1681 τοῦ
1160 1657 1186 1689 μ’
1204 1654 1315 1689 μονάδες
1327 1654 1358 1685 δ’,
1386 1653 1433 1679 τοῦ
1452 1652 1472 1679 ν’
1497 1653 1610 1688 μονάδες
1627 1653 1710 1679 πέντε
1724 1673 1731 1685 ,
1753 1653 1801 1680 τοῦ
1821 1655 1851 1680 ω’

1050 1699 1162 1734 μονάδες
1173 1698 1208 1734 η’,
1221 1699 1268 1725 τοῦ
1281 1699 1301 1725 ν’
1316 1698 1429 1734 μονάδες
1447 1702 1477 1729 ε’,
1492 1698 1560 1733 ὁμοῦ
1576 1699 1621 1724 ἐπὶ
1638 1699 1668 1724 τὸ
1686 1699 1754 1725 αὐτὸ
1767 1700 1844 1725 ἔσον-

1046 1753 1091 1771 ται
1102 1744 1137 1776 α’,
1145 1745 1180 1779 γ’,
1191 1748 1226 1776 α’,
1236 1744 1260 1775 δ,
1273 1753 1296 1775 ε,
1306 1745 1336 1776 δ’,
1347 1744 1366 1770 ε’
1377 1748 1411 1780 η’,
1424 1749 1443 1771 ε’
1453 1746 1485 1761 "'
1496 1745 1582 1772 ταῦτα
1596 1745 1759 1771 συντεθέντα
1772 1747 1844 1772 ποιεῖ

1049 1791 1165 1826 μονάδας
1186 1791 1234 1822 λς.
1256 1791 1341 1817 Πάλιν
1359 1791 1462 1818 τούτων
1490 1791 1632 1826 πυθμένας
1649 1791 1842 1826 λαμῦάνουσι,

1048 1836 1094 1862 καὶ
1114 1835 1234 1868 γίνονται
1249 1834 1303 1861 τῶν
1320 1834 1371 1870 μέν
1389 1835 1404 1861 λ
1417 1835 1492 1870 τρεῖς
1502 1855 1508 1866 ,
1526 1835 1579 1861 τῶν
1590 1834 1618 1860 δὲ
1630 1834 1659 1866 ἐξ
1674 1835 1743 1861 αὔτα
1755 1835 1791 1861 τὰ
1802 1835 1841 1866 ἐξ·

1049 1880 1212 1907 συντεθέντα
1233 1878 1280 1907 οὖν
1296 1881 1330 1906 τὰ
1344 1881 1407 1916 τρία
1426 1881 1472 1906 καὶ
1486 1880 1520 1906 τὰ
1535 1880 1565 1912 ἓξ
1578 1881 1651 1907 ποιεῖ
1670 1881 1749 1907 ἐννέα
1761 1902 1768 1913 ,
1789 1880 1842 1906 τῶν

1048 1925 1075 1951 δὲ
1093 1925 1171 1951 ἐννέα
1189 1925 1300 1959 πυθμὴν
1315 1925 1329 1950 6
1353 1925 1439 1952 ἐννέα.
1462 1924 1616 1959 Κατέληξεν
1633 1923 1679 1951 οὖν
1697 1925 1727 1951 τὸ
1754 1926 1842 1959 Ἀγα-

1050 1970 1158 2004 μέμνων
1169 1969 1254 2003 ὄνομα
1267 1970 1306 2000 εἰς
1320 1968 1365 1996 τὸν
1379 1969 1457 1995 ἐννέα
1473 1969 1608 2004 πυθμένα.
1624 1970 1714 1996 Ἔστω
1729 1969 1760 1996 τὸ
1776 1970 1843 1996 αὐτὸ

1048 2015 1096 2043 καὶ
1117 2016 1163 2041 ἐπὶ
1187 2015 1268 2041 ἄλλου
1293 2015 1423 2049 ὀνόματος
1450 2016 1560 2048 ποιῆσαι
1582 2015 1629 2042 τοῦ
1657 2016 1781 2051 Ἕκτωρ.
1807 2016 1842 2042 Τὺ

1049 2060 1159 2094 Ἕκτωρ
1171 2059 1256 2094 ὄνομα
1273 2059 1330 2094 ἔχει
1344 2060 1463 2094 στοιχεῖα
1477 2059 1497 2086 ε’
1511 2060 1532 2075 ³⁰
1549 2059 1595 2085 καὶ
1613 2059 1710 2086 κάππα
1726 2059 1776 2085 καὶ
1791 2059 1841 2086 ταῦ

1049 2106 1095 2133 κα)⁸
1102 2108 1131 2132 ω’
1139 2105 1186 2131 καὶ
1195 2103 1227 2140 ρ’.
1244 2105 1353 2131 Τούτων
1371 2105 1507 2139 πυθμένες
1515 2107 1546 2136 ε’,
1558 2104 1591 2139 β’,
1601 2107 1636 2138 γ’,
1646 2103 1683 2138 η’,
1694 2107 1718 2131 α’
1730 2114 1737 2120 ·
1751 2105 1841 2132 ταῦτα

1050 2150 1208 2178 συντεθέντα
1217 2151 1289 2176 ποιεῖ
1299 2149 1416 2185 μονάδας
1430 2150 1470 2176 ιδ’.
1486 2150 1571 2177 Πάλιν
1582 2150 1635 2176 τῶν
1648 2149 1714 2176 δέκα
1729 2150 1841 2186 πυθμὴν

1049 2194 1099 2228 εἷς,
1115 2195 1170 2222 τῶν
1187 2196 1264 2222 ἐννέα
1281 2193 1358 2222 ἐννέα
1370 2216 1378 2228 ,
1393 2195 1411 2222 ὃ.
1427 2195 1587 2222 συντεθέντα
1610 2197 1683 2222 ποιεῖ
1697 2196 1774 2223 δέκα·
1793 2197 1841 2224 τοῦ

1049 2242 1114 2268 δέκα
1127 2242 1231 2276 γίνεται
1243 2241 1355 2276 πυθμὴν
1367 2242 1460 2277 μονάς.
1476 2242 1620 2277 Ψηφισθέν
1630 2240 1676 2269 οὖν
1687 2242 1718 2269 τὸ
1729 2243 1841 2277 Ἕκτωρ

1049 2288 1135 2323 ὄνομα
1146 2288 1258 2323 ἐποίησε
1272 2287 1398 2322 πυθμένα
1413 2288 1525 2323 μονάδα.
1540 2287 1731 2323 Εὐκολώτερον
1741 2288 1770 2314 δέ
1782 2288 1840 2314 ἐστι

1048 2335 1078 2360 τὸ
1094 2333 1180 2365 οὕτως
1195 2335 1292 2360 ποιεῖν·
1313 2335 1376 2366 τοὺς
1391 2334 1554 2369 εὑρεθέντας
1570 2335 1602 2360 ἐκ
1624 2334 1680 2360 τῶν
1697 2334 1840 2369 στοιχείων

1049 2380 1198 2414 πυθμένας,
1213 2380 1250 2412 ὡς
1261 2379 1309 2407 νῦν
1319 2380 1366 2406 ἐπὶ
1377 2380 1424 2407 τοῦ
1436 2380 1569 2416 ’Έκτορος
1580 2380 1712 2415 ὀνόματος
1722 2380 1840 2416 εὕρομεν

1050 2426 1168 2461 μονάδας
1184 2425 1226 2458 ιθ⁴,
1242 2427 1281 2458 εἰς
1296 2426 1374 2452 ἐννέα
1390 2427 1484 2461 μέριζε
1499 2427 1546 2453 καὶ
1564 2427 1595 2453 τὸ
1610 2427 1838 2462 περιλειπόμενον

1049 2471 1189 2506 πυθμένας
1210 2471 1290 2506 λέγε·
1316 2469 1371 2498 οἷον
1389 2471 1423 2499 τὰ
1446 2472 1477 2499 ιθ¹
1492 2472 1541 2499 ἐὰν
1558 2473 1598 2504 εἰς
1618 2473 1699 2499 ἐννέα
1716 2473 1833 2508 μερίζω,

1049 2515 1087 2552 [ρ.
1105 2516 1221 2553 52—54]
1237 2517 1423 2551 περιλείπεται
1440 2518 1533 2552 μονὰς,
1544 2518 1652 2550 ἐννάκις
1667 2518 1722 2553 γὰρ
1737 2518 1785 2544 δύο
1801 2527 1837 2552 ιη,

861 2604 980 2632 VARI/f1
999 2603 1204 2632 LECTIONES.

249 2683 271 2700 ¹⁰
284 2683 331 2710 καὶ
352 2684 527 2719 πανουργίας.
557 2683 730 2719 καινουργίας
744 2683 774 2719 C,
798 2682 958 2717 καινουργίᾳ
981 2681 1017 2719 M_.
1055 2681 1227 2719 ’νάναπλέου
1240 2683 1329 2715 ὄντας.
1355 2684 1539 2715 ἀναπλέοντας
1563 2684 1594 2716 C,
1618 2684 1836 2718 ἀναπτεροῦντας

213 2719 276 2749 τοὺς
291 2719 325 2745 Μ.
359 2719 380 2734 ²¹
404 2716 487 2752 αὐτὴν
507 2720 537 2746 Ω.
575 2720 597 2735 ¹¹
622 2716 797 2754 ὲξὴκοντάδες
812 2718 842 2745 C.
860 2719 885 2754 _"
896 2716 986 2754 τρεῖς.
1002 2717 1074 2754 Ιλθει
1152 2717 1202 2754 nisi
1217 2719 1374 2746 exciderunt
1387 2720 1479 2754 eadem
1495 2720 1574 2746 verba
1589 2719 1622 2746 de
1636 2716 1790 2754 τριακᾶσιοι
1803 2719 1834 2745 Μ.

246 2754 276 2780 τὸ
287 2754 511 2791 Αν¹ιπεντῄκονταῌ
519 2754 639 2791 μονάδων
651 2751 733 2791 ἐστίν.
745 2753 790 2791 τδν
802 2752 872 2791 κατὰ
889 2751 1009 2791 μονάδων
1020 2753 1043 2786 η’
1055 2751 1086 2782 C,
1099 2752 1146 2778 ἐὰν
1159 2752 1203 2777 τδν
1221 2754 1291 2780 κατὰ
1307 2754 1428 2788 μονάδων
1441 2753 1476 2791 ᾗ’,
1500 2754 1533 2781 Μ.

215 2788 251 2814 Μ.
285 2789 308 2804 ’⁵
320 2789 352 2815 ἐκ
364 2788 410 2814 τοῦ
426 2788 456 2816 C.
490 2789 511 2804 "
528 2788 668 2818 τούς.τινὰ
684 2788 714 2815 C.

215 2830 295 2857 perus
318 2832 324 2849 ι
342 2824 459 2857 στοιχεῖα
482 2823 562 2849 πέντε
582 2823 613 2855 (ἒ,
632 2824 749 2857 στοιχεῖα
769 2823 858 2855 πέντε,
877 2826 895 2848 ε’
910 2823 942 2848 Μ.

1575 2755 1598 2769 ’⁵
1614 2753 1668 2780 τῶν
1681 2754 1720 2779 δέ.
1739 2753 1834 2784 τῶνε.

755 2788 776 2803 ’³
789 2788 834 2830 Ἑοῧ
857 2787 961 2835 μέγλιτδ
978 2790 1027 2824 μὲν
1040 2790 1070 2823 Ο,
1088 2790 1120 2817 .\l.
1151 2791 1174 2806 ’θ
1189 2791 1219 2822 δ’,
1239 2792 1268 2821 ε’,
1285 2787 1318 2823 η’,
1337 2793 1369 2816 α’.
1387 2790 1417 2816 δ’.
1503 2790 1534 2817 C.
1555 2790 1575 2804 ’τ’
1596 2791 1714 2823 στοιχεῖα
1732 2788 1750 2814 ε’
1770 2789 1795 2815 lii
1809 2799 1834 2815 -:-
