1956 3079
156 153 208 185 307
214 153 228 183 Ξ)

698 151 846 181 CONTRA
865 151 1047 182 H/ERESES
1066 153 1138 182 LIB.
1158 152 1207 182 ιν.

1711 144 1781 176 3080

158 212 208 236 καὶ
222 207 301 243 λοιπὴ
321 208 414 243 μονάς.
436 202 500 234 Ἐάν
520 203 574 243 γὰρ
595 195 685 242 ὑφέλω
697 208 717 223 ³¹
736 207 789 234 τῶν
806 208 830 234 ιθ
846 208 880 235 τὰ
896 208 940 234 δε-

1001 214 1115 249 16-77
1124 221 1155 241 ex
1168 211 1280 245 19-18,
1290 209 1400 237 restahit
1412 210 1434 240 l,
1444 208 1479 234 ita
1493 212 1518 234 ut
1531 207 1653 234 llectmis
1665 207 1781 234 nominis

155 254 278 286 καοκτὼ,
301 254 382 289 λοιπὴ
405 254 506 289 μονάς’
525 254 596 280 ὥστε
615 253 663 280 τοῦ
684 254 794 288 Ἕκτωρ
813 254 944 289 ὀνόματος

157 301 269 336 πυθμὴν
279 300 356 326 ἔσται
372 300 465 335 μονάς.
482 299 566 326 Πάλιν
582 299 629 326 τοῦ
646 300 803 335 Πάτροκλος
815 301 945 335 ὀνόματος

156 346 295 381 πυθμένες
303 346 372 372 εἰσιν
382 345 494 381 ἀριθμοὶ
505 342 588 376 οὗτοι,
597 344 633 379 η’,
642 348 676 376 α’,
688 348 724 379 γ’,
738 344 770 378 ξ’,
783 345 816 380 β’,
825 349 859 379 γ’ι
870 345 902 378 ζ’,
911 344 944 380 β’·

157 391 352 426 συντεθέντεςι
375 391 482 417 ποιοῦσι
507 391 624 424 μονάδας
643 391 690 417 λδ’.
710 390 818 417 Τούτων
839 391 869 417 τὸ
893 391 948 417 λοι-

158 437 210 464 πὲν
225 437 247 452 ³¹
262 436 375 471 μονάδες
389 437 458 462 ἑπτὰ
471 456 478 468 ,
494 435 548 462 τῶν
562 435 584 461 λ’
599 436 684 470 τρεῖς,
701 435 747 462 καὶ
761 434 815 461 τῶν
828 435 849 461 δ’
865 435 947 461 αὐταὶ

157 484 188 510 αἱ
201 482 233 510 δ’.
251 482 364 518 Πυθμὴν
380 480 426 508 οὖν
449 483 502 508 εἰσι
519 482 566 508 τοῦ
582 481 737 516 Πάτροκλος
750 481 882 516 ὀνόματος
899 489 947 515 μο-

157 528 238 559 νάδες
252 527 283 560 ζ’.
295 527 327 554 Οἱ
345 527 394 562 μὲν
408 524 454 553 οὖν
466 527 536 553 κατὰ
547 527 592 552 τὸν
608 526 759 553 ὲννεαδικὺν
777 526 879 553 κανόνα.
891 525 945 561 ψη-

158 574 283 608 φίζοντες
298 572 350 608 [τὸ]
363 573 384 588 ³³
399 573 508 599 ἔννατον
520 572 688 606 λαμϐάνουσι
700 572 745 598 τοῦ
759 572 947 608 ἀθροισθέντος

157 619 193 644 ἐκ
209 617 263 644 τῶν
277 617 421 652 πυθμένων
437 617 565 652 ἀριθμοῦ,
581 618 628 644 καὶ
644 618 673 644 τὸ
691 618 863 652 περιλειφθὲν
879 617 948 651 τελῆ-

159 664 206 695 οος
221 664 276 690 τῶν
293 663 437 698 πυθμένων
450 663 596 699 ὁρίζονται,
608 664 633 690 οἱ
646 663 675 690 δὲ
688 663 757 689 κατὰ
772 664 817 690 τὸν
833 663 948 698 ἑϐδομα-

159 710 236 736 τικὸν
255 709 286 736 τὸ
308 709 434 744 ἕϐδομον·
458 707 514 735 οἷον
533 709 630 744 εὑρέθη
652 709 698 736 ἐπὶ
723 709 770 735 τοῦ
792 709 948 744 Πάτροκλος

159 754 292 789 ὀνόματος
303 755 333 780 τὸ
342 755 387 781 ἐπὶ
400 755 454 780 τῶν
469 754 613 789 πυθμένων
626 754 763 789 ἄθροισμα
776 753 888 788 μονάδες
899 753 946 780 λδ¹·

158 800 240 827 τοῦτο
261 801 386 835 μερισθὲν
409 801 448 831 εἰς
471 800 620 835 ἑϐδομάδας
644 801 716 826 ποιεῖ
728 799 760 832 δ,’
782 800 795 826 ὅ
819 800 878 825 ἐστι
897 806 944 834 κη’

158 847 252 873 λοιπαὶ
262 846 373 881 μονάδες
387 846 426 878 ἕξυ
440 846 512 880 λέγει
525 846 567 872 ὅτι
579 846 593 871 6
606 845 716 880 πυθμὴν
732 845 778 871 τοῦ
793 844 949 880 Πάτροκλος

159 893 292 928 ὀνόματός
306 894 373 918 εἰσιν
388 892 417 924 ἓξ
432 892 500 918 κατὰ
517 892 562 918 τὸν
582 891 770 925 ἐϐδοματικόν.
786 891 818 917 Ei
832 891 860 917 δὲ
873 891 947 917 ἔσται
966 885 985 912 Β

161 938 220 974 μγ’,
235 938 266 964 τὸ
280 938 394 974 ἕϐδομον
413 938 486 972 λέγει
505 937 561 972 μβ“,
578 937 693 968 ἑπτάκις
708 938 761 972 γὰρ
775 936 805 969 ἒξ
822 936 876 971 μβη
896 937 945 963 καὶ

159 985 255 1011 λοιπὸν
271 984 310 1010 ἓν.
328 984 419 1015 Μονὰς
441 982 487 1010 οὖν
503 984 608 1018 γίνεται
630 984 644 1009 6
663 982 773 1018 πυθμὴν
793 984 807 1009 6
826 982 880 1009 ἀπὸ
894 982 948 1008 τῶν

162 1037 202 1064 μγ
224 1029 294 1056 κατὰ
316 1029 361 1055 τδν
381 1028 568 1063 ὲϐδοματικόν.
590 1029 636 1054 Δεῖ
656 1028 684 1054 δὲ
705 1028 850 1063 προσέχειν
872 1028 919 1054 ἐὰν
935 1027 949 1053 6

160 1074 276 1109 ληφθεὶς
290 1074 311 1089 ⁵⁸
329 1073 445 1108 ἀριθμὸς
461 1073 638 1108 μεριζόμενος
655 1072 793 1108 ἀπαρτίσῃ
805 1091 812 1103 ,
829 1068 884 1098 οἷον
901 1070 949 1097 ἐὰν

160 1120 194 1146 ἐκ
210 1128 282 1151 τινος
301 1119 431 1154 ὀνόματος
454 1118 586 1150 συντιθεὶς
601 1119 622 1134 ³⁵
646 1119 709 1149 τοὺς
723 1118 861 1152 πυθμένας
877 1116 949 1152 ε’ύρω

161 1165 242 1199 λόγου
256 1164 335 1200 χάριν
348 1164 462 1199 μονάδας
472 1164 526 1196 λς’.
540 1164 569 1190 '0
578 1164 606 1190 δὲ
617 1163 658 1195 ςλ¹
672 1162 849 1198 μεριζόμενος
857 1163 896 1193 εἰς
904 1162 948 1188 τὸν

161 1212 241 1238 ἐννέα
258 1211 272 1237 δ
291 1210 435 1246 ἀπαρτίζει
453 1210 579 1241 ἐννεάδας
594 1209 713 1245 (ἐννάκις
727 1209 782 1243 γὰρ
795 1209 815 1234 δ’
830 1208 885 1240 λς’,
901 1207 949 1233 καὶ

161 1257 238 1284 οὐδὲν
256 1256 471 1293 περιλείπεται)·
490 1256 536 1283 τὸν
555 1255 681 1290 πυθμένα
695 1253 742 1282 οὖν
763 1254 844 1282 αὐτὸν
866 1254 912 1280 τὸν
927 1253 948 1280 θ’

161 1303 243 1338 δῆλον
264 1301 342 1329 εἶναι.
365 1302 422 1329 Κᾶν
435 1303 457 1318 ³⁸
483 1302 564 1329 πάλιν
586 1302 631 1328 τὸν
649 1300 852 1336 τεσσαράκοντα
870 1300 949 1326 πέντε

163 1348 280 1383 ἀριθμὸν
309 1347 467 1384 μερίζοντες
497 1347 622 1382 εὕρωμεν
649 1346 835 1381 ἀπαρτίζοντα
861 1345 947 1372 ἐννέα·

163 1393 212 1420 καὶ
233 1393 287 1429 γὰρ
301 1393 410 1424 ἐννάκις
426 1394 506 1420 πέντε
524 1392 580 1428 με’,
597 1393 644 1419 καὶ
658 1392 780 1418 λείπεται
794 1391 868 1418 οὐδέν
880 1400 886 1407 ·
903 1391 949 1417 ἐπὶ

163 1439 218 1466 τῶν
233 1440 360 1465 τοιούτων
372 1439 450 1465 αὐτὸν
466 1439 512 1465 τὸν
530 1438 607 1465 ἐννέα
618 1437 726 1471 λέγουσι
744 1437 877 1471 πυθμένα.
896 1437 950 1462 Καὶ

164 1486 212 1512 ἐπὶ
228 1485 275 1511 τοῦ
290 1484 467 1519 ἑϐδοματικοῦ
483 1484 504 1499 ³⁷
519 1484 629 1519 ὁμοίως,
652 1483 699 1510 ἐὰν
717 1483 795 1516 λόχου
812 1483 891 1518 χάριν
906 1482 950 1508 τὸν

165 1530 208 1566 κη’
224 1532 263 1562 εἰς
283 1530 328 1557 τὸν
345 1530 414 1557 ἑπτά
440 1531 597 1565 μερίζοντες
616 1529 811 1564 άπαρτίσωμεν
826 1529 950 1562 (ἑπτάκις

164 1577 219 1612 γὰρ
234 1576 254 1603 δ’
269 1577 324 1611 κη’,
341 1577 387 1603 καὶ
411 1576 597 1610 περιλείπεται
619 1576 706 1609 οὐδὲν)
720 1596 727 1608 ,
744 1575 789 1601 τὴν
813 1575 883 1601 ἑπτὰ
906 1574 950 1600 λέ-

164 1631 243 1657 γουσι
257 1623 391 1658 πυθμένα.
406 1623 490 1650 Ὅταν
507 1623 599 1658 μέντοι
613 1622 719 1657 ψηφίζῃ
729 1621 763 1648 τά
773 1621 892 1656 ὀνόματα
904 1620 950 1647 καὶ

163 1669 279 1704 εὑρίσκῃ
294 1669 316 1685 ³⁸
337 1669 376 1700 δὶς
390 1669 420 1695 τὺ
434 1668 498 1695 αὐτὸ
514 1669 642 1703 γράμμα,
657 1667 739 1700 ἅπαξ
755 1667 820 1693 αὐτὸ
836 1667 841 1701 1
867 1665 951 1701 ψηφί-

163 1714 217 1748 ζει,
233 1712 288 1741 οἷον
304 1715 335 1741 τὸ
349 1714 505 1749 Πάτροκλος
520 1714 605 1748 ὄνομα
615 1714 638 1730 ⁸⁸
655 1713 701 1739 καὶ
715 1713 744 1739 τὺ
760 1712 785 1738 π’
799 1713 823 1738 α’
842 1712 881 1744 δὶς
894 1713 950 1747 ἔχει

167 1762 215 1788 καὶ
228 1761 256 1787 τὸ
271 1764 292 1787 ο¹
308 1761 356 1792 δὶς,
374 1760 448 1792 ἅπαξ
461 1758 508 1787 οὖν
521 1760 552 1786 τὺ
567 1759 591 1786 α’
607 1759 755 1795 ψηφίζουσι
775 1759 822 1785 καὶ
836 1759 908 1791 ἆπαξ
921 1759 952 1785 τὺ

164 1805 195 1833 ο’.
212 1806 290 1833 Κατὰ
304 1805 380 1832 τοῦτο
393 1803 439 1832 οὖν
455 1806 592 1841 πυθμένες
607 1805 713 1831 ἔσονται
725 1814 753 1840 η,
771 1805 805 1836 α’,
818 1808 853 1839 γ’,
867 1807 901 1837 α’,
917 1804 950 1838 ζ’,

166 1852 199 1887 β’,
210 1853 247 1886 γ’,
258 1851 291 1886 β’,
301 1852 348 1878 καὶ
363 1851 536 1882 συντεθέντες
551 1850 656 1877 ποιοῦσι
675 1851 791 1886 μονάδας
803 1850 827 1866 ⁵⁸
839 1849 890 1882 κζ’,
904 1850 951 1876 καὶ

168 1897 244 1924 ἔσται
260 1897 369 1932 πυθμὴν
385 1897 430 1923 τοῦ
446 1897 577 1932 ὀνόματος
592 1897 662 1922 κατὰ
676 1897 723 1930 μὲν
737 1896 784 1922 τὸν
798 1896 952 1922 ὲννεαδικὸν

166 1943 248 1974 αὐτὸς
256 1944 270 1969 6
281 1943 369 1974 ἐννέα,
383 1943 453 1969 κατά
462 1943 489 1969 δὲ
499 1942 543 1969 τὸν
555 1942 733 1976 ἑϐδοματικὸν
746 1942 783 1974 ἕξ.
804 1942 918 1977 Ὁμοίως
930 1941 951 1958 ⁶¹

167 1988 316 2024 Σαρπηδὼν
328 1988 473 2023 ψηφισθε¹ις
495 1989 567 2014 ποιεῖ
581 1988 697 2022 μονάδας
712 1989 781 2014 κατὰ
796 1986 834 2022 [p.
847 1987 891 2014 54.
905 1986 950 2022 55]

166 2034 213 2061 τὸν
227 2033 377 2060 ἐννεαδικὸν
390 2034 436 2060 δύο
451 2033 584 2068 πυθμένα,
598 2033 753 2068 Πάτροκλος
773 2033 802 2059 δὲ
819 2034 890 2059 ποιεῖ
903 2041 952 2068 μο-

167 2080 249 2112 νάδας
262 2080 294 2106 θ’·
306 2081 369 2115 νικᾷ
385 2080 549 2115 Πάτροκλος.
565 2080 649 2106 Ὅταν
663 2081 717 2114 γὰρ
762 2079 776 2105 6
791 2079 839 2114 μὲν
853 2078 891 2110 εἷς
904 2087 954 2104 πε-

169 2127 271 2162 ρισσὸς,
292 2127 306 2153 6
325 2126 354 2153 δὲ
375 2126 467 2161 ἕτερος
490 2126 582 2161 ἄρτιος
596 2146 603 2158 ,
627 2126 641 2151 6
664 2125 793 2160 περισσὸς
811 2126 887 2160 νικᾷ,
907 2125 953 2152 ἐὰν

169 2173 272 2208 μείζων
349 2172 432 2199 Πάλιν
446 2172 474 2198 δὲ
489 2173 537 2199 ἐὰν
606 2171 678 2198 ὀκτὼ
692 2172 784 2207 ἄρτιος
810 2173 856 2198 καὶ
873 2171 953 2198 πέντε

998 258 1097 286 fundus
1106 259 1140 285 sit
1151 258 1281 285 Lilursus
1292 256 1405 283 nominis
1417 255 1487 289 quod
1497 253 1698 287 ρειιιάτροκλος
1707 253 1781 280 fundi

997 307 1060 330 sunt
1085 303 1186 330 numeri
1214 303 1239 329 hi
1260 311 1266 328 :
1288 302 1313 333 8,
1332 301 1355 332 1,
1368 300 1435 332 3,1,
1448 299 1475 329 7,
1489 298 1516 331 ‘2,
1531 298 1559 329 ὃ,
1574 298 1599 329 7,
1616 298 1649 329 2;
1675 297 1782 324 conﬂati

997 348 1116 375 efﬁciunt
1132 348 1259 375 monades
1280 347 1324 373 5L
1339 345 1439 372 Horum
1455 344 1524 378 quod
1544 343 1706 376 relinquitur
1723 349 1782 368 mo—

997 395 1080 422 nades
1098 395 1124 425 7,
1140 394 1277 421 tricenarii
1294 392 1397 419 nttmeri
1414 390 1547 417 ternarius
1572 394 1598 415 ct
1617 386 1783 422 quaternarii

997 442 1055 476 ipse
1071 439 1271 475 quaternm-ius.
1296 437 1405 464 Fundus
1430 436 1511 470 igitur
1529 433 1642 461 Patrocli
1668 432 1783 459 nominis

998 487 1125 514 mottatles
1144 487 1168 514 7.
1182 485 1232 518 Qui
1249 485 1331 519 igitur
1347 482 1493 510 secundum
1521 480 1693 507 novenarlant
1720 485 1784 504 nor-

998 539 1069 558 matn
1083 534 1248 565 computant.
1270 537 1367 557 nonam
1391 532 1494 562 partettt
1517 529 1628 553 Sllmlll'll
1652 523 1710 558 ejus
1735 530 1784 548 Ill]-

999 577 1074 609 nteri,
1092 577 1137 610 qui
1153 583 1183 603 ex
1203 575 1292 602 fundis
1303 574 1431 601 collectus
1447 577 1499 603 est,
1525 576 1552 598 et
1578 570 1603 597 id
1629 569 1699 604 quod
1722 567 1784 595 reli-

998 627 1069 651 clutn
1091 627 1131 649 est
1150 630 1198 657 pro
1217 620 1388 648 multitudine
1408 619 1552 645 fundorum
1570 619 1724 645 numerant,
1736 614 1782 648 qui

998 674 1087 696 autem
1104 668 1249 696 secundum
1282 665 1463 701 septenariant
1489 669 1623 694 normam,
1641 660 1782 695 septimam

999 719 1102 749 partem
1118 722 1124 741 :
1143 713 1222 740 veluti
1246 716 1349 746 reperta
1365 711 1445 738 estin
1467 708 1574 736 nomine
1589 705 1703 733 Patrocli
1726 705 1784 731 run-

1000 761 1094 787 dorunt
1119 766 1224 786 summa
1243 758 1287 790 δι,
1310 765 1369 792 qua:
1392 756 1476 782 divisa
1494 755 1520 780 itt
1544 753 1672 788 septimas
1696 755 1784 786 partes

999 805 1079 834 eﬂicit
1096 809 1221 840 quatuor,
1243 811 1297 838 quo
1310 800 1524 832 eﬂiciutttur28;
1539 803 1641 826 restant
1657 796 1786 824 muttades

1000 859 1046 879 sex
1069 861 1074 878 :
1094 851 1131 877 ait
1145 851 1256 877 fundunt
1280 849 1395 877 Patrocli
1424 848 1539 874 nominis
1565 853 1624 872 esse
1649 844 1784 871 senariunt

1000 903 1140 924 numerum
1153 896 1300 924 secundum
1314 894 1494 929 septenariam
1507 899 1640 919 normam.
1653 890 1681 917 Si
1696 894 1785 916 autem

999 943 1050 970 erit
1065 943 1110 974 45,
1130 943 1230 976 septies
1247 946 1382 976 sumptum
1401 940 1466 966 dicit
1480 939 1524 971 42,
1540 937 1640 972 septies
1657 936 1726 962 enim
1739 942 1786 962 Sex

999 988 1077 1016 eﬂicit
1087 988 1121 1015 42
1131 993 1159 1015 et
1171 991 1255 1014 restat
1269 993 1362 1014 unum.
1375 985 1468 1012 .‘llonas
1481 985 1562 1018 igitur
1570 983 1677 1010 exsistit
1691 981 1788 1008 fundus

999 1034 1104 1061 numeri
1113 1033 1147 1060 43
1156 1032 1301 1060 secundant
1312 1030 1489 1065 seplenariam
1500 1036 1632 1055 normam.
1641 1027 1789 1054 Observan-

999 1079 1061 1106 dum
1075 1083 1163 1105 auteut
1177 1083 1228 1109 est,
1246 1083 1307 1104 cttm
1323 1080 1446 1110 sumptus
1458 1081 1588 1101 numerus
1601 1073 1704 1099 divisus
1719 1070 1786 1098 niltil

1001 1123 1097 1157 reliqui
1113 1122 1203 1152 faciet.
1214 1120 1294 1147 veluti
1304 1127 1364 1147 eum
1373 1127 1405 1146 ex
1419 1119 1542 1154 quopiam
1556 1123 1668 1144 numero
1679 1122 1789 1148 compo-

1000 1176 1066 1196 nens
1078 1168 1173 1194 l'undos
1191 1167 1328 1198 invenero,
1340 1170 1368 1192 ut
1379 1164 1502 1199 exemplo
1516 1168 1587 1197 utar,
1598 1162 1724 1189 monades
1741 1161 1786 1188 56.

1000 1214 1133 1241 Numerus
1147 1216 1235 1239 autem
1253 1211 1288 1238 '56
1303 1211 1405 1238 divisus
1418 1210 1444 1237 in
1457 1216 1551 1237 novent
1571 1212 1695 1235 accurate
1709 1206 1788 1233 efﬁcit

1000 1263 1114 1294 quatuor
1138 1258 1281 1288 enneades,
1310 1256 1403 1283 novies
1422 1255 1492 1282 enirn
1511 1259 1627 1289 quatuor
1656 1251 1786 1280 ellicit36

999 1313 1049 1334 nec
1062 1305 1208 1340 quidquam
1228 1304 1324 1338 reliqui
1343 1303 1384 1330 tit.
1399 1303 1527 1336 Apertum
1545 1301 1627 1336 igitur
1642 1303 1683 1326 est
1702 1300 1789 1334 ipsum

1001 1351 1111 1378 fundunt
1123 1358 1182 1377 esse
1192 1350 1219 1377 9.
1230 1349 1263 1376 Et
1275 1349 1319 1375 tthi
1334 1355 1426 1375 rursus
1439 1354 1579 1374 numerum
1592 1346 1626 1372 45
1640 1344 1790 1371 dividentes

1001 1397 1167 1432 reperiemus
1183 1403 1322 1423 numerttm
1353 1393 1527 1421 novenarium
1554 1392 1619 1419 nihil
1641 1391 1734 1425 reliqui
1753 1390 1790 1417 fa-

1000 1453 1061 1472 cere
1074 1445 1182 1481 (etenim
1197 1444 1289 1470 ttovics
1303 1442 1420 1477 quinque
1435 1440 1517 1468 eilicit
1531 1439 1564 1467 65
1578 1447 1625 1466 ttec
1645 1437 1790 1472 quidquam

1002 1493 1108 1526 restat),
1126 1492 1152 1518 in
1176 1491 1275 1518 talibus
1295 1490 1387 1517 dicttnt
1405 1489 1490 1523 ipsum
1506 1486 1683 1514 novenaritnn
1701 1492 1791 1512 nume-

965 1554 987 1584 Ο
1004 1547 1062 1565 runt
1075 1545 1134 1565 esse
1146 1537 1268 1563 fundum.
1287 1536 1318 1562 [ῐι
1333 1536 1359 1561 in
1376 1534 1530 1569 septenario
1553 1533 1672 1567 pariter;
1690 1531 1747 1564 ubi,
1763 1535 1791 1557 ttt

1004 1583 1155 1618 exemplum
1185 1589 1328 1616 ponamus,
1361 1588 1501 1607 numerum
1533 1579 1567 1606 28
1593 1580 1620 1605 itt
1651 1585 1789 1605 numerum

1003 1628 1184 1663 septenarium
1197 1627 1346 1654 dividentes
1364 1625 1428 1652 nihil
1443 1623 1539 1659 reliqui
1553 1623 1667 1650 facimus
1680 1622 1791 1657 (septies

1004 1675 1074 1703 enint
1090 1678 1206 1708 quatuor
1227 1672 1307 1700 ellicit
1324 1672 1370 1703 ΕΒ,
1385 1678 1434 1698 nec
1448 1670 1593 1705 quidquam
1612 1668 1791 1702 relinquitur),

1004 1721 1186 1757 septenarium
1199 1721 1291 1747 dicunt
1305 1719 1427 1746 fundum.
1441 1718 1486 1744 ille
1508 1717 1589 1752 igitur
1608 1724 1668 1743 cum
1683 1723 1791 1748 compu-

1006 1773 1043 1795 tat
1059 1768 1165 1795 nomina
1178 1770 1205 1794 et
1219 1766 1318 1800 reperit
1334 1765 1456 1792 eamdem
1481 1763 1596 1790 litteram
1612 1763 1653 1789 bis
1666 1761 1791 1795 positam,

1006 1813 1088 1841 semel
1106 1820 1165 1840 eam
1185 1816 1334 1846 computat,
1354 1810 1435 1837 veluti
1451 1809 1606 1844 Πάτροκλος
1621 1815 1716 1835 nomen
1730 1811 1756 1833 et
1774 1814 1792 1832 π

1005 1869 1022 1886 α
1037 1860 1141 1887 litteras
1160 1859 1202 1886 bis
1219 1858 1300 1885 habet
1313 1862 1339 1884 et
1351 1866 1365 1883 ο
1379 1856 1497 1883 litteram
1515 1855 1575 1887 bis;
1604 1853 1686 1881 semel
1713 1853 1792 1887 igitur

1005 1915 1023 1933 α
1038 1908 1203 1940 computant,
1221 1903 1303 1931 semel
1327 1911 1351 1930 ο.
1378 1902 1532 1929 Secundum
1550 1901 1600 1927 hoc
1620 1900 1702 1934 igitur
1719 1898 1792 1925 fundi

1006 1955 1106 1979 erunt:
1125 1951 1193 1983 8,1,
1215 1950 1241 1982 5,
1271 1949 1295 1981 1,
1318 1949 1346 1981 ἵ,
1369 1949 1395 1980 2,
1412 1948 1439 1980 5,
1460 1947 1487 1981 2,
1502 1952 1529 1974 et
1547 1945 1654 1973 conllati
1678 1944 1794 1971 elliciunt

1006 1997 1135 2025 monades
1151 1996 1196 2027 27,
1211 2000 1237 2022 et
1252 1996 1304 2022 erit
1320 1995 1419 2022 fundus
1442 1993 1559 2020 nominis
1580 1991 1727 2019 secundum
1745 1998 1792 2017 no-

1006 2043 1143 2070 venariatn
1162 2049 1286 2069 normam
1299 2041 1357 2075 ipse
1371 2040 1534 2067 novenarius
1546 2044 1682 2069 nunterus,
1698 2043 1795 2063 secun-

1007 2090 1069 2117 dum
1091 2088 1272 2122 septenariam
1291 2087 1414 2122 78-79
1439 2090 1528 2112 autem
1545 2083 1677 2111 senarius.
1692 2082 1796 2108 Pariter

1008 2135 1143 2170 Sarpedon
1166 2137 1334 2168 contpntatus
1350 2133 1429 2159 ellicit
1448 2131 1575 2158 monades
1590 2128 1734 2156 secundant
1748 2135 1795 2154 no-

1008 2181 1146 2208 venariam
1178 2187 1298 2207 normam
1316 2179 1452 2206 hinariuttt
1472 2183 1613 2204 numerum
1637 2182 1684 2209 pro
1702 2174 1794 2206 fundo,

169 2219 314 2253 περισσὸς,
332 2219 345 2245 6
364 2218 437 2245 ὀκτὼ
463 2219 535 2254 νικᾷ,
565 2218 665 2253 μείζων
684 2219 738 2253 γάρ
761 2219 845 2245 ἐστιν.
867 2219 899 2244 Et
926 2219 949 2245 δὲ

1006 2225 1148 2252 Patroclus
1161 2230 1249 2252 autem
1265 2223 1346 2251 eﬂicit
1361 2222 1487 2249 ntonades
1503 2222 1529 2252 9,
1548 2220 1630 2247 vincit
1644 2219 1793 2246 Patroclus.

169 2262 237 2287 εἰσιν
249 2261 270 2276 ⁵³
286 2261 398 2296 ἀριθμοὶ
422 2261 468 2287 δύο
485 2259 539 2288 οἷον
556 2262 704 2297 ἀμφότεροι
722 2261 810 2297 ἄρτιοι
832 2261 848 2297 ἢ
865 2261 953 2296 ἀμφό-

168 2315 242 2342 τεροι
254 2308 387 2342 περισσοὶ,
398 2308 412 2333 6
427 2307 547 2334 ἐλάσσων
559 2309 632 2344 νικᾷ.
646 2308 707 2340 [Ιῶς
718 2308 746 2334 δὲ
759 2310 772 2334 6
787 2309 953 2342 Σαρπηδὼν

170 2351 240 2378 κατὰ
253 2352 298 2379 τὺν
314 2353 464 2380 ἐννεαδικὺν
481 2353 504 2369 ⁸³
521 2355 593 2380 ποιεῖ
610 2354 726 2389 μονάδας
743 2354 805 2385 δύος
819 2354 953 2390 Παραλεί-

170 2407 250 2425 πεται
263 2399 286 2415 δ”
299 2399 352 2433 γὰρ
367 2400 397 2426 τὸ
416 2403 444 2426 ω’
461 2401 602 2435 στοιχεῖον·
619 2401 683 2427 ὅταν
697 2401 750 2436 γὰρ
798 2401 826 2427 ὲν
842 2402 954 2436 ὀνόματι

170 2446 300 2480 στοιχεῖον
312 2454 334 2471 ω
345 2446 391 2472 καὶ
403 2448 437 2480 η’,
448 2447 684 2481 παραλιμπάνουσι
698 2447 728 2473 τὸ
736 2447 764 2474 ω’
779 2449 819 2474 ἐνὶ
831 2449 954 2484 στοιχείῳ

169 2489 325 2524 χρώμενοι·
349 2489 518 2525 ἰσοδυναμεῖν
537 2491 591 2527 γὰρ
609 2491 718 2526 λέγουσι
739 2493 773 2519 τὰ
792 2494 935 2529 ἀμφότερα
948 2515 954 2527 ,

168 2536 209 2568 δὶς
222 2536 251 2564 δὲ
275 2536 306 2563 τὺ
329 2537 395 2564 αὐτὸ
412 2538 442 2564 οὐ
467 2537 633 2573 ψηφίζεται,
657 2538 694 2571 ὡς
711 2539 813 2566 ἄνωθεν
837 2541 955 2576 εἴρηται.

1005 2271 1071 2298 Nam
1089 2279 1149 2298 cum
1173 2274 1214 2298 est
1235 2270 1303 2296 alter
1318 2268 1414 2295 fundus
1429 2268 1527 2302 impar,
1544 2266 1612 2293 alter
1626 2269 1715 2292 autem
1734 2270 1794 2298 par,

1006 2318 1095 2352 impar
1107 2317 1200 2348 vincit,
1217 2316 1260 2342 ubi
1280 2314 1365 2348 major
1379 2317 1430 2341 est.
1448 2313 1552 2339 Rursus
1572 2316 1661 2337 autent
1678 2317 1738 2336 cutn
1754 2313 1794 2335 est

1005 2360 1160 2388 octonarius
1174 2367 1221 2393 par
1243 2363 1271 2386 et
1288 2357 1429 2392 quinarius
1446 2356 1542 2390 impar,
1557 2353 1711 2381 octonarius
1735 2352 1792 2377 vin-

1005 2407 1051 2437 cit.
1074 2407 1158 2440 major
1179 2406 1252 2433 enim
1276 2410 1328 2432 est.
1358 2404 1405 2431 Sin
1431 2410 1494 2430 vero
1521 2405 1585 2429 sunt
1609 2398 1714 2427 nttnteri
1742 2398 1795 2425 duo

1007 2453 1088 2480 veluti
1103 2457 1217 2486 uterque
1231 2451 1318 2485 itttpar
1336 2450 1378 2478 vel
1396 2454 1509 2483 uterque
1523 2455 1582 2482 par,
1604 2445 1717 2473 inferior
1730 2444 1791 2470 vin-

1007 2499 1053 2526 cit.
1085 2498 1134 2531 Qui
1161 2502 1249 2524 autem
1278 2495 1417 2530 Sarpedon
1449 2494 1594 2522 secundum
1621 2489 1794 2521 novenariatn

1009 2551 1131 2570 normant
1155 2541 1236 2569 ellicit
1261 2541 1390 2568 monades
1405 2541 1472 2568 duas
1486 2540 1497 2566 ?
1513 2538 1614 2573 Nempe
1627 2531 1761 2565 omittitur
1773 2543 1797 2561 ω

807 2627 924 2655 VARUE
943 2626 1143 2656 LECTIONES.

205 2711 224 2750 ξι
242 2710 332 2750 ὑιεέλω
343 2711 483 2750 Boepertts
510 2713 570 2740 coll.
583 2721 623 2750 κβ.
641 2714 691 2748 79,
707 2716 751 2746 5|,
769 2715 860 2750 ἀφελῶ
876 2717 907 2746 C.
923 2716 959 2745 ill.
998 2717 1019 2732 "
1032 2718 1135 2743 λοιπόν.
1161 2716 1271 2743 ἔλαττον
1287 2715 1319 2749 C,
1353 2715 1388 2743 Μ.
1426 2716 1449 2731 ³³
1473 2715 1503 2740 τὸ
1517 2714 1579 2750 add.
1597 2714 1620 2740 Μ
1632 2713 1697 2750 coll.
1717 2712 1734 2750 l3
1752 2712 1795 2750 ‘15};

171 2745 192 2780 "f
208 2745 327 2780 λειφθεὶς
339 2747 370 2779 C,
388 2746 424 2774 Μ.
461 2748 483 2763 ³⁸
499 2745 636 2780 συντεθεὶς
653 2749 685 2776 C.

741 2750 763 2766 ³⁸
777 2750 846 2778 Κάν.
864 2752 918 2778 Καὶ
934 2752 963 2783 C,
980 2751 1015 2778 Μ.

1068 2752 1088 2767 ³⁷
1103 2752 1167 2782 τοὺς
1192 2746 1387 2786 ἑϐδοματὶκοὺς
1406 2750 1436 2786 C,
1454 2750 1503 2786 Μη
1540 2749 1563 2786 ²ξ
1575 2749 1696 2786 ενξρίσκει
1774 2746 1796 2786 ξθ

171 2779 233 2821 [late
250 2781 327 2808 valde
336 2782 448 2821 ‘turhala
464 2788 535 2809 sunt.
547 2779 708 2821 _Ex__calculo
730 2785 816 2819 legant
834 2795 841 2813 :
860 2785 921 2813 υῗον
938 2779 968 2813 τί)
990 2787 1145 2821 Πάτροκλος
1157 2779 1296 2820 ’ὄνοματιὺ
1315 2794 1329 2812 ο
1345 2779 1385 2817 διξ
1398 2779 1472 2821 ἔχει·
1491 2779 1625 2821 ἅπαξ-οὗν
1641 2783 1671 2808 τδ
1685 2780 1795 2821 ρψῑιφί-

172 2814 245 2856 ἔρυξε
256 2823 263 2830 ·
279 2815 349 2856 κατὰ
360 2815 455 2856 τοῦτο,
465 2825 534 2856 κη-τ.
588 2818 623 2848 Μ,
637 2821 736 2856 anistc
751 2814 946 2856 Παπάτροκλος
960 2814 1062 2850 voluit?
1099 2822 1120 2838 ⁸⁰
1133 2814 1245 2856 μονάδες
1265 2821 1294 2849 (Σ.
1335 2821 1355 2836 ⁵⁸
1374 2814 1504 2856 Ὄίὶοίως-
1522 2814 1642 2854 59135.0-

172 2849 203 2882 C,
219 2849 254 2876 Μ.
293 2851 313 2866 ³³
324 2851 477 2877 ὲννεατικὺν
491 2853 519 2879 tl.
558 2853 579 2868 “
597 2854 812 2887 παραλείπονται
827 2849 857 2883 (ἒξ

1684 2817 1706 2831 δ’
1724 2814 1796 2850 ἦσαν
