1956 3079
85 134 158 169 3115

656 140 804 171 CONTRA
824 141 1006 174 H/ERESES
1025 146 1098 176 LIB.
1120 148 1168 178 IV.

1640 155 1709 188 3116

86 195 180 231 φησὶν,
198 193 320 230 μεγάλης
335 194 451 227 κτίσεως
465 195 496 222 σύ
501 195 609 231 μεολον,
619 196 688 232 πρὺς
701 198 733 232 ἢν
747 198 866 224 πλέουσιη

929 207 1089 235 sequuntur,
1100 207 1226 237 tanquam
1243 204 1360 231 volutant
1373 207 1517 240 quamdam
1535 209 1615 236 talcm
1631 218 1708 237 crea-

86 240 231 276 Ἕλληνες,
248 241 371 267 τουτέστι
386 242 454 276 προς
467 242 499 276 ἣν
513 242 687 269 παιδεύονται
704 244 750 270 καὶ
766 244 809 270 διὰ
823 244 876 271 τῶν

83 287 131 313 τοῦ
143 285 203 321 βίου
214 286 360 322 φερόμενοι
375 288 506 321 κυμάτων
529 288 769 318 ἐπακολουθοῦσιν,
784 291 877 325 ἐλίκην

83 331 144 358 τινὰ
164 330 248 358 οὖσαν
275 332 323 366 τὴν
343 332 471 367 τοιαύτην
497 333 586 360 κτίσιν
609 334 624 369 ἣ
652 334 827 362 διδασκαλίαν
860 336 875 370 ῆ

84 376 244 411 σοφίαν,εἰς
269 377 303 403 τὰ
327 377 414 403 ὀπίσω
437 378 557 411 ἄγουσαν
586 380 648 410 τοὺς
673 380 822 415 ἑπομένους
842 381 873 415 τῇ

82 420 196 457 τοιαύτῃ
213 422 428 457 κτίσει.Στροφὴ
449 423 502 457 γάρ
524 432 566 454 τις
580 424 630 458 τῆς
652 424 760 460 Ἑλίκης
789 433 874 460 προσ-

83 467 183 503 ηγορία
196 468 243 494 καὶ
260 468 445 500 ἀναγύκλωσις
464 470 510 495 ἐπὶ
523 470 546 486 ⁸³
562 470 595 496 τὰ
613 471 682 497 αὐτὰ
699 470 768 498 εἶναι
791 472 873 498 δοκεῖ.

82 513 177 548 Μικρὰ
194 513 221 540 δέ
235 522 276 544 τις
297 514 313 548 ἠ
338 514 418 548 ἑτέρα
437 514 554 550 ’Λρκτος
573 516 653 542 οἱονεί
671 525 713 548 τις
727 517 808 543 είκὼν
825 518 873 553 τῆς

82 559 214 594 δευτέρας
227 558 341 590 κτίσεως
358 560 406 594 τῆς
425 561 495 587 κατὰ
509 560 574 587 Θεὸν
593 562 749 596 κτισθείσης
760 571 766 577 ι
788 563 873 597 ὀλίγοι

81 604 145 639 γὰρ,
162 604 246 639 φησὶν
258 604 291 636 ’⁵,
310 605 378 630 είσῖν
398 605 421 631 οἱ
436 605 479 632 διὰ
493 607 541 641 τῆς
557 607 652 641 στενῆς
674 607 733 634 ὁδοῦ
759 609 872 643 πορευό-

81 658 158 684 μενοι
171 658 179 664 ·
195 650 322 684 στενὴνη
337 650 364 677 δὲ
383 651 508 684 λέγουσιν
529 650 598 679 εἶναι
611 654 659 688 τὴν
677 655 870 690 Κυνοσουρίδα,

79 695 149 730 πρὸς
165 695 198 731 ἦν
214 696 228 721 ὁ
245 696 361 731 ’Ἄρατός
376 704 458 731 φησιν
479 697 519 724 ὅτι
545 699 569 724 oi
587 699 698 726 Σιδόνιοι
716 701 871 728 ναυτίλλον-

78 749 123 767 ται
139 741 174 767 ⁸⁸.
208 741 342 772 Σιδονίους
366 742 394 768 δὲ
408 743 461 769 ἀπὸ
475 743 575 778 μέρους
595 743 707 779 εἴρηκεν
722 746 735 771 ό
755 746 871 780 ΙἈρατος

76 786 207 817 Φοίνικας
223 787 266 813 διὰ
285 787 316 813 τὸ
337 786 408 813 εἶναι
437 787 485 822 τὴν
511 789 641 815 Φοινίκων
658 790 752 825 σοφίαν
767 789 871 826 Θαυμα-

77 831 156 867 στὴν,
170 832 294 864 Φοίνικας
309 833 337 860 δὲ
352 830 422 859 εἶναι
434 833 566 869 Ἕλληνες
580 836 601 851 ³⁷
618 835 727 869 λέγουσι
743 837 805 868 τοὺς
816 837 870 863 ὁ.πό

74 877 129 912 τῆς
151 878 285 913 Ἐρυθρᾶς
297 879 433 914 θαλάσσης
445 881 659 915 κατοικήσαντας
669 881 708 911 είς
719 881 813 908 τοῦτον
825 882 869 908 τὸν

74 923 179 958 χῶρον,
196 920 226 949 οὗ
254 925 301 950 καὶ
317 924 364 951 νῦν
390 924 495 951 οἰκοῦσι
509 933 515 940 ·
529 925 609 952 τοῦτο
629 926 684 962 γὰρ
701 926 834 962 Ἡροδότῳ
846 927 868 946 ’⁸

73 968 161 995 δοκεῖ.
179 969 337 1004 Κυνόσουρα
350 970 386 1001 δὲ,
406 971 499 1006 φησὶν,
521 971 620 1006 αὖτηή
637 972 764 1007 Ἀρκτος,
781 973 797 1008 ἡ
812 973 869 999 κτί-

75 1023 120 1046 σις
143 1015 160 1050 ἡ
185 1015 309 1052 δευτέρα,
338 1017 354 1051 ἡ
381 1017 477 1052 μικρὰ,
497 1019 513 1052 ἡ
538 1018 617 1053 στενὴ
631 1019 700 1050 έδὸς,
716 1020 762 1045 καὶ
776 1020 836 1055 οὐχὶ
850 1022 866 1051 ὴ

81 1061 188 1097 Ἑλίκη.
202 1062 239 1088 Οὐ
262 1062 316 1097 γὰρ
344 1063 383 1094 εἰς
398 1063 431 1089 τὰ
446 1063 533 1090 ὀπίσω
549 1063 619 1098 ἄγει,
638 1065 695 1091 ἀλλ’
712 1066 752 1097 είς
768 1065 801 1092 τὰ
819 1066 869 1100 ἔμ-

75 1107 197 1141 προσθεν
207 1108 250 1133 ἐπ’
265 1108 372 1139 εὐθείας
389 1108 451 1140 τοὺς
472 1109 622 1143 ἑπομένους
640 1110 743 1145 ὁδηγεῖ,
754 1111 833 1142 κυνὸς
844 1112 867 1128 ⁹⁹

73 1152 153 1180 οὖσα.
171 1154 252 1180 Κύων
268 1154 322 1189 γὰρ
345 1155 359 1180 ὁ
383 1154 471 1188 λόγος,
497 1154 576 1181 τοῦτο
605 1155 654 1190 μὲν
678 1157 803 1191 φρουρῶν
821 1157 867 1182 καὶ

75 1200 222 1233 φυλάσσων
237 1200 268 1225 τὸ
294 1199 536 1234 ἐπιϐουλευόμενον
559 1201 610 1227 ὑπὸ
631 1201 684 1227 τῶν
708 1201 796 1228 λύκων
808 1201 868 1228 ποί-

76 1253 166 1279 μνιον,
181 1243 260 1270 τοῦτο
275 1244 303 1270 δὲ
321 1244 375 1271 ἀπὸ
394 1243 575 1279 τῆςκτίσεως
594 1245 627 1272 τὰ
643 1245 724 1281 θηρία
740 1246 867 1280 κυνηγῶν

75 1290 123 1316 καὶ
139 1290 317 1325 διαφθείρων,
342 1290 422 1316 τοῦτο
437 1290 465 1316 δὲ
487 1290 590 1325 γεννῶν
607 1291 640 1317 τὰ
661 1291 760 1323 πάντα,
777 1291 834 1323 καὶ,
853 1291 867 1317 ὃ

74 1336 107 1371 δή
122 1343 199 1370 φησι,
215 1336 298 1367 κύων,
324 1336 447 1362 τουτέστι
461 1336 572 1370 γεννῶν.
598 1336 747 1368 Ἐντεῦθεν,
774 1338 865 1373 φησὶν⁷

73 1382 89 1407 ὁ
106 1381 138 1407 Ἀ
145 1389 226 1416 ρατος
242 1381 306 1416 περὶ
317 1381 367 1416 τῆς
379 1381 425 1407 τοῦ
443 1381 529 1413 Κυνὸς
545 1382 674 1416 ἀνατολῆς
687 1381 773 1414 λέγων
789 1382 866 1417 εἴρη-

74 1435 122 1453 κεν
137 1426 224 1457 οὕτως
237 1434 244 1440 ·
258 1427 356 1459 Κυνὸς
369 1426 402 1453 δὲ
421 1427 638 1459 ἀνατείλαντος
659 1427 758 1454 οὐκέτι
776 1436 867 1461 φυτα-

74 1473 156 1500 .ἶιιιί¹
173 1473 354 1506 ἐψεύσαντο.
382 1472 468 1499 Τοῦτό
495 1474 568 1499 ἐστιν
589 1473 602 1499 ὃ
629 1473 722 1506 λέγει’
746 1473 786 1499 Τὰ
817 1482 867 1507 cpu-

74 1519 208 1554 τευόμενα
226 1519 297 1553 φυτὰ
318 1520 359 1550 είς
379 1518 429 1553 τὴν
458 1519 510 1553 γῆν
536 1519 615 1554 μέχρι
637 1520 685 1553 τῆς
708 1518 755 1545 τοῦ
776 1518 864 1549 Κυνὸς
877 1533 898 1562 c

74 1562 210 1596 ἀνατολῆς
236 1563 366 1593 πολλάκις
383 1563 419 1598 μὴ
439 1563 650 1599 ριζοὸολήσαντα
668 1563 742 1597 ὅμως
766 1563 862 1597 τέθηλε

74 1608 195 1641 φύλλοις,
221 1608 267 1634 καὶ
293 1608 457 1635 ἐνδείκνυται
481 1610 536 1640 τοῖς
555 1608 698 1643 βλέπουσιν
722 1608 763 1634 ὅτι
789 1608 864 1635 ἔσται

72 1653 226 1688 τελεσφόρα
239 1654 285 1680 καὶ
298 1654 420 1687 φαίνεται
437 1653 536 1685 ζῶντα,
553 1654 601 1679 οὐκ
612 1654 707 1688 ἔχοντα
723 1652 795 1688 ζωὴν
810 1653 864 1680 ἀπὸ

72 1699 124 1734 τῆς
143 1700 222 1735 ῥίζης
234 1700 263 1725 ὲν
276 1699 384 1730 αὐτοῖς·
399 1699 508 1726 ἐπειδὰν
528 1699 548 1725 δ’
599 1700 608 1715 ²
622 1699 668 1725 τοῦ
686 1699 774 1730 Κυνὸς
797 1699 864 1726 ἀνα-

72 1743 138 1779 τολὴ
146 1745 270 1778 γένηται,
286 1743 338 1770 ὑπὸ
349 1743 395 1770 τοῦ
413 1743 499 1775 Κυνὸς
518 1743 553 1769 τὰ
573 1743 662 1775 ζῶντα
680 1742 733 1769 ἀπὸ
751 1743 804 1769 τῶν
820 1751 863 1769 νε-

73 1789 149 1825 κρῶν
171 1789 354 1824 διακρίνεται·
387 1789 549 1825 μαραίνεται
574 1789 628 1824 γὰρ
642 1788 726 1819 ὅντως
744 1789 794 1814 ὅσα
813 1789 863 1815 οὑκ

73 1834 294 1871 ἑρῤιξοϐόλησεν.
309 1833 392 1866 Οὗτος
407 1834 465 1866 οὖν,
479 1834 569 1869 φησὶν,
591 1835 605 1860 ὁ
621 1833 712 1863 Κύων.
729 1833 807 1867 λόγος
821 1842 863 1865 τις

72 1879 111 1906 ὣν
142 1880 223 1913 θεῖος,
249 1880 358 1912 ζώντων
381 1880 419 1916 [ρ.
437 1880 480 1912 86,
497 1879 542 1916 87]
569 1880 616 1906 καὶ
646 1879 749 1915 νεκρῶν
768 1879 863 1914 κριτὴς

72 1925 239 1960 καθέστηκε,
260 1925 320 1960 [καὶ
335 1925 356 1961 ³]
369 1926 493 1961 καθάπερ
506 1926 560 1952 τῶν
583 1925 674 1960 φυτῶν
686 1926 697 1941 ⁵
711 1925 725 1951 ὁ
739 1924 820 1950 Κύων
832 1924 863 1950 τὸ

72 1971 175 2006 ἄστρον
188 1972 235 1997 ἐπὶ
248 1972 297 2006 τῆς
320 1972 434 2003 κτίσεως
458 1971 612 2006 θεωρεῖται,
631 1971 718 2002 οὕτως
740 1970 787 1997 ἐπὶ
806 1970 862 1997 τῶν

70 2017 206 2052 οὐρανίων
226 2017 328 2052 φυτῶν,
352 2018 428 2052 φησι,
438 2017 491 2044 τῶν
503 2017 667 2052 ἀνθρώπων,
683 2018 697 2043 ὁ
712 2016 799 2050 λόγος.
813 2015 862 2042 Διά

71 2062 122 2096 τὴν
129 2062 258 2097 τοιαύτην
270 2061 316 2089 οὖν
329 2063 418 2089 αἰτίαν
429 2064 445 2098 ἡ
455 2063 569 2098 δευτέρα
580 2061 679 2093 κτίσις,
691 2061 860 2095 Κυνόσουρα,

71 2107 186 2143 λογικῆς
207 2109 322 2140 κτίσεως
340 2108 422 2135 εἰκὼν
442 2109 558 2143 ἕστηκεν
582 2109 611 2134 ὲν
627 2107 733 2144 οὐρανῷ
749 2115 758 2122 ·
780 2107 860 2142 μέσος

71 2152 102 2179 δὲ
116 2154 131 2179 ό
145 2153 258 2188 Δράκων
272 2155 327 2180 τῶν
342 2154 389 2180 δύο
414 2154 529 2180 κτίσεων
552 2153 732 2185 ὑποτείνει-αι,
755 2153 789 2179 τὰ
806 2153 860 2180 ἀπὺ

929 252 1014 273 turam
1037 249 1077 274 vel
1100 249 1266 283 disciplinam
1284 251 1324 276 vel
1345 252 1503 285 sapientiam
1521 259 1594 282 retro
1609 256 1710 283 ducen-

930 298 983 320 tum
1010 301 1057 320 eos
1079 295 1124 328 qui
1150 301 1299 330 sequuntur
1322 297 1400 324 talem
1426 303 1589 327 creaturam.
1615 301 1709 329 Versio

925 339 996 365 enim
1016 340 1138 373 qumdam
1156 341 1253 368 llelica:
1267 343 1410 376 appellatio
1423 349 1450 371 et
1468 345 1598 373 revolutio
1615 348 1648 373 ad
1662 355 1707 374 ea-

925 381 986 408 dem
1007 392 1067 410 esse
1093 385 1209 412 videtur.
1230 385 1331 419 Exigua
1357 393 1446 414 autem
1474 390 1596 422 quzcdam
1623 391 1706 418 altera

927 427 994 455 Ursa
1025 433 1154 464 tanquam
1173 432 1260 466 imago
1284 433 1403 466 qumdam
1428 433 1538 461 alterius
1562 436 1706 464 creationis

924 475 1070 501 secundum
1090 475 1172 502 Deum
1187 478 1311 504 conditae.
1325 477 1404 505 l’auci
1429 479 1511 513 enim,
1526 481 1622 515 inquit,
1634 488 1705 513 sunt.

924 522 969 554 qtti
991 529 1038 556 per
1062 527 1204 556 angustum
1231 524 1365 550 tramitem
1392 525 1529 552 incedunt.
1556 526 1704 560 Angustam

924 572 1012 594 autem
1034 568 1127 595 dicunt
1145 576 1202 596 esse
1223 569 1429 604 Cynosuridem.
1453 573 1487 598 ad
1503 580 1582 605 quam
1606 575 1705 601 Aratus

924 612 1048 640 Sidonios
1064 614 1102 640 ait
1117 615 1313 650 navigationem
1333 615 1485 644 instituere.
1509 618 1634 646 Sidonios
1657 626 1705 645 au-

923 660 975 684 tent
990 665 1020 684 ex
1035 663 1110 692 parte
1123 659 1222 686 Aratus
1233 659 1299 686 dixit
1315 660 1466 693 l’hmniCcs,
1483 667 1622 696 propterea
1634 665 1704 697 quod

923 703 1081 731 Pltmnicum
1100 705 1231 739 sapientia
1253 706 1420 733 admirabilis
1435 713 1486 734 cst.
1506 707 1645 736 Pbceuiccs
1657 717 1705 736 au-

924 755 976 778 tem
992 758 1052 777 esse
1066 750 1151 778 Grazci
1165 751 1256 778 dicunt
1274 759 1331 782 eos.
1346 753 1391 787 qui
1410 753 1443 779 ab
1465 753 1556 781 Rubro
1573 756 1640 781 mari
1661 763 1704 782 se-

922 795 967 822 des
984 795 1176 822 transtulerunt
1198 797 1223 822 in
1239 803 1300 822 eum
1325 797 1423 830 loctnu,
1436 805 1514 831 quem
1531 799 1612 826 etiam
1632 807 1703 826 nunc

922 839 1093 872 inhabitant;
1123 841 1175 867 hoc
1200 841 1270 867 enim
1294 840 1427 868 Herodoto
1446 843 1544 876 placet.
1564 844 1702 878 Cynosura

921 891 1022 919 autem,
1042 887 1139 920 inquit.
1153 887 1209 913 ltzrc
1224 886 1303 918 Ursa,
1319 893 1443 914 creatura
1466 890 1594 922 secunda,
1609 897 1703 925 parva.

922 935 1052 964 angustus
1069 935 1178 960 trames.
1197 935 1224 957 et
1242 939 1292 957 non
1309 930 1410 958 llelica.
1437 931 1494 958 Non
1512 933 1583 960 enim
1601 938 1704 960 retror-

921 981 979 1001 sum
996 974 1079 1004 ducit.
1096 975 1142 1001 sed
1157 982 1267 1008 prorsus
1281 980 1353 1002 recta
1369 977 1410 1003 via
1429 984 1476 1004 eos
1494 979 1539 1011 qui
1554 985 1704 1013 sequuntur

920 1020 1086 1053 mauuducit,
1101 1020 1198 1054 quippe
1209 1029 1269 1055 quae
1283 1022 1318 1047 sit
1332 1022 1423 1054 κυνός.
1440 1023 1522 1049 Κύων
1538 1024 1609 1050 enim
1627 1025 1704 1059 logos

920 1070 970 1097 est,
986 1066 1083 1100 partim
1099 1066 1252 1094 custodiens
1268 1072 1295 1093 et
1310 1074 1422 1094 servans
1441 1076 1559 1102 gregem.
1577 1070 1620 1097 cui
1637 1071 1703 1097 insi-

919 1110 1028 1137 diantur
1041 1110 1106 1144 lupi.
1124 1113 1220 1145 partim
1234 1119 1247 1137 a
1260 1117 1381 1139 creatura
1397 1112 1499 1140 belluas
1515 1118 1641 1148 tanquam
1657 1124 1703 1142 ca-

919 1156 961 1181 nis
975 1162 1077 1182 venans
1092 1161 1118 1182 et
1134 1156 1320 1189 pessumdans,
1342 1157 1438 1190 partim
1458 1165 1591 1192 generans
1605 1165 1701 1186 cuncta

918 1204 957 1232 et,
991 1199 1063 1234 quod
1088 1201 1172 1233 aiunt,
1198 1200 1281 1232 κύων,
1312 1201 1364 1227 boc
1387 1206 1429 1228 cst
1454 1209 1595 1235 generatis.
1621 1202 1700 1235 Hinc,

918 1246 1004 1277 aiunt,
1023 1246 1120 1272 Aratus
1137 1247 1170 1272 de
1183 1250 1242 1272 ortu
1259 1245 1342 1273 Canis
1364 1246 1475 1280 loquens
1496 1246 1563 1273 dixit
1578 1247 1629 1274 ltoc
1644 1255 1701 1275 mo-

918 1292 952 1317 do
970 1299 976 1318 :
998 1290 1066 1318 Cane
1075 1296 1159 1317 autem
1169 1298 1225 1318 orta
1241 1299 1292 1317 non
1302 1294 1359 1326 jam
1378 1296 1474 1326 segetes
1494 1293 1608 1319 memilu:
1627 1299 1699 1320 sunt.

918 1335 973 1362 lloc
987 1341 1027 1362 cst
1042 1336 1112 1370 quod
1127 1336 1164 1361 ait
1182 1345 1188 1361 :
1204 1336 1307 1362 semina
1324 1337 1443 1370 conjecta
1459 1337 1485 1363 in
1502 1341 1601 1363 terram
1615 1345 1700 1372 usque

917 1381 950 1408 ad
971 1381 1052 1408 Canis
1072 1385 1159 1407 ortum
1186 1389 1268 1414 stupe,
1294 1389 1354 1408 cum
1380 1382 1482 1408 radices
1499 1390 1551 1408 non
1575 1387 1698 1417 egerunt,

919 1431 1007 1452 tamen
1023 1425 1197 1452 efﬂoruerunt
1213 1425 1285 1452 foliis
1299 1431 1325 1452 et
1347 1426 1521 1453 manifestam
1544 1426 1698 1460 inspectan-

918 1471 989 1497 tibus
1009 1477 1039 1498 se
1064 1471 1121 1497 fore
1139 1471 1274 1497 fructuosa
1292 1475 1318 1496 et
1343 1475 1473 1505 apparent
1497 1472 1625 1506 vigentia,
1646 1480 1698 1498 non

916 1517 1044 1543 habentia
1062 1516 1143 1542 vitam
1161 1523 1175 1542 a
1192 1517 1280 1542 radice
1296 1518 1322 1542 ln
1347 1515 1430 1550 ipsis;
1449 1517 1492 1543 ubi
1512 1521 1600 1543 autem
1619 1516 1698 1544 Canis

917 1566 992 1588 ortus
1007 1562 1070 1594 erit,
1087 1569 1100 1587 a
1113 1561 1186 1587 Cane
1201 1569 1260 1595 qua:
1276 1561 1368 1588 vivunt
1381 1570 1394 1587 a
1411 1562 1524 1588 mortuis
1541 1562 1698 1589 discernth

916 1612 974 1640 tur;
990 1611 1119 1633 arescunt
1134 1607 1206 1633 enim
1221 1613 1314 1634 revera
1328 1614 1496 1641 quaecunque
1518 1607 1622 1634 radices
1643 1616 1696 1634 non

914 1657 1038 1688 egerunt.
1056 1652 1104 1680 llic
1127 1652 1220 1686 igitur,
1239 1652 1338 1687 inquit,
1353 1652 1434 1678 Canis
1457 1659 1518 1678 cum
1538 1652 1612 1686 logos
1636 1653 1697 1686 qni-

914 1700 975 1726 dam
1004 1699 1038 1725 sit
1062 1699 1180 1730 divinus.
1213 1698 1335 1725 vivorum
1366 1702 1393 1724 et
1423 1702 1589 1724 mortttortnu
1613 1696 1696 1731 judcx

916 1745 1089 1779 122-123
1105 1744 1220 1776 exstitit,
1236 1749 1262 1770 et
1280 1743 1359 1770 sicuti
1384 1743 1535 1778 plantarum
1560 1742 1643 1769 Cattis
1660 1744 1696 1769 si-

914 1791 962 1817 dus
987 1790 1013 1816 in
1037 1795 1162 1816 creatura
1185 1796 1246 1815 sese
1264 1788 1385 1819 exhibet,
1417 1787 1457 1813 ita
1489 1787 1516 1813 in
1541 1786 1696 1813 coalestibus

914 1835 1022 1869 plantis,
1049 1834 1146 1868 inquit,
1181 1833 1345 1863 hominibus,
1374 1832 1460 1866 logus.
1486 1831 1601 1865 Propter
1628 1831 1697 1858 banc

914 1881 995 1915 igitur
1014 1887 1123 1906 causam
1149 1879 1233 1905 altera
1263 1883 1397 1910 creatura,
1419 1877 1577 1913 Cynosura,
1603 1877 1696 1912 logica:

913 1930 1045 1952 creaturae
1074 1925 1162 1957 imago
1178 1924 1302 1951 constitit
1329 1924 1356 1950 in
1379 1923 1458 1949 cudo.
1475 1923 1578 1949 Medius
1606 1927 1695 1948 autem

914 1971 999 1997 Draco
1015 1970 1085 1997 inter
1101 1970 1193 1996 ambas
1216 1974 1355 1996 creaturas
1377 1967 1557 1998 subtenditur,
1578 1973 1620 1999 ea,
1635 1974 1696 2000 qum

912 2020 975 2044 sunt
990 2023 1094 2050 magna:
1110 2019 1255 2047 creaturae,
1269 2015 1416 2048 impediens
1432 2013 1457 2039 in
1477 2013 1601 2047 exiguam
1619 2019 1695 2038 crea-

912 2066 998 2089 turam
1016 2061 1219 2093 lransmigrare,
1242 2067 1339 2093 eaque,
1357 2067 1416 2094 quo:
1440 2059 1467 2085 itt
1489 2063 1612 2085 creatura
1630 2064 1695 2084 con-

910 2109 1048 2138 stiterunt,
1062 2106 1143 2133 veluti
1164 2113 1236 2137 eutn,
1253 2105 1299 2140 qui
1328 2109 1369 2132 est
1395 2104 1421 2131 in
1447 2104 1579 2139 genubus,
1601 2108 1693 2130 custo-

911 2154 999 2186 diens,
1015 2153 1162 2180 observans
1175 2170 1182 2183 ,
1200 2151 1334 2184 qu0modo
1352 2155 1379 2177 et
1393 2150 1617 2183 quemadmodum
1636 2149 1693 2176 sin-

71 2197 123 2233 τῆς
141 2198 262 2234 μεγάλης
276 2199 390 2230 κτίσεως
405 2199 517 2226 κωλύων
531 2199 577 2226 ἐπὶ
593 2199 642 2232 τὴν
658 2199 758 2234 μικρὰν
772 2199 860 2226 κτίσιν

918 2199 974 2234 gula
1003 2198 1030 2225 in
1052 2197 1147 2232 exigua
1170 2201 1295 2223 creatura
1320 2196 1503 2223 constiterint.
1529 2194 1694 2222 Observatur

73 2243 226 2278 μετελθεῖν,
240 2244 274 2271 τά
285 2252 314 2270 τε
329 2245 356 2270 ἐν
366 2246 399 2280 τῇ
416 2245 503 2271 κτίσει
518 2245 717 2280 καθεστηκότα,
734 2245 861 2282 καθάπερ

70 2289 119 2316 τὸν
148 2290 193 2315 Ἐν
213 2289 320 2324 γόνασι,
343 2290 564 2326 παραφυλάσσων
585 2291 608 2322 ⁵,
625 2290 717 2325 τηρῶν
739 2291 794 2322 πῶς
815 2291 861 2317 καὶ

70 2334 134 2361 τίνα
148 2334 248 2366 τρόπον
263 2335 379 2361 ἕκαστον
391 2336 419 2361 ἐν
435 2337 467 2370 τῇ
485 2336 571 2370 μικρᾷ
592 2335 679 2362 κτίσει
695 2335 858 2370 καθέστηκε.

71 2379 204 2414 Τηρεῖται
214 2379 242 2406 δὲ
253 2380 301 2406 καὶ
315 2380 398 2411 αὐτὸς
408 2380 480 2406 κατὰ
493 2380 540 2414 τὴν
558 2379 689 2414 κεφαλὴν,
704 2380 795 2414 φησὶν,
808 2379 860 2405 ὑπὸ

72 2424 119 2450 τοῦ
141 2425 293 2459 Ὁφιούχου.
319 2425 404 2460 Αὕτη,
435 2426 527 2460 φησὶν,
557 2425 637 2452 εἰκὼν
661 2426 670 2441 ⁶
689 2425 803 2460 ἕστηκεν
830 2426 859 2452 ἐν

72 2469 191 2506 οὐρανῷ,
208 2471 290 2505 σοφία
318 2479 359 2502 τις
372 2469 439 2497 οὖσα
459 2473 513 2502 τοῖς
526 2472 535 2486 ¹¹
556 2472 619 2497 ἰδεῖν
633 2471 802 2506 δυναμένοις.
825 2471 858 2497 El

915 2247 1003 2269 autem
1027 2245 1054 2268 et.
1072 2241 1128 2275 ipse
1148 2241 1180 2268 ad
1198 2245 1288 2273 caput,
1311 2239 1407 2274 inquit,
1432 2240 1465 2266 ab
1484 2239 1691 2275 Anguiteneute.

913 2287 988 2319 llaec.
1014 2287 1111 2321 inquit,
1130 2287 1218 2321 imago
1245 2285 1368 2312 constitit
1395 2285 1422 2311 in
1449 2284 1529 2317 caelo,
1555 2285 1688 2319 sapientia

912 2333 1035 2366 quaedam
1055 2332 1099 2365 iis,
1115 2332 1160 2366 qui
1175 2332 1268 2358 videre
1282 2335 1403 2365 possunt.
1429 2329 1476 2357 Sin
1492 2330 1525 2357 ab
1542 2330 1593 2357 hac
1617 2335 1694 2363 parte

911 2380 1057 2406 obscurum
1072 2383 1125 2411 est,
1150 2386 1197 2412 per
1218 2378 1311 2410 aliam.
1337 2377 1435 2412 inquit,
1451 2377 1594 2411 imaginem
1612 2384 1693 2403 crea-

912 2429 971 2450 tura
995 2423 1072 2450 decel
1102 2422 1299 2457 philosophari,
1326 2422 1358 2449 de
1379 2430 1431 2456 qua
1455 2423 1554 2448 Aratus
1571 2420 1639 2447 dixit
1665 2420 1692 2447 in

910 2471 982 2497 ltuuc
995 2469 1102 2496 modum
1121 2477 1129 2496 :

707 2547 824 2575 VABIAZ
847 2546 1053 2575 LECTIONES.

108 2615 132 2631 ”
144 2615 207 2642 ἐπεὶ
222 2616 256 2642 τὰ
270 2616 300 2643 C.
339 2616 360 2632 "
371 2615 412 2643 Cf.
429 2615 520 2642 Malllt.
537 2624 582 2646 vtt,
600 2616 630 2641 Η
646 2624 651 2641 ι
671 2615 703 2641 Τί
719 2615 799 2649 στενὴ
815 2614 842 2676 Ri]

108 2650 122 2676 ,ἱ
140 2650 227 2676 ὀλίγοι
251 2651 320 2676 εἰσὶν
333 2651 358 2676 οἱ
379 2651 550 2676 εὑρίσκοντες
568 2651 663 2676 αὐτήν.
703 2650 725 2666 ⁸³⁵
740 2658 817 2676 στενο

74 2650 122 2686 καὶ
140 2650 227 2684 ὀλίγοι
251 2651 320 2676 εἰσὶν
333 2651 358 2676 οἱ
379 2651 550 2686 εὑρίσκοντες
568 2651 663 2686 αὐτήν,
703 2650 725 2666 ⁸³⁵
740 2658 817 2676 στενο

72 2685 219 2721 τίλλονται.
243 2719 253 2721 Α
268 2686 290 2701 ’⁷
305 2685 438 2721 Ἕλληνας
448 2686 478 2712 C.

855 2615 943 2658 πύληλ
956 2616 1005 2658 καὶ
1023 2615 1189 2658 τεθλιμμέγη
1205 2615 1293 2658 ἡηόξδς
1340 2615 1534 2658 ἐπέχουσαείς
1548 2615 1596 2651 τὴν
1609 2615 1692 2651 ζωὴν,

533 2660 550 2682 ης
568 2651 663 2686 αὐτήν.
703 2651 725 2666 ⁸³⁵
740 2651 829 2676 στενοὶ¹
843 2651 873 2677 C.
922 2652 944 2666 "
955 2651 996 2677 Cf.
1018 2651 1092 2678 Arat.
1108 2659 1132 2676 ν.
1151 2651 1205 2676 -Ηι
1225 2651 1263 2684 Τῇ
1282 2651 1330 2676 καὶ
1345 2651 1456 2676 Σιδόνιοι
1480 2651 1606 2677 ἰθύντατα
1630 2659 1691 2677 ναυ-

533 2686 557 2702 ⁹⁸
578 2685 721 2720 Ἠρωδότῳ
740 2693 810 2711 corr.
830 2685 868 2716 C,
891 2686 925 2711 cl'.
952 2685 1080 2711 Herodot.
1101 2685 1170 2711 Hist.
1191 2685 1217 2714 l.
1237 2685 1247 2711 1
1265 2684 1299 2711 Μ.
1338 2685 1361 2720 ⁹Ῠ
1378 2685 1467 2720 κυνός.
1491 2686 1579 2717 κτίσις
1601 2685 1632 2714 C.
1655 2687 1691 2714 ill.

922 2652 944 2666 "
955 2651 996 2677 Cf.
1018 2650 1092 2678 Arat.
1108 2659 1132 2676 ν.
1151 2650 1205 2676 -Ηι
1225 2650 1263 2684 Τῇ
1282 2650 1330 2676 καὶ
1345 2650 1456 2676 Σιδόνιοι
1480 2650 1606 2677 ἰθύντατα
1630 2650 1693 2677 ναυ-

74 2719 220 2752 ¹φιλαίτιαι
236 2719 267 2750 C,
282 2720 356 2746 Arat.
375 2719 399 2747 ν.
416 2721 468 2747 53%
480 2728 539 2755 sqq.
559 2729 565 2746 :
579 2719 676 2746 Οὐκέτι
692 2721 778 2746 κεῖνον
792 2720 841 2754 (sc.
854 2720 968 2755 Σείριον)
983 2721 1030 2755 ἅμ’
1041 2720 1123 2754 ἠελίῳ
1136 2719 1244 2746 ἀνιόντα
1259 2720 1264 2753 |
1280 2719 1408 2745 Φυταλιαὶ
1422 2719 1563 2754 ψεύδονται
1578 2720 1692 2747 ἁναλδὲα

72 2754 238 2788 φυλλιόωσαι
249 2763 256 2770 ·
273 2755 279 2787 Ι
300 2755 373 2782 Ῥεῖα

73 2789 169 2817 πάντα.
208 2791 219 2805 ¹
231 2790 255 2815 δ’
271 2791 299 2824 ἠ.
322 2791 351 2817 δὲ
364 2791 394 2818 (1.
433 2789 443 2806 ³
459 2791 506 2817 καὶ
530 2789 591 2816 add.
606 2790 641 2816 Μ.

396 2755 450 2806 γὰρ
465 2754 511 2782 οὖν
523 2754 623 2790 Ἐκρινε
645 2754 689 2781 διὰ
716 2755 809 2789 στίχας
835 2754 905 2786 ὀξὺς
918 2755 1005 2787 ἀίξας,
1023 2755 1028 2787 |
1045 2755 1099 2781 Καὶ
1118 2755 1152 2796 τα
1170 2755 1219 2789 μὲν
1245 2754 1374 2790 ἔρρωσεν,
1393 2754 1447 2780 τῶν
1464 2755 1491 2780 δὲ
1507 2755 1586 2788 φλόον
1607 2754 1691 2781 ὤλεσε

459 2791 506 2817 καὶ
530 2791 591 2816 add.
606 2790 641 2816 M.
680 2789 690 2805 ⁸
705 2789 735 2815 τὺ
755 2790 837 2824 φυτὸν
855 2790 886 2821 C,
903 2789 938 2816 Μ.
977 2791 987 2805 ⁵
1003 2789 1224 2822 παραφυλασσων
1245 2790 1399 2824 Ιίυεριτιιε,
1420 2789 1642 2824 παραφυλάσσειν
1658 2789 1689 2822 C,

977 2791 987 2805 ⁵
1003 2789 1224 2822 παραφυλάσσων
1245 2789 1399 2824 Ιίυεριτιιε,
1420 2789 1642 2824 παραφυλάσσειν
1658 2789 1689 2822 C,

71 2824 281 2861 παραφυλάσσει
295 2825 328 2853 Μ.
365 2826 375 2842 ⁸
390 2825 418 2853 In
432 2825 452 2853 C
472 2833 522 2853 vox
537 2824 618 2852 εἰκών
634 2824 739 2851 videtur
750 2832 827 2851 erasa
844 2824 878 2852 Μ.
913 2825 921 2839 ⁷
939 2826 1004 2856 τοῖς.
1022 2825 1066 2851 τοῦ
1079 2825 1110 2852 (1.
