1956 3079
89 132 166 167 3123

152 290 308 348 ΤΟΥ
344 291 554 347 ΚΑΤΑ
593 291 851 348 ΠΑΣΩΝ

659 134 805 165 CONTRA
825 135 1006 165 HERESES
1026 136 1097 165 LIB.
1116 137 1147 165 Υ.

1656 141 1721 173 3126

888 291 1257 349 ΑΙΡΕΣΕΩΝ
1293 290 1652 353 ΕΛΕΓΧΟΥ

754 400 974 445 ΒΙΒΛΙΟΝ
1010 398 1066 444 E'.

255 579 786 639 BEFUTATIONIS
835 581 1119 641 OMNIUM
1173 583 1562 641 H/ERESIUM

652 701 834 746 LIBER
870 702 1156 755 QUINTUS.

121 870 158 894 α’.
179 866 220 904 [p.
244 867 290 895 93.
311 866 356 905 94]
377 868 448 895 Τάδε
469 867 574 896 ἔνεστιν
592 869 621 896 ὲν
637 871 670 906 τῇ
697 870 810 908 πέμπτῃ
826 872 873 899 τοῦ

83 913 160 940 κατὰ
175 913 271 940 πασῶν
286 914 419 949 αἱρέσεων
433 914 546 950 ἐλέγχου
558 923 565 931 ·

123 959 160 994 β’.
175 959 244 987 Τίνα
259 961 282 987 οἱ
300 961 458 996 Ναασσηνοὶ
474 961 499 977 ¹⁰
513 961 638 996 λέγουσιν
649 963 672 989 οἱ
689 962 802 995 ἑαυτοὺς
812 972 879 998 γνω-

84 1005 198 1037 στικοὺς
214 1005 429 1040 ἀποκαλοῦντες,
442 1007 490 1034 καὶ
503 1007 544 1034 ὅτι
564 1008 654 1034 ἐκεῖνα
668 1007 878 1043 δογματίζουσιν

82 1051 101 1078 ει
120 1051 255 1087 πρότερον
267 1053 292 1078 οἱ
311 1052 446 1088 Ἑλλήνων
468 1053 609 1088 φιλόσοφοι
627 1054 810 1089 ὲδογμάτισαν
825 1055 874 1082 καὶ

82 1097 110 1123 οἱ
124 1097 147 1112 ⁸¹
162 1098 197 1123 τὰ
220 1098 341 1132 μυστικὰ
356 1099 535 1133 παραδόντες,
556 1099 602 1133 ἀφ’
624 1095 662 1126 ὧν
686 1100 736 1132 τὰς
749 1100 878 1136 ἀφορμὰς

82 1140 216 1172 λαϐόντες
226 1142 347 1176 αἱρέσεις
367 1143 580 1178 συνεστήσαντο.

120 1186 156 1220 γ’.
169 1187 225 1215 Καὶ
235 1187 296 1214 τινα
306 1188 340 1214 τὰ
351 1189 409 1221 τοῖς
420 1189 554 1224 Περάταις
567 1189 708 1223 δοκοῦντα,
723 1189 771 1216 καὶ
784 1189 825 1216 ὅτι
839 1190 877 1226 μὴ

83 1232 139 1259 ἀπὸ
156 1233 212 1260 τῶν
227 1234 312 1268 ἁγίων
325 1235 442 1271 Γραφῶν
453 1236 484 1262 τὸ
498 1236 586 1271 δόγμα
600 1236 691 1268 αὐτοῖς
708 1236 876 1270 συνίσταται,

83 1279 155 1306 ἀλλὰ
169 1280 223 1306 ἀπὸ
236 1281 444 1317 ἀστρολογικῆς.

119 1324 153 1354 δ’.
176 1327 225 1358 Τίς
246 1327 260 1353 ό
279 1327 351 1354 κατὰ
369 1328 434 1360 τοὺς
454 1327 604 1363 Σηθιανοὺς
626 1329 648 1344 ⁸⁸
665 1328 762 1363 λόγος,
777 1329 824 1356 καὶ
836 1329 877 1355 ὃτι

82 1373 140 1400 ἀπὸ
150 1375 206 1401 τῶν
224 1374 285 1401 καθ’
295 1374 320 1390 ’³
336 1374 472 1409 Ἕλληνας
485 1374 574 1408 σοφῶν
593 1374 841 1410 κλεψιλογήσαντες
854 1374 878 1391 ⁸⁸

83 1420 226 1447 Μουσαίου
240 1421 264 1436 ³⁵
273 1421 321 1447 καὶ
337 1420 417 1446 Λίνου
427 1420 474 1446 καὶ
494 1420 614 1456 Ὀρφέως
625 1420 655 1447 τὸ
666 1420 756 1456 δόγμα
771 1420 877 1447 ἑαυτῶν

84 1467 301 1494 σὐνεκάττυσαν.

120 1512 152 1539 ε’.
174 1512 242 1539 Τίνα
265 1512 300 1539 τὰ
326 1512 462 1547 Ἰουστίνῳ
483 1512 614 1538 δοκοῦντα
626 1532 633 1544 ,
649 1512 695 1538 καὶ
714 1512 754 1538 ὅτι
771 1512 808 1548 μὴ
824 1511 877 1539 ἀπὸ

82 1558 141 1584 τῶν
168 1559 254 1593 ἁγίων
276 1558 392 1594 Γραφῶν
410 1558 441 1584 τὸ
464 1557 553 1593 δόγμα
573 1557 647 1593 αὐτῷ
663 1558 686 1573 ⁵⁸
707 1558 875 1590 συνίσταται,

82 1603 143 1630 ἀλλ’
156 1605 188 1631 ἐκ
208 1605 262 1631 τῶν
281 1604 423 1640 Ἡροδότου
442 1604 463 1620 ⁵⁷
480 1604 526 1631 τοῦ
559 1603 774 1640 ἱστοριογράφου
797 1611 877 1639 τερα-

84 1650 231 1684 τολογιῶν.
257 1650 263 1685 |

121 1694 160 1728 ς’.
178 1695 253 1722 Πάνυ
269 1696 375 1730 νομίζω
393 1695 594 1730 πεπονημένως
617 1696 651 1722 τὰ
668 1695 786 1728 δόξαντα
805 1697 874 1722 πᾶσι

82 1742 142 1773 τοῖς
163 1741 225 1768 καθ’
249 1741 273 1758 ⁵⁵
295 1741 430 1776 Ἕλληνάς
452 1750 482 1767 τε
506 1741 553 1768 καὶ
575 1741 729 1778 βαρϐάρους
756 1741 876 1777 [φιλοσό-

84 1788 160 1825 φοις]
175 1789 198 1804 ⁵ο
217 1788 282 1824 περί
307 1797 336 1815 τε
356 1788 403 1814 τοῦ
418 1788 498 1815 Θείου
516 1789 564 1815 καὶ
580 1788 630 1823 τῆς
641 1788 689 1815 τοῦ
710 1788 814 1823 κόσμου
831 1788 875 1824 δη-

87 1834 236 1870 μιουργίας
253 1834 422 1861 ἐκτεθεῖσθαι
447 1835 477 1861 ἐν
498 1835 560 1866 ταῖς
579 1834 602 1850 ³ο
627 1834 680 1870 πρὸ
695 1834 797 1870 ταύτης
815 1834 876 1861 τέσ-

86 1889 168 1916 σαρσι
180 1880 291 1916 βίϐλοις,
306 1876 343 1907 ὧν
357 1880 417 1907 οὐδὲ
425 1880 459 1906 τὰ
470 1880 606 1916 περίεργα
621 1880 792 1916 παραλείψας
808 1880 828 1895 ⁸³
845 1880 875 1907 οὐ

84 1926 133 1952 τόν
145 1926 260 1961 τυχόντα
276 1926 355 1952 πόνον
367 1925 553 1961 ἀναδέδεγμαι
567 1926 590 1941 θ’
599 1927 654 1958 τοῖς
667 1925 873 1961 ἐντυγχάνουσι,

85 1973 310 2008 προτρεπόμενος
325 1972 439 2004 πολλοὺς
452 1972 521 2008 πρὸς
535 1972 717 2007 φιλομάθειαν
728 1973 775 1999 καὶ
788 1973 875 2007 ἀσφά-

86 2018 165 2044 λειαν
179 2017 230 2052 τῆς
245 2018 310 2053 περὶ
323 2018 373 2053 τὴν
390 2017 520 2053 ἀλήθειαν
530 2017 670 2052 γνώσεως.
683 2017 876 2053 Περιλείπεται

85 2063 177 2090 τοίνυν
194 2063 240 2090 ἐπὶ
258 2064 303 2090 τὸν
324 2064 378 2090 τῶν
393 2063 527 2099 αἱρέσεων
544 2062 654 2098 ἔλεγχον
673 2063 774 2098 ὁρμᾷν,
787 2058 817 2089 οὗ
829 2063 878 2097 χὰ-

87 2118 132 2145 ριν
145 2110 167 2125 "
185 2108 276 2136 καὶτὰ
289 2109 478 2145 προειρημένα
489 2108 556 2144 ἢμῑν
571 2107 764 2143 ὲκτεθείμεθα,
777 2108 824 2142 ἀφ’
839 2105 877 2134 ὧν

87 2156 139 2187 τὰς
160 2155 294 2190 ἀφορμὰς
319 2155 505 2190 μετασχόντες
524 2154 546 2170 ⁸³
568 2154 781 2189 οιαίρεσιάρχαι
800 2153 878 2189 δίκην

86 2201 309 2237 παλαιορράφων
332 2200 594 2236 [συγκ]αττύσαντες
611 2200 634 2216 ⁸⁸
661 2199 730 2235 πρὸς
744 2199 789 2225 τδν
812 2199 876 2226 ἴδιον

86 2248 152 2275 νοῦν
167 2248 203 2275 τὰ
226 2247 280 2275 τῶν
307 2246 430 2273 παλαιῶν
457 2245 604 2281 σφάλματα
618 2245 656 2277 ὡς
673 2245 757 2272 καινὰ
769 2245 791 2260 ⁸⁸
809 2253 879 2280 παρ-

86 2293 186 2320 έθεσαν
200 2294 255 2324 τοῖς
276 2292 428 2319 πλανᾶσθαι
447 2291 607 2327 δυναμένοις
618 2312 625 2324 ,
641 2292 678 2323 ὼς
693 2292 722 2318 ὲν
738 2293 795 2323 τοῖς
817 2291 878 2318 ἀκυ-

86 2338 195 2369 λούθοις
204 2338 337 2373 δείξομεν.
352 2337 388 2363 To
397 2337 491 2364 λοιπὸν
503 2336 682 2372 προκαλεῖται
697 2337 772 2371 ἡμᾶς
784 2337 798 2362 ό
814 2335 878 2371 χρό-

86 2393 132 2415 νος
151 2385 198 2410 ἐπὶ
208 2384 258 2419 τὴν
271 2383 325 2410 τῶν
338 2383 529 2419 προκειμένων
549 2382 743 2418 πραγματείαν
764 2383 873 2418 χωρεῖν,

87 2430 257 2466 ἇρξασθαιδὲ
268 2429 322 2456 ἀπὸ
331 2430 385 2456 τῶν
394 2428 600 2464 τετολμηκότων
607 2428 653 2456 τὸν
659 2428 744 2455 αἴτιον
752 2429 802 2464 τῆς
810 2427 874 2454 πλά-

88 2484 138 2511 νης
165 2475 203 2511 [ρ.
229 2475 273 2502 94.
292 2474 337 2510 95]
356 2475 501 2510 γενόμενον
525 2474 586 2508 ὅφιν
613 2475 708 2508 ὑμνεῖν
732 2474 777 2500 διά
796 2482 876 2500 τινων

889 809 926 817 ι...

889 875 912 904 Α
962 874 987 901 l.
1006 873 1176 909 130-131
1192 874 1255 902 Ilaec
1272 874 1364 902 insunt
1377 875 1402 902 in
1417 875 1511 910 quinto
1528 874 1597 903 libro
1619 876 1719 904 refota-

931 919 1012 947 tionis
1025 920 1147 947 omnium
1170 920 1312 947 hmresium
1328 927 1335 947 :

965 964 991 991 2.
1007 963 1072 997 Qum
1088 963 1218 992 Naasseni
1237 964 1346 997 dicant,
1357 965 1402 999 qui
1425 972 1454 993 se
1476 966 1612 999 gnosticos
1627 967 1718 1001 appel-

929 1009 986 1036 lant
998 1018 1005 1036 :
1022 1016 1091 1044 quos
1105 1009 1148 1036 illa
1171 1009 1291 1044 proﬁteri
1304 1029 1312 1043 ,
1326 1017 1386 1045 qua:
1398 1010 1473 1045 prius
1486 1010 1643 1038 Grmcorum
1659 1013 1718 1046 phi-

929 1055 1033 1090 losoplti
1051 1059 1079 1082 et
1105 1055 1124 1082 ii
1141 1055 1187 1090 qui
1201 1055 1316 1091 mystica
1338 1056 1508 1083 tradiderunt
1522 1056 1637 1092 professi
1651 1058 1716 1089 sint.

929 1107 945 1126 ιι
959 1100 1057 1134 quibus
1076 1100 1192 1135 profecti
1209 1101 1326 1132 haereses
1341 1100 1521 1128 condiderim.

964 1190 991 1217 5.
1014 1189 1047 1216 Et
1063 1196 1184 1224 quaenam
1211 1190 1311 1224 placita
1328 1190 1383 1217 sint
1398 1189 1554 1217 Peratarum
1567 1212 1575 1223 ,
1600 1199 1714 1227 quorum

932 1235 1028 1269 dogma
1046 1242 1099 1262 non
1114 1235 1264 1262 manaverit
1291 1242 1305 1262 a
1328 1236 1413 1263 sacris
1434 1235 1598 1271 Scripturis,
1616 1239 1662 1264 scd
1682 1239 1715 1264 ab

928 1281 1099 1316 astrologica.

963 1326 990 1353 4.
1007 1326 1072 1359 Qum
1088 1326 1210 1354 doctrina
1228 1326 1263 1354 sit
1281 1325 1482 1359 Sethianorum,
1513 1327 1571 1362 qui,
1589 1334 1713 1362 surrepta

928 1372 1082 1400 Grtecorum
1093 1373 1244 1407 sapientum
1255 1373 1388 1405 doctrina.
1401 1372 1503 1406 Musmi,
1516 1373 1589 1407 Lini.
1601 1373 1712 1409 Orphei,

928 1426 1005 1445 suum
1023 1418 1119 1453 dogma
1136 1418 1396 1446 consarcinaret-int.

964 1511 990 1538 5.
1007 1511 1072 1544 Qum
1085 1511 1141 1538 sint
1153 1511 1251 1546 placita
1264 1511 1375 1543 Justini,
1388 1511 1464 1544 cuius
1475 1512 1570 1546 dogma
1586 1520 1636 1539 non
1650 1520 1714 1547 pro-

893 1547 913 1576 Β
928 1556 1029 1584 fectum
1047 1556 1082 1583 sit
1098 1563 1114 1582 a
1131 1556 1218 1583 sacris
1227 1555 1386 1589 Scripturis,
1406 1555 1452 1583 sed
1467 1563 1501 1582 ex
1518 1555 1644 1584 Herodoti
1660 1557 1713 1583 nii-

928 1601 1061 1629 raculosis
1076 1601 1289 1629 narrationibus.

964 1701 989 1729 6.
1012 1700 1086 1728 Salis
1102 1700 1198 1736 opinor
1212 1704 1340 1728 accurate
1354 1707 1413 1734 qum
1429 1700 1713 1735 placuerintomnibus

926 1751 954 1773 et
971 1746 1040 1773 inter
1052 1746 1162 1773 Graecos
1180 1749 1208 1773 et
1223 1745 1293 1772 inter
1309 1745 1440 1772 barbaros
1455 1745 1622 1780 philosophis
1636 1750 1663 1773 et
1680 1748 1714 1773 de

927 1792 1019 1819 divino
1038 1791 1148 1818 numine
1167 1795 1194 1818 et
1219 1790 1253 1818 de
1279 1790 1384 1817 fabrica
1407 1791 1499 1818 mundi
1514 1791 1636 1825 exposita
1652 1798 1713 1819 esse

927 1837 955 1865 in
972 1842 1091 1872 quatuor
1107 1836 1184 1864 libris
1200 1836 1332 1872 proximis
1343 1835 1535 1870 superioribus,
1551 1843 1664 1871 quorum
1679 1845 1714 1864 ne

927 1882 1071 1918 prmsligiis
1086 1882 1193 1917 quidem
1210 1882 1398 1917 praetermissis
1407 1889 1459 1908 non
1473 1881 1580 1908 inanem
1596 1882 1712 1910 laborem

928 1928 1033 1963 suscepi
1050 1928 1171 1961 lecturis,
1188 1928 1305 1955 incitans
1323 1927 1421 1954 multos
1431 1927 1463 1954 ad
1479 1927 1597 1954 discendi
1611 1927 1714 1962 cupidi-

929 1979 1009 2003 tatem
1023 1979 1048 2002 et
1065 1974 1098 2002 ad
1110 1978 1211 2001 certam
1223 1973 1405 2008 cognitionem
1421 1973 1554 2000 veritatis.
1573 1973 1713 2008 llelinqui-

929 2025 973 2048 tur
995 2028 1060 2055 ergo
1084 2019 1273 2047 refutationem
1289 2018 1433 2046 haeresium
1453 2018 1561 2053 aggredi
1577 2038 1585 2051 ,
1603 2022 1714 2052 propter

928 2073 1008 2102 quam
1024 2066 1105 2094 etiam
1121 2072 1201 2100 supra
1216 2071 1231 2091 a
1247 2064 1325 2092 nobis
1342 2063 1415 2091 dicta
1428 2063 1612 2098 exposuimus,
1627 2071 1641 2090 a
1657 2064 1720 2098 qui-

929 2112 979 2139 bus
992 2110 1104 2146 proi‘ecti
1121 2109 1306 2137 haeresiarchae
1325 2109 1411 2137 instar
1423 2109 1711 2136 veteramcntariorum

929 2154 1115 2181 consarcinata
1142 2153 1175 2181 ad
1191 2153 1308 2188 ipsorum
1324 2153 1476 2187 opinionem
1488 2155 1608 2180 veterum
1622 2158 1712 2180 errata

930 2204 1057 2233 tanquam
1072 2206 1139 2226 nova
1158 2203 1353 2233 proposuerunt
1370 2199 1403 2225 iis
1423 2198 1469 2232 qui
1493 2198 1520 2225 iu
1535 2206 1655 2226 errorem
1675 2199 1714 2225 iu-

932 2244 992 2272 duci
1007 2249 1131 2279 possunt,
1149 2245 1214 2271 utin
1232 2244 1265 2271 iis
1277 2252 1336 2279 qua:
1351 2249 1500 2279 sequuntur
1515 2245 1713 2272 demonstrabi—

930 2296 1001 2317 mus.
1018 2287 1078 2316 Jam
1092 2293 1222 2324 provocat
1236 2296 1283 2316 nos
1295 2293 1399 2324 tempus
1413 2289 1446 2316 ad
1460 2296 1565 2322 eorum,
1578 2297 1637 2324 qua
1652 2295 1714 2317 sunt

929 2335 1014 2363 nostri
1028 2335 1128 2370 operis,
1150 2335 1337 2362 tractationem
1353 2335 1483 2362 accedere
1496 2355 1503 2366 .
1525 2335 1601 2362 initio
1618 2335 1652 2361 ab
1673 2335 1713 2362 eis

927 2381 1021 2414 ducto,
1039 2381 1085 2416 qui
1098 2381 1155 2408 ausi
1173 2385 1236 2409 sunt
1249 2381 1349 2409 erroris
1368 2381 1556 2417 132-133
1574 2386 1711 2408 auctorem

926 2432 1078 2462 scrpentcm
1097 2427 1235 2455 celebrare
1256 2436 1304 2463 per
1326 2430 1457 2463 quasdam
1483 2429 1566 2463 ipsius
1582 2428 1711 2456 instinctu

931 2473 1055 2500 iuventas
1069 2473 1211 2500 dictiones.
1242 2473 1325 2508 igitur
1341 2474 1497 2502 sacerdotes
1525 2478 1551 2501 ct
1579 2474 1714 2500 antistites

718 2546 836 2574 VARUE
855 2545 1056 2574 LECTlONES.

127 2627 150 2643 '°
167 2626 306 2662 Νασσηνοὶ
327 2628 358 2659 C,
381 2628 415 2654 Μ.
454 2629 476 2645 ⁵³
491 2629 539 2656 καὶ
558 2629 581 2655 οἱ
607 2628 654 2655 καὶ
671 2628 711 2654 ὅτι
736 2626 767 2657 C.
785 2625 820 2653 M.
858 2627 881 2642 "

903 2626 1066 2662 Σηθειανρῦς
1087 2625 1119 2659 C,
1141 2626 1176 2658 Μ,
1195 2627 1265 2662 quod
1286 2627 1385 2661 ubique
1404 2628 1582 2655 correximus.
1620 2628 1644 2646 ⁸³
1656 2629 1717 2655 κατ’

89 2662 121 2690 C.
156 2662 181 2678 “
197 2661 443 2698 κλεψολτιγήσαντες
456 2664 490 2695 C,
507 2672 586 2696 supra
600 2672 624 2698 p.
642 2663 701 2693 128.
712 2662 753 2698 720
768 2662 835 2698 dixit
853 2666 946 2688 auctor
961 2661 1147 2698 κλεψιλόγους.
1160 2661 1231 2688 ldein
1249 2663 1274 2689 iu
1294 2663 1361 2689 libro
1383 2663 1469 2698 primo
1485 2671 1511 2697 p.
1527 2663 1552 2694 6,
1568 2663 1602 2690 86
1616 2665 1717 2691 τούτων

89 2696 276 2733 γὰρῗμὰλιστα
297 2696 456 2733 γεγένηνται
477 2696 631 2733 κλεψίλογοι
647 2698 672 2723 οἱ
689 2697 742 2723 τῶν
758 2697 889 2733 ανξρέσεων
909 2696 1201 2733 πρωτοστατήσαντες;
1220 2704 1279 2731 qua:
1297 2704 1386 2733 vo_ccs_
1399 2696 1526 2733 addendm
1551 2698 1653 2730 lcxicis,
1680 2699 1715 2726 Μ.

89 2734 112 2751 ⁸³
130 2731 256 2760 Μουσέου
271 2731 308 2760 (λ’
338 2734 360 2749 ¹⁶
377 2731 467 2759 αὐτῶν
482 2733 512 2760 C.
533 2731 537 2733 ’
551 2734 573 2750 ⁸⁷
597 2733 752 2768 Ἦρωὸότουν
766 2731 797 2759 C.

835 2732 858 2747 "
877 2731 937 2758 κατ’
967 2732 996 2759 ι).
1034 2732 1057 2748 ⁵³
1070 2731 1227 2766 φιλοσόφοις
1248 2740 1302 2758 om.
1317 2731 1349 2763 C,
1362 2731 1398 2758 Μ.
1436 2732 1458 2748 ⁶⁰
1474 2733 1543 2763 ταῖς.
1563 2735 1619 2764 τοῖς
1634 2734 1664 2764 C.
1682 2736 1715 2760 M.

92 2769 113 2784 ⁸³
128 2767 307 2803 παραλείψεις.
328 2768 505 2803 ἀποκαλύψας
523 2768 553 2799 C,
569 2768 602 2794 Μ.
632 2765 663 2784 ἐ*
676 2767 864 2801 ἁναδέδειγμαι
881 2767 974 2803 ριἠϐ.
1012 2767 1034 2782 ⁶¹
1053 2765 1083 2795 οὗ
1097 2765 1192 2803 χάριν.
1211 2766 1306 2793 τούτου
1321 2767 1401 2803 χάριν
1416 2766 1451 2799 Μ,
1463 2768 1508 2801 qui
1526 2768 1556 2794 in
1567 2769 1635 2796 Add.
1657 2777 1716 2795 νυν.

89 2801 185 2828 τούτου
201 2801 306 2830 litteras
327 2805 352 2829 iu
368 2803 388 2829 Ο
408 2801 518 2838 promus
537 2805 639 2829 ahlnlas
663 2803 737 2829 dicit.
778 2801 1006 2838 F‘psnaxévrzg.
1026 2802 1222 2838 μεταλαὸόντες
1237 2809 1311 2837 susp.
1331 2802 1366 2829 M.

94 2838 116 2864 τυ
135 2838 160 2863 in
174 2838 242 2866 Add.
262 2847 267 2864 :
285 2858 291 2864 .
306 2859 312 2865 .
333 2859 339 2864 .
361 2859 366 2865 .
386 2857 392 2864 .
408 2836 605 2869 αταττὺσαντες
620 2839 649 2865 (Σ.
689 2839 711 2853 ⁵⁵
727 2837 791 2864 κε·ιὰ
810 2836 838 2864 L.

262 2886 395 2915 Ρλτιιῡι..
420 2886 476 2915 Gn.
503 2885 578 2915 X’Vl.

1419 2802 1441 2818 ⁶⁵
1458 2802 1717 2839 [συγκίαττύσανεες

1549 2883 1585 2913 914
