1948 3076
107 153 183 188 3259

653 156 801 187 CONTRA
819 156 1001 187 H/ERESES
1015 157 1088 188 LIB.
1103 157 1154 189 VI.

1663 160 1734 192 3260

108 210 160 237 καὶ
177 209 348 245 ὲπαναχέων,
364 209 546 245 ἀναλυομένου
567 209 588 226 ⁴⁷
606 211 652 237 τοῦ
677 213 823 248 φαρμάκου
850 212 902 240 ὑπὸ

957 218 1095 248 postquam
1114 213 1241 247 sublevit,
1261 213 1341 248 idque
1357 217 1482 248 tanquam
1498 214 1563 242 nihil
1576 215 1639 242 insit
1654 224 1732 244 mon-

109 257 162 290 τῆς
179 255 227 282 τοῦ
244 255 328 290 ὑγροῦ
341 255 452 290 μίξεως,
464 256 539 287 ὄντος
554 255 692 290 φυσὼδους
705 277 713 290 ,
731 258 901 294 πλεονασμὸς

108 302 159 328 τοῦ
177 301 351 337 κεράσματος
369 302 476 335 ἐγίνετο
497 302 544 329 καὶ
563 303 610 329 ἐπὶ
626 303 754 330 τοσοῦτον
775 304 899 342 ηὔξανεν,

109 346 141 378 ὲς
163 347 226 373 ὅσον
249 347 484 381 ὲπαναχυνόμενον
508 348 639 380 ἐκινεῖτο,
665 348 793 383 τοιαύτης
817 349 900 385 οὔσης

110 393 162 427 τῆς
176 392 223 418 τοῦ
240 392 384 427 φαρμάκου
404 392 521 426 φύσεως
535 393 549 419 ὃ
566 395 590 420 εί
602 394 729 421 ἀπόθοιτό
743 395 766 410 ⁸³
777 403 819 427 τις
831 395 900 431 πλη-

111 437 211 472 ρωθὲν,
230 438 287 472 μετ’
300 438 333 464 οὺ
346 437 413 464 πολὺ
431 439 471 470 εἰς
485 438 514 464 τὸ
531 438 601 465 κατὰ
614 439 692 473 φύσιν
707 440 805 475 μέτρον
821 441 901 468 πάλιν

110 484 296 518 τραπήσεται,
306 484 356 519 τῆς
367 483 414 510 τοῦ
427 485 572 520 φαρμάκου
586 485 726 521 δυνάμεως
742 486 901 522 σϐεσθείσης

109 531 145 564 τῇ
159 529 205 556 τοῦ
223 529 307 565 ὑγροῦ
323 532 480 566 παραμονῇ.
497 531 542 557 Διὸ
561 531 629 566 μετά
644 532 762 567 σπουδῆς
776 533 833 564 τοῖς
849 541 902 558 πα-

111 574 192 610 ροῦσι
207 575 365 610 προσεδίδου
384 576 480 608 πίνειν,
505 577 528 602 οἱ
550 576 578 603 δὲ
593 576 630 608 ὡς
648 577 718 604 θεῖόν
736 587 762 603 τι
786 579 832 604 καὶ
848 579 901 614 θεῷ

113 621 336 657 μεμελετημένον
348 621 506 657 φρίσσοντες
518 622 574 657 ἅμα
594 623 641 649 καὶ
660 624 820 656 σπεύδοντες
839 624 900 651 ἐπι-

111 675 169 694 νον.

150 712 190 748 [β.
209 712 352 749 201-905.]
365 716 420 748 μα’.
430 714 548 741 Τοιαῦτα
556 714 584 740 δὲ
595 715 641 741 καὶ
652 715 734 750 ἕτερα
751 715 900 750 ἐπεχείρει,

111 761 127 785 ὁ
141 759 242 790 πλάνος
255 761 352 785 ποιεῖν·
364 759 403 787 διδ
419 759 471 786 ὺπδ
481 760 536 787 τῶν
549 761 737 796 ἀπατωμένων
750 761 900 794 ἐδοξάζετο,

112 805 162 832 καὶ
186 805 252 831 ποτὲ
266 804 288 820 ⁸³
307 805 389 836 αὐτὸς
407 805 549 841 ἐνομίζετο
565 807 758 841 προφητεύειν,
782 807 847 833 ποτὲ
871 807 900 833 δὲ

112 850 162 877 καί
177 850 285 885 ἑτέρους
300 851 386 878 ἐποίει
397 870 404 883 ,
423 852 467 878 ὅτε
487 852 535 887 μὲν
551 852 597 879 καὶ
610 853 653 879 διὰ
665 853 800 888 δαιμόνων
815 853 900 880 ταῦτα

953 259 1060 292 stravit,
1076 264 1102 287 et
1123 259 1218 287 ail'udit
1231 267 1265 287 ex
1288 259 1392 287 minore
1408 264 1435 287 et
1453 267 1548 288 rursus
1564 260 1668 293 aitudit,
1687 270 1732 288 re-

954 302 1042 330 soluto
1059 311 1107 337 per
1131 304 1270 331 misturam
1299 304 1403 331 humidi
1429 305 1626 333 medicamento
1641 310 1734 340 utpote

952 348 1089 376 ﬂatuoso:
1115 349 1262 376 abundavit
1284 350 1397 376 mistura
1411 357 1438 377 et
1462 350 1487 377 in
1508 355 1610 377 tantum
1636 351 1733 382 crevit,

953 394 980 420 in
991 400 1120 428 quantum
1137 394 1162 421 id
1179 395 1250 429 quod
1268 391 1383 423 ail‘usum
1400 401 1443 423 est
1458 396 1638 429 movebatur,
1660 404 1734 430 quo—

953 439 1025 467 niam
1043 440 1094 468 ista
1120 445 1161 468 est
1190 441 1379 468 medicamenti
1403 445 1508 468 natura.
1532 441 1609 475 Quod
1628 443 1649 468 si
1673 442 1735 477 quis

952 491 1075 520 BEpOIIal,
1098 495 1150 514 non
1174 487 1258 514 multo
1274 491 1334 522 post
1355 488 1380 514 in
1401 487 1551 514 naturalem
1578 495 1734 515 mensuram

953 538 1047 558 rursus
1059 531 1153 565 abibit,
1167 532 1356 560 medicamenti
1379 533 1403 559 vi
1419 533 1551 560 exstincta
1568 533 1670 559 humidi
1693 541 1736 560 re-

953 577 1103 604 Innnsione.
1125 577 1187 604 Ideo
1203 582 1381 612 properanter
1401 578 1434 605 iis
1446 578 1491 612 qui
1507 578 1620 605 aderant
1633 578 1737 613 praebe-

953 621 996 647 bat
1010 627 1114 656 potum,
1133 622 1170 649 illi
1182 627 1270 649 autem
1291 627 1417 657 tanquam
1432 623 1551 650 divinum
1565 623 1693 658 quiddam
1710 628 1737 651 et

951 666 1006 694 Deo
1020 669 1176 695 meditatum
1191 669 1333 696 horrentes
1345 669 1424 696 simul
1433 674 1459 696 ct
1469 675 1580 697 aventes
1594 669 1732 697 bibebant.

986 711 1158 747 300—301
1188 713 1233 740 41.
1259 713 1334 740 Talia
1367 720 1430 740 vero
1457 718 1484 741 et
1511 714 1562 740 alia
1587 714 1737 741 conabatur

951 758 1132 793 prmstigiator
1149 758 1194 785 ille
1219 759 1318 791 facere,
1339 765 1505 794 quapropter
1522 759 1548 786 in
1562 766 1654 786 eorum
1670 766 1738 794 quos

950 804 1056 837 decepit
1072 803 1253 831 admiratione
1270 809 1339 837 erat,
1361 810 1388 832 et
1403 805 1547 840 aliquando
1570 804 1627 838 ipse
1644 804 1739 832 crede-

951 849 1032 876 batur
1054 849 1207 881 vaticiuari,
1236 850 1381 884 aliquando
1406 855 1495 876 autem
1519 854 1545 876 et
1569 849 1635 877 alios
1658 849 1738 876 insti-

112 895 246 930 ἐνεργῶν,
269 896 314 922 ὅτε
337 896 366 922 δὲ
391 896 438 923 καὶ
464 896 597 929 κυϐεύων,
627 897 632 932 |
667 897 704 928 ὡς
723 897 900 933 προείπομεν.

957 895 1057 927 tucbat,
1091 903 1152 922 cum
1181 899 1236 922 ttun
1263 903 1310 929 per
1334 895 1469 923 dmmones
1495 896 1551 922 haec
1584 895 1738 930 peragebat,

113 940 234 972 Πολλοὺς
248 941 272 957 ⁸ο
287 941 375 969 τοίνυν
388 941 564 977 ἐξαφανίσας,
576 943 623 970 καὶ
639 943 752 974 πολλοὺς
766 943 902 976 τοιούτους

114 987 242 1022 μαθητὰς
275 987 361 1016 αὐτοῦ
383 988 546 1023 γενομένους
571 988 751 1023 προεϐίϐασεν
775 989 902 1022 εὐκόλους

115 1032 168 1067 μὲν
183 1030 254 1059 εἶναι
275 1032 382 1065 διδάξας
397 1032 470 1068 πρὸς
488 1033 519 1060 τὸ
539 1033 718 1070 ἁμαρτάνειν,
745 1034 902 1066 ἀκινδύνους

112 1079 144 1106 δὲ
159 1078 206 1106 διὰ.
219 1078 250 1105 τὸ
260 1076 328 1105 εἶναι
339 1078 365 1095 ι’-
376 1079 430 1114 τῆς
442 1079 549 1110 τελείας
563 1079 703 1115 δυνάμεως
716 1080 763 1106 καὶ
781 1080 903 1116 μετέχειν

113 1124 166 1159 τῆς
180 1123 339 1159 ἀνεννοήτου
357 1123 498 1156 ἐξουσίας·
516 1121 558 1156 οἷς
572 1124 619 1151 καὶ
634 1124 703 1159 μετὰ
715 1124 746 1150 τὸ
761 1124 903 1159 βάπτισμα

113 1169 215 1204 ιτερον.
232 1168 462 1203 ἐπαγγέλλονται,
487 1168 502 1195 δ
527 1168 654 1196 καλοῦσιν
682 1170 902 1205 ἀπολύτρωσιν,

115 1216 166 1241 καὶ
174 1216 203 1241 έν
217 1214 304 1250 τούτῳ
316 1213 532 1250 ἀναστρέφοντες
548 1214 642 1247 κακῶς
655 1215 719 1246 τοὺς
738 1215 830 1246 αὐτοῖς
850 1223 903 1242 πα-

117 1260 284 1296 ραμένοντας
299 1259 344 1287 ἐπ’
357 1260 446 1287 ἑλπίδι
463 1260 512 1296 τῆς
526 1260 752 1296 ἀπολυτρώσεως,
766 1261 805 1293 ὡς
816 1261 838 1277 ⁵¹
857 1261 904 1288 δυο

115 1306 252 1342 ναμένους
275 1306 346 1342 μετὰ
359 1306 391 1333 τὸ
404 1306 478 1339 ἅπαξ
501 1306 699 1341 βαπτισθέντας
718 1307 800 1334 πάλιν
814 1307 838 1324 ⁸³
856 1315 905 1334 τυ-

115 1353 175 1387 χεῖν
198 1351 333 1386 ἀφέσεως,
357 1351 401 1378 διὰ
424 1351 472 1378 τοῦ
483 1352 507 1370 ³⁸
530 1352 652 1378 τοιούτου
674 1353 904 1388 πανουργήματος

116 1396 241 1431 συνέχειν
255 1396 362 1423 δοκοῦσι
378 1396 441 1428 τοὺς
455 1397 608 1432 ἀκροατὰς,
624 1397 670 1429 οὓς
687 1397 756 1424 έπάν
773 1399 905 1433 νομίσωσι

115 1441 309 1476 δεδοκιμάσθαι
324 1442 372 1468 καὶ
384 1441 515 1471 δύνασθαι
537 1442 684 1477 φυλάσσειν
703 1443 793 1474 αὐτοῖς
809 1442 844 1469 τὰ
860 1451 905 1469 πι-

116 1487 182 1521 στὰ,
195 1488 254 1515 τότε
269 1488 318 1514 ἐπὶ
331 1487 409 1515 τοῦτο
421 1488 517 1523 ἄγουσι
531 1489 598 1524 μηδὲ
611 1487 698 1523 τούτῳ
712 1488 785 1524 μόνῳ
803 1488 904 1524 ἀρκού-

117 1541 208 1569 μενοι,
221 1533 290 1560 ἀλλὰ
302 1533 349 1560 καὶ
367 1533 460 1568 ἕτερόν
472 1542 499 1560 τι
514 1533 744 1569 ἐπαγγελλόμενοι
757 1534 780 1550 ⁵⁸
795 1534 863 1568 πρὸς
875 1533 905 1560 τὸ

116 1579 283 1614 σογκρατεῖν
299 1578 397 1610 αὐτοὺς
415 1581 449 1615 τῇ
469 1579 572 1611 ἐλπίδι,
588 1580 662 1611 ὅπως
681 1579 827 1615 ἀχώριστοι
842 1577 904 1607 ὦσι.

114 1624 235 1659 Λέγουσι
249 1626 304 1660 γάρ
316 1633 343 1651 τι
358 1626 433 1660 φωνῇ
449 1625 575 1661 ἀρρήτῳ,
589 1625 755 1656 ἐπιτιθέντες
775 1627 854 1661 χεῖρα
867 1626 905 1661 τῷ

114 1670 168 1705 τὴν
182 1670 369 1705 ἀπολύτρωσιν
383 1669 503 1703 λαϐόντι,
525 1670 539 1697 ὃ
558 1672 710 1705 φάσκουσιν
721 1671 838 1703 ὲξειπεῖν
859 1671 906 1697 εὑ-

115 1715 205 1747 κόλως
224 1715 261 1750 μὴ
284 1715 431 1749 δύνασθαι,
447 1717 471 1742 εἰ
489 1717 525 1752 μή
547 1725 589 1747 τις
605 1717 648 1752 εἴη
672 1717 871 1752 ὑπερδόκιμος,
889 1716 905 1751 ἢ

115 1762 163 1790 ὅτε
186 1761 299 1797 τελευτᾷ
319 1761 386 1796 πρὸς
401 1762 432 1789 τὺ
451 1759 497 1794 οὖς
518 1762 603 1788 ἐλθὼν
623 1763 696 1796 λέγει
712 1763 726 1788 ὁ
747 1763 904 1794 ἐπίσκοπος.

117 1806 175 1837 Καὶ
193 1807 271 1833 τοῦτο
286 1807 314 1833 δὲ
331 1808 513 1843 πανούργημα
534 1808 602 1843 πρὸς
625 1808 655 1834 τὸ
676 1807 721 1834 ἀεὶ
739 1808 907 1844 παραμένειν

116 1853 183 1883 τοὺς
206 1852 330 1887 μαθητὰς
346 1853 384 1888 τῷ
401 1854 553 1889 ὲπισκόπῳ,
570 1853 748 1888 γλιχομένους
764 1854 859 1888 μαθεῖν
876 1854 907 1880 τὸ

116 1898 144 1924 τί
170 1907 236 1925 ποτε
257 1899 298 1934 εἴη
322 1899 401 1925 τοῦτο
433 1899 476 1925 ἐπ’
496 1900 617 1934 ἐσχάτων
642 1899 799 1934 λεγόμενον,
823 1899 858 1926 δι’
877 1897 907 1927 οὗ

118 1944 198 1980 [τῶν]
213 1945 236 1960 ⁵³
251 1945 362 1972 τελείων
383 1945 460 1972 ἔσται
477 1946 491 1972 ὁ
509 1945 661 1980 μανθάνων·
682 1945 700 1971 ἃ
713 1945 809 1971 τούτου
829 1945 908 1980 χάριν

117 1989 272 2024 ἐσιώπησα,
291 1991 327 2025 μή
345 1990 411 2016 ποτέ
427 1999 469 2021 τις
491 1989 702 2024 κακοηοίζεσθαί
715 1990 736 2005 ¹⁷
759 1998 792 2024 με
810 1990 907 2021 αὐτοὺς

117 2037 235 2072 νομίσῃ,
250 2036 296 2062 καὶ
312 2037 366 2072 γὰρ
382 2037 413 2062 οὐ
428 2035 507 2062 τοῦτο
520 2037 584 2071 ἡμῖν
599 2036 756 2071 πρόκειται,
775 2035 832 2062 ἀλλ’
844 2036 862 2070 ἢ
879 2035 909 2061 τὸ

116 2082 221 2115 δεῖξαι,
237 2082 298 2109 ὅθεν
308 2082 356 2114 τὰς
370 2082 497 2118 ἀφορμὰς
510 2082 637 2114 λαϐόντες
649 2082 740 2113 αὐτοῖς
751 2081 784 2108 τὰ
797 2081 910 2115 δόξαντα

118 2128 304 2164 ἐνεστήσαντο
319 2128 352 2154 ⁵³.

153 2219 206 2254 λβ¹.
224 2218 280 2244 Καὶ
301 2218 355 2253 γὰρ
372 2218 419 2244 καὶ
433 2217 447 2243 6
464 2217 597 2252 μακάριος
618 2217 803 2252 πρεσϐύτερος
824 2217 906 2252 Εἰρη-

955 945 1010 968 lum
1038 948 1102 968 vero
1127 945 1154 967 et
1178 941 1333 976 praestigiis,
1368 946 1396 968 ut
1426 941 1610 976 pmdiximus.
1642 940 1739 968 Multos

953 986 1044 1020 igitur,
1062 993 1131 1020 quos
1145 987 1298 1021 deceperat,
1314 986 1467 1021 multosque
1478 987 1523 1022 qui
1534 987 1601 1014 tales
1613 986 1740 1021 discipuli

953 1033 1012 1067 ejus
1034 1032 1209 1065 exstiterunt,
1232 1033 1408 1067 promovebat
1422 1040 1523 1067 pronos
1548 1040 1609 1060 esse
1625 1032 1659 1059 ad
1676 1040 1740 1066 pec-

953 1078 1068 1105 candum
1092 1077 1218 1109 edocens,
1246 1078 1382 1106 immunes
1406 1083 1496 1106 autem
1523 1078 1647 1112 periculi,
1675 1078 1738 1112 quia

952 1123 1145 1158 proﬁterentur
1161 1123 1305 1158 perfectam
1330 1125 1457 1151 virtutem
1477 1128 1504 1151 et
1530 1124 1675 1158 participes
1692 1131 1738 1151 cs-

953 1173 1015 1197 sent
1042 1169 1324 1204 incomprehensibilis
1348 1171 1499 1204 potestatis.
1526 1169 1629 1203 Quibus
1657 1169 1737 1196 etiam

954 1219 1014 1250 post
1037 1215 1199 1250 baptismum
1218 1215 1331 1242 alterum
1350 1215 1521 1250 pollicentur,
1537 1222 1617 1249 quam
1640 1218 1740 1241 vocant

954 1259 1165 1294 redemptionem,
1180 1265 1206 1288 et
1219 1261 1246 1288 in
1260 1261 1310 1288 hoc
1321 1261 1390 1288 male
1404 1265 1608 1296 corrumpentes
1624 1267 1681 1293 eos,
1693 1259 1738 1294 qui

955 1305 1024 1339 apud
1050 1312 1079 1332 se
1107 1311 1295 1333 remanserunt
1318 1314 1365 1340 spe
1388 1306 1589 1341 redemptionis,
1613 1311 1738 1341 tanquam

955 1351 1000 1385 qui
1018 1351 1102 1378 semel
1119 1351 1250 1386 baptizati
1267 1352 1292 1379 in
1305 1357 1447 1386 peccatum
1464 1353 1561 1386 relapsi
1578 1353 1665 1379 denuo
1680 1359 1740 1387 pos-

955 1397 1011 1424 sint
1027 1397 1128 1424 absolvi
1149 1407 1155 1424 :
1174 1398 1220 1424 tali
1251 1398 1345 1425 fraude
1376 1398 1490 1425 attinere
1516 1398 1641 1425 videntur
1665 1398 1741 1424 audi-

957 1447 1028 1468 tores
1057 1449 1132 1474 suos,
1157 1450 1226 1477 quos
1252 1443 1298 1470 ubi
1328 1444 1498 1470 arbitrantur
1525 1444 1652 1478 probatos
1681 1450 1741 1470 esse

955 1494 1089 1522 posseque
1106 1487 1172 1522 ipsis
1197 1495 1295 1515 arcana
1323 1496 1371 1514 sua
1393 1488 1541 1520 custodire,
1557 1493 1612 1515 tum
1638 1495 1670 1516 eo
1695 1488 1741 1514 ad-

958 1533 1068 1565 ducunt,
1083 1537 1111 1559 et
1124 1540 1159 1559 ne
1169 1533 1195 1560 in
1208 1541 1241 1560 eo
1252 1533 1359 1568 quidem
1371 1534 1587 1568 acquiescentes,
1601 1535 1647 1561 sed
1659 1534 1740 1561 etiam

957 1577 1165 1611 aliudquiddam
1181 1578 1339 1612 pollicentes
1361 1579 1394 1605 ad
1417 1579 1476 1606 illos
1498 1587 1545 1614 spe
1571 1580 1740 1612 mulcendas,

957 1627 985 1650 ut
1002 1624 1028 1650 in
1044 1629 1202 1658 perpetuum
1218 1623 1393 1650 'vinciantur.
1421 1623 1582 1658 Loquuntur
1603 1625 1674 1651 enim
1692 1624 1742 1651 ali-

956 1669 1019 1704 quid
1035 1676 1100 1696 voce
1119 1676 1220 1696 arcana
1237 1677 1317 1695 manu
1332 1669 1457 1703 imposita
1474 1670 1497 1696 ei
1515 1670 1561 1704 qui
1578 1670 1742 1704 redemptio-

957 1723 1016 1742 nem
1027 1715 1144 1749 act-epit,
1157 1715 1227 1749 quod
1239 1715 1315 1742 aiunt
1329 1723 1358 1743 se
1373 1715 1451 1743 facile
1470 1716 1560 1750 eloqui
1581 1724 1634 1743 non
1652 1723 1741 1751 posse,

957 1761 1007 1788 nisi
1022 1761 1044 1788 si
1057 1761 1117 1795 quis
1143 1761 1179 1788 sit
1204 1761 1389 1795 maximopere
1415 1761 1554 1796 probatus,
1571 1766 1617 1789 aut
1633 1763 1742 1796 quando

959 1807 1098 1840 moriatur,
1114 1807 1140 1834 in
1161 1814 1251 1834 aurem
1278 1807 1430 1834 insusurret
1461 1808 1614 1844 episcopus.
1636 1807 1670 1834 Et
1684 1809 1743 1835 haec

958 1860 1022 1879 vero
1037 1846 1111 1880 fraus
1134 1860 1166 1879 eo
1185 1857 1299 1887 spectat,
1324 1857 1353 1880 ut
1368 1858 1498 1888 perpetuo
1519 1857 1678 1880 remaneant
1701 1853 1744 1880 di-

957 1899 1053 1933 scipuli
1069 1899 1138 1933 apud
1161 1899 1327 1933 episcopum,
1346 1905 1457 1926 aventes
1470 1900 1586 1932 discere,
1604 1900 1668 1934 quid
1682 1905 1742 1926 tan-

959 1946 1017 1972 dem
1034 1945 1070 1972 sit
1087 1945 1151 1971 illud
1170 1945 1240 1979 quod
1267 1945 1293 1971 in
1314 1950 1435 1972 extremo
1457 1945 1596 1980 prodatur,
1610 1953 1663 1979 quo
1681 1952 1744 1980 per-

959 1995 1036 2024 cepto
1053 1990 1078 2016 in
1096 1990 1217 2016 ordinem
1236 1990 1419 2024 periectorum
1437 1991 1567 2018 evehatur
1584 1991 1743 2024 discipulus.

959 2035 1024 2068 Quae
1035 2042 1094 2062 eam
1109 2035 1143 2062 ob
1157 2043 1266 2062 causam
1293 2035 1408 2068 tramisi,
1423 2043 1457 2063 ne
1474 2036 1534 2070 quis
1557 2044 1600 2064 me
1621 2036 1673 2065 illis
1694 2039 1745 2064 ob-

962 2084 1078 2107 trectare
1091 2080 1258 2113 arbitretur;
1273 2081 1372 2107 etenim
1395 2088 1446 2107 non
1471 2081 1523 2108 hoc
1548 2081 1624 2108 nobis
1646 2089 1745 2116 propo-

960 2127 1040 2154 situm
1067 2131 1119 2159 est,
1146 2130 1324 2160 praeterquam
1351 2126 1502 2159 ostendere,
1532 2127 1603 2154 unde
1632 2127 1744 2162 proiecti

960 2171 1060 2207 placita
1074 2179 1121 2199 sua
1135 2171 1315 2199 condiderint.

998 2217 1049 2247 4%
1057 2217 1161 2246 Etenim
1184 2222 1211 2244 et
1227 2217 1323 2244 beatus
1345 2217 1487 2252 presbyter
1501 2216 1619 2245 lrenazus
1636 2218 1746 2246 liberius

120 2268 194 2296 ναῖος
217 2263 448 2299 παρῤησιαίτερον
472 2262 511 2297 τῷ
529 2263 632 2297 ἐλέγχῳ
654 2262 846 2297 προσενεχθεὶς
872 2262 903 2288 τὰ

962 2270 1110 2297 coarguere
1133 2263 1193 2290 illos
1217 2269 1359 2298 aggressus
1388 2262 1454 2290 tales
1478 2262 1627 2290 lavationes
1647 2268 1673 2291 et
1703 2271 1747 2291 re-

118 2312 232 2340 τοιαῦτα
246 2311 384 2344 λούσματα
399 2309 446 2336 καὶ
456 2307 656 2343 ἀπολυτρώσεις
667 2307 772 2341 ἐξέθετο
783 2308 816 2341 τ’,
829 2308 906 2344 ἀδρο-

119 2360 287 2394 μερὲστερον
301 2355 385 2383 εἰπὼν
407 2355 425 2381 ἃ
447 2354 625 2390 πράσσουσιν,
645 2351 685 2384 οἷς
705 2353 862 2388 ἐντυχόντες
882 2354 904 2369 ⁸ο

117 2405 192 2436 τινὲς
210 2403 299 2431 αὐτῶν
323 2403 408 2438 ἦρνην
424 2401 429 2436 ι
444 2409 489 2426 ται
515 2399 601 2430 οὕτως
624 2399 840 2433 παρειληφέναι,
863 2399 906 2425 ἀεὶ

117 2449 261 2485 ἀρνεῖσθαι
279 2448 468 2483 μανθάνοντες.
483 2447 528 2472 Διὸ
550 2444 660 2480 φροντὶς
681 2444 747 2479 ἡμῖν
761 2444 905 2478 γεγένηται

117 2495 313 2532 ἀκριϐέστερον
325 2493 488 2527 ἐπιζητῆσαι
504 2492 551 2518 καὶ
568 2491 694 2526 ἀνευρεῖν
709 2490 886 2527 λεπτομερῶς
897 2509 904 2522 ,

117 2540 137 2569 ἃ.
149 2541 196 2569 καὶ
211 2541 239 2567 έν
254 2538 293 2574 τῷ
306 2537 407 2574 πρώτῳ
425 2536 531 2572 λουτρῷ
547 2535 742 2571 παραδιδόασι,
760 2535 790 2562 τὸ
802 2534 906 2562 τοιοῦτο

964 2309 1135 2343 demptiones
1151 2309 1286 2342 exposuit,
1312 2309 1398 2342 magis
1422 2309 1536 2336 strictim
1555 2308 1677 2337 elocutus
1689 2318 1746 2345 qutr

960 2358 1078 2388 patrant,
1106 2354 1205 2388 quibus
1221 2361 1280 2380 cum
1304 2353 1462 2380 incidissent
1489 2353 1609 2380 nonnulli
1638 2361 1744 2387 eorum,

960 2399 1072 2425 iniiciati
1093 2402 1156 2425 sunt
1171 2398 1207 2425 ita
1223 2405 1284 2425 esse
1303 2399 1449 2433 recepisse,
1464 2399 1563 2433 quippe
1578 2398 1623 2433 qui
1638 2406 1745 2433 semper

959 2445 1107 2471 doceantur
1137 2443 1262 2471 iniiciari.
1283 2443 1462 2476 Quamobrem
1490 2444 1566 2471 nobis
1582 2444 1677 2471 oborta
1703 2451 1747 2475 est

959 2498 1023 2518 cura
1043 2491 1196 2518 accuratius
1227 2491 1406 2524 investigandi
1430 2495 1456 2517 et
1480 2490 1623 2525 indagandi
1653 2491 1746 2526 singu-

960 2536 1045 2569 latim,
1062 2543 1123 2570 quze
1142 2541 1169 2563 et
1183 2535 1221 2562 'in
1251 2537 1336 2570 primo
1352 2537 1464 2573 lavacro
1480 2536 1598 2568 tradunt,
1613 2536 1682 2570 quod
1709 2536 1745 2563 ita

759 2623 877 2652 VARI/ii
895 2622 1096 2651 LECTIONES.

157 2711 180 2727 "
199 2710 382 2743 ἀναλυομένου
400 2708 547 2741 Rocperus.
560 2706 741 2743 ἀναδυομένου
756 2705 834 2743 0,.Μ.
873 2705 1050 2743 δ’μάτιοίθοιτο
1064 2704 1094 2732 C.
1114 2704 1137 2743 ξ’
1157 2704 1312 2743 ποτέηποτὶ
1323 2704 1372 2743 μέν
1384 2704 1420 2743 bl:
1459 2705 1603 2743 εξ-[Ξολλάἱ
1619 2706 1650 2732 (λ
1689 2701 1761 2743 nea

122 2745 238 2781 κυρίους
255 2739 324 2771 εἶναι
340 2752 415 2778 susp.
427 2739 580 2782 _|tbc_pept_s.
614 2739 881 2782 ξ’πξιπολυτρώσεῳς,3
897 2740 935 2782 (ὣς
947 2739 1326 2782 ᾖοξρςευε,.άπολυτριὶ›σεως
1341 2741 1371 2782 t3:
1391 2739 1442 2782 ML
1467 2741 1494 2780 ’ξ
1504 2739 1578 2782 Fort:
1592 2741 1755 2782 ἦαπτιλθέν-

125 2774 174 2812 τας
197 2774 290 2806 πεσεῖν
305 2774 395 2811 πάλιν,
412 2778 446 2804 Μ.
485 2774 508 2793 ⁸⁸
521 2777 565 2804 διὰ
581 2777 629 2803 τοῦ
640 2774 789 2812 Ιιοερθι-ιιέ,
802 2776 849 2802 καὶ
865 2775 909 2802 διὰ
919 2774 1010 2812 του-0,
1024 2774 1059 2801 Μ.
1094 2774 1116 2812 '_'
1127 2774 1388 2812 ἐπαγγελόμενοιβτ
1420 2775 1443 2791 ⁸⁸
1459 2774 1512 2812 ¹τῶν
1523 2774 1634 2812 θάιΙτΜ.
1673 2776 1694 2812 '_’
1705 2784 1755 2801 ara-

127 2809 321 2849 κοηθεὶζεσθειι
337 2815 367 2841 0.
389 2809 392 2811 ’
406 2814 429 2829 ⁸⁸
445 2813 644 2849 συνεστήσαντο
655 2809 730 2849 susp.
747 2811 896 2845 lioeperus.
935 2810 957 2827 "
970 2810 1039 2838 lren.
1060 2817 1083 2836 ε.
1096 2809 1161 2837 liter.
1175 2810 1195 2843 l,
1209 2809 1254 2837 2t.

127 2851 160 2879 (Σ.
174 2847 217 2878 Μ.
231 2850 275 2885 qui
287 2850 310 2875 εἰ
326 2848 374 2876 καὶ
387 2853 449 2884 p05t
464 2849 518 2874 ὲντ.
537 2847 707 2874 inserendum
724 2851 824 2873 censet.

1293 2810 1315 2827 ⁶⁰
1327 2807 1367 2842 οἷς
1382 2810 1548 2845 ἐντυχόντες.
1564 2811 1586 2836 oi
1599 2810 1752 2845 ἐντυχόντες
