1934 3075
235 148 306 180 3353

972 140 1158 172 ORIGENIS

1785 140 1846 172 3355

235 212 331 233 versus
341 211 387 232 aer
400 203 519 233 tenebris
529 203 695 240 subiacens),
710 202 790 238 βάτον
809 205 911 234 autem,
927 199 1023 235 inquit,

1083 196 1134 226 Ἐν
1156 196 1236 232 ἀρχῇ
1258 197 1406 230 ἐποίησεν
1430 197 1447 223 δ
1478 197 1550 230 Θεὸς
1573 196 1628 224 τὸν
1652 195 1780 230 οὐρανὸν
1803 201 1846 224 καὶ

236 250 303 277 dixit
312 249 409 283 Moses,
422 249 485 285 quia
498 251 612 285 desuper
626 249 753 277 deorsum
764 254 860 274 omnes
879 251 1020 281 pertrans-

236 296 326 324 ierunt
350 296 418 323 lueis
429 295 545 330 species,
561 294 658 330 quibus
673 301 721 322 aer
736 290 1021 328 permeabiliswardg)

236 346 287 368 est.
300 341 357 369 Non
382 345 471 367 autem
489 340 579 367 minus
593 339 675 367 etiam
692 339 770 366 nobis
792 338 902 365 verbum
924 344 939 364 a
953 336 1022 364 rubo

237 390 330 412 notum
343 385 383 418 lit,
401 392 450 412 vox
474 385 558 417 enim,
582 384 739 419 signiﬁcans
759 383 884 416 verbum,
909 386 953 410 est
974 389 1023 409 aer

236 431 369 465 pulsatus,
386 438 440 465 quo
467 431 574 465 dempto
591 429 701 456 verbum
720 429 865 456 humanum
891 435 945 456 non
977 434 1023 455 co-

237 476 388 510 gnoscitur.
407 475 464 503 Non
478 475 566 503 solum
579 480 669 503 autem
685 475 796 502 verbum
821 474 899 502 nobis
914 480 929 500 a
944 473 1023 509 rubol

237 521 287 547 hoc
303 525 346 548 est
361 519 395 547 ab
407 527 469 548 aere
486 519 558 555 leges
574 520 621 547 dat
635 524 662 546 et
678 519 819 547 nobiscum
833 522 966 549 versatur,
975 516 1023 544 sed

236 565 307 592 enim
322 569 349 592 et
362 565 460 592 odores
475 569 502 592 et
514 565 618 593 colores
630 571 678 599 per
696 571 784 592 aerem
809 563 886 591 nobis
908 561 1023 590 faculta-

237 615 276 637 tes
286 618 349 638 suas
361 610 545 640 manifestam.

1074 244 1132 279 τὴν
1155 243 1224 279 γῆν.
1249 242 1352 269 Τοῦτον
1371 241 1445 277 λέγει
1470 241 1592 276 Μωῦσῆς
1608 241 1631 257 ’⁵
1656 242 1765 277 πύρινον
1790 241 1847 270 Θεὸν

1074 289 1129 317 ἀπὸ
1143 288 1190 315 τοῦ
1210 287 1292 323 βάτου
1309 287 1478 323 λαλήσαντα,
1496 287 1634 313 τουτέστιν
1653 286 1707 313 ἀπὸ
1726 287 1772 313 τοῦ
1794 295 1848 314 σκο-

1074 335 1164 362 τεινοῦ
1176 334 1258 370 ἀέρος
1268 341 1275 349 ·
1289 333 1370 369 βάτος
1386 333 1439 370 γάρ
1454 334 1514 360 ἔστι
1535 334 1588 365 πᾶς
1613 334 1628 359 6
1646 333 1737 360 σκότει
1752 333 1849 360 ὑποκεί-

1077 388 1158 416 μενος
1189 380 1262 414 ἀήρ·
1291 379 1371 414 βάτον
1396 379 1447 410 δὲ,
1468 378 1569 413 φησὶν,
1593 378 1690 414 εἴρηκε
1719 379 1847 414 Μωῦσῆς,

1075 427 1118 453 ὅτι
1146 424 1251 452 ἄνωθεν
1281 425 1357 451 κάτω
1385 425 1472 451 πᾶσαι
1500 423 1629 459 διέϐησαν
1655 423 1701 450 τοῦ
1730 423 1813 458 φωτὸς
1825 425 1848 451 αἰ

1077 470 1146 497 ἰδέα.
1158 469 1241 504 sum;
1252 469 1276 485 "
1289 468 1401 504 ἔχουσαι
1418 469 1463 496 τὸν
1474 468 1555 504 ἀέρα.
1574 469 1658 496 Οὐδὲν
1673 468 1701 495 δὲ
1715 466 1792 504 ἦττον
1808 471 1848 496 καὶ

1074 516 1141 551 ἡμῖν
1154 516 1168 542 ό
1184 515 1264 549 λόγος
1281 514 1335 541 ἀπὸ
1349 513 1398 541 τοῦ
1423 513 1505 549 βάτου
1522 514 1698 549 γνωρίζεται·
1717 514 1790 549 φωνὴ
1802 515 1847 550 γάρ

1075 560 1134 586 ἔστι
1148 558 1305 594 σημαντικὴ
1315 559 1362 586 τοῦ
1378 559 1458 594 λόγου
1472 559 1660 594 πλησσόμενος
1674 559 1739 595 ἀὴρ,
1756 556 1784 586 οὗ
1796 560 1848 594 δίχα

1074 605 1153 640 λόγος
1168 605 1340 641 ἀνθρώπινος
1353 605 1383 632 οὺ
1397 605 1573 640 γνωρίζεται.
1593 605 1631 632 Οὔ
1644 605 1728 640 μόνον
1741 605 1768 632 δὲ
1782 606 1795 631 ό
1808 607 1846 632 λό-

235 664 283 691 γος
298 658 363 693 ἡμῖν
376 658 430 685 ἀπὸ
442 658 489 685 τοῦ
505 658 586 694 βάτου
598 678 605 691 ,
618 657 759 685 τουτέστιν
771 657 863 692 ἀέρος,
876 655 1019 692 νομοθετεῖ
1047 653 1095 681 καὶ
1118 652 1362 688 συμπολιτεύεται,
1375 651 1445 678 ἀλλὰ
1469 651 1524 687 γὰρ
1538 651 1586 679 καὶ
1606 651 1691 687 ὀσμαὶ
1727 652 1773 678 καὶ
1786 651 1849 687 χρώ-

237 711 310 738 ματα
323 703 366 731 διὰ
389 703 436 731 τοῦ
454 705 533 740 ἀέρος
554 705 620 740 ἡμῖν
645 704 695 736 τὰς
713 703 841 738 δυνάμεις
857 703 908 734 τὰς
920 700 1017 729 ἑαυτοῦ
1036 699 1246 736 ἐμφανίζουσιν.

270 749 314 776 10.
334 749 385 776 Hic
399 749 480 784 igitur
493 750 559 777 deus
571 750 675 785 igneus,
689 749 735 784 qui
762 748 832 783 ignis
857 755 871 774 a
895 746 955 774 luce
971 754 1020 774 ex-

236 793 315 825 stitit,
335 793 464 820 mundum
478 793 541 820 fecit
557 794 594 820 ita
609 798 638 820 ut
652 792 741 820 Moses
753 792 802 825 ait,
815 791 873 826 ipse
891 798 951 818 cum
964 798 1019 818 non

236 837 366 865 subsistat
378 837 498 865 tenebris
511 843 637 872 Ianquam
654 837 806 865 substantia
825 842 915 869 utens,
929 843 1024 872 perpe-

237 888 282 910 tuo
297 883 469 910 contumeliis
485 882 604 911 alliciens
625 888 743 911 aeternas
767 882 827 910 illas
849 883 965 916 desuper
980 881 1023 908 in-

238 926 314 955 ferne
325 933 464 963 susceptas
479 928 550 957 lucis
564 933 652 956 notas.
668 927 761 964 Usque
782 927 959 964 4.20-5.21
973 927 1025 963 igi-

236 978 280 1000 tur
296 973 329 1000 ad
360 973 507 1002 Salvatoris
523 974 718 1009 apparitionem
741 981 756 1001 a
774 974 825 1001 deo
843 973 910 1001 lucis
926 974 1022 1008 ignea),

236 1017 388 1052 ilemiurgo,
405 1019 489 1045 multa
507 1018 631 1053 quadam
644 1021 704 1046 erat
728 1017 829 1046 erratio
851 1017 1025 1051 animarum;

236 1061 335 1090 animae
355 1062 461 1099 (ψυχαί)
473 1064 544 1091 enim
560 1064 626 1091 ideae
641 1063 823 1098 appellantur,
835 1065 898 1098 quia
911 1062 1024 1097 refrige-

238 1113 303 1134 rata
319 1115 333 1135 a
348 1109 475 1144 supernis
489 1109 516 1136 in
533 1109 653 1136 tenebris
663 1113 807 1143 peragunt,
837 1112 1024 1136 transmutata:

237 1161 252 1180 e
266 1154 427 1189 corporibus
440 1154 468 1182 in
481 1161 596 1189 corpora
617 1161 632 1181 a
648 1154 788 1189 demiurgo
801 1153 949 1181 custodita.
961 1153 1025 1181 Haec

238 1203 328 1226 autem
345 1199 381 1226 ita
399 1206 469 1231 esse,
493 1198 595 1233 inquit,
617 1198 680 1226 licet
705 1199 789 1225 etiam
811 1205 844 1225 ex
859 1197 909 1225 Job
926 1198 1024 1226 intelli-

241 1251 315 1279 gere,
325 1252 388 1272 cum
401 1245 467 1272 dicit
480 1253 486 1272 :
501 1243 538 1271 Et
551 1253 597 1279 ego
611 1252 668 1272 sum
686 1252 745 1272 erro
757 1249 782 1271 et
799 1243 827 1271 in
837 1244 923 1271 locum
935 1252 949 1271 e
960 1245 1024 1272 locis

237 1291 369 1318 transiens
385 1295 409 1317 et
427 1291 454 1318 in
476 1290 583 1318 domum
611 1298 643 1317 ex
656 1290 744 1323 domo,
770 1294 874 1317 etcum
896 1289 1024 1318 Salvator

237 1336 304 1363 dicit
320 1345 326 1362 :
348 1335 381 1362 Et
402 1336 424 1362 si
437 1335 516 1362 vultis
530 1335 655 1370 recipere,
667 1335 723 1370 ipse
734 1339 771 1362 ut
791 1334 882 1369 Elias,
903 1336 947 1370 qui
962 1343 1024 1362 ven-

237 1385 312 1408 turus
327 1387 377 1408 est.
403 1382 455 1414 Qui
482 1381 558 1408 habet
588 1389 664 1408 aures
688 1381 814 1408 audiendi
838 1381 943 1408 audiat.
961 1381 1024 1410 Inde

237 1431 329 1454 autem
359 1434 374 1454 a
396 1426 537 1455 Salvatore
563 1427 690 1462 migratio
716 1427 867 1454 animarum
894 1429 1023 1461 cessavit,

238 1474 304 1500 tides
320 1481 385 1501 vero
400 1473 561 1508 praedicatur
576 1473 610 1500 ad
627 1472 815 1500 remissionem
837 1477 1023 1508 peccatorum.

1111 743 1137 772 t'.
1156 741 1240 775 Οὗτος
1253 740 1301 770 οὖν
1314 744 1328 770 6
1340 742 1484 779 πυροειδὴς
1500 742 1560 774 θεὸς
1567 742 1604 776 ⁷⁷,
1619 743 1633 769 6
1644 742 1699 779 πῦρ
1713 743 1766 770 ἀπὸ
1775 745 1849 778 φωτὸς

1073 790 1218 825 γενόμενος
1250 789 1384 824 πεποίηκε
1411 789 1458 816 τὸν
1486 789 1587 824 κόσμον
1610 788 1718 821 οὕτως,
1739 789 1775 820 ὥς
1794 798 1849 824 φησι

1039 827 1061 855 Β
1073 835 1196 870 Μωῡσῆς
1208 854 1215 867 ,
1231 834 1313 866 αὐτὸς
1336 834 1373 861 ὢν
1388 834 1576 866 ἀνυπόστατος
1588 853 1596 865 .
1612 835 1710 866 σκότος
1731 834 1796 869 έχων
1808 835 1850 870 τὴν

1072 881 1179 913 οὐσίαν,
1197 880 1350 916 ἐνυϐρίζων
1369 880 1414 907 ἀεὶ
1434 881 1490 911 τοῖς
1510 879 1744 915 κατειλημμένοις
1762 880 1850 907 ἀνωθεν

1073 927 1149 954 κάτω
1160 926 1208 953 τοῦ
1225 927 1231 960 |
1246 926 1335 961 φωτὸς
1346 925 1466 958 αἰωνίοις
1477 924 1515 961 [ρ.
1526 925 1590 958 266,
1601 925 1666 962 26⁵1]
1681 926 1849 962 χαρακτῆρσι.

1072 973 1162 1008 Μέχρι
1174 972 1223 1008 μὲν
1235 971 1282 999 οὖν
1295 973 1345 1008 τῆς
1360 972 1407 999 τοῦ
1420 972 1545 1007 Σωτῆρος
1559 972 1741 1007 φανερώσεως
1753 972 1802 999 ὑπὸ
1812 973 1850 998 τοῦ

1073 1018 1141 1045 Θεοῦ
1162 1018 1209 1045 τοῦ
1230 1019 1320 1053 φωτὸς
1341 1018 1388 1044 τοῦ
1413 1017 1573 1054 πυρώδους,
1602 1017 1649 1044 τοῦ
1677 1018 1849 1053 δημιουργοῦ,

1073 1064 1158 1100 πολλή
1173 1072 1215 1096 τις
1239 1061 1273 1099 ἦν
1289 1063 1377 1099 πλάνη
1393 1063 1446 1090 τῶν
1456 1063 1564 1098 ψυχῶν·
1575 1063 1660 1098 ψυχαί
1676 1064 1733 1098 γὰρ
1748 1065 1774 1090 αἰ
1794 1065 1851 1092 ἰδέαι

1073 1109 1239 1143 καλοῦνται,
1258 1109 1298 1135 δτι
1315 1109 1500 1143 ἀποψυγεϊσαι
1518 1109 1573 1135 τῶν
1586 1108 1642 1135 ἄνω
1655 1109 1686 1135 ὲν
1702 1109 1790 1136 σκότει
1801 1109 1850 1136 δια-

1072 1154 1191 1186 τελοῦσι,
1217 1154 1455 1190 μεταϐαλλόμεναι
1469 1154 1502 1180 ὲκ
1523 1154 1657 1190 σωμάτων
1679 1155 1720 1186 εἰς
1735 1154 1849 1189 σώματα.

1074 1199 1127 1226 ὑπὸ
1148 1199 1196 1227 τοῦ
1221 1199 1392 1235 δημιουργοῦ
1412 1198 1616 1234 φρουρούμενα.
1648 1199 1714 1226 Ὂτι
1738 1199 1765 1226 δὲ
1787 1200 1849 1225 τοῦθ’

1074 1244 1160 1277 οὕτως
1174 1245 1243 1280 ἔχει,
1262 1245 1356 1281 φησὶν,
1371 1244 1476 1271 ἔνεστιν
1488 1245 1512 1260 ⁷⁵
1523 1245 1570 1272 καὶ
1587 1245 1620 1272 ὲκ
1633 1244 1682 1272 τοῦ
1703 1244 1763 1272 Ίὼϐ
1778 1254 1850 1272 κατα-

1074 1291 1168 1326 νοῆσαι
1180 1290 1304 1325 λέγοντος
1313 1297 1319 1304 ⁸
1335 1289 1389 1317 Καὶ
1401 1289 1459 1325 ἐγὼ
1472 1290 1493 1306 τ’
1508 1290 1657 1325 πλανῆτις
1673 1290 1697 1306 ⁸⁸
1708 1290 1757 1317 καί
1770 1291 1850 1317 τόπον

1073 1337 1108 1364 ἐκ
1127 1337 1227 1364 τόπων
1254 1336 1481 1371 μεταϐαίνουσα
1503 1337 1553 1364 καὶ
1568 1337 1668 1363 οὶκίαν
1691 1337 1727 1368 ἐξ
1745 1337 1848 1369 οἰκίας,

1075 1383 1123 1409 καὶ
1136 1382 1181 1409 τοῦ
1195 1382 1324 1418 Σωτῆρος
1343 1382 1470 1416 λέγοντος
1480 1390 1487 1398 ι
1507 1382 1561 1409 Καὶ
1579 1383 1605 1409 εί
1618 1382 1724 1410 θέλετε
1738 1383 1759 1398 ⁶¹
1774 1383 1849 1415 δέξα-

1073 1428 1155 1459 σθαι,
1170 1427 1260 1460 αὺτός
1274 1427 1361 1454 ἐστιν
1383 1427 1482 1460 Ἠλίας
1500 1427 1643 1462 ὀμέλλων
1657 1428 1807 1462 ἔρχεσθαι.
1825 1428 1850 1454 '0

1052 1501 1059 1512 θ
1075 1472 1154 1508 ἔχων
1165 1470 1225 1500 ὦτα
1250 1473 1373 1500 ἀκούειν
1387 1472 1530 1500 ἀκουέτω.
1556 1473 1622 1499 me
1637 1473 1664 1500 δὲ
1680 1473 1728 1500 τοῦ
1742 1474 1850 1509 Σωτῆρος

237 1519 295 1546 Tali
309 1519 425 1554 quodam
446 1519 526 1547 modo
551 1519 708 1554 unigenitus
734 1518 805 1546 filius
820 1518 875 1553 ille,
894 1526 955 1547 cum
969 1527 1022 1547 a30-

1078 1517 1326 1552 μετενσωμάτωσις
1345 1517 1503 1549 πέπαυται.
1529 1517 1621 1550 πίστις
1648 1518 1677 1544 δὲ
1696 1519 1850 1554 κηρύσσεται

234 1571 311 1600 nmn,
333 1566 378 1601 qui
396 1573 477 1601 supra
491 1569 566 1598 sunt,
583 1565 660 1593 ideas
673 1564 778 1592 videret
797 1566 912 1600 desuper
930 1569 1021 1592 trans-

237 1617 355 1640 mutatas
385 1612 412 1639 in
441 1610 617 1650 tenebric'osis
640 1610 809 1646 corporibus,
832 1610 948 1639 liberare
975 1618 1022 1639 eas

237 1658 407 1694 descendens.
419 1657 513 1685 voluit.
531 1656 598 1685 Cum
615 1661 704 1684 autem
734 1656 826 1690 sciret,
849 1661 879 1684 ut
893 1656 1023 1693 .pleroma

241 1704 429 1731 universorum
445 1710 550 1730 :eonum
571 1702 650 1729 simul
664 1702 798 1735 viderent,
814 1709 849 1730 ne
864 1709 956 1730 tones
967 1702 1024 1737 qui-

238 1749 298 1776 dem
329 1747 430 1780 vzlere,
468 1747 514 1775 sed
541 1751 733 1775 consternatos
762 1753 810 1775 eos
832 1747 1024 1782 wrruptibiles

236 1794 438 1828 corruptionem
476 1792 554 1827 pati,
592 1792 780 1827 magnitudine
816 1797 844 1820 et
869 1791 1024 1834 _splendore

236 1839 379 1874 potestatis
405 1843 544 1872 correptos
564 1847 572 1866 :
599 1838 689 1873 coegit
714 1845 746 1866 se
782 1842 909 1874 tanquam
932 1838 1024 1874 fulgur

236 1886 385 1912 maximum
400 1885 426 1912 in
447 1885 560 1912 minimo
580 1891 707 1918 corpore,
732 1884 786 1912 imo
812 1891 878 1912 vero
891 1890 1021 1920 tanquam

236 1932 326 1959 lumen
348 1930 420 1959 oculi
448 1930 499 1958 sub
527 1929 664 1965 palpebris
695 1934 831 1964 coactum,
850 1935 877 1958 et
900 1930 1024 1965 pervenit

236 1985 321 2012 usque
334 1977 367 2004 ad
379 1976 489 2010 cmlum,
504 1975 656 2011 stellisque,
674 1983 734 2012 quae
747 1976 782 2004 ibi
796 1980 870 2008 sunt,
887 1975 1024 2004 contactis

237 2031 330 2051 rursus
346 2029 377 2051 se
401 2023 474 2058 cogit
502 2021 553 2049 sub
576 2021 716 2057 palpebris
737 2021 808 2052 oculi
833 2022 942 2057 quando
954 2021 1022 2049 vult.

235 2069 364 2104 Idemque
385 2076 446 2096 cum
474 2067 540 2095 facit
561 2067 653 2095 lumen
680 2067 763 2100 oculi,
784 2068 855 2103 quod
878 2073 906 2095 et
923 2068 1024 2103 ubique

235 2115 343 2143 exsistit
363 2119 390 2142 et
410 2113 518 2146 omnia,
537 2113 616 2141 nobis
640 2117 686 2142 est
710 2113 859 2148 occultum,
886 2114 1023 2142 cernimus

1075 1563 1116 1594 εἰς
1139 1562 1235 1598 ἄφεσιν
1254 1563 1406 1599 ἁμαρτιῶν.
1430 1563 1555 1590 Τοιοῦτόν
1568 1572 1629 1590 τινα
1644 1564 1747 1600 τρόπον
1761 1566 1774 1591 6
1785 1573 1848 1600 μονο-

1076 1608 1158 1643 γενὴς
1173 1608 1238 1640 Υἱὸς
1252 1609 1368 1640 ἐκεῖνος,
1385 1609 1400 1635 6
1414 1609 1469 1635 τῶν
1483 1609 1590 1636 αἰώνων
1609 1610 1716 1637 ἄνωθεν
1731 1610 1778 1642 τὰς
1793 1610 1851 1642 ίδέας

1078 1653 1185 1688 βλέπων
1204 1654 1253 1686 τὰς
1265 1654 1368 1681 ἄνωθεν
1383 1654 1621 1690 μεταϐαλλομένας
1637 1656 1667 1682 ὲν
1686 1657 1743 1689 τοῖς
1762 1650 1851 1683 σκοτει-

1076 1700 1132 1731 νοῖς
1146 1698 1274 1734 σώμασι,
1301 1699 1435 1736 ῥύσασθαι
1455 1700 1593 1727 κατελθὼν
1615 1701 1763 1737 ἠθέλησεν.
1779 1701 1851 1732 E1641»;

1077 1744 1117 1778 δὲ,
1133 1745 1174 1772 ὅτι
1194 1745 1224 1772 τὺ
1249 1744 1389 1780 πλήρωμα
1402 1745 1457 1772 τῶν
1473 1746 1542 1773 ὅλων
1557 1746 1664 1774 αἰώνων
1683 1747 1744 1775 οὐδὲ
1761 1748 1784 1774 οἰ
1796 1747 1850 1773 αἰῶ-

1076 1800 1121 1824 νες
1133 1791 1231 1827 ἀθρόον
1240 1791 1263 1808 ⁸⁸
1279 1792 1344 1820 ἰδεῖν
1355 1792 1546 1828 ὑπομένουσιν,
1560 1794 1629 1821 ἀλλὰ
1644 1795 1850 1829 καταπλαγέντες

1077 1837 1102 1864 οἰ
1119 1838 1142 1854 ⁸³
1161 1837 1276 1874 φθαρτοὶ
1288 1838 1391 1874 φθορὰν
1407 1839 1573 1875 ὑπομένουσι
1587 1859 1596 1873 ,
1614 1841 1729 1875 μεγέθει
1744 1843 1788 1868 καὶ
1799 1841 1850 1876 δόξῃ

1077 1883 1218 1919 δυνάμεως
1251 1884 1464 1919 κατειλημμένοι
1479 1904 1486 1917 ,
1516 1886 1658 1918 συστείλας
1699 1887 1790 1916 ἑαυτὸν
1819 1886 1850 1918 ὼς

1077 1929 1222 1965 ἀστραπὴν
1238 1929 1372 1965 μεγίστην
1388 1930 1417 1956 ἐν
1436 1930 1572 1967 ἐλαχίστῳ
1587 1931 1707 1968 σώματι,
1724 1932 1816 1968 μᾶλλον
1827 1932 1850 1958 δὲ

1077 1974 1116 2006 ὡς
1135 1975 1194 2009 φῶς
1215 1974 1304 2008 ὅψεως
1323 1975 1375 2001 ὑπὸ
1398 1977 1454 2008 τοῖς
1474 1977 1622 2012 βλεφάροις
1642 1977 1850 2013 συνεσταλμένον,

1077 2019 1223 2052 ἐξικνεῖται
1243 2020 1341 2055 μέχρις
1358 2020 1487 2056 οὐρανοῦ,
1513 2023 1561 2050 καὶ
1582 2023 1637 2050 τῶν
1655 2023 1779 2060 ἀστέρων
1799 2023 1849 2049 ὲπι⁸

1076 2065 1185 2101 ψαύσας
1198 2066 1253 2093 τῶν
1267 2066 1292 2083 ⁸⁸
1308 2067 1366 2093 ἐκεῖ
1381 2066 1462 2094 πάλιν
1475 2067 1573 2095 ἑαυτὸν
1588 2068 1732 2095 συστέλλει
1746 2068 1795 2095 ὑπὸ
1805 2069 1851 2097 τοῖς

1077 2112 1222 2148 βλεφάροις
1248 2112 1298 2146 τῆς
1337 2113 1425 2148 ὅψεως
1449 2113 1494 2140 ὅτε
1518 2114 1651 2150 βούλεται.
1680 2114 1736 2142 Καὶ
1751 2114 1822 2141 τοῦτο
1833 2113 1850 2127 ⁵⁵

237 2166 327 2188 autem
347 2167 397 2188 nos
411 2160 449 2187 nil
461 2159 514 2187 nisi
530 2158 602 2186 oculi
623 2158 776 2194 palpebras,
795 2158 909 2194 angulos
929 2159 1023 2187 candi-

1079 2157 1173 2186 ποιοῦν
1194 2158 1224 2185 τδ
1246 2158 1305 2193 φῶς
1321 2159 1371 2195 τῆς
1395 2158 1482 2194 ὅψεως
1493 2179 1501 2192 ,
1516 2160 1565 2187 καὶ
1579 2161 1705 2196 πανταχῆ
1726 2161 1849 2195 γινόμενον

239 2205 298 2238 dos,
317 2204 501 2232 membranam
514 2203 616 2236 laxam,
631 2203 781 2237 sinuosam,
802 2210 942 2236 venosam,
954 2205 1025 2232 tuni-

239 2258 299 2278 cam
314 2257 452 2284 corneam,
466 2250 516 2278 sub
531 2257 563 2277 ea
589 2254 677 2277 autem
695 2249 825 2285 pupillam
845 2257 1023 2284 racemosam,

241 2296 426 2328 reticulatam,
450 2295 647 2328 orbiculatam,
667 2295 727 2322 etsi
749 2302 809 2329 quae
836 2294 896 2322 alia:
914 2295 1024 2323 luminis

237 2343 308 2370 oculi
325 2346 387 2370 sunt
404 2342 513 2374 tunicae,
530 2341 629 2376 quibus
645 2340 773 2367 vestitum
791 2339 954 2368 occultatum
969 2344 1022 2368 est.

236 2389 287 2421 Ita,
301 2388 405 2423 inquit,
433 2387 587 2422 unigenitus
610 2385 680 2414 illius
698 2393 814 2420 superne
829 2390 958 2420 aeternus,
975 2393 1023 2413 sn-

236 2434 393 2470 perindutus
410 2432 560 2460 secundum
575 2431 698 2467 singulos
715 2438 836 2466 quosque
854 2431 926 2458 tertii
939 2431 1022 2460 monis

235 2487 333 2514 mortes,
352 2487 414 2508 cum
429 2479 533 2507 exstitit
550 2478 577 2505 in
598 2478 767 2506 triacontade
792 2484 910 2511 zeonum,
935 2478 1023 2505 intro-

1081 2204 1130 2231 καὶ
1154 2203 1261 2236 πάντα,
1285 2205 1352 2240 ἡμῖν
1372 2205 1446 2232 ἔστιν
1470 2205 1594 2240 ἀφανὲς,
1612 2206 1695 2241 μόνον
1715 2206 1743 2233 δὲ
1757 2205 1849 2241 ὁρῶμεν

1077 2248 1160 2284 ἡμεῖς
1174 2248 1262 2284 ὅψεως
1279 2248 1414 2284 βλέφαρα,
1434 2249 1551 2282 κανθοὺς
1566 2249 1683 2282 λευκοὺς
1694 2270 1702 2282 ,
1719 2251 1800 2286 ὑμένα
1812 2248 1849 2275 εὑ-

1079 2295 1127 2330 ρὺν
1145 2295 1168 2311 ⁸⁸
1185 2295 1357 2330 πολύπτυχον
1379 2295 1566 2332 πολυκτηδόνα
1588 2296 1622 2329 ⁸⁷,
1638 2297 1739 2332 χιτῶνα
1753 2304 1849 2331 κερατο-

1076 2341 1153 2376 ειδῆ,
1189 2341 1242 2368 ὕπὸ
1266 2341 1295 2368 δὲ
1323 2342 1416 2370 τοῦτον
1444 2343 1528 2379 κόρην
1554 2344 1700 2380 ῥαγοειδῆ,
1726 2342 1848 2379 ἁμφιϐλη-

1079 2387 1213 2422 στροειδῆ,
1227 2387 1374 2423 δισκοειδῆ,
1391 2388 1439 2415 καὶ
1452 2389 1557 2421 εῐτινες
1568 2390 1645 2417 ἄλλοι
1659 2389 1704 2416 τοῦ
1717 2390 1798 2425 φωτὸς
1807 2388 1848 2422 τῆς

1077 2431 1164 2466 ὖψεώς
1187 2433 1241 2459 είσι
1267 2433 1400 2468 χιτῶνες.
1424 2433 1472 2466 οὓς
1497 2435 1676 2470 ἑατολισμένη
1701 2435 1847 2470 κέκρυπται-

1077 2477 1171 2509 οὖτως
1184 2499 1191 2511 ,
1215 2479 1319 2513 φησὶν,
1334 2479 1348 2505 ό
1371 2479 1518 2515 μονογενὴς
1541 2481 1606 2512 παῖς
1629 2480 1734 2508 ἄνωθεν
1756 2479 1848 2509 αἰώνιος

866 2553 987 2581 VARUS
1006 2552 1207 2582 LECTIONES.

272 2624 295 2640 "
309 2623 351 2651 Cl.
366 2623 389 2651 ιι
404 2623 477 2660 Mos.
498 2631 539 2656 ιιι,
556 2622 583 2651 2.
601 2623 625 2639 "
636 2622 732 2660 βατόν.Δ
744 2622 824 2660 βάτον
833 2622 867 2654 C,
880 2621 915 2654 Μ,
924 2621 970 2657 qui
981 2620 1038 2660 iam
1055 2621 1333 2660 observavitpogetas
1344 2624 1392 2660 ihic
1403 2625 1430 2652 in
1448 2625 1548 2652 verbali
1563 2625 1644 2660 βατόν
1654 2625 1761 2653 ludere:
1776 2622 1846 2660 πάτρν

237 2659 259 2688 si
277 2667 329 2686 non
349 2655 535 2690 scribendum,
545 2663 574 2684 at
585 2655 658 2685 certe
672 2655 834 2686 audiendum
849 2665 910 2686 esse
925 2655 1000 2690 putat
1013 2655 1164 2690 Roeperus.

236 2695 307 2730 quite
323 2698 464 2727 apparent.
481 2693 516 2720 M.
554 2692 578 2709 ⁷⁵
593 2693 681 2719 ἔνεστι
693 2693 724 2721 C.
761 2693 784 2709 "
800 2691 850 2719 Job
879 2699 909 2733 ιι2
922 2692 948 2719 9.
965 2711 972 2718 .
989 2711 997 2718 .
1014 2692 1061 2718 καὶ
1075 2691 1130 2725 ἐγὼ
1143 2692 1273 2742 πλανῆτις
1295 2694 1343 2720 καὶ¹
1357 2694 1451 2730 λάτρις
1479 2695 1562 2722 τόπον
1577 2696 1609 2722 ἐκ
1623 2691 1708 2722 τόπου
1720 2701 1844 2742 περιερχρ·

240 2729 304 2742 μμ...
318 2729 361 2742 ..-ι
377 2727 463 2742 -r..t....
477 2728 505 2742 ιε
522 2728 608 2742 -r..t--
636 2737 652 2742 ι,
683 2736 698 2742 -
724 2727 735 2742 ι
787 2727 810 2742 Io
824 2727 958 2742 ..η-...ινα
984 2726 1124 2742 manust-..—
1139 2725 1159 2742 r‘
1207 2727 1218 2742 ι
1248 2728 1328 2742 unus.
1357 2737 1383 2742 -.
1413 2730 1441 2742 ιι
1471 2730 1503 2742 ιε
1554 2730 1576 2742 ιι
1596 2730 1693 2742 ειμι-..
1726 2730 1746 2742 _:
1765 2727 1805 2742 ιο.
1833 2734 1844 2742 ι.

239 2702 307 2730 quite
323 2701 464 2727 apparent.
481 2701 516 2720 ιιι,
556 2701 578 2709 ὐ
593 2701 681 2719 ενεστι
693 2701 724 2721 ι..
764 2701 784 2709 ι·
800 2701 850 2719 son
879 2701 909 2733 n_,
922 2701 948 2719 ν.
965 2711 972 2718 .
989 2711 997 2718 .
1014 2701 1061 2718 και
1075 2701 1130 2725 εγω
1143 2701 1273 2742 πλανἿτις
1295 2701 1343 2720 και
1357 2701 1451 2730 Αατρις
1479 2701 1562 2722 τόπον
1577 2701 1609 2737 εκ
1623 2701 1708 2722 τοπου
1720 2701 1807 2735 περιερ
1822 2701 1829 2717 ε

239 2729 306 2766 μένη
318 2729 364 2754 καὶ
376 2727 463 2754 οἰκίαν
477 2728 506 2760 ἐξ
522 2728 618 2760 οἰκίας,
636 2737 662 2754 κ.
683 2736 708 2755 τ.
724 2727 749 2755 λ.
787 2727 810 2743 ¹⁰
824 2727 968 2762 πλανητις.
984 2726 1124 2761 πλανήτης
1207 2727 1218 2742 ⁸
1246 2728 1340 2755 Matth.
1357 2737 1396 2761 xi,
1412 2730 1456 2762 M,
1470 2730 1515 2757 15.
1554 2730 1576 2746 ⁸¹
1593 2730 1703 2766 αθρόον.
1724 2738 1748 2756 οι
1763 2701 1829 2787 ἁθρόα

239 2765 268 2787 IL
289 2764 313 2787 nl
330 2763 422 2787 ἁθῦόοι
449 2763 515 2787 Chr.
546 2763 725 2787 Pelersenius.
762 2761 785 2778 ⁸³
804 2763 838 2787 ol.
855 2762 912 2787 ὡςῖ
929 2761 994 2787 Clll'.
1013 2761 1199 2787 Petersenius.
1237 2762 1260 2778 ”
1277 2763 1431 2787 ὲπιὼαύσαξ
1449 2764 1515 2787 τῶν.
1533 2764 1742 2787 ἑπιώαυσάντων
1755 2763 1782 2787 C.
1806 2769 1829 2786 πι

1214 2658 1237 2695 Ῐτ
1255 2657 1320 2687 Voe.
1336 2659 1403 2695 Θεὸς
1423 2667 1533 2687 exesum
1543 2679 1550 2691 ,
1563 2657 1618 2687 ‘sed
1637 2660 1780 2695 compendii
1795 2658 1845 2685 reli-

1823 2734 1844 2752 ιν

236 2761 268 2796 C,
289 2761 313 2790 οι
330 2763 438 2799 ἁθρόοι-
449 2763 515 2799 Chr.
545 2763 731 2799 lietersenius,
762 2761 838 2799 "3i.
855 2762 912 2799 ᾠςῖ
929 2761 995 2799 (ἒίιιιε
1013 2761 1199 2799 Petersenius.
1226 2762 1260 2799 A”
1274 2763 1431 2799 scripsti”;
1449 2761 1515 2792 τῶν.
1533 2761 1742 2799 ἑπιψαῦσάντων
1755 2763 1782 2795 C,
1794 2761 1843 2799 ὲριι-

237 2795 398 2835 φαυσάντων
486 2797 508 2814 ⁸⁸
521 2797 611 2824 τοῦτο.
631 2797 734 2835 ἷαὺτόζ
787 2797 811 2814 ⁸⁸
825 2797 912 2832 ὑμένα
931 2796 1024 2831 εὐρύν.
1039 2795 1146 2835 ’ὑμένας
1160 2798 1203 2832 ῥίν
1219 2796 1252 2835 ρ,
1269 2795 1356 2834 ὑμένα
1379 2795 1506 2835 σάρκινον
1535 2795 1686 2835 Roéperus.

1738 2796 1842 2824 ’ττιολυ-

241 2830 366 2870 ίιτηδόνα.
392 2832 558 2867 πολύκτηνον
577 2839 620 2867 pr.
634 2832 666 2865 C,
684 2832 779 2874 eadem
793 2830 873 2859 manu
892 2830 1024 2859 mutatum
1039 2830 1290 2867 ἰιιπολυκτηνδόναζ
