1934 3075
195 137 266 169 3365

937 131 1081 161 ORIGEN
1085 131 1120 161 IS

1763 124 1830 160 3366

192 193 266 225 sivit,
289 197 317 220 et
331 189 401 225 quod
419 188 550 217 domitum
567 192 619 222 est,
634 188 686 215 hoc
705 194 764 215 esse
784 186 911 213 mundum
931 186 980 218 ait,

1040 184 1104 212 ιῖναι
1127 185 1229 222 κόσμον
1247 186 1332 221 λέγει,
1359 185 1390 213 τὸ
1404 173 1432 213 δξ
1452 186 1549 222 ἄγριον
1572 185 1666 221 μένειν
1700 183 1750 210 καὶ
1765 183 1829 219 ὕλην

193 237 266 266 aliud
289 242 379 264 atttem
396 235 482 263 ferum
507 242 618 262 manere
641 239 668 261 ct
687 233 829 261 materiam
852 232 984 268 appellari

193 285 371 314 inconditam.
404 282 479 310 llanc
505 281 682 310 substantiam
709 288 769 308 esse
797 279 985 307 universorum

194 334 270 366 dicit,
292 333 369 367 quasi
393 339 489 358 novum
511 329 600 357 ferens
626 329 720 363 dogma
744 327 882 361 discipulis
909 326 984 359 suis;

197 389 251 408 non
267 386 355 407 autem
371 378 506 412 cogitabat
520 376 686 404 Socraticam
704 375 773 402 hanc
785 381 844 401 esse
857 373 986 405 fabulam,

196 435 210 453 a
237 426 349 453 Platone
373 423 468 451 melius
492 430 572 457 quam
597 422 630 449 ab
654 421 821 456 Hermogene
840 419 985 447 excultam.

195 472 333 500 Christum
350 475 438 498 autem
464 468 547 496 filium
572 475 632 495 esse
653 466 752 493 fatetur
771 465 830 499 Dei,
853 465 899 500 qui
926 464 988 492 uni-

195 525 302 545 versum
318 516 462 547 creaverit,
475 516 598 547 Ieumque
619 519 634 540 e
648 512 752 547 virgine
772 517 864 539 natum
881 517 941 538 esse
960 515 988 538 et

197 561 301 597 Spiritu
324 560 467 588 conﬁtetur
479 558 627 586 secundum
647 556 852 592 Evangeliorum
875 563 985 589 vocem;

196 616 288 644 quem,
310 611 452 642 postquam
475 612 573 640 passus
595 603 640 635 sit,
665 602 854 630 resuscitatum
878 601 904 628 in
926 608 988 628 cor-

197 662 263 690 pore
279 653 437 688 apparuisse
454 651 593 686 discipulis
614 654 642 677 et
660 649 685 676 in
705 648 788 676 caelos
804 651 986 675 revertentem

197 700 224 728 in
250 700 308 728 sole
329 705 426 733 corpus
454 696 605 731 reliquisse,
629 695 714 731 ipsum
739 701 803 721 vero
828 693 861 719 ad
875 691 985 719 Patrem

196 745 367 779 tnigravisse.
391 743 558 771 Testimonio
575 746 666 769 autem
686 740 770 768 utitur
784 739 920 766 arbitrans
943 739 987 766 de-

197 792 271 819 fundi
295 799 325 819 se
340 799 389 826 per
403 790 524 821 ell‘atum,
541 789 612 824 quod
633 788 772 824 psalmista
794 786 876 814 David
900 786 984 813 dicit:

198 832 232 859 In
249 833 303 860 sole
321 833 407 866 posuit
422 831 620 858 tabernaculum
640 837 728 862 suum,
744 834 769 856 et
786 829 842 862 ipse
858 833 985 862 tanquam

198 886 309 911 mansa:
331 877 472 912 procedens
501 873 532 903 de
564 876 679 902 thalamo
706 883 772 904 suo.
799 874 939 902 exsultabit
960 878 989 900 ut

199 925 273 959 gigas
293 924 326 950 ad
343 923 500 950 cun-endam
518 922 596 950 viam.
620 921 682 949 Haec
695 921 776 956 igitur
789 926 816 949 et
840 920 990 956 Hermoge-

200 977 250 997 nes
265 969 482 1004 aggrediebatur.

237 1014 280 1042 18.
301 1014 355 1040 Alii
381 1019 469 1040 autem
487 1012 595 1048 quidam
618 1016 713 1038 natura
737 1010 858 1045 litigiosi,
875 1010 988 1038 scicntia

200 1059 320 1092 indocti,
350 1059 470 1086 moribus
491 1057 669 1094 pugnaciores
692 1056 831 1084 declarant
859 1061 988 1090 oportere

199 1105 303 1132 Pascha
319 1104 362 1132 die
377 1108 470 1139 quarta
487 1103 590 1130 decima
617 1101 696 1137 primi
721 1102 823 1128 mensis
847 1101 988 1129 observari

201 1151 350 1179 secundum
373 1150 439 1185 legis
462 1150 629 1182 institutum,
658 1149 685 1175 in
708 1155 896 1182 quamcunque
917 1147 987 1175 diem

201 1196 252 1232 (sc.
277 1195 463 1231 hebdomadis)
488 1194 623 1227 inciderit,
651 1193 832 1228 suspicientes
858 1194 893 1225 id,
917 1193 988 1228 quod

199 1242 330 1276 scriptum
346 1245 386 1268 est
403 1241 428 1267 in
445 1241 512 1274 lege,
535 1238 706 1266 maledictum
724 1237 781 1265 fore
798 1244 859 1264 cum
871 1237 915 1272 qui
933 1246 986 1265 non

200 1286 237 1314 ita
256 1289 449 1314 observaturus
462 1286 509 1318 sit,
527 1290 555 1311 ut
567 1284 731 1319 praecipitur,
746 1291 798 1310 non
813 1284 984 1311 attendentes

199 1331 235 1359 ad
249 1332 287 1362 id.
302 1332 374 1365 quod
391 1331 432 1358 lex
445 1331 592 1358 constitttta
610 1335 651 1357 est
663 1329 763 1357 ludatis
776 1337 868 1356 verum
884 1329 988 1356 Pascha

200 1377 358 1410 sublaturis,
376 1377 445 1410 quod
460 1377 492 1403 ad
514 1381 608 1411 gentes
625 1376 730 1402 transiit
751 1380 778 1402 et
793 1375 846 1403 ﬁde
863 1375 989 1410 intelligi-

202 1427 256 1454 tur,
271 1430 323 1449 non
340 1422 427 1449 littera
445 1429 515 1448 nunc
530 1421 690 1448 observatur
705 1430 711 1447 :
726 1420 770 1455 qui
787 1420 819 1447 ad
837 1420 887 1447 hoc
907 1428 988 1448 unum

201 1464 374 1492 attendentes
392 1468 554 1499 praeceptum
572 1470 624 1489 non
643 1462 791 1496 respiciunt
809 1461 846 1493 id,
862 1463 932 1496 quod
945 1462 988 1488 di-

200 1515 272 1538 ctum
293 1514 334 1537 est
349 1510 382 1537 ab
398 1509 547 1543 Apostolo:
564 1507 700 1542 Testiﬁcar
722 1508 793 1534 omni
815 1507 917 1534 homini
937 1508 989 1534 cir-

201 1556 358 1583 cumcidenti
384 1564 421 1588 se,
446 1555 569 1590 quoniam
595 1554 697 1581 debitor
712 1558 752 1581 est
772 1554 903 1581 universa:
924 1553 988 1588 legis

201 1603 341 1637 faciendun
363 1602 389 1629 In
411 1601 523 1636 reliquis
538 1605 627 1628 autem
647 1601 672 1627 hi
689 1600 836 1627 concinunt
849 1608 910 1627 cum
932 1607 991 1627 nm-

201 1648 292 1681 uibus,
305 1656 366 1683 qua:
380 1647 506 1675 Ecclesia:
523 1647 556 1675 ab
573 1647 702 1682 apostolis
719 1646 814 1674 tradita
832 1650 904 1674 sunt.

236 1730 423 1767 436-437
445 1730 487 1758 l9.
506 1729 556 1757 Alii
575 1735 663 1756 autem
681 1734 708 1757 et
725 1729 774 1764 ipsi
793 1734 886 1757 natura
905 1731 991 1765 magis

202 1777 334 1808 ltmrctit-i.
347 1785 444 1811 genere
456 1777 588 1811 Phryges,
602 1777 781 1811 praeoccupati
794 1785 808 1804 a
824 1777 990 1805 mulierculis

202 1822 306 1856 decepti
320 1827 393 1854 sunt,
408 1821 529 1848 Priscilla
544 1822 659 1855 quadam
673 1827 701 1849 et
714 1822 859 1849 Maximilla
872 1823 989 1856 vocatis,

203 1875 272 1902 quas
288 1867 473 1902 prophetissas
488 1873 548 1893 esse
565 1872 676 1900 putant,
693 1868 814 1894 dicentes
827 1868 853 1894 in
869 1876 915 1896 eas
929 1876 990 1896 ces-

202 1914 272 1940 sisse
289 1913 458 1940 Paracletum
475 1913 625 1948 Spiritum;
642 1918 669 1940 et
683 1915 826 1948 quemdam
842 1919 903 1942 alite
919 1915 990 1950 ipsas

202 1958 358 1986 Montanum
377 1959 458 1986 simili
477 1960 556 1986 modo
573 1960 712 1986 celebrant
730 1966 854 1995 tanquam
872 1962 989 1997 prophe-

203 2009 268 2035 tam.
281 2012 396 2039 quorum
410 2005 493 2033 libros
506 2006 624 2032 infinitos
636 2006 766 2033 habentes
778 2008 916 2040 aberrant.
928 2017 989 2036 cum

202 2059 290 2085 neque
303 2059 363 2087 quae
379 2052 412 2078 ab
428 2052 460 2078 iis
475 2053 545 2078 dicta
562 2056 624 2079 sunt
639 2052 744 2079 ratione
755 2052 890 2087 judicent,
905 2062 991 2089 neqtte

202 2098 235 2124 ad
257 2105 314 2129 eos,
338 2097 382 2131 qui
403 2097 525 2132 judicare
548 2103 670 2132 possunt.
694 2106 754 2126 sese
776 2099 922 2133 applicent,
943 2101 991 2128 sed

201 2143 261 2170 sine
284 2143 387 2177 judicio
416 2143 512 2170 liducia
539 2143 566 2170 in
595 2143 628 2170 iis
653 2143 784 2170 collocuti
809 2143 989 2178 adducantur,

202 2188 278 2222 plura
305 2190 427 2223 qtucdam
456 2197 504 2223 per
529 2197 575 2216 eos
599 2190 721 2217 dicentes
749 2194 835 2216 semet
859 2190 987 2218 didicisse
1004 2208 1025 2235 Β

201 2242 283 2269 quam
309 2242 341 2261 ex
367 2235 425 2268 lege
448 2240 475 2262 et
499 2236 640 2270 prophetis
662 2235 876 2269 evangeliisque.
900 2235 987 2271 Supra

202 2278 338 2311 aposmlos
351 2283 440 2306 autem
454 2284 480 2306 et
493 2281 671 2314 quodcunque
683 2279 819 2306 charisma
835 2279 916 2307 hasce
929 2289 988 2307 mu-

200 2323 328 2352 lierculas
347 2325 491 2357 extollunt,
513 2325 549 2352 ita
572 2329 601 2351 ut
621 2325 730 2360 quidam
753 2333 846 2353 eorum
870 2325 989 2354 audeant

200 2369 289 2404 majus
307 2370 415 2405 aliquod
433 2378 513 2404 quam
531 2370 668 2398 Christum
688 2371 780 2398 dicere
798 2371 825 2399 in
842 2371 881 2399 eis
901 2372 987 2399 exsti-

194 2416 278 2444 ‘tisse.
293 2415 324 2443 Hi
341 2417 449 2452 quidem
465 2422 568 2450 patrem
585 2418 702 2445 universi
717 2417 800 2444 Deum
813 2419 990 2453 omniumque

201 2469 293 2490 rerum
310 2468 460 2490 creatorem
477 2463 655 2491 consimiliter
669 2467 750 2498 atque
766 2463 885 2492 Ecclesia
900 2464 987 2491 conli-

1037 231 1177 260 καλεῖσθαι
1191 231 1323 266 ἄκοσμον.
1338 232 1447 268 Ταύτην
1462 231 1556 258 οὐσίαν
1578 229 1649 258 εἶναι
1672 229 1730 256 τῶν
1747 230 1832 256 ἁπαν-

1036 286 1091 304 των
1115 277 1200 311 λέγει,
1225 277 1264 308 ὡς
1278 277 1371 304 καινὸν
1385 277 1409 293 δ’
1435 277 1526 313 φέρων
1542 276 1632 311 δόγμα.
1661 277 1719 307 τοῖς
1749 272 1831 300 αὑτοῦ

1039 322 1186 357 μαθηταῖς,
1201 321 1251 348 οὑκ
1268 321 1367 348 ἐνενόει
1382 321 1422 353 δὲ,
1445 321 1486 348 ὃτι
1509 320 1685 355 Σωκρατικὸς
1710 320 1725 346 ὁ
1745 318 1829 353 μῦθος

1037 364 1114 397 οὗτος
1124 367 1263 402 τυγχάνει,
1279 366 1331 393 ὑπὸ
1340 367 1483 397 Πλάτωνος
1496 365 1711 401 ἐξειργασμένος
1725 364 1830 399 βέλτιον

1039 410 1053 446 ἢ
1069 410 1121 437 ὑπὸ
1140 410 1330 446 Ἑρμογένους.
1345 411 1397 437 Τὸν
1417 410 1443 437 δὲ
1466 410 1584 445 Χριστὸν
1609 409 1668 436 υἱὸν
1689 406 1761 435 εἶναι
1773 409 1832 443 ὁμο-

1037 454 1111 489 λογεῖ
1126 454 1172 481 τοῦ
1182 454 1216 481 τὰ
1233 455 1322 482 πάντα
1339 455 1483 487 κτίσαντος
1498 454 1577 488 Θεοῦ,
1596 454 1644 482 καὶ
1659 454 1743 480 αὐτὸν
1761 455 1784 470 ’⁸
1799 455 1829 479 ἐκ

1037 499 1174 536 παρθένου
1191 500 1356 536 γεγενῆσθαι
1376 501 1423 527 καὶ
1440 500 1599 536 πνεύματος
1612 500 1792 535 συνομολογεί
1803 499 1825 514 ¹¹

1037 546 1108 573 κατὰ
1122 545 1171 581 τὴν
1183 546 1237 573 τῶν
1252 546 1427 581 Εὐαγγελίων
1443 547 1547 581 φωνὴν,
1561 546 1591 573 ὃν
1609 545 1680 580 μετὰ
1693 545 1723 571 τὸ
1741 544 1827 576 πάθος

1036 590 1182 626 ἐγερθέντα
1203 591 1232 617 ὲν
1254 591 1360 626 σώματι
1385 592 1538 627 πεφηνέναι
1554 591 1577 607 ⁹²
1593 591 1650 621 τοῖς
1676 590 1824 624 μαθηταῖς,

1037 636 1084 664 καὶ
1097 637 1278 673 ἀνερχόμενον
1293 637 1333 668 εἰς
1360 637 1423 669 τοὺς
1439 637 1571 672 οὐρανοὺς
1587 637 1615 662 έν
1645 636 1685 671 τῷ
1709 635 1783 670 ἡλίῳ
1797 635 1825 662 τὸ

1038 682 1117 718 σῶμα
1132 683 1358 710 καταλελοιπέναι
1375 683 1409 714 ⁸³,
1426 683 1508 710 αὑτὸν
1525 682 1555 708 δὲ
1573 681 1642 717 πρὸς
1659 681 1707 707 τὸν
1722 681 1830 714 Πατέρα

1037 726 1232 763 πεπορεῦσθαι.
1255 727 1402 763 Μαρτυρία
1422 728 1450 754 δὲ
1468 728 1568 764 χρῆται
1584 728 1608 744 ’⁵
1623 726 1747 761 νομίζων
1776 726 1828 752 ὑπὸ

1036 772 1082 799 τοῦ
1101 772 1183 808 ῥητοῦ
1201 773 1411 809 συνηγορεῖσίὶαι
1435 769 1522 808 οὗπερ
1549 773 1563 799 ό
1583 772 1732 808 ψαλμῳδδς
1747 771 1830 798 Δαϐὶδ

1037 817 1128 852 λέγει’
1154 819 1205 846 Ἐν
1218 818 1259 851 τῷ
1274 819 1349 853 ἡλίῳ
1367 819 1390 835 ⁸⁸
1407 819 1491 846 ἔθετο
1505 818 1538 845 τὸ
1560 818 1709 852 σκήνωμα
1720 817 1825 849 αὑτοῦ,

1006 863 1026 892 Β
1041 865 1089 891 καὶ
1102 864 1191 898 αὐτὸς
1204 865 1243 898 ὡς
1257 865 1386 899 νυμφίος
1403 865 1642 898 ἐκπορευόμενος
1654 864 1690 890 ἐκ
1708 862 1827 889 παστοῦ

1039 909 1144 942 αὐτοῦ,
1170 909 1386 944 ἀγαλλιάσεται
1411 910 1452 943 ὡς
1481 910 1566 944 τίτας
1591 908 1718 943 δραμεῖν
1747 908 1828 935 ὀδόν.

1039 955 1131 982 Ταῦτα
1147 955 1196 990 μὲν
1211 953 1257 982 οὖν
1273 956 1320 982 καὶ
1341 955 1510 992 Ἑρμογένης
1526 954 1676 990 ἐπεχείρει.

1075 1000 1120 1037 ιη’.
1136 1001 1244 1036 Ἕτεροι
1255 1000 1283 1027 δέ
1297 1010 1369 1032 τινες
1385 1001 1535 1035 φιλόνεικοι
1550 1001 1598 1035 τὴν
1613 1001 1706 1035 φύσιν,
1723 1000 1828 1026 ἰδιῶται

1039 1047 1088 1082 τὴν
1095 1047 1207 1081 γνῶσιν,
1221 1046 1408 1082 μαχιμώτεροι
1421 1046 1467 1073 τὸν
1479 1046 1592 1081 τρόπον,
1604 1045 1799 1072 συνιστᾶνουσι
1810 1045 1832 1062 ⁸⁸

1039 1092 1093 1119 δεῖν
1109 1093 1138 1119 τὺ
1154 1093 1249 1127 Πάσχα
1267 1094 1300 1128 τῇ
1325 1092 1612 1128 τεσσαρεσκαιδεκάτῃ
1642 1091 1691 1118 τοῦ
1717 1090 1828 1126 πρώτου

1041 1138 1124 1174 μηνὸς
1149 1137 1302 1173 φυιλάσσειν
1327 1138 1398 1165 κατὰ
1429 1138 1479 1174 τὴν
1498 1137 1546 1164 τοῦ
1579 1138 1660 1172 νόμου
1686 1138 1830 1172 διαταγῆν,

1039 1186 1068 1211 ὲν
1114 1186 1146 1212 ἂν
1160 1185 1252 1221 ἡμέρᾳ
1269 1185 1388 1221 ἐμπέσῃ,
1408 1183 1581 1219 ὑφορώμενοι
1607 1183 1630 1199 ’⁷
1655 1183 1686 1210 τὺ
1709 1191 1834 1218 γεγραμ-

1041 1229 1120 1265 μένον
1144 1230 1173 1256 ὲν
1196 1229 1272 1265 νόμῳ
1295 1229 1331 1260 ⁸⁸,
1354 1229 1557 1264 ὲπικατάρατον
1582 1227 1694 1255 ἔσεσθαι
1720 1228 1768 1254 τὸν
1794 1227 1830 1263 μὴ

1040 1274 1196 1309 φυλάξαντα
1208 1274 1294 1306 οὕτως
1305 1275 1342 1306 ὠς
1352 1275 1373 1291 "
1387 1274 1584 1306 διαστέλλεται,
1608 1274 1638 1300 οὐ
1652 1273 1832 1309 προσέχοντες

1039 1321 1081 1347 ὅτι
1097 1320 1235 1352 Ἰουδαίοις
1252 1321 1438 1355 ἐνομοθετεῖτο
1451 1321 1507 1352 τοῖς
1523 1320 1652 1355 μέλλουσι
1664 1319 1694 1346 τὸ
1703 1319 1830 1354 ἀληθινὸν

1040 1365 1136 1400 Πάσχα
1153 1366 1288 1401 ἀναιρεῖν,
1305 1365 1336 1391 ἰδ
1349 1365 1391 1397 εἰς
1405 1365 1469 1400 ἔθνη
1486 1366 1615 1400 χωρῆσαν
1635 1363 1641 1378 ¹
1667 1365 1716 1391 καὶ
1741 1364 1832 1390 πίστει

1039 1411 1195 1447 νοούμενον,
1213 1411 1245 1438 οὑ
1267 1411 1413 1447 γράμματι
1435 1410 1484 1438 νῦν
1509 1411 1699 1446 τηρούμενον·
1729 1409 1756 1436 οἳ
1782 1409 1831 1444 μιᾷ

1039 1459 1125 1494 ’ταύτῃ
1140 1457 1320 1492 προσέχοντες
1338 1457 1432 1492 ἐντολῇ
1449 1457 1500 1483 οὐκ
1517 1455 1658 1490 ἀφορῶσιν
1673 1456 1714 1487 εἰς
1740 1455 1772 1481 τὸ
1794 1456 1830 1481 εί-

1042 1504 1159 1540 ρημένον
1175 1502 1227 1530 ὑπὸ
1245 1502 1293 1529 τοῦ
1315 1502 1487 1535 Ἀποστόλου,
1508 1502 1549 1528 ὃτι
1569 1502 1807 1536 Διαμαρτύρομαι
1823 1501 1835 1516 ⁸

1040 1548 1129 1577 παντί
1155 1548 1404 1583 περιτεμνομένῳ,
1436 1547 1481 1574 ὅτι
1507 1548 1666 1582 ὀφειλέτης
1681 1547 1749 1574 ἐστὶ
1779 1545 1833 1573 τοῦ

1040 1594 1138 1622 πάντα
1152 1594 1206 1620 τὸν
1215 1594 1309 1628 νόμον
1322 1593 1456 1628 ποιῆσαι.
1466 1593 1510 1620 Ἐν
1524 1593 1552 1619 δὲ
1568 1593 1624 1624 τοῖς
1641 1593 1747 1628 ἑτέροις
1759 1589 1831 1619 οὗτοι

1041 1639 1216 1675 συμφωνοῦσι
1232 1639 1301 1674 πρὸς
1316 1640 1405 1666 πάντα
1418 1638 1452 1666 τὰ
1468 1640 1501 1675 τῇ
1527 1637 1675 1674 Ἐκκλησία
1702 1639 1755 1665 ὑπὸ
1779 1638 1833 1666 τῶν

1040 1684 1199 1711 ἀποστόλων
1220 1683 1446 1719 παραδεδομένα.

1077 1730 1116 1768 [ρ.
1133 1731 1196 1758 275.
1213 1730 1292 1766 276.]
1308 1730 1418 1765 Ἕτεροι
1433 1729 1460 1756 δὲ
1473 1729 1522 1756 καὶ
1535 1729 1614 1756 αὐτοὶ
1629 1729 1836 1766 αἱρετικὼτεροι

1040 1778 1090 1813 τὴν
1110 1776 1203 1812 φύσιν,
1219 1776 1326 1812 Φρύγες
1347 1775 1378 1802 τὸ
1394 1776 1484 1810 γένος,
1502 1775 1708 1811 προληφθέντες
1721 1776 1774 1803 ὑπὸ
1789 1785 1835 1810 γυ-

1041 1823 1124 1850 ναίων
1140 1822 1308 1858 ἡπάτηνται,
1325 1821 1494 1857 Πρισκίλλης
1507 1822 1579 1854 τινὸς
1596 1822 1644 1849 καὶ
1663 1822 1835 1857 Μαξιμίλλης

1041 1869 1226 1904 καλουμένων,
1246 1868 1283 1900 ἃς
1297 1868 1470 1904 προφήτιδας
1485 1868 1655 1904 νομίζουσιν,
1679 1870 1709 1895 ὲν
1724 1870 1836 1900 ταύταις

1041 1917 1071 1943 τὺ
1085 1915 1265 1951 Παράκλητον
1294 1914 1406 1949 Πνεῦμα
1427 1916 1615 1950 κεχωρηκέναι
1636 1915 1774 1948 λέγοντες,
1789 1916 1834 1942 καί

1041 1970 1102 1988 Ιτινα
1118 1961 1171 1996 πρὸ
1198 1959 1289 1987 αὐτῶν
1314 1960 1456 1986 Μοντανὸν
1489 1960 1592 1995 ὁμοίως
1619 1960 1780 1992 δοξάζουσιν
1798 1960 1835 1992 ὡς

1042 2007 1196 2042 προφήτην,
1213 2002 1250 2032 ὧν
1267 2005 1375 2040 βίϐλους
1387 2005 1520 2040 ἀπείρους
1539 2006 1652 2041 ἔχοντες
1667 2006 1834 2039 πλανῶνται,

1043 2054 1113 2088 μήτε
1124 2051 1157 2078 τὰ
1165 2052 1210 2078 ὑπ’
1220 2051 1311 2077 αὐτῶν
1327 2051 1428 2085 λελαλη
1433 2052 1503 2085 μένα
1512 2051 1585 2086 λόγῳ
1596 2051 1751 2086 κρίναντες.
1766 2052 1835 2087 μήτε

1041 2099 1097 2129 τοῖς
1127 2099 1220 2133 κρῖναι
1246 2097 1408 2131 δυναμένοις
1429 2097 1621 2132 προσέχοντες,
1634 2097 1692 2123 ἀλλ’
1715 2098 1835 2132 ἀκρίτως

1042 2144 1074 2178 τῇ
1093 2142 1161 2177 πρὸς
1182 2142 1282 2174 αὐτοὺς
1302 2144 1394 2168 πίστει
1410 2142 1624 2177 προσφέρονται,
1648 2142 1741 2168 πλεῖόν
1757 2151 1784 2169 τι
1801 2142 1835 2168 δι’

1042 2187 1132 2214 αὐτῶν
1149 2187 1301 2222 φάσκοντες
1324 2186 1409 2223 [ὼς]³
1436 2188 1629 2222 μεμαθηκέναι
1652 2188 1669 2223 ἤ
1691 2188 1723 2215 ὲκ
1749 2188 1832 2222 νόμου

1040 2234 1087 2260 καὶ
1102 2233 1248 2269 προφητῶν
1264 2234 1310 2260 καὶ
1331 2234 1386 2260 τῶν
1401 2234 1585 2267 Εὐαγγελίων.
1616 2234 1701 2269 ’Υπὲρ
1723 2234 1751 2260 δὲ
1771 2235 1835 2260 ἀτω-

1040 2279 1151 2312 στόλους
1165 2280 1212 2306 καὶ
1230 2280 1284 2306 πᾶν
1306 2279 1429 2315 χάρισμα
1444 2280 1531 2306 ταῦτα
1545 2280 1579 2306 τὰ
1593 2279 1692 2314 γύναια
1704 2280 1830 2312 δοξάζου-

1039 2334 1092 2358 σιν,
1109 2325 1146 2357 ώς
1160 2325 1262 2361 τολμᾷν
1278 2325 1370 2351 πλεῖόν
1392 2333 1420 2351 τι
1446 2325 1566 2360 Χριστοῦ
1585 2326 1614 2352 ἐν
1625 2326 1731 2357 τούτοις
1745 2325 1835 2359 λέγειν

1038 2371 1117 2403 τινὰς
1133 2371 1224 2398 αὐτῶν
1241 2371 1393 2405 γεγονέναι.
1417 2367 1497 2398 Οὗτοι
1515 2371 1560 2398 τὸν
1582 2372 1633 2406 μὲν
1653 2372 1765 2406 Πατέρα
1781 2371 1834 2397 τῶν

1039 2417 1108 2444 ὅλων
1125 2417 1191 2444 Θεὺν
1204 2417 1251 2444 καὶ
1268 2417 1377 2444 πάντων
1392 2417 1506 2452 κτίστην
1519 2417 1621 2452 ὁμοίως
1630 2418 1663 2452 τῇ
1684 2417 1834 2452 Ἐκκλησία

1041 2464 1203 2500 ὁμολογοῦσι
1219 2465 1266 2492 καὶ
1279 2465 1330 2491 ὅσα
1340 2464 1371 2491 τὸ
1385 2464 1553 2499 Εὖαγγέλιον
1569 2465 1633 2500 περὶ
1649 2464 1698 2491 τοῦ
1712 2463 1833 2500 Χριστοῦ

837 2542 954 2570 VARl/E
974 2542 1176 2571 LECTIONES.

255 2616 284 2656 "_
298 2617 400 2656 καινᾴν.
425 2617 502 2645 κενδν
522 2618 557 2656 C._
595 2618 618 2635 ⁹¹³
650 2618 740 2646 αὐτόν.
758 2618 798 2644 ὅτι
815 2618 845 2656 C,
865 2618 900 2649 Μ,
915 2618 958 2652 qui
971 2619 1038 2656 dicit
1049 2619 1161 2656 verbum
1180 2619 1206 2656 in
1218 2618 1238 2646 C
1254 2626 1350 2656 magna
1370 2623 1447 2656 parte
1461 2626 1575 2656 exesum
1590 2626 1651 2656 esse
1665 2639 1672 2649 ,
1683 2619 1736 2656 sed
1749 2626 1834 2656 appa-

203 2652 329 2688 rereltoc
344 2651 426 2679 fuisse
439 2673 446 2683 .
463 2661 517 2680 non
534 2653 565 2680 τὸ
579 2672 586 2680 .
602 2661 686 2687 quare
705 2662 765 2680 mox
781 2651 928 2688 γεγένηται
945 2655 1129 2682 scribendum.

1184 2654 1205 2669 ⁹¹
1230 2653 1414 2688 συνομολογεί.
1446 2654 1495 2688 μὲν
1516 2653 1645 2688 ὁμολογεῖ
1668 2653 1700 2680 li.
1744 2653 1833 2680 Τπε-

204 2686 328 2724 φηνέναι.
341 2689 492 2724 πεφηκέναι
507 2689 538 2715 C.
576 2688 598 2704 ⁸³
610 2686 844 2718 καταλελοιπέναι,
857 2686 1072 2715 καταλελυπέναι
1084 2689 1114 2715 C.
1153 2690 1177 2705 "
1188 2686 1301 2723 χρῆταιξ
1313 2689 1412 2724 χρᾶται
1429 2686 1460 2720 C,
1480 2688 1513 2715 Μ.
1533 2686 1538 2688 ’
1552 2688 1664 2724 ’ξρεεις
1679 2689 1792 2724 xvttt.5,
1805 2688 1830 2714 6.

204 2721 228 2760 [⁸
244 2721 441 2760 συνιστάνομσιε
454 2724 670 2760 συσταίνουσιγϋ,
708 2724 730 2760 ⁸1
741 2724 922 2759 ὑφορώμενοι.
943 2724 1123 2760 ὑφορούμενοι
1152 2724 1182 2751 C.

1226 2723 1349 2758 θ’νόμῳ.
1372 2724 1465 2758 νόμῳ,
1497 2723 1536 2755 ὡς
1570 2723 1608 2754 C,
1641 2723 1678 2750 Μ.
1707 2723 1832 2751 Correxit

204 2755 360 2794 sauppius,»
388 2757 411 2773 ¹⁰
425 2757 472 2794 ᾡς.
490 2765 544 2784 οιη.
563 2757 593 2785 C.
633 2759 642 2775 ¹
658 2755 799 2793 χωρῆσαν.’
817 2755 945 2794 χωρῆσαν
966 2755 1006 2791 Β,
1026 2755 1150 2794 χωρῆσον
1178 2766 1253 2794 susp.
1270 2755 1305 2786 Μξ
1346 2759 1355 2773 ⁸
1371 2755 1462 2794 Gtt—lat;
1479 2766 1510 2791 ν,
1532 2759 1550 2785 5
1566 2767 1572 2785 :
1592 2757 1833 2794 Μαρτύρομαιηδὲ

205 2791 287 2830 πάλιν
304 2792 396 2830 (πάλιν
408 2792 443 2830 al.
455 2795 522 2830 om.)
536 2794 617 2820 παντὶ
631 2791 767 2830 ανθρώπῳ
779 2791 1009 2830 περιτεμνομένῳ,
1024 2791 1072 2821 ὅτι
1079 2791 1219 2829 ὀφειλέτης
1227 2791 1302 2821 ἐστὶν
1311 2793 1370 2820 ὅλον
1377 2793 1424 2820 τὸν
1436 2793 1516 2830 νόμον
1532 2791 1656 2830 ποιῆσαί.
1695 2791 1705 2810 ⁵
1718 2791 1758 2825 ὡς
1777 2793 1831 2820 Mil-

205 2825 279 2855 lorus
292 2832 366 2856 recte
377 2827 520 2855 delendum
530 2832 606 2862 putat
618 2837 624 2856 :
639 2828 656 2862 ἢ
668 2825 705 2861 ὥς
719 2825 868 2863 Roeperus.
