4072 6416
504 398 605 453 269
622 400 639 451 l

1643 396 1874 451 CODEX
1915 393 2707 452 SYliIACO-IIEXAPLARIS.

3639 404 3784 460 2692

512 571 3770 600 um

951 787 1482 917 CODEX
1545 780 3337 919 SYRIACO-HEXAPLARIS

1510 1067 2753 1134 AMBROSIANO-MEDIOLANENSIS.

1386 1435 2092 1530 PROPHETIA
2144 1438 2899 1530 HEZECIELIS.

2088 1680 2162 1699 ς·-

564 1832 703 1902 Cap.
742 1827 858 1898 1,1.
885 1827 1177 1885 Etfactum
1195 1830 1349 1886 estin
1368 1847 1513 1886 anno
1529 1832 2091 1902 trigesimoinmense
2120 1836 2167 1893 Δ
2195 1846 2328 1890 ecce
2357 1844 2477 1891 rota
2520 1853 2627 1892 una
2668 1853 2835 1909 super
2883 1847 3047 1906 terra,
3100 1836 3402 1912 propinqua
3446 1842 3773 1899 animalibus

503 1935 720 1996 quarto,
751 1923 942 1994 quinto
974 1922 1201 1988 mensis,
1232 1921 1309 1994 (α)
1347 1932 1401 1978 et
1440 1938 1543 1995 ego
1576 1937 1647 1979 σε-
1673 1939 1793 1978 sum
1833 1924 1856 1993 ζ
1895 1922 1974 1977 fui
2026 1922 2081 1976 in

501 2016 681 2071 medio
713 2012 1044 2083 captivitatis
1075 2027 1238 2082 super
1267 2012 1491 2067 fluvium
1534 2012 1775 2077 Chobar,
1807 2025 1859 2069 et
1902 2015 2080 2084 aperti

500 2115 629 2161 sunt
656 2105 801 2169 ρωιί,
835 2113 891 2159 et
918 2102 1030 2157 vidi
1071 2103 1311 2158 visiones
1344 2102 1464 2164 Dei,
1494 2103 1550 2157 2.
1582 2103 1776 2174 quinto
1827 2105 2033 2159 mensis
2064 2124 2078 2159 :

499 2198 589 2252 hic
641 2211 819 2252 annus
871 2194 1098 2265 quintus
1145 2194 1479 2264 captivitatis
1521 2195 1667 2269 regis
1717 2194 1969 2251 Joaeim:
2025 2207 2082 2251 et

499 2288 702 2344 factum
744 2297 828 2343 est
866 2287 1101 2343 verbum
1142 2285 1361 2340 Domini
1397 2286 1464 2341 ad
1510 2285 1849 2343 Hezecielem
1909 2289 2079 2343 lilium

499 2379 651 2446 Buzi,
688 2377 1029 2433 sacerdotem
1064 2375 1121 2429 in
1172 2383 1315 2429 terra
1344 2374 1727 2430 Chaldaeorum
1775 2382 1947 2445 super
1974 2375 2080 2432 llu-

497 2472 648 2524 vium
698 2468 939 2524 Chobar.
975 2468 1031 2522 5.
1079 2466 1146 2521 Et
1189 2466 1331 2521 facta
1379 2471 1464 2521 est
1512 2480 1676 2535 super
1717 2481 1804 2521 me
1841 2469 1909 2535 χ
1942 2468 2014 2522 ibi
2053 2468 2075 2537 ζ

499 2578 697 2618 manus
725 2560 964 2624 Domini,
988 2559 1045 2613 4.
1082 2559 1155 2630 (b)
1186 2566 1240 2612 et
1271 2557 1404 2620 vidi,
1424 2566 1480 2613 et
1501 2571 1629 2612 ecce
1652 2557 1876 2627 spiritus
1912 2561 1980 2629 Ἀ(
2005 2559 2078 2629 (c)

501 2655 714 2710 Domini
758 2655 780 2724 ζ
826 2651 1021 2707 tollens
1065 2650 1319 2707 veniebat
1366 2648 1436 2704 ab
1478 2650 1766 2719 aquilone,
1817 2661 1872 2705 et
1904 2651 2078 2704 nubes

499 2762 695 2819 magna
726 2746 779 2800 in
807 2760 894 2811 eo,
927 2753 982 2799 et
1015 2741 1277 2812 splendor
1320 2741 1469 2795 circa
1499 2756 1648 2805 eum,
1702 2746 1756 2795 et
1793 2739 1936 2809 ignis
1970 2739 2076 2795 ful-

496 2854 752 2912 gurans:
788 2846 841 2893 et
894 2839 949 2891 in
1009 2835 1189 2891 medio
1240 2833 1362 2905 ejus
1397 2832 1555 2903 quasi
1602 2832 1740 2887 visio
1785 2831 1973 2886 electri
2021 2830 2076 2885 in

496 2931 678 2986 medio
713 2929 890 3000 ignis,
936 2936 992 2982 et
1035 2925 1292 2997 splendor
1342 2925 1398 2978 in
1438 2939 1525 2979 eo.
1577 2922 1630 2980 5.
1678 2922 1750 2977 Et
1799 2923 1855 2977 in
1897 2921 2079 2978 medio

496 3024 655 3093 quasi
692 3019 997 3076 similitudo
1022 3028 1262 3090 quatuor
1296 3018 1654 3074 animalium:
1688 3027 1744 3072 et
1789 3018 1907 3072 haec
1935 3016 2079 3071 visio

494 3131 715 3179 eorum,
750 3114 891 3169 sicut
932 3112 1236 3167 similitudo
1284 3110 1520 3167 hominis
1566 3125 1731 3182 super
1774 3110 1875 3165 eis.
1918 3109 1971 3163 6.
2012 3107 2081 3163 Et

2189 1935 2430 1995 quatuor
2456 1928 2608 1999 ipsis.
2642 1930 2728 1984 16.
2760 1929 2827 1984 Ει
2850 1930 3141 2000 adspectus
3170 1942 3438 2000 rotarum,
3462 1935 3531 2003 χ
3554 1944 3605 1990 et
3634 1950 3773 2005 opus

2187 2032 2379 2072 earum
2419 2020 2443 2089 ζ
2489 2021 2627 2077 sicut
2674 2022 2965 2093 adspectus
3014 2022 3079 2095 (ἰ)
3113 2023 3335 2091 tharsis,
3378 2035 3431 2081 et
3471 2027 3772 2082 similitudo

2189 2123 2298 2163 una
2347 2121 2584 2180 quatuor
2630 2113 2805 2184 ipsis:
2842 2117 2990 2185 Xet
3015 2116 3155 2171 visio
3199 2131 3387 2172 earum
3438 2118 3486 2189 ζ,
3527 2127 3583 2173 et
3632 2134 3773 2188 opus

2187 2216 2379 2255 earum
2419 2212 2557 2269 erat,
2607 2205 2768 2276 quasi
2809 2216 2957 2262 esset
3017 2215 3135 2261 rota
3191 2208 3246 2263 in
3288 2218 3426 2263 rota.
3465 2209 3552 2264 17.
3591 2208 3772 2279 Super

2187 2301 2428 2362 quatuor
2453 2305 2636 2364 partes
2666 2311 2880 2365 eorum,
2919 2300 2983 2365 κ(
3021 2314 3146 2353 cum
3176 2300 3318 2355 irent
3349 2302 3397 2371 ζ,
3429 2300 3576 2357 ibant
3608 2320 3621 2356 :
3659 2316 3771 2357 non

2187 2386 2621 2455 revertebantur,
2658 2402 2781 2443 cum
2810 2389 2975 2454 irent,
3012 2390 3100 2443 18.
3144 2406 3321 2460 neque
3349 2392 3513 2447 dorsa
3554 2408 3767 2457 earum,

2187 2472 2262 2545 (Ιί)
2295 2483 2348 2529 et
2387 2474 2618 2530 altitudo
2650 2485 2769 2531 erat
2797 2478 2897 2533 eis.
2931 2477 2999 2531 Et
3027 2478 3135 2532 vidi
3163 2493 3256 2543 ea,
3292 2489 3346 2532 et
3380 2480 3541 2534 dorsa
3573 2496 3765 2535 earum

2186 2564 2349 2634 plena
2389 2566 2561 2621 oculis
2587 2567 2944 2623 circumcirca
2973 2577 3209 2638 quatuor
3238 2570 3392 2639 ipsis.
3425 2571 3514 2625 19.
3541 2570 3607 2624 Et
3638 2587 3765 2626 cum

2186 2656 2331 2711 irent
2367 2657 2651 2724 animalia,
2687 2659 2841 2713 ibant
2872 2671 3005 2714 rota:
3026 2659 3183 2729 juxta
3218 2675 3281 2714 ea
3309 2683 3321 2717 :
3355 2670 3411 2717 et
3439 2678 3564 2717 cum
3588 2664 3770 2717 eleva-

2185 2758 2377 2801 reutur
2403 2748 2664 2803 animalia
2705 2748 2773 2803 de
2806 2758 2971 2816 terra,
2995 2750 3350 2805 elevabantur
3376 2761 3531 2806 rotas.
3560 2753 3653 2804 20.
3693 2751 3757 2821 (ι)

2190 2839 2536 2909 Ubicumque
2583 2852 2702 2895 erat
2745 2841 2939 2905 nubes,
2988 2842 3119 2896 illuc
3151 2841 3264 2895 ibat
3298 2842 3569 2911 spiritus:
3617 2841 3766 2895 ibant

2187 2932 2470 2997 animalia,
2503 2942 2560 2987 et
2608 2944 2776 3001 rotae,
2837 2942 2892 2988 et
2919 2934 3279 2989 elevabantur
3308 2950 3434 2989 cum
3471 2933 3595 3002 eis;
3640 2935 3767 3005 quia

2188 3024 2418 3094 Spiritus
2453 3026 2576 3080 vita:
2612 3025 2670 3079 in
2707 3024 2865 3081 rotis.
2889 3026 2980 3080 21.
3007 3025 3145 3081 Cum
3175 3025 3336 3092 irent,
3367 3026 3538 3091 ibant,
3567 3035 3765 3081 etcum

2188 3122 2418 3179 starent,
2449 3115 2690 3181 stabant,
2723 3125 2778 3170 et
2811 3130 2938 3171 cum
2967 3116 3315 3170 elevarentur
3344 3116 3411 3172 de
3459 3124 3626 3183 terra,
3652 3116 3766 3171 ele-

498 3216 739 3279 quatuor
760 3205 933 3260 facies
962 3203 1076 3270 uni,
1102 3211 1158 3258 et
1179 3215 1415 3274 quatuor
1446 3204 1544 3259 alae
1576 3204 1670 3258 uni
1698 3205 1765 3272 >κ
1802 3217 1869 3257 ex
1897 3201 1976 3256 eis
2010 3199 2073 3267 2:
2110 3193 2158 3254 Β
2187 3206 2461 3260 vabantur
2492 3208 2561 3274 Χ
2607 3215 2743 3260 rotae
2775 3207 2799 3273 ζ
2861 3221 2986 3261 cum
3024 3207 3105 3262 eis
3133 3224 3147 3272 ;
3203 3208 3329 3276 quia
3365 3208 3588 3278 spiritus
3644 3210 3769 3264 vita

499 3298 549 3354 7.
582 3308 631 3353 et
665 3311 828 3353 crura
861 3310 1050 3351 eorum
1079 3297 1145 3363 >κ
1175 3309 1335 3348 crura
1364 3294 1386 3362 ζ
1419 3301 1590 3357 recta,
1615 3300 1671 3347 et
1698 3291 1861 3361 pedes
1891 3304 2079 3344 eorum

497 3392 647 3456 alati,
673 3395 740 3461 Χ
766 3390 910 3447 sicut
934 3388 1152 3458 ungulae
1175 3386 1316 3440 tauri
1349 3387 1398 3456 ζ,
1430 3384 1509 3455 (d)
1541 3393 1596 3439 et
1624 3383 1893 3448 scintillae,
1922 3379 2079 3451 quasi

495 3497 571 3537 aes
624 3483 944 3549 fulgurans;
998 3486 1055 3534 et
1088 3477 1247 3533 leves
1287 3476 1387 3531 alae
1437 3490 1647 3540 eorum,
1684 3473 1740 3529 8.
1786 3482 1841 3529 et
1882 3484 2082 3526 manus

496 3575 738 3630 hominis
768 3572 870 3629 sub
904 3564 1006 3626 alis
1032 3584 1224 3626 eorum
1271 3583 1437 3639 super
1463 3576 1702 3637 quatuor
1754 3574 1939 3635 partes
1983 3577 2081 3618 eo-

498 3681 659 3720 rum:
691 3671 743 3719 et
766 3663 936 3718 facies
975 3676 1190 3726 eorum,
1229 3663 1298 3730 Ἀ(
1324 3670 1377 3716 et
1401 3659 1502 3715 ala:
1547 3673 1737 3714 eorum
1780 3658 1803 3727 ζ
1846 3665 2081 3728 quatuor

498 3758 744 3828 ipsorum
777 3755 830 3811 9.
868 3754 1188 3825 propinqua:
1213 3767 1326 3807 una
1348 3749 1533 3817 alteri,
1561 3754 1628 3819 κ(
1661 3748 1733 3822 (ε)
1758 3760 1813 3805 et
1841 3750 1940 3804 ala:
1982 3762 2079 3803 eo-

497 3865 623 3905 rum
663 3848 686 3916 :
725 3862 834 3901 non
872 3844 1305 3911 revertebantur,
1330 3858 1463 3899 cum
1496 3842 1848 3898 incederent:
1880 3856 2081 3896 unum-

497 3941 758 4012 quodque
811 3954 878 3993 ex
919 3937 1000 3992 eis
1051 3944 1180 3991 ante
1213 3935 1407 3990 faciem
1460 3949 1619 3990 suam
1666 3932 1838 3989 ibant.
1889 3932 1980 3988 10.
2011 3932 2082 3987 Et

499 4031 802 4088 similitudo
821 4029 1085 4085 faciernm
1109 4043 1323 4094 eorum,
1347 4026 1514 4083 facies
1540 4028 1803 4094 hominis,
1831 4037 1885 4083 et
1911 4026 2079 4083 facies

498 4125 679 4181 leonis
710 4140 740 4179 a
773 4125 964 4179 dextra
1013 4129 1251 4192 quatuor
1284 4119 1372 4184 iis,
1405 4128 1460 4175 et
1503 4117 1672 4175 facies
1709 4119 1849 4179 tauri
1880 4134 1911 4173 a
1945 4119 2083 4174 sini-

497 4232 610 4277 stra
641 4228 880 4290 quatuor
910 4217 1000 4283 iis,
1043 4224 1100 4270 et
1125 4214 1293 4269 facies
1325 4212 1522 4283 aquilae
1578 4221 1817 4282 quatuor
1871 4211 1958 4266 iis.
1989 4210 2077 4264 11.

499 4315 568 4385 (ι’)
603 4311 669 4365 Et
699 4310 867 4366 facies
900 4323 1115 4373 eorum,
1143 4315 1198 4363 et
1224 4306 1324 4361 alae
1352 4320 1539 4361 eorum
1564 4314 1804 4359 extensa:
1847 4302 2079 4372 desuper

497 4413 735 4474 quatuor
761 4401 849 4467 iis;
879 4400 1177 4469 unicuique
1204 4396 1327 4452 dua:
1352 4393 1518 4451 simul
1542 4394 1748 4464 juncta:
1795 4391 1864 4447 ad
1903 4406 1963 4447 se
1995 4391 2081 4445 in-

497 4494 702 4558 vicem,
727 4501 781 4547 et
807 4492 930 4546 dua:
960 4490 1215 4560 tegebant
1248 4501 1414 4557 super
1436 4499 1641 4553 corpus
1666 4496 1883 4549 eorum,
1915 4481 2003 4534 12.
2025 4488 2081 4535 et

500 4581 937 4653 unumquodque
964 4595 1033 4635 ex
1056 4580 1141 4635 eis
1172 4592 1362 4634 coram
1392 4574 1533 4631 facie
1563 4588 1664 4630 sua
1721 4573 1833 4627 ibat
1860 4589 1874 4625 :
1935 4584 2077 4639 quo-

496 4692 732 4747 cumque
763 4676 874 4730 ibat
901 4674 1149 4743 spiritus,
1176 4670 1350 4735 ibant,
1393 4675 1448 4722 et
1483 4680 1590 4721 non
1649 4662 2077 4729 revertebantur,

496 4774 566 4840 χ
592 4785 717 4826 cum
767 4770 909 4823 irent
939 4767 989 4837 ζ.
1018 4765 1107 4819 15.
1146 4762 1213 4817 Et
1247 4762 1301 4816 in
1353 4759 1533 4815 medio
1576 4756 1897 4812 animalium
1945 4755 2081 4811 visio

496 4863 653 4935 quasi
703 4860 1008 4916 carbonum
1060 4854 1202 4927 ignis
1243 4851 1576 4915 ardentium,
1618 4848 1693 4920 (9)
1729 4849 1890 4918 quasi
1939 4848 2079 4903 visio

495 4954 807 5028 lampadum
854 4954 924 5021 χ
956 4957 1041 5005 est
1090 4946 1114 5015 ζ
1160 4960 1219 5001 se
1249 4944 1739 5013 circumagentium
1792 4941 1849 4995 in
1898 4940 2080 4996 medio

494 5047 842 5113 animalium,
872 5052 928 5099 et
959 5038 1220 5112 splendor
1248 5035 1411 5107 ignis,
1456 5043 1512 5089 et
1546 5049 1613 5089 ex
1652 5036 1778 5105 igne
1831 5033 2077 5103 egredie-

492 5142 653 5197 batur
682 5139 825 5195 sicut
860 5135 1082 5205 fulgur:
1124 5130 1213 5185 M.
1248 5131 1317 5199 Ἀ(
1367 5136 1421 5183 et
1452 5125 1714 5181 animalia
1754 5124 2111 5187 eurrehant,’

495 5240 551 5289 et
574 5232 844 5296 redibant,
875 5228 951 5299 (Ιι)
980 5226 1125 5283 sicut
1168 5222 1310 5279 visio
1353 5218 1527 5277 Bezec
1562 5219 1611 5288 ζ.
1650 5219 1738 5274 15.
1768 5220 1833 5273 Et
1857 5219 1989 5286 vidi,
2026 5227 2079 5276 et

2185 3303 2303 3349 erat
2342 3293 2397 3347 in
2432 3294 2589 3349 rotis.
2622 3294 2713 3347 22.
2749 3292 2816 3347 Et
2837 3294 3139 3349 similitudo
3164 3310 3329 3365 super
3354 3305 3517 3366 caput
3538 3296 3617 3351 eis
3648 3296 3770 3350 ani-

2184 3386 2415 3441 malium
2447 3385 2608 3457 quasi
2639 3385 3070 3449 firmamentum,
3105 3385 3264 3455 quasi
3301 3386 3596 3456 adSpectus
3639 3401 3762 3457 cry-

2183 3476 2331 3531 stalli
2364 3476 2648 3541 terribilis,
2681 3484 2964 3531 extensum
3017 3490 3182 3545 super
3223 3477 3339 3532 alas
3378 3492 3569 3533 eorum
3599 3477 3766 3533 desu-

2182 3582 2318 3638 per:
2360 3566 2452 3622 25.
2503 3575 2559 3621 et
2585 3567 2688 3622 sub
2738 3567 3085 3620 ﬁrmamento
3124 3566 3224 3621 alae
3270 3581 3462 3622 eorum
3502 3576 3764 3634 extensae,

2183 3657 2435 3712 volantes
2460 3656 2629 3711 altera
2657 3655 2813 3711 alteri
2841 3673 2853 3709 :
2881 3656 3178 3726 unicuique
3204 3656 3327 3712 dua:
3375 3657 3541 3713 simul
3570 3659 3764 3713 obvol-

2182 3761 2395 3815 ventes,
2425 3748 2779 3804 obvolventes
2821 3762 3056 3817 corpora
3089 3762 3300 3815 eorum,
3336 3751 3405 3817 χ
3434 3758 3490 3805 et
3514 3751 3635 3806 dua:
3680 3762 3765 3808 te-A

2183 3852 2371 3915 gentes
2423 3840 2528 3897 sibi
2571 3854 2804 3910 corpora
2850 3854 2949 3893 sua
2988 3838 3036 3906 ζ.
3080 3838 3170 3894 24.
3219 3838 3288 3894 Ει
3333 3840 3517 3896 audivi
3569 3856 3763 3899 vocem

2182 3937 2395 3991 alarum
2427 3930 2854 4004 eorum,_quasi
2905 3944 3092 3986 vocem
3146 3946 3303 4002 aqua:
3339 3933 3542 4001 multae,
3600 3937 3759 4005 quasi

2182 4041 2374 4083 vocem
2399 4025 2498 4098 (m)
2549 4024 2910 4080 sufﬁcientis:
2958 4039 3083 4078 cum
3131 4024 3292 4090 irent,
3340 4040 3447 4080 vox
3492 4028 3766 4083 sermonis

2183 4118 2343 4189 quasi
2387 4131 2495 4171 vox
2549 4124 2884 4181 castrorum,
2927 4122 3135 4168 etcum
3183 4125 3417 4182 starent,
3471 4119 3763 4174 cessabant

2182 4209 2284 4262 ala:
2314 4222 2531 4262 eorum.
2570 4205 2664 4261 25.
2704 4207 2783 4276 (η)
2816 4201 2881 4256 Et
2936 4217 3065 4257 ecce
3097 4218 3201 4257 vox
3253 4224 3417 4279 super
3450 4210 3766 4265 ﬁrmamen.

2183 4307 2325 4363 tum,
2354 4297 2501 4368 quod
2526 4306 2647 4353 erat
2673 4312 2840 4365 super
2862 4315 3025 4372 caput
3050 4317 3263 4366 eorum,
3288 4305 3355 4371 χ
3380 4317 3504 4355 cum
3532 4312 3762 4366 starent,

2183 4390 2479 4446 cessabant
2525 4390 2625 4444 ala:
2659 4406 2873 4458 eorum,
2910 4393 3001 4452 26.
3051 4404 3105 4449 et
3136 4409 3301 4463 super
3333 4393 3761 4461 firmamentum,

2185 4483 2331 4554 quod
2364 4498 2529 4552 super
2551 4492 2714 4553 caput
2742 4499 2931 4539 eorum
2959 4488 3006 4555 ζ,
3039 4486 3199 4557 quasi
3240 4486 3530 4555 adspectus
3566 4485 3765 4555 lapidis

2184 4574 2417 4645 saphiri,
2459 4576 2768 4631 similitudo
2796 4577 2976 4632 throni
3004 4593 3169 4649 super
3200 4586 3372 4644 eo,'et
3411 4594 3575 4649 super
3609 4579 3764 4634 simi-

2180 4665 2412 4722 litudine
2450 4668 2631 4723 throni
2663 4669 2965 4725 similitudo
2995 4672 3153 4740 quasi
3185 4671 3477 4740 adspectus
3519 4671 3761 4726 hominis

2178 4758 2432 4828 desuper.
2469 4758 2560 4812 27.
2621 4758 2685 4813 Et
2735 4759 2842 4814 vidi
2878 4761 3034 4829 quasi
3070 4760 3385 4830 adspeetum
3435 4762 3641 4826 electri,
3694 4754 3765 4830 χ

2180 4851 2338 4921 quasi
2367 4850 2687 4920 adspeetum
2734 4851 2877 4921 ignis
2909 4854 2976 4919 χ(
3013 4852 3344 4907 intrinsecus
3374 4853 3493 4922 ejus
3523 4854 3767 4908 circum-

2180 4941 2328 4997 circa
2368 4941 2393 5011 ζ
2443 4958 2473 4996 a
2522 4943 2732 4998 visione
2788 4944 2981 5008 lumbi,
3024 4953 3077 4998 et
3125 4959 3332 5012 supra:
3372 4953 3431 4998 et
3472 4961 3501 4998 a
3550 4945 3765 5002 visione

2186 5034 2379 5101 lumbi,
2426 5044 2481 5089 et
2529 5050 2703 5105 usque
2737 5034 2993 5090 deorsum
3030 5035 3138 5090 vidi
3198 5035 3463 5090 visionem
3513 5037 3676 5107 ignis,
3709 5047 3764 5093 et

2183 5127 2440 5198 Splendor
2471 5127 2591 5197 ejus
2633 5128 3011 5189 circumcirca,
3048 5128 3138 5182 28.
3198 5128 3341 5183 sicut
3384 5128 3522 5183 visio
3574 5144 3759 5196 arcus,

2188 5219 2408 5291 quando
2458 5218 2626 5274 fuerit
2685 5219 2738 5272 in
2770 5222 2918 5273 nube
2970 5221 3022 5274 in
3063 5221 3151 5275 die
3210 5220 3423 5290 pluvia),
3472 5221 3553 5276 sic
3599 5222 3764 5276 statio

568 5344 646 5417 (α)
713 5345 806 5417 8.,
841 5358 963 5417 cum
998 5357 1176 5417 essem
1210 5341 1263 5394 in
1292 5337 1705 5417 demigratione:
1749 5335 1826 5406 (ὁ)
1854 5334 2090 5417 8.,νὶΔί
2122 5352 2257 5417 vero
2280 5335 2643 5417 sicutmﬂatum
2672 5337 3057 5405 procellosum.
3092 5338 3167 5417 (ej
3208 5334 3340 5390 Heb.
3388 5337 3628 5417 Domini.
3677 5337 3756 5407 (ά)

496 5406 587 5479 8.,
614 5406 668 5469 et
708 5406 1075 5484 l'ulgurabant,
1117 5415 1259 5469 sicut
1287 5406 1547 5484 aspectus
1578 5407 1794 5484 lamina:
1834 5406 2016 5476 politae
2046 5407 2193 5461 reris.
2217 5406 2306 5484 _(e)
2346 5416 2415 5484 et_
2438 5406 2606 5484 facies
2641 5421 2832 5484 eorum
2868 5417 3106 5484 quatuor
3156 5408 3527 5484 ipsorunntfi
3568 5406 3660 5484 S.,_
3688 5406 3761 5463 et

497 5475 689 5541 contra
722 5475 891 5539 facies
924 5475 1112 5538 eorum
1148 5484 1247 5537 alae
1275 5475 1490 5542 eorum,
1529 5478 1604 5547 (g)
1629 5475 1716 5539 S.,
1738 5475 1856 5530 erat
1893 5484 2072 5529 autem
2109 5484 2163 5547 et
2187 5476 2329 5530 sicut
2368 5476 2508 5531 visio
2541 5477 2852 5545 lampadum
2886 5475 3004 5547 hinc
3026 5475 3323 5547 transiens.
3378 5478 3455 5547 (Ii)
3488 5478 3574 5541 8.,
3616 5478 3760 5533 sicut

496 5559 638 5612 visio
663 5553 974 5626 splendoris
1002 5550 1431 5626 l_’ulguris._Q_uni
1478 5545 1820 5626 inspicerem
1844 5556 2025 5626 autem
2059 5546 2336 5626 animalia,
2386 5548 2503 5626 visa
2540 5554 2649 5626 es_t__
2679 5556 2794 5600 rota
2831 5562 2936 5626 una
2966 5546 3024 5626 in
3063 5545 3443 5626 .tcrrahjfuxt‘a'
3469 5547 3754 5613 animalia,
3815 5582 3825 5589 -

498 5613 707 5680 habens
729 5634 968 5696 quatuor
997 5613 1183 5696 facies.
1225 5621 1285 5691 (ἱ)
1309 5618 1391 5696 S_.,
1416 5613 1715 5696 hyacinthi.
1755 5613 1825 5685 (Ις)
1852 5614 1936 5696 S._,
1974 5626 2028 5696 et
2075 5637 2080 5669 :

2188 5618 2237 5669 io
2271 5616 2758 5696 eratanimalibus,
2797 5626 2850 5696 et
2886 5617 3138 5696 altitudo.
3183 5613 3759 5696 (l)’_S.,‘_.quoeumque

498 5697 707 5750 ferebat
735 5686 963 5765 spiritus
996 5686 1349 5765 itupetum'ad
1373 5686 1637 5765 eundum,
1659 5702 1725 5741 eo
1758 5702 1882 5765 eum
1913 5687 2017 5739 iret
2052 5686 2299 5754 spiritus,
2323 5688 2487 5765 etiam
2513 5695 2643 5739 rota:
2669 5686 2833 5740 simul
2860 5687 3210 5765 elevabantur
3244 5686 3496 5741 similiter
3522 5690 3626 5742 eis.
3657 5689 3756 5758 (m)

498 5757 781 5833 EAAAAI‘;
817 5765 984 5833 Sadjo
1016 5757 1272 5887 potentis.
1322 5760 1395 5828 (η)
1432 5759 1514 5822 S.,
1556 5767 1606 5812 et
1640 5772 1760 5811 cum
1796 5757 1945 5810 fieret
1972 5770 2073 5809 vos
2123 5771 2288 5825 super
2319 5757 2754 5821 firmamentum,
2787 5758 2929 5826 quod
2978 5769 3093 5811 erat
3142 5770 3304 5824 super
3332 5767 3495 5827 caput
3541 5757 3754 5825 eorum,

500 5839 738 5887 stabant.
778 5844 827 5887 et
859 5850 1010 5887 cessa
1054 5842 1145 5886 ant
1174 5831 1272 5885 ala:
1303 5843 1513 5882 eormn.

500 5839 738 5898 Stabant,
767 5831 827 5891 et
859 5831 1145 5890 cessabant
1174 5831 1272 5885 ala:
1303 5843 1513 5882 eormn.
