4072 6424
279 398 442 457 2695

1602 392 2007 449 HEZECIELIS
2032 393 2264 450 CAPUT
2286 395 2378 452 IV.

3441 408 3591 466 εϐςιε
3644 453 3648 458 .

282 512 619 585 splendoris
657 510 1040 568 circumcirca.
1079 503 1205 561 llzec
1236 506 1374 562 visio
1427 507 1804 563 similitudinis
1843 516 1898 563 et
1925 509 1972 566 A
2000 518 2180 576 tuum,
2215 520 2270 566 et
2301 513 2531 569 auribus
2559 514 2668 570 tuis
2694 516 2860 572 audi:
2893 519 2982 573 11.
3020 528 3075 575 et
3101 521 3257 588 vade,
3290 522 3581 593 ingredere

193 637 208 652 ο
280 608 493 679 gloria:
515 605 735 662 Domini
760 622 773 658 :
803 612 859 658 et
881 600 1014 665 vidi,
1039 611 1095 657 et
1115 601 1255 657 cado
1276 616 1443 671 super
1466 599 1661 657 faciem
1696 617 1894 666 meam,

280 707 339 752 et
372 698 570 754 audivi
602 710 793 751 vocem
828 692 1127 762 loquentis.

365 793 514 862 Cap.
550 789 629 857 ll,
664 791 717 843 1.
749 786 818 841 Ει
862 787 1005 841 dixit
1056 785 1124 840 ad
1169 800 1297 841 me:
1343 783 1447 840 Fili
1499 786 1760 852 hominis,
1812 799 1895 844 sta

287 897 475 952 super
508 880 674 950 pedes
723 887 868 943 tuos,
902 877 978 948 (0)
1027 886 1082 931 et
1114 876 1309 946 loquar
1334 877 1402 932 ad
1450 885 1523 932 te.
1557 878 1612 931 ἓ.
1652 878 1719 934 Ει
1752 881 1899 937 venit

294 990 481 1045 super
522 988 609 1028 me
630 971 878 1042 spiritus,
908 977 965 1024 et
994 970 1261 1026 assumsit
1289 984 1396 1035 me,
1429 979 1486 1026 et
1511 971 1745 1026 elevavit
1786 989 1894 1038 me,

291 1076 353 1123 et
383 1067 588 1123 statuit
625 1079 710 1119 me
739 1078 906 1133 super
937 1062 1105 1132 pedes
1139 1076 1315 1124 meos,
1347 1071 1401 1117 et
1433 1064 1722 1119 audiebam
1769 1081 1894 1120 eum

295 1160 622 1229 loquentem
656 1157 723 1211 ad
753 1171 858 1211 me.
892 1155 948 1210 5.
985 1156 1051 1209 Et
1077 1153 1218 1209 dixit
1242 1155 1307 1209 ad
1337 1170 1464 1211 me:
1500 1154 1599 1208 Fili
1635 1157 1892 1224 hominis,

296 1252 467 1305 mitto
497 1261 548 1304 te
572 1263 675 1319 ego
707 1248 774 1302 ad
805 1248 1031 1303 domum
1058 1246 1296 1311 lsraelis,
1347 1249 1737 1304 exacerbantes
1785 1265 1893 1315 me,

302 1342 403 1411 qui
434 1341 841 1396 exacerbarunt
870 1354 979 1402 me,
1016 1337 1120 1407 ipsi
1157 1348 1212 1393 et
1241 1347 1421 1408 patres
1449 1355 1641 1395 eorum
1669 1343 1740 1410 >κ
1769 1357 1896 1412 per-

308 1432 417 1488 fide
443 1440 678 1503 egerunt
698 1431 753 1485 in
788 1444 877 1486 me
931 1431 954 1499 1
997 1445 1173 1501 usque
1217 1431 1285 1486 ad
1347 1431 1491 1487 diem
1544 1433 1892 1493 hodiernum.

302 1523 360 1577 4.
397 1526 466 1591 Ἃ(
514 1521 581 1576 Ει
629 1523 723 1576 filii
771 1522 898 1577 duri
950 1521 1112 1587 facie,
1156 1534 1212 1577 et
1263 1525 1384 1579 duri
1437 1526 1640 1582 corde:
1675 1543 1780 1598 ego
1816 1530 1892 1601 (ρ)

302 1614 467 1668 mitto
498 1624 551 1667 te
584 1613 651 1667 ad
701 1627 796 1668 eos
827 1614 874 1681 1.
919 1611 987 1667 Et
1015 1613 1166 1668 dices
1197 1614 1266 1668 ad
1297 1630 1428 1670 eos:
1468 1615 1593 1671 Haec
1624 1618 1759 1674 dicit
1784 1619 1895 1676 Do-

306 1708 518 1762 minus.
559 1708 614 1762 5.
645 1704 719 1777 (q)
756 1704 812 1760 Si
845 1704 987 1760 forte
1024 1706 1274 1773 audiant,
1323 1716 1417 1762 aut
1465 1720 1717 1779 paveant,
1766 1713 1894 1783 quia

307 1801 511 1856 domus
544 1800 769 1855 irritans
799 1808 903 1864 est,
931 1806 986 1853 et
1014 1798 1210 1865 scient,
1242 1800 1388 1869 quod
1435 1801 1700 1872 propheta
1742 1820 1802 1860 es
1835 1815 1892 1860 tu

309 1894 365 1947 in
401 1893 584 1949 medio
614 1908 826 1948 eorum.
857 1891 911 1947 6.
939 1891 1005 1946 Et
1041 1902 1119 1957 tu,
1165 1892 1240 1946 fili
1290 1891 1551 1961 hominis,
1586 1911 1654 1950 ne
1697 1896 1895 1954 timeas

308 2002 429 2053 eos,
458 1996 512 2042 et
540 2002 569 2040 a
603 1985 740 2041 facie
765 2000 957 2041 eorum
990 2002 1057 2040 ne
1089 1987 1448 2056 ohstupescas
1479 2006 1495 2054 ;
1537 1987 1608 2059 (r)
1641 1990 1770 2061 quia
1805 2006 1899 2047 ve-

312 2081 467 2135 nient
516 2080 572 2134 in
612 2080 816 2148 impetu
851 2095 976 2133 cum
1019 2079 1271 2145 insania,
1307 2092 1360 2136 et
1407 2081 1692 2153 insurgent
1734 2100 1900 2156 super

312 2181 365 2227 te
392 2173 778 2235 circumcirca,
816 2179 870 2225 et
894 2170 949 2224 in
972 2171 1154 2226 medio
1184 2173 1538 2247 scorpionum
1562 2184 1618 2230 tu
1644 2175 1896 2235 habitas:

315 2262 484 2316 verba
519 2275 712 2314 eorum
746 2274 814 2314 ne
849 2258 1073 2325 timeas,
1106 2268 1159 2315 et
1193 2275 1223 2314 a
1278 2260 1416 2315 facie
1450 2276 1642 2317 eorum
1689 2279 1758 2320 ne
1797 2265 1900 2320 ob-

322 2362 613 2422 stupescas
637 2367 652 2415 ;
680 2351 806 2421 quia
832 2351 1026 2407 domus
1057 2351 1277 2407 irritans
1323 2361 1425 2409 est.
1459 2354 1511 2407 7.
1544 2355 1610 2409 Et
1659 2356 1900 2427 loqueris

321 2443 490 2499 verba
524 2456 644 2495 mea
673 2440 739 2495 ad
769 2456 885 2504 eos,
918 2441 963 2496 si
988 2439 1124 2497 forte
1163 2443 1412 2509 audiant,
1463 2454 1558 2500 aut
1589 2447 1899 2517 trepident;

319 2535 445 2605 quia
474 2533 671 2588 domus
702 2532 922 2589 irritatis
945 2544 1048 2590 est.
1073 2534 1128 2590 8.
1168 2534 1237 2590 Et
1265 2545 1343 2600 tu,
1371 2536 1444 2592 fili
1478 2538 1742 2605 hominis,
1769 2541 1899 2597 audi

318 2625 629 2694 loquentem
661 2623 728 2677 ad
762 2630 847 2678 te:
882 2639 951 2678 ne
988 2625 1064 2680 sis
1089 2626 1331 2692 irritans,
1374 2628 1516 2683 sicut
1543 2629 1742 2686 domus
1774 2631 1904 2686 irri-

317 2728 476 2772 tans:
511 2716 658 2786 aperi
701 2730 765 2772 os
799 2725 977 2782 tuum,
1009 2726 1061 2772 et
1090 2720 1317 2774 comede
1361 2723 1505 2791 quod
1544 2737 1645 2793 ego
1673 2723 1744 2778 do
1777 2724 1898 2781 tibi.

316 2808 369 2865 9.
407 2809 474 2864 Et
502 2808 634 2875 vidi,
660 2818 711 2863 et
734 2823 861 2863 ecce
892 2824 1092 2865 manus
1113 2814 1427 2875 extensa_ad
1449 2828 1556 2877 me,
1580 2816 1708 2870 etin
1735 2830 1799 2871 ea
1829 2816 1898 2889 (ε)

315 2900 619 2971 capitulum
657 2901 804 2957 libri.
837 2901 927 2956 10.
970 2900 1037 2957 Ει
1063 2904 1326 2973 expandit
1383 2905 1516 2961 illud
1551 2922 1737 2963 coram
1772 2924 1899 2964 me:

318 3002 373 3048 et
400 2993 456 3047 in
486 3009 552 3048 eo
575 2995 781 3064 scripta
805 3002 962 3049 erant
989 3010 1019 3049 a
1046 2993 1227 3051 fronte
1246 2995 1366 3066 ejus
1393 3006 1448 3052 et
1484 3013 1514 3052 a
1545 3007 1702 3069 tergo
1737 3001 1859 3072 ejus
1884 3021 1901 3058 :

315 3094 371 3141 et
400 3086 665 3157 scriptum
701 3094 819 3141 erat
852 3087 905 3141 in
937 3101 1005 3142 eo
1030 3087 1369 3155 lamentatio,
1399 3097 1453 3145 et
1495 3090 1563 3162 (ι)
1592 3094 1898 3161 canticum,

315 3183 371 3231 et
400 3191 501 3231 vze.

385 3269 519 3339 Cap:
545 3268 639 3333 111,
672 3270 721 3323 1.
744 3268 804 3324 Et
832 3270 970 3325 dixit
991 3271 1057 3326 ad
1079 3285 1166 3325 me
1190 3289 1203 3327 :
1228 3271 1332 3327 Fili
1355 3273 1618 3343 hominis,
1645 3278 1714 3347 Χ
1736 3279 1907 3349 quod-

320 3377 556 3432 cumque
583 3362 880 3430 inveneris,
908 3363 1009 3417 ede
1038 3364 1085 3431 1,
1114 3364 1341 3420 comede
1375 3367 1674 3436 capitulum
1700 3371 1823 3437 hoc,
1853 3382 1907 3428 et

319 3456 480 3519 vade,
517 3462 573 3510 et
610 3457 836 3527 loquere
870 3458 936 3511 ad
976 3457 1117 3512 filios
1164 3458 1399 3515 Israelis.
1439 3459 1497 3513 ἓ.
1537 3460 1601 3515 Ει
1632 3463 1810 3533 aperit
1842 3479 1906 3521 os

319 3562 527 3627 meum,
567 3557 621 3601 et
644 3548 808 3603 edere
836 3546 964 3603 fecit
996 3564 1082 3604 me
1104 3551 1403 3621 capitulum
1438 3553 1562 3610 hoc.
1585 3554 1638 3609 5.
1671 3555 1737 3611 Ει
1768 3557 1908 3613 dixit

318 3639 384 3694 ad
422 3655 548 3693 me:
579 3638 682 3693 Fili
716 3640 977 3705 hominis,
1011 3657 1073 3698 os
1104 3653 1258 3699 tuum
1292 3646 1436 3712 edet,
1463 3658 1517 3702 et
1547 3658 1751 3706 venter:
1771 3660 1901 3708 tuus

319 3732 640 3802 implebitur
666 3733 908 3804 capitulo
937 3735 1042 3790 hoc
1077 3737 1202 3792 dato
1246 3738 1303 3793 in
1338 3748 1409 3795 te.
1441 3740 1508 3795 Et
1533 3743 1620 3797 edi
1664 3744 1821 3811 illud,
1852 3751 1908 3800 et

322 3824 528 3881 factum
561 3828 720 3881 estin
763 3841 860 3882 ore
889 3834 1032 3893 meo,
1068 3829 1213 3884 sicut
1238 3831 1343 3886 mel
1375 3831 1556 3888 dulce.
1596 3834 1650 3887 4.
1678 3834 1745 3889 Ει
1773 3835 1911 3890 dixit

321 3918 391 3974 ad
442 3934 568 3973 me:
603 3916 705 3973 Fili
746 3919 1010 3985 hominis,
1048 3921 1204 3987 vade,
1240 3922 1526 3993 ingredere
1565 3926 1631 3979 ad
1682 3923 1906 3981 domum

322 4009 565 4077 lsraelis,
601 4020 654 4066 et
684 4012 909 4082 loquere
935 4013 1103 4068 verba
1131 4029 1251 4068 mea
1289 4014 1354 4068 ad
1394 4028 1509 4071 eos.
1543 4016 1597 4069 5.
1640 4015 1908 4084 Quoniam

325 4120 434 4160 non
460 4103 527 4159 ad
553 4106 814 4175 populum
849 4105 1183 4177 profundum
1213 4107 1362 4163 labio
1386 4117 1440 4163 et
1474 4125 1695 4180 gravem
1720 4112 1907 4183 lingua

325 4207 382 4252 tu
407 4197 641 4253 mitteris
664 4197 733 4252 ad
763 4198 986 4253 domum
1013 4197 1232 4256 lsraclis
1257 4218 1270 4254 :
1301 4199 1361 4257 6.‘
1385 4216 1564 4272 neque
1588 4204 1652 4258 ad
1678 4205 1912 4275 populos

327 4286 533 4343 multos
563 4288 774 4343 alienos
790 4290 1063 4371 _vocibus,
1105 4302 1200 4345 aut
1227 4290 1439 4348 alienos
1477 4292 1687 4364 lingua,
1732 4311 1913 4367 neque

325 4380 420 4449 qui
450 4389 578 4436 sunt
616 4380 885 4451 obfirmati
920 4381 1129 4451 lingua,
1166 4398 1404 4453 quorum
1437 4400 1507 4440 ne
1553 4386 1749 4444 audias
1788 4404 1910 4445 ser-

326 4489 518 4530 mones
547 4489 735 4530 eorum
763 4495 776 4530 :
810 4484 864 4531 et
896 4475 940 4531 si
970 4476 1035 4530 ad
1082 4475 1218 4530 tales
1261 4478 1533 4534 mitterem
1566 4488 1641 4547 te,
1682 4481 1736 4535 hi
1781 4483 1911 4537 obe-

2001 604 2056 659 in
2093 605 2462 675 captivitatem
2499 608 2565 661 ad
2616 606 2758 662 tilios
2789 609 2975 679 populi
3011 611 3109 677 tui,
3150 619 3203 666 et
3236 613 3480 682 loqueris
3512 613 3579 667 ad

1998 710 2117 760 eos,
2146 704 2200 751 et
2222 695 2374 751 dices
2403 696 2470 751 ad
2498 711 2594 752 eos
2620 715 2634 751 :
2660 695 2788 751 Haec
2818 696 2951 752 dicit
2981 698 3241 755 Dominus
3277 702 3579 755 Dominus:

1999 789 2046 843 si
2076 788 2217 844 forte
2241 788 2490 855 audiant,
2533 789 2580 844 si
2610 788 2753 845 forte
2790 791 3113 846 concedant.
3146 792 3235 847 12.
3264 793 3331 848 Ει
3362 811 3581 851 assum-

1999 879 2071 935 sit
2097 895 2182 935 me
2213 879 2461 950 spiritus,
2498 888 2554 936 et
2584 880 2766 935 audivi
2799 895 2828 935 a
2864 888 3016 949 tergo
3044 896 3166 935 meo
3206 897 3393 937 vocem
3431 899 3579 938 com-

1999 971 2523 1043 motionis-magnae,
2555 972 2859 1028 dicentium
2895 991 2908 1026 :
2937 972 3228 1027 Benedicta
3269 974 3442 1044 gloria
3475 975 3582 1029 Do-

1999 1062 2133 1117 mini
2176 1064 2245 1118 de
2292 1064 2412 1119 loco
2444 1079 2566 1119 suo.
2610 1064 2699 1120 15.
2751 1063 2818 1119 Ει
2852 1063 2964 1118 vidi
3007 1062 3086 1136 (π)
3133 1078 3321 1119 vocem
3355 1065 3579 1119 alarum

1998 1157 2321 1212 animalium
2348 1159 2649 1213 volantium
2674 1174 2782 1214 una
2814 1159 2881 1214 ad
2924 1158 3174 1223 alteram,
3226 1167 3279 1212 et
3308 1173 3409 1212 vox
3434 1164 3584 1211 rota-

1997 1264 2120 1303 rum
2147 1264 2330 1306 coram
2363 1251 2466 1317 eis,
2519 1261 2572 1306 et
2598 1267 2705 1325 vox
2731 1251 3117 1307 commotionis
3169 1253 3236 1318 >ε<
3274 1264 3487 1320 magna
3529 1249 3586 1319 1.

2000 1340 2088 1394 14.
2123 1340 2188 1395 Ει
2222 1341 2450 1411 spiritus
2472 1341 2704 1398 elevavit
2744 1357 2861 1408 me,
2894 1350 2949 1397 et
2981 1341 3205 1397 sustulit
3237 1355 3344 1407 me,
3386 1348 3439 1394 et
3473 1338 3580 1393 abii

1998 1432 2252 1488 sublimis
2286 1448 2412 1488 aere
2440 1435 2494 1488 in
2524 1434 2728 1503 impetu
2759 1434 2988 1504 spiritus
3019 1432 3148 1499 mei,
3193 1431 3270 1503 (ῃ)
3297 1440 3352 1487 et
3382 1446 3579 1486 manus

1996 1522 2212 1578 Domini
2247 1522 2388 1579 facta
2422 1536 2505 1579 est
2532 1540 2696 1595 super
2725 1541 2811 1580 me
2832 1535 3046 1595 potens.
3083 1525 3171 1580 15.
3198 1526 3267 1579 Ει
3302 1525 3582 1595 ingressus

2002 1630 2127 1670 sum
2159 1615 2213 1668 in
2246 1615 2620 1685 captivitatem
2651 1616 2905 1671 sublimis
2937 1632 3085 1682 aere,
3113 1625 3167 1671 et
3210 1616 3440 1671 circnivi
3478 1616 3581 1670 ha-

1996 1706 2239 1763 bitantes
2273 1723 2441 1777 super
2469 1707 2695 1762 fluvium
2728 1707 2968 1773 Chobar,
3002 1723 3098 1763 eos
3134 1708 3228 1777 qni
3255 1715 3414 1762 erant
3464 1705 3578 1760 ibi:

2000 1803 2054 1849 et
2088 1796 2204 1850 sedi
2244 1795 2317 1849 ibi
2360 1805 2566 1866 septem
2605 1796 2745 1863 dies,
2780 1796 2853 1866 (z)
2907 1811 3240 1851 conversans
3287 1796 3341 1849 in
3399 1795 3580 1850 medio

2001 1901 2216 1942 eorum.
2251 1887 2334 1943 16.
2380 1890 2446 1943 Et
2479 1887 2680 1944 factum
2706 1897 2790 1944 est
2817 1898 2939 1958 post
2972 1889 3076 1943 hos
3113 1896 3320 1958 septem
3362 1885 3480 1940 dies
3514 1887 3584 1953 χ(

2001 1987 2056 2033 et
2086 1978 2292 2033 factum
2318 1986 2401 2034 est
2433 1980 2456 2049 1
2495 1980 2720 2034 verbum
2762 1980 2978 2033 Domini
3004 1979 3069 2033 ad
3102 1994 3210 2046 me,
3237 1978 3467 2035 dicens:
3494 1977 3581 2030 17.

2004 2067 2106 2122 Fili
2137 2068 2396 2135 hominis,
2430 2069 2832 2137 speculatorem
2862 2068 2991 2124 dedi
3018 2076 3071 2123 te
3101 2068 3291 2123 domui
3342 2067 3582 2132 lsraelis,

1999 2169 2055 2214 et
2083 2160 2276 2216 audies
2302 2175 2369 2214 ex
2399 2175 2494 2215 ore
2527 2175 2653 2215 meo
2682 2162 2933 2227 verbum,
2968 2158 3045 2230 (α)
3075 2169 3129 2215 et
3157 2158 3587 2215 comminaberis

2000 2250 2082 2307 eis
2119 2266 2150 2305 a
2180 2265 2285 2317 me,
2309 2253 2395 2306 18.
2420 2265 2546 2327 cum
2581 2250 2773 2303 dixero
2806 2250 2998 2320 iniquo
3020 2268 3038 2304 ς
3079 2248 3253 2305 Morte
3288 2249 3582 2304 morieris:

2001 2354 2058 2400 et
2098 2360 2204 2399 non
2233 2343 2558 2410 distinxistl,
2599 2357 2776 2412 neque
2806 2342 3025 2400 locutus
3056 2358 3117 2399 es
3145 2342 3213 2397 ad
3244 2340 3588 2411 distinguen-

2001 2439 2132 2493 dum
2168 2437 2387 2508 iniquo,
2425 2445 2485 2491 ut
2533 2444 2837 2491 revertatur
2887 2452 2919 2491 a
2969 2436 3071 2491 viis
3102 2434 3240 2499 suis,
3294 2443 3354 2491 ut
3399 2434 3583 2488 vivat:

2002 2529 2227 2600 iniquus
2261 2528 2353 2584 ille
2399 2529 2474 2600 (b)
2499 2528 2554 2583 in
2595 2527 2863 2598 injustitia
2897 2540 2996 2582 sua
3027 2526 3323 2588 morietur,
3373 2531 3428 2579 et
3461 2538 3587 2579 san-

2005 2621 2237 2692 guinem.
2262 2621 2386 2691 ejus
2414 2620 2483 2675 de
2516 2636 2683 2676 manu
2718 2631 2811 2675 tua
2838 2620 3140 2691 requiram.
3186 2617 3274 2673 19.
3320 2615 3387 2670 Et
3426 2626 3507 2684 tu,
3538 2617 3588 2672 si

2004 2714 2327 2769 distinxeris
2353 2713 2567 2784 iniquo,
2596 2728 2698 2768 nec
2724 2727 2982 2769 reversus
3006 2711 3171 2768 fuerit
3200 2712 3268 2767 ab
3297 2711 3590 2781 iniquitate

2003 2821 2126 2873 sua,
2166 2815 2221 2862 et
2252 2822 2283 2862 a
2311 2807 2401 2863 via
2429 2821 2552 2874 sua,
2584 2808 2807 2877 iniquus
2829 2808 2919 2863 ille
2950 2808 3003 2861 in
3044 2805 3312 2877 injustitia
3343 2819 3440 2861 sua
3469 2819 3589 2858 mo-

2006 2900 2198 2965 rietur,
2224 2907 2280 2953 et
2310 2905 2369 2953 tu
2401 2900 2642 2953 animam
2670 2907 2818 2953 tuam
2849 2897 3252 2953 liberabis.-20.
3282 2897 3345 2952 Et
3375 2911 3499 2952 cum
3529 2911 3589 2951 se

2005 2991 2267 3045 averterit
2295 2989 2481 3061 justus
2521 3005 2551 3045 a
2577 2991 2812 3061 justitiis
2841 2991 2979 3056 suis,
3002 2998 3057 3045 et
3075 2988 3268 3045 fecerit
3299 2989 3589 3054 delictum,

2007 3083 2174 3139 etiam
2199 3081 2342 3138 dabo
2375 3092 2644 3138 tormenta
2669 3082 2724 3137 in
2759 3081 2953 3137 faciem
2984 3081 3134 3152 ejus:
3159 3081 3276 3151 ipse
3303 3081 3586 3145 morietur,

1930 3202 1975 3263 ο
2010 3177 2137 3246 quia
2170 3190 2282 3231 non
2315 3176 2619 3233 distinxisti
2652 3175 2703 3232 ei
2730 3194 2743 3231 :
2787 3185 2842 3232 et
2889 3176 2946 3231 in
2976 3174 3219 3247 peccatis
3247 3173 3363 3231 suis
3390 3173 3591 3228 morie-

2008 3277 2117 3336 tur,
2158 3270 2309 3341 quia-
2341 3286 2450 3325 non
2491 3269 3074 3326 commemorabuntur
3105 3267 3409 3339 eijustitiai
3449 3266 3592 3335 ejus,

2007 3378 2147 3435 quas
2182 3362 2332 3430 fecit,
2376 3372 2431 3419 et
2463 3363 2795 3434 sanguinem:
2821 3361 2955 3431 ejus-
2995 3361 3074 3416 de
3096 3376 3260 3415 manu
3289 3368 3379 3417 tua
3402 3359 3592 3428 requi-

2009 3471 2150 3510 ram.
2177 3454 2271 3510 ‘2-1.
2309 3454 2382 3526 (ι’)
2416 3451 2498 3510 Tu
2527 3463 2709 3510 autem
2745 3453 2793 3509 si
2838 3453 3161 3509 distinxeris
3190 3453 3362 3522 justo,
3416 3461 3476 3506 ut
3526 3465 3593 3504 ne

2009 3558 2218 3620 peccet,
2248 3557 2304 3603 et
2356 3548 2472 3619 ipse
2502 3563 2609 3603 non
2655 3548 2985 3618 peccaverit,
3036 3545 3219 3616 justus
3269 3544 3380 3598 vita
3425 3544 3597 3607 vivet,

2008 3644 2139 3714 quia
2173 3641 2470 3713 distinxistj
2515 3642 2587 3707 ei,
2638 3649 2694 3697 et
2737 3650 2792 3694 tu
2823 3639 3063 3694 animam
3111 3647 3261 3693 tuam
3312 3633 3592 3689 liberabis.

2008 3737 2100 3790 22.
2137 3736 2203 3789 Et
2230 3733 2372 3789 facta
2405 3741 2498 3790 est
2522 3749 2691 3804 super
2730 3747 2818 3789 me
2850 3734 2919 3801 )t(
2946 3731 3019 3786 ibi
3051 3730 3072 3800 1
3124 3742 3323 3785 manus
3355 3723 3593 3789 Domini,

2011 3838 2066 3883 et
2088 3827 2227 3882 dixit
2254 3827 2324 3881 ad
2364 3842 2491 3885 me:
2530 3826 2726 3898 Surge,
2764 3835 2819 3881 et
2857 3825 3123 3896 egredere
3149 3823 3204 3878 in
3234 3834 3507 3890 campum,
3542 3825 3597 3872 et

2012 3920 2086 3976 ibi
2127 3919 2393 3975 allocutio
2420 3917 2511 3974 ﬁet
2538 3919 2607 3974 ad
2641 3928 2712 3973 te.
2748 3918 2838 3971 23.
2880 3916 2949 3971 Et
2977 3915 3223 3981 surrexi,
3258 3920 3323 3971 et
3342 3924 3597 3985 egressus

2012 4030 2133 4070 sum
2166 4013 2221 4067 in
2254 4027 2511 4083 campum
2537 4022 2629 4066 :et
2658 4026 2785 4067 ecce
2813 4010 2889 4065 ibi
2919 4009 3088 4080 gloria
3129 4006 3349 4062 Domini
3396 4004 3595 4068 stabat,

2013 4108 2158 4163 sicut
2189 4120 2254 4163 σε·
2296 4107 2619 4176 adspectus,
2661 4114 2716 4158 et
2758 4102 2907 4158 sicut
2961 4101 2985 4169 1
3038 4100 3233 4170 gloria,
3267 4112 3434 4168 quam
3488 4096 3597 4150 vidi

2014 4214 2179 4266 super
2200 4196 2425 4251 ﬂuvium
2461 4194 2701 4250 Chobar.
2722 4192 2788 4248 Et
2818 4193 2959 4261 cado
2978 4206 3142 4261 super
3163 4190 3359 4257 faciem
3397 4202 3596 4251 meam,

2013 4291 2105 4345 24.
2140 4301 2195 4346 et
2220 4291 2369 4345 venit
2398 4304 2564 4359 super
2603 4301 2691 4342 me
2719 4285 2968 4356 spiritus,
2998 4292 3054 4340 et
3079 4282 3272 4339 statuit
3306 4295 3394 4335 me
3435 4294 3601 4349 super

2016 4380 2184 4452 pedes
2214 4395 2390 4446 meos,
2423 4389 2477 4434 et
2516 4380 2736 4434 locutus
2765 4385 2851 4432 est
2898 4376 2965 4431 ad
3000 4390 3109 4438 me,
3143 4381 3201 4429 et
3236 4371 3376 4428 dixit
3419 4368 3551 4425 mihi
3583 4389 3598 4424 :

2023 4472 2337 4544 Ingredere,
2361 4482 2414 4526 et
2435 4470 2718 4525 includere
2748 4470 2803 4524 in
2834 4468 3016 4524 medio
3048 4467 3248 4522 domus
3270 4464 3505 4522 tuae.‘25.
3536 4462 3603 4517 Et

326 4566 509 4622 dirent
555 4567 673 4622 tibi.
718 4568 773 4623 7.
824 4568 1034 4625 Domus
1084 4581 1266 4626 autem
1310 4571 1529 4628 lsraclis
1579 4588 1687 4627 non
1729 4574 1913 4628 volent
1946 4550 1995 4604 θ
2022 4575 2101 4633 ιιι,
2136 4563 2210 4619 illi
2259 4563 2522 4629 hominis,
2561 4577 2689 4618 ecce
2718 4561 2845 4617 data
2889 4569 3019 4617 sunt
3058 4575 3227 4631 super
3262 4567 3315 4615 te
3358 4557 3601 4623 vincula,

327 4661 588 4717 exaudire
630 4670 706 4727 te,
741 4663 868 4732 quia
910 4677 1021 4718 non
1060 4666 1255 4719 volunt
1297 4666 1559 4721 exaudire
1608 4682 1731 4734 me;
1783 4667 1914 4738 quia

330 4754 515 4810 omnis
539 4755 739 4811 domus
781 4754 1002 4812 lsraelis
1055 4755 1281 4826 litigiosi
1309 4769 1458 4822 sunt,
1488 4766 1544 4812 et
1576 4758 1697 4814 duri
1727 4760 1915 4816 corde.

330 4844 386 4902 8.
417 4847 481 4902 Et
517 4862 648 4904 ecce
676 4848 801 4904 dedi
828 4847 1023 4903 faciem
1054 4857 1199 4904 tuam
1224 4858 1500 4919 potentem
1535 4861 1725 4906 contra
1750 4850 1919 4908 facies

2014 4669 2070 4716 et
2103 4658 2347 4714 vincient
2395 4668 2447 4711 te
2492 4657 2546 4710 in
2581 4657 2679 4723 eis,
2729 4666 2920 4711 etnon
2969 4654 3269 4726 egredieris
3311 4654 3379 4708 de
3424 4652 3623 4707 medio.

2015 4727 2231 4809 eorum.
2264 4751 2358 4808 26.
2394 4751 2460 4807 Ει
2502 4751 2746 4821 linguam
2791 4757 2939 4804 tuam
2986 4748 3154 4804 simul
3205 4746 3386 4816 ligaho
3426 4747 3494 4812 )t(
3522 4744 3619 4823 ad-

2018 4854 2205 4916 gutlur
2263 4854 2418 4899 tuum
2453 4844 2504 4912 1,
2550 4854 2604 4899 et
2636 4843 3007 4907 ohmutesces,
3041 4848 3094 4895 et
3129 4854 3237 4894 non
3272 4838 3380 4892 eris
3420 4838 3501 4892 eis
3545 4835 3599 4889 in

327 4950 541 5004 eorum,
575 4944 630 4992 et
650 4938 1057 4994 contentionem
1086 4946 1238 4993 tuam
1261 4939 1634 4994 corroborabo
1657 4941 1922 4997 adversus
2020 4935 2203 4989 virum
2238 4934 2624 5005 objurgantem
2655 4950 2671 5001 ;
2701 4931 2830 5002 quia
2855 4931 3055 4986 domus
3104 4928 3327 4982 irritans
3360 4932 3465 4979 est.
3508 4923 3602 4976 ‘27.

328 5028 742 5084 contentionem
790 5045 1007 5098 eorum,
1046 5032 1103 5089 9.
1131 5038 1187 5086 et
1211 5030 1336 5098 erit,
1379 5046 1594 5101 semper
1635 5032 1913 5089 duriorem

329 5126 480 5189 petra
509 5123 580 5189 )u:
607 5122 731 5178 dedi
767 5122 849 5193 (ιι)
889 5121 1124 5179 frontem
1162 5130 1315 5178 tuam
1349 5122 1373 5192 1
1408 5141 1422 5178 :
1456 5137 1525 5177 ne
1570 5124 1764 5180 timeas
1796 5138 1931 5191 eos,

332 5227 512 5284 neque
541 5229 743 5285 paveas
784 5233 816 5271 a
843 5216 991 5272 facie
1018 5233 1231 5283 eorum,
1280 5219 1408 5289 quia
1446 5218 1645 5275 domus
1694 5219 1920 5277 irritans

333 5314 435 5362 est.
471 5307 558 5362 10.
591 5308 653 5364 Et
689 5308 828 5365 dixit
852 5311 919 5366 ad
955 5326 1082 5367 me:
1117 5310 1220 5366 Fili
1266 5310 1528 5377 hominis,
1560 5324 1754 5368 omnes
1803 5327 1920 5368 ser-

336 5411 558 5465 mones,
577 5416 721 5472 quos
763 5401 979 5459 locutus
1027 5418 1150 5459 sum
1189 5411 1403 5469 tecum,
1452 5417 1674 5459 assume
1709 5404 1764 5458 in
1792 5446 1793 5449 η
1818 5419 1917 5459 cor

2026 5025 2246 5083 Etcum
2275 5017 2494 5084 locutus
2529 5025 2686 5083 fuero
2722 5024 2789 5081 ad
2827 5033 2901 5088 te,
2944 5021 3184 5092 aperiam
3223 5032 3287 5072 os
3335 5025 3515 5088 tuum,
3551 5022 3607 5069 et

2024 5123 2177 5179 dices
2206 5120 2271 5176 ad
2302 5135 2435 5176 eos:
2482 5117 2607 5174 Haec
2635 5118 2767 5174 dicit
2805 5114 2885 5183 (ιι)
2912 5113 3126 5167 Adonai
3155 5108 3451 5165 Dominus:
3501 5104 3607 5173 Qui

2024 5216 2209 5282 audit,
2261 5213 2474 5279 audiat,
2518 5220 2577 5266 et
2624 5210 2718 5281 qui
2766 5205 2983 5263 rebellis
3020 5212 3124 5269 est,
3177 5200 3401 5263 rebellet
3431 5199 3615 5270 ;:quia

2025 5310 2223 5366 domus
2252 5306 2475 5360 irritans
2498 5311 2605 5358 est.
3324 5342 3329 5345 _

2098 5403 2235 5473 Cap.
2272 5398 2362 5454 Ν.
2391 5399 2530 5453 -1.
2562 5396 2626 5450 Ει
2661 5404 2738 5459 ιιι,
2771 5390 2847 5447 ﬁli
2885 5387 3160 5454 hominis,
3207 5399 3363 5444 sume
3402 5385 3499 5441 tibi
3534 5386 3619 5439 la—

409 5579 486 5652 (o)
516 5580 665 5649 quod
690 5580 887 5652 loquar
911 5581 979 5634 ad
1022 5590 1095 5636 te.
1147 5581 1215 5637 Et
1259 5581 1540 5652 ingressus
1579 5590 1673 5652 est
1727 5581 1782 5636 in
1838 5596 1924 5636 me

2004 5596 2079 5652 1m
2132 5578 2239 5634 mei
2282 5575 2530 5652 spiritus.
2609 5571 2681 5638 ip)
2720 5567 3010 5652 Dominus.
3046 5565 3138 5652 μί)
3176 5567 3222 5622 si
3247 5561 3615 5652 quemadmop

334 5652 466 5705 dum
502 5652 833 5712 audiverim.
869 5652 1267 5721 acquieverint.

1351 5652 1433 5722 (r)-
1459 5649 1541 5717 S.,
1575 5651 1921 5720 impudentes
1965 5651 2110 5722 enim
2148 5640 2389 5722 sunt,:ct
2436 5644 2568 5722 sine.
2596 5654 2692 5722 spe
2728 5640 2796 5722 ad
2848 5650 2919 5694 te.

2993 5637 3062 5705 (si
3078 5632 3079 5635 “
3094 5632 3178 5699 8.,
3206 5632 3498 5705 scriptor-ia
3537 5642 3619 5685 ta-

336 5699 465 5777 m;
501 5699 1275 5794 susurra)"aridam;
1305 5699 2110 5793 (.5'cauea'ani.:."(.rs':
2149 5699 2495 5772 -ιῖιέέέιεσηρηι
2525 5699 2688 5765 δίαν-ιιι
2739 5708 2800 5776 (i.
2837 5723 2888 5764 ρ.
2916 5699 3349 5785 amplos-mu

339 5793 418 5842 lui
451 5791 534 5842 S..
571 5806 768 5842 manus
802 5794 948 5842 etiim
993 5793 1205 5842 Domini
1232 5801 1351 5842 erat
1388 5807 1553 5842 suner
1581 5807 1686 5842 me.
1713 5792 1787 5842 (ai
1824 5791 1909 5842 8..
1954 5790 2077 5842 Th“
2126 5736 2381 5842 habitans
2412 5796 2533 5842 ego.
2581 5780 2658 5842 (η)
2692 5776 2783 5841 δι,
2818 5790 2873 5836 et
2911 5789 3210 5842 ιπωνειιιθε
3250 5766 3505 5825 ¹¹¹⁰¹¹θι)¹ε
3527 5786 3613 5823 οθε

2145 5806 2159 5841 1

339 5793 418 5863 ly)
451 5791 534 5856 S.,
571 5806 768 5848 manus
797 5790 948 5848 enim
993 5790 1205 5863 Domini
1232 5790 1553 5861 eratsuper
1581 5807 1686 5846 me.
1713 5792 1787 5861 (τ)
1824 5790 1910 5857 8.,
1954 5790 2077 5863 Th”

2165 5766 2381 5843 abituris
2412 5796 2533 5850 ego.
2581 5780 2658 5847 (η)
2692 5766 2783 5841 SI,
2818 5790 2873 5836 et
2911 5766 3210 5850 praevenies
3250 5766 3505 5850 rhonchis
3527 5786 3620 5823 eos

338 5842 508 5919 {ina
521 5842 1485 5937 ’(111111ῂίἶιίἦίίῆξιιδίζῖᾖ-έξῇι,ᾑεῖ
1499 5842 2005 5934 'ie‘r'b'p‘raiévéh'cris
2032 5842 2308 5915 monueris
2328 5842 2563 5925 justum,
2590 5842 2650 5902 ut
2673 5863 2744 5901 ne
2769 5842 2975 5919 peccet.
3011 5842 3087 5911 (di
3123 5843 3417 5896 Dominus.
