2036 3213
255 179 327 207 9696

813 179 924 207 (IODEX
953 179 1336 208 SYlllACO-IIEXAPLARIS

1819 179 1888 207 2696

256 242 352 268 torem,
370 241 397 263 et
411 243 495 270 pones
510 244 572 263 eum
586 241 648 263 ante
657 236 754 264 faciem
770 242 854 268 tuam.
868 243 895 265 et
904 239 1044 266 describes
1059 244 1081 269 Α
1097 239 1184 273 patris,
1213 243 1239 266 et
1253 247 1330 272 aqum
1344 246 1350 265 :
1369 243 1395 265 et
1420 241 1611 272 corrumpetur
1635 238 1726 269 homo.
1753 241 1779 264 et
1807 237 1889 264 frater

255 289 337 316 super
352 289 384 308 eo
400 282 495 309 urbem
513 280 666 309 Jerusalem
683 292 689 309 :
704 282 731 309 2.
748 288 775 310 et
790 283 868 310 dabis
887 292 970 318 super
983 292 1043 311 eam

255 328 289 362 (ι)
304 327 497 359 inclusiouem,
514 332 542 362 et
557 327 705 354 aadiﬁcabis
723 336 805 362 super
820 337 878 355 eam
896 329 928 363 (f)
945 337 1045 364 propu-

254 373 380 409 gnacula,
392 378 418 399 et
431 373 518 407 jacies
533 380 615 407 super
624 381 683 400 eam
702 374 815 407 fossam,
832 379 860 401 et
872 375 950 402 dabis
963 384 1045 410 super

253 426 312 445 eam
337 424 438 450 castra,
458 423 485 445 et
508 419 649 446 ordinabis
676 421 809 447 stationes
835 426 862 447 et
889 421 1002 449 balislas
1017 423 1043 449 in

253 472 329 499 gyro.
346 465 372 491 5.
387 464 419 491 Et
434 470 461 492 tu
478 473 556 492 sume
569 465 615 492 libi
634 466 799 500 sartaginem
818 466 899 499 ferri,
919 473 945 494 et
958 476 1044 502 ponas

252 518 312 536 eam
327 511 457 544 parietem
484 510 547 537 ferri
566 512 636 538 inter
657 516 683 538 te
703 517 729 538 et
748 512 819 539 inter
841 513 946 545 urbem,
964 514 1001 548 (g)
1017 519 1044 542 et

253 554 362 588 parabis
377 554 473 582 faciem
495 561 571 582 tuum
587 564 669 591 super
679 564 749 589 eam,
769 557 806 590 (h)
824 563 850 584 et
869 558 920 584 erit
935 559 961 585 in
978 566 1044 586 con-

252 600 384 632 clusione,
409 605 435 627 et
458 602 605 629 concludes
626 609 685 629 eam
706 611 712 628 :
728 603 837 636 signqu
853 608 895 630 est
910 604 963 631 hoc
979 605 1042 633 liliis

252 643 371 671 Israelis.
387 644 414 670 4.
432 644 464 671 Ει
486 649 514 671 tu
541 646 656 673 eubabis
670 654 752 680 super
774 648 845 674 latus
873 653 949 675 tuum
975 650 1043 676 sini-

252 694 351 722 strum,
361 695 387 716 et
396 698 482 724 pones
497 691 646 724 iujustitias
665 691 765 719 domus
782 692 890 721 lsraelis
902 702 985 728 super
997 703 1040 728 eo,

249 736 328 770 juxta
347 744 491 763 numerum
509 737 616 764 dierum
633 745 665 765 +
683 738 831 773 nonaginta
849 744 876 766 et
890 745 998 767 centum
1010 742 1021 775 ζ
1033 763 1040 774 ,

250 789 320 816 quos
339 782 455 809 cubabis
473 790 553 816 super
577 791 621 815 eo,
635 789 662 810 et
687 791 813 811 assumes
832 785 982 818 injuslitias
996 794 1043 813 eo-

251 836 321 854 rum.
339 827 366 854 5.
384 827 417 854 Et
430 836 481 863 ego
501 828 562 854 dedi
581 828 627 855 tibi
643 829 711 856 duas
733 830 882 863 injustitias
903 839 997 858 eorum
1014 832 1040 859 in

250 881 392 899 numerum
412 873 530 905 dierum,
547 878 573 901 et
593 879 703 901 centqu
718 875 787 908 dies,
809 881 836 903 et
861 884 986 904 assumes
1003 878 1043 904 in—

247 919 369 951 justitias
385 919 483 947 domus
497 920 615 948 lsraelis.
632 921 658 948 6.
674 922 706 948 Et
717 923 924 950 consummabis
939 924 996 951 haec
1007 931 1038 951 +
1057 916 1077 943 Β

247 965 340 992 omnia
365 965 375 998 ζ
394 986 401 997 ,
425 970 452 992 et
481 965 596 993 cubabis
618 974 699 1001 super
720 968 792 995 latus
813 974 889 995 tuum
913 969 1039 996 dextrum

248 1011 411 1043 Xsecundo
428 1011 462 1045 ζ,
486 1017 514 1039 et
534 1020 659 1039 assumes
680 1013 829 1048 injustitias
850 1014 949 1042 domus
964 1014 1041 1042 Judaa

246 1056 428 1092 quadraginta
443 1057 519 1085 dies:
536 1058 608 1085 diem
626 1059 654 1086 in
672 1067 775 1086 annum
794 1061 872 1095 posui
889 1061 947 1089 tibi.
963 1062 988 1088 7.
1008 1062 1041 1089 Et

248 1103 273 1129 in
292 1103 501 1131 conclusronem
513 1103 665 1132 Jerusalem
677 1106 708 1141 (ἱ)
717 1107 828 1140 parabis
844 1106 941 1134 faciem
952 1111 1038 1140 tuam,

245 1154 272 1176 et
289 1149 431 1177 brachium
447 1155 524 1178 tuum
539 1151 743 1185 corroborabis,
760 1159 787 1179 et
804 1154 980 1187 prophetabis
996 1161 1041 1180 su-

246 1203 292 1228 per
305 1203 375 1222 eam.
394 1197 420 1222 8.
435 1196 466 1223 Et
478 1205 528 1231 ego
540 1205 603 1224 ecce
618 1198 679 1224 dedi
694 1206 776 1231 super
795 1202 819 1225 te
832 1198 953 1231 vincula,
968 1204 994 1225 et
1006 1206 1039 1225 nc

245 1246 391 1268 couvertas
420 1247 446 1268 te
459 1243 491 1268 de
512 1243 596 1269 latere
628 1248 674 1269 tuo
698 1244 723 1268 in
756 1244 827 1269 latus
850 1247 937 1275 tuum,
952 1244 1040 1271 donec

243 1288 372 1322 completi
399 1287 500 1314 fuerint
521 1288 580 1314 dies
611 1287 798 1314 conclusionis
828 1291 890 1314 tua).
921 1288 948 1314 9.
962 1287 994 1314 Et
1009 1293 1038 1314 tu

244 1342 323 1361 sume
343 1334 391 1360 tibi
408 1333 540 1364 triticum,
555 1338 582 1359 et
603 1333 734 1359 hordeum
745 1353 751 1364 ,
763 1338 789 1359 et
801 1333 887 1364 fabas,
903 1337 930 1360 et
941 1333 1036 1364 lentes,

244 1385 271 1406 et
287 1379 403 1410 milium,
429 1383 456 1405 ut
480 1379 607 1413 speltam,
631 1383 659 1405 et
680 1379 773 1405 mittes
795 1386 826 1405 ea
842 1378 869 1405 in
888 1386 936 1405 vas
953 1386 1036 1405 unum

246 1431 277 1450 -4-
291 1429 440 1451 testaceum
456 1424 467 1458 ζ
486 1433 491 1450 ;
510 1429 537 1451 et
553 1423 637 1452 facies
655 1432 685 1451 ea
702 1424 749 1451 tibi
771 1424 797 1451 in
818 1432 912 1459 panes,
924 1425 1036 1459 etjuxta

224 1471 229 1475 '
245 1478 388 1497 numerum
401 1470 517 1499 dierum.
531 1477 601 1503 quos
612 1475 640 1496 tu
654 1470 760 1497 dormis
772 1478 855 1505 super
878 1470 962 1497 latere
979 1475 1035 1503 tuo,

245 1515 391 1550 nonaginta
407 1520 433 1541 et
447 1520 556 1541 centum
569 1515 626 1542 dies
640 1516 768 1543 comedes
793 1524 836 1544 ea.
856 1515 899 1544 10.
912 1516 945 1543 Ει
959 1516 1037 1543 cibus

244 1565 318 1592 tuus,
333 1568 414 1594 quem
431 1560 571 1593 comedes,
587 1561 614 1588 in
629 1561 750 1595 pondere
769 1562 863 1597 viginti
879 1562 961 1589 siclos
973 1561 1034 1588 die:

243 1614 259 1633 a
271 1611 393 1640 tempore
409 1613 496 1641 usque
513 1606 546 1633 ad
571 1611 679 1641 tempus
697 1607 824 1634 comedes
836 1615 878 1634 ea.
895 1622 930 1627 —
941 1607 984 1633 ll.
1003 1606 1037 1634 Et

243 1659 341 1687 aquam
361 1652 387 1679 in
409 1659 537 1679 mensura
551 1651 639 1684 bibes,
659 1657 763 1679 sextam
779 1657 881 1686 partem
896 1651 924 1679 In
939 1661 954 1679 a
967 1658 1036 1680 tem-

243 1706 310 1734 pore
338 1706 426 1733 usque
451 1698 484 1725 ad
520 1702 629 1732 tempus
658 1698 749 1725 bibes.
779 1698 823 1725 12.
840 1698 923 1734 Ειυί)
939 1707 1035 1733 panem

242 1744 451 1771 subcineritium
466 1744 560 1771 bordei
572 1744 700 1771 comedes
717 1750 749 1770 ea
767 1752 773 1770 :
789 1743 815 1770 in
827 1744 892 1770 ﬁmo
906 1746 1036 1772 stercoris

243 1790 357 1817 humani
383 1790 537 1817 abscondes
560 1797 592 1817 ea
614 1794 678 1817 ante
699 1789 794 1816 oculos
811 1797 920 1820 eorum,
938 1789 982 1816 l5.
1010 1795 1036 1817 et

242 1836 336 1864 dices:
359 1835 422 1863 llaec
441 1836 507 1863 dicit
528 1835 661 1863 Dominus
675 1842 705 1863 -ι-
722 1834 794 1862 Deus
814 1835 924 1863 lsraelis
939 1836 968 1870 ξε
990 1835 1036 1863 Sic

243 1882 387 1909 comedent
400 1882 447 1909 ﬁlii
466 1881 574 1909 lsraelis
587 1883 621 1915 χ(
633 1889 732 1915 panem
756 1881 766 1915 ξ
784 1889 864 1908 suum
882 1889 937 1908 non
953 1889 1034 1909 mun-

241 1927 307 1954 dum
321 1927 352 1963 (ι)
370 1927 397 1955 in
413 1927 549 1963 gentibus,
560 1935 615 1962 quo
623 1928 779 1962 dispergam
793 1935 841 1955 eos
854 1928 928 1955 illuc.
947 1928 991 1954 14.
1002 1928 1034 1955 Et

241 1973 298 2000 dixi
316 1982 323 2000 :
340 1973 527 2009 Nequaquam,
542 1973 656 2002 Domine
675 1973 747 2002 Deus
762 1974 887 2002 Israelis:
902 1975 925 2002 si
942 1975 1034 2002 anima

241 2026 301 2046 mea
319 2027 373 2046 non
390 2020 493 2055 polluta
508 2027 540 2047 σι-
556 2020 583 2047 in
608 2020 784 2048 immunditia
798 2021 808 2054 ί
823 2040 830 2053 ,
854 2024 881 2049 et
910 2021 1034 2048 mortici-

241 2066 327 2098 nium,
345 2070 372 2093 et
389 2071 497 2101 captum
515 2074 530 2093 a
553 2066 619 2094 feris
645 2074 700 2093 non
723 2067 830 2094 comedi
860 2074 875 2093 a
893 2067 1035 2093 nativitate

240 2119 299 2138 mea
314 2119 399 2147 usque
416 2120 500 2144 nunc.
520 2120 609 2147 neque
626 2112 769 2147 ingressus
783 2117 824 2139 est
847 2112 872 2138 in
891 2120 923 2140 os
940 2120 1032 2140 meum

241 2158 371 2184 +0mnis
397 2157 409 2191 ζ
438 2165 504 2185 caro
528 2158 679 2184 immunda.
706 2158 750 2185 15.
771 2159 804 2185 Ει
820 2158 890 2185 dixit
913 2159 945 2185 ad
966 2166 1031 2185 me:

239 2203 309 2230 Ecce
324 2204 385 2230 dedi
405 2204 453 2231 tibi
470 2204 549 2238 κτὰ
561 2204 572 2238 ζ
586 2209 706 2231 stercora
728 2205 811 2231 boum
833 2212 882 2238 pro
904 2205 1033 2232 stercori-

239 2248 291 2275 bus
307 2248 446 2280 humanis,
458 2253 486 2274 et
498 2248 581 2275 facies
592 2256 677 2282 panes
692 2253 754 2276 tuos
778 2256 861 2283 super
874 2250 922 2276 eis.
938 2250 981 2276 lli.
1001 2249 1034 2276 Et

238 2293 308 2320 dixit
321 2293 353 2319 ad
367 2300 425 2319 me:
446 2293 497 2320 Fili
515 2294 644 2326 hominis,
662 2302 784 2329 ccceego
799 2294 942 2329 confringo
953 2294 1033 2322 fulci-

240 2343 361 2366 mentum
388 2339 465 2374 panis
485 2340 511 2367 in
537 2339 700 2373 Jerusalem,
728 2345 755 2368 et
774 2341 918 2368 comedent
933 2349 1031 2376 panem

239 2385 318 2413 etiam
335 2385 361 2412 in
381 2386 512 2421 pondere,
532 2391 559 2413 et
575 2387 600 2414 in
615 2387 728 2422 penuria
742 2395 749 2414 :
765 2391 792 2414 et
805 2394 902 2422 aquam
919 2388 945 2414 in
958 2395 1034 2415 men-

238 2440 315 2465 sura,
346 2438 373 2460 et
397 2433 445 2468 (νη)
473 2433 500 2460 in
531 2433 616 2460 exitio
636 2434 742 2467 bibent,
759 2434 801 2461 l7.
831 2439 860 2461 ut
875 2435 953 2470 egeni
968 2435 1034 2462 liant

1097 285 1167 319 ejus,
1183 288 1209 310 ct
1223 284 1374 318 liquescent
1389 284 1415 310 in
1430 284 1572 318 iujustitiis
1587 283 1654 310 suis.

1131 331 1198 365 Cap.
1217 330 1248 357 V.
1260 331 1334 357 -—Et
1348 335 1387 362 tu,
1402 330 1438 357 fili
1462 330 1590 362 hominis,
1608 337 1685 357 sume
1706 330 1754 357 tibi
1766 328 1886 364 gladium

1096 381 1205 403 acutum
1232 376 1294 410 plus
1319 383 1401 410 quam
1431 375 1565 402 novacula
1581 375 1712 407 tonsoris,
1734 380 1759 402 et
1780 375 1890 409 posside

1095 429 1156 448 eum
1172 422 1230 454 tibi,
1246 426 1272 448 et
1284 422 1397 449 inducas
1407 429 1468 448 eum
1482 429 1563 455 super
1576 425 1657 455 caput
1676 426 1798 452 tuum,et
1808 428 1889 454 super

1095 467 1207 494 barbam
1225 472 1300 494 tuam
1315 475 1322 494 :
1336 472 1362 494 et
1378 474 1471 494 sumes
1490 467 1523 499 χ
1538 465 1585 492 tibi
1607 467 1618 500 ζ
1638 470 1767 495 stateram
1785 465 1889 499 ponde-

1095 520 1167 545 rum,
1182 517 1209 539 et
1222 511 1328 539 divides
1340 519 1390 539 ea:
1404 512 1431 538 2.
1452 517 1578 546 quartam
1600 516 1704 545 partem
1731 511 1757 537 in
1776 511 1837 546 igne
1849 510 1888 546 (η)

1094 558 1244 593 dissipabis
1259 559 1285 584 in
1299 558 1389 585 medio
1402 558 1488 588 urbis,
1514 557 1553 592 (ο)
1577 556 1655 591 juxta
1676 557 1889 591 completionem

1093 604 1199 632 dierum
1217 604 1404 631 conclusionis
1420 611 1426 629 :
1443 609 1469 630 et
1483 610 1576 630 sumes
1592 607 1717 637 quartam
1732 607 1888 637 partem,+

1093 655 1120 677 et
1135 651 1280 678 combures
1287 657 1347 677 eam
1360 650 1386 676 iu
1397 648 1554 683 medioejus
1566 658 1572 675 :
1582 653 1742 683 etquartam
1754 654 1858 682 partem
1874 649 1886 683 ζ

1094 696 1224 723 concides
1239 696 1266 722 in
1281 696 1370 729 gladio
1383 695 1486 722 circum
1504 702 1564 721 eam
1579 704 1585 721 :
1600 700 1628 722 et
1642 699 1768 728 quartam
1782 699 1887 728 partem

1092 742 1233 776 disperges
1254 747 1337 768 vento
1360 749 1366 767 :
1401 744 1429 768 et
1451 740 1571 776 gladium
1592 741 1729 768 evacuabo
1744 746 1807 774 post
1828 748 1888 768 eos.

1092 788 1118 815 5.
1135 787 1166 815 Et
1180 795 1274 815 sumes
1288 788 1351 814 inde
1364 795 1468 822 paucos
1480 788 1505 814 in
1520 795 1646 818 numero.
1666 792 1693 814 et
1705 787 1786 814 simul
1800 787 1889 815 invol-

1092 842 1140 861 ves
1154 842 1202 861 eos
1217 834 1377 861 indumento
1393 838 1450 860 tuo.
1464 833 1490 860 4.
1512 832 1545 860 Ει
1558 841 1592 860 ex
1617 833 1660 861 his
1676 841 1769 860 sumes
1787 833 1887 866 adhuc,

1092 885 1119 907 et
1135 880 1264 915 projicies
1280 887 1311 907 ea
1330 879 1356 906 in
1370 879 1490 906 medium
1512 879 1594 914 ignis,
1608 884 1635 906 et
1656 880 1802 906 eombures
1817 879 1887 907 eain

1092 925 1154 960 igne
1171 934 1177 952 :
1194 932 1226 951 ex
1253 932 1285 952 ea
1309 924 1464 960 egredietur
1485 925 1575 959 ignis:
1602 932 1632 951 +
1648 929 1673 952 et
1692 923 1793 957 dices:
1810 924 1887 951 omni

1092 971 1186 998 domui
1205 970 1313 998 lsraelis
1327 979 1333 997 :
1351 970 1376 997 5.
1391 969 1454 997 HAEC
1469 970 1648 997 dicitAdonai
1660 969 1808 997 Dominus:
1822 969 1885 998 Haec

1091 1016 1256 1050 Jerusalem,
1273 1017 1310 1052 (ρ)
1327 1017 1355 1044 in
1372 1017 1462 1044 medio
1473 1017 1593 1052 gentium
1609 1017 1686 1050 posui
1710 1024 1782 1048 eam,
1797 1022 1824 1044 et
1841 1025 1887 1043 rc-

1092 1063 1186 1098 giones
1197 1071 1257 1098 qum
1271 1063 1344 1090 circa
1358 1070 1430 1090 eam.
1448 1062 1474 1090 6.
1488 1064 1525 1097 (q)
1553 1061 1585 1088 Et
1600 1062 1674 1089 dices
1687 1061 1719 1097 (')
1733 1062 1795 1096 jura
1826 1069 1886 1089 mea

1091 1110 1166 1145 (ipsi)
1180 1110 1272 1144 inique
1288 1118 1321 1137 ex
1337 1109 1473 1144 gentibus,
1490 1113 1517 1136 et
1532 1109 1652 1143 legitima
1668 1115 1727 1134 mea
1744 1115 1777 1134 ex
1798 1107 1887 1141 regio-

1091 1157 1259 1190 nibus,qua:
1278 1156 1351 1182 circa
1366 1163 1444 1187 eam;
1463 1154 1527 1188 quia
1546 1154 1609 1188 jura
1634 1162 1693 1180 mea
1715 1154 1885 1187 repulerunt,

1090 1206 1117 1227 et
1130 1201 1156 1227 iu
1172 1200 1276 1235 legibus
1292 1200 1359 1226 meis
1373 1208 1427 1226 non
1442 1200 1620 1225 ambularunt
1631 1199 1657 1225 in
1670 1199 1721 1225 eis.
1732 1198 1758 1224 Ἰ.
1772 1198 1886 1231 Propter

1092 1246 1143 1272 hoc
1158 1245 1214 1271 haec
1238 1245 1304 1271 dicit
1321 1245 1426 1271 Adonai
1451 1244 1586 1270 Dominus
1605 1251 1612 1268 :
1636 1242 1689 1269 Pro
1704 1249 1736 1269 eo
1757 1244 1829 1276 quod
1848 1243 1884 1276 (ν)

1090 1290 1199 1317 occasio
1211 1295 1301 1316 vestra
1315 1297 1347 1316 ex
1365 1290 1504 1324 gentibus,
1528 1296 1590 1323 qum
1602 1289 1629 1315 in
1645 1288 1762 1315 circuitu
1776 1292 1880 1319 vestro,

1089 1335 1155 1362 etin
1171 1334 1301 1369 legitimis
1315 1335 1384 1361 meis
1396 1341 1450 1361 non
1466 1333 1641 1364 ambulastis,
1659 1337 1686 1360 et
1708 1331 1885 1367 justilicatio-

1090 1388 1139 1408 nes
1152 1388 1226 1408 meas
1236 1388 1291 1407 non
1303 1380 1418 1413 fecistis,
1432 1379 1478 1407 sed
1490 1377 1884 1413 nequejuxtajustiﬁcationes

1089 1426 1223 1460 gentium,
1240 1434 1301 1460 quze
1317 1427 1344 1452 in
1365 1425 1482 1452 circuitu
1510 1429 1611 1457 vestro,
1630 1423 1735 1450 fecistis
1752 1422 1799 1448 :8.
1821 1428 1885 1456 pro—

1089 1476 1147 1507 pter
1164 1472 1281 1498 hocham
1291 1471 1358 1498 dicit
1373 1471 1479 1497 Adonai
1491 1470 1624 1496 Dominus
1641 1477 1647 1494 :
1662 1469 1731 1495 Ecce
1740 1475 1790 1502 ego
1801 1474 1884 1501 super

1088 1525 1149 1550 vos,
1163 1523 1190 1545 et
1203 1525 1252 1553 ego
1266 1517 1364 1544 faciam
1381 1516 1408 1543 in
1424 1515 1515 1542 medio
1530 1515 1568 1542 tui
1588 1514 1691 1549 judicia
1712 1521 1806 1540 coram
1819 1521 1885 1547 gen-

1091 1565 1174 1596 tibus,
1188 1563 1215 1591 9.
1232 1563 1367 1590 etfaciam
1384 1562 1411 1589 in
1428 1566 1464 1593 te,
1481 1568 1543 1596 qum
1558 1568 1611 1587 non
1625 1560 1687 1592 feci,
1705 1565 1732 1586 ct
1748 1567 1809 1593 qua:
1828 1565 1883 1585 non

1051 1598 1072 1626 θ
1091 1609 1190 1637 faciam
1205 1608 1306 1635 similia
1322 1608 1363 1634 eis
1383 1607 1502 1641 amplius
1522 1606 1601 1640 juxta
1620 1612 1718 1632 omnes
1738 1604 1884 1631 abomina—

1091 1656 1181 1682 tiones
1195 1659 1266 1681 tuas.
1281 1653 1324 1680 10.
1338 1652 1454 1687 Propter
1470 1653 1522 1679 hoc
1538 1657 1628 1687 patres
1654 1650 1800 1678 comedent
1813 1650 1885 1677 ﬁlios

1091 1701 1118 1727 in
1137 1700 1226 1727 medio
1242 1700 1292 1731 lui,
1305 1705 1332 1726 et
1347 1699 1393 1726 ﬁlii
1410 1698 1554 1726 comedent
1571 1703 1663 1733 patres
1681 1705 1687 1723 :
1703 1703 1729 1724 et
1746 1695 1843 1723 faciam
1856 1697 1884 1722 in

1092 1752 1117 1773 te
1130 1746 1244 1781 judicia,
1269 1750 1296 1772 et
1315 1745 1471 1779 dispergam
1500 1751 1597 1770 omnes
1623 1742 1748 1770 residuos
1768 1746 1831 1768 tuos
1856 1741 1884 1768 in

1091 1801 1201 1820 omnem
1228 1797 1349 1820 ventum.
1379 1791 1423 1818 ll.
1443 1790 1561 1825 Propter
1591 1789 1642 1816 hec
1667 1788 1729 1815 \‘ivo
1741 1796 1802 1823 ego,
1819 1787 1886 1814 dicit

1089 1839 1194 1870 Adonai
1210 1838 1352 1870 Dominus,
1368 1837 1421 1864 nisi
1435 1844 1484 1871 pro
1498 1844 1530 1863 eo
1544 1835 1616 1871 quod
1629 1834 1729 1862 Sancta
1745 1841 1805 1861 mea
1817 1841 1886 1861 con—

1090 1884 1228 1912 taminasli
1247 1884 1274 1910 in
1289 1883 1419 1911 omnibus
1436 1883 1469 1916 ἢ(
1486 1881 1519 1916 (ε)
1544 1880 1796 1908 abominationibus
1816 1878 1884 1910 tuis,

1089 1930 1154 1957 etin
1167 1930 1296 1957 omnibus
1322 1930 1334 1964 ζ
1362 1927 1578 1964 inquinamentis
1594 1927 1659 1959 tuis,
1680 1926 1762 1954 etiam
1782 1932 1832 1960 ego
1850 1924 1884 1959 (ι)

1088 1976 1223 2012 expellam
1239 1980 1265 2003 te
1281 1983 1287 2001 :
1306 1983 1359 2002 non
1376 1979 1469 2009 parcet
1484 1973 1582 2001 oculus
1597 1980 1691 2005 meus,
1714 1976 1740 1999 et
1754 1979 1805 2006 ego
1827 1978 1884 1998 non

1088 2022 1250 2050 miserebor.
1271 2022 1314 2048 η.
1334 2021 1435 2055 Quarta
1450 2023 1514 2055 pars
1525 2021 1563 2046 tui
1577 2019 1605 2046 in
1627 2024 1715 2045 morte
1736 2025 1884 2045 consume-

1090 2071 1151 2094 ttir:
1168 2074 1197 2094 -ι-
1216 2071 1243 2094 ct
1261 2071 1358 2101 quarta
1378 2073 1443 2100 pars
1459 2066 1497 2092 tui
1515 2066 1526 2100 ζ
1545 2066 1572 2091 in
1587 2063 1659 2091 fame
1676 2063 1836 2091 conﬁcietur
1856 2062 1883 2088 iu

1088 2112 1179 2139 medio
1195 2112 1233 2138 tui
1248 2121 1254 2138 :
1270 2114 1303 2145 Ἀ(
1320 2116 1347 2138 et
1360 2116 1458 2145 quarta
1484 2118 1548 2145 pars
1580 2109 1619 2136 tui
1643 2109 1671 2136 in
1698 2108 1787 2144 gladio
1804 2108 1886 2135 cadet

1089 2158 1161 2185 circa
1180 2162 1205 2184 te
1227 2157 1257 2192 1:
1277 2162 1303 2184 et
1320 2161 1446 2192 quartam
1461 2160 1567 2191 partem
1586 2155 1623 2182 tui
1645 2155 1671 2181 in
1690 2162 1798 2181 onmem
1814 2161 1883 2180 ven-

1088 2210 1145 2231 tum
1159 2204 1314 2238 dispergam
1330 2211 1394 2230 eos:
1408 2208 1434 2229 et
1451 2202 1570 2238 gladium
1586 2201 1726 2229 evacuabo
1743 2205 1806 2236 post
1823 2208 1881 2227 eos.

1089 2251 1132 2278 l5.
1150 2251 1182 2277 Et
1210 2249 1392 2284 complebitur
1405 2249 1479 2276 furor
1497 2257 1586 2282 meus,
1613 2253 1641 2276 et
1657 2248 1697 2275 ira
1723 2255 1783 2275 mea
1800 2254 1883 2281 super

1088 2304 1145 2327 cos,
1156 2297 1190 2330 Χ
1211 2301 1238 2323 et
1252 2296 1417 2323 consolabor
1429 2296 1473 2331 (“)
1490 2296 1501 2331 ζ
1515 2317 1522 2328 ,
1535 2300 1562 2323 et
1578 2302 1737 2330 cognosces,
1757 2293 1820 2328 quia
1831 2300 1883 2328 ego

1089 2342 1221 2370 Dominus
1239 2342 1347 2369 locutus
1364 2350 1424 2369 sum
1437 2342 1464 2368 in
1477 2342 1535 2369 zelo
1549 2349 1627 2373 meo,
1652 2348 1715 2367 cum
1734 2340 1883 2374 implevero

1088 2389 1156 2416 iram
1173 2397 1261 2416 meatu
1279 2389 1306 2415 in
1319 2389 1369 2415 eis.
1386 2389 1429 2417 Μ.
1445 2387 1478 2415 Et
1491 2395 1590 2422 ponam
1605 2392 1630 2414 te
1647 2387 1673 2413 in
1687 2386 1837 2417 desertum,
1854 2390 1881 2412 et

1089 2435 1115 2462 in
1129 2435 1318 2470 opprobrium,
1333 2436 1366 2468 Χ
1380 2434 1406 2461 in
1425 2434 1562 2469 gentibus,
1590 2440 1651 2468 qua:
1677 2432 1748 2460 circa
1765 2437 1789 2459 te
1811 2430 1840 2465 ζ,
1855 2435 1881 2459 et

1877 2543 1882 2570 ί

286 2589 321 2625 (ς)
348 2588 390 2622 S.,
418 2589 550 2616 ambitum
581 2589 655 2625 belli
677 2590 714 2625 (i.
740 2598 764 2618 e.
794 2591 990 2625 obsidionem).
1026 2591 1059 2625 (0
1081 2590 1129 2621 S..
1164 2591 1364 2618 munimentum
1406 2589 1488 2617 muri.
1527 2587 1640 2625 r(g)gS..
1669 2592 1696 2614 et
1719 2591 1869 2625 convertes

239 2623 331 2659 (h)S.,
349 2629 378 2651 ut
391 2625 427 2652 sit
443 2625 583 2652 conclusa.
600 2625 630 2660 (ἦ)
643 2622 685 2657 S.,
704 2626 845 2654 ordinabis
863 2622 1064 2657 faeiem'tuam'.
1078 2632 1106 2653 et
1121 2627 1263 2653 brachimn
1289 2631 1365 2652 tuum
1389 2626 1504 2652 nudum.
1522 2622 1564 2659 (16)
1576 2623 1620 2656 S.,
1637 2622 1867 2660 complementum

240 2656 274 2693 (ιὶ
292 2659 359 2696 Sua
375 2665 503 2696 contactu
522 2656 654 2695 gentium.
673 2656 720 2696 (in)
735 2661 776 2692 S.,
794 2670 856 2689 cum
872 2662 1012 2691 \iolentia.
1029 2666 1068 2693 ut,
1090 2669 1153 2688 cum
1170 2662 1247 2696 egeni
1261 2666 1326 2688 sunt
1340 2661 1419 2695 panis
1436 2666 1463 2686 et
1477 2656 1570 2696 aquae,
1598 2657 1751 2686 confractio
1768 2657 1818 2683 eis.
1836 2656 1876 2690 (nl

237 2695 396 2735 combures.
410 2699 451 2735 to)
466 2694 507 2727 8.,
524 2694 585 2723 cum
602 2694 729 2731 completi
746 2697 847 2724 fuerint
862 2698 930 2724 dies.
950 2699 985 2730 (ιι)
1003 2696 1044 2729 8.,
1062 2701 1121 2724 erat
1135 2697 1161 2723 in
1176 2694 1265 2723 medio
1281 2694 1414 2731 gentium.
1442 2696 1480 2756 (ἰ)
1506 2694 1547 2726 S.,
1571 2698 1714 2721 mutarunt
1732 2700 1803 2733 _\'ero
1829 2698 1880 2726 pro

238 2732 349 2756 unlicus
365 2738 432 2756 Illt'ls
448 2731 614 2756 imoielates.
631 2740 701 2756 anas
717 2740 730 2756 a
745 2733 883 2756 gentibus.
906 2732 937 2756 l‘l
949 2732 1000 2756 Pro
1014 2737 1103 2756 manu.
1117 2737 1142 2756 et
1159 2733 1288 2756 mutat-it.
1315 2732 1439 2756 legerunt
1478 2729 1523 2756 XX
1541 2735 1650 2756 ἥξω-ιη.
1668 2734 1692 2755 et
1710 2728 1791 2754 dices.
1813 2727 1880 2756 Οιιω

235 2730 349 2764 jndiciis
365 2731 432 2757 Illt'ls
448 2731 614 2765 impietates,
631 2730 701 2766 quas
717 2740 730 2758 a
745 2733 883 2766 gentibus.
906 2732 937 2765 (⁸)
949 2732 1000 2759 Pro
1014 2737 1103 2763 sum,
1117 2737 1142 2758 et
1159 2730 1293 2763 mutarit,
1315 2732 1439 2766 legerunt

1478 2729 1523 2757 XX
1541 2735 1650 2761 1128111,
1668 2734 1692 2755 et
1710 2728 1791 2754 dices.
1813 2727 1880 2760 Qua

236 2762 319 2792 lectio
333 2766 464 2797 absurda,
479 2762 551 2793 sicut
564 2771 590 2793 et
608 2762 715 2801 ea'qua’.
729 2762 892 2801 sequuntur.
911 2762 1015 2795 Sensus
1029 2762 1101 2794 enim
1117 2767 1198 2795 llehr.
1214 2762 1411 2794 t'erilalisvest:
1429 2771 1456 2793 et
1473 2766 1589 2792 mulavit
1606 2764 1781 2801 (Jerusalem)
1803 2762 1879 2801 judi-

236 2801 278 2841 cia
308 2809 371 2841 mea
405 2801 432 2841 ip
467 2801 645 2841 impietatem‘
671 2810 725 2836 prae
760 2804 901 2841 gentibus:
933 2803 1034 2830 DllACll.

237 2841 302 2863 lUlS.

342 2809 368 2827 ea
405 2803 432 2827 in
467 2803 633 2835 impietatem
671 2810 725 2836 prae
760 2804 896 2838 gentibus.
933 2803 1034 2830 DllACll.
1079 2804 1114 2837 (r)
1141 2803 1188 2834 8.,
1216 2803 1362 2829 multitudo
1391 2807 1481 2829 vestra
1513 2803 1574 2828 fuit.
1618 2803 1651 2835 (δ)
1686 2803 1733 2829 δη
1767 2803 1878 2833 pollulls

342 2836 535 2873 (“)_Passiye,
556 2845 572 2863 a
591 2837 674 2864 verbo
691 2838 798 2864 consalu
817 2838 862 2871 (cf.
883 2837 1026 2865 lv‘orceJlini
1047 2838 1176 2873 lexicon).
1193 2837 1232 2865 lta
1247 2837 1422 2873 reposuimus
1446 2842 1475 2864 ut
1504 2836 1666 2872 respondeat
1681 2835 1748 2870 Syro
1763 2837 1878 2866 suum,

1216 2803 1362 2829 multitudo
1391 2807 1481 2829 vestra
1513 2800 1574 2828 fuit.
1609 2797 1651 2835 '(s)
1686 2799 1733 2829 8.,
1767 2797 1879 2833 pollutis

235 2875 263 2899 et
281 2870 375 2898 Graeco
392 2871 594 2905 Tuti-aplorum,
677 2873 723 2898 21‘:
737 2873 998 2908 παρακληῠὴσνιμαι.
1014 2873 1114 2900 Duce.
