4072 6432
229 413 373 474 εεθτ

1498 422 1907 479 IIEZECIELIS
1945 421 2177 481 CAPUT
2223 423 2336 480 Vii.

3405 421 3555 477 269!

232 536 377 591 filias
409 544 543 592 tuas
581 537 736 593 circa
767 546 820 592 te
859 550 1052 592 coram
1082 539 1235 593 omni
1276 540 1506 595 viatore.
1536 542 1622 597 15.
1658 542 1725 596 Et
1758 542 1869 598 eris
1898 550 1942 603 Α
1975 542 2119 597 fame
2144 551 2500 597 consumetur
2531 560 2544 597 :
2580 553 2634 597 et
2676 542 2963 613 complebo
2999 543 3134 598 iram
3170 556 3349 598 meam
3392 556 3557 609 super

233 628 617 698 gemebunda,
649 633 719 700 )t(
748 638 805 684 et
840 629 1135 686 manifesta
1171 630 1237 703 (')
1281 632 1335 687 in
1378 633 1664 705 disciplina
1695 635 1774 703 (ιι)
1802 643 1856 690 et

235 722 551 777 destructio
588 722 613 792 1
645 722 702 778 in
733 723 1152 795 gentibus,qute
1197 724 1342 779 circa
1374 734 1459 789 te,
1515 742 1641 780 cum
1677 724 1856 781 fecero

238 812 293 867 in
324 823 378 868 te
402 814 622 885 judicia
653 818 724 884 )t(
746 818 801 871 in
839 814 921 872 ira
948 832 1090 882 mea,
1115 819 1241 872 etin
1264 817 1451 872 furore
1484 820 1506 887 1
1538 828 1591 872 et
1618 820 1671 872 in
1697 818 1857 873 ultio-

241 921 309 961 ne
334 906 582 964 furoris:
609 922 718 980 ego
748 909 1019 965 Dominus
1066 911 1284 966 locutus
1315 925 1461 965 sum.
1510 910 1593 964 16.
1626 908 1856 976 Quando

240 1000 445 1056 misero
479 1001 725 1073 sagittas
757 1002 1019 1071 Xmalas
1052 1004 1075 1072 1
1111 1002 1278 1057 famis
1300 1016 1465 1073 super
1492 1017 1608 1065 eos,
1629 1011 1858 1057 eterunt

240 1091 294 1146 in
324 1090 734 1158 defectionem,
770 1095 836 1160 >κ
869 1107 1010 1163 quas
1047 1093 1262 1147 mittam
1293 1105 1407 1155 eas,
1442 1090 1508 1145 ad
1537 1085 1856 1161 disperden-

245 1180 374 1236 dum
412 1196 517 1238 vos
552 1202 565 1237 :
623 1191 679 1238 et
720 1183 919 1238 famem
962 1182 1310 1253 congregabo
1347 1182 1371 1249 1
1409 1196 1574 1252 super
1633 1196 1752 1243 vos,
1804 1189 1859 1235 et

248 1280 530 1329 conteram
564 1274 959 1331 fulcimentum
995 1275 1153 1344 panis
1179 1275 1278 1330 tui.
1302 1273 1391 1328 17.
1412 1271 1478 1328 Et
1493 1273 1736 1329 emittam
1761 1288 1857 1328 su—

251 1380 346 1436 per
380 1375 434 1420 te
465 1365 548 1437 (:c)
587 1366 820 1430 famem,
850 1374 905 1421 et
935 1366 1143 1422 bestias
1178 1365 1371 1432 malas,
1407 1364 1481 1436 (y)
1505 1371 1558 1419 et
1579 1379 1780 1435 ponam
1803 1363 1858 1418 in

258 1466 415 1529 caput
434 1470 596 1515 tuum
621 1461 732 1532 (“),
754 1469 811 1516 et
840 1473 992 1515 mors
1019 1467 1075 1515 et
1101 1458 1329 1530 sanguis
1355 1457 1670 1513 transibunt
1696 1471 1862 1527 super

259 1557 329 1614 te,
362 1558 419 1605 et
447 1551 702 1621 gladium
735 1552 993 1607 inducam
1029 1565 1198 1621 super
1219 1558 1272 1606 te
1301 1547 1545 1620 undique
1572 1568 1585 1603 :
1618 1563 1721 1620 ego
1751 1546 1862 1603 Do-

258 1635 444 1692 minus
476 1638 702 1694 locutus
730 1654 876 1695 sum.

329 1726 465 1798 Cap.
482 1727 654 1782 VL—
669 1729 692 1782 1
708 1770 722 1783 .
736 1728 805 1783 Ει
829 1728 1034 1784 factum
1058 1737 1144 1783 est
1169 1728 1396 1784 verbum
1418 1727 1635 1784 Domini
1662 1727 1729 1783 ad
1749 1743 1861 1794 me,

263 1816 490 1876 dicens:
525 1820 583 1875 2.
614 1819 719 1876 Fili
774 1821 1042 1888 hominis,
1073 1836 1214 1892 pone
1260 1819 1457 1877 faciem
1517 1829 1667 1875 tuam
1698 1834 1864 1891 super

1958 650 2075 689 eos.
2114 634 2198 688 13.
2237 632 2303 688 Et
2325 634 2533 699 scietis,
2571 636 2716 704 quod
2742 650 2843 704 ego
2881 633 3168 699 Dominus,
3198 646 3324 689 cum
3354 631 3557 687 fuerint

1957 725 2124 797 occisi
2162 726 2329 780 vestri
2360 725 2501 779 inter
2534 725 2677 780 idola
2707 732 2890 780 vestra
2922 724 3070 779 circa
3102 724 3292 779 altaria
3328 732 3508 778 vestra
3538 738 3554 776 :

1960 829 2126 884 super
2142 831 2360 871 onmem
2386 815 2582 871 collem
2611 816 2917 877 excelsum,
2944 816 3013 884 3s:
3030 826 3084 870 et
3109 828 3276 885 super
3295 814 3556 869 omnibus

1959 907 2265 963 verticibus
2310 908 2658 977 montium1,
2699 918 2754 964 et
2794 909 2986 964 subter
3026 922 3246 963 omnem
3296 907 3553 963 arborem

1959 998 2303 1064 umbrosam,
2333 1011 2384 1056 et
2423 1001 2612 1056 subter
2640 1017 2858 1056 omnem
2903 1014 3166 1071 quercum
3198 1000 3448 1062 densam,
3475 996 3557 1054 lo-

1960 1107 2085 1145 cum
2149 1092 2242 1147 ubi
2300 1093 2570 1165 dederunt
2634 1093 2708 1148 ibi
2765 1092 2990 1149 odorem
3027 1108 3252 1148 suavem
3295 1092 3556 1148 omnibus

1962 1180 2124 1241 idolis
2150 1182 2288 1238 suis.
2321 1183 2409 1238 M.
2452 1184 2521 1239 Et
2567 1185 2860 1240 extendam
2908 1199 3134 1240 manum
3177 1199 3355 1240 meam
3392 1198 3557 1253 super

1959 1287 2077 1339 eos,
2116 1283 2172 1328 et
2197 1289 2396 1344 ponam
2425 1285 2625 1330 terram
2659 1276 2726 1347 (Γ)
2755 1275 2810 1331 in
2845 1276 3099 1343 exitium,
3131 1285 3187 1331 et
3229 1275 3284 1330 in
3328 1274 3558 1331 deletio-

1962 1377 2086 1419 nem
2121 1380 2149 1417 a
2179 1364 2398 1420 deserto
2430 1366 2690 1422 Deblatba
2719 1383 2783 1423 ex
2808 1367 2959 1423 omni
2984 1368 3319 1423 habitatione
3340 1382 3553 1434 eorum,

1962 1464 2015 1510 et
2044 1456 2417 1525 cognoscetis,
2454 1457 2598 1526 quod
2635 1473 2739 1529 ego
2776 1456 3058 1514 Dominus.

2033 1546 2166 1617 Cap.
2207 1546 2320 1601 VII.
2346 1578 2414 1588 ——
2436 1546 2488 1603 1.
2522 1547 2589 1603 Et
2626 1548 2828 1605 factum
2857 1560 2940 1605 est
2985 1550 3211 1605 verbum
3245 1549 3458 1605 Domini
3486 1551 3552 1605 ad

1962 1652 2073 1704 me,
2111 1638 2300 1694 dicens
2333 1657 2346 1693 :
2379 1638 2434 1692 2.
2467 1637 2533 1694 Et
2560 1649 2638 1704 tu,
2670 1640 2742 1695 fili
2786 1639 3177 1707 bominis,haec
3191 1641 3323 1698 dicit
3343 1641 3553 1697 Adonai

1967 1726 2237 1786 Dominus
2269 1742 2428 1787 teme
2463 1732 2684 1788 lsraelis
2714 1750 2727 1787 :
2758 1731 2912 1787 Finis
2942 1733 3109 1798 venit,
3143 1733 3267 1787 finis
3299 1733 3557 1787 venitsu-

1968 1838 2062 1892 per
2094 1833 2336 1895 quatuor
2363 1823 2479 1881 alas
2508 1833 2686 1879 terrae.
2716 1822 2770 1876 7.
2800 1839 2863 1880 -ιο
2889 1822 3052 1879 Venit
3082 1826 3204 1880 finis
3236 1826 3259 1895 1
3299 1840 3461 1895 super
3483 1835 3554 1887 te,

265 1919 489 1967 montes
519 1910 756 1980 lsraelis,
781 1924 836 1970 et
858 1914 1124 1985 propheta
1165 1928 1334 1983 super
1364 1928 1482 1976 eos,
1516 1910 1570 1967 5.
1596 1922 1650 1970 et
1674 1914 1860 1969 dices:
1898 1904 1945 1961 Β
1972 1913 2067 1984 qui
2094 1915 2314 1971 habitas
2342 1930 2510 1986 super
2540 1924 2724 1971 terra:
2770 1914 2929 1975 venit,
2963 1922 3178 1984 tempus
3203 1957 3217 1982 ,
3266 1915 3558 1985 appropin-

270 1999 483 2058 Montes
513 2000 724 2071 lsraelis
758 2048 774 2073 ,
811 2005 998 2060 audite
1060 2006 1290 2059 verbum
1349 2005 1562 2059 Adonai
1602 2005 1856 2061 Domini:

271 2092 392 2148 hate
422 2094 556 2150 dicit
586 2097 795 2152 Adonai
834 2097 1105 2153 Dominus
1137 2098 1419 2153 tuentibus
1441 2138 1455 2165 ,
1507 2106 1561 2152 et
1607 2099 1860 2165 collibus,

276 2184 354 2256 (κ)
382 2194 440 2241 et
468 2187 714 2255 salebris,
744 2198 801 2245 et
823 2190 1058 2246 vallibus
1093 2208 1109 2244 :
1140 2189 1284 2246 Ecce
1310 2204 1413 2261 ego
1465 2190 1667 2248 induco
1699 2206 1867 2262 super

275 2288 378 2330 vos
406 2276 744 2346 gladium,et
766 2279 1090 2336 deiebuntur
1114 2281 1328 2338 excelsa
1359 2292 1566 2348 vestra,
1595 2285 1648 2339 4.
1689 2283 1767 2356 (a)
1806 2292 1863 2340 et

269 2368 582 2436 perdentur
612 2372 803 2428 altaria
835 2381 1034 2437 vestra,
1066 2375 1131 2444 λ(
1159 2383 1215 2429 et
1230 2376 1630 2445 conterentnr1
1664 2377 1863 2447 templa

271 2469 473 2528 vestra,
509 2467 566 2520 et
594 2465 844 2535 dejiciam
897 2466 1163 2521 cadavera
1221 2480 1403 2525 vestra
1457 2484 1646 2525 coram
1702 2469 1865 2526 idolis

271 2553 488 2610 vestris.
526 2557 578 2612 5.
610 2559 679 2629 Χ
708 2557 775 2613 Ει
817 2558 962 2615 dabo
1010 2561 1278 2617 cadavera
1340 2561 1580 2617 filiorum
1639 2561 1865 2619 Israelis

273 2658 398 2704 ante
428 2648 624 2706 faciem
656 2651 931 2709 idolorum
957 2668 1148 2711 eorum
1185 2656 1207 2727 1
1235 2695 1251 2722 ,
1299 2665 1355 2711 et
1391 2656 1701 2727 dispergam
1736 2668 1863 2711 ossa

279 2744 459 2797 vestra
484 2745 635 2797 circa
668 2742 863 2799 altaria
903 2755 1107 2802 vestra.
1150 2745 1205 2802 6.
1237 2743 1296 2801 in
1341 2747 1494 2801 omni
1521 2745 1866 2802 habitatione

277 2839 459 2887 vestra
486 2834 650 2889 urbes
687 2833 921 2892 deserta:
949 2847 1137 2902 erunt,
1160 2844 1217 2893 et
1231 2836 1450 2893 excelsa
1471 2836 1860 2903 abolebantur,

276 2930 339 2979 ut
361 2924 743 2997 deleantur,x
766 2926 844 2999 (ὁ)
863 2929 1405 2985 etconculcabuntur
1421 2928 1535 2998 (“‘)
1552 2929 1744 2983 altaria
1766 2944 1864 2984 ve-

277 3023 413 3084 stra,
444 3027 498 3074 et
528 3029 901 3087 conterentur,
925 3029 981 3076 et
1012 3021 1312 3078 cessabunt
1345 3020 1366 3089 1
1404 3021 1549 3076 idola
1581 3030 1784 3089 vestra,
1811 3031 1867 3077 et

279 3109 535 3167 tollentur
566 3111 791 3168 delubra
819 3122 1026 3178 vestra,
1046 3115 1115 3182 >κ
1133 3106 1188 3168 et
1216 3114 1551 3169 delebuntur
1575 3128 1742 3183 opera
1774 3129 1866 3170 ve-

277 3207 388 3255 stra
418 3200 442 3271 1
472 3241 487 3266 ,
527 3200 580 3257 7.
605 3210 662 3257 et
686 3204 886 3259 cadent
917 3203 1088 3259 occisi
1137 3205 1193 3259 in
1245 3204 1429 3260 medio
1466 3204 1659 3271 vestri,
1691 3213 1745 3259 et
1768 3219 1865 3261 cn-

277 3293 549 3361 gnoscetis
571 3335 587 3361 ,
623 3294 772 3365 quod
825 3309 927 3366 ego
987 3294 1280 3353 Dominus.
1311 3296 1364 3352 8.
1400 3300 1467 3366 )ι(
1488 3296 1552 3351 Et
1580 3295 1861 3353 residuum

277 3381 473 3440 faciam
510 3389 574 3457 1,
603 3386 733 3443 dum
773 3386 985 3444 fuerint
1009 3404 1075 3444 ex
1104 3388 1262 3444 vobis
1294 3389 1587 3446 evadentes
1619 3406 1649 3445 a
1683 3390 1864 3461 gladio

276 3474 329 3530 in
357 3478 637 3546 gentibus,
673 3489 727 3535 et
759 3479 816 3535 in
850 3480 1200 3551 dispersione
1227 3490 1410 3536 vestra
1442 3491 1496 3537 et
1534 3481 1589 3537 in
1622 3483 1864 3554 regioni-

274 3565 372 3623 bus
396 3586 411 3623 :
440 3569 500 3625 9.
525 3577 581 3624 et
609 3570 1048 3627 recordabuntur
1083 3571 1214 3637 mei,
1250 3573 1343 3642 qui
1371 3572 1649 3630 evaserint
1682 3588 1748 3628 ex
1767 3588 1865 3628 vo-

274 3657 357 3714 bis
398 3659 457 3716 in
493 3661 754 3732 gentibus
782 3703 798 3728 ,
852 3678 963 3734 quo
994 3664 1197 3734 captivi
1237 3664 1388 3720 ducti
1442 3662 1647 3720 fuerint
1699 3665 1860 3721 illuc:

275 3752 399 3822 quia
419 3753 609 3824 iuravi
639 3755 795 3812 cordi
833 3769 1030 3812 eorum
1072 3756 1421 3829 ‘fornicanti,
1462 3760 1529 3827 Χ
1576 3759 1627 3812 ei
1653 3797 1668 3821 ,
1716 3758 1865 3827 quod

272 3845 501 3902 recessit
525 3845 550 3916 1
577 3859 608 3900 a
644 3860 750 3911 me,
780 3855 837 3902 et
871 3847 1052 3904 oculis
1085 3862 1277 3904 eorum
1311 3847 1717 3903 fornicantibus
1746 3856 1869 3916 post

274 3937 450 3993 studia
495 3953 594 3994 sua
627 3956 640 3994 :
669 3939 741 4010 (ο)
769 3947 825 3994 et
849 3940 1156 4011 percutient
1179 3938 1347 3997 facies
1379 3955 1530 4004 suas,
1554 3943 1621 4009 χ(
1644 3948 1868 4010 propter

274 4028 433 4097 mala,
469 4045 593 4100 qua:
616 4029 866 4086 fecerunt
908 4033 962 4086 in
990 4031 1255 4087 omnibus
1291 4032 1313 4100 1
1359 4030 1867 4086 abmninationibus

273 4119 384 4176 suis
412 4124 561 4190 χει
599 4122 653 4177 in
694 4122 955 4178 omnibus
982 4123 1180 4179 studiis
1203 4124 1321 4180 suis
1367 4125 1415 4194 1.
1452 4124 1537 4179 10.
1564 4123 1629 4180 Et
1666 4139 1868 4195 cogno-

273 4223 447 4280 scent,
482 4214 630 4284 quod
661 4230 766 4295 ego
798 4213 1065 4271 Dominus
1093 4219 1162 4286 Χ
1214 4230 1322 4272 non
1380 4216 1585 4273 frustra
1643 4216 1865 4273 locutus

274 4314 419 4372 sum,
459 4315 519 4361 ut
551 4306 787 4363 facerem
833 4309 915 4366 eis
958 4310 1145 4366 omnia
1199 4311 1343 4365 mala
1386 4310 1502 4366 haec
1534 4310 1581 4379 1.
1620 4310 1704 4366 11.
1740 4310 1869 4366 Haec

270 4393 408 4452 dicit
431 4397 644 4454 Adonai
677 4398 981 4458 Dominus:
1024 4401 1231 4458 Plaude
1261 4418 1451 4467 manu,
1495 4411 1564 4457 ‘et
1611 4402 1868 4473 obstrepe

269 4490 525 4557 Pedibus,
577 4492 658 4565 (ά)
710 4502 765 4549 et
809 4494 939 4550 dic:
971 4494 1107 4550 bene
1133 4494 1377 4566 quidem,
1407 4509 1573 4565 super
1610 4493 1867 4549 omnibus

270 4581 782 4639 abominationibus
804 4588 872 4654 >ιε
907 4586 1177 4641 malorum
1208 4587 1231 4655 1
1266 4586 1466 4642 domus
1514 4584 1735 4642 lsraelis
1769 4603 1783 4640 :
1812 4586 1865 4640 in
1899 4612 1946 4672 υ

271 4674 479 4743 gladio,
505 4684 560 4731 ot
588 4676 643 4731 in
665 4676 900 4744 fame,et
925 4677 979 4731 in
996 4687 1175 4733 morte
1190 4680 1408 4733 cadent.
1439 4676 1528 4732 19..
1561 4675 1666 4744 Qui
1682 4679 1863 4748 longe,

274 4761 326 4817 in
360 4777 545 4821 morte
574 4766 863 4833 morietttr,
890 4767 983 4838 qui
1017 4782 1147 4823 vero
1175 4782 1363 4838 prope,
1397 4769 1452 4822 in
1482 4769 1666 4838 gladio
1687 4770 1865 4837 cadet,

274 4857 337 4927 Ἀ(
371 4865 431 4912 ct
458 4859 551 4930 qui
578 4859 802 4916 relictus
829 4859 992 4917 fuerit
1029 4864 1090 4933 1,
1120 4862 1190 4930 (ε)
1225 4871 1283 4915 et
1309 4860 1403 4931 qui
1439 4860 1756 4927 conclusus,
1795 4862 1850 4914 in

1965 2006 2153 2076 quavit
2186 2006 2302 2062 dies
2366 2022 2474 2062 non
2511 2021 2636 2062 cum
2671 2004 3321 2076 praecipitationibusﬁg)
3362 2014 3573 2059 etnon-

1965 2113 2092 2154 cum
2127 2098 2428 2155 doloribus.
2490 2097 2544 2153 8.
2601 2096 2761 2154 Nunc
2787 2097 2855 2153 de
2913 2098 3220 2169 propinquo
3282 2095 3555 2152 effundam

1964 2194 2105 2249 iram
2145 2207 2324 2248 meam
2356 2207 2524 2263 super
2562 2201 2634 2259 te,
2662 2202 2717 2248 et
2755 2189 3042 2260 complebo
3076 2187 3319 2243 furorem
3374 2202 3556 2242 meum

1965 2288 2021 2342 in
2064 2297 2137 2352 te,
2173 2285 2508 2357 etjudicabo
2538 2294 2589 2341 te
2620 2288 2675 2340 in
2712 2285 2812 2340 viis
2869 2284 2998 2350 tuis,
3043 2291 3099 2338 et
3133 2281 3278 2337 dabo
3307 2297 3472 2352 super
3505 2289 3559 2337 te

1969 2394 2165 2435 omnes
2189 2378 2635 2435 abominationes
2674 2387 2818 2433 tuas.
2881 2374 2936 2433 9.
2982 2373 3102 2430 Non
3139 2380 3331 2444 parcet
3358 2372 3554 2428 oculus

1969 2486 2150 2537 meus,
2182 2485 2363 2542 neque
2424 2470 2767 2537 miserebor;
2821 2466 2953 2538 quia
2990 2467 3112 2521 vias
3164 2475 3286 2521 tuas
3314 2479 3476 2535 super
3506 2472 3561 2520 te

1968 2564 2131 2630 dabo,
2162 2572 2219 2619 et
2244 2561 2687 2620 abominationes
2724 2568 2834 2616 tuae
2864 2559 2920 2616 in
2960 2558 3141 2615 medio
3168 2557 3246 2612 tui
3288 2565 3472 2623 erunt,
3506 2566 3562 2612 et

1960 2656 2290 2726 ‘cOgnosces,
2344 2654 2493 2726 quod
2524 2667 2626 2724 ego
2655 2667 2780 2709 sum
2812 2649 3104 2718 Dominus,
3148 2648 3242 2721 qui
3290 2649 3557 2720 percutio.

1964 2746 2020 2803 3.
2054 2743 2213 2801 Nunc
2266 2744 2393 2800 finis
2434 2742 2501 2800 ad
2564 2752 2636 2810 te,
2668 2752 2724 2798 et
2778 2742 2995 2797 mittam
3031 2755 3134 2811 ego
3187 2754 3352 2810 super
3391 2748 3466 2806 et,
3505 2747 3561 2794 et

1966 2836 2211 2893 ulciscar
2253 2843 2307 2892 te
2367 2835 2422 2890 in
2453 2834 2558 2891 viis
2617 2834 2748 2897 tuis,
2806 2842 2861 2887 et
2911 2832 3051 2888 dabo
3085 2845 3250 2901 super
3281 2840 3336 2886 te
3362 2845 3559 2886 omnes

1966 2928 2403 2985 abominationes
2427 2937 2568 2984 tuas.
2588 2926 2641 2982 4.
2660 2925 2781 2981 Non
2804 2933 2993 2996 parcet
3016 2922 3211 2979 oculus
3235 2936 3393 2979 meus
3422 2921 3556 2994 (“'")

1966 3032 2132 3089 super
2158 3031 2230 3082 te,
2260 3032 2438 3089 neque
2468 3016 2804 3084 miserebor;
2831 3015 2960 3086 quia
2981 3015 3101 3070 vias
3140 3022 3264 3070 tuas
3304 3029 3474 3083 super
3507 3024 3559 3068 te

1967 3110 2134 3175 dabo,
2168 3116 2224 3165 et
2255 3107 2695 3164 abominationes
2724 3114 2832 3161 tua:
2865 3106 2920 3160 in
2945 3102 3128 3159 medio
3179 3105 3257 3159 tui
3296 3112 3478 3166 erunt,
3506 3112 3563 3158 et

1967 3199 2303 3271 scies,quod
2331 3214 2434 3269 ego
2462 3197 2747 3252 Dominus.
2774 3196 2825 3251 5.
2853 3193 2993 3262 Quia
3029 3195 3147 3251 haec
3199 3194 3330 3250 dicit
3378 3193 3562 3249 Domie

1972 3309 2077 3349 nus
2105 3292 2410 3348 Dominus:
2446 3292 2516 3359 χ(
2539 3289 2749 3345 malitia
2784 3302 2893 3343 una
2946 3302 3076 3343 ecce
3121 3286 3198 3358 (Ιι)
3232 3285 3572 3357 propinqua-

1972 3382 2026 3438 6.
2061 3382 2217 3438 Finis
2264 3380 2433 3448 venit,
2466 3380 2616 3436 venit
2646 3379 2794 3446 finis,
2853 3378 3135 3449 evigilavit
3169 3377 3237 3432 ad
3270 3384 3322 3431 te
3348 3375 3396 3444 1.
3421 3373 3563 3432 Ecce

1972 3477 2122 3531 venit
2146 3473 2490 3545 complexio:
2526 3473 2614 3526 10.
2640 3486 2769 3527 ecce
2798 3471 2985 3527 dies—t—
3014 3470 3157 3541 parit
3195 3469 3245 3538 1,
3279 3482 3408 3524 ecce
3436 3467 3564 3523 finis

1970 3570 2122 3623 venit
2151 3582 2167 3619 :
2199 3567 2267 3635 χ
2292 3579 2516 3638 egressa
2536 3573 2622 3620 est
2650 3562 2980 3633 complexio,
3015 3569 3077 3619 et.
3102 3560 3291 3615 floruit
3316 3559 3485 3631 virga,
3509 3568 3565 3615 et

1973 3656 2406 3729 progerminavit
2451 3652 2711 3723 superbia
2759 3651 2828 3721 1,
2867 3649 3145 3721 evigilavit
3192 3648 3562 3705 contumelia:

1974 3752 2064 3805 11.
2097 3758 2155 3805 et
2184 3757 2435 3805 conteret
2459 3746 2696 3804 fulcrum
2727 3745 2924 3817 iniqui,
2945 3753 3001 3799 et
3034 3759 3141 3799 non
3189 3758 3313 3798 cum
3344 3752 3565 3813 pertur-

1973 3839 2221 3904 batione,
2246 3853 2427 3908 neque
2459 3853 2586 3895 cum
2619 3836 2995 3903 festinatione,
3052 3838 3121 3904 >κ
3160 3843 3215 3891 et
3239 3850 3347 3890 non
3385 3848 3451 3889 ex
3483 3833 3564 3888 eis

1974 3944 2123 4001 sunt,
2153 3948 2332 4005 neque
2353 3934 2518 3989 decor
2550 3933 2605 3986 in
2631 3933 2711 3988 eis
2744 3932 2792 4000 1.
2839 3931 2926 3986 12.
2971 3928 3132 3985 Venit
3164 3936 3400 3997 tempus,
3436 3940 3567 3981 ecce

1973 4027 2091 4084 dies
2121 4047 2133 4081 :
2170 4027 2266 4098 qui
2296 4025 2451 4093 emit,
2504 4039 2613 4079 non
2663 4023 2901 4089 laetetur,
2951 4031 3013 4078 et
3036 4020 3131 4091 qui
3186 4019 3371 4074 vendit
3400 4059 3416 4084 ,
3453 4033 3564 4073 non

1976 4118 2188 4190 lugeat:
2213 4119 2281 4185 ῖς(
2304 4116 2434 4187 quia
2482 4115 2564 4170 ira
2596 4113 2651 4168 in
2680 4128 2903 4168 omnem
2934 4111 3337 4167 multitudinem
3369 4109 3488 4179 ejus
3513 4109 3563 4178 1.

1977 4213 2064 4267 15.
2093 4210 2232 4277 Quia
2264 4223 2453 4265 emens
2492 4208 2559 4263 ad
2595 4206 2921 4261 vendentem
2952 4220 3060 4260 non
3103 4203 3339 4272 amplius
3379 4217 3566 4256 rever¢

1978 4313 2159 4359 tetur:
2196 4303 2348 4371 33((1')
2384 4310 2437 4356 et
2463 4298 2704 4370 amplius
2731 4299 2785 4353 in
2822 4298 2934 4353 vita
2963 4296 3145 4353 vivere
3171 4310 3361 4350 eorum
3388 4312 3403 4360 ;
3434 4293 3563 4363 quia

1978 4397 2117 4454 visio
2140 4396 2193 4451 in
2225 4411 2445 4450 onnuem
2508 4393 2920 4449 multitudinem
2975 4392 3095 4463 ejus
3136 4406 3244 4447 non
3272 4389 3470 4445 redibit
3502 4391 3563 4459 1;

1975 4500 2030 4546 et
2058 4491 2226 4544 homo
2260 4483 2314 4542 in
2367 4488 2528 4542 oculo
2579 4487 2703 4542 vita:
2748 4502 2860 4543 sua:
2898 4501 3005 4540 non
3056 4484 3346 4541 obtinebit.
3376 4481 3463 4537 M.
3493 4482 3566 4552 (Ic)

1975 4581 2225 4654 Clangite
2247 4581 2300 4635 in
2338 4581 2466 4635 tuba
2498 4621 2512 4645 ,
2548 4590 2602 4634 et
2625 4579 2871 4650 indicate
2919 4577 3128 4643 omnia,
3174 4579 3244 4648 Χ
3267 4586 3323 4633 et
3348 4592 3456 4632 non
3485 4585 3572 4632 est

1975 4674 2332 4745 proficiscens
2391 4672 2446 4727 in
2505 4672 2746 4739 bellum;
2812 4672 2943 4743 quia
2994 4671 3076 4727 ira
3112 4685 3230 4725 mea
3263 4670 3316 4724 in
3348 4682 3567 4724 omnem

1978 4771 2387 4827 multitudinem
2420 4770 2544 4840 ejus
2574 4771 2624 4840 1.
2654 4769 2740 4824 15.
2777 4768 2984 4824 Bellum
3021 4768 3074 4822 in
3110 4766 3294 4838 gladio
3324 4763 3480 4828 foris,
3516 4773 3571 4817 et

1962 4862 2140 4917 fames
2169 4869 2223 4915 et
2254 4860 2796 4916 mors-intrinsecus:
2829 4858 2925 4930 qui
2959 4859 3015 4912 in
3057 4871 3274 4925 campo,
3305 4856 3356 4908 in
3385 4853 3589 4924 gladio.

342 5065 535 5190 iri-8.,
596 5066 839 5150 confregi
881 5078 955 5124 te.
1035 5068 1099 5140 (°)
1136 5065 1713 5152 Dro_t~zi'l:"t"l,_qu0d
1765 5082 2052 5137 perperam
2110 5067 2302 5151 edidit
2339 5065 2609 5152 Norberg,
2662 5073 2716 5121 et
2754 5081 2819 5119 ex
2870 5063 3090 5131 ingenio
3143 5061 3342 5124 vertit,
3392 5064 3573 5145 .mt’u—

379 5138 491 5190 tlts.
526 5153 657 5190 nuta
693 5155 743 5190 Ill
801 5138 942 5190 LXX
982 5150 1195 5190 nostris
1234 5138 1370 5190 vidit
1408 5136 1697 5190 δηλαιστή.
1750 5138 2127 5190 reponendum
2158 5147 2247 5190 est
2292 5152 2344 5190 tn
2405 5139 2634 5190 Svriacn
2686 5145 2833 5190 textu
2885 5141 3125 5190 W31“.
3161 5140 3211 5186 et
3252 5132 3565 5190 mamfeua-

266 5132 491 5211 tabidus,
526 5139 657 5211 quia
693 5140 743 5192 in
790 5132 943 5211 LXX
982 5132 1195 5194 nostris
1234 5138 1370 5211 vidit
1408 5132 1697 5211 ᾷηᾉαῖάξή,
1750 5132 1864 5209 rept

1967 5138 2127 5211 mith
2158 5147 2247 5194 est
2292 5142 2345 5193 in
2405 5132 2634 5211 Syriaco
2686 5145 2855 5211 testu”
2885 5141 3125 5211 W311},
3161 5140 3211 5186 et
3252 5132 3565 5211 ιιιᾳιιέίεσεπ.

277 5205 343 5262 Ει
373 5205 561 5293 reipsa
611 5207 832 5336 Τθῑηιὲιὲ

277 5288 332 5333 et
384 5292 605 5336 numam
638 5289 708 5334 te.

275 5288 332 5333 et
384 5281 605 5348 puniam
638 5289 708 5334 te.
760 5280 933 5336 Senes
973 5299 987 5336 :
1029 5280 1123 5334 καὶ

833 5226 863 5265 a
909 5210 1137 5281 habent,
1184 5212 1247 5277 )t(
1284 5209 1379 5281 xui.
1416 5202 1574 5281 δήλη.
1602 5202 1830 5281 Daren.-

2021 5206 2122 5281 S.,_
2164 5220 2220 5281 e_t
2243 5202 2628 5281 ambiguitate.
2695 5207 2774 5278 (π)
2817 5202 2899 5281 8.,
2945 5202 3207 5281 gladium.
3489 5220 3566 5281 ε..

1320 5279 1692 5350 ρήσομαίᾼσε.
1755 5279 1968 5350 Dnactt.
2043 5279 2135 5350 λῃ)

2176 5278 2262 5343 8.,
2294 5270 2431 5349 (ιιιὶ
2462 5270 2713 5337 t'etldent'
2744 5270 2798 5349 te
2856 5270 2976 5349 sine
3005 5274 3216 5349 liberis.
3278 5270 3353 5341 (τ)
3389 5270 3475 5337 8.,
3515 5280 3572 5327 et

279 5296 332 5333 ει
384 5296 605 5361 ριιηιβιῐὶ
638 5296 708 5334 te.
760 5296 933 5355 benes
973 5299 987 5336 :
1029 5296 1123 5334 και
1170 5296 1561 5405 τιέιωρησομαι
1588 5296 1692 5359 ,σε.
1755 5296 1956 5335 unscn.
2058 5296 2135 5349 ty)
2176 5296 2262 5343 δ..
2294 5296 2417 5349 quae
2462 5296 2694 5337 reddent
2744 5296 2797 5328 te
2856 5296 2976 5330 suae
3005 5296 3216 5329 ttuerts.
3278 5296 3353 5341 ιτ)
3389 5296 3475 5337 σοι
3515 5296 3571 5327 τι

279 5352 586 5419 completis.
625 5350 746 5415 Tia,
777 5351 991 5409 rivulis.
1064 5352 1144 5421 (a)
1247 5391 1286 5413 .,
1337 5359 1393 5405 ct
1425 5349 1865 5420 conl'rtngentur.
1929 5349 2004 5421 (ὁ)
2031 5346 2116 5417 8.,
2144 5350 2538 5411 etabolebunt.
2615 5349 2722 5418 (“')
2756 5343 2997 5403 Verbum
3041 5343 3165 5416 Syr.
3215 5350 3434 5433 rem:
3472 5356 3571 5414 po-

280 5445 394 5500 tius
436 5445 735 5515 significat,
796 5452 847 5515 et
901 5452 1329 5515 contemnemur.
1394 5439 1523 5515 Tntr

1526 5441 1648 5567 rh
1698 5445 1765 5509 »ί
1828 5458 1864 5523 *-

1575 5552 1615 5567 ..
1667 5521 1721 5565 ΘΙ.
1774 5527 1864 5567 Olli

1967 5440 2418 5514 πλημμελήσωσι.
2474 5438 2681 5494 Duce.
2761 5438 2833 5507 (c)
2902 5434 3003 5501 8.,
3060 5443 3121 5491 ut
3169 5433 3573 5504 reprehendant

1967 5512 2185 5567 lbactus'
2226 5511 2280 5565 in
2311 5511 2471 5565 urbe.
2535 5510 2606 5567 (Γ)
2637 5506 3084 5567 S.,corruntam.
3123 5514 3181 5561 et
3216 5505 3410 5559 iterum
3447 5517 3573 5557 cor-

280 5510 628 5585 semetipsos.
666 5514 747 5586 (ιι)
808 5512 895 5586 8.,
953 5522 1007 5568 et
1035 5512 1386 5568 contristare.
1421 5512 1489 5580 (ε)
1531 5510 1615 5573 8.,
1656 5521 1721 5586 _et
1773 5512 1864 5586 qui

1967 5510 2471 5586 lba‘c‘u‘nsnaiursss-
2506 5510 2606 5586 -m

2637 5506 2722 5571 8.,
2744 5505 3084 5577 corruptam,
3123 5514 3195 5577 et,
3216 5505 3410 5577 iterum
3447 5517 3574 5557 cor-

281 5568 942 5656 subselliis)(gis,
1001 5592 1057 5638 et
1098 5600 1207 5640 non
1259 5599 1385 5639 cum
1424 5568 1917 5637 ‘recrastinatione.
1998 5582 2129 5653 ("")
2165 5579 2350 5635 Edidit
2387 5568 2658 5648 Norberg,
2710 5568 3087 5643 oculus-tuus,
3135 5568 3576 5638 adnotavimus:

285 5699 304 5734 ι
339 5665 453 5741 2571
479 5698 650 5744 utens,
688 5697 787 5751 pro
824 5662 956 5765 ’ῥ’-ι
995 5688 1138 5745 tuus,
1170 5687 1316 5733 certe
1351 5674 1658 5747 legendum.
1700 5694 1723 5724 ι·
1766 5675 1955 5741 llebr.,
2003 5677 2198 5731 oculus
2232 5687 2411 5765 meus.
2444 5670 2592 5765 LXX
2635 5668 2808 5722 nostri
2832 5679 2888 5724 et
2914 5667 3253 5765 Tetraplaab
3290 5659 3577 5765 6??“f-tés

283 5791 409 5855 μου.
438 5774 653 5855 βιυιςιι.
705 5775 794 5855 ’(Ιι)
828 5753 920 5836 Ᾰ.,
962 5771 1132 5851 venit.
1174 5771 1262 5855 .(i)
1295 5767 1379 5851 8.,
1429 5768 1523 5824 sed
1556 5776 1610 5823 et
1663 5769 1864 5838 ampliu

1967 5785 2043 5825 ICC
2092 5769 2147 5822 in
2177 5762 2487 5844 viventibus
2525 5762 2634 5816 vita
2662 5770 2881 5814 cetum.
2944 5761 3015 5832 (lt)
3048 5760 3130 5827 8.,
3165 5758 3499 5814 clauserunt
3528 5753 3583 5807 lii

283 5845 337 5902 in
375 5848 528 5913 tuba,
574 5845 720 5916 quod
764 5845 1194 5916 pra-paraverint
1232 5845 1438 5895 omnia.
3432 5848 3441 5856 ·
