4072 6450
499 393 644 451 2609

1609 392 1842 449 CODEX
1883 388 2672 446 SYRIACO-HEXAPLARIS.

3618 383 3757 439 2700

499 509 843 571 conlieietur.
871 526 967 566 eos
997 521 1205 575 autem,
1237 510 1330 579 qui
1359 510 1412 563 in
1444 508 1600 574 urbe,
1629 508 1827 573 fames,
1849 519 1903 564 et
1931 520 2083 561 mors
2112 508 2158 565 Α
2191 507 2403 578 inspexi
2433 508 2611 564 oculis
2640 508 2777 563 meis
2812 508 2876 563 ad
2911 507 3250 578 aquilonem,
3288 512 3341 559 et
3369 517 3496 560 ecce
3523 501 3594 557 ab
3608 503 3764 572 aqui-

499 585 807 657 oonsumet.
847 603 933 657 l6.
976 603 1039 675 (Ι)
1073 603 1138 656 Et
1176 602 1311 658 salvi
1347 602 1601 661 evadent.
1638 602 1737 672 (ηε)
1758 601 1854 672 qui
1883 614 2081 655 evase-

497 696 611 747 rint
638 710 705 749 ex
730 696 833 761 eis,
878 704 933 751 et
980 706 1141 751 erunt
1182 709 1347 765 super
1397 696 1697 758 montibus,
1721 695 1788 763 Ἀ(
1812 693 1953 748 sicut
1981 706 2079 747 eo-

497 788 698 843 lumbae
726 788 1055 843 concredita:
1081 787 1102 856 1
1143 807 1158 844 :
1194 805 1386 847 omnes
1409 789 1677 852 occidam,
1709 799 2077 855 unumquem-

496 894 605 949 que
640 880 695 933 in
720 878 1011 949 injustitiis
1044 881 1177 936 suis.
1225 880 1312 936 l7.
1359 879 1564 935 Omnes
1612 893 1812 934 manus
1864 876 2069 933 dissol-

497 978 718 1034 ventur,
754 971 833 1040 (n)
860 978 917 1024 et
955 973 1140 1027 omnia
1194 970 1402 1027 femora
1449 972 1766 1042 polluentur
1810 973 2076 1024 humore:

500 1060 587 1115 18.
622 1071 675 1116 et
708 1062 994 1132 accingent
1034 1078 1095 1119 se
1127 1063 1327 1123 saccis.
1363 1072 1418 1117 et
1459 1063 1669 1133 operiet
1721 1076 1814 1116 eos
1848 1069 2076 1131 stupor;

498 1161 553 1206 et
586 1168 750 1223 super
776 1168 993 1210 omnem
1024 1154 1220 1210 faciem
1246 1155 1422 1224 pudor
1453 1148 1618 1225 super
1660 1168 1778 1220 eos,
1821 1161 1877 1208 et
1914 1167 2080 1222 super

497 1258 660 1297 omne
686 1253 850 1313 caput
880 1245 1182 1300 calvitium.
1214 1246 1302 1301 l9.
1332 1251 1635 1317 Argentum
1661 1260 1852 1299 eorum
1882 1244 1935 1298 in
1964 1245 2081 1314 pla-

501 1337 604 1389 teis
648 1335 986 1405 projicietur,
1039 1347 1094 1392 et
1142 1354 1338 1394 aurum
1392 1354 1585 1395 eorum
1637 1339 1713 1409 (ο)
1757 1346 2080 1393 contemne—

500 1432 588 1475 tur
618 1440 631 1475 :
675 1426 744 1493 χ
765 1437 1051 1495 argentum
1087 1445 1299 1489 eorum,
1329 1438 1385 1484 et
1404 1444 1599 1483 aurum
1626 1442 1820 1481 eorum
1851 1440 1962 1480 non
1988 1438 2082 1478 va-

494 1515 626 1571 lebit
654 1517 866 1587 eripere
893 1534 991 1576 eos
1023 1521 1076 1575 in
1097 1521 1184 1576 die
1212 1522 1308 1576 ira:
1331 1520 1546 1576 Domini
1575 1521 1597 1590 1
1626 1538 1639 1574 :
1670 1520 1867 1574 anima:
1886 1533 2080 1573 eorum

494 1624 604 1663 non
660 1610 1076 1677 saturabuntur,
1117 1621 1172 1667 et
1236 1624 1455 1667 ventres
1510 1626 1704 1667 eorum
1748 1626 1861 1666 non
1886 1611 2080 1679 imple-

494 1696 736 1764 buntur;
780 1699 908 1768 quia
969 1699 1247 1754 cruciatus
1290 1700 1689 1769 injustitiarum
1728 1715 1921 1756 eorum
1954 1698 2078 1754 fuit.

490 1783 581 1837 20.
617 1783 801 1841 Electa
855 1787 1046 1841 mumli
1079 1789 1133 1842 in
1186 1790 1502 1859 superbiam
1553 1799 1856 1861 posuerunt
1905 1805 1991 1856 ea,
2026 1799 2080 1845 et

495 1876 769 1948 imagines
799 1879 1274 1936 abominationum
1333 1898 1560 1938 suarum
1616 1900 1705 1942 res
1750 1883 2079 1941 offendicula

495 1984 594 2023 sna
627 1968 875 2026 fecerunt
906 1988 974 2027 ex
1034 1974 1117 2029 eis
1162 1994 1175 2029 :
1216 1985 1440 2047 propter
1494 1977 1600 2033 hoc
1627 1977 1751 2033 dedi
1805 1991 1872 2033 ea
1918 1977 1999 2032 eis
2027 1976 2081 2031 in

496 2062 925 2119 immunditiem.
954 2064 1045 2119 2|.
1078 2065 1146 2121 Et
1202 2069 1412 2124 tradam
1444 2084 1508 2125 ea
1551 2069 1605 2125 in
1653 2086 1852 2125 manus
1885 2071 2086 2125 alieno.

493 2169 640 2217 rum,
699 2164 758 2209 ut
809 2156 1076 2228 diripiant
1134 2174 1219 2227 ea,
1253 2168 1308 2215 et
1356 2163 1775 2232 corruptoribus
1832 2170 1992 2218 terra:
2026 2162 2082 2217 in

494 2246 758 2313 praedam,
784 2256 838 2301 et
890 2249 1139 2319 polluent
1187 2266 1274 2305 ea.
1344 2250 1433 2305 22.
1495 2250 1563 2306 Et
1602 2261 1847 2308 avertam
1886 2251 2081 2307 faciem

492 2351 669 2391 meam
707 2339 776 2393 ab
804 2340 902 2407 eis,
940 2340 1018 2413 (p)
1040 2350 1096 2397 et
1125 2342 1375 2412 polluent
1403 2343 1771 2400 visitationem
1806 2358 2007 2408 meam,
2030 2350 2086 2397 et

491 2428 869 2496 ingredientur
895 2431 951 2486 in
974 2447 1043 2491 ea.
1063 2431 1139 2504 (ᾳ)
1172 2448 1283 2489 non
1299 2432 1547 2504 provide,
1565 2432 2085 2488 etcontaminabunt

490 2532 576 2570 ea.
609 2517 700 2574 25.
738 2518 809 2591 (r)
853 2518 919 2574 Et
969 2518 1175 2576 facient
1228 2520 1687 2592 permixtionem;
1738 2522 1868 2590 quia
1936 2530 2084 2575 terra

492 2610 653 2678 plena
680 2609 748 2681 (δ)
777 2610 970 2681 judicii
1020 2611 1390 2682 sanguinum,
1429 2620 1485 2666 et
1517 2611 1651 2666 urbs
1684 2611 1846 2680 plena
1881 2610 2083 2680 iniqui-

492 2701 645 2765 tatis.
681 2700 775 2759 24.
805 2702 876 2771 Χ
902 2701 965 2756 Et
996 2701 1264 2757 adducam
1300 2701 1478 2758 malos
1537 2701 1804 2772 gentium,
1829 2711 1885 2757 et
1910 2702 2086 2756 hrere-

490 2794 759 2861 ditabunt,
784 2794 981 2851 domos
1014 2809 1209 2849 eorum
1258 2794 1281 2864 1
1320 2814 1336 2850 :
1378 2803 1434 2850 et
1478 2804 1722 2850 avertam
1757 2793 2082 2866 jactantiam

492 2886 561 2958 (ι)
586 2884 931 2944 fortitudinis
960 2901 1177 2951 eorum,
1215 2897 1269 2946 et
1292 2889 1610 2960 polluentur
1641 2886 1841 2944 Sancta
1864 2903 2081 2944 eorum.

490 2977 586 3059 25.
612 2977 692 3051 (ιι)
724 2976 976 3050 Expiatio
1009 2980 1211 3048 veniet,
1238 2980 1317 3053 (at)
1340 2990 1395 3038 et
1425 2990 1632 3051 quaeret
1655 2988 1942 3051 pacem,et
1970 2993 2083 3034 non

491 3068 618 3123 erit.
648 3068 740 3122 26.
776 3068 869 3125 Va:
900 3085 1067 3142 super
1099 3088 1181 3127 vre
1218 3074 1352 3139 erit,
1385 3081 1440 3129 et
1477 3072 1707 3129 nuntius
1745 3088 1912 3143 super
1940 3087 2084 3127 nun-

2180 599 2307 654 lone
2333 600 2401 656 ad
2433 609 2668 669 portam,
2698 615 2818 672 quae
2847 614 3042 656 versus
3081 599 3344 653 orientem
3371 598 3438 663 Ἃ(
3462 595 3535 663 (b)
3575 593 3763 650 altaris

2182 692 2367 763 imago
2394 692 2493 747 zeli
2546 692 2730 763 hujus,
2770 708 2895 748 eum
2933 692 3236 763 ingreditur
3288 690 3431 761 1(a).
3455 689 3510 743 6.
3541 687 3603 742 Et
3625 688 3767 742 dixit

2181 786 2249 841 ad
2274 802 2360 841 me
2392 806 2407 840 :
2442 785 2543 842 Fili
2577 787 2836 855 hominis,
2873 787 3137 854 Xvidisti
3178 786 3201 854 1
3229 823 3244 847 ,
3273 783 3401 854 quid
3439 782 3494 838 bi
3518 779 3766 835 faciunt?

2182 879 2495 948 iniquitates
2530 895 2780 951 magnas,
2809 895 2947 951 quas
2980 880 3180 936 domus
3223 877 3447 934 lsraelis
3483 878 3507 945 1
3555 874 3764 929 faciunt

2179 969 2292 1032 hic,
2316 981 2378 1025 ut
2409 985 2469 1025 se
2499 971 2754 1041 elongent
2781 987 2812 1025 a
2844 970 3063 1028 Sanctis
3088 971 3248 1035 meis,
3271 979 3326 1024 et
3346 968 3526 1023 adhuc
3554 965 3762 1041 videbis

2182 1061 2505 1131 iniquitates
2536 1036 2799 1133 majores.
2838 1063 2889 1118 7.
2922 1064 2989 1119 Et
3032 1061 3332 1118 introduxit
3361 1074 3449 1114 me
3487 1058 3555 1113 ad
3597 1036 3785 1133 vestiE

2183 1152 2371 1206 bulum
2403 1153 2551 1220 atrii,
2582 1156 2651 1223 χ(
2693 1164 2746 1208 et
2768 1154 2902 1217 vidi,
2944 1163 3001 1209 et
3029 1169 3159 1210 ecce
3208 1152 3451 1208 foramen
3502 1165 3670 1205 unum
3705 1150 3759 1206 it

2180 1242 2389 1312 pariete
2417 1243 2466 1310 1.
2538 1242 2589 1297 8.
2646 1245 2714 1297 Et
2745 1244 2887 1298 dixit
2922 1244 2990 1299 ad
3047 1259 3175 1299 me:
3224 1242 3325 1297 Fili
3352 1241 3611 1306 hominis,
3639 1239 3734 1296 fod

2184 1335 2254 1401 )t(
2286 1334 2520 1389 nuncin
2559 1333 2854 1405 pariete1:
2907 1344 2961 1390 et
3013 1334 3123 1390 fodi
3149 1335 3205 1389 in
3262 1332 3491 1406 pariete,
3549 1340 3601 1385 et
3636 1345 3770 1386 ecce

2181 1424 2387 1478 ostium
2444 1440 2633 1479 unum.
2706 1426 2760 1481 9.
2812 1424 2880 1478 Et
2908 1425 3045 1479 dixit
3083 1424 3152 1479 ad
3184 1438 3271 1479 me
3302 1439 3316 1476 :
3354 1421 3660 1492 Ingredere,
3708 1428 3775 1474 et.

2182 1517 2306 1572 vide
2334 1517 2652 1587 iniquitates
2680 1521 2749 1588 χ
2770 1519 2941 1572 malas
2971 1517 2995 1586 1
3022 1558 3038 1583 ,
3070 1532 3210 1588 quas
3241 1517 3294 1570 bi
3313 1514 3522 1569 faciunt
3548 1513 3637 1568 hic
3667 1514 3774 1566 bo-

2183 1610 2290 1665 die.
2334 1609 2421 1663 10.
2451 1608 2518 1663 Ει
2544 1610 2828 1680 ingressus
2856 1625 3000 1672 sum,
3032 1608 3239 1674 etvidi,
3270 1616 3324 1663 et
3346 1621 3474 1661 ecce
3503 1603 3775 1673 )aﬁomnis

2184 1701 2490 1759 similitudo
2540 1703 2753 1772 reptilis
2800 1712 2855 1757 et
2902 1701 3139 1772 jumenti
3204 1700 3270 1768 1,
3327 1696 3777 1754 abominationes

2184 1810 2355 1862 vanae,
2385 1807 2439 1851 et
2464 1796 2650 1850 omnia
2673 1795 2815 1851 idola
2836 1795 3032 1850 domus
3066 1793 3289 1849 lsraelis
3311 1792 3586 1859 descripta
3603 1801 3779 1856 super

2186 1885 2394 1956 pariete
2421 1884 2875 1957 circumquaque.
2923 1885 3012 1940 11.
3069 1883 3139 1939 Et
3185 1883 3527 1954 septuaginta
3559 1879 3662 1934 viri
3701 1877 3779 1932 de

2186 1978 2499 2034 senioribus
2528 1978 2729 2034 domus
2766 1978 3008 2041 lsraelis,
3040 1979 3109 2047 >ε<
3148 1986 3204 2032 et
3235 1975 3457 2031 Jezonia
3499 1973 3642 2027 illius
3670 1970 3780 2025 Sa-
3808 1986 3815 1992 '

2184 2072 2331 2141 phau
2362 2070 2545 2127 stabat
2580 2070 2603 2140 1
2638 2070 2694 2125 in
2718 2070 2899 2126 medio
2924 2085 3140 2134 eorum,
3185 2079 3240 2123 et
3282 2068 3502 2124 stabant
3535 2065 3612 2137 (ά)
3646 2072 3779 2119 ante

2186 2163 2384 2219 faciem
2419 2177 2614 2218 eorum
2650 2180 2663 2216 :
2707 2172 2764 2218 et
2795 2163 3176 2234 unusquisque
3215 2161 3553 2216 tburibulum
3606 2171 3775 2213 suum

2185 2267 2304 2311 erat
2339 2255 2386 2310 ei
2416 2255 2471 2309 in
2504 2270 2691 2320 manu,
2740 2265 2796 2310 et
2820 2269 2987 2324 vapor
3038 2257 3107 2323 Ἀ(
3150 2252 3359 2308 nebula:
3396 2252 3420 2319 1
3480 2246 3776 2306 sullimeuti

2184 2344 2641 2401 aseendebat.l2.
2675 2345 2739 2399 Et
2776 2346 2918 2398 dixit
2949 2345 3017 2399 ad
3047 2360 3136 2399 me
3170 2363 3184 2399 :
3227 2343 3446 2407 Vidisti,
3480 2342 3555 2396 fili
3591 2338 3782 2394 bomi-

2185 2436 2295 2502 nis,
2319 2451 2442 2505 quae
2470 2437 2715 2491 seniores
2745 2437 2948 2491 domus
2978 2435 3199 2490 lsraelis
3236 2433 3445 2488 faciunt
3468 2447 3522 2487 -ι-
3546 2434 3633 2485 hic
3656 2432 3678 2497 1
3705 2434 3781 2497 χ(

2184 2524 2243 2579 in
2271 2525 2511 2579 tenebris
2542 2527 2564 2594 1
2599 2525 2978 2595 unusquisque
3008 2539 3200 2580 eorum
3256 2525 3311 2576 in
3333 2521 3589 2575 cubiculo
3642 2521 3782 2574 abs-

2182 2615 2408 2672 condito
2465 2632 2598 2683 suo;
2653 2617 2784 2686 quia
2825 2617 3083 2672 dixerunt
3123 2632 3136 2668 :
3174 2613 3295 2670 Non
3333 2613 3478 2667 videt
3518 2614 3585 2679 Ἀ(
3615 2610 3777 2677 nos1

2186 2708 2479 2777 Dominus,
2508 2708 2801 2779 dereliquit
2831 2707 3095 2764 Dominus
3142 2718 3364 2763 terram.
3415 2707 3501 2761 l3.
3540 2703 3604 2756 Et
3636 2701 3784 2755 dixit

2186 2800 2254 2855 ad
2285 2815 2413 2856 me:
2448 2790 2643 2857 Adhuc
2668 2803 2735 2869 ἃ(
2767 2816 3070 2856 conversus
3120 2801 3142 2868 1
3195 2799 3402 2854 videbis
3451 2793 3781 2863 iniquitates

2186 2888 2449 2961 majores,
2478 2908 2618 2962 quas
2651 2893 2744 2947 isti
2783 2892 3012 2947 faciunt.
3040 2892 3128 2945 H.
3159 2890 3224 2943 Et
3252 2886 3556 2943 introduxit
3593 2899 3678 2938 me
3706 2881 3780 2938 ad

2183 2986 2521 3042 vestibulum
2561 2985 2631 3057 (ε)
2673 2996 2848 3056 portae
2874 2984 3075 3039 domus
3126 2981 3366 3047 Domini,
3390 2975 3782 3071 quaa‘respieit

2187 3079 2256 3134 ad
2281 3079 2595 3149 aquilonem
2629 3096 2643 3132 :
2670 3086 2726 3133 et
2757 3088 2886 3132 ecce
2917 3076 2992 3130 ibi
3024 3075 3281 3129 mulieres
3307 3069 3582 3135 sedentes,
3619 3069 3778 3138 plan-

497 3160 633 3216 tium
687 3162 812 3228 erit,
863 3173 915 3218 et
967 3173 1243 3234 quaeretur
1306 3166 1449 3222 visio
1504 3167 1573 3221 de
1594 3165 1883 3236 propheta,
1913 3173 1968 3221 et
1994 3166 2083 3221 lex
2110 3205 2156 3268 α
2187 3182 2378 3240 gentes
2408 3170 2736 3227 Tbammuz.
2772 3170 2866 3225 15.
2905 3168 2973 3223 Et
3020 3168 3161 3224 dixit
3185 3167 3252 3222 ad
3289 3181 3414 3221 me:
3448 3162 3668 3226 Vidisti,
3701 3160 3780 3215 fili
3815 3166 3843 3181 “

493 3253 695 3323 peribit
717 3270 748 3309 a
780 3255 1101 3326 sacerdote,
1136 3266 1191 3312 et
1236 3257 1535 3313 consilium
1563 3272 1596 3313 a
1626 3256 1962 3314 senioribus.
1986 3255 2080 3311 27.

496 3347 564 3416 »ζ
596 3342 709 3401 Rex
734 3346 942 3418 lugebit
970 3351 992 3419 1
1018 3392 1033 3416 ,
1060 3358 1113 3404 et
1141 3348 1397 3420 princeps
1420 3350 1613 3405 induet
1641 3350 1718 3421 (ῃ)
1746 3350 1996 3416 exitium,
2030 3359 2086 3405 et

496 3454 697 3497 manus
729 3441 915 3512 populi
969 3452 1129 3498 terra:
1164 3441 1518 3498 remitteutur
1563 3460 1576 3496 :
1621 3443 1923 3498 secundum
1967 3442 2086 3497 vias

496 3546 691 3588 eorum
727 3532 921 3588 faciam
958 3534 1060 3599 eis,
1097 3532 1172 3605 (ι)
1196 3542 1254 3590 et
1280 3534 1338 3589 in
1370 3534 1598 3605 judiciis
1626 3549 1817 3591 eorum
1848 3534 2086 3590 ulciscar

498 3641 618 3691 eos,
641 3640 695 3682 et
716 3628 913 3693 scient,
940 3630 1088 3699 quod
1113 3644 1213 3698 ego
1243 3628 1532 3685 Dominus.

570 3718 701 3788 Cap.
730 3717 959 3774 Vlll.—
980 3720 1034 3775 l.
1067 3719 1134 3776 Et
1164 3719 1366 3777 factum
1398 3732 1483 3779 est
1511 3723 1563 3778 in
1599 3738 1745 3778 anno
1774 3733 1929 3779 sexto
1949 3739 2011 3779 -:—
2032 3725 2085 3778 in

500 3823 691 3863 mense
719 3809 915 3878 quinto
946 3811 1012 3880 1;
1074 3811 1269 3880 quinto
1321 3813 1526 3869 mensis
1548 3856 1563 3880 ,
1610 3830 1710 3885 ego
1745 3816 1999 3870 sedebam
2034 3817 2085 3869 in

505 3903 671 3959 domo
695 3919 836 3971 mea,
883 3913 938 3959 et
966 3905 1212 3962 seniores
1252 3903 1408 3962 Judae
1438 3907 1701 3963 sedebant
1733 3923 1919 3963 coram
1956 3924 2043 3964 me
2072 3928 2085 3962 :

505 4004 561 4050 et
582 3993 722 4051 facta
756 4006 840 4053 est
868 4013 1030 4068 super
1055 4014 1142 4054 me
1186 4000 1256 4068 Χ
1303 3998 1380 4054 ibi
1420 3997 1443 4067 1
1494 4015 1693 4055 manus
1735 3999 1947 4055 Adonai
1983 4000 2089 4056 Do—

505 4085 660 4153 mini,
683 4087 739 4142 2.
775 4095 830 4142 et
852 4088 986 4153 vidi,
1014 4096 1070 4144 et
1091 4103 1220 4168 ecce
1243 4087 1573 4155 similitudo,
1601 4091 1671 4157 Χ
1712 4088 1867 4159 quasi
1895 4088 2091 4158 adspe-

502 4188 625 4235 ctus
657 4178 680 4247 1
715 4180 851 4235 viri:
880 4194 910 4234 a
947 4180 1131 4235 lumbo
1165 4179 1286 4250 ejus
1315 4187 1371 4234 et
1416 4195 1592 4251 usque
1631 4179 1889 4235 deorsum
1925 4179 2088 4249 ignis,

499 4277 555 4322 et
595 4284 623 4322 a
658 4267 846 4325 lumbo
876 4269 999 4340 ejus
1028 4281 1083 4323 et
1111 4284 1278 4340 supra
1302 4284 1427 4325 eum
1457 4272 1526 4338 x
1561 4269 1721 4339 quasi
1746 4269 2087 4340 adspectus1

499 4361 665 4416 ﬂatus
694 4359 856 4429 lenis,
886 4363 1049 4432 quasi
1081 4362 1375 4432 adspectus
1402 4361 1614 4417 electri.
1650 4361 1705 4417 '5.
1745 4360 1813 4416 Et
1848 4364 2093 4418 extendit

504 4453 926 4508 similitudinem
960 4469 1186 4521 manus,
1225 4465 1280 4508 et
1307 4455 1532 4509 sustulit
1587 4469 1677 4508 me
1722 4464 1917 4510 ventus
1952 4456 2094 4511 inter

2191 3262 2454 3330 hominis,
2485 3271 2540 3318 et
2585 3263 2768 3318 adhuc
2810 3264 2879 3330 3K
2913 3276 3041 3316 cum
3098 3256 3439 3315 converteris
3475 3255 3498 3324 1
3527 3299 3542 3322 ,
3569 3253 3785 3310 videbis

2192 3352 2609 3409 adinventiones
2636 3352 2876 3421 majores
2907 3351 3017 3406 bis.
3052 3349 3140 3404 16.
3171 3348 3237 3404 Et
3272 3347 3576 3404 introduxit
3606 3359 3695 3399 me
3722 3344 3785 3397 in

2193 3447 2396 3502 atrium
2429 3446 2661 3501 interius
2692 3445 2889 3500 domus
2919 3442 3134 3497 Domini
3169 3462 3186 3497 :
3217 3452 3272 3498 et
3306 3456 3470 3511 super
3492 3435 3787 3495 vestibulis

2193 3540 2381 3609 templi
2413 3536 2626 3592 Domini
2657 3535 2725 3608 (ί)
2754 3536 2897 3590 inter
2929 3533 3112 3588 Elam
3136 3546 3193 3589 et
3217 3534 3359 3588 inter
3388 3533 3583 3597 altare,
3619 3530 3786 3600 quasi

2194 3629 2387 3700 viginti
2405 3630 2475 3696 Β(
2498 3638 2553 3684 et
2570 3628 2815 3698 quinque
2832 3628 2857 3695 1
2872 3625 2997 3688 viri,
3026 3626 3333 3695 posteriora
3360 3639 3552 3678 eorum
3571 3623 3635 3677 ad
3654 3631 3791 3676 tem-

2194 3725 2342 3794 plum
2374 3722 2679 3788 Domini,et
2707 3721 2877 3776 facies
2893 3735 3085 3805 eorum
3119 3718 3194 3791 (g)
3227 3726 3427 3775 contra
3457 3736 3470 3772 :
3496 3726 3550 3773 et
3577 3718 3630 3771 bi
3652 3717 3789 3772 ado-

2196 3821 2401 3886 rantx
2426 3832 2622 3874 versus
2648 3816 2917 3871 orientem
2941 3813 2963 3881 1
2990 3813 3182 3870 solem.
3216 3812 3303 3867 l7.
3322 3811 3390 3866 Et
3410 3811 3550 3866 dixit
3577 3810 3645 3865 ad
3662 3824 3787 3866 me:

2197 3910 2415 3978 Vidisti,
2441 3909 2802 3967 lilihominis:
2828 3906 3093 3977 numquid
3117 3921 3282 3977 parva
3308 3903 3497 3960 domui
3525 3901 3601 3975 (Ιι)
3631 3899 3791 3957 Judas

2196 4002 2349 4068 huic,
2393 4008 2457 4054 ut
2504 3998 2748 4054 facerent
2801 3994 3144 4064 iniquitates,
3197 4007 3338 4063 qnas
3372 3990 3621 4045 fecerunt
3664 3986 3791 4043 hic!

2197 4094 2326 4165 quia
2355 4091 2702 4162 repleverunt
2723 4098 2928 4145 terram
2955 4086 3360 4158 iniquitatibus,
3377 4087 3444 4154 Χ
3467 4093 3520 4138 et
3536 4081 3793 4139 conversi

2199 4197 2329 4243 sunt
2361 4187 2385 4254 1
2419 4185 2487 4240 ad
2515 4183 2842 4239 irritandum
2874 4196 2963 4237 me
2990 4200 3004 4235 :
3040 4180 3105 4252 (ἰ)
3138 4189 3193 4235 et
3216 4194 3347 4235 ecce
3372 4177 3476 4248 ipsi
3503 4179 3571 4244 JK
3596 4184 3794 4231 exten-

2199 4278 2655 4349 duntpalmitem1
2674 4275 2832 4347 quasi
2854 4276 3276 4343 subsanuantes.
3292 4273 3380 4328 18.
3394 4273 3460 4327 Et
3475 4287 3575 4342 ego
3593 4269 3792 4326 faciam

2200 4373 2282 4429 eis
2311 4388 2439 4429 cum
2479 4369 2710 4427 furore:
2764 4385 2875 4425 non
2916 4376 3106 4441 parcet
3150 4368 3347 4423 oculus
3401 4380 3579 4431 meus,
3610 4380 3795 4435 neque

2201 4464 2545 4521 miserebor:
2577 4465 2646 4532 Χ
2687 4472 2743 4518 et
2782 4464 3062 4519 vocabunt
3113 4461 3170 4517 in
3214 4460 3446 4516 auribus
3491 4457 3630 4513 meis
3658 4472 3795 4512 voce

505 4554 711 4599 terram
739 4554 791 4598 et
817 4546 959 4600 inter
989 4543 1213 4611 caelum,
1244 4555 1298 4600 et
1331 4546 1561 4601 adduxit
1580 4563 1669 4602 me
1695 4548 1749 4602 in
1784 4546 2091 4605 Jerusalem
2128 4569 2171 4624 ι)
2200 4574 2419 4629 magna,
2451 4566 2507 4613 et
2544 4572 2652 4612 non
2687 4558 2974 4613 exaudiam
3005 4571 3100 4611 eos
3131 4555 3179 4623 1.

507 4637 561 4690 in
591 4636 804 4691 visione
858 4636 954 4692 Dei
1009 4648 1137 4694 ante
1193 4641 1522 4698 vestibulum
1584 4652 1759 4713 portae
1792 4644 2095 4710 interioris,

504 4728 846 4799 respicientis
871 4730 937 4785 ad
961 4730 1375 4805 aquilonem,(a)
1399 4733 1491 4789 ubi
1517 4742 1637 4790 erat
1656 4744 1835 4791 statua
1865 4737 1935 4807 )t(
1958 4737 2098 4792 ima-

504 4822 650 4892 ginis
680 4823 824 4895 zeli1
858 4824 1215 4895 possidentis.
1249 4827 1303 4882 4.
1334 4827 1405 4883 Et
1440 4842 1573 4885 ecce
1620 4828 1696 4882 ibi
1758 4838 1876 4884 erat
1923 4829 2096 4902 gloria

503 4912 725 4969 Domini
770 4914 867 4971 Dei
932 4916 1171 4984 lsraelis,
1238 4920 1544 4976 secundum
1598 4922 1892 4992 visionem,
1926 4941 2093 4996 quam

501 5007 611 5063 vidi
645 5008 699 5063 in
733 5024 951 5081 campo.
980 5012 1034 5066 5.
1069 5011 1136 5066 Et
1179 5011 1320 5069 dixit
1360 5013 1428 5069 ad
1482 5030 1572 5071 me
1611 5035 1622 5069 :
1669 5014 1772 5071 Fili
1828 5018 2094 5087 hominis,

501 5100 653 5170 aperi
685 5100 892 5173 inspice
915 5104 1093 5161 oculis
1121 5106 1232 5162 tuis
1265 5106 1335 5162 ad
1387 5108 1705 5178 aquilonem
1748 5129 1762 5166 :
1800 5120 1856 5166 et
1901 5116 2092 5183 aperui

2274 4650 2409 4720 Cap.
2428 4647 2521 4704 IX.
2551 4678 2623 4688 —
2652 4648 2703 4702 1.
2740 4647 2806 4702 Et
2848 4646 3108 4704 clamavit
3156 4645 3212 4700 in
3253 4659 3417 4700 aures
3451 4657 3602 4697 meas
3656 4654 3794 4697 voce

2203 4756 2400 4814 magna
2432 4743 2622 4798 dicens
2667 4760 2679 4796 :
2713 4741 2787 4814 (k)
2826 4737 3302 4812 Appropittquavit
3330 4737 3466 4792 ultio
3490 4736 3645 4790 urbis
3687 4752 3702 4786 :
3737 4744 3794 4789 et

2202 4835 2587 4905 unusquisque
2614 4844 2773 4890 erant
2800 4834 2850 4889 ei
2881 4848 3010 4889 vasa
3034 4830 3325 4887 deletiouis
3364 4829 3418 4883 in
3460 4843 3624 4882 manu
3665 4841 3789 4881 sua.

2199 4929 2255 4987 2.
2277 4931 2344 4986 Et
2370 4942 2496 4984 cccc
2522 4941 2618 4982 sex
2649 4926 2752 4981 viri
2785 4925 3075 4981 veniebant
3103 4940 3170 4980 ex
3204 4923 3292 4977 via
3320 4931 3493 4992 portae
3534 4919 3790 4984 excelsae,

2203 5039 2327 5096 quae
2359 5018 2586 5091 respicit
2609 5018 2676 5073 ad
2705 5018 3046 5089 aquilonem,
3077 5024 3132 5072 et
3161 5011 3601 5083 uniuscujusque
3634 5025 3792 5066 seen-

2204 5118 2283 5173 ris
2318 5116 2370 5171 in
2405 5128 2575 5169 manu
2627 5125 2727 5166 sua
2762 5120 2855 5167 :et
2891 5111 2973 5166 vir
3001 5124 3147 5166 unus
3183 5108 3241 5163 in
3266 5106 3445 5162 medio
3468 5118 3685 5168 eorum,
3739 5105 3786 5155 it

577 5267 641 5347 _(l)
684 5266 960 5347 S-,_ctqui
991 5268 1241 5347 fugerint
1273 5284 1339 5325 ex
1369 5269 1472 5347 eis.
1503 5270 1725 5347 (m)_S.,
1767 5274 2040 5347 homines,
2099 5274 2211 5347 qui
2245 5271 2513 5347 fugerint_
2537 5285 2603 5347 ex
2650 5269 2761 5347 eis._
2831 5267 2909 5347 (n)_
2956 5267 3054 5347 ᾗ..
3079 5264 3363 5347 et_omnja
3416 5277 3593 5347 genua
3622 5230 3786 5317 fluent

522 5335 732 5409 [Graece
773 5340 827 5394 in
858 5335 979 5396 eod.

502 5502 792 5572 paxillnm.

1090 5381 1103 5394 .
1150 5341 1335 5410 ῥεύσει
1370 5336 1557 5396 ὕδατά.
1582 5336 1829 5418 'DnAcu.]
1855 5336 2036 5416 aquae.
2065 5347 2082 5411 (

2189 5344 2257 5409 ς.,
2292 5336 2438 5397 unus
2470 5342 2639 5397 siclus
2682 5341 2809 5396 erit.
2839 5336 2917 5409 ip)
2949 5336 3033 5404 8.,
3066 5338 3160 5408 qui
3198 5336 3493 5407 profanant
3524 5348 3786 5387 arcanum

504 5415 839 5510 (ijmns
869 5450 1129 5510 ᾳῆεριιιηι
1174 5452 1282 5510 pro,
1309 5420 1628 5510 κηωνωτέδ
1657 5415 1944 5510 legendum
1976 5415 2131 5510 puto)
2163 5451 2366 5510 meum:
2444 5434 2517 5507 (q)
2551 5433 2635 5499 S.,
2682 5433 2811 5487 dum
2861 5432 3237 5510 irruperunt.“
3279 5429 3351 5499 (r)
3398 5427 3483 5488 S.,

875 5506 944 5574 (δ)
977 5505 1059 5560 Ex
1103 5505 1338 5581 populis.
1405 5510 1473 5581 (ε)
1498 5509 1590 5581 78.,
1626 5505 2144 5581 inv-creandorum.

3546 5426 3790 5480 fecerunt

2209 5508 2289 5574 (ει)
2325 5505 2410 5570 S.,
2439 5499 2564 5561 eum
2602 5519 2808 5559 maeror
2830 5499 3000 5574 venit:
3071 5504 3150 5571 (π)
3198 5499 3264 5553 Et
3331 5513 3547 5574 qumres
3580 5512 3784 5574 pacem.

615 5572 712 5659 §.,
745 5568 1060 5659 ptmrorem.
1094 5568 1370 5659 ('z)-s.,_et
1403 5568 1467 5634 ῖηι
1487 5568 1710 5650 judiciis
1736 5597 1927 5659 eertum
1953 5568 2361 5659 judicabo'e'os’.
2390 5568 2604 5659 _V(q).S.,
2634 5592 2721 5640 eo,
2748 5589 2859 5644 quo
2886 5573 3029 5659 ﬁxus
3050 5568 3178 5656 erat
3197 5584 3387 5659 typus
3406 5568 3783 5659 ΖειΕβξξΙοιχρ]Σ

505 5638 582 5724 (ξ)
608 5638 780 5709 8421)
809 5660 872 5723 ea
894 5661 1019 5714 qua:
1045 5638 1236 5705 versus
1264 5638 1455 5714 altare,
1487 5638 1654 5724 typus
1687 5653 1810 5718 zeli,
1845 5652 1932 5705 hic
1953 5638 2021 5704 'in
2052 5649 2298 5704 introitu.
2333 5648 2404 5716 (c)
2446 5638 2599 5716 l'fjns,
2630 5638 3023 5714 quaa'respicit
3050 5644 3101 5698 in
3126 5638 3414 5724 orientem.
3460 5638 3636 5760 $d)S.,
3667 5638 3787 5717 ante

505 5723 772 5760 moturae-
811 5715 880 5760 (ρὶ
911 5715 1061 5760 S--in
1084 5730 1236 5760 nnrln
1270 5722 1469 5760 rlnmna
1506 5724 1717 5760 linmini
1774 5722 1840 5760 m
1870 5720 1906 5760 ,ξ
1989 5723 2127 5760 inim-
2151 5719 2479 5760 vnclihnlnm
2513 5727 2561 5760 pl
2593 5718 2784 5760 :tllnrp-
2819 5713 2994 5760 (1118--
3029 5715 3093 5760 ad
3118 5722 3407 5760 nrmnlem.
3443 5711 3519 5760 (ι)
3548 5708 3782 5760 lsraelis.

545 5712 773 5791 Ecquas.
811 5715 880 5785 (ε)
910 5711 1061 5781 S.,iu
1084 5730 1238 5791 porta
1270 5711 1470 5777 domus
1506 5711 1740 5777 Domini.
1774 5711 1840 5791 (Ϊ)
1869 5720 1953 5783 S.,
1989 5723 2127 5774 inter
2151 5711 2566 5791 vestibulnm'et
2593 5711 2786 5771 altare.
2819 5711 2996 5791 (9)158},
3029 5715 3093 5791 ad
3118 5713 3407 5791 orientem.
3443 5711 3458 5765 (

3482 5703 3529 5777 i)'
3548 5703 3782 5777 lsraelis.

533 5784 572 5863 t'_)
599 5782 775 5867 ,ᾅδει
818 5776 1180 5867 st'tnt,'_qtiasi
1209 5776 1951 5867 dimittentesrsonnmusicnt
1978 5800 2197 5867 cantum
2225 5790 2287 5867 in
2329 5790 2559 5867 naribus
2604 5776 2991 5867 coruunt-(Ic)
3024 5786 3107 5852 S.,
3163 5782 3671 5855 appropinquarunt
3720 5776 3784 5833 ad

509 5859 876 5913 visitationem
925 5859 1100 5927 urbis,
1134 5869 1188 5916 et
1232 5864 1612 5933 unusquisque
1638 5878 1734 5917 vas
1764 5860 2132 5933 corruptionis
2160 5861 2285 5928 erit,
2314 5869 2397 5915 est
2430 5859 2479 5914 ei
2504 5860 2556 5913 in
2596 5872 2759 5913 manu
2790 5859 2929 5929 ejus.
