4072 6426
326 432 480 488 2'70!

1640 427 2049 489 HEZECIELIS
2089 433 2319 493 CAPUT
2359 439 2450 495 Xl.

3488 444 3635 499 270?.

331 548 577 603 indutus
606 546 668 617 (Ι)
722 545 949 616 podere,
990 555 1044 599 et
1104 560 1241 600 zona
1269 547 1481 617 saphiri
1542 564 1705 619 super
1752 547 1936 602 lumbo
1965 548 2010 604 Α
2044 548 2129 603 uis
2162 550 2352 605 subter
2382 552 2498 607 alas
2527 568 2742 608 eorum.
2778 556 2832 609 9.
2869 558 2932 610 Et
2970 557 3097 618 vidi,
3146 566 3199 611 et
3227 573 3354 612 ecce
3391 552 3633 625 quatuor

332 640 467 707 ejus
503 658 517 694 :
549 650 603 694 et
642 639 882 709 ingressi
916 651 1068 703 sunt,
1105 647 1160 693 et
1200 647 1469 694 steterunt
1494 638 1650 709 juxta
1677 655 1736 696 σιε-
1768 641 1941 695 altare

339 732 365 801 1
407 732 561 788 aeris.
594 733 650 789 '5.
682 732 750 788 Et
783 729 958 802 gloria
1000 731 1095 787 Dei
1144 731 1361 788 lsraelis
1398 734 1681 789 descendit
1711 735 1778 789 de
1807 735 1941 789 Chev

338 825 555 892 rnhim,
590 840 710 893 quae
740 833 856 878 erat
880 838 1046 893 super
1069 824 1169 889 eis,
1208 823 1260 878 in
1296 825 1458 879 limen
1487 826 1683 881 donius
1719 844 1732 880 :
1760 834 1813 880 et
1847 841 1942 879 vo-

338 917 495 969 cavit
529 917 706 969 virum
737 915 990 969 iudutum
1033 916 1258 984 podere,
1293 917 1381 971 cui
1420 927 1537 972 erat
1567 933 1732 987 super
1756 919 1941 973 lumbo

336 1007 474 1077 ejus
499 1024 658 1063 zona.
685 1008 738 1061 4.
775 1007 843 1061 Et
875 1008 1019 1062 dixit
1048 1007 1317 1064 Dominus
1348 1011 1414 1064 ad
1445 1025 1571 1064 eum
1600 1028 1615 1065 :
1644 1009 1843 1065 Transi
1873 1013 1939 1077 »ί

338 1116 450 1168 per
477 1101 711 1155 mediam
745 1101 937 1156 urbem
984 1100 1221 1156 mediam
1264 1102 1288 1172 1
1335 1100 1663 1168 Jerusalem,
1694 1113 1750 1156 et
1777 1104 1843 1157 da
1868 1104 1944 1157 si-

342 1209 522 1261 gnum
554 1207 716 1261 super
747 1191 960 1247 frontes
985 1192 1232 1246 virorum
1264 1192 1619 1262 gementium,
1653 1201 1707 1248 et
1731 1193 1945 1248 lamen-

346 1285 589 1340 tantium
622 1300 786 1353 super
816 1283 1076 1339 omnibus
1110 1284 1514 1351 iniquitatibus,
1559 1300 1680 1355 quae
1722 1286 1857 1339 fiunt
1886 1285 1941 1341 in

349 1377 539 1431 medio
565 1376 661 1446 (ιη)
703 1392 921 1431 eorum.
961 1376 1015 1431 5.
1067 1376 1133 1430 Et
1168 1376 1277 1431 illis
1318 1377 1474 1444 dixit,
1508 1377 1763 1432 audiente
1812 1393 1940 1432 me:

348 1470 433 1524 Ite
484 1468 538 1523 in
573 1469 762 1522 urbem
797 1478 922 1538 post
969 1482 1117 1533 eum,
1174 1477 1229 1522 et
1282 1470 1572 1538 percutite,
1607 1485 1675 1524 ne
1707 1471 1945 1540 parcatis

354 1561 534 1616 oculis
582 1560 803 1624 vestris,
852 1575 954 1614 nec
984 1559 1363 1615 misereamiui
1403 1560 1456 1615 6.
1495 1560 1754 1627 senioris,
1784 1571 1838 1616 et
1860 1562 1946 1615 in-

356 1653 545 1716 fantis,
572 1663 627 1708 et
653 1652 880 1723 virginis
912 1671 924 1706 :
955 1661 1010 1706 et
1036 1652 1317 1722 parvulos,
1350 1662 1405 1708 et
1432 1652 1688 1709 mulieres
1713 1652 1946 1709 occidite

359 1749 413 1800 in
454 1745 919 1809 internecionem;
957 1745 1218 1800 omnibus
1256 1760 1408 1811 vero,
1441 1760 1602 1815 super
1632 1746 1833 1817 quibus
1863 1755 1947 1802 est.

359 1838 597 1909 signum,
634 1854 703 1892 ne
735 1837 1209 1908 appropinquetis,
1242 1846 1297 1892 et
1325 1853 1355 1893 a
1398 1838 1607 1893 sanctis
1638 1840 1773 1893 meis
1807 1840 1937 1893 inci-

360 1908 470 1998 pite
501 1944 518 1984 :
577 1938 632 1985 et
664 1929 989 2000 inceperunt
1020 1945 1050 1984 a
1087 1930 1223 1984 viris
1278 1932 1345 1999 Χ
1399 1930 1710 1987 senioribus
1743 1932 1789 2001 1,
1850 1933 1941 2000 qui
1974 1908 2021 1968 Β

360 2029 516 2076 erant
550 2021 699 2077 intus
734 2023 788 2076 in
823 2025 1007 2077 domo.
1045 2022 1099 2076 7.
1135 2020 1202 2075 Et
1235 2022 1373 2077 dixit
1397 2022 1464 2076 ad
1489 2038 1596 2099 .eos
1622 2040 1636 2077 :
1664 2022 1943 2078 Contami-

361 2122 487 2168 nate
521 2113 769 2180 domum,
800 2123 856 2168 et
889 2115 1110 2185 implete
1138 2115 1256 2170 vias
1289 2114 1524 2170 mortuis
1550 2125 1835 2182 exeuntes,
1878 2126 1946 2171 et

362 2205 555 2261 credite
579 2208 649 2273 Χ
706 2214 759 2260 ct
800 2208 1058 2276 percutite
1086 2209 1276 2263 urbem
1328 2208 1376 2277 1.
1405 2209 1459 2264 8.
1501 2209 1569 2262 Et
1603 2208 1806 2264 factum
1837 2218 1940 2276 est,

366 2298 498 2351 dum
531 2307 912 2365 percuterent,
948 2302 1015 2368 Χ
1064 2302 1284 2357 relictus
1316 2318 1436 2358 sum
1480 2319 1582 2375 ego
1614 2305 1662 2373 1,
1712 2316 1766 2359 et
1809 2303 1946 2360 cado

371 2403 540 2458 super
569 2387 769 2444 faciem
818 2405 1018 2456 meam,
1048 2400 1100 2446 ct
1136 2393 1393 2461 clamavi,
1421 2403 1475 2450 et
1503 2397 1651 2451 dixi:
1675 2395 1943 2452 Vaemihi.

366 2482 579 2536 Adonai
609 2481 859 2546 Domine,
885 2481 1127 2539 delcvisti
1153 2494 1211 2540 tu
1238 2487 1492 2543 residuos
1520 2487 1757 2549 lsraelis,
1779 2488 1948 2542 effun-

362 2573 498 2628 dens
551 2571 790 2627 furorem
824 2583 972 2628 tuum
1007 2591 1174 2645 super
1225 2575 1571 2633 Jerusalem?
1617 2579 1670 2636 9.
1704 2578 1774 2633 Et
1809 2580 1949 2634 dixit

359 2666 425 2721 ad
458 2682 546 2721 me
572 2668 597 2720 ':
633 2666 901 2736 lujustitia
930 2668 1127 2723 domus
1157 2667 1375 2725 lsraelis
1406 2678 1461 2724 et
1502 2668 1656 2726 ludat
1700 2671 1949 2742 magnifi-

362 2770 484 2813 cata
514 2769 599 2816 est
628 2759 785 2814 valde
808 2759 994 2826 valde;
1027 2761 1157 2831 quia
1183 2762 1390 2832 repleta
1429 2772 1521 2826 est,
1536 2770 1682 2818 terra
1707 2763 1945 2833 p0pu|is,

356 2862 412 2907 et
445 2853 577 2909 urbs
625 2854 831 2924 repleta
877 2862 962 2910 est
1015 2855 1285 2924 iujustitia
1338 2864 1394 2911 et
1420 2856 1790 2923 immunditia,
1818 2859 1948 2928 quia

357 2946 617 3001 dixerunt
645 2962 659 2998 :
694 2944 1001 3016 Dereliquit
1028 2947 1295 3004 Dominus
1322 2956 1548 3014 terram,
1582 2964 1682 3004 nec
1730 2950 1950 3020 inspicit

359 3038 626 3093 Dominus
658 3059 672 3095 :
699 3040 786 3095 10.
821 3055 883 3094 σε·
912 3049 967 3096 et
996 3056 1096 3111 ego
1113 3057 1234 3096 sum
1261 3057 1500 3113 superne
1528 3043 1578 3112 1,
1605 3057 1715 3098 non
1764 3053 1952 3107 parcet

360 3129 558 3185 oculus
592 3145 764 3195 meus,
799 3145 980 3200 neque
1006 3130 1316 3187 miserebor
1350 3149 1365 3186 :
1398 3132 1517 3187 vias
1548 3146 1742 3186 eorum
1772 3132 1828 3186 in
1856 3147 1949 3188 ca-

358 3220 469 3291 pita
499 3235 688 3275 eorum
733 3220 878 3275 dedi.
916 3220 1004 3275 11.
1037 3219 1103 3275 Et
1133 3236 1261 3277 ecce
1303 3221 1388 3276 vir
1420 3222 1511 3292 qui
1564 3222 1793 3278 indutus
1832 3232 1953 3279 erat
1977 3255 2024 3316 ο

363 3313 447 3387 (u)
472 3314 694 3383 pudere,
720 3325 777 3369 et
798 3313 1080 3370 accinctus
1109 3314 1358 3371 lumbum
1395 3332 1556 3372 suum
1584 3331 1744 3382 zona,
1776 3326 1831 3373 et
1858 3332 1951 3374 re-

362 3406 585 3475 spondit
611 3407 682 3482 x
712 3406 937 3461 verbum
958 3405 1006 3475 1,
1042 3405 1233 3463 dicens
1261 3426 1275 3462 ε
1304 3407 1455 3475 Feci,
1478 3409 1621 3465 sicut
1641 3409 1948 3481 praecepisti

430 3589 564 3657 Cap.
599 3587 670 3645 Χ.
693 3589 835 3644 -1,
879 3588 948 3644 Et
973 3590 1106 3658 vidi,
1136 3600 1189 3647 et
1234 3607 1362 3649 ecce
1387 3609 1554 3667 super
1581 3596 1944 3664 ﬁrmamento,

361 3681 506 3751 quod
542 3682 708 3750 supr‘a
733 3688 899 3751 caput
921 3682 1238 3751 Cherubim,
1265 3687 1426 3755 quasi
1457 3688 1594 3758 lapis
1628 3691 1856 3759 saphiri,
1879 3694 1948 3761 >ε<

361 3774 520 3844 quasi
543 3774 684 3829 visio
710 3773 737 3844 1
783 3774 1088 3831 similitudo
1113 3777 1300 3833 throni
1334 3782 1402 3848 >ε<
1429 3782 1685 3850 apparuit
1714 3783 1736 3851 1
1783 3797 1951 3853 super

361 3866 462 3921 eis.
492 3865 630 3921 2.Et
656 3866 795 3922 dixit
823 3867 891 3922 ad
914 3868 1091 3923 virum
1119 3870 1371 3925 indutum
1395 3873 1531 3927 stola
1565 3875 1655 3942 Χ,
1677 3882 1731 3928 et
1762 3873 1839 3927 ait
1873 3873 1895 3942 1
1932 3891 1946 3928 :

359 3948 649 4031 Ingredere
677 3959 733 4014 iu
752 3961 994 4016 medium
1025 3971 1295 4028 rotarum,
1330 3971 1385 4017 et
1410 3962 1605 4019 subtus
1629 3964 1949 4035 Cherubim,

360 4061 416 4106 et
436 4050 602 4122 imple
655 4066 871 4122 pugnos
926 4061 1051 4109 tuos
1101 4054 1436 4110 carbonibus
1482 4055 1625 4127 ignis
1660 4056 1729 4111 de
1770 4058 1950 4113 medio

359 4142 682 4215 Cherubim,
715 4153 771 4200 et
813 4145 1066 4218 disperge
1096 4163 1262 4218 super
1294 4148 1482 4204 urbem
1520 4168 1534 4204 :
1570 4159 1623 4205 et
1669 4150 1951 4219 ingressus

360 4246 443 4294 est
468 4251 655 4292 coram
692 4252 801 4305 me,
850 4238 905 4294 3.
957 4248 1014 4294 et
1056 4239 1353 4296 Cherubim
1402 4243 1620 4298 stabant
1653 4259 1683 4297 a
1726 4244 1948 4300 dextera

359 4333 579 4400 dormis,
636 4350 759 4390 cum
813 4336 1193 4407 ingrederetur
1236 4336 1366 4392 vir:
1413 4346 1469 4393 et
1498 4337 1672 4394 nubes
1704 4337 1952 4409 implevit

359 4425 560 4480 atrium
588 4424 842 4482 interius.
875 4428 929 4482 4.
963 4426 1030 4483 Et
1067 4428 1280 4485 elevata
1305 4438 1390 4486 est
1428 4430 1600 4501 gloria
1639 4431 1854 4487 Domini
1884 4432 1951 4488 de

358 4514 656 4571 Cherubim
686 4516 741 4571 in
766 4516 934 4573 limen
980 4519 1194 4586 domus,
1234 4529 1291 4575 et
1314 4522 1559 4592 implevit
1592 4523 1816 4580 domum
1845 4540 1948 4579 uu-

2048 649 2182 694 rotzn
2211 642 2430 697 stabant
2455 659 2485 698 a
2516 644 2687 700 latere
2719 645 3017 700 Cherubim
3054 660 3068 700 :
3100 660 3216 703 rota
3259 665 3367 703 una
3399 664 3428 701 a
3462 648 3633 701 latere

2047 729 2266 788 Cherub
2299 734 2485 800 unius,
2519 737 2586 804 Χ
2611 746 2666 791 et
2689 749 2805 792 rota
2837 754 2942 793 una
2978 755 3007 793 a
3033 740 3199 795 latere
3230 743 3449 797 Cherub
3470 742 3633 795 unius

2053 822 2076 890 1
2112 841 2125 877 :
2154 834 2205 878 et
2230 824 2518 895 adspectus
2546 838 2795 883 rotarum
2825 831 2979 899 quasi
3008 831 3294 900 adspectus
3335 832 3535 901 lapidis
3554 830 3631 903 (ο)

2048 917 2392 972 carbunculi.
2428 919 2511 975 10.
2542 920 2603 974 Et
2648 922 2941 990 adspectus
2969 938 3156 975 earum
3198 923 3498 978 similitudo
3524 938 3630 976 una

2049 1018 2287 1076 quatuor
2319 1010 2473 1080 ipsis,
2511 1014 2971 1081 quemadmodum
3024 1030 3144 1069 cum
3187 1015 3350 1069 fuerit
3392 1026 3509 1069 rota
3578 1016 3631 1068 in

2051 1098 2231 1154 medio
2256 1111 2410 1156 τοίω.
2445 1102 2532 1155 11.
2564 1105 2697 1160 Cum
2733 1105 2894 1172 irent,
2940 1106 2992 1159 in
3025 1114 3265 1175 quatuor
3292 1117 3473 1177 partes
3504 1122 3633 1161 suas

2050 1188 2225 1251 ibant,
2260 1206 2371 1245 non
2402 1198 2835 1262 revertebantur,
2870 1211 2993 1250 cum
3048 1197 3226 1252 irent:
3281 1198 3358 1268 (p)
3411 1198 3539 1267 quia
3576 1198 3630 1250 in

2051 1278 2233 1336 locum
2261 1298 2423 1352 quem
2455 1288 2789 1356 respiciebat
2825 1306 2995 1345 unum
3048 1290 3381 1361 principium
3414 1294 3480 1358 3K
3512 1301 3636 1360 post

2051 1372 2182 1428 illud
2220 1374 2241 1442 1
2273 1376 2443 1443 ibant,
2472 1386 2527 1433 et
2556 1395 2664 1434 non
2694 1383 3173 1448 convertebautur,
3194 1398 3318 1438 cum
3345 1383 3503 1436 irent.
3542 1382 3629 1436 12.

2052 1465 2121 1530 Χ
2155 1463 2221 1518 Et
2252 1467 2432 1522 omnis
2457 1484 2587 1523 caro
2620 1485 2824 1525 eorum
2847 1472 2893 1539 1,
2918 1481 2971 1526 et
3004 1474 3167 1528 dorsa
3196 1489 3410 1539 eorum,
3442 1483 3496 1526 et
3517 1488 3638 1526 ma-

2052 1568 2159 1609 nus
2194 1569 2407 1621 eorum,
2431 1565 2487 1611 et
2514 1558 2616 1613 alae
2650 1574 2866 1625 eorum,
2889 1571 2943 1617 et
2971 1572 3105 1618 rota‘
3138 1563 3307 1629 plenae
3331 1562 3505 1617 oculis
3539 1577 3638 1631 per

2052 1646 2343 1703 circuitum
2382 1657 2622 1719 quatuor
2669 1653 2804 1709 rotis
2854 1669 3068 1710 eorum.
3121 1656 3212 1709 l3.
3245 1654 3400 1709 Rotis
3453 1664 3634 1708 autem

2053 1739 2176 1794 istis
2212 1740 2287 1810 (ᾳ)
2318 1741 2633 1798 invocatum
2669 1754 2751 1800 est
2779 1744 2986 1814 Gelgel,
3017 1746 3270 1801 audiente
3294 1761 3400 1801 me.
3445 1746 3527 1800 M.
3569 1747 3635 1815 Χ

2053 1830 2118 1886 Ει
2151 1843 2390 1901 quatuor
2418 1834 2588 1891 facies
2627 1837 2720 1890 uni
2756 1856 2769 1892 :
2809 1837 2977 1895 facies
3000 1829 3178 1895 'uuius
3203 1838 3372 1894 facies
3393 1840 3634 1901 Cherub,

2046 1935 2101 1981 et
2127 1926 2296 1984 facies
2330 1930 2555 1984 secundi
2615 1929 2783 1989 facies
2838 1933 3101 1997 hominis,
3151 1942 3206 1988 et
3252 1932 3419 1988 facies
3472 1933 3635 1987 tertia

2046 2021 2245 2088 leonis,
2275 2030 2331 2076 et
2360 2021 2529 2078 facies
2555 2032 2750 2093 quarta
2782 2027 2980 2097 aquila:
3009 2027 3057 2095 1.
3092 2026 3179 2082 15.
3208 2026 3275 2080 Et
3296 2027 3635 2081 sustulerunt

2048 2130 2107 2169 se
2136 2112 2458 2182 Cherubim,
2490 2117 2595 2174 hoc
2632 2116 2810 2187 ipsum
2860 2117 3085 2182 animal,
3133 2117 3278 2188 quod
3327 2116 3434 2171 vidi
3470 2131 3637 2185 super

2046 2204 2274 2262 ﬂuvium
2305 2207 2544 2266 Chobar.
2579 2210 2667 2265 16.
2694 2210 2760 2265 Et
2790 2226 2913 2266 cum
2947 2211 3088 2265 irent
3110 2208 3432 2275 Cherubim,
3486 2210 3640 2263 ibant

2048 2308 2201 2365 rotae,
2231 2306 2286 2354 et
2320 2299 2401 2353 hrr
2432 2301 2754 2372 pr0pinqute
2785 2302 2866 2356 eis
2903 2320 2917 2356 :
2962 2310 3017 2356 et
3047 2317 3173 2357 cum
3215 2302 3470 2356 tollerent
3491 2299 3637 2359 Che-

2047 2392 2227 2445 rubim
2272 2392 2391 2447 alas
2443 2407 2593 2460 suas,
2648 2405 2710 2449 ut
2742 2409 2802 2450 se
2833 2395 3111 2450 elevarent
3148 2409 3178 2447 a
3217 2403 3383 2458 terra,
3417 2409 3524 2448 non
3566 2393 3637 2463 (r)

2050 2484 2470 2543 revertebantur
2499 2497 2632 2542 rotae
2655 2500 2870 2554 eorum,
2904 2490 2971 2556 >ε<
2999 2487 3163 2542 etiam
3202 2487 3320 2556 ipse
3348 2489 3416 2555 Χ
3439 2487 3507 2540 ab
3533 2486 3635 2547 eis,

2048 2601 2171 2655 qua:
2213 2602 2241 2639 a
2277 2585 2449 2638 latere
2479 2595 2667 2637 eorum
2702 2581 2751 2651 1.
2804 2579 2891 2634 17.
2923 2580 3062 2633 Cum
3114 2586 3343 2639 starent,
3398 2578 3639 2640 stabant,

2049 2688 2105 2734 et
2138 2693 2262 2733 cum
2298 2691 2358 2731 se
2385 2673 2659 2737 efferrent,
2678 2687 2737 2728 se
2767 2670 3207 2727 eﬂ'erebantcum
3235 2669 3350 2735 eis;
3370 2669 3494 2737 quia
3528 2668 3641 2736 spi-

2051 2770 2189 2823 ritus
2228 2768 2348 2821 vitae
2371 2767 2427 2820 in
2459 2766 2537 2820 eis
2559 2773 2696 2819 erat.
2744 2763 2831 2818 18.
2874 2765 2939 2818 Ει
2968 2777 3188 2831 egressa
3214 2771 3299 2816 est
3327 2761 3500 2830 gloria
3530 2759 3640 2814 Du-

2051 2860 2186 2916 mini
2221 2862 2289 2927 )t(
2319 2874 2350 2913 a
2398 2857 2593 2912 limine
2625 2856 2649 2925 1
2684 2855 2903 2920 domus,
2934 2863 2989 2907 et
3024 2852 3273 2908 ascendit
3305 2867 3468 2921 super
3494 2850 3641 2905 Che-

2050 2953 2257 3008 rubim.
2288 2951 2376 3006 19.
2421 2951 2489 3005 Et
2515 2948 2862 3005 sustulerunt
2904 2947 3202 3002 Cherubim
3233 2945 3349 3000 alas
3398 2959 3548 3008 suas,
3588 2952 3641 2996 et

2052 3061 2112 3101 se
2138 3045 2426 3100 elevarunt
2462 3042 2531 3097 de
2576 3052 2721 3096 terra
2752 3055 2939 3096 coram
2981 3055 3087 3106 me,
3121 3038 3249 3093 dum
3283 3035 3640 3105 egredieban-

2055 3149 2143 3194 tur
2171 3152 2393 3209 quoque
2424 3144 2558 3190 rotae
2587 3150 2617 3188 a
2657 3133 2825 3189 latere
2856 3147 3048 3187 eorum
3081 3149 3095 3184 :
3132 3138 3187 3184 et
3211 3136 3478 3184 steterunt
3515 3135 3642 3180 aute

2052 3230 2383 3288 vestibulum
2414 3236 2588 3300 portae
2602 3227 2798 3283 domus
2819 3223 3060 3284 Domini,
3081 3222 3150 3286 (si
3183 3236 3305 3293 quae.
3334 3235 3365 3274 e
3398 3220 3641 3291 regione,

2052 3336 2108 3380 et
2137 3324 2311 3395 gloria
2346 3322 2441 3377 Dei
2487 3320 2706 3377 lsraelis
2754 3326 2873 3373 erat
2923 3333 3089 3387 super
3119 3316 3201 3371 eis
3244 3314 3498 3383 desuper.
3546 3312 3639 3367 20.

2052 3416 2168 3474 Hoc
2196 3416 2397 3472 animal
2427 3423 2534 3483 est,
2569 3414 2714 3485 quod
2742 3412 2983 3467 videram
3008 3411 3194 3465 subter
3226 3408 3395 3463 Deum
3426 3405 3643 3461 lsraelis

2053 3526 2216 3582 Super
2269 3510 2496 3565 fluvium
2548 3508 2790 3571 Chohar,
2826 3513 2880 3561 et
2931 3502 3182 3575 cognovi,
3219 3501 3363 3570 quod
3418 3498 3643 3553 Cherub

2051 3613 2219 3662 esset.
2251 3604 2344 3660 2|.
2403 3603 2649 3670 Quatuor
2679 3600 2846 3656 facies
2878 3599 2972 3653 uni
3017 3608 3070 3653 et
3103 3606 3341 3666 quatuor
3371 3598 3469 3648 ala:
3499 3593 3592 3646 uni
3624 3609 3638 3645 :

2051 3708 2105 3755 et
2133 3697 2438 3754 similitudo
2471 3710 2731 3757 manuum
2763 3692 3006 3749 hominis
3035 3691 3138 3745 sub
3166 3689 3268 3743 alis
3306 3702 3517 3742 eorum.
3546 3684 3637 3741 ἓξ.

2052 3793 2120 3847 Et
2148 3792 2450 3847 similitudo
2472 3790 2734 3845 faeierum
2763 3802 2952 3843 eorum
2985 3801 2999 3836 :
3029 3786 3111 3839 hm
3137 3783 3302 3838 facies
3320 3791 3471 3847 sunt,
3504 3794 3643 3847 quas

2052 3882 2163 3937 vidi
2188 3884 2255 3950 »ζ
2286 3881 2389 3937 sub
2414 3881 2586 3951 gloria
2614 3881 2709 3934 Dei
2730 3876 2997 3946 lsraelis1
3029 3890 3195 3945 super
3228 3874 3454 3929 ﬂuvium
3496 3872 3645 3926 Cho-

2054 3974 2237 4042 barx
2259 3974 2578 4044 adspeetum
2606 3986 2796 4027 eorum
2829 3971 2853 4040 1
2892 3987 2907 4025 :
2931 3977 2986 4025 et
3017 3971 3133 4024 haec
3157 3964 3587 4038 unumquodque
3610 3979 3644 4019 e

2053 4067 2273 4139 regione
2302 4064 2458 4121 faciei
2485 4080 2598 4120 suae
2627 4063 2793 4143 ibant.

2124 4162 2257 4230 Cap.
2296 4158 2392 4223 XI,
2420 4162 2473 4211 1.
2504 4157 2569 4211 Et
2597 4153 2897 4223 assumpsit
2923 4168 3009 4209 me
3035 4152 3259 4223 spiritus
3291 4160 3346 4206 et
3370 4150 3526 4205 duxit
3555 4163 3644 4203 mc

2053 4269 2220 4325 super
2264 4262 2478 4324 portam
2525 4251 2725 4306 domus
2758 4247 2999 4311 Domini,
3043 4260 3167 4316 quae
3194 4260 3226 4300 e
3256 4243 3477 4313 regione
3509 4241 3640 4307 mei,

2055 4346 2122 4415 (ι)
2153 4345 2533 4414 respicientem
2564 4343 2616 4396 in
2653 4341 2920 4395 orientem
2952 4358 2964 4391 :
3002 4347 3056 4392 et
3091 4352 3220 4393 ecce
3247 4344 3374 4389 ante
3394 4333 3642 4389 vestibu-

2054 4439 2172 4493 lum
2194 4446 2365 4508 porta:
2397 4436 2553 4507 quasi
2592 4432 2783 4504 viginti
2812 4441 2866 4485 et
2894 4430 3140 4501 quinque
3176 4429 3300 4495 viri,
3332 4438 3385 4482 ct
3423 4426 3533 4481 vidi
3585 4425 3640 4480 in

2054 4528 2238 4585 medio
2260 4543 2451 4584 eorum
2479 4525 2762 4581 Jazaniam
2799 4522 2967 4576 filium
2992 4523 3161 4585 Azur,
3194 4528 3249 4575 et
3282 4519 3549 4574 Phaltiam
3582 4518 3646 4572 li-

358 4607 455 4663 bes
493 4625 508 4662 :
538 4617 593 4664 et
614 4609 813 4664 atrium
849 4610 1133 4680 impletum
1177 4624 1262 4667 est
1292 4614 1582 4683 splendore
1625 4617 1810 4686 gloriae
1842 4616 1948 4672 Do-
1979 4613 2025 4669 D
2056 4620 2185 4676 lium
2220 4618 2452 4684 Balnea,
2491 4617 2585 4688 qui
2616 4624 2745 4670 sunt
2790 4614 2844 4669 in
2876 4614 3180 4685 principatu
3228 4613 3439 4683 populi.
3483 4610 3537 4665 2.
3581 4610 3647 4666 Ει

358 4700 514 4756 mini.
547 4702 604 4757 5.
642 4702 707 4756 Et
729 4717 834 4757 vox
862 4702 1073 4758 alarum
1102 4704 1400 4761 Cherubim
1425 4709 1754 4765 audiebatur
1778 4726 1954 4780 usque

357 4793 427 4848 ad
467 4794 667 4848 atrium
695 4797 959 4862 exterius,
984 4796 1140 4865 quasi
1171 4811 1274 4851 vox
1296 4796 1393 4853 Dei
1422 4798 1621 4854 Saddai
1650 4802 1950 4871 loquentis.

357 4883 414 4940 ϐ.
456 4884 525 4940 Ει
553 4885 881 4950 factumest,
931 4903 1056 4943 cum
1089 4889 1411 4958 praeciperet
1438 4892 1559 4946 viro
1592 4891 1781 4949 induto
1811 4894 1954 4950 stola

357 4986 572 5044 sancta,
602 4978 818 5045 dicens,
850 4976 1022 5035 Sume
1069 4980 1249 5051 ignem
1275 4980 1344 5036 de
1368 4981 1547 5037 medio
1569 4991 1836 5052 rotarum,
1886 4988 1955 5044 de

359 5071 543 5126 medio
568 5071 893 5139 Cherubim;
923 5083 977 5127 et
1009 5071 1293 5145 ingressus
1318 5082 1426 5142 est,
1448 5084 1504 5131 et
1536 5076 1687 5131 stetit
1720 5093 1750 5131 a
1782 5079 1953 5135 latere

360 5176 629 5224 rotarum.
664 5167 716 5223 7.
763 5168 830 5223 Et
859 5170 1108 5226 extendit
1152 5169 1374 5226 Cherub
1413 5186 1639 5227 manum
1697 5172 1851 5230 suam
1881 5178 1951 5245 χ(

356 5260 428 5317 de
468 5260 649 5316 medio
682 5260 981 5317 Cherubim
1019 5262 1042 5330 1
1101 5261 1156 5316 in
1193 5262 1439 5319 medium
1486 5264 1630 5334 ignis
1664 5267 1951 5324 existentis

358 5353 413 5407 in
442 5352 626 5407 medio
650 5352 970 5418 Cherubim,
999 5363 1054 5408 et
1108 5354 1326 5421 sumsit,
1374 5368 1429 5410 et
1462 5355 1612 5411 dedit
1655 5358 1711 5411 in
1750 5375 1950 5416 manus

357 5443 533 5499 induti
563 5445 701 5501 stola
756 5454 952 5500 sancta
1008 5464 1022 5500 :
1077 5454 1132 5500 et
1185 5446 1415 5516 accepit,
1453 5457 1509 5501 et
1544 5463 1799 5519 egressus
1839 5463 1944 5509 est.

356 5536 409 5591 8.
438 5535 504 5591 Et
536 5536 644 5592 vidi
674 5536 971 5611 Qherubim
1006 5537 1422 5594 similitudinem
1454 5556 1714 5596 manuum
1761 5544 1940 5601 homi-

2053 4714 2194 4770 dixit
2225 4712 2491 4767 Dominus
2526 4708 2594 4764 ad
2643 4724 2778 4764 me:
2818 4707 2923 4762 Fili
2986 4707 3244 4773 hominis,
3280 4706 3336 4760 hi
3376 4705 3498 4771 viri,
3549 4705 3642 4774 qtti

2054 4807 2297 4875 cogitant
2331 4817 2490 4867 vana,
2544 4812 2600 4854 et
2649 4798 2950 4854 consulunt
2991 4795 3285 4854 consilium
3338 4794 3541 4847 malum
3590 4794 3644 4848 in

2057 4898 2192 4952 urbe
2217 4896 2347 4959 ista,
2375 4895 2428 4950 5.
2465 4893 2561 4963 qui
2596 4892 2789 4947 dicunt
2815 4908 2827 4942 :
2859 4889 3055 4946 Nonne
3087 4895 3334 4943 recenter
3363 4884 3646 4941 aedificata!

2056 4999 2188 5046 sunt
2236 4988 2476 5044 domus?
2527 4985 2656 5042 llaec
2696 4995 2781 5041 est
2804 4985 2936 5050 olla,
2989 4999 3088 5039 nos
3119 4989 3299 5036 autem
3336 4972 3552 5034 carnes.
3587 4977 3640 5032 4.

2050 5080 2283 5150 Propter
2312 5080 2414 5134 hoc
2469 5078 2732 5148 propheta
2759 5090 2926 5145 super
2971 5088 3090 5136 eos,
3118 5069 3404 5140 propheta,
3436 5066 3511 5120 tili
3545 5065 3646 5120 ho-

2050 5174 2240 5230 minis.
2267 5172 2320 5227 4.
2369 5171 2437 5226 Et
2475 5169 2675 5224 cecidit
2705 5182 2870 5236 super
2919 5180 3008 5219 me
3036 5163 3267 5232 spiritus
3301 5158 3539 5225 Domini,
3590 5167 3647 5214 et

2048 5266 2189 5322 dixit
2212 5264 2280 5319 ad
2307 5279 2395 5318 me
2423 5277 2439 5315 :
2468 5260 2568 5316 Dic
2601 5278 2614 5313 :
2643 5258 2773 5312 Haec
2800 5255 2934 5310 dicit
2953 5253 3218 5309 Dominus
3257 5267 3269 5304 :
3297 5253 3379 5308 sic
3399 5250 3645 5317 dixistis,

2049 5361 2248 5415 domus
2283 5353 2522 5419 lsraelis,
2555 5362 2609 5405 et
2637 5348 3001 5418 cogitationes
3041 5345 3271 5415 spiritus
3319 5344 3487 5401 vestri
3543 5357 3645 5414 ego

2055 5453 2131 5523 (ιι)
2163 5448 2290 5505 novi
2329 5466 2343 5502 :
2386 5445 2439 5500 6.
2493 5440 2896 5509 multiplicastis
2945 5440 3025 5508 (xl
3068 5446 3313 5494 mortuos
3341 5445 3556 5492 vestros
3590 5437 3642 5488 in
3680 5474 3687 5481 ,

2053 5546 2189 5603 urbe
2218 5543 2343 5608 hac,
2360 5545 2416 5593 et
2448 5532 2773 5604 implevistis
2797 5532 2917 5587 vias
2941 5531 3062 5603 ejus
3086 5529 3307 5586 occisis.
3335 5529 3387 5582 7.
3419 5525 3647 5594 PrOpter

431 5702 941 5783 (l)_S.,_linteum.h
959 5705 1046 5783 cui
1085 5715 1205 5783 erat
1233 5706 1438 5783 tabula
1481 5708 1788 5783 scriptoris.
1834 5711 1928 5783 (γη)
1963 5713 2105 5781 ejus.
2181 5708 2261 5783 (η)
2310 5707 2393 5783 8.,
2421 5703 2671 5783 linteum,
2712 5702 2802 5755 cui
2859 5712 2972 5757 erat
3013 5699 3300 5783 scriptoria
3348 5693 3642 5783 tabulalin

357 5764 562 5828 lumbis
581 5764 729 5854 ejus.
795 5776 871 5847 (ο)
903 5775 984 5837 8.,
1008 5778 1307 5854 hyacinthi.
1349 5848 1360 5854 _
1389 5777 1578 5841 Helm,
1598 5764 1949 5854 “ngeniis

2051 5764 2113 5837 ivi,
2186 5764 2268 5848 ’(ρ)
2303 5764 2389 5837 8.,
2424 5773 2476 5825 iu
2511 5784 2922 5854 quemcumque
2959 5773 3104 5854 enim
3128 5764 3310 5854 "iiscum
3351 5764 3647 5854 inclinabat

357 5853 542 5911 caput,
581 5836 634 5897 in
687 5842 812 5900 eum
854 5836 987 5916 'post
1041 5836 1093 5901 id
1126 5848 1498 5904 adhaerebant.
1568 5836 1652 5919 '(ql
1685 5836 1767 5917 8.,
1801 5836 2115 5908 invocatum
2155 5836 2262 5904 ftiit'
2295 5856 2493 5900 nomen
2530 5836 2927 5897 vollllaliones.

360 5917 433 5979 (ε)
461 5913 544 5979 8.,
582 5931 757 5972 versus
788 5919 1079 5973 orientem.
1173 5919 1236 5979 (ι)
1266 5918 1347 5979 8.,
1394 5920 1738 5976 orientalem.
1838 5926 1917 5979 tul
1945 5923 2025 5979 S..
2065 5918 2322 5979 praeveni,
2380 5913 2534 5967 novi.
2630 5908 2836 5979 (13-8.,
2878 5928 2927 5979 pt

1838 5926 1917 5989 (ιι)
1945 5926 2025 5985 8.,
2064 5926 2322 5992 praeveni,
2380 5927 2534 5967 novt.

360 5917 433 5986 (ε)
461 5913 544 5982 8.,
582 5931 757 5972 versus
788 5913 1079 5973 orientem.
1173 5919 1236 5984 (ι)
1266 5918 1347 5987 8.,
1394 5913 1738 5976 orientalem.

3029 5840 3098 5909 (r)
3132 5840 3216 5906 8.,
3267 5836 3645 5909 remanebant.

2630 5908 2836 5980 (α’),δη
2878 5906 3165 5983 percussos
3203 5927 3233 5965 a
3278 5906 3449 5963 vobis.
