2036 3232
201 216 272 244 Ωτοῦ

770 219 886 249 ΟΟΒΕΧ
908 220 1300 249 SYlllMlO-HEXAPLAIUS.

1764 225 1835 252 2705

201 272 254 299 hoc
268 272 325 300 haec
347 273 413 300 dicit
435 273 544 301 AdODal'
570 274 701 303 Daminus
723 277 863 305 :Morluos
879 282 993 309 vestros,
1011 280 1033 307 Α
1083 278 1148 313 Cap.
1168 278 1224 311 XII,
1242 280 1265 306 1.
1294 279 1326 305 Et
1352 278 1451 307 factum
1472 286 1513 308 est
1531 281 1643 309 verbum
1665 281 1773 310 Domini
1800 284 1835 310 ad

200 326 270 353 quos
282 320 456 352 pereussistis
470 320 495 346 iu
506 321 594 348 medio
611 323 681 356 ejus,
698 323 724 349 hi
741 328 805 350 sunt
819 332 926 355 carnes,
937 324 994 350 haec

201 370 289 391 autem
315 370 357 393 est
381 366 445 397 olla,
471 371 497 393 ct
521 375 567 393 vos
588 368 701 395 educam
725 369 757 395 de
772 369 861 395 medio
880 369 951 403 ejus.
967 370 992 396 8.

201 410 327 437 Gladium
355 412 467 444 timetis,
494 418 521 439 et
549 413 666 448 gladium
683 414 810 441 inducam
836 422 919 448 super
935 422 992 447 vos,

201 457 238 484 ait
252 457 289 492 (ῃ)
303 457 433 484 Dominus
455 459 597 486 Domintts.
612 459 638 486 9.
656 459 688 486 Et
699 460 814 487 educam
827 468 874 487 vos
885 460 918 487 de
937 469 994 487 tite—

200 502 247 529 dio
262 503 334 537 ejus,
348 508 372 530 et
387 504 492 530 tradam
510 512 558 531 vos
577 506 602 531 in
616 513 714 532 manus
729 505 893 537 alienorum,
910 511 935 533 et
948 506 992 533 fa-

201 548 272 574 ciam
288 549 313 575 in
336 550 411 576 vobis
428 549 551 583 judicia:
568 550 611 577 10.
631 551 656 577 in
672 551 762 585 gladio
780 552 894 584 cadetis,
911 560 994 587 super

201 594 238 629 (ι)
252 596 392 622 ιιιοιιιίὶιιιε
408 596 653 629 lsraclisjudicabo
669 605 726 629 vos,
745 602 773 624 ct
798 598 900 629 scietis,
922 599 992 632 quod

201 649 252 675 ego
266 641 408 668 Dominus.
427 642 470 668 ll.
499 641 561 669 Ilaec
577 644 655 669 vobis
681 651 733 670 non
755 644 807 670 erit
821 644 848 670 ili
862 644 955 676 ollatn,
969 650 994 671 et

202 695 250 713 vos
270 697 323 714 non
341 689 415 715 eritis
430 689 455 714 in
471 690 558 715 medio
572 690 630 723 ejus
645 691 670 715 in
687 698 801 716 carnes:
824 699 906 725 super
917 699 995 718 mon-

202 734 273 759 tibus
291 733 395 760 lsiaclis
409 735 538 768 jlltllt'ullO
550 744 607 762 vos.
622 736 663 761 ΡΖ.
682 736 714 762 Et
728 738 909 769 cognoscetis,
921 737 993 771 quod

201 788 250 813 ego
266 781 409 812 Dominus;
429 783 459 813 se:
475 782 537 814 quia
554 782 579 807 in
593 782 838 815 justilicationiluts
859 783 925 810 meis
939 791 991 810 non

201 826 372 857 ambulaslis,
385 832 411 852 et
422 827 524 860 judicia
535 836 593 853 mea
611 836 662 854 non
681 828 792 861 fecistis,
808 834 832 855 et
846 831 993 856 secundum

199 873 299 906 judicia
319 874 453 906 gentium,
481 882 542 907 quae
559 875 630 901 circa
660 883 717 906 vos,
743 876 847 902 fet-istis
864 877 887 909 ζ.
904 877 945 903 13.
962 876 993 903 Et

202 920 303 945 factum
323 924 373 950 est,
387 928 447 946 cum
464 921 663 954 prophetarcm,
685 927 711 948 ct
729 921 834 948 I‘iiallia
855 922 927 949 filius
942 921 994 948 Ila-

202 974 266 993 nzuaz
286 971 411 992 nmrtuus
422 972 463 993 est
482 976 487 992 :
506 972 531 993 et
549 968 633 994 cecidi
645 976 725 1002 super
739 968 839 995 faciem
856 975 953 1000 meam,
966 973 992 995 et

201 1014 351 1039 exclamavi
368 1022 431 1040 voce
447 1022 555 1047 magna,
571 1019 598 1041 et
609 1015 665 1041 disi
680 1024 687 1042 :
704 1014 748 1041 Va:
769 1015 845 1045 mihi.
861 1022 899 1041 val.
915 1012 991 1046 mihi,

201 1060 306 1086 Adonai
338 1060 461 1089 Domine.
492 1061 758 1088 consummationem
780 1066 808 1087 tu
838 1061 905 1087 facis
925 1061 993 1088 resi-

201 1106 284 1131 duum
310 1105 436 1132 Israelis?
468 1106 508 1132 li.
527 1107 560 1132 Et
574 1106 674 1133 factum
697 1111 739 1133 est
757 1107 868 1133 verbum
885 1105 992 1133 Domini

202 1152 234 1178 ad
251 1160 303 1183 me,
315 1152 409 1179 dicens
425 1161 430 1178 :
446 1152 488 1179 l5.
506 1152 554 1179 Fili
570 1153 699 1184 hominis,
715 1153 754 1187 (α)
776 1152 801 1179 Ιιὶ
820 1152 918 1179 fratres
942 1153 990 1185 tui,

203 1197 301 1224 fratres
320 1199 368 1230 tui,
383 1203 409 1224 et
428 1198 477 1224 viri
492 1198 657 1232 captivitatis
675 1204 738 1230 ture,
754 1202 780 1225 et
790 1198 878 1224 omnis
894 1198 992 1226 domus

202 1244 309 1271 lsraelis
325 1250 513 1270 consummata
529 1250 579 1277 est,
594 1244 694 1279 quibus
711 1244 838 1270 dixerunt
855 1245 894 1271 eis
915 1244 992 1270 habi~

202 1295 302 1318 tutores
321 1290 472 1317 Jerusalem
497 1300 502 1317 :
519 1290 610 1325 Longe
622 1290 724 1317 abestis
735 1298 749 1316 a
765 1289 890 1320 Domino,
914 1290 992 1318 nobis

202 1338 235 1370 )9:
254 1342 345 1363 nostra
363 1337 445 1371 :data
457 1342 499 1364 est
511 1342 582 1364 terra
598 1337 624 1364 ill
645 1337 840 1364 hzereditatem.
858 1336 900 1363 16.
923 1336 990 1363 Ρω-

202 1389 261 1416 pter
273 1384 325 1410 hoc
337 1383 397 1409 dic:
413 1383 474 1410 litec
490 1383 556 1410 dicit
570 1383 675 1410 Adonai
689 1382 820 1409 Dominus
838 1391 844 1408 :
860 1382 936 1415 Quod
950 1390 992 1409 re-

202 1430 298 1463 pellam
314 1438 362 1457 eos
373 1430 400 1456 in
412 1434 515 1464 gentes,
527 1435 554 1457 et
566 1430 720 1464 dispergam
732 1436 780 1455 eos
795 1429 819 1455 in
837 1435 929 1463 gentes
942 1429 990 1463 (ὁ),

201 1480 227 1501 et
242 1475 395 1509 dispergant
419 1483 468 1502 eos
491 1475 519 1502 in
541 1482 649 1502 onmem
675 1480 785 1506 terram,
803 1480 830 1502 ct
847 1484 892 1502 ero
907 1476 947 1502 eis
964 1475 991 1501 in

201 1522 388 1550 sanctuarium
407 1529 520 1557 parvum
536 1521 563 1548 in
577 1521 745 1554 regionibus,
758 1530 930 1556 quocumque
946 1521 991 1549 fu-

201 1568 273 1594 erint
293 1569 407 1603 ingressi
426 1568 502 1595 illuc.
535 1567 578 1594 17.
597 1566 710 1601 Propter
728 1568 780 1595 hoc
794 1568 859 1595 dic:
879 1567 939 1594 llaec
951 1568 992 1595 di-

1046 332 1099 355 me,
1121 325 1235 353 dicens:
1251 325 1278 352 2.
1299 325 1349 354 Fili
1371 327 1499 359 hominis,
1518 327 1554 361 in_
1574 328 1662 355 medio
1681 328 1715 364 (ε)
1735 328 1836 364 iniqui-

1045 375 1133 398 tatum
1149 380 1242 399 eorum
1262 377 1289 399 tu
1314 373 1436 406 habitas,
1454 373 1554 408 quibus
1572 379 1636 401 sunt
1656 375 1728 402 oculi
1746 376 1779 402 ad
1797 376 1837 402 vi-

1044 417 1174 450 dendum,
1192 424 1219 445 et
1237 426 1290 445 non
1308 419 1417 452 vident,
1443 425 1470 446 et
1485 427 1566 447 aures
1583 425 1645 447 sunt
1669 420 1709 447 eis
1729 421 1761 447 ad
1784 429 1836 447 au-

1045 463 1186 495 dicndttm,
1207 467 1234 490 et
1251 470 1306 490 non
1321 464 1447 495 audiunt,
1464 463 1528 498 quia
1540 463 1636 490 dotnus
1656 463 1768 491 irritans
1783 467 1841 491 est!

1045 510 1071 536 5.
1089 509 1120 536 Et
1135 514 1174 541 tu,
1194 509 1229 535 lili
1247 509 1376 541 hominis,
1408 510 1450 537 fac
1465 509 1511 537 tibi
1526 517 1590 537 vasa
1605 509 1781 544 captivitatis,
1807 515 1835 537 et

1044 556 1181 590 captivare
1194 556 1310 582 interdiu
1324 564 1417 583 coram
1431 557 1480 589 eis,
1494 560 1521 583 et
1534 556 1717 591 eaptivaberis
1729 556 1761 583 de
1776 557 1834 584 loco

1045 607 1092 628 tuo
1110 602 1137 628 in
1158 602 1248 628 locum
1273 602 1356 629 alium
1373 611 1466 630 coram
1485 603 1540 636 eis,
1559 608 1590 630 ut
1612 603 1731 635 videant,
1762 603 1835 637 quod

1044 649 1143 675 domus
1169 648 1281 675 irrilans
1302 653 1354 675 est.
1373 648 1400 674 4.
1418 648 1450 675 Ει
1474 648 1595 683 proferes
1619 656 1681 675 vasa
1698 654 1754 680 tua,
1772 656 1835 675 vasa

1044 694 1221 728 captivitatis,
1245 693 1364 721 interdiu
1389 694 1423 729 (Γ)
1447 694 1479 721 ad
1497 695 1592 721 oculos
1615 702 1731 727 eorum,
1752 699 1778 721 et
1806 700 1835 720 lu

1044 740 1191 774 egredieris
1217 747 1330 775 vespere
1355 740 1519 772 coram.cis,
1540 741 1574 774 Χ
1605 741 1678 768 sicut
1698 741 1836 776 egreditur

1045 785 1167 820 captivus
1191 787 1215 821 ζ.
1241 786 1267 812 5.
1293 786 1333 813 Ad
1359 787 1455 814 oculos
1479 794 1575 813 eorum
1603 786 1714 821 perfode
1739 787 1785 813 tibi
1808 786 1835 813 iu

1046 832 1187 865 parietem,
1202 836 1229 857 et
1242 832 1391 866 egredieris
1404 839 1450 866 per
1462 839 1534 859 eum.
1552 832 1579 858 6.
1592 832 1689 859 Coram
1703 832 1742 859 eis
1756 839 1836 866 super

1046 875 1167 902 humeris
1184 876 1221 911 (g)
1240 876 1402 910 pot-laberis,
1427 881 1453 903 et
1473 877 1650 904 absconditus
1668 878 1834 913 egredieris:

1047 921 1142 948 faciem
1174 926 1248 949 tuam
1274 923 1425 957 cooperies,
1453 927 1478 949 et
1501 931 1554 950 non
1582 923 1686 951 videbis
1713 928 1835 956 terram;

1044 967 1108 1001 quia
1123 972 1278 1001 portentum
1301 968 1362 995 dedi
1378 973 1403 996 te
1418 968 1510 995 domui
1533 968 1652 996 lsraelis.
1671 968 1696 995 'I.
1722 968 1753 995 Et
1785 968 1836 996 feci

1044 1013 1092 1045 ita,
1112 1013 1191 1048 juxta
1218 1014 1322 1046 omnia,
1347 1023 1408 1049 quat
1426 1020 1592 1050 przeeeperat
1617 1015 1702 1042 mihi:
1721 1020 1748 1042 et
1772 1022 1837 1042 vasa

1043 1060 1154 1094 protuli,
1168 1061 1245 1094 quasi
1260 1068 1325 1088 vasa
1349 1061 1516 1096 captivitatis
1534 1061 1663 1094 interdiu,
1686 1066 1713 1088 et
1727 1068 1838 1096 vespere

1044 1106 1147 1141 perfodi
1174 1107 1239 1133 mihi
1261 1107 1390 1141 parietem
1409 1115 1490 1134 manu
1511 1115 1586 1140 mea,
1606 1112 1633 1134 et
1660 1107 1838 1135 absconditus

1043 1160 1170 1187 egreSSus
1186 1161 1257 1183 sum.
1271 1161 1353 1188 super
1366 1153 1489 1180 humeris
1505 1153 1542 1188 (h)
1558 1157 1683 1188 portatus
1701 1161 1762 1180 sum
1790 1161 1837 1180 co-

1044 1207 1102 1226 ram
1116 1200 1166 1226 eis.
1185 1199 1211 1225 8.
1232 1199 1266 1225 Et
1285 1198 1384 1226 factum
1400 1203 1443 1226 est
1460 1201 1573 1225 verbum
1600 1198 1708 1225 Domitii
1734 1198 1767 1225 ad
1793 1205 1837 1224 tne

1043 1255 1134 1278 mane,
1149 1247 1243 1273 (licens
1258 1255 1264 1273 :
1285 1247 1312 1274 9.
1329 1245 1381 1272 Fili
1394 1245 1523 1277 hominis,
1539 1252 1629 1271 nonne
1654 1244 1709 1271 dixi
1728 1245 1759 1279 (')
1777 1243 1835 1276 tibi,

1043 1292 1142 1319 domus
1159 1291 1278 1323 lsraelia,
1294 1291 1392 1317 domus
1416 1290 1528 1316 irritans
1545 1294 1596 1321 est,
1614 1290 1680 1324 quid
1700 1294 1728 1317 tu
1747 1289 1837 1319 facis?

1044 1337 1087 1364 10.
1105 1338 1152 1364 Dic
1166 1337 1198 1363 ad
1214 1344 1281 1364 eos:
1306 1335 1369 1363 llaec
1389 1335 1454 1363 dicit
1477 1335 1610 1362 Dominus
1640 1334 1772 1363 Dominus
1804 1337 1837 1371 (ἱ)

1043 1383 1160 1419 principi
1175 1388 1202 1410 et
1215 1382 1278 1409 duci
1294 1383 1321 1409 in
1336 1381 1500 1413 Jerusalem,
1517 1386 1544 1408 et
1555 1382 1628 1408 omni
1645 1381 1737 1408 domui
1749 1382 1838 1408 Israe-

1043 1429 1087 1459 lis,
1108 1428 1153 1462 qui
1178 1432 1240 1455 sunt
1257 1428 1281 1454 in
1306 1427 1396 1455 medio
1420 1434 1528 1459 eorum,
1552 1426 1595 1452 11.
1615 1426 1669 1459 dic,
1691 1426 1762 1460 quod
1787 1434 1838 1460 ego

1043 1477 1168 1509 portenta
1184 1473 1293 1501 faciem
1306 1473 1333 1499 in
1358 1473 1449 1500 medio
1466 1472 1480 1508 ζ
1495 1480 1502 1499 :
1519 1471 1751 1506 quemadmodum
1775 1471 1836 1503 lcei,

1043 1520 1083 1547 sic
1098 1520 1150 1547 erit
1166 1519 1202 1552 ei,
1217 1520 1244 1546 in
1261 1518 1468 1553 demigratione,
1485 1522 1512 1545 et
1527 1518 1554 1544 in
1573 1517 1730 1552 captivitate
1748 1517 1836 1549 ibunt,

1044 1567 1088 1593 1'2.
1101 1571 1128 1594 et
1143 1566 1281 1601 princeps,
1297 1566 1342 1600 qui
1359 1565 1386 1591 in
1404 1564 1495 1591 medio
1508 1571 1618 1595 eorum,
1635 1571 1718 1598 super
1739 1564 1836 1590 Imme-

200 1614 238 1641 cit
253 1614 358 1642 Adonai
371 1613 502 1641 Dominus
516 1621 523 1639 :
535 1612 568 1639 Et
579 1613 727 1647 suscipiam
743 1621 791 1640 eos
806 1613 840 1640 de
853 1614 990 1649 gentibus,
1005 1618 1027 1646 ε
1044 1613 1082 1640 ris
1095 1606 1257 1647 perlabitur.
1278 1617 1305 1638 et
1318 1611 1494 1639 absconditus
1513 1610 1673 1646 egredietur
1689 1617 1736 1645 per
1751 1610 1838 1644 parie.

200 1659 409 1695 elcongregabo
422 1666 470 1686 eos
499 1658 534 1686 de
557 1658 725 1693 regionibus,
750 1659 850 1693 quibus
875 1659 991 1693 dispersi

201 1715 248 1735 eos
259 1707 285 1733 in
298 1707 349 1739 eis,
365 1710 392 1733 et
408 1705 479 1733 dabo
491 1706 531 1732 eis
541 1710 640 1732 terram
656 1704 763 1732 lsraelis
783 1714 788 1731 :
802 1704 844 1731 18.
862 1709 888 1731 et
904 1705 993 1739 ingre-

201 1754 311 1782 dientur
323 1754 398 1784 illuc.
415 1757 442 1780 et
453 1751 577 1779 auferent
589 1760 684 1779 omnes
693 1752 912 1779 abominationes
922 1752 992 1787 ejus,

201 1805 332 1828 ctonmes
345 1798 502 1832 iniquitates
518 1798 577 1831 ejus
595 1798 627 1824 de
641 1806 683 1825 ea.
700 1797 743 1824 19.
761 1798 791 1824 Et
804 1798 874 1824 dabo
889 1798 928 1825 eis
947 1805 995 1825 cor

202 1845 287 1878 aliud,
305 1849 330 1872 et
345 1843 471 1878 spiritum
494 1851 593 1870 novum
609 1844 679 1871 dabo
694 1844 721 1870 in
745 1844 794 1875 eis,
810 1850 834 1870 et
851 1845 993 1871 extraham

202 1899 250 1920 cor
263 1898 358 1918 eorum
380 1889 514 1923 lapideum
536 1898 569 1916 ex
593 1897 677 1917 carne
701 1898 807 1921 eorum,
830 1895 855 1917 et
871 1890 940 1916 dabo
954 1891 994 1917 eis

202 1943 251 1964 cor
267 1942 408 1965 carneum,
425 1934 469 1960 ‘20.
488 1939 518 1961 ut
543 1935 569 1960 iu
596 1935 738 1969 prteccptis
754 1935 821 1961 meis
841 1935 993 1967 ambulent,

201 1981 447 2016 etjustiliealiones
463 1989 537 2008 meas
552 1982 719 2013 custodiant,
735 1987 761 2008 et
777 1981 877 2008 faciant
894 1990 941 2014 ea;
968 1985 995 2008 et

201 2031 283 2056 erunt
296 2027 361 2054 mihi
378 2028 404 2053 in
430 2028 606 2062 populum,el
622 2035 672 2061 ego
684 2035 731 2055 cro
744 2029 785 2054 eis
802 2028 827 2054 in
849 2028 946 2059 Deum,
962 2035 993 2055 -ἓ-

202 2074 267 2102 dicit
286 2073 416 2101 Dominus
435 2075 458 2108 ζ.
471 2075 515 2101 21.
531 2075 564 2108 (ι’)
582 2075 614 2101 Εῐ
629 2075 778 2102 secundum
794 2082 841 2102 cor
853 2075 996 2102 abomina-

203 2121 306 2147 tionum
336 2129 447 2148 suarum
470 2126 497 2148 ct
517 2122 692 2156 iniquitatum
705 2130 829 2154 suarum,
848 2130 902 2157 quo
916 2122 997 2149 modo

202 2174 251 2194 cor
266 2175 360 2194 eorum
376 2168 441 2200 ibat,
458 2168 516 2195 vias
528 2175 624 2195 eorum
646 2169 674 2195 in
691 2168 781 2203 capita
808 2176 904 2196 eorum
923 2169 996 2202 dedi,

202 2212 269 2239 dicit
279 2213 384 2240 Adonai
403 2213 545 2241 Dominus.
565 2214 609 2240 22.
623 2214 654 2241 Et
667 2215 839 2242 sustulerunt
849 2214 996 2243 Cherubim

203 2258 262 2285 alas
282 2265 356 2290 suas,
380 2264 407 2285 et
431 2264 497 2286 rotae
518 2268 532 2286 a
557 2260 641 2287 latere
664 2268 771 2291 eorum,
789 2265 816 2287 et
841 2260 928 2295 gloria
950 2260 997 2288 Dei

205 2305 314 2332 Israelis
329 2312 411 2339 super
425 2306 460 2333 iis
479 2313 562 2340 supra
581 2314 639 2333 eos.
657 2306 702 2334 23.
722 2306 754 2333 Et
774 2307 898 2334 ascendit
912 2307 998 2341 gloria

205 2350 315 2378 Domini
329 2351 363 2379 de
373 2352 463 2379 medio
480 2352 566 2385 urbis,
593 2357 620 2380 et
643 2354 719 2380 stetit
739 2360 822 2387 super
838 2358 941 2386 monte,
961 2352 999 2388 (ρ)

204 2397 251 2432 qui
266 2403 326 2424 erat
349 2406 364 2425 e
393 2398 505 2433 regione
523 2396 609 2426 urbis.
629 2399 674 2427 2L
693 2400 725 2426 Et
751 2399 866 2434 spiritus
889 2400 1001 2427 sustulit

205 2451 260 2476 me,
277 2449 304 2471 et
317 2444 395 2472 duxit
412 2453 455 2473 me
470 2445 496 2472 in
513 2450 612 2472 terram
627 2446 818 2473 Chaldmorum
836 2445 869 2473 ad
884 2446 1000 2480 captivi-

206 2497 288 2520 tatem
306 2492 332 2519 in
347 2492 452 2519 visione
465 2492 491 2519 in
503 2492 600 2527 spiritu
615 2492 671 2519 Dei.
686 2492 715 2519 Et
728 2492 838 2519 ascendi
853 2500 867 2519 a
881 2493 998 2524 visione,

205 2545 288 2572 quam
306 2537 370 2565 vidi.
387 2537 433 2564 25.
450 2536 483 2564 Et
500 2538 608 2564 locutus
622 2545 685 2564 sum
702 2537 735 2564 ad
748 2537 933 2571 captivitatem
943 2545 1000 2565 om-

206 2583 252 2610 nia
269 2582 349 2610 verba
366 2582 483 2615 Domini,
499 2590 559 2617 qua:
573 2582 730 2610 ostenderat
741 2582 817 2609 mihi.

1045 1664 1112 1691 tem,
1133 1664 1161 1686 et
1174 1657 1317 1693 perfodiet,
1337 1661 1366 1684 ut
1392 1657 1550 1692 egrediatur
1566 1663 1614 1691 per
1630 1664 1692 1683 eum
1708 1666 1714 1683 :
1739 1655 1837 1683 faciem

1045 1713 1122 1732 suam
1139 1704 1288 1739 cooperiet,
1301 1709 1330 1731 ul
1341 1711 1376 1730 ne
1391 1703 1516 1730 videatur
1528 1701 1618 1733 oculo,
1630 1706 1656 1728 et
1668 1701 1726 1736 ipse
1739 1706 1838 1729 terram

1045 1759 1100 1779 non
1116 1751 1230 1779 videbit.
1246 1751 1290 1778 15.
1320 1751 1351 1777 Et
1376 1749 1529 1784 expandam
1558 1753 1616 1775 rete
1642 1755 1732 1775 meum
1758 1755 1840 1782 super

1045 1806 1120 1831 eum,
1136 1803 1163 1826 et
1184 1798 1307 1833 capietur
1326 1797 1352 1824 in
1378 1800 1456 1831 septo
1475 1802 1546 1828 meo,
1570 1799 1597 1822 et
1618 1795 1716 1822 ducam
1731 1801 1793 1821 eum
1811 1794 1839 1820 in

1047 1844 1223 1880 Babylonem,
1241 1844 1268 1871 in
1284 1848 1385 1870 terram
1398 1841 1590 1874 Chaldaeorum
1602 1860 1609 1872 ,
1633 1844 1660 1867 et
1677 1840 1764 1875 ipsam
1785 1847 1839 1866 non

1047 1892 1158 1923 videbit,
1177 1896 1204 1918 et
1223 1890 1259 1918 ibi
1283 1890 1425 1916 morietur.
1445 1888 1490 1915 M.
1516 1886 1550 1913 Et
1565 1893 1677 1918 omnes,
1695 1885 1741 1921 qui
1765 1886 1839 1912 circa

1046 1947 1120 1971 eum,
1145 1937 1323 1965 auxiliatores
1347 1936 1418 1971 ejus,
1437 1935 1473 1969 (Ir)
1498 1938 1526 1961 et
1546 1940 1643 1961 omnes
1667 1935 1840 1967 protegentes

1046 1993 1108 2012 eum
1125 1984 1278 2018 dispergant
1295 1983 1322 2009 in
1342 1989 1451 2008 omnem
1465 1986 1589 2012 ventum,
1605 1983 1632 2006 et
1653 1978 1772 2013 gladium
1797 1977 1841 2004 el'~

1047 2031 1159 2058 fomlam
1177 2034 1239 2064 post
1254 2036 1312 2056 eos.
1326 2028 1369 2055 15.
1387 2027 1419 2054 Ει
1431 2027 1528 2057 scient,
1542 2025 1616 2060 quod
1631 2032 1681 2060 ego
1695 2023 1841 2054 Dominus,

1048 2077 1159 2113 quando
1177 2076 1334 2110 dispersero
1351 2081 1399 2101 eos
1425 2073 1451 2100 in
1481 2071 1617 2107 gentibus,
1636 2075 1663 2098 et
1686 2070 1842 2104 dispersere

1048 2131 1095 2151 eos
1112 2123 1138 2149 in
1162 2121 1329 2157 regionibus.
1348 2119 1393 2146 16.
1411 2118 1445 2145 Et
1469 2119 1623 2152 relinquam
1651 2116 1791 2144 residuum
1808 2122 1842 2142 ex

1048 2171 1089 2198 eis
1101 2169 1174 2195 viros
1187 2168 1213 2194 iu
1228 2174 1344 2194 numero
1359 2174 1373 2193 a
1388 2165 1490 2200 gladio,
1505 2169 1531 2191 et
1541 2172 1555 2190 a
1571 2162 1653 2193 fame.
1670 2167 1696 2189 et
1711 2169 1726 2188 a
1741 2166 1841 2193 morte,

1050 2220 1080 2241 ut
1100 2215 1155 2241 sint
1171 2216 1315 2239 narrantes
1330 2217 1428 2238 omnes
1442 2209 1600 2243 iniquitates
1613 2214 1708 2235 eorum
1728 2206 1754 2233 in
1778 2214 1844 2241 gen-

1052 2260 1136 2292 tibus,
1152 2266 1207 2293 quo
1222 2256 1339 2292 ingressi
1355 2255 1457 2283 fuerint
1468 2255 1542 2286 illuc,
1555 2258 1582 2281 et
1595 2253 1692 2284 scient,
1708 2252 1780 2287 quod
1793 2259 1844 2286 ego

1053 2305 1193 2333 Dominus.
1212 2303 1256 2331 l7.
1276 2302 1305 2330 Et
1319 2302 1421 2330 factum
1436 2306 1478 2328 est
1492 2300 1605 2327 verbum
1619 2298 1725 2326 Domini
1741 2298 1774 2324 ad
1789 2305 1843 2328 me,

1050 2351 1144 2379 dicens
1162 2359 1168 2376 :
1186 2349 1228 2376 l8.
1247 2347 1297 2375 Fili
1311 2344 1442 2379 hominis,
1459 2353 1557 2381 panem
1577 2349 1654 2372 tuum
1671 2343 1702 2378 (1)
1723 2350 1785 2370 cum
1798 2350 1845 2377 pe-

1051 2397 1127 2424 mtria
1144 2395 1281 2426 comedes,
1301 2399 1329 2421 et
1346 2400 1446 2428 aquam
1470 2399 1533 2419 cum
1559 2390 1685 2417 cruciatu
1710 2388 1845 2423 angustiae

1050 2444 1136 2471 bibes.
1156 2442 1199 2469 l9.
1216 2440 1249 2468 Et
1274 2440 1350 2467 dices
1370 2439 1402 2466 ad
1421 2438 1550 2473 populum
1569 2441 1670 2464 terrm:
1700 2434 1762 2462 Hmc
1779 2434 1846 2461 dicit

1050 2489 1155 2517 Adouai
1180 2488 1310 2514 Dominus
1328 2485 1517 2513 habitantibus
1544 2484 1571 2510 in
1590 2482 1743 2510 Jerusalem
1765 2488 1846 2515 super

1052 2540 1125 2563 terra
1142 2534 1249 2561 Israelis
1264 2543 1270 2559 :
1285 2532 1373 2559 Panes
1389 2538 1455 2558 suos
1467 2529 1513 2564 (m)
1530 2536 1591 2556 cum
1618 2527 1731 2563 penuria
1752 2534 1847 2554 come-

1040 2569 1128 2613 ldent,
1147 2585 1174 2607 et
1190 2587 1289 2614 aquam
1310 2586 1388 2605 suam
1403 2577 1442 2612 (η)
1457 2583 1519 2603 cum
1535 2575 1620 2602 exitio
1641 2573 1746 2607 bibent,
1763 2573 1799 2608 (0)
1818 2577 1848 2600 ιιι

245 2663 281 2699 (υ)
300 2663 415 2691 Adonai.
455 2663 629 2699 (ziFinibus.
669 2664 707 2698 (ιι)
725 2663 769 2695 Α.,
790 2668 900 2698 propter
924 2663 1023 2699 fratres
1042 2666 1115 2699 tuos,
1143 2661 1243 2699 fratres
1273 2665 1346 2699 tuos,
1377 2654 1849 2699 νίτρξ,ιιι-(ξρὼςινυρξλςιίρξιυελξιὶιρι

208 2689 332 2727 οηῖἴιῖυιή
349 2689 732 2730 dormtum,Israelishiu‘nes,
755 2689 1003 2732 quilmtsrdixeruntr
1018 2689 1185 2724 habitatores
1202 2689 1366 2723 Jerusalem.
1405 2693 1442 2727 (ὁ)
1462 2689 1493 2718 Et
1514 2690 1738 2732 dispergentur.“
1753 2689 1849 2730 (c).S.,

209 2742 327 2770 quorum
342 2738 432 2760 autem
456 2736 489 2761 ad
507 2728 686 2769 cogitationes
703 2728 920 2769 profunditatum
938 2741 1050 2770 suarum
1071 2737 1098 2759 et
1111 2731 1347 2770 abominationum
1372 2728 1750 2770 suarunrforfoﬂlnlhlm;
1759 2728 1848 2770 31in}!

209 2777 305 2797 eorum
324 2770 350 2795 in
371 2775 451 2804 caput
468 2777 562 2796 eorum
580 2771 669 2804 posui.

210 2813 312 2832 sumes.
362 2804 400 2838 (h)
425 2804 466 2835 S.,
490 2807 602 2838 gestam

719 2769 758 2804 (d)
782 2770 840 2801 'I'h.,
853 2771 899 2804 qui
918 2771 952 2796 ab
973 2769 1087 2795 oriente.

651 2807 682 2840 (‘)
702 2805 751 2831 llic
767 2803 887 2839 Norberg
909 2814 914 2830 :
936 2815 943 2828 ι
965 2803 1206 2840 ῚἻὩΝηάὶχρνιιηι,
1230 2810 1279 2840 pro
1301 2805 1388 2840 Thpﬂ

1126 2767 1160 2801 (ιι)
1179 2767 1280 2793 Domus
1299 2763 1444 2801 irritantis:
1468 2761 1632 2801 _(D_Coram
1653 2760 1712 2799 eis._
1725 2760 1780 2801 ¹(ρ)
1799 2761 1850 2786 As-

1416 2798 1485 2830 dia‘i,
1520 2795 1663 2831 legendum
1689 2795 1804 2831 videtur.
1837 2804 1846 2819 ι

211 2830 315 2868 Mais
336 2830 546 2874 Tetraplorti’m,
573 2830 660 2867 εἶᾶτοῷ
673 2830 832 2874 ambiguum
844 2830 910 2867 Vest.
929 2830 1030 2866 Ortini—1i
1048 2830 1099 2865 alia
1130 2830 1308 2872 exctiiplaria,
1321 2834 1419 2874 ἐῖπαγ.
1438 2833 1519 2874 Hebr.
1538 2830 1565 2858 el.
1591 2830 1849 2874 \'ttlg.,mr'lixe_runt.

211 2875 251 2916 Dn
258 2883 318 2902 \Cll.

211 2919 281 2944 ejus.

212 2952 294 2974 terra.

357 2875 446 2908 (i)S.,
478 2881 587 2910 propter
617 2876 765 2909 principem
796 2884 865 2901 onus
895 2878 954 2901 hoe.

339 2909 451 2945 (1)(Jnm
471 2909 575 2939 dolore.
630 2912 678 2946 (in)
702 2912 743 2942 5.,

995 2873 1029 2907 (ιε)
1059 2874 1099 2905 8..

771 2919 831 2937 Ctlttt
850 2918 902 2937 non
924 2910 1027 2936 ordine.

1130 2880 1157 2899 et.
1186 2865 1281 2899 oiiiucs
1303 2865 1360 2897 alas
1380 2871 1440 2904 ejus
1465 2869 1632 2904 dispergam.
1687 2865 1748 2897 Th.,
1765 2865 1849 2904 fulcra

1083 2900 1121 2943 (lt)
1142 2909 1181 2941 8.,
1201 2916 1262 2935 cum
1281 2900 1406 2934 ntusrore'.
1462 2904 1498 2939 (ο)
1512 2900 1569 2932 ⁷8.,⁷
1586 2906 1614 2927 ιιι
1635 2909 1687 2927 ιιυιι
1705 2906 1800 2927 ornata
1816 2900 1852 2927 sit
