4072 6406
282 393 432 450 θυοδ

1586 391 1998 451 HEZECIELIS
2030 395 2259 452 CAPUT
2299 399 2441 456 XIV.

3432 394 3495 447 ΩΤ
3504 395 3573 447 06

287 522 688 584 corrumpatur
718 524 864 570 terra
898 531 1022 572 cum
1056 519 1393 587 plenitudine
1422 520 1573 590 ejus;
1601 521 1654 574 in
1694 517 1880 587 itnpie-
1910 517 1956 572 Α
1982 513 2195 570 .Adonai
2234 516 2517 571 Dominus.
2563 516 2646 569 lO.
2685 515 2786 567 Pro
2816 530 2881 569 eo
2927 515 3071 583 quod
3104 516 3435 582 deceperunt
3468 524 3569 578 po-

291 616 403 663 tate
425 612 575 662 enim
609 625 829 672 omnes.
863 611 956 681 qui
998 613 1249 668 habitant
1281 616 1334 668 in
1369 631 1455 670 ea.
1490 616 1580 671 20.
1614 615 1682 670 Et
1720 614 1884 670 urbes

289 716 510 772 eorum,
545 719 676 772 quae
712 703 1029 759 habitantur
1051 745 1068 770 ,
1103 708 1486 774 vastabuntur,
1514 718 1570 763 et
1600 718 1744 764 terra
1806 706 1881 776 (ρ)

288 793 343 846 in
376 794 610 848 exitium
645 796 771 860 erit,
802 804 857 849 et
886 800 1251 864 cognoscetis,
1287 801 1428 867 quod
1461 815 1562 868 ego
1601 799 1880 853 Dominus.

291 887 380 943 2L
412 888 480 943 Et
512 888 723 944 factum
758 898 841 944 est
871 889 1097 944 verbum
1138 885 1354 944 Domini
1406 891 1473 944 ad
1507 906 1614 954 me,
1655 891 1880 946 dicens:

293 978 378 1033 22.
421 979 526 1034 Fili
586 980 858 1043 hominis,
895 997 1019 1050 quae
1053 982 1317 1050 parabola
1363 982 1477 1036 haec
1523 982 1676 1036 vobis
1719 996 1884 1051 super

290 1082 432 1126 terra
469 1071 725 1133 lsraelis,
758 1073 1068 1127 dicentibus
1102 1072 1293 1129 vobis:
1328 1072 1494 1144 Longi
1530 1073 1671 1140 dies,
1718 1073 1881 1142 periit

289 1160 470 1213 omnis
519 1160 722 1214 visio?
761 1159 851 1215 25.
891 1161 1120 1230 Pr0pter
1166 1162 1271 1218 hoc
1321 1163 1411 1216 dic
1456 1167 1523 1219 ad
1576 1178 1711 1218 eos:
1756 1162 1884 1217 Haec

292 1249 425 1305 dicit
465 1252 687 1308 Adonai
732 1253 1031 1308 Dominus:
1069 1252 1143 1324 (q)
1176 1254 1243 1308 Et
1280 1261 1521 1309 avertam
1568 1256 1882 1322 parabolam

296 1341 452 1395 istam
491 1352 546 1398 et
606 1360 713 1397 non
740 1344 885 1400 ultra
925 1345 1109 1399 dicent
1144 1347 1459 1414 paraliolam
1500 1347 1658 1403 istam
1687 1347 1885 1404 domus

299 1430 555 1501 lsraelis;
592 1436 723 1506 quia
788 1436 1033 1506 loqueris
1079 1438 1147 1491 ad
1193 1453 1309 1502 eos,
1341 1460 1412 1487 eoo
1449 1439 1633 1493 dicens
1671 1440 1693 1508 1
1723 1458 1736 1493 :
1770 1442 1883 1510 Ap-

301 1529 742 1595 pr0pinquarunt
801 1528 937 1592 dies,
993 1536 1049 1583 et
1108 1530 1334 1584 verbum
1392 1534 1572 1586 omnis
1626 1532 1883 1589 visionis.

300 1615 390 1671 24.
422 1617 563 1684 Quia
599 1635 707 1673 non
738 1619 845 1674 erit
882 1621 1024 1675 ultra
1048 1622 1228 1677 omnis
1260 1622 1398 1677 visio
1426 1623 1584 1690 falsa,
1611 1624 1683 1695 (r)
1714 1634 1769 1680 et
1799 1625 1886 1679 di-

304 1706 495 1761 vinans
527 1724 650 1777 quae
673 1709 1099 1778 pulchritudinis
1127 1711 1181 1764 in
1215 1712 1398 1767 medio
1435 1711 1670 1768 ﬁliorum
1713 1713 1887 1771 Israe-

304 1795 391 1851 lis.
429 1799 523 1853 25.
568 1799 710 1865 Quia
756 1814 856 1870 ego
898 1800 1167 1855 Dominus
1216 1801 1431 1872 loquar,
1483 1805 1676 1873 loquar
1718 1805 1885 1859 verba

307 1904 449 1951 mea.
479 1900 531 1945 et
561 1889 779 1955 faciam,
805 1903 856 1947 et
879 1908 990 1948 non
1035 1894 1372 1966 prolongabo
1427 1897 1702 1965 amplius;
1757 1897 1887 1966 quia

308 1980 364 2036 in
394 1982 589 2039 diebus
625 1985 824 2040 vestris
856 1984 1055 2040 domus
1079 2008 1151 2035 rm
1179 1986 1396 2042 lsraelis
1425 1987 1449 2056 1
1499 1989 1756 2051 irritans;
1803 1989 1886 2042 lo-

307 2089 448 2143 quar
474 2076 721 2142 verbum,
768 2087 822 2132 et
857 2078 1092 2146 faciam,
1144 2078 1301 2135 dicit'
1334 2080 1544 2135 Adonai
1600 2081 1884 2136 Dominus.

310 2165 403 2219 26.
448 2165 516 2220 Et
543 2168 740 2222 factum
773 2179 858 2224 est
894 2172 1119 2226 verbum
1161 2171 1378 2227 Domini
1411 2175 1478 2229 ad
1510 2190 1619 2239 me,
1655 2173 1882 2229 dicens:

314 2256 408 2310 27.
444 2255 549 2311 Fili
578 2261 846 2324 hominis,
880 2277 1007 2317 ecce
1049 2265 1244 2321 domus
1277 2266 1491 2320 lsraelis
1520 2267 1767 2330 irritans,
1806 2267 1888 2321 di-

308 2346 483 2400 cendo
509 2349 695 2405 dicunt
720 2370 732 2404 :
758 2350 927 2414 Visio.
954 2369 1112 2422 quam
1136 2355 1223 2411 hic
1251 2356 1415 2424 videt,
1444 2358 1497 2410 in
1521 2356 1640 2411 dies
1663 2357 1884 2424 multos,

306 2448 358 2492 et
384 2438 433 2490 in
466 2446 719 2511 tempora
752 2443 907 2513 longa
939 2444 1039 2498 iste
1063 2447 1371 2517 prophetat.
1406 2448 1497 2504 28.
1524 2448 1753 2519 Propter
1784 2450 1886 2505 hoc

305 2528 391 2583 dic
417 2530 480 2584 ad
525 2547 662 2587 eos:
697 2532 823 2589 Haec
858 2534 990 2590 dicit
1030 2538 1240 2593 Adonai
1272 2538 1540 2597 Dominus
1568 2560 1580 2595 :
1613 2540 1728 2596 Non
1760 2557 1887 2612 pro-

306 2620 676 2692 longabuutur
701 2627 844 2681 ultra
880 2629 1064 2683 omnia
1113 2631 1278 2686 verba
1331 2648 1475 2697 mea,
1521 2649 1887 2704 quaecumque

306 2716 520 2773 locutus
555 2719 748 2775 fuero:
781 2720 976 2794 loquar
1014 2723 1266 2788 verbum,
1304 2724 1375 2796 (δ)
1421 2733 1477 2782 et
1501 2724 1722 2794 faciam,
1753 2727 1890 2783 dicit

305 2810 511 2866 Adonai
536 2810 816 2871 Dominus.

374 2906 507 2977 Cap.
543 2905 684 2975 Xlll,
726 2908 778 2963 1.
814 2909 883 2964 Et
916 2910 1120 2968 factum
1157 2920 1242 2968 est
1275 2914 1501 2968 verbum
1554 2913 1771 2969 Domini
1816 2912 1885 2967 ad

306 3012 413 3061 me,
453 2998 676 3055 dicens:
706 3000 761 3059 2.
792 3002 896 3057 Fili
939 3005 1203 3069 hominis,
1245 3006 1508 3076 propheta
1555 3021 1719 3076 super
1759 3020 1887 3076 pro-

304 3090 495 3159 phetas
523 3091 760 3159 lsraelis,
788 3099 881 3164 qui
908 3097 1262 3166 prophetant,
1300 3102 1368 3167 κ(
1389 3106 1445 3153 et
1469 3098 1618 3154 dices
1647 3098 1884 3168 prophe-

306 3181 395 3245 tis,
443 3182 534 3251 qui
567 3185 894 3255 pr0phetaut
919 3189 986 3242 de
1032 3189 1200 3245 corde
1259 3206 1381 3256 suo,
1422 3202 1477 3246 et
1510 3193 1881 3262 prophetabis,

304 3282 358 3328 et
383 3273 532 3329 dices
563 3277 630 3330 ad
663 3293 760 3333 eos
793 3278 817 3347 1
852 3297 865 3333 :
898 3281 1098 3337 Audite
1128 3283 1353 3337 verbum
1393 3284 1632 3338 Domini.
1664 3286 1717 3339 5.
1760 3284 1888 3340 Haec

303 3364 431 3420 dicit
472 3365 684 3421 Adonai
730 3367 1033 3425 Dominus:
1073 3371 1160 3425 Va:
1198 3373 1283 3426 his
1329 3374 1421 3443 qui
1458 3374 1784 3444 prophetam
1821 3373 1889 3428 de

301 3460 466 3516 corde
500 3476 623 3521 suo,
657 3464 725 3530 Χ
762 3465 1174 3520 ambulantibus
1205 3476 1329 3535 post
1358 3468 1610 3536 spiritum
1644 3483 1805 3521 suum
1838 3467 1885 3536 1,

299 3560 353 3607 et
390 3553 621 3607 omnino
648 3568 754 3607 non
790 3554 996 3610 vident.
1036 3556 1089 3609 4.
1123 3556 1279 3611 Sicut
1324 3559 1516 3628 vulpes
1549 3559 1604 3612 in
1654 3559 1888 3613 desertis

301 3647 583 3714 propheta:
623 3646 724 3710 tui,
777 3645 963 3713 Israel,
1003 3652 1070 3716 λ(
1100 3657 1258 3703 erant
1288 3648 1310 3718 1
1341 3667 1355 3702 :
1384 3650 1438 3705 5.
1482 3652 1546 3721 (ι)
1579 3666 1686 3704 non
1723 3658 1892 3705 stete-

300 3747 429 3792 runt
483 3737 535 3790 in
577 3737 877 3793 ﬁrmitate:
929 3748 984 3795 et
1026 3750 1431 3811 congregarunt
1479 3757 1669 3811 greges
1724 3757 1892 3811 super

297 3828 522 3884 domum
556 3828 771 3885 Israelis
799 3850 812 3884 :
851 3848 958 3885 non
1008 3842 1448 3899 resurrexerunt,
1481 3834 1576 3901 qui
1612 3832 1804 3885 dicunt
1836 3831 1889 3884 in

298 3920 382 3977 die
412 3921 659 3983 Domini,
710 3922 766 3974 ϐ.
811 3922 1059 3976 videntes
1098 3921 1406 3985 mendacia,
1453 3921 1531 3992 (ιι)
1576 3919 1893 3974 divinantes

300 4030 438 4069 vana
476 4014 571 4084 qui
611 4014 843 4068 dicunt:
882 4012 1027 4067 Dicit
1058 4013 1368 4080 Dominus;
1401 4022 1458 4068 et
1493 4012 1758 4068 Dominus
1783 4028 1891 4066 non

299 4109 450 4163 misit
504 4121 623 4167 eos,
677 4114 732 4160 et
784 4115 1078 4175 coeperunt
1126 4106 1397 4160 suscitare
1456 4089 1788 4162 sermonem.
1839 4106 1889 4159 7.

300 4198 495 4254 Nonne
547 4198 812 4252 visionem
854 4198 1116 4252 falsorum
1163 4197 1394 4261 vidistis,
1425 4209 1479 4254 et
1526 4198 1895 4254 divinationes

300 4308 474 4348 vanas
512 4290 785 4346 dixistis?
821 4293 888 4357 Χ(
930 4300 984 4344 et
1027 4290 1242 4345 dixistis
1277 4309 1288 4344 :
1332 4290 1477 4346 Dicit
1503 4291 1805 4359 Dominus;
1841 4298 1896 4346 et

302 4401 405 4454 ego
439 4401 547 4438 non
578 4385 796 4440 locutus
841 4399 965 4439 sum
1009 4383 1056 4451 1.
1092 4383 1145 4437 8.
1180 4384 1410 4453 Propter
1441 4386 1546 4439 hoc
1589 4384 1716 4439 dic:
1769 4382 1896 4438 Haec

303 4477 441 4531 dicit
473 4476 681 4530 Adonai
718 4476 1025 4530 Dominus:
1062 4477 1174 4529 Pro
1207 4492 1273 4531 eo
1312 4477 1459 4546 quod
1496 4476 1663 4531 verba
1716 4486 1894 4530 vestra

1998 599 2187 675 pulum
2229 623 2434 669 mourn,
2462 608 2741 661 dicentes:
2772 604 2908 669 Pax,
2938 617 2991 658 et
3030 622 3137 658 non
3168 614 3288 659 erat
3319 619 3458 672 pax:
3494 600 3571 671 (tr)

1995 708 2048 754 et
2090 700 2193 753 iste
2240 697 2474 753 azdiﬁcat
2517 698 2800 767 parietem,
2839 704 2893 748 et
2935 695 3023 748 isti
3067 695 3244 748 linunt
3290 710 3414 748 eum
3455 693 3575 748 sine

1946 830 1957 841 ,
2000 792 2231 856 ratione,
2264 790 2493 844 mheus
2517 788 2674 842 cadet
2709 787 2756 854 1.
2792 785 2879 839 ll.
2903 784 2996 838 Dic
3030 785 3095 837 ad
3126 800 3244 848 eos,
3275 785 3368 853 qui
3398 785 3574 836 linunt

1999 882 2116 937 sine
2152 883 2407 936 ratione:
2444 880 2635 946 Cadet,
2693 888 2749 933 et
2785 878 2892 933 erit
2941 876 3122 945 pluvia
3175 875 3471 938 inundans,
3520 884 3574 928 et

1996 972 2140 1027 dabo
2171 973 2376 1042 lapides
2405 970 2753 1041 praegrandes
2789 984 2852 1024 σι-
2885 970 2938 1021 in
2968 967 3258 1037 iuncturas
3291 979 3480 1018 eorum
3521 965 3572 1033 1,

1996 1065 2218 1127 cadent,
2260 1075 2314 1118 et
2368 1074 2590 1118 ventum
2647 1061 3009 1124 auferentem,
3060 1068 3114 1112 et
3177 1057 3571 1124 disrumpetur.

2000 1157 2084 1211 l2.
2110 1156 2173 1211 Et
2197 1173 2322 1212 ecce
2351 1157 2544 1212 cecidit
2574 1155 2779 1225 paries,
2805 1152 2880 1222 (υ)
2913 1161 2967 1204 et
2994 1165 3101 1204 non
3134 1149 3319 1202 dicent
3349 1147 3415 1200 ad
3442 1161 3573 1200 vos:

1998 1248 2099 1304 Ubi
2129 1260 2213 1303 est
2252 1249 2417 1302 litura
2450 1257 2656 1308 vestra.
2687 1262 2849 1315 quam
2887 1241 3185 1297 linivistis?
3222 1239 3307 1294 l5.
3342 1236 3576 1307 Propter

1996 1341 2099 1394 hoc
2126 1338 2243 1393 haec
2282 1339 2416 1393 dicit
2454 1335 2665 1390 Adonai
2720 1334 3021 1387 Dominus:
3068 1329 3242 1383 Etiam
3288 1325 3573 1397 projieiam

1994 1432 2179 1487 ﬂatum
2217 1429 2555 1483 auferentem
2583 1442 2706 1481 eum
2743 1426 2930 1478 furore
2953 1438 3094 1486 meo,
3122 1429 3178 1475 et
3206 1419 3387 1489 pluvia
3411 1417 3574 1470 inun-

1993 1528 2132 1582 dans
2168 1525 2222 1578 in
2246 1524 2326 1578 ira
2362 1537 2482 1575 mea
2511 1519 2637 1583 erit,
2665 1528 2719 1574 et
2758 1518 2963 1586 lapides
3002 1514 3349 1586 praegrandes
3385 1512 3438 1565 in
3491 1511 3576 1563 fn-

1995 1635 2120 1676 rore
2143 1618 2397 1673 inducam
2436 1615 2490 1668 in
2517 1611 3044 1667 consummationem
3076 1626 3090 1662 :
3127 1607 3215 1661 M.
3254 1614 3306 1660 et
3332 1612 3573 1658 evertam

1996 1711 2282 1784 parietem,
2307 1723 2467 1778 quem
2499 1704 2781 1762 linivislis,
2811 1710 2871 1755 ut
2908 1703 3069 1756 cadat
3095 1718 3107 1753 :
3141 1708 3195 1753 et
3215 1710 3418 1769 ponam
3444 1709 3573 1748 eum

1998 1820 2162 1876 super
2201 1813 2424 1865 terram,
2463 1810 2517 1855 et
2559 1798 2879 1866 detegentur
2933 1792 3286 1845 fundamenta
3332 1787 3473 1856 ejus,
3521 1793 3577 1838 et

1923 1875 1965 1932 Β
1995 1875 2192 1964 cadet,
2227 1905 2282 1951 et
2328 1901 2683 1950 consumetur
2734 1904 2860 1943 cum
2913 1881 3472 1956 reprehensionibus,
3522 1883 3580 1930 et

1996 1989 2357 2061 cognoscetis,
2408 1985 2533 2054 quia
2566 1997 2668 2053 ego
2717 1979 3003 2033 Dominus.
3043 1977 3132 2031 15.
3174 1975 3233 2027 lit
3277 1970 3566 2038 complebo

1997 2083 2236 2138 furorem
2273 2093 2455 2133 meum
2504 2090 2668 2144 super
2699 2072 2959 2142 parietem
2983 2110 2997 2134 ,
3027 2077 3080 2122 et
3137 2080 3305 2133 super
3335 2078 3453 2125 eos,
3480 2058 3576 2128 qui

1995 2175 2175 2230 linunt
2211 2186 2361 2238 eum,
2391 2180 2438 2223 ei
2475 2168 2654 2223 cadet.
2693 2164 2760 2218 Et
2797 2162 2908 2217 dixi
2938 2160 3005 2215 ad
3050 2175 3183 2213 vos:
3218 2155 3335 2210 Non
3367 2163 3450 2207 est
3479 2167 3576 2215 pa-

1995 2267 2129 2331 ries,
2196 2277 2374 2332 neque
2434 2258 2529 2328 qui
2580 2257 2760 2310 linunt
2808 2268 2955 2307 eum.
3006 2250 3094 2304 16.
3160 2246 3234 2319 (z)
3295 2244 3579 2332 Pmphetze

1995 2330 2248 2420 lsraelis,
2285 2330 2377 2422 qui
2441 2349 2772 2421 prophetant
2828 2360 2995 2413 super
3038 2339 3363 2401 Jerusalem,
3396 2343 3450 2388 ct
3482 2330 3577 2401 qui

1994 2452 2181 2506 vident
2210 2448 2259 2503 ei
2293 2460 2501 2517 pacem,
2528 2424 2583 2496 et
2614 2455 2716 2509 pax
2752 2452 2859 2491 non
2895 2444 3001 2497 est,
3044 2430 3181 2486 dicit
3226 2425 3439 2482 Adouai
3470 2422 3576 2473 Do-

1995 2544 2198 2598 minus.
2234 2515 2322 2593 17⁷.
2386 2534 2454 2589 Et
2514 2545 2594 2599 tu,
2657 2531 2732 2585 ﬁli
2782 2526 3042 2589 hominis,
3100 2521 3329 2575 oblirma
3380 2515 3576 2571 faciem

1996 2644 2145 2690 tuam
2199 2645 2363 2700 super
2401 2628 2541 2682 filias
2580 2622 2766 2695 populi
2825 2619 2928 2685 tui,
2978 2610 3070 2686 qui
3128 2607 3582 2700 prophetantde

1995 2728 2161 2784 corde
2191 2698 2316 2786 suo,
2345 2732 2398 2777 et
2420 2718 2681 2788 propheta
2705 2729 2871 2783 super
2892 2725 3010 2775 eas,
3038 2707 3123 2761 18.
3146 2715 3200 2759 et
3225 2705 3374 2758 dices
3403 2719 3417 2754 :
3452 2698 3580 2755 llaec

1995 2817 2132 2873 dicit
2163 2812 2373 2869 Adonai
2427 2810 2731 2863 Dominus:
2767 2805 2857 2859 Vae
2895 2802 3005 2864 his,
3041 2797 3133 2867 qui
3175 2799 3449 2851 consuunt
3500 2789 3579 2860 (a)

1994 2907 2286 2966 cervicalia
2321 2903 2510 2959 subter
2532 2912 2748 2955 omnem
2779 2893 3026 2949 cubitum
3053 2902 3272 2950 manus,
3296 2895 3349 2938 et
3372 2881 3582 2937 faciunt
3624 2924 3637 2945 ,

1993 3000 2263 3060 velamina
2294 2996 2371 3068 (ὸ)
2399 3008 2565 3063 super
2592 3004 2754 3045 omne
2787 2993 2954 3055 caput
2989 2983 3168 3037 omnis
3212 2985 3455 3037 staturae,
3509 2972 3577 3026 ad

1994 3089 2432 3167 perturbandum
2463 3084 2716 3140 animas:
2753 3078 2823 3149 (ο)
2863 3077 3059 3132 anima:
3093 3069 3418 3143 perturbata:
3450 3072 3583 3167 sunnt

1994 3155 2184 3260 populi
2246 3164 2385 3246 ‘mei,
2441 3188 2497 3232 et
2535 3175 2747 3230 animas
2795 3169 3120 3224 liberabant.
3158 3164 3244 3219 19.
3299 3160 3359 3214 Et
3399 3155 3584 3260 profa-

1991 3250 2198 3336 nabant
2238 3289 2326 3328 me
2362 3271 2429 3325 ad
2486 3267 2747 3338 populum
2798 3275 2980 3317 meum
3032 3266 3254 3327 prepter
3311 3250 3581 3322 pugillunt

1992 3372 2207 3439 hordei,
2234 3377 2287 3423 et
2318 3376 2537 3436 propter
2568 3360 2870 3430 fragmenta
2903 3354 3083 3424 panis,
3120 3348 3187 3401 ad
3218 3344 3582 3401 occidendum

1990 3471 2227 3531 animas,
2262 3434 2402 3534 quas
2422 3446 2541 3512 ‘itou
2567 3448 2810 3524 oportuit
2839 3447 3002 3510 mori,
3041 3453 3095 3498 et
3125 3442 3190 3495 ad
3225 3434 3574 3493 liberandum

1993 3564 2227 3625 animas,
2260 3570 2400 3628 quas
2439 3566 2546 3607 non
2579 3543 2823 3617 oportuit
2857 3541 3060 3603 vivere,
3111 3549 3235 3588 cum
3286 3528 3468 3584 caesim
3486 3526 3585 3628 lo-

1992 3616 2226 3727 quimini
2261 3616 2463 3719 populo
2502 3616 2744 3699 audienti
2786 3633 3009 3690 concisa
3063 3627 3228 3683 verba
3259 3637 3420 3727 Vana.
3485 3616 3580 3670 20.

1994 3714 2224 3815 Propter
2247 3744 2349 3796 hoc
2379 3742 2495 3793 haec
2518 3735 2651 3791 dicit
2685 3729 2948 3785 Dominus
2983 3722 3247 3777 Dominus
3272 3736 3286 3771 :
3317 3714 3457 3769 Ecce
3485 3727 3587 3810 ego

1996 3800 2162 3904 super
2192 3828 2483 3885 cervicalia
2519 3835 2724 3887 vestra,
2760 3835 2926 3891 super
2956 3832 3078 3886 qua:
3119 3813 3196 3881 (ά)
3251 3800 3589 3904 perturbatis

1996 3894 2082 3982 ibi.
2112 3924 2326 3979 animas
2347 3940 2360 3973 :
2385 3930 2438 3974 et
2471 3917 2777 3972 discindam
2809 3926 2873 3966 ea
2902 3911 2968 3964 de
2996 3905 3238 3962 brachiis
3262 3898 3481 3962 vestris,
3512 3894 3583 3963 (e)

1995 4031 2052 4075 et
2085 4018 2334 4076 emittam
2376 4010 2613 4073 animas,
2649 4020 2786 4076 quas
2839 4016 2937 4056 vos
2968 3998 3216 4055 evertitis
3237 3994 3455 4049 animas
3487 4005 3586 4044 eo—

1996 4127 2121 4169 rum
2158 4110 2212 4163 in
2252 4103 2650 4175 dispersionem
2680 4116 2695 4153 :
2724 4107 2779 4150 et
2823 4091 3131 4149 discindam
3177 4086 3446 4141 velamina
3487 4096 3583 4135 ve-

1997 4213 2133 4265 stra,
2165 4209 2220 4254 et
2249 4193 2495 4251 liberabo
2546 4188 2806 4261 populum
2850 4198 3031 4237 meum
3091 4195 3123 4234 e
3167 4190 3332 4231 manu
3366 4181 3586 4238 vestra,

1996 4306 2050 4351 et
2074 4310 2184 4349 nou
2215 4297 2379 4346 erunt
2407 4290 2549 4341 ultra
2575 4284 2627 4337 in
2667 4278 2922 4335 manibus
2959 4272 3156 4328 vestris
3210 4270 3262 4322 in
3295 4266 3588 4322 conturba-

2000 4389 2201 4442 tionem
2235 4400 2248 4436 :
2283 4391 2337 4436 et
2371 4374 2739 4449 cognoscetis,
2771 4367 2918 4441 quod
2944 4382 3044 4436 ego
3081 4363 3361 4418 Dominus.
3390 4358 3482 4412 22.
3518 4355 3587 4425 (f)

1998 4478 2105 4532 Pro
2129 4492 2193 4531 ιο
2215 4472 2362 4546 quod
2386 4465 2788 4543 perturbabatis
2820 4478 2917 4517 cor
2942 4460 3081 4531 justi
3122 4455 3347 4523 injuste,
3392 4463 3447 4509 et
3483 4467 3589 4521 ego

308 4566 614 4629 mendaCia.
666 4576 721 4621 ei
772 4567 1142 4622 divinationes
1187 4576 1382 4622 vestra:
1439 4584 1610 4632 vanae,
1670 4577 1892 4637 propter
1925 4575 1970 4631 D
2000 4584 2107 4624 non
2152 4564 2542 4638 perturbabam
2580 4574 2729 4624 eum,
2773 4564 2828 4611 et
2860 4555 2927 4609 ad
2960 4548 3430 4609 eorroborandum
3466 4561 3586 4599 ma-

306 4658 413 4713 hoc
453 4672 582 4713 ecce
639 4674 740 4727 ego
792 4674 958 4728 super
1008 4674 1130 4723 vos,
1166 4659 1300 4713 dicit
1340 4659 1552 4714 Adonai
1598 4659 1887 4725 Dominus,

296 4746 360 4829 ‘9.
390 4756 446 4801 et
477 4750 769 4802 extendam
800 4764 1021 4803 manum
1055 4764 1233 4804 meam
1265 4763 1430 4817 super
1449 4751 1764 4819 prOpltetas,
1796 4751 1889 4821 qui

305 4838 490 4895 vident
525 4839 831 4905 mendacia,
862 4850 918 4897 et
946 4841 1038 4912 qui
1070 4841 1255 4896 caesim
1284 4840 1587 4908 loquuntur
1620 4858 1760 4896 vana
1789 4860 1802 4895 :
1837 4843 1917 4896 in;

305 4932 600 5003 disciplina
635 4933 821 5004 populi
849 4933 955 4989 mei
984 4950 1094 4989 non
1141 4941 1323 4994 erunt,
1351 4953 1424 4980 om
1447 4940 1501 4986 et
1531 4934 1585 4988 in
1617 4936 1889 5004 scriptura

308 5025 507 5081 domus
560 5025 841 5097 lsraelis1
899 5041 1009 5082 non
1065 5027 1408 5093 scribentur,
1472 5035 1527 5082 et
1578 5028 1630 5080 in
1687 5034 1890 5082 terram

256 5167 271 5183 ,
306 5118 524 5176 Israelis
549 5136 655 5175 non
686 5121 1084 5191 ingredientur,
1114 5130 1169 5176 et
1208 5120 1403 5187 scient,
1432 5121 1577 5191 quod
1618 5137 1720 5192 ego
1763 5138 1886 5176 sum

377 5328 462 5403 (pl
512 5329 597 5390 8..
640 5346 751 5403 non
780 5323 1044 5403 ordinata
1088 5333 1211 5403 erit.

310 5404 376 5474 (ε)
405 5400 509 5467 8.,
554 5410 607 5455 et
630 5400 795 5474 simul
853 5402 964 5454 ﬁet.

308 5470 409 5544 pro
439 5489 506 5528 eo
544 5472 691 5544 quod
725 5479 955 5544 starent,
1000 5472 1144 5544 sicut
1172 5475 1224 5525 in
1265 5472 1428 5544 bello,
1458 5472 1512 5525 in
1547 5472 1635 5525 die
1672 5470 1910 5544 Domini.

308 5531 506 5599 iieabat
535 5531 796 5613 parietem
849 5531 994 5613 sicut
1038 5540 1252 5613 ﬂl'llllllli
1285 5560 1300 5609 ;
1349 5542 1424 5613 illi
1459 5553 1640 5613 autem
1703 5541 1966 5595 liniehaut
1994 5531 2138 5613 tam
2189 5554 2295 5591 non
2323 5531 2588 5613 φορμία).

310 5615 403 5669 ubi
463 5615 643 5668 litura
681 5612 1182 5684 quam_linivistis?
1261 5614 1334 5684 (χ)

307 5685 598 5803 ῧῖξῖιςίὲἒὲ¹¹·
676 5682 782 5803 (ἕξ)
803 5682 922 5803 58';-

309 5756 564 5809 liherare.
676 5752 693 5821 (

310 5825 471 5880 batis.

1322 5330 1395 5402 (q)
1456 5329 1539 5396 S.,
1576 5331 1737 5386 etiam
1796 5346 1887 5400 qui

1993 5346 2086 5385 ere
2136 5326 2353 5383 faciam.
2447 5326 2518 5391 (r)
2552 5326 2769 5401 ..εν-οι
2807 5331 2913 5368 non
2945 5326 3535 5402 dli‘lmilIlurluurrztt‘u‘“

1057 5404 1121 5470 (ι)
1173 5402 1254 5466 8.,
1308 5370 1413 5454 iiii.
1450 5370 1774 5456 asét-ndistis
1797 5370 2407 5471 iiiiwrjt‘t‘p't‘urasvneque
2450 5370 2730 5471 ‘se’pivis'tis
2766 5399 2953 5471 sepem
2986 5384 3128 5471 circa
3169 5370 3591 5471 lilios'nisl'aﬁif.

1389 5611 1472 5674 S.,
1516 5612 1609 5667 sed
1661 5613 1942 5681 prOpheta:
1992 5610 2233 5681 Israelis.

978 5685 1191 5736 animas
1238 5677 1580 5736 venabantur
1633 5677 1834 5749 populo
1891 5698 2052 5746 meo;
2112 5679 2325 5749 animas
2368 5677 2568 5749 nutent
2620 5678 2688 5717 vo

740 5762 753 5799 δ
803 5753 1169 5818 S.,veuamini
1220 5753 1449 5820 animas,
1504 5754 1659 5823 quasi
1693 5752 1955 5807 volarent.

2004 4677 2107 4717 nus
2133 4658 2331 4730 iniqui,
2355 4668 2416 4712 ut
2444 4655 2669 4710 omnino
2700 4666 2808 4705 non
2838 4663 2897 4704 se
2924 4654 3192 4702 averteret
3222 4664 3294 4691 ωδ
3319 4644 3386 4695 ah
3436 4638 3586 4708 inju-

2002 4753 2149 4809 stitia
2191 4767 2312 4817 sua,
2343 4756 2399 4804 et
2426 4749 2450 4818 1
2485 4763 2516 4801 a
2546 4747 2636 4801 via
2662 4759 2762 4798 sua
2791 4742 2956 4804 mala,
2985 4748 3038 4792 et
3069 4738 3278 4790 viveret
3305 4731 3432 4798 ;25.
3468 4744 3589 4799 pro-

2000 4854 2122 4916 pter
2165 4844 2271 4899 hoc
2302 4839 2586 4896 mendacia
2630 4851 2739 4891 non
2788 4830 3068 4893 videbitis,
3121 4834 3176 4880 et
3223 4820 3592 4876 divinationes

2003 4915 2112 4991 non
2137 4932 2451 4990 divinabitis
2468 4930 2703 4999 amplius
2730 4944 2742 4981 :
2772 4935 2826 4980 et
2844 4921 3093 4977 liberabo
3113 4915 3374 4987 papulum
3410 4923 3590 4962 meum

2001 5031 2069 5085 de
2108 5043 2273 5082 manu
2297 5033 2575 5090 vestra,et
2605 5016 2971 5092 cognoscetis,
3006 5011 3135 5081 quia
3169 5022 3268 5074 ego
3300 5002 3589 5092 Dominus.

2070 5121 2203 5192 Cap.
2232 5117 2372 5186 XIV,
2417 5118 2467 5172 l.
2496 5116 2565 5171 Et
2598 5090 2865 5169 venerunt
2888 5106 2955 5163 ad
2993 5120 3081 5159 me
3116 5100 3213 5154 viri
3246 5098 3314 5152 de
3358 5090 3594 5151 seniori-

2447 5319 2518 5391 (ν)
2553 5316 2660 5391 8.,
2686 5388 2694 5391 _
2717 5327 2769 5371 ct
2807 5331 2913 5368 non
2945 5301 3585 5391 divinati‘onlubricitatis.

2954 5461 3007 5505 et
3042 5444 3420 5526 ipscﬂquidem
3461 5438 3594 5526 ξῑέιξίτ

2693 5508 2779 5593 (ω’
2818 5508 2920 5582 S.,'
2944 5508 3124 5593 annon
3160 5508 3372 5593 (licetur
3393 5508 3589 5593 vobis:

2567 5589 2761 5648 strata.
2841 5595 2915 5661 (ὸ)
2976 5592 3064 5661 8,,
3098 5589 3332 5661 usubtcr‘
3372 5590 3591 5661 uirtutem

2694 5645 2779 5717 his
2835 5645 3062 5714 διίἓιίειίέ
3089 5659 3147 5728 (i.
3186 5671 3236 5709 e.
3285 5645 3593 5728 ntudnt'stin)

2739 5734 2805 5805 in
2848 5730 2930 5795 8.,
2959 5729 3029 5783 ob
3060 5719 3110 5782 id
3154 5719 3299 5795 quod
3371 5720 3593 5779 torque«

2004 5463 2083 5541 ζει)
2139 5469 2193 5521 ln
2238 5463 2595 5541 divinatione.

2314 5603 2391 5673 (a)
2426 5598 2507 5659 S.,

2039 5739 2108 5821 it’)
2154 5748 2234 5811 3.,
2272 5754 2325 5798 et
2351 5739 2639 5797 dimittant.
