4072 6416
489 383 632 443 2707

1605 404 1833 462 CODEX
1877 400 2670 461 SYRIACO-HEXAPLARIS.

3610 402 3752 458 2708
3804 399 3817 407 ’

485 505 590 561 bus
643 505 881 575 lsraelis,
920 517 975 565 et
1026 516 1286 570 sederunt
1320 532 1506 574 coram
1547 520 1686 578 facie
1718 539 1861 578 mea.
1892 524 1948 578 2.
1991 525 2059 580 Et
2087 524 2132 580 Α
2160 534 2376 584 eorum,
2422 529 2518 575 aut
2566 519 2691 573 filiae
2722 532 2914 574 eorum
2967 521 3361 586 servabuntur,
3400 518 3493 574 sed
3550 518 3597 575 si
3646 519 3751 588 ipsi

485 595 688 651 factum
715 609 798 653 est
822 601 1049 657 verbum
1088 603 1305 662 Domini
1343 610 1411 664 ad
1441 626 1547 677 me,
1578 613 1809 670 dicens:
1860 616 1913 669 3.
1964 614 2068 672 Fili

485 687 751 757 hominis,
798 693 904 745 viri
944 692 1035 748 isti
1067 710 1370 764 posuerunt
1419 701 1495 773 (g)
1549 706 1909 774 cogitationes
1938 724 2069 765 suas

485 795 652 850 super
691 782 855 837 corda
888 799 1009 850 sua,
1030 797 1082 842 et
1105 804 1307 858 ponere
1335 794 1388 847 in
1417 795 1597 865 capita
1628 797 1689 866 (i.
1721 812 1770 852 e.
1800 805 2070 857 attrahere

484 876 717 946 poenam)
741 876 1137 945 injustitiarum
1172 898 1397 939 suarum
1432 900 1729 956 posuerunt
1762 891 1838 962 (It)
1878 908 2065 948 coram

487 963 731 1020 faciehns
789 969 950 1024 suis:
1007 971 1054 1025 si
1113 976 1496 1043 respondendo
1548 983 1889 1051 respondebo
1948 986 2069 1040 eis?

481 1057 538 1113 4.
571 1058 799 1130 Pr0pter
849 1063 953 1119 hoc
993 1066 1217 1136 loquere
1255 1072 1354 1135 eis,
1405 1083 1458 1127 et
1491 1074 1643 1130 dices
1665 1077 1730 1131 ad
1765 1094 1897 1134 eos:
1941 1079 2069 1137 Haec

483 1148 619 1205 dicit
669 1152 879 1208 Δάοιιηί
941 1156 1246 1217 Dominus:
1313 1162 1530 1229 llomo,
1571 1167 1734 1223 homo
1775 1171 1843 1225 de
1901 1172 2067 1228 domo

483 1238 723 1309 lsraclis,
761 1246 853 1314 qui
884 1253 1130 1317 posuerit
1164 1254 1519 1324 cogitationes
1555 1274 1722 1329 super
1762 1276 1858 1316 cor
1880 1280 2065 1329 suum,

482 1343 537 1388 et
597 1343 928 1393 tormentum
986 1341 1267 1411 injustitia:
1322 1363 1438 1401 suze
1486 1350 1821 1407 ordinaverit
1879 1370 2065 1409 coram

483 1423 621 1481 facie
643 1444 764 1494 sua,
803 1440 855 1485 et
883 1435 1094 1489 venerit
1119 1437 1186 1490 ad
1217 1440 1538 1508 prophetam
1560 1483 1574 1507 ,
1609 1444 1678 1511 Χ
1717 1443 1785 1497 ad
1829 1445 2063 1501 interro-

481 1520 717 1586 gandum
755 1537 880 1578 eum
914 1528 967 1579 in
1000 1543 1087 1581 me
1114 1529 1163 1596 ζ,
1203 1544 1305 1600 ego
1332 1530 1598 1588 Dominus
1632 1535 1695 1604 (ἱ)
1725 1540 2067 1606 respondebo

479 1612 530 1665 ei
564 1613 615 1665 itt
645 1614 752 1680 his,
785 1616 836 1669 in
881 1619 1085 1687 quibus
1118 1631 1334 1675 tenetur
1367 1639 1519 1678 tuens
1543 1625 1682 1694 ejus,
1709 1628 1761 1681 5.
1794 1628 1866 1698 (Ιε)
1901 1639 1958 1685 ut
2003 1631 2065 1702 (Ι)

480 1714 752 1761 averteret
780 1707 1005 1763 domum
1044 1709 1261 1767 lsraclis
1295 1717 1599 1771 secundum
1648 1721 1812 1775 corda
1847 1738 2061 1789 eorum,

479 1812 603 1865 quze
664 1798 989 1855 abalienata:
1046 1815 1178 1857 sunt
1223 1820 1251 1858 a
1307 1822 1394 1860 me
1432 1808 1793 1877 cogitationes
1850 1829 2062 1869 eorum.

478 1886 531 1941 6.
578 1887 815 1959 Propter
848 1893 954 1947 hoc
994 1895 1083 1949 dic
1116 1896 1182 1949 ad
1213 1898 1436 1953 domum
1489 1870 1742 1958 israeIi-s:
1780 1906 1893 1960 haec
1933 1908 2067 1963 dicit
2099 1870 2139 1923 Β

477 1977 747 2038 Dominus
803 1983 1103 2041 Dominus:
1164 1991 1569 2056 convertimini,
1626 2005 1682 2049 et
1750 1997 1993 2054 recedite
2031 2016 2063 2055 a

478 2071 676 2125 studiis
710 2076 930 2142 vestris,
960 2088 1012 2131 et
1040 2079 1109 2133 ab
1140 2082 1395 2138 omnibus
1427 2084 1803 2154 impietatibus
1842 2096 2060 2160 vestris,

474 2174 529 2215 et
560 2167 865 2221 convertite
924 2168 1091 2226 facies
1132 2183 1344 2229 vestras
1382 2180 1543 2233 uad
1609 2196 1695 2236 me
1737 2182 1784 2251 ζ.
1837 2186 1890 2239 7.
1925 2185 2061 2252 Quia

477 2254 667 2323 homo,
707 2258 872 2315 homo
894 2261 962 2316 de
995 2261 1161 2320 domo
1199 2265 1438 2337 Israelis,
1488 2280 1543 2326 et
1583 2272 1651 2328 de
1689 2277 1935 2344 advenis,
1968 2280 2061 2348 qui

477 2349 644 2404 additi
675 2363 804 2406 sunt
837 2354 890 2408 in
920 2353 1137 2425 Israele,
1166 2362 1501 2434 quicumque
1527 2365 1872 2425 abalienatus
1897 2368 2063 2425 fuerit

478 2460 506 2497 a
534 2434 641 2506 ine,
667 2451 719 2497 ct
743 2446 986 2512 posuerit
1015 2452 1379 2520 cogitationes
1410 2471 1540 2510 suas
1564 2472 1728 2527 super
1749 2474 1846 2514 cor
1873 2474 2058 2527 suum,

472 2538 527 2583 et
561 2546 762 2601 ponere
799 2536 851 2589 in
885 2550 1049 2609 caput
1085 2542 1144 2611 (i.
1174 2558 1226 2597 e.
1259 2545 1529 2600 attrahere
1567 2548 1800 2618 poenam)
1827 2549 2060 2617 justitite

473 2636 585 2678 sua:
643 2625 977 2686 ordinaverit
1010 2648 1194 2689 coram
1265 2635 1408 2693 facie
1450 2653 1571 2703 sua,
1635 2648 1691 2693 et
1729 2641 1939 2695 venerit
1990 2642 2059 2695 ad

473 2717 816 2788 prepltetam,
858 2723 926 2779 ad
961 2725 1416 2797 interrogandum
1444 2744 1569 2782 eum
1597 2729 1651 2784 in
1688 2745 1795 2796 me,
1826 2731 1922 2803 (m)
1958 2748 2061 2803 ego

477 2808 740 2867 Dominus
766 2816 1113 2885 respondebo
1143 2819 1191 2873 ei
1233 2820 1287 2873 in
1320 2828 1387 2876 ‘eo
1419 2835 1530 2889 quo
1562 2830 1778 2877 tenetur
1815 2824 1869 2878 in
1918 2825 2055 2895 ipso.

472 2897 528 2954 8.
582 2899 647 2955 Et
672 2903 983 2961 obfirmabo
1013 2907 1210 2963 faciem
1238 2925 1416 2965 meam
1463 2926 1633 2982 super
1676 2912 1956 2970 hominem
1989 2917 2057 2971 il-

471 2988 607 3056 lum,
637 2992 714 3066 (η)
764 3005 817 3050 et
849 3013 1046 3067 ponam
1088 3015 1212 3054 eum
1256 3002 1333 3073 (0)
1367 3003 1422 3058 in
1472 3004 1774 3072 desertum,
1817 3029 1891 3057 om
1918 3016 1973 3064 et
2003 3009 2057 3063 itt

470 3086 883 3153 corruptionem
938 3089 986 3157 ζ,
1028 3100 1081 3144 et
1125 3093 1308 3147 tollam
1358 3110 1482 3149 eum
1533 3095 1602 3152 de
1651 3099 1834 3155 medio
1872 3101 2056 3170 populi

2171 613 2272 667 soli
2299 613 2685 677 servabuntur,
2719 621 2861 667 terra
2895 621 3077 668 autem
3124 615 3228 668 erit
3264 613 3318 668 in
3364 611 3752 682 perditionem.

2172 706 2259 759 17.
2285 707 2394 761 Aut
2419 710 2465 762 si
2500 706 2569 778 (s)
2592 706 2759 762 etiam
2788 708 3027 778 gladium
3070 707 3325 763 inducam
3354 723 3520 778 super
3549 715 3755 762 terram

2172 796 2407 862 illam,et
2433 798 2611 852 dicam
2637 817 2649 853 :
2674 797 2896 854 Gladius
2923 808 3168 856 transeat
3196 817 3293 871 per
3320 810 3545 864 terram,
3570 810 3625 854 et
3642 788 3744 853 toi;

2171 889 2279 942 lam
2314 890 2381 945 de
2407 906 2469 944 ea
2501 890 2778 945 hominem
2815 891 3219 961 etjumentum.
3256 894 3341 948 18.
3389 891 3456 946 Ει
3493 902 3605 946 tres
3648 892 3751 947 viri

2171 980 2260 1035 isti
2305 982 2360 1035 in
2402 983 2583 1037 medio
2630 982 2752 1053 ejus
2794 982 3017 1050 fuerint,
3050 987 3177 1041 vivo
3224 1001 3343 1056 ego,
3375 986 3507 1039 dicit
3537 983 3751 1039 Adonai

2171 1072 2456 1140 Dominus,
2493 1091 2602 1129 non
2639 1076 2950 1131 liberabunt
2978 1078 3139 1145 filios,
3175 1088 3270 1133 aut
3298 1078 3459 1145 tilias,
3488 1099 3560 1126 om
3598 1076 3750 1145 sed:

2171 1166 2271 1236 ipsi
2312 1168 2413 1221 soli
2447 1168 2842 1224 servabuntur.
2882 1170 2968 1224 19.
3005 1173 3112 1236 Aut
3157 1170 3222 1242 (t)
3271 1170 3318 1225 si
3346 1186 3564 1239 quoque
3598 1185 3755 1223 mor-

2170 1263 2278 1309 tem
2333 1255 2623 1311 immittam
2657 1274 2823 1328 super
2880 1268 3083 1315 terram
3131 1262 3315 1324 illam,
3368 1269 3422 1314 et
3474 1258 3754 1315 effundam

2171 1345 2411 1402 furorem
2456 1365 2636 1403 meum
2668 1365 2835 1419 super
2864 1365 2982 1404 eam
3034 1352 3088 1406 in
3142 1352 3431 1422 sanguine,
3462 1351 3529 1405 ad
3564 1352 3759 1406 delen-

2169 1438 2299 1492 dum
2339 1455 2405 1494 ex
2436 1455 2497 1493 ea
2541 1441 2821 1496 hominem
2856 1451 2909 1496 et
2935 1441 3275 1511 jumentum,
3299 1442 3389 1496 20.
3423 1450 3476 1497 et
3506 1443 3640 1508 Noe,
3696 1453 3761 1499 et.

2172 1530 2379 1595 Daniel,
2410 1543 2463 1587 et
2491 1531 2594 1587 Job
2618 1533 2669 1587 in
2700 1534 2881 1588 medio
2914 1534 3197 1603 ejus,vivo
3226 1550 3351 1606 ego,
3383 1535 3512 1590 dicit
3539 1535 3756 1591 Adonai

2172 1615 2458 1684 Dominus,
2494 1620 2541 1673 si
2597 1619 2715 1683 filii,
2770 1630 2867 1675 aut
2921 1620 3044 1678 filiae
3102 1623 3502 1693 relinquentur,
3554 1625 3657 1693 ipsi
3697 1626 3753 1680 in

2163 1695 2385 1778 justitia
2426 1726 2522 1765 sua
2564 1712 2875 1769 liberabunt
2905 1714 3119 1770 animas
3150 1731 3300 1771 suas.
3335 1716 3426 1769 2f.
3462 1715 3588 1773 Haec
3619 1717 3756 1774 dicit

2169 1801 2381 1855 Adonai
2425 1801 2692 1859 Dominus
2729 1820 2743 1860 :
2780 1803 2837 1858 Si
2897 1816 3076 1861 autem
3111 1816 3165 1861 et
3234 1817 3474 1877 quatuor
3514 1808 3753 1863 ultiones

2172 1900 2321 1946 meas
2349 1893 2544 1959 malas,
2577 1893 2841 1964 gladium,
2874 1905 2930 1949 et
2963 1894 3185 1964 famem,
3219 1908 3273 1952 et
3319 1897 3524 1952 bestias
3553 1899 3750 1964 malas,

2166 1991 2220 2036 et
2243 1994 2471 2039 mortem
2503 1987 2784 2042 immiscro
2812 2002 2978 2057 super
3002 1986 3331 2054 Jerusalem,
3352 1989 3417 2043 ad
3443 1989 3739 2044 delendum

2166 2090 2230 2127 ex
2271 2089 2335 2128 ea
2375 2075 2652 2131 hominem
2684 2085 2738 2131 et
2759 2075 3089 2145 jumentum.
3124 2077 3216 2131 22.
3250 2079 3330 2146 (ιι)
3360 2076 3422 2131 Et
3447 2093 3575 2132 ecce
3608 2082 3753 2133 resi-

2166 2168 2260 2224 dui
2303 2168 2356 2221 in
2390 2182 2477 2232 ea,
2512 2168 2605 2238 qui
2637 2169 2838 2224 set-vati
2874 2185 2942 2224 ex
2977 2184 3061 2235 ea,
3115 2170 3217 2240 ipsi
3250 2170 3484 2225 educent
3514 2169 3653 2225 filios
3698 2178 3754 2225 et

2165 2261 2329 2326 ﬁlias,
2356 2276 2484 2316 ecce
2510 2262 2611 2331 ipsi
2648 2262 2998 2332 egredientur
3020 2263 3087 2317 ad
3119 2278 3241 2326 vos,
3275 2263 3356 2333 (ω)
3387 2272 3441 2317 et
3490 2263 3753 2319 videbitis

2166 2355 2284 2409 vias
2305 2368 2519 2419 eorum,
2549 2365 2603 2407 et
2630 2353 2707 2424 (ῃ)
2731 2354 3094 2423 cegitationes
3126 2371 3344 2420 eorum,
3377 2368 3432 2410 et
3460 2356 3756 2426 paenitebit

2166 2459 2263 2498 vos
2290 2458 2456 2511 super
2495 2444 2677 2507 ntalis,
2715 2459 2839 2512 quae
2872 2445 3061 2497 induxi
3106 2460 3275 2513 super
3306 2444 3636 2510 Jerusalem,
3673 2447 3752 2516 (ι.)

2163 2534 2424 2587 omnibus
2451 2534 2631 2598 malis,
2665 2549 2789 2604 qua:
2815 2534 3005 2588 induxi
3033 2548 3201 2602 super
3229 2549 3371 2589 eam.
3402 2535 3491 2588 25.
3525 2535 3591 2588 Et
3617 2550 3753 2590 con-

2164 2623 2491 2677 solabuntur
2553 2639 2684 2689 vos,
2743 2624 2870 2694 quia
2932 2624 3187 2680 videbitis
3235 2625 3354 2680 vias
3409 2641 3621 2690 eorum,
3685 2637 3745 2679 et

2163 2716 2537 2786 cogitationes
2584 2731 2798 2781 eorum,
2852 2710 2905 2772 et
2948 2718 3132 2773 scietis
3192 2719 3338 2789 quod
3400 2734 3509 2772 non
3548 2718 3755 2771 frustra

2162 2810 2266 2865 feci
2300 2811 2508 2877 omnia,
2537 2826 2661 2881 qua:
2692 2810 2797 2866 feci
2826 2812 2881 2865 in
2915 2826 3001 2877 ea,
3028 2810 3159 2865 dicit
3200 2810 3413 2864 Adonai
3461 2808 3750 2863 Dominus.

2232 2903 2367 2974 Cap.
2407 2902 2527 2970 XV,
2565 2908 2614 2959 1.
2662 2903 2726 2958 Ει
2775 2903 2981 2958 factum
3036 2911 3121 2956 est
3151 2902 3378 2957 verbum
3428 2901 3646 2956 Domini
3681 2902 3751 2956 ad

2161 3013 2272 3060 me,
2304 2997 2531 3055 dicens:
2556 2997 2611 3050 2.
2650 2994 2716 3049 Ει
2742 3004 2823 3061 ιιι,
2865 2995 2939 3049 fili
2974 2992 3234 3061 hominis,
3259 2994 3391 3064 quid
3423 2994 3514 3048 fiet
3542 2994 3749 3063 lignum

2162 3092 2292 3146 vitis
2315 3104 2382 3146 ex
2423 3089 2681 3144 ontnibus
2728 3088 2893 3160 lignis
2929 3085 3007 3159 (a)
3046 3086 3356 3155 palmitum,
3389 3085 3482 3155 qui
3518 3093 3646 3140 sunt
3693 3083 3747 3138 in

470 3176 600 3239 mei.
634 3186 688 3230 el
720 3184 1089 3248 cognoscetis,
1119 3185 1266 3254 quod
1294 3202 1396 3257 ego
1430 3186 1713 3245 Dominus.
1740 3191 1793 3245 9.
1832 3191 1899 3246 Et
1929 3209 2058 3262 pro~
2085 3203 2129 3260 ο
2162 3183 2325 3253 lignis
2354 3182 2504 3236 silvae
2527 3184 2550 3234 ’ἵ
2576 3182 2632 3236 ’5.
2666 3179 2722 3235 Si
2751 3188 2973 3236 sument
3008 3179 3076 3234 de
3108 3194 3172 3233 ea
3199 3177 3405 3249 lignum
3432 3178 3499 3233 ad
3534 3175 3744 3232 facien-

471 3266 632 3335 pheta
660 3269 704 3322 si
738 3274 1023 3337 erraverit,
1067 3285 1121 3330 et
1165 3276 1383 3335 locutus
1433 3279 1598 3335 fuerit
1627 3285 1693 3350 >ς<
1743 3284 1969 3338 verbum
1999 3286 2051 3354 ζ,

469 3373 586 3429 ego.
618 3358 886 3421 Dominus
917 3380 1108 3422 errare
1150 3367 1254 3425 feci
1284 3371 1610 3442 prephetam
1653 3374 1831 3439 illum,
1873 3385 1924 3429 et
1959 3392 2058 3430 ex-

471 3453 689 3509 tendam
726 3471 950 3512 manum
986 3475 1162 3514 meam
1196 3477 1363 3532 super
1398 3480 1547 3528 eum,
1585 3473 1639 3518 et
1673 3465 1905 3521 aboleho
1933 3481 2057 3520 eum

470 3545 541 3600 de
571 3548 752 3603 medio
776 3551 960 3620 populi
988 3552 1091 3607 mei
1116 3552 1299 3609 lsrael.
1333 3556 1417 3609 10.
1448 3555 1518 3610 Ει
1544 3558 1818 3627 accipient
1842 3558 2059 3629 injusti-

406 3704 409 3708 Ι
476 3640 607 3693 tiam
642 3656 840 3708 suam,
894 3646 1197 3700 secundum
1240 3647 1568 3718 injustitiam
1628 3650 2055 3722 interrogantis:

473 3728 551 3800 (p)
577 3742 630 3786 et
660 3734 962 3789 secundum
988 3736 1314 3806 injustitiam
1342 3740 1595 3796 similiter
1624 3742 1905 3812 propheta:
1929 3744 2058 3808 erit,

477 3820 567 3874 11.
604 3829 666 3876 ιιι
693 3837 760 3877 ne
787 3834 935 3880 erret
963 3828 1099 3882 ultra
1125 3828 1326 3884 domus
1353 3830 1571 3887 lsraelis
1614 3848 1644 3887 a
1675 3848 1780 3899 me,
1812 3843 1865 3889 et
1895 3841 1956 3889 ut
1991 3850 2059 3890 ne

473 3913 919 3970 contaminemur
956 3918 1136 3973 adhuc
1177 3920 1230 3973 in
1264 3922 1521 3978 omnibus
1546 3924 1759 3980 deliCtis
1790 3925 1947 3981 suis:
2005 3936 2059 3982 et

472 4013 637 4058 erunt
683 4007 816 4061 mihi
849 4008 902 4063 in
952 4013 1213 4081 populum
1237 4054 1252 4076 ,
1299 4023 1353 4069 et
1381 4030 1481 4085 ego
1510 4030 1607 4071 ero
1638 4017 1719 4072 eis
1752 4017 1804 4071 in
1861 4017 2056 4083 Deum,

472 4098 604 4153 dicit
645 4100 852 4157 Adonai
886 4104 1175 4161 Dominus.
1219 4108 1301 4161 12.
1349 4107 1418 4162 Ει
1463 4107 1668 4164 factum
1700 4119 1787 4166 est
1827 4111 2057 4166 verbum

472 4189 687 4247 Domini
713 4193 783 4249 ad
824 4212 931 4260 me,
963 4198 1195 4254 dicens:
1232 4200 1318 4254 15.
1355 4199 1460 4255 Fili
1502 4203 1775 4268 hominis,
1822 4212 1965 4258 terra
2012 4206 2058 4259 si

471 4288 777 4353 peccaverit
809 4291 944 4345 mihi
979 4333 994 4357 ,
1033 4291 1107 4364 (q)
1145 4293 1515 4365 delin’qucndo
1545 4296 1829 4362 delictum,
1866 4306 1921 4352 et
1962 4313 2060 4353 ex-

474 4375 689 4429 tendam
736 4393 960 4434 manutn
1007 4397 1184 4436 meam
1220 4399 1386 4453 super
1430 4399 1574 4453 eam,
1607 4395 1663 4443 et
1708 4388 2055 4460 eonfr'mgam

472 4464 709 4520 fulcrum
744 4472 900 4536 panis
921 4471 1063 4539 ejus,
1088 4483 1142 4527 et
1168 4474 1459 4529 immittam
1484 4492 1650 4546 super
1675 4493 1795 4533 eam
1829 4479 2055 4546 famem,

2161 3278 2292 3331 dum
2324 3276 2378 3328 in
2409 3274 2591 3343 opus?
2615 3273 2661 3328 si
2692 3283 2912 3328 sument
2944 3271 3012 3326 dc
3042 3285 3107 3324 ea
3134 3272 3397 3340 paxillum
3428 3269 3497 3324 ad
3522 3283 3749 3339 suspen-

2162 3366 2401 3423 dendum
2439 3382 2604 3436 super
2658 3380 2725 3420 eo
2764 3379 2929 3420 omne
2977 3362 3199 3417 vas‘M.
3253 3363 3329 3433 (b)
3368 3362 3741 3430 Praeterquam

2162 3459 2307 3530 quod
2336 3458 2445 3531 igni
2473 3459 2600 3513 data
2626 3466 2711 3512 est
2737 3456 2792 3511 in
2820 3455 3334 3525 consumptioncm:
3365 3454 3749 3525 purgationem

2163 3550 2307 3620 ejus,
2343 3564 2465 3619 quae
2494 3548 2548 3602 in
2582 3548 2732 3602 omni
2758 3560 2926 3609 anno,
2959 3545 3237 3600 consumit
3270 3544 3434 3615 ignis,
3468 3552 3524 3599 et
3561 3543 3751 3598 deficit

2163 3642 2217 3696 in
2247 3642 2450 3696 finem:
2506 3639 2771 3710 numquid
2820 3639 2954 3693 utile
2995 3637 3102 3692 erit
3136 3638 3191 3691 in
3238 3637 3421 3708 opus?
3469 3638 3522 3692 5.
3558 3635 3759 3707 Neque

2161 3732 2345 3789 adhuc
2377 3732 2506 3787 dum
2532 3738 2617 3785 est
2647 3730 2943 3800 integrum,
2969 3742 3079 3782 non
3113 3726 3220 3781 erit
3240 3726 3295 3780 in
3320 3726 3505 3797 opus?
3538 3733 3750 3794 quanto

2160 3825 2339 3894 magis
2368 3824 2415 3879 si
2460 3824 2625 3877 etiam
2679 3821 2822 3891 ignis
2854 3817 3262 3888 consumpserit
3290 3817 3424 3872 illud
3460 3817 3515 3871 in
3558 3816 3747 3881 finem,
3796 3842 3804 3850 -

2159 3920 2206 3974 si
2236 3918 2341 3973 erit
2389 3917 2569 3972 adhuc
2599 3916 2652 3969 in
2693 3913 2876 3984 opus?
2933 3911 2987 3966 6.
3020 3909 3256 3981 Propter
3291 3909 3394 3965 hoc
3433 3908 3565 3963 dic:
3622 3907 3757 3965 Haec

2161 4012 2293 4068 dicit
2315 4010 2529 4066 Adonai
2554 4009 2856 4065 Dominus:
2879 4001 3356 4073 Quemadmodum
3383 4002 3589 4074 lignum
3622 4002 3751 4058 vitis

2162 4102 2217 4157 in
2244 4101 2410 4171 lignis
2440 4101 2612 4167 silvae,
2646 4098 2795 4180 quod
2833 4096 2959 4180 dedi
2993 4095 3127 4150 illud
3158 4094 3270 4165 igni
3296 4096 3351 4149 in
3376 4096 3752 4166 consumptio-

2162 4208 2310 4257 nem,
2360 4191 2441 4248 sic
2478 4190 2600 4246 dedi
2646 4179 2959 4244 habitantes
2991 4188 3044 4241 in
3095 4186 3423 4245 Jerusalem.
3468 4188 3518 4242 7.
3574 4189 3645 4259 (ε)
3686 4189 3753 4247 Et

2162 4286 2307 4342 dabo
2335 4276 2749 4339 faciem'meam
2776 4296 2942 4351 super
2970 4295 3070 4336 eos
3097 4302 3109 4335 :
3135 4280 3204 4336 de
3230 4280 3354 4351 igne
3373 4282 3750 4350 cgredientur,

2161 4389 2209 4436 et
2262 4377 2405 4449 ignis
2438 4376 2724 4433 devorabit
2754 4391 2869 4441 eos,
2904 4383 2960 4430 et
3003 4375 3199 4438 scient,
3237 4376 3383 4444 quod
3418 4390 3519 4444 ego
3564 4375 3753 4432 Domi-

2163 4494 2289 4545 nus,
2347 4489 2474 4530 cum
2515 4472 2881 4528 ohfirmavero
2939 4468 3135 4524 faciem
3178 4484 3356 4524 meam
3418 4485 3582 4539 super
3630 4485 3748 4526 eos.

471 4568 527 4612 et
556 4560 741 4614 tollam
772 4562 840 4617 de
871 4578 932 4618 ea
972 4564 1252 4622 hominem
1299 4579 1354 4623 et
1379 4544 1714 4637 jumentum.
1772 4573 1858 4626 14.
1899 4573 1965 4627 Et
2011 4544 2056 4627 si
2089 4544 2136 4601 ι)
2163 4571 2216 4625 8.
2252 4544 2317 4625 Ει
2345 4568 2489 4623 daho
2546 4575 2746 4621 terram
2790 4566 2842 4619 in
2883 4562 3302 4627 desolationem,
3352 4578 3452 4633 pro
3500 4579 3567 4619 eo
3600 4566 3755 4634 quod

471 4648 679 4705 fuerint
710 4653 796 4707 isti
828 4665 938 4711 tres
971 4656 1073 4711 viri
1114 4659 1167 4713 in
1198 4660 1379 4716 medio
1405 4660 1549 4730 ejus,
1584 4660 1720 4728 Noe,
1754 4674 1809 4717 ct
1837 4663 2058 4728 Daniel,

472 4756 527 4799 et
553 4742 678 4811 Job,
713 4747 814 4817 ipsi
838 4748 890 4802 in
914 4749 1132 4820 justitia
1158 4764 1257 4807 sua
1278 4755 1667 4820 servabuntur,
1694 4756 1828 4811 dicit
1849 4758 2061 4813 Adonai

472 4835 760 4895 Dominus.
803 4840 892 4897 15.
941 4841 998 4897 Si
1032 4853 1087 4898 et
1130 4845 1336 4902 bestias
1383 4852 1556 4906 malas
1592 4847 1860 4904 induxcro
1896 4866 2063 4922 super

472 4939 699 4995 terram,
736 4944 791 4987 et
816 4950 1053 5005 posuero
1081 4937 1135 4991 in
1163 4948 1331 5008 caput
1362 4939 1422 5010 (i.
1459 4955 1510 4995 e.
1547 4941 1788 5013 puniant)
1815 4943 1956 5012 ejus,
1989 4943 2059 5014 (r)

471 5032 526 5078 et
554 5026 660 5079 erit
712 5027 766 5081 in
806 5028 1058 5097 exitium,
1107 5040 1163 5085 et
1205 5047 1313 5086 non
1367 5033 1471 5087 erit
1511 5033 1788 5089 transiens
1819 5036 1964 5089 viam
2028 5053 2058 5091 a

472 5114 610 5171 faeie
646 5116 967 5187 bestiarum,
1003 5120 1091 5175 16.
1126 5132 1181 5177 et
1215 5123 1302 5178 isti
1336 5132 1451 5179 tres
1479 5124 1584 5180 viri
1620 5126 1674 5179 in
1719 5128 1901 5183 medio
1939 5128 2062 5198 ejus

471 5207 713 5276 fuerint;
752 5213 876 5267 vivo
927 5228 1051 5281 ego,
1084 5214 1219 5269 dicit
1271 5215 1478 5272 Adonai
1525 5216 1817 5286 Dominus,
1876 5222 1921 5276 si
1965 5221 2060 5276 filii

543 5343 619 5415 (ει)
669 5344 933 5417 3.,7Th.,
985 5351 1124 5405 idola
1186 5369 1308 5408 sua.

471 5432 614 5473 rum.
653 5415 727 5489 (It)
772 5416 869 5475 Ne.

469 5502 710 5556 srguuut.

1387 5353 1466 5426 (It)
1515 5352 1622 5426 SA,
1656 5362 1871 5409 contra.

817 5491 892 5561 (p)
924 5491 1007 5565 8.,
1038 5495 1119 5548 sic
1145 5495 1407 5565 iniquitas
1430 5491 1712 5564 prophetae
1735 5496 1860 5550 erit.

470 5561 676 5644 pervia,
705 5575 772 5616 eo
799 5564 945 5644 quod
984 5580 1091 5644 non
1134 5567 1214 5644 sit
1233 5561 1509 5644 transiens
1538 5561 1706 5644 invia
1747 5561 1971 5644 propter
1988 5561 2232 5644 bestias.
2305 5565 2374 5635 (δ)
2420 5566 2640 5644 Agilem-

470 5630 854 5707 relinquentur
890 5634 944 5687 in
969 5649 1032 5688 ea
1062 5634 1298 5705 fugitivi.
1336 5636 1425 5689 isti
1458 5630 1869 5707 hominem-qui
1899 5642 2134 5695 educent
2164 5630 2386 5694 lilios'et
2417 5634 2577 5707 filias.

676 5700 749 5771 (ε)
782 5701 868 5778 S_.,
896 5720 1062 5778 super
1086 5700 1368 5767 omnibus,
1406 5720 1531 5775 quse
1561 5700 1751 5762 induxi
1779 5700 1943 5778 super
1976 5729 2117 5765 eam.

470 5699 597 5755 tias.

985 5357 1124 5405 ίί¹⁰¹³
1186 5369 1308 5408 δυθ·
1387 5357 1466 5426 (Ῑι)
1515 5357 1597 5417 S.,
1656 5362 1871 5409 contra.
1950 5358 2011 5425 (ἱ)
2058 5357 2141 5423 8.,
2198 5357 2543 5425 respondebo
2600 5357 2650 5403 et
2701 5357 2772 5415 oo
2821 5359 2882 5398 m‘

948 5421 1010 5500 ζί)
1040 5425 1380 5500 ᾼνθ-ηρνρῃι.
1461 5423 1673 5500 (m)_S.,
1709 5427 2051 5500 respondebo
2083 5432 2133 5500 ei
2161 5443 2263 5499 ego
2291 5441 2387 5495 per
2424 5431 2882 5500 ittattuntmeattt.

1956 5500 2030 5569 (ᾳ)
2067 5498 2151 5563 8.,
2184 5496 2671 5569 cumeontempsit
2696 5496 3093 5569 contemptuttt.

2161 4663 2515 4733 deliquerunt
2546 4659 2764 4727 delicto,
2797 4657 2929 4712 dicit
2956 4656 3169 4711 Adonai
3206 4655 3495 4711 Dominus.

2232 4756 2368 4826 Cap.
2401 4752 2543 4807 XVI.
2579 4782 2647 4793 -
2677 4753 2727 4805 1.
2765 4750 2829 4804 Ει
2860 4748 3061 4806 factum
3113 4758 3201 4805 est
3249 4749 3477 4804 verbum
3532 4749 3748 4807 Domini

2161 4848 2230 4905 ad
2255 4862 2366 4916 me,
2397 4846 2588 4901 dicens
2627 4863 2639 4900 :
2665 4844 2719 4897 2.
2752 4842 2854 4897 Fili
2886 4841 3147 4907 hominis,
3172 4840 3465 4897 testiﬁcare
3489 4840 3751 4898 llieroso-

2161 4945 2322 5015 lymte
2350 4939 2669 5010 iniquitates
2697 4936 2835 5005 ejus,
2872 4934 2925 4988 ‘5.
2958 4943 3012 4988 et
3040 4933 3189 4989 dices
3218 4952 3231 4987 :
3272 4932 3398 4988 Haec
3428 4934 3562 4989 dicit
3599 4935 3749 4992 Ado-

2164 5035 2253 5091 nai
2276 5033 2545 5087 Dominus
2571 5030 2638 5084 ad
2665 5027 2966 5084 Jerusalem
2996 5044 3009 5080 :
3044 5024 3122 5097 (d)
3147 5025 3323 5082 Radix
3357 5035 3470 5093 tua,
3495 5035 3549 5081 et
3579 5042 3746 5098 gene—

2163 5127 2303 5183 ratio
2325 5134 2414 5179 tua
2442 5124 2508 5179 de
2535 5134 2681 5177 terra
2711 5118 2966 5174 Chanaan
3012 5136 3025 5171 :
3071 5126 3223 5188 pater
3250 5128 3376 5173 tuus
3411 5119 3741 5182 Amorraeus,

2163 5232 2220 5277 et
2250 5226 2425 5274 mater
2448 5225 2538 5270 tua
2568 5215 2794 5268 Hettaaa.
2820 5210 2874 5263 4.
2904 5208 2974 5281 (e)
3011 5208 3080 5264 Et
3113 5208 3393 5280 generatio
3419 5216 3513 5264 tua
3542 5208 3598 5263 in
3638 5209 3745 5275 die,

2198 5350 2543 5425 respondebo
2600 5348 2650 5403 ei
2701 5345 2772 5415 ob
2821 5342 3233 5425 multitudinem
3277 5341 3551 5425 idolorum
3586 5357 3747 5425 [suo-

2961 5413 3040 5484 (η)
3067 5414 3152 5478 S.,
3186 5422 3241 5467 et
3276 5422 3488 5484 notum.
3576 5415 3654 5484 (ο)
3688 5414 3745 5466 In

3198 5484 3268 5554 (r)
3304 5481 3389 5545 8.,
3422 5492 3476 5536 et
3508 5483 3613 5536 erit
3642 5499 3747 5537 non

2742 5553 3081 5628 (1)77Autem.’
3122 5553 3322 5625 (u)'S.,
3372 5564 3745 5628 verumtamen

2678 5624 2759 5699 (ac)
2787 5624 2877 5692 'S.,
2906 5636 2966 5699 ut
2999 5624 3261 5699 videatis.
3348 5625 3445 5699 Afy)
3473 5624 3556 5699 ᾇ,
3594 5633 3743 5699 astttf

2223 5712 2301 5780 (a)
2345 5706 2428 5768 S.,
2465 5694 2709 5780 palmite,
2740 5694 2835 5769 qui
2871 5699 2916 5754 si
2945 5697 3111 5780 fuerit
3135 5700 3195 5778 .in
3229 5696 3393 5780 lignis
3416 5696 3603 5780 syllvae.
3667 5694 3745 5780 ’(γὺ)

471 5767 558 5846 S._.
597 5766 778 5827 nonne
809 5775 918 5844 igni
955 5766 1078 5829 data
1113 5786 1196 5831 est
1228 5777 1281 5830 in
1310 5766 1789 5846 consumptionent
1811 5766 2023 5837 ?'duas
2056 5766 2432 5837 extret‘nitatcs
2466 5766 2597 5841 'cjus
2641 5770 2987 5846 genusgnnnsit
3037 5768 3202 5838 ίῐξηίεο
3249 5777 3305 5819 ει
3357 5766 3599 5821 ἠοάιυιη
3632 5779 3747 5834 eius

469 5841 745 5898 adurens:
778 5841 907 5899 uuln
940 5847 1184 5916 proderit
1211 5848 1274 5902 ad
1306 5848 1485 5917 opus?
1550 5841 1630 5915 '(c)
1675 5848 1735 5904 Et
1765 5851 2093 5908 obfirmabo.

2173 5852 2251 5913 (di
2287 5850 2369 5910 8..
2400 5847 2567 5904 datio.
2649 5841 2836 5907 (e)‘S.,
2861 5850 2914 5896 et
2940 5855 3064 5896 cum
3086 5848 3210 5893 nata
3237 5851 3315 5893 es.
