4072 6458
366 401 517 459 2709

1621 395 2029 454 HEZECIELIS
2066 397 2297 455 CAPUT
2339 401 2477 457 XVI.

3508 411 3651 469 2710

362 533 478 584 qun
507 525 634 573 nata
663 531 742 579 es,
773 530 877 570 non
902 515 1142 584 ligarunt
1170 513 1440 567 mamillas
1476 521 1617 577 tuas,
1638 522 1692 566 et
1736 514 1791 566 in
1822 527 1964 581 aqua
1995 516 2039 571 Α
2071 515 2216 568 nuda
2271 525 2326 570 ct
2365 517 2729 586 discooperta,
2763 527 2815 572 et
2861 518 2987 573 dum
3019 528 3308 581 cruentata
3342 533 3397 578 tu
3429 522 3483 577 in
3523 539 3651 579 san—

361 626 482 664 non
508 608 617 661 lota
644 624 707 665 es
741 610 804 680 (ι’)
842 608 896 662 in
922 608 1178 671 salutem,
1220 622 1323 662 nec
1352 606 1653 662 ‘sale‘salita
1685 621 1766 670 es,
1798 615 1852 660 et
1876 604 1959 659 fa-

327 711 365 751 s
394 701 503 757 ciis
542 717 653 756 non
692 699 925 756 fasciata
949 714 1009 753 es
1043 717 1056 752 :
1088 697 1141 751 5.
1179 712 1283 753 nec
1318 697 1560 767 pepercit
1585 698 1777 752 oculus
1808 711 1960 750 meus

345 805 535 863 super
554 802 630 858 te,
663 792 731 847 ad
758 790 1074 847 faciendum
1108 789 1203 842 tibi
1233 806 1402 843 unum
1450 805 1513 843 ex
1563 789 1650 844 his
1683 788 1957 851 omnibus,

360 888 436 944 ad
469 886 784 955 patiendum
816 883 1097 953 quippiam
1129 897 1295 950 super
1321 892 1409 937 te:
1441 889 1497 937 et
1522 880 1759 951 proiecta
1790 895 1849 935 es
1870 897 1962 963 sp-

362 995 468 1049 per
498 978 691 1033 faciem
739 977 919 1046 campi
967 974 1329 1044 perversitate
1366 974 1564 1029 anima:
1604 985 1731 1037 tum,
1764 974 1818 1027 in
1850 974 1957 1038 die,

361 1088 484 1139 quo
543 1081 670 1125 nata
709 1084 790 1125 es.
833 1068 885 1123 6.
939 1067 1008 1121 Et
1057 1067 1285 1122 transivi
1325 1081 1492 1136 super
1541 1076 1612 1131 te,
1667 1075 1722 1119 et
1766 1067 1872 1121 vidi
1910 1075 1961 1122 te
2006 1111 2012 1117 .

365 1173 711 1216 cruentatam
744 1160 798 1214 in
835 1160 1102 1230 sanguine
1134 1167 1254 1223 tuo,
1287 1167 1340 1212 et
1370 1158 1486 1212 dixi
1526 1158 1621 1213 tibi
1657 1177 1669 1211 :
1702 1173 1769 1213 ex
1827 1173 1957 1212 san-

365 1253 533 1324 guine
565 1261 658 1306 tuo
684 1250 916 1306 vivendo
941 1255 1084 1311 vive.
1112 1249 1162 1303 7.
1197 1248 1556 1318 Multiplicare
1584 1266 1597 1302 :
1636 1250 1775 1305 sicut
1804 1258 1959 1305 ortus

369 1343 488 1413 agri
518 1343 641 1397 dedi
671 1350 744 1407 te,
793 1351 848 1396 et
897 1340 1255 1410 multiplicata
1293 1354 1375 1405 es,
1418 1349 1473 1394 et
1501 1340 1841 1413 magnificam
1873 1355 1954 1407 es,

371 1434 446 1504 (gl
472 1446 522 1490 et
563 1435 810 1505 ingressa
839 1447 900 1487 es
931 1433 986 1487 in
1023 1433 1189 1488 urbes
1220 1433 1438 1487 urbium
1471 1451 1483 1486 :
1523 1432 1690 1488 ubera
1725 1444 1815 1486 tua
1837 1447 1956 1487 ere-

371 1538 458 1582 cta
518 1536 667 1591 sunt,
718 1536 774 1579 et
823 1525 964 1594 pilus
1003 1534 1132 1579 tuus
1179 1532 1334 1579 ortus
1363 1534 1469 1587 est,
1516 1537 1572 1578 tu
1621 1533 1803 1579 autem
1834 1538 1956 1578 cras

373 1619 539 1685 nuda,
574 1628 627 1674 et
645 1619 1010 1686 discooperta.
1034 1614 1088 1670 8.
1128 1615 1194 1670 Et
1221 1615 1443 1670 transivi
1482 1631 1644 1685 super
1668 1625 1741 1682 te,
1770 1624 1824 1670 et
1847 1616 1954 1669 vidi

374 1721 425 1768 te
456 1722 547 1768 :et
572 1726 701 1768 ecce
732 1720 945 1779 tempus
996 1715 1173 1774 tuum,
1213 1716 1270 1767 et
1306 1716 1518 1777 tempus
1569 1708 1644 1777 (Ιι)
1681 1708 1955 1763 diverten-

372 1805 507 1859 tium
540 1823 552 1858 :
583 1816 639 1859 et
667 1803 899 1872 expandi
932 1794 1049 1856 alas
1078 1815 1241 1868 super
1271 1809 1343 1863 te,
1370 1810 1424 1855 et
1453 1801 1648 1870 operui
1700 1799 1951 1870 pudenda

369 1901 486 1954 tua,
515 1891 768 1961 etjuravi
812 1890 910 1944 tibi
942 1907 955 1943 :
1009 1898 1064 1943 et
1093 1888 1374 1960 ingressus
1395 1906 1517 1945 sum
1555 1890 1610 1944 in
1651 1900 1951 1946 testamen-

370 1989 483 2034 tum
530 1988 728 2045 tecum,
772 1978 902 2033 dicit
942 1978 1157 2035 Adonai
1215 1977 1481 2034 Dominus
1520 1998 1532 2033 :
1583 1990 1639 2034 et
1692 1978 1834 2034 facta
1893 1995 1953 2036 es

368 2074 524 2137 mihi,
546 2072 599 2127 9.
627 2082 682 2127 et
715 2061 820 2126 lavi
845 2081 895 2126 te
922 2072 1155 2141 inaqua,
1188 2081 1242 2124 et
1267 2071 1415 2125 ablui
1448 2074 1769 2142 sanguinem
1795 2081 1951 2128 tuum

369 2180 398 2219 a
434 2175 508 2231 te,
541 2175 596 2219 et
626 2166 755 2219 unxi
790 2173 840 2218 te
865 2165 919 2218 in
942 2165 1083 2219 oleo.
1127 2161 1214 2218 10.
1250 2162 1319 2218 Ει
1346 2164 1494 2218 indui
1530 2173 1581 2220 te
1606 2165 1952 2221 versicolori—-

369 2257 496 2318 bus,
529 2264 584 2309 et
609 2255 846 2309 calceavi
882 2263 934 2309 te
985 2255 1301 2326 hyacintho.
1334 2262 1388 2309 et
1421 2255 1638 2310 accinxi
1668 2264 1720 2311 te
1758 2256 1948 2327 bysso,

377 2344 440 2416 (ἱ)
471 2354 525 2399 et
555 2344 883 2400 circumdedi
913 2359 962 2399 te
992 2346 1277 2415 trichapto,
1302 2346 1388 2401 11.
1418 2357 1471 2401 et
1491 2348 1681 2401 ornavi
1708 2357 1759 2403 te
1787 2363 1952 2403 orna-

378 2445 582 2503 mento,
613 2451 667 2493 et
711 2439 868 2507 posui
899 2439 1135 2492 armillas
1160 2455 1324 2508 super
1374 2454 1571 2496 manus
1616 2450 1758 2508 tuas,
1794 2452 1849 2496 et
1874 2441 1949 2513 (κ)

374 2538 621 2598 torquem
667 2529 720 2582 in
762 2529 962 2584 collum
1000 2538 1149 2585 tuum
1200 2548 1215 2585 :
1253 2531 1339 2586 12.
1371 2540 1426 2586 et
1453 2531 1578 2586 dedi
1615 2532 1859 2588 inaurem
1886 2532 1947 2605 (ι)

369 2621 434 2672 ad
476 2634 661 2673 narem
689 2628 857 2685 tuam,
887 2629 940 2675 et
966 2622 1174 2676 rotulas
1214 2637 1379 2692 super
1407 2638 1568 2679 aures
1602 2635 1745 2690 tuas,
1775 2634 1829 2678 et
1850 2639 1945 2680 co-

366 2726 553 2766 ronam
586 2712 926 2782 gloriationis
947 2728 1113 2784 super
1140 2724 1305 2785 caput
1326 2725 1479 2770 tuum
1512 2735 1525 2771 :
1559 2717 1647 2770 15.
1678 2725 1732 2771 et
1756 2725 1948 2773 ornata

362 2818 424 2858 es
471 2820 609 2859 auro
656 2814 709 2859 et
746 2816 992 2874 argento,
1047 2816 1103 2861 et
1156 2808 1481 2863 vestimenta
1531 2817 1622 2863 tua
1677 2808 1849 2880 byssi,
1893 2817 1949 2863 et

365 2894 656 2966 trichapta,
690 2906 742 2952 et
772 2896 870 2971 (m)
914 2898 1266 2954 versicoloria
1300 2917 1313 2953 :
1346 2900 1603 2968 similam,
1630 2908 1684 2955 et
1710 2900 1837 2968 mel,
1892 2909 1948 2956 et

362 2988 544 3043 oleum
581 2990 888 3055 comedisti,
931 3000 986 3045 et
1024 2990 1167 3047 facta
1214 3007 1275 3047 es
1304 2992 1534 3063 pulchra
1582 2994 1739 3049 valde
1765 2993 1943 3061 valde,

364 3080 453 3155 (n)_
477 3091 531 3135 et
576 3089 724 3136 recta
762 3081 908 3136 ivisti
963 3084 1031 3151 Χ
1083 3083 1135 3137 in
1174 3099 1401 3154 regnum
1439 3085 1463 3155 ζ
1510 3104 1523 3140 :
1571 3085 1659 3140 14.
1695 3095 1750 3140 et
1778 3086 1948 3141 exivit
1997 3121 2002 3125 -

2064 604 2226 673 guine
2256 614 2349 659 tuo
2378 606 2579 662 vixisti.
2610 606 2700 660 2'5.
2730 607 2794 660 Et
2819 608 3017 663 factum
3058 626 3157 680 est,
3211 623 3326 686 post
3360 613 3434 684 (q)
3457 629 3650 670 onmes

2063 695 2302 751 malitias
2336 705 2478 761 tuas,
2512 700 2580 766 Χ
2612 713 2710 760 vce,
2743 714 2822 753 vae
2872 700 2968 753 tibi
3013 703 3061 769 ζ,
3093 704 3224 758 dicit
3274 706 3487 760 Adonai
3538 706 3648 763 Do-

2064 786 2267 852 minus,
2303 787 2392 841 94.
2429 797 2482 842 et
2504 788 2784 844 :edificasti
2811 790 2907 844 tibi
2938 792 3157 846 domum
3189 796 3563 863 scortationis,
3593 808 3648 853 et

2065 876 2242 933 fecisti
2277 879 2375 933 tibi
2430 864 2802 936 habitaculum
2836 882 2888 935 in
2933 884 3082 936 omni
3119 886 3318 952 platea,
3352 888 3442 942 25.
3474 902 3527 944 ct
3553 907 3647 946 su-

2061 985 2158 1039 per
2181 971 2452 1041 principio
2481 973 2659 1027 omnis
2680 974 2781 1027 vim
2809 974 3090 1030 mdilicasti
3120 977 3348 1045 lupanar
3384 988 3560 1045 tuum,
3592 992 3649 1036 et

2061 1064 2357 1132 corrupisti
2412 1066 2880 1133 pulchritudinem
2934 1077 3080 1122 tuam
3136 1087 3150 1123 :
3220 1078 3275 1124 et
3335 1070 3644 1128 divaricasti

2060 1168 2219 1207 crura
2258 1162 2349 1207 tua
2365 1155 2514 1209 omni
2537 1154 2751 1217 viatori,
2781 1166 2833 1211 et
2861 1157 3233 1225 multiplicasti
3256 1162 3644 1217 scortationem

2058 1247 2231 1304 tuam,
2266 1240 2356 1295 26.
2390 1251 2444 1296 et
2472 1250 2710 1297 scortata
2741 1260 2801 1298 es
2855 1260 3019 1321 super
3064 1245 3200 1301 filios
3227 1246 3472 1319 1E3ypti,
3510 1251 3648 1305 vici—

2059 1346 2159 1385 nos
2183 1341 2326 1396 tuos,
2367 1348 2573 1404 magnae
2595 1335 2800 1398 carnis,
2829 1345 2881 1391 ct
2915 1338 3148 1393 multum
3196 1351 3435 1396 scortata
3478 1357 3538 1399 es
3577 1344 3645 1397 ad

2057 1421 2384 1478 irritandum
2442 1441 2550 1479 me.
2608 1426 2698 1481 27.
2735 1426 2790 1482 Si
2839 1438 3023 1484 autem
3075 1433 3371 1488 extendere
3411 1450 3636 1490 manum

2057 1531 2234 1571 meam
2257 1532 2420 1588 super
2446 1527 2518 1583 te,
2546 1528 2601 1574 et
2634 1521 2818 1577 tollam
2843 1523 3083 1593 legitima
3122 1532 3232 1592 tua,
3258 1534 3312 1581 et
3345 1527 3558 1580 tradam
3587 1535 3642 1581 te

2057 1607 2108 1660 in
2139 1607 2351 1660 animas
2377 1608 2674 1663 odientium
2725 1619 2797 1674 te,
2841 1611 2980 1668 filias
3028 1614 3485 1685 alienigenarum,
3521 1633 3646 1686 quae

2056 1698 2326 1753 declinare
2358 1708 2408 1754 te
2439 1699 2645 1754 faciunt
2682 1699 2753 1772 (r)
2787 1718 2817 1756 a
2864 1705 2950 1757 via
2998 1714 3110 1772 tua,
3143 1706 3309 1776 impie
3334 1707 3513 1778 egisti.
3546 1708 3641 1763 28.

2057 1786 2124 1842 Et
2143 1798 2381 1845 scortata
2421 1806 2481 1846 es
2510 1806 2675 1861 super
2704 1791 2774 1863 (ε)
2817 1793 2957 1850 ﬁlios
2991 1798 3183 1862 Assur,
3213 1806 3269 1851 et
3298 1814 3405 1852 non
3449 1801 3530 1856 sic
3561 1817 3646 1857 sa-

2057 1881 2185 1935 tiata
2212 1897 2293 1947 es,
2314 1892 2369 1937 et
2408 1892 2645 1939 scortata
2683 1900 2760 1952 es,
2787 1894 2840 1940 et
2868 1902 2978 1941 non
3007 1888 3200 1942 satiata
3237 1888 3411 1955 fuisti,
3441 1890 3532 1947 29.
3588 1901 3643 1947 et

2056 1970 2425 2041 multiplicasti
2450 1973 2513 2042 (ι)
2536 1975 2899 2030 scortationes
2929 1985 3050 2032 tuas
3083 1981 3150 2047 χ
3171 1978 3236 2032 ad
3266 1987 3468 2035 terram
3495 1981 3641 2037 Cha-

2055 2077 2219 2125 naan,
2250 2072 2303 2116 et
2332 2063 2354 2132 ζ
2383 2062 2792 2132 Chaldaeorum,
2840 2082 2940 2122 nec
2986 2070 3037 2121 in
3068 2068 3156 2123 his
3185 2071 3393 2139 expleta
3427 2087 3505 2128 es.
3549 2073 3639 2128 50.

2055 2151 2135 2223 (ιι)
2167 2150 2309 2218 Quid
2348 2168 2546 2222 ponam
2579 2152 2655 2225 (ac)
2701 2169 2798 2210 cor
2828 2162 3007 2221 tuum,
3052 2158 3185 2212 dicit
3211 2159 3422 2214 Adon-ai
3455 2161 3643 2217 Domi-

2054 2244 2336 2299 nus?cnm
2376 2243 2549 2301 facias
2575 2246 2690 2301 hac
2725 2248 2908 2302 omnia
2925 2264 3088 2317 opera
3121 2250 3368 2307 mulieris
3403 2251 3642 2309 fornica-

2053 2337 2167 2399 riae,
2196 2338 2265 2406 χ(
2291 2337 2364 2407 (y)
2391 2338 2725 2394 confidenter
2749 2341 2962 2412 agentis
3006 2341 3055 2409 ζ,
3089 2351 3326 2398 scortata
3360 2360 3420 2401 es
3459 2346 3637 2416 tripli-

2051 2429 2186 2484 citer
2220 2445 2386 2500 super
2431 2430 2652 2486 ﬁliabus
2699 2432 2862 2500 tuis:
2903 2435 3037 2489 :51.
3090 2436 3311 2505 quando
3356 2436 3639 2492 azdilicasti

2052 2521 2282 2591 lupanar
2309 2531 2462 2578 tuum
2492 2539 2652 2593 super
2684 2525 2953 2595 principio
2973 2528 3156 2581 omnis
3185 2531 3307 2593 viae,
3341 2540 3396 2583 et
3418 2528 3642 2583 habita-

2050 2614 2235 2669 culum
2260 2624 2414 2670 tuum
2453 2613 2626 2672 fecisti
2672 2617 2725 2671 in
2752 2619 2900 2673 omni
2930 2618 3125 2689 platea,
3160 2630 3214 2675 et
3239 2636 3346 2675 non
3398 2619 3542 2675 facta
3578 2637 3639 2678 es

2050 2707 2194 2762 sicut
2233 2709 2492 2764 meretrix
2546 2711 2619 2781 μ)
2668 2726 3011 2782 congregans
3057 2713 3359 2778 mercedes,
3411 2714 3500 2768 52.
3562 2713 3638 2786 (ιι)

2051 2801 2248 2855 mulier
2274 2803 2591 2858 adulterans
2650 2804 2912 2859 desubter
2960 2805 3080 2859 viro
3126 2820 3228 2860 suo
3274 2821 3398 2860 cum
3441 2806 3638 2860 alienis

2050 2892 2247 2949 similis
2288 2894 2407 2959 tibi,
2440 2908 2560 2963 quae
2590 2909 2619 2947 a
2655 2895 2772 2950 viro
2823 2911 2925 2951 suo
2955 2895 3158 2965 accipit
3203 2896 3505 2962 mercedes,
3542 2897 3634 2952 55.

2048 2992 2103 3038 et
2132 2983 2390 3041 omnibus
2420 2986 2794 3041 scortantibus
2821 3001 2946 3041 cum
2970 3002 3033 3041 ea
3065 2987 3272 3042 addens
3294 2987 3390 3042 dat
3424 3003 3636 3043 merce-

2049 3073 2146 3130 des
2168 3093 2181 3141 ;
2202 3084 2254 3130 et
2281 3084 2337 3129 tu
2361 3075 2555 3135 dedisti
2580 3080 2648 3144 x
2676 3077 2953 3132 mercedes
2972 3078 3230 3134 omnibus
3256 3078 3276 3146 ζ
3298 3080 3638 3136 amatoribus

363 3185 562 3225 nomen
617 3180 764 3226 mum
828 3173 882 3227 in
950 3174 1206 3244 gentibus
1268 3174 1335 3229 de
1383 3175 1791 3245 pulchritudine
1830 3187 1942 3242 ωτι,
1973 3195 2016 3254 C
2051 3168 2183 3231 tuis,
2212 3176 2269 3223 et
2293 3170 2565 3225 onerabas
2598 3185 2714 3233 eos,
2749 3177 2809 3224 ut
2841 3170 3090 3225 venirent
3128 3171 3195 3226 ad
3237 3181 3290 3226 te
3328 3186 3359 3225 e
3401 3172 3635 3228 circuitu

275 3316 283 3323 ,
361 3263 488 3330 quia
535 3264 865 3333 completum
922 3273 1042 3320 erat
1108 3266 1163 3320 in
1232 3266 1638 3336 pulchritudine
1703 3269 1940 3335 decoris,

360 3368 518 3421 quam
546 3356 803 3411 constitui
844 3371 1010 3425 super
1041 3364 1111 3424 te,
1143 3356 1275 3413 dicit
1300 3357 1511 3413 Adonai
1543 3359 1822 3416 Dominus.
1850 3360 1938 3416 15.

357 3438 424 3495 Ει
447 3442 651 3498 conlisa
674 3442 823 3501 fuisti
852 3460 1020 3515 super
1036 3445 1438 3516 pulchritudine
1469 3455 1582 3512 tua,
1616 3457 1671 3504 et
1702 3460 1941 3506 scortata

357 3549 418 3589 es
445 3549 608 3605 super
631 3535 851 3591 nomine
876 3544 992 3604 tuo,
1023 3546 1077 3592 et
1103 3536 1342 3594 eﬂ'udisti
1372 3541 1760 3596 scortationem
1788 3551 1939 3598 tuam

356 3640 518 3694 super
537 3641 753 3682 omnem
800 3629 1066 3684 viatorem
1108 3646 1122 3683 :
1154 3629 1255 3699 ipsi
1282 3645 1427 3686 eras.
1458 3630 1544 3686 16.
1575 3631 1644 3687 Et
1669 3634 1843 3689 tulisti
1872 3634 1941 3690 de

357 3719 594 3774 vestibus
639 3720 769 3785 tuis,
818 3729 872 3776 et
923 3719 1101 3776 fecisti
1156 3722 1254 3777 tibi
1289 3722 1365 3792 (ο)
1409 3723 1556 3778 idola
1606 3735 1854 3792 consula,
1884 3735 1941 3783 et

354 3820 595 3867 scortata
629 3829 689 3869 es
727 3829 893 3884 super
913 3829 1002 3882 ea,
1052 3817 1130 3886 (p)
1158 3826 1214 3872 et
1242 3834 1352 3873 non
1381 3818 1733 3890 ingredieris,
1761 3837 1940 3891 neque

354 3903 464 3958 fiet.
484 3904 571 3959 17.
595 3905 659 3959 Et
688 3905 937 3961 sumsisti
970 3921 1096 3961 vasa
1124 3908 1468 3978 gloriationis
1494 3918 1599 3964 tuae
1627 3911 1694 3965 de
1714 3922 1939 3982 argento

352 4011 494 4061 meo,
527 4003 581 4050 et
605 3995 671 4050 de
697 4011 834 4049 auro
854 4011 997 4062 meo,
1031 3997 1098 4051 de
1122 3998 1209 4064 iis,
1243 4015 1367 4069 quae
1394 3999 1515 4054 dedi
1534 4001 1652 4068 tibi,
1679 4011 1733 4057 et
1762 4002 1939 4061 fecisti

352 4087 447 4142 tibi
480 4085 750 4156 imagines
776 4087 1133 4155 masculinas,
1171 4098 1227 4144 et
1255 4081 1493 4146 scortata
1532 4107 1592 4147 es
1628 4093 1680 4147 in
1710 4096 1813 4161 eis,
1846 4096 1935 4153 18.

348 4185 404 4231 et
430 4176 677 4230 sumsisti
710 4176 1095 4232 vestimentum
1145 4187 1295 4234 tuum
1316 4182 1564 4248 _varium,
1590 4196 1643 4238 et
1675 4187 1940 4255 operuisti

346 4285 462 4336 eas,
489 4277 545 4324 et
573 4268 755 4324 oleum
797 4284 1004 4337 meum,
1033 4281 1087 4323 et
1126 4281 1373 4330 aromata
1406 4289 1526 4329 mea
1549 4277 1785 4346 posuisti
1812 4290 1940 4335 ante

349 4364 541 4417 faciem
570 4377 756 4416 earum
794 4381 808 4415 :
843 4362 930 4417 19.
976 4372 1031 4418 et
1073 4379 1240 4433 panes
1274 4380 1449 4433 meos,
1485 4383 1627 4438 quos
1660 4370 1784 4425 dedi
1813 4372 1937 4438 tibi,

348 4453 608 4519 similam,
639 4461 693 4508 et
723 4453 927 4521 oleum,
958 4463 1013 4510 et
1058 4457 1166 4510 mel
1198 4456 1361 4512 edere
1387 4466 1441 4512 te
1464 4458 1590 4527 feci,
1622 4471 1677 4517 et
1706 4465 1935 4532 posuisti

2051 3271 2144 3317 tuo
2172 3259 2229 3316 in
2262 3262 2598 3317 scortatioue
2625 3272 2737 3317 tua.
2759 3262 2848 3319 54.
2884 3262 2959 3334 (b)
2995 3262 3062 3318 Et
3083 3262 3225 3319 facta
3247 3263 3398 3321 estin
3435 3273 3487 3318 te
3515 3280 3640 3335 per-

2045 3350 2279 3407 versitas
2311 3341 2436 3422 plus
2491 3368 2658 3423 quam
2708 3354 2762 3406 in
2797 3353 3145 3419 mulieribus,
3196 3355 3250 3409 in
3302 3357 3638 3411 scortatioue

2045 3454 2160 3508 tua,
2195 3452 2250 3498 et
2279 3452 2407 3513 post
2439 3453 2492 3499 te
2540 3461 2647 3500 non
2676 3453 2931 3500 scortata:
2964 3455 3111 3512 sunt,
3150 3446 3203 3500 in
3236 3431 3322 3512 eo,
3355 3449 3500 3517 quod
3540 3448 3637 3502 ad-

2042 3534 2200 3589 deres
2247 3536 2383 3590 dans
2433 3536 2734 3603 mercedes,
2788 3545 2844 3591 et
2895 3538 2990 3592 tibi
3028 3537 3313 3592 mercedes
3347 3551 3456 3591 non
3495 3536 3637 3592 datae

2042 3638 2190 3694 sunt,
2221 3637 2276 3684 et
2298 3628 2440 3684 facta
2484 3637 2615 3684 sunt
2640 3630 2692 3683 in
2743 3637 2794 3684 te
2822 3645 3100 3701 perversa.
3130 3628 3220 3684 55.
3259 3629 3485 3697 Propter
3507 3628 3633 3693 hoc,

2043 3721 2326 3787 meretrix,
2359 3721 2488 3776 audi
2520 3722 2748 3777 verbum
2780 3721 3017 3777 Domini.
3049 3721 3138 3777 56.
3173 3720 3299 3777 Haec
3326 3717 3460 3777 dicit
3487 3719 3636 3775 Ado-

2044 3812 2132 3865 nai
2168 3810 2435 3869 Dominus
2468 3812 2609 3870 :Pro
2631 3830 2696 3870 eo
2721 3815 2866 3885 quod
2896 3814 3135 3870 ell‘udisti
3166 3830 3241 3869 ωε
3271 3812 3634 3879 tuum,etiam

2043 3902 2375 3958 revelabitur
2412 3907 2694 3974 turpitudo
2744 3907 3098 3962 scortationis
3137 3916 3242 3961 tuae
3262 3906 3329 3960 ad
3361 3914 3635 3959 amatores

2045 4004 2188 4061 tuos,
2221 4005 2276 4050 et
2312 3995 2368 4049 in
2400 3999 2594 4052 omnes
2615 3998 2972 4068 cogitationes
3000 3998 3353 4069 iniquitatum
3390 4006 3632 4062 tuarum,

2044 4098 2098 4143 et
2120 4088 2175 4143 in
2198 4088 2560 4159 sanguinibus
2589 4089 2826 4144 filiorum
2860 4100 3100 4156 tuorum,
3139 4106 3278 4161 quos
3304 4090 3498 4146 dedisti
3528 4090 3631 4145 eis.

2041 4182 2131 4237 ‘57.
2175 4182 2406 4253 Propter
2437 4182 2540 4238 hoc
2589 4196 2654 4238 οξ-
2712 4197 2838 4237 ecce
2875 4198 2976 4252 ego
3007 4198 3173 4252 super
3198 4192 3251 4237 te
3304 4182 3635 4252 {congrego

2041 4288 2233 4329 omnes
2269 4283 2543 4331 amatores
2572 4283 2717 4339 tuos,
2750 4275 2802 4327 in
2831 4274 3032 4343 quibus
3068 4282 3120 4327 te
3141 4273 3540 4349 commiscuisti
3575 4275 3631 4328 in

2039 4365 2143 4433 eis,
2183 4376 2237 4421 et
2281 4381 2493 4433 omnes,
2554 4381 2696 4435 quos
2724 4365 2947 4432 amasti,
2988 4379 3112 4419 cum
3164 4363 3441 4431 omnibus,
3490 4378 3632 4434 quos

2039 4458 2235 4515 oderas
2275 4477 2289 4513 :
2341 4468 2395 4514 et
2448 4458 2793 4530 congregabo
2849 4472 2946 4512 eos
2995 4471 3159 4526 super
3192 4465 3242 4512 te
3272 4456 3531 4527 undique,
3577 4464 3633 4511 et

348 4559 412 4599 ea
434 4555 559 4599 ante
584 4543 779 4601 faciem
811 4561 1000 4602 earum
1032 4547 1089 4603 in
1111 4551 1336 4605 odorem
1368 4566 1613 4608 suavem.
1643 4553 1705 4608 Et
1730 4554 1933 4612 factum
1969 4541 2012 4594 Ι)
2041 4551 2294 4607 revelabo
2334 4551 2572 4606 malitias
2619 4560 2741 4607 tuas
2773 4552 2838 4604 ad
2884 4565 3001 4615 eos,
3024 4559 3079 4605 et
3123 4549 3387 4605 videbunt
3410 4565 3629 4606 omnem

348 4644 432 4690 cst
463 4643 586 4705 post
608 4634 742 4703 haec,
771 4635 905 4692 dicit
924 4636 1140 4694 Adonai
1160 4638 1451 4710 Dominus,
1476 4641 1566 4697 20.
1602 4654 1658 4700 et
1683 4649 1932 4704 sumsisti

345 4726 488 4782 filios
514 4735 654 4793 tuos,
680 4736 735 4783 et
758 4728 901 4783 filias
933 4737 1077 4796 tuas,
1106 4745 1247 4800 quas
1270 4733 1506 4802 genuisti
1534 4735 1604 4803 >ε<
1626 4736 1759 4792 mihi
1789 4739 1837 4807 ζ,
1878 4749 1933 4796 et

343 4817 665 4875 sacrificasti
711 4834 776 4875 ea
818 4821 900 4877 eis
933 4820 986 4874 in
1021 4822 1461 4878 consumtionem
1495 4842 1509 4880 :
1545 4828 1705 4897 quasi
1730 4844 1925 4900 parum

341 4917 581 4964 scortata
612 4910 710 4975 sis,
755 4909 844 4965 21.
883 4918 938 4966 et
967 4911 1220 4967 mactasti
1242 4911 1383 4967 ﬁlios
1436 4924 1581 4979 tuos,
1633 4924 1688 4971 et
1731 4918 1929 4977 dedisti

338 5016 456 5070 eos,
488 5016 614 5057 cum
648 5004 918 5060 reduxisti
971 5005 1042 5060 ab
1064 5006 1147 5061 eis
1174 5021 1287 5061 eos.
1331 5005 1423 5059 22.
1454 5005 1570 5063 Hoc
1605 5009 1725 5078 plus
1761 5027 1927 5081 quam

280 5130 283 5133 ‹
339 5095 518 5150 omnis
553 5095 818 5153 scortatio
850 5104 964 5161 tua,
1013 5098 1082 5165 Χ
1138 5106 1193 5153 et
1243 5096 1683 5155 abominationes
1717 5104 1872 5172 tuae:
1911 5124 1923 5160 :

336 5193 393 5240 et
424 5200 537 5241 non
576 5187 862 5242 recordata
911 5202 972 5242 es
1023 5186 1131 5242 diei
1185 5186 1434 5258 pueritiae
1467 5195 1596 5256 tuae,
1627 5190 1756 5246 dum
1802 5207 1926 5249 eras

406 5345 504 5429 (Γ),
529 5346 589 5403 3-
804 5388 844 5418 ,_
874 5349 930 5404 in
994 5349 1412 5429 impudentiam.

336 5430 559 5473 amoris.

332 5487 545 5541 riorum
574 5487 894 5544 multorum.

332 5570 510 5627 neque
543 5556 728 5613 futura
757 5568 905 5627 su_nt.

333 5630 526 5682 satiata
554 5644 634 5683 es.

974 5490 1052 5559 (η)
1098 5488 1183 5556 8.,
1226 5500 1282 5545 et
1313 5490 1609 5546 extendisti
1658 5488 1729 5549 te.

1509 5349 1585 5423 (9)
1630 5352 1834 5430 ευρ-,οε
1868 5357 2114 5430 ingressn
2174 5357 2376 5430 esnin_
2394 5364 2775 5410 ornamentum
2829 5358 3303 5430 ornamentorum.

636 5417 822 5508 (11‘s.,
875 5429 931 5474 et
978 5417 1155 5508 velaxi
1210 5430 1277 5508 te‘
1315 5417 1606 5508 velamine.
1659 5417 1758 5508 _(k)

2049 5444 2168 5508 tre._
2224 5428 2287 5499 (ι)
2465 5441 2632 5508 super
2673 5433 3078 5508 naremntuam.
3159 5420 3258 5508 (ut)
3298 5417 3624 5508 §.,_:t'eato-

1807 5498 1880 5568 (ο)
1905 5497 1987 5563 8.,
2021 5497 2242 5554 excelsa
2265 5497 2650 5568 multicoloria.

984 5560 1059 5631 (q)
1095 5559 1298 5640 Omnes
1314 5560 1627 5640 ‘in’justitias
1653 5559 1826 5620 tuasf
1864 5559 1946 5640 '(r)
1975 5559 2062 5634 8.,
2087 5576 2242 5624 extra
2278 5583 2308 5620 a
2337 5559 2857 5640 viistuissordidis.‘
2897 5559 3110 5640 ~($13.,
3140 5560 3300 5640 filias,
3346 5561 3476 5640 quia
3508 5574 3590 5638 no]

713 5616 1173 5708 (t_)'1‘esta_m_'énta.
1251 5631 1330 5699 (ιι)
1364 5616 1449 5698 έ.,
1482 5630 1535 5684 in
1572 5616 1945 5708 qttoﬂmunda

2550 5616 2761 5708 Filias.
2783 5616 3055 5708 ἀρῇ-ἑά
3074 5616 3401 5708 imperiosa-2
3443 5627 3615 5708 domi.

2041 4642 2437 4713 turpitudinem
2461 4653 2632 4699 tuam.
2666 4643 2756 4699 '58.
2787 4643 2855 4698 Et
2895 4642 3128 4699 ulciscar
3158 4649 3212 4696 te
3234 4640 3445 4697 ultione
3474 4641 3633 4696 adul-

2038 4742 2302 4798 terarum,
2328 4740 2382 4788 et
2411 4731 2808 4788 eﬂ‘undentium
2860 4732 3204 4804 sanguinem,
3245 4741 3299 4787 et
3330 4745 3523 4800 ponam
3580 4742 3632 4786 te

2034 4826 2091 4881 in
2114 4827 2439 4896 sanguinem
2475 4826 2702 4892 furoris,
2740 4834 2795 4880 et
2846 4826 2970 4881 zeli.
3005 4825 3094 4881 39.
3127 4824 3195 4877 Et
3225 4824 3433 4877 tradam
3485 4831 3535 4875 te
3573 4823 3629 4877 in

2035 4931 2236 4971 manus
2258 4931 2472 4981 eorum,
2505 4926 2558 4971 et
2587 4917 2904 4972 subvertent
2948 4916 3180 4986 lupanar
3207 4922 3386 4979 tuum,
3433 4918 3487 4966 et
3533 4926 3629 4966 ex-

2036 5007 2347 5078 stirpabunt
2379 5008 2449 5079 (c)
2482 5007 2851 5064 habitaculum
2882 5016 3063 5070 tuum,
3084 5015 3138 5060 et
3161 5013 3364 5059 exuent
3387 5013 3439 5058 te
3461 5003 3629 5058 vesti-

2035 5100 2237 5154 mentis
2267 5099 2398 5165 tuis,
2426 5107 2482 5154 et
2526 5101 2716 5156 tollent
2746 5115 2875 5157 vasa
2911 5097 3252 5169 gloriationis
3303 5105 3429 5163 tuae,
3459 5104 3512 5151 et
3541 5098 3626 5151 di-

2035 5191 2260 5247 mittent
2292 5201 2344 5246 te
2393 5192 2619 5259 nudam,
2652 5202 2705 5248 et
2759 5191 3185 5260 discoopertam.
3220 5187 3312 5243 40.
3349 5189 3414 5243 Ει
3451 5188 3625 5243 addu-
3705 5223 3712 5230 -

3408 5349 3484 5422 (It)
3535 5348 3618 5414 5.,

2729 5494 2807 5562 (Ρ)
2867 5492 2954 5558 8ο,
2986 5508 3110 5562 qua:
3154 5506 3267 5562 non
3297 5490 3440 5562 facta
3468 5498 3617 5552 sunt,

2921 5560 3110 5633 (si—8.,
3140 5560 3300 5633 filias,
3346 5561 3476 5633 quia
3508 5574 3616 5633 non

332 5694 407 5765 (ι)
435 5694 599 5779 8.).ἰη
625 5694 880 5779 aequitate
906 5699 1031 5779 fidei
1064 5694 1402 5779 congregans
1434 5694 1729 5759 mercedes.
1807 5708 1887 5777 (α)
2054 5725 2089 5765 ο
2120 5694 2590 5779 mulieradu'ltera
2623 5694 2907 5779 accipiens
2933 5694 3192 5779 desubter
3214 5698 3333 5779 viro
3362 5712 3467 5752 suo
3488 5697 3618 5779 alie-

333 5781 454 5820 nos.
487 5767 755 5840 omnibus
784 5771 982 5825 scortis
1012 5767 1292 5840 mercedes
1312 5771 1540 5832 dantur:
1594 5782 1649 5827 tu
1682 5767 1880 5832 autem
1911 5767 2036 5835 cum
2086 5780 2188 5832 hoc
2240 5773 2458 5829 dedisti.
2538 5770 2613 5839 (ὁ)
2664 5767 2758 5840 8.,’
2784 5785 2838 5830 et
2873 5772 3080 5829 factum
3115 5777 3198 5825 est
3224 5767 3280 5821 in
3315 5773 3368 5820 te
3390 5767 3618 5836 quodin

331 5838 604 5907 opposito.
680 5838 752 5911 (c)
785 5840 868 5909 S.,
896 5838 1236 5895 altitudinem
1270 5850 1440 5897 tuam.

3024 5898 3049 5911 ρ
