4072 6424
303 339 453 398 2715

1567 332 1970 388 IIEZECIELIS
1993 332 2222 388 CAPUT
2264 334 2447 390 XVIII.

3477 345 3614 406 27Ιᾶ

306 454 377 508 ad
403 453 646 508 domum
698 453 919 509 Israelis
964 452 1270 508 irritantcm
1325 470 1339 506 :
1391 450 1509 506 Non
1561 452 1738 510 scitis.
1792 450 1920 520 quid
1953 459 1998 510 Α
2030 451 2082 504 5.
2111 449 2245 505 Vivo
2269 467 2390 523 ego,
2433 454 2565 509 dicit
2598 457 2810 511 Adonai
2845 458 3108 514 Dominus
3159 460 3250 515 :si
3293 461 3460 515 fuerit
3495 477 3613 516 am-

307 548 425 601 sint
466 546 612 609 hate,
642 561 766 616 qua:
819 545 971 600 dixi?
1015 545 1104 598 die
1161 544 1243 599 eis
1271 563 1282 596 :
1313 543 1386 614 (ε.)
1418 543 1555 598 Ecce
1608 544 1789 598 veniet
1826 560 1918 596 rcx

310 639 623 710 Babylonis
648 654 817 709 super
844 637 1178 700 Jerusalem,
1204 645 1258 691 et
1280 636 1462 706 capiet
1487 652 1634 701 eam,
1660 646 1714 691 et
1739 650 1920 705 regem

311 731 462 799 ejus,
507 740 567 785 et
602 730 884 801 principes
908 727 1048 796 ejus,
1077 737 1132 782 et
1161 727 1322 782 ducet
1338 742 1435 782 eos
1463 727 1529 781 ad
1561 727 1917 795 semetipsum

314 822 370 875 in
415 821 790 894 Babylonem.
830 821 920 874 15.
949 819 1014 873 Ει
1044 829 1226 874 suntet
1287 820 1353 873 de
1400 817 1609 872 semine
1656 817 1832 884 regni,
1869 826 1924 870 et

310 919 582 987 disponet
614 917 688 972 ad
727 931 852 971 eum
884 921 1298 978 testamentum,
1336 922 1390 966 et
1443 911 1753 965 introducet
1795 925 1920 964 eum

314 1011 371 1064 in
397 1009 815 1072 maledictione,
843 1015 897 1060 et
925 1005 1201 1074 principes
1228 1012 1386 1058 terra:
1411 1003 1607 1071 capiet,
1640 1002 1724 1055 11.
1767 1002 1844 1071 (a)
1865 1009 1924 1053 ut

315 1101 390 1155 sit
428 1099 485 1154 in
523 1114 768 1170 regnum
803 1096 1110 1159 infirmum,
1144 1093 1292 1164 quod
1338 1093 1565 1146 omnino
1592 1107 1701 1146 non
1744 1092 1922 1146 eleva-

312 1193 490 1257 bitur,
517 1191 594 1246 ad
630 1188 1056 1248 custodiendum
1093 1195 1484 1242 testamentum
1516 1185 1658 1254 ejus,
1706 1195 1760 1239 et
1810 1193 1922 1239 sta-

317 1293 436 1340 tuet
463 1282 634 1339 illud.
679 1282 769 1336 15.
804 1281 868 1335 Et
907 1278 1125 1334 recedet
1155 1278 1224 1332 ab
1252 1292 1340 1342 eo,
1379 1276 1646 1331 mittendo
1697 1276 1921 1330 nuntios

317 1377 373 1429 in
409 1374 748 1446 Egyptum,
811 1372 879 1426 ad
930 1369 1168 1425 dandum
1228 1370 1277 1423 ei
1310 1383 1506 1438 equos,
1563 1377 1617 1421 ct
1662 1366 1920 1436 populum

319 1463 597 1518 multum.
639 1461 696 1516 Si
729 1462 1019 1531 dirigetur,
1045 1459 1092 1514 si
1125 1459 1455 1522 servabitur,
1491 1457 1585 1526 qui
1633 1456 1762 1512 facit
1793 1472 1923 1512 con-

326 1557 544 1611 traria?
577 1555 651 1627 (ὁ)
689 1566 742 1610 et
772 1555 866 1624 qui
931 1551 1332 1622 transgreditur
1389 1559 1777 1606 testamentum
1815 1589 1828 1609 ,
1879 1549 1923 1602 si

327 1647 683 1702 salvabitur?
717 1646 803 1700 16.
840 1642 1070 1714 Propter
1104 1642 1209 1696 hoc
1240 1642 1364 1696 vivo
1389 1656 1513 1712 ego,
1550 1641 1681 1694 dicit
1709 1639 1921 1694 Adonai

329 1740 626 1806 Dominus,
660 1739 764 1794 nisi
795 1739 849 1792 in
888 1738 1008 1793 loco
1045 1736 1209 1806 regis,
1247 1735 1341 1806 qui
1373 1749 1601 1804 regnare
1625 1733 1750 1788 fecit
1771 1747 1919 1796 eum,

2024 541 2169 609 plius
2192 542 2421 597 dicenda
2446 543 2707 612 parabola
2738 546 2853 602 haec
2885 549 2936 600 in
2969 549 3198 616 Israele;
3225 551 3281 604 4.
3335 551 3463 620 quia
3492 567 3612 606 om-

2025 651 2120 690 nes
2155 636 2351 690 animm
2377 652 2510 691 mea:
2540 649 2687 702 sunt,
2713 641 3176 709 quemadmodum
3214 646 3396 699 anima
3416 649 3608 715 patris,

2025 729 2097 783 ita
2122 738 2173 784 et
2209 729 2388 784 anima
2419 731 2538 795 lilii,
2576 747 2710 786 mea:
2739 741 2908 786 sunt:
2943 735 3124 788 anima
3177 752 3301 806 qua:
3346 753 3609 807 peccave-

2025 824 2118 886 rit,
2146 822 2206 893 (ἱ)
2243 824 2359 893 ipsa
2410 825 2698 878 morietur.
2743 826 2797 879 5.
2845 825 3022 881 Homo
3063 838 3267 893 autem,
3305 830 3397 898 qui
3446 829 3611 885 fuerit

2021 915 2227 984 justus,
2283 915 2376 985 qui
2396 913 2527 970 facit
2571 916 2842 987 judicium
2893 926 2948 972 et
2975 919 3286 988 justitiam,
3330 921 3384 975 6.
3446 937 3611 992 super

2024 1006 2306 1060 montibus
2336 1022 2442 1060 non
2477 1007 2798 1074 comederit,
2830 1017 2884 1062 et
2910 1009 3099 1064 oculos
3127 1026 3258 1066 suos
3286 1027 3392 1066 non
3425 1022 3612 1068 sustu-

2025 1095 2149 1149 lerit
2178 1096 2244 1150 ad
2279 1095 2352 1167 (Ir)
2387 1096 2748 1166 cegitationes
2773 1099 2971 1154 domus
3003 1099 3244 1166 lsraelis,
3292 1112 3347 1156 et
3379 1117 3608 1159 uxorem

2028 1187 2263 1255 proximi
2291 1188 2377 1242 sui
2407 1203 2515 1242 non
2546 1189 2821 1259 polluerit,
2851 1200 2903 1245 et
2930 1192 2997 1246 ad
3029 1194 3336 1256 mulierem,
3371 1212 3495 1266 qua:
3526 1205 3612 1250 est

2027 1279 2078 1330 in
2113 1287 2422 1341 tnenstruo,
2464 1294 2571 1333 non
2603 1282 2918 1348 accesserit,
2969 1282 3018 1337 7.
3079 1293 3134 1338 et
3182 1284 3456 1339 hominem
3499 1301 3608 1340 non

2025 1369 2324 1438 subegerit,
2369 1370 2564 1441 pignus
2589 1371 2854 1427 debitoris
2897 1373 3211 1438 reddiderit,
3248 1385 3304 1430 et
3356 1377 3608 1446 rapinam

2028 1476 2134 1513 non
2169 1461 2432 1529 rapuerit,
2470 1477 2663 1531 panem
2689 1479 2860 1516 suum
2889 1465 3152 1520 esurienti
3167 1466 3399 1532 dederit,
3428 1478 3483 1520 et
3509 1483 3610 1521 nu-

2025 1553 2153 1606 dum
2187 1554 2462 1622 operuerit
2493 1565 2665 1618 veste,
2730 1555 2781 1610 8.
2818 1566 2873 1610 et
2917 1567 3204 1629 argentum
3243 1575 3404 1614 suum
3445 1575 3612 1629 super

2028 1658 2193 1698 usura
2225 1658 2333 1697 non
2364 1642 2592 1710 dederit,
2621 1655 2676 1699 et
2701 1647 3038 1714 superfluum
3080 1664 3188 1702 non
3223 1650 3503 1714 sumserit,
3540 1650 3612 1705 ab

2027 1734 2297 1804 injustitia
2328 1737 2587 1791 averterit
2615 1754 2836 1792 manum
2864 1755 3045 1805 suam,
3073 1740 3342 1810 judicium
3399 1743 3609 1810 justum

329 1831 426 1902 qui
457 1831 666 1902 sprevit
703 1827 1145 1886 maledictionem
1179 1840 1382 1889 meam.
1404 1833 1459 1879 el
1488 1825 1582 1894 qui
1621 1832 1923 1892 transgres—
1957 1820 1996 1874 Β
2028 1823 2221 1881 fecerit
2282 1827 2424 1881 inter
2449 1828 2624 1883 virum
2653 1838 2708 1884 et
2765 1846 2825 1886 -ξ-
2873 1832 3013 1886 inter
3049 1833 3070 1901 ζ
3124 1833 3433 1902 proximum
3469 1835 3611 1902 ejus,

331 1942 432 1982 sus
461 1934 545 1980 est
579 1931 966 1980 testamentum
1005 1932 1210 1984 meum,
1243 1933 1372 1972 cum
1417 1931 1482 1972 eo
1512 1917 1566 1970 in
1615 1915 1794 1969 medio
1818 1913 1921 1967 Da-

333 2017 558 2088 bylonis
587 2016 872 2071 morietur.
913 2013 1000 2067 17.
1038 2011 1106 2065 Ει
1153 2026 1264 2065 non
1315 2011 1371 2064 in
1429 2009 1632 2062 virtute
1699 2021 1918 2077 magna,

337 2123 521 2177 neque
551 2109 604 2162 in
643 2107 800 2162 turba
831 2105 1000 2160 multa
1056 2101 1222 2159 faciet
1251 2101 1516 2157 adversus
1561 2115 1684 2155 cum
1709 2099 1923 2154 Pharao

339 2200 569 2265 bellum,
597 2202 650 2253 in
676 2199 824 2268 jactu
851 2198 1034 2261 fossae,
1057 2205 1112 2250 et
1155 2195 1210 2249 in
1244 2202 1520 2250 structura
1548 2192 1843 2247 stationum
1871 2201 1924 2246 et

339 2291 692 2354 balistarum,
726 2300 786 2345 ut
817 2289 1035 2358 dejiciat
1063 2288 1272 2343 animas
1312 2287 1533 2341 multas.
1569 2285 1656 2340 18.
1692 2284 1756 2338 Et
1771 2300 1924 2354 spre-

339 2381 417 2434 vit
439 2381 838 2450 juramentum,
879 2391 936 2436 ut
966 2381 1434 2450 transgrederetur
1492 2384 1876 2432 testamentum
1906 2392 1918 2426 :

335 2481 390 2526 et
445 2486 582 2527 ecce
607 2472 676 2543 (ε)
698 2472 1075 2526 deditmanum
1099 2487 1279 2535 suam,
1297 2480 1351 2526 et
1371 2471 1560 2526 omnia
1591 2471 1706 2526 haec
1723 2469 1919 2526 fecit+

335 2565 436 2634 ei:
471 2582 489 2618 :
524 2581 653 2618 num
690 2563 1153 2634 salvabitur?.l9.
1205 2563 1434 2634 Propter
1468 2564 1572 2619 hoc
1612 2564 1702 2619 dic
1742 2583 1753 2617 :
1798 2563 1924 2618 Ilaec

335 2655 470 2710 dicit
498 2655 710 2711 Adonai
741 2654 1004 2711 Dominus
1032 2673 1043 2708 :
1080 2655 1217 2711 Vivo
1247 2669 1380 2726 ego,
1421 2655 1526 2710 nisi
1546 2655 1922 2726 juramentum

338 2762 546 2813 meum,
581 2748 726 2816 quod
754 2747 981 2816 sprevit,
1005 2755 1060 2801 et
1101 2754 1492 2802 testamentum
1537 2763 1742 2811 meum,
1775 2747 1923 2817 quod

338 2847 688 2910 trangressus
717 2846 822 2904 est,
842 2847 898 2892 et
923 2837 1065 2892 dabo
1089 2837 1223 2891 illud
1272 2836 1326 2891 in
1365 2845 1528 2908 caput
1555 2837 1674 2906 ejus
1703 2858 1714 2892 :
1750 2837 1838 2892 20.
1872 2847 1925 2892 et

335 2933 630 2988 extendam
662 2946 830 3000 super
863 2945 988 2984 eum
1022 2939 1135 2985 rete
1152 2932 1687 3002 meum,eteapietur
1716 2931 1769 2985 in
1793 2947 1924 3004 gyro

336 3024 494 3094 ejus:
530 3041 592 3082 -t—
625 3034 679 3080 et
711 3025 909 3081 ducam
937 3038 1062 3079 eum
1089 3024 1142 3078 in
1166 3023 1520 3094 Babylonem,
1543 3023 1924 3094 etdijudicabo

339 3133 470 3174 cum
507 3134 574 3174 eo
601 3121 674 3174 ibi
696 3119 1020 3190 injustitiam
1050 3121 1190 3190 ejus,
1244 3134 1410 3191 quam
1469 3117 1679 3188 injuste
1718 3119 1828 3188 egit
1870 3119 1922 3172 in

338 3227 471 3267 me:
501 3212 592 3266 21.
627 3213 703 3282 (d)
734 3223 788 3267 et
823 3227 1015 3269 omnes
1063 3211 1282 3284 profugi
1339 3212 1511 3282 ejus:
1552 3211 1608 3266 in
1661 3212 1810 3266 ornui
1843 3211 1925 3265 in-

339 3305 646 3359 structione
675 3304 798 3359 belli
827 3304 946 3375 ejus
978 3306 1030 3360 in
1056 3304 1238 3376 gladio
1256 3303 1480 3358 cadent:
1511 3303 1648 3374 (e)et
1676 3304 1926 3358 residuos

338 3411 531 3450 eorum
562 3396 619 3449 in
647 3409 866 3450 omnem
893 3404 1118 3449 ventum
1174 3394 1568 3459 disseminabo,
1615 3405 1671 3448 et
1720 3409 1926 3466 cogno-

336 3488 528 3552 scetis,
567 3487 695 3558 quia
729 3502 830 3558 ego
863 3485 1130 3542 Dominus
1157 3487 1374 3542 locutus
1405 3502 1551 3542 sum.
1589 3485 1927 3556 22.21'0pter

336 3581 446 3635 hoc
481 3581 597 3636 haec
627 3581 758 3636 dicit
785 3579 997 3635 Adonai
1031 3579 1294 3634 Dominus
1323 3597 1337 3631 :
1378 3581 1443 3634 Et
1473 3593 1686 3634 sumam
1720 3594 1820 3650 ego
1859 3579 1928 3634 de

334 3673 530 3728 electis
561 3673 708 3728 cedri
748 3673 815 3728 de
844 3673 1070 3734 vertice,
1096 3676 1164 3739 Χ
1191 3683 1244 3726 et
1275 3672 1418 3728 dabo
1447 3673 1514 3728 de
1537 3671 1713 3740 capite
1739 3685 1928 3739 propa-

335 3763 532 3834 ginum
556 3765 678 3832 ejus
712 3766 775 3835 ζ,
806 3764 972 3819 corda
1015 3779 1203 3818 eorum
1237 3763 1549 3827 inlirmabo,
1587 3771 1641 3816 et
1675 3761 1928 3829 plantabo

336 3870 445 3925 ego
519 3871 684 3925 super
745 3864 987 3908 montem
1047 3854 1351 3918 excelsum,
1392 3853 1485 3906 25.
1510 3863 1564 3906 et
1596 3851 1926 3920 suspendam

333 3957 468 3998 eum
505 3944 558 3996 in
597 3951 780 3997 monte
812 3942 1033 3996 sublimi
1090 3942 1328 3997 Israelis.
1380 3943 1445 3994 Et
1480 3941 1758 4010 plantabo,
1786 3940 1850 4010 (Γ)
1875 3951 1930 3996 et

331 4032 583 4103 proferet
594 4047 840 4101 germen,
864 4041 918 4086 et
943 4031 1108 4086 faciet
1132 4031 1393 4097 fructum,
1421 4043 1474 4086 et
1493 4031 1598 4085 erit
1623 4032 1678 4086 in
1704 4033 1926 4086 cedrum

335 4140 598 4196 magnam
635 4143 648 4178 :
686 4135 740 4177 et
768 4125 1078 4192 requiescet
1108 4125 1212 4180 sub
1257 4141 1322 4180 ea
1360 4126 1435 4195 (g)
1479 4125 1661 4180 omnis
1687 4127 1826 4189 avis,
1873 4134 1929 4180 et

334 4233 505 4283 omne
528 4216 747 4271 volatile
775 4217 880 4270 sub
935 4217 1129 4272 umbra
1164 4219 1282 4287 ejus
1330 4233 1386 4273 σιν
1434 4218 1739 4288 requiescet
1777 4220 1840 4288 ζ,
1876 4228 1930 4272 ct

338 4309 595 4379 palmites
619 4309 742 4379 ejus
770 4310 1156 4377 restituentur,
1184 4311 1273 4365 24.
1297 4319 1351 4364 et
1372 4311 1548 4366 scient
1569 4312 1748 4366 omnia
1782 4311 1927 4381 ligna

340 4400 552 4468 campi;
595 4399 724 4469 quia
748 4415 850 4470 ego
876 4399 1166 4467 Dominus,
1198 4403 1290 4472 qni
1326 4402 1558 4456 humilio
1603 4402 1806 4472 lignum
1835 4418 1928 4458 cx-

2033 1920 2086 1976 9.
2107 1927 2160 1972 et
2183 1919 2235 1972 iu
2259 1921 2544 1990 praeceptis
2574 1920 2710 1976 meis
2728 1922 3109 1988 ambulaverit,
3129 1924 3614 1992 etjustilicationes

2031 2023 2182 2063 meas
2229 2009 2628 2077 custodiverit,
2691 2020 2750 2064 ut
2798 2009 2962 2066 faciat
2994 2027 3121 2078 eas;
3172 2015 3357 2082 justus
3389 2015 3474 2069 hic
3506 2025 3612 2080 est,

2033 2101 2144 2156 vita
2174 2103 2337 2167 vivet,
2369 2102 2500 2156 dicit
2530 2103 2734 2157 Adonai
2762 2101 3048 2158 Dominus.
3091 2105 3174 2159 10.
3203 2103 3268 2159 Et
3298 2107 3342 2159 si
3367 2107 3616 2176 genuerit

2034 2195 2205 2250 filium
2236 2195 2299 2267 (ι)
2333 2207 2731 2266 corruptorem,
2766 2196 3132 2252 effundentem
3183 2200 3527 2266 sanguinem,
3560 2210 3614 2254 et

2034 2287 2323 2342 facientem
2364 2297 2609 2357 peccata,
2640 2289 2724 2342 ll.
2757 2287 2810 2341 in
2845 2288 2927 2342 via
2960 2288 3128 2356 patris
3181 2288 3267 2342 sui
3321 2289 3454 2358 justi
3505 2303 3611 2343 non

2033 2381 2351 2445 ambulavit,
2384 2381 2477 2435 sed
2503 2391 2558 2436 et
2581 2397 2746 2451 super
2787 2381 3064 2435 montibus
3099 2381 3356 2445 comedit,
3391 2391 3445 2436 et
3481 2397 3615 2435 uxo-

2033 2488 2148 2527 rem
2178 2472 2272 2544 (m)
2301 2473 2534 2543 proximi
2561 2473 2646 2526 sui
2679 2473 2890 2542 polluit,
2920 2472 3004 2526 12.
3047 2482 3099 2527 et
3124 2488 3352 2543 egenum
3391 2481 3445 2526 et
3479 2489 3614 2542 pau-

2035 2580 2218 2636 perem
2251 2565 2483 2635 subegit,
2521 2575 2576 2620 et
2634 2565 2878 2635 rapinam
2935 2566 3136 2636 rapuit,
3187 2575 3243 2620 et
3266 2565 3464 2635 pignus
3503 2579 3611 2619 nou

2033 2655 2289 2719 reddidit,
2313 2665 2368 2711 et
2401 2656 2455 2709 in
2483 2656 2626 2711 idola
2661 2657 2845 2726 posuit
2874 2655 3066 2710 oculos
3091 2669 3244 2719 suos,
3271 2654 3612 2724 iniquitatem

2035 2749 2185 2816 fecit,
2215 2751 2302 2805 1⁸5.
2333 2765 2456 2808 cum
2489 2765 2654 2804 usura
2693 2749 2860 2814 dedit,
2911 2757 2965 2802 et
2997 2746 3335 2816 superfluum
3375 2747 3612 2810 sumsit;

2034 2845 2112 2913 (η)
2142 2843 2228 2898 hic
2268 2843 2378 2898 vita
2409 2857 2518 2897 non
2551 2843 2696 2896 vivet
2723 2859 2738 2895 :
2771 2856 2962 2896 omnes
2990 2841 3087 2894 has
3129 2839 3446 2908 iniquitates
3465 2838 3613 2902 fecit,

2033 2946 2210 2991 morte
2264 2933 2726 2989 mortificabitur:
2783 2932 3008 3001 sanguis
3053 2931 3174 3001 ejus
3206 2946 3371 3002 super
3429 2931 3611 2999 ipsum

2033 3028 2158 3083 erit.
2192 3027 2279 3081 14.
2314 3025 2370 3080 Si
2402 3037 2581 3080 autem
2612 3025 2858 3095 genuerit
2890 3024 3060 3077 filium
3087 3063 3100 3086 ,
3126 3033 3180 3076 et
3213 3024 3408 3078 viderit
3432 3024 3615 3079 omnia

2036 3129 2256 3192 peccata
2286 3118 2454 3189 patris
2482 3118 2588 3184 sui,
2617 3132 2739 3186 quae
2780 3115 2925 3180 fecit,
2959 3124 3013 3168 et
3076 3114 3336 3178 timuerit,
3395 3123 3448 3168 et
3506 3129 3614 3167 non

2031 3209 2221 3266 fecerit
2245 3206 2548 3264 secundum
2593 3221 2678 3270 ea,
2722 3204 2804 3258 l5.
2857 3219 3023 3272 super
3076 3204 3354 3257 montibus
3383 3217 3492 3256 non
3523 3217 3616 3257 co-

2035 3303 2224 3367 medit,
2254 3309 2310 3355 et
2333 3302 2526 3354 oculos
2579 3313 2712 3352 suos
2769 3311 2876 3349 non
2916 3295 3100 3364 posuit
3163 3295 3228 3347 ad
3255 3293 3616 3364 cogitationes

2033 3397 2228 3452 domus
2262 3393 2504 3460 lsraelis,
2533 3401 2587 3447 et
2617 3405 2840 3444 uxorem
2877 3387 3108 3459 proximi
3140 3387 3222 3441 sui
3257 3402 3364 3439 non
3397 3384 3615 3454 polluit,

2036 3485 2123 3540 16.
2153 3493 2207 3540 et
2239 3484 2515 3540 hominem
2546 3495 2653 3534 non
2678 3477 2911 3548 subegit,
2937 3485 2990 3529 et
3016 3477 3213 3546 pignus
3250 3491 3360 3529 non
3395 3475 3614 3540 sumsit,

2032 3588 2091 3633 et
2114 3578 2360 3647 rapinam
2392 3592 2497 3630 non
2533 3573 2734 3643 rapuit,
2761 3585 2955 3640 panem
2983 3585 3143 3624 suum
3171 3567 3614 3630 esurientidedit,

2041 3679 2095 3723 et
2131 3669 2337 3723 nudum
2371 3667 2586 3737 operuit
2635 3668 2702 3734 >κ
2731 3671 2878 3718 veste
2909 3663 2930 3731 ζ
2956 3703 2971 3728 ,
3023 3661 3110 3714 17.
3153 3670 3205 3714 et
3253 3659 3320 3713 ab
3347 3659 3614 3728 injustitia

2037 3760 2236 3814 avertit
2256 3775 2480 3813 manum
2518 3773 2696 3823 suam,
2760 3769 2986 3810 usuram
3035 3763 3090 3808 et
3141 3751 3473 3822 superfluum
3507 3765 3615 3805 non

2036 3851 2258 3913 sumsit,
2292 3851 2563 3920 justitiam
2600 3848 2747 3911 fecit,
2785 3856 2841 3902 et
2905 3847 2958 3900 in
3016 3845 3302 3915 praeceptis
3334 3844 3471 3898 meis
3499 3859 3618 3897 am-

2037 3941 2282 4008 bulavit;
2319 3941 2405 3993 hic
2457 3956 2564 3994 non
2593 3940 2856 3993 morietur
2905 3940 2958 3993 in
3000 3939 3285 4009 injustitiis
3307 3938 3477 4010 patris
3505 3938 3612 3999 sui,

2037 4034 2148 4086 vita
2179 4031 2342 4086 vivet.
2383 4061 2450 4068 —
2495 4029 2580 4084 18.
2629 4029 2787 4084 Pater
2847 4031 2964 4099 ejus
2991 4040 3169 4082 autem
3234 4029 3278 4084 si
3327 4029 3620 4082 afflictione

2036 4124 2310 4190 afﬂixerit,
2344 4133 2398 4176 et
2423 4121 2667 4191 rapuerit
2722 4121 2964 4189 rapinam
2998 4122 3065 4187 Ἀ(
3099 4119 3284 4172 fratris
3317 4119 3376 4186 ζ,
3403 4128 3457 4172 et
3488 4134 3621 4172 con-

2037 4219 2204 4274 traria
2234 4215 2423 4270 fecerit
2450 4214 2504 4266 in
2549 4212 2727 4266 medio
2759 4211 2941 4279 populi
2962 4210 3099 4276 mei;
3153 4209 3314 4262 etiam
3351 4209 3622 4262 morietur

2038 4316 2092 4368 in
2122 4309 2392 4381 injustitia
2422 4323 2542 4362 sua.
2576 4304 2664 4360 19.
2701 4303 2774 4376 (o)
2809 4303 2874 4357 Et
2907 4301 3092 4356 dicitis
3122 4322 3134 4355 :
3179 4301 3320 4366 Quid
3365 4301 3619 4372 estquod

2035 4420 2146 4460 non
2185 4403 2307 4458 tulit
2340 4403 2485 4455 filius
2536 4397 2858 4468 injustitiam
2907 4395 3076 4464 patris
3127 4394 3253 4448 sui?
3293 4392 3432 4459 Quia
3474 4393 3622 4449 ﬁlius

340 4493 575 4557 celsum,
609 4504 662 4546 et
693 4494 874 4548 exalto
901 4494 1108 4564 lignum
1138 4495 1365 4559 humile,
1387 4505 1437 4550 et
1469 4493 1924 4563 arefaciolignum
1962 4521 2013 4581 υ
2040 4495 2474 4552 misericordiam
2510 4501 2564 4546 et
2611 4489 2882 4560 justitiam
2931 4487 3078 4550 fecit,
3139 4487 3324 4542 omnia
3379 4487 3621 4556 legitima

348 4584 540 4647 viride,
573 4595 627 4638 et
659 4585 838 4639 denuo
873 4587 1146 4642 virescere
1195 4586 1394 4641 faciam
1439 4587 1646 4656 lignum
1689 4587 1927 4642 aridum.

344 4676 462 4745 Ego
494 4675 758 4730 Dominus
789 4676 1006 4731 locutus
1032 4691 1180 4741 sum,
1209 4686 1264 4731 et
1285 4692 1507 4747 quoque
1529 4677 1747 4732 faciam.

414 4766 568 4821 CAP.
593 4766 776 4822 XVIII.
796 4797 864 4811 -—
883 4770 932 4823 1.
959 4767 1026 4822 Et
1043 4767 1248 4824 factum
1268 4779 1353 4824 est
1380 4771 1604 4824 verbum
1619 4770 1833 4825 Domini
1859 4771 1928 4826 ad

342 4875 431 4915 me
468 4859 659 4916 dicens
703 4863 804 4915 :2.
836 4859 938 4914 Fili
984 4861 1250 4925 hominis,
1302 4861 1432 4930 quid
1456 4861 1613 4918 vobis
1669 4863 1928 4930 parabola

340 4955 458 5008 haec
484 4954 561 5023 (h)
591 4955 645 5007 in
676 4954 801 5010 filiis
834 4954 1075 5018 lsraelis,
1107 4956 1352 5009 dicentes
1389 4971 1400 5005 :
1453 4953 1642 5010 Patres
1675 4955 1927 5008 comede-

343 5054 469 5099 runt
517 5059 652 5099 uvas
673 5045 920 5110 acerbas,
949 5052 1004 5100 et
1035 5045 1226 5100 dentes
1255 5045 1489 5100 filiorum
1530 5054 1860 5115 stupuerunt
1883 5049 1923 5097 ‘.

2040 4607 2162 4646 mea
2186 4586 2506 4661 custodivit,
2533 4595 2586 4640 et
2617 4583 2745 4639 fecit
2785 4598 2849 4636 ea
2882 4601 2894 4636 :
2930 4582 3040 4636 vita
3081 4581 3244 4635 vivet.
3288 4580 3378 4636 20.
3422 4581 3621 4636 Anima

2037 4691 2218 4742 autem
2250 4694 2485 4751 peccans
2520 4681 2585 4745 Ἀ(
2613 4677 2726 4746 ipsa
2766 4675 2787 4744 ζ
2816 4674 3110 4740 morietur;
3147 4675 3289 4730 filius
3313 4681 3492 4728 autem
3513 4689 3620 4727 non

2033 4774 2266 4844 accipiet
2290 4770 2615 4842 injustitiam
2645 4769 2836 4838 patris,
2882 4783 3058 4837 neque
3105 4777 3256 4835 pater
3281 4764 3510 4833 accipiet
3539 4765 3622 4817 in-

2028 4863 2302 4933 justitiam
2349 4857 2445 4914 fllii
2499 4859 2584 4914 sui
2617 4857 2870 4928 :justitia
2913 4857 3046 4926 justi
3089 4872 3255 4924 super
3286 4855 3464 4923 ipsum
3495 4853 3620 4916 erit,

2032 4964 2087 5008 et
2122 4951 2385 5024 iniquitas
2414 4950 2587 5020 iniqui
2620 4963 2784 5020 super
2811 4949 2990 5018 ipsum
3040 4947 3164 5001 erit.
3195 4947 3284 5001 21.
3322 4944 3545 5013 Iniquus
3574 4941 3621 4995 si

2031 5061 2094 5111 se
2123 5043 2453 5099 converterit
2487 5043 2556 5098 ab
2607 5042 2866 5098 omnibus
2889 5037 3276 5110 iniquitatibus
3321 5036 3458 5098 suis,
3484 5047 3622 5104 quas

413 5227 486 5297 (ι)
518 5224 768 5300 Quando.
801 5223 876 5294 (a)
900 5223 984 5300 S_.,
1011 5240 1110 5294 pro
1140 5239 1204 5278 eo
1219 5223 1380 5300 quod
1396 5235 1544 5300 esset
1568 5241 1792 5300 regnum
1819 5227 2126 5300 humile,_ut
2155 5243 2221 5282 ne
2243 5243 2302 5282 se
2329 5227 2569 5300 efferret,
2596 5227 2688 5281 sed
2716 5223 3018 5300 custodiret
3037 5219 3226 5300 [tradas
3255 5217 3398 5288 ejus,
3431 5226 3622 5300 ut_sta-

343 5289 518 5353 lueret
543 5289 700 5350 illud.
721 5289 964 5369 Recessit
983 5289 1164 5369 a'utctn
1183 5289 1359 5369 ab'ep,
1378 5295 1506 5369 dum
1531 5289 1679 5369 misit
1701 5298 1903 5364 legatos
1937 5299 1990 5351 in
2018 5289 2696 5369 Egyptummtdarentur
2713 5295 2926 5369 eiequi.
2949 5289 3205 5369 (b)E}tqtti
3224 5289 3624 5369 transgreditur

343 5377 753 5446 testametnum,
795 5367 842 5420 si
872 5365 1112 5446 effugiet.
1190 5367 1262 5435 (c)
1290 5364 1459 5446 D’edi’.‘
1521 5366 1600 5436 (ά)
1640 5365 1725 5446 ᾃη
1756 5359 1813 5446 et
1841 5359 2280 5446 ornn'es‘profugi
2309 5368 2430 5436 ejus
2454 5381 2595 5446 eunti
2621 5359 2878 5419 omnibus
2911 5359 3622 5446 penonisuejus.(distorti:

343 5453 460 5507 nes.
497 5437 563 5506 (Γ)
589 5436 674 5498 8.,
706 5444 761 5488 et
794 5428 1030 5507 portabit
1058 5428 1265 5507 ramos.
1314 5435 1389 5505 (gl
1417 5428 1622 5492 Omnes
1650 5428 1857 5492 bestiae.
1910 5438 1986 5504 (h)
2023 5428 2200 5507 super
2231 5428 2416 5491 Vterra.
2447 5436 2511 5504 (')
2555 5434 2868 5507 Perperam_
2891 5428 3055 5487 vertit
3095 5428 3339 5499 Norberg
3391 5428 3621 5507 verbum

343 5495 628 5578 Syriacum
663 5495 848 5591 ΤΡ-ὴ
907 5505 960 5558 in
991 5495 1359 5574 fulguraruni:
1403 5514 1523 5590 p1:
1565 5509 1711 5560 enim
1754 5495 2024 5576 significat
2056 5495 2220 5563 etiam
2268 5495 2507 5573 stupuit:
2555 5495 2689 5558 teste
2723 5503 2944 5556 nomine
2976 5511 3243 5588 ttmpm,
3279 5495 3467 5591 εῐιξρον
3495 5495 3624 5548 den"

347 5601 501 5653 tium.
535 5585 742 5655 Ducit.
821 5598 882 5668 (ἱ)
915 5597 980 5650 Et
1015 5597 1281 5668 ejus,_qui
1303 5585 1604 5653 comederit
1633 5612 1768 5668 uvas
1791 5600 2038 5663 acerbas,
2062 5601 2184 5668 ejus
2209 5601 2599 5666 obstupescent
2621 5595 2841 5668 dentes.
2875 5593 2966 5668 (k)_
2989 5585 3157 5668 Idola.
3235 5589 3298 5657 (Ι)
3329 5585 3412 5653 So,
3439 5593 3622 5641 trans-

341 5669 676 5735 gredientem
713 5662 912 5722 foedus.
991 5662 1087 5736 (ni)
1135 5662 1217 5728 8.,
1261 5667 1464 5722 fratris.
1542 5669 1619 5736 (η)
1650 5665 1733 5729 8.,
1769 5683 1900 5722 num
1954 5662 2135 5725 vivet?
2184 5683 2291 5722 non
2325 5662 2483 5719 vivet.
2563 5665 2637 5734 (ο)
2685 5662 2771 5728 S.,
2815 5662 3132 5717 ct'dixistis
3185 5669 3407 5712 autem:
3453 5669 3624 5724 quare

335 5737 496 5792 simul
517 5755 622 5794 non
654 5741 888 5810 portavit
931 5739 1076 5792 filius
1106 5738 1447 5806 iniquitatem
1479 5739 1649 5807 patris
1675 5740 1798 5791 sui?
1900 5740 1902 5743 ’
