4072 6402
531 340 658 396 715⁴

1600 341 1829 398 ΕΟῡΕΧ
1870 343 2663 402 SYRIACO-IIEXAPLARIS.

3610 343 3754 401 27l6

492 455 642 520 fecit,
682 463 738 508 et
769 452 1090 509 custodierit
1116 454 1301 509 omnia
1334 466 1609 527 praecepta
1641 470 1857 527 mea,et
1891 461 2078 517 feeerit
2106 468 2154 523 Α
2184 474 2311 518 runt
2338 479 2463 518 eum
2489 467 2543 518 in
2566 478 2745 528 camo,
2772 470 2827 518 et
2863 460 2917 516 in
2948 475 3146 517 eavea:
3178 459 3326 515 venit
3347 459 3411 514 ad
3443 473 3622 530 regem
3653 459 3755 513 Ba-

488 546 754 615 justitiam
784 554 838 600 et
859 546 1316 614 misericordiam,
1369 550 1481 605 vita
1530 553 1695 619 vivet,
1739 564 1923 610 etnon
1955 572 2074 611 mo-

492 638 681 692 rietur:
710 637 801 691 22.
858 637 932 709 (p)
990 639 1176 693 omnia
1221 639 1415 696 delicta
1440 644 1582 713 ejus,
1612 661 1731 715 qua:
1785 645 1929 711 fecit,
1965 661 2073 702 non

489 730 1070 784 commemorabuntur
1121 733 1190 799 Χ
1240 731 1312 795 ei,
1370 733 1465 788 sed
1528 735 1636 803 εἰη
1679 735 1891 806 justitia
1948 754 2070 802 sua,

487 837 653 892 quam
682 821 831 885 fecit,
863 822 1024 876 vivet.
1049 822 1141 877 25.
1160 821 1434 895 Numquid
1461 827 1692 884 volendo
1722 830 1896 883 volam
1924 846 2072 885 mor-

489 927 596 969 tem
632 915 828 985 iniqui,
859 915 991 970 dicit
1022 914 1290 973 Dominus
1324 918 1610 983 Dominus,
1640 921 1783 978 sicut
1837 922 1890 978 id
1923 928 2069 995 quod

488 1022 548 1062 se
576 1017 859 1063 convertat
885 1024 915 1062 a
947 1008 1033 1062 via
1061 1024 1161 1064 sua
1199 1011 1342 1065 mala
1372 1023 1427 1067 et
1454 1014 1633 1068 vivet?
1658 1014 1750 1069 24.
1776 1015 1913 1071 Cum
1936 1034 2068 1073 vero

487 1116 548 1154 se
582 1101 1040 1170 averteritjustus
1083 1118 1113 1156 a
1163 1103 1379 1173 iustitia
1417 1121 1538 1170 sua,
1596 1116 1651 1161 et
1705 1108 1895 1165 fecerit
1924 1111 2068 1182 inju-

484 1192 691 1246 stitiam
726 1233 741 1256 ,
784 1194 1083 1249 secundum
1112 1209 1302 1252 omnes
1357 1198 1691 1267 iniquitates,
1747 1218 1885 1272 quas
1936 1203 2068 1261 fecit

484 1284 728 1354 iniquus,
768 1286 814 1339 si
847 1285 1054 1352 fecerit,
1081 1302 1187 1341 non
1221 1290 1384 1355 vivet,
1443 1306 1635 1348 omnes
1661 1294 1889 1364 justitia:
1921 1301 2062 1366 ejus,

480 1394 622 1445 quas
685 1378 832 1443 fecit,
883 1394 991 1433 non
1045 1383 1625 1438 commemorabuntur
1660 1386 1706 1439 ei
1732 1402 1746 1436 :
1774 1387 1828 1441 in
1864 1388 2064 1444 delicto

481 1486 602 1533 suo,
633 1472 686 1525 in
718 1474 862 1541 quod
896 1474 1115 1540 cecidit,
1144 1485 1201 1529 et
1240 1475 1296 1530 in
1331 1472 1572 1547 p'eccatis
1615 1478 1754 1545 suis,
1787 1496 1912 1550 quae
1935 1498 2062 1551 pec-
2106 1514 2109 1517 ν

478 1564 639 1628 cavit,
669 1564 722 1617 in
748 1564 828 1619 eis
864 1566 1143 1621 morietur.
1172 1567 1334 1623 25.Et
1373 1570 1590 1625 dixistis
1631 1590 1644 1624 :
1676 1569 1796 1627 Non
1839 1583 1985 1629 recta
2021 1576 2063 1630 it

476 1657 563 1711 via
598 1656 814 1712 Domini
848 1677 861 1712 :
901 1660 1087 1714 audite
1120 1673 1328 1726 autem,
1359 1663 1555 1720 domus
1596 1664 1853 1724 lsraelis:
1898 1684 2059 1723 num-

475 1751 605 1819 quid
631 1751 715 1804 via
746 1765 865 1805 mea
896 1768 1001 1806 non
1035 1764 1180 1807 recta
1218 1755 1300 1809 it?
1350 1754 1539 1812 Nonne
1594 1758 1680 1813 via
1725 1768 1905 1815 vestra
1950 1777 2057 1816 non

475 1852 623 1897 recta
654 1843 737 1896 it?
769 1842 857 1897 26.
884 1845 1019 1899 Cum
1052 1848 1310 1901 averterit
1339 1865 1397 1903 se
1418 1848 1603 1919 justus
1630 1867 1661 1906 a
1684 1852 1900 1922 justitia
1934 1870 2056 1918 sua,

474 1941 530 1986 et
563 1932 751 1987 fecerit
783 1934 1064 2000 delictum,
1097 1947 1148 1990 et
1173 1939 1439 1994 morietur
1470 1940 1527 1993 in
1569 1941 1788 2007 delicto,
1814 1947 1959 2012 quod
1987 1944 2062 2000 fc-

472 2024 568 2089 cit,
607 2027 659 2078 in
690 2041 753 2080 eo
779 2028 1057 2082 morietur.
1083 2029 1170 2082 27.
1207 2029 1272 2084 Et
1309 2046 1434 2086 cum
1468 2034 1724 2089 averterit
1747 2051 1804 2090 se
1840 2037 2061 2108 iniquus

474 2116 543 2170 ab
583 2116 869 2187 iniquitate
899 2135 1018 2183 sua,
1050 2136 1217 2190 quam
1244 2120 1393 2190 fecit,
1450 2133 1505 2179 et
1550 2124 1740 2181 fecerit
1763 2127 2057 2198 judicium,

471 2209 840 2277 etjustitiam,
872 2210 960 2266 hic
983 2213 1221 2267 animam
1248 2230 1404 2271 suam
1452 2219 1767 2273 custodivit.
1791 2217 1963 2288 28.x
1996 2220 2062 2275 Et

470 2300 608 2354 vidit
635 2300 656 2367 ζ
690 2343 704 2367 ,
730 2309 783 2355 et
813 2316 872 2355 sc
903 2303 1098 2357 avertit
1129 2304 1199 2358 ab
1230 2306 1490 2361 omnibus
1518 2308 1892 2377 impietatibus
1915 2310 2055 2374 suis,

471 2406 611 2460 quas
646 2390 793 2457 fecit,
819 2393 931 2447 vita
961 2396 1124 2463 vivet,
1160 2411 1268 2451 non
1302 2399 1586 2453 morietur.
1623 2398 1714 2452 29.
1753 2399 1819 2453 Et
1867 2398 2060 2454 dicunt

471 2483 667 2538 domus
690 2482 925 2551 lsraelis,
959 2483 1079 2540 Non
1107 2496 1254 2542 recta
1287 2487 1330 2542 it
1356 2490 1446 2544 via
1504 2489 1745 2544 Domini.
1778 2489 2055 2560 Numquid

469 2578 555 2629 via
583 2592 702 2631 mea
762 2594 869 2634 non
922 2588 1069 2634 recta
1122 2578 1185 2645 it,
1214 2578 1412 2635 domus
1472 2580 1942 2637 Israelis?Nonne
1967 2582 2055 2635 via

468 2676 650 2722 vestra
706 2683 815 2723 non
853 2677 1000 2724 recta
1034 2667 1116 2724 it?
1166 2668 1258 2725 50.
1289 2671 1359 2739 χ
1396 2667 1626 2739 Propter
1653 2669 1759 2724 hoc
1789 2669 1817 2738 ζ
1850 2685 2053 2724 unum-

470 2775 743 2829 quemque
775 2759 1075 2815 secundum
1095 2760 1238 2816 viam
1258 2776 1416 2817 suam
1440 2760 1698 2831 iudicabo
1720 2776 1838 2827 vos,
1858 2763 2053 2818 domus

471 2850 710 2917 lsraelis,
761 2851 896 2907 dicit
924 2851 1135 2907 Adonai
1179 2850 1464 2907 Dominus.
1524 2851 1939 2917 Convertimiui,
2000 2863 2055 2908 et

469 2944 696 2997 avertite
720 2956 819 2998 vos
849 2944 918 2998 ab
939 2942 1197 3000 omnibus
1217 2943 1590 3013 impietatibus
1620 2946 1839 3009 vestris.
1871 2954 1925 3000 et
1947 2960 2053 3001 non

468 3043 631 3088 erunt
661 3032 813 3089 vobis
841 3033 896 3087 in
929 3041 1259 3091 tormentum
1282 3033 1585 3104 injustitiae.
1609 3035 1699 3091 51,
1730 3033 1990 3105 Projicite
2020 3051 2051 3091 a

2179 556 2415 627 bylonis,
2447 568 2501 611 et
2526 555 2832 612 introduxit
2859 571 2986 611 eum
3019 554 3092 626 (y)
3129 555 3184 608 in
3229 568 3525 618 carcerem,
3586 562 3646 607 ut
3684 568 3754 607 ne

2176 646 2457 700 audiretur
2482 662 2584 701 vox
2622 646 2742 716 ejus
2765 661 2930 716 super
2967 654 3179 700 montes
3205 643 3441 698 lsraelis.
3464 643 3553 697 10.
3582 642 3754 695 Mater

2176 748 2267 791 tua
2294 736 2767 802 sicutvitis,’sicut
2804 737 2906 793 flos
2955 738 3009 791 in
3054 737 3452 801 malogranato,
3504 735 3751 805 plantata

2172 830 2228 884 in
2259 845 2435 900 aqua:
2458 829 2671 887 fructus
2704 830 2846 901 ejus,
2869 840 2922 886 et
2956 845 3176 902 germen
3197 828 3317 899 ejus
3342 826 3548 883 factum
3578 835 3660 882 est
3684 842 3751 880 ex

2170 937 2314 992 aqua
2342 924 2531 979 multa.
2567 925 2656 979 11.
2685 924 2750 980 Et
2778 924 2921 979 facta
2968 933 3051 979 est
3079 922 3132 978 ei
3177 922 3328 994 virga
3357 920 3570 976 roboris
3587 934 3753 986 super

2164 1017 2375 1071 tribum
2402 1017 2626 1082 ducum,
2653 1027 2709 1072 et
2729 1017 2967 1073 exaltata
3008 1026 3093 1071 est
3137 1015 3192 1069 in
3228 1014 3608 1086 magnitudine
3626 1029 3750 1079 sua,

2170 1107 2225 1162 in
2264 1110 2446 1165 medio
2477 1110 2550 1181 (ι)
2599 1111 2984 1182 propaginum.
3025 1109 3089 1163 Et
3120 1109 3255 1164 vidit
3319 1106 3749 1178 magnitudinem

2168 1214 2325 1254 suam
2374 1201 2430 1255 in
2480 1201 2831 1256 multitudine
2880 1201 3169 1272 palmitum
3227 1214 3497 1255 suorum:
3563 1198 3650 1251 12.
3696 1206 3752 1251 et

2166 1289 2446 1345 confracta
2480 1300 2566 1346 est
2595 1292 2649 1346 in
2684 1291 2890 1357 furore,
2933 1306 3099 1361 super
3126 1299 3330 1345 terram
3363 1290 3603 1360 projecta
3641 1298 3748 1352 est,

2165 1392 2220 1438 et
2248 1392 2447 1438 ventus
2478 1383 2718 1439 uredinis
2748 1382 2974 1440 arefecit
3022 1384 3197 1438 electa
3245 1383 3364 1453 ejus
3395 1401 3409 1437 :
3461 1382 3746 1436 vindicata:

2166 1482 2317 1542 sunt,
2334 1486 2389 1530 et
2422 1485 2754 1530 exaruerunt
2785 1476 2953 1545 virga:
2984 1474 3199 1529 roboris
3224 1474 3346 1543 ejus
3376 1489 3389 1525 :
3440 1471 3581 1542 ignis
3616 1484 3748 1525 cou—

2165 1568 2363 1620 sumsit
2386 1581 2506 1621 eam
2535 1584 2550 1622 ε
2583 1566 2668 1619 15.
2702 1576 2757 1621 et
2776 1582 2923 1621 nunc
2953 1566 3271 1636 plantaruut
3293 1578 3413 1619 eam
3440 1563 3494 1617 in
3529 1563 3748 1618 deserto

2166 1657 2222 1711 in
2249 1665 2393 1711 terra
2433 1657 2553 1713 sine
2606 1672 2770 1729 aqua.
2822 1658 2911 1713 M.
2940 1656 3006 1712 Et
3032 1645 3200 1712 exivit
3246 1656 3385 1728 ignis
3410 1670 3441 1710 e
3485 1654 3634 1726 virga
3670 1652 3746 1723 (α)

2166 1749 2465 1805 electorum
2497 1751 2639 1820 ejus,
2673 1760 2729 1806 et
2754 1750 2991 1806 comedit
3034 1764 3182 1815 eam,
3216 1758 3270 1805 et
3313 1762 3421 1802 non
3450 1756 3568 1802 erat
3593 1746 3647 1798 in
3682 1758 3747 1798 ea

2164 1845 2317 1916 virga
2342 1845 2554 1901 roboris
2583 1862 2601 1898 :
2631 1844 2707 1914 (b)
2739 1845 2795 1899 in
2827 1844 3052 1910 tribum,
3090 1843 3145 1898 in
3181 1841 3503 1913 parabolam
3534 1839 3747 1893 lamen-

2167 1938 2391 1994 tationis
2424 1950 2526 2005 est,
2550 1947 2605 1994 et
2633 1938 2737 1993 erit
2762 1937 2818 1992 in
2848 1937 3317 1992 lamentationem.

2231 2031 2382 2090 CAP.
2416 2031 2661 2086 XX.-—-l.
2690 2030 2756 2085 Et
2779 2030 2982 2086 factum
3019 2039 3103 2084 est
3133 2029 3190 2083 in
3234 2042 3379 2083 anno
3404 2026 3655 2095 septimo,
3691 2022 3746 2076 in

2166 2138 2355 2179 mense
2382 2123 2597 2193 quinto,
2631 2120 2845 2175 decimo
2860 2119 3090 2183 mensis,
3121 2127 3392 2174 venerunt
3418 2115 3518 2170 viri
3550 2130 3613 2168 ex
3651 2128 3742 2167 se-

2163 2214 2416 2269 nioribus
2441 2214 2640 2268 domus
2670 2211 2908 2277 lsraelis,
2933 2211 3001 2265 ad
3061 2208 3514 2280 interrogandum
3561 2202 3748 2257 Domi-

2161 2321 2318 2370 num,
2350 2314 2406 2360 et
2437 2305 2695 2360 sederunt
2731 2312 2858 2358 ante
2887 2303 3083 2359 faciem
3125 2316 3324 2357 meam.
3357 2300 3411 2353 2.
3446 2298 3510 2353 Et
3541 2297 3745 2352 factum

2158 2406 2242 2451 est
2269 2394 2493 2449 verbum
2524 2394 2734 2448 Domini
2755 2396 2823 2448 ad
2844 2408 2950 2457 me,
2984 2393 3172 2447 dicens
3201 2411 3214 2445 :
3257 2393 3309 2446 3.
3348 2389 3449 2443 Fili
3485 2388 3743 2453 hominis,

2159 2487 2387 2556 loquere
2420 2486 2485 2538 ad
2511 2485 2759 2539 seniores
2791 2482 3244 2546 domuslsraelis,
3274 2489 3328 2534 et
3353 2481 3497 2534 dices
3528 2478 3595 2532 ad
3613 2493 3740 2531 eos:

2158 2576 2286 2632 lltec
2323 2576 2455 2629 dicit
2481 2573 2691 2628 Adonai
2722 2573 2989 2627 Dominus
3037 2590 3049 2625 :
3087 2572 3144 2625 Si
3185 2571 3252 2625 ad
3299 2567 3740 2638 interrogandum

2158 2683 2245 2723 me
2283 2681 2383 2721 vos
2412 2663 2646 2720 venitis?
2664 2663 2799 2718 Vivo
2820 2678 2943 2734 ego,
2965 2663 3012 2718 si
3034 2661 3371 2732 respondero
3398 2660 3577 2722 vobis,
3609 2656 3745 2711 dicit

2155 2757 2370 2817 Adonai
2400 2757 2686 2821 Dominus,
2718 2758 2774 2811 4.
2810 2754 2856 2810 si
2883 2753 3028 2809 ultus
3061 2752 3219 2807 fuero
3267 2767 3363 2807 eos
3397 2749 3635 2803 ultione:
3667 2745 3745 2799 fili

2156 2848 2400 2904 hominis
2427 2889 2443 2915 ,
2476 2846 2548 2918 (ε)
2575 2846 2895 2917 iniquitates
2945 2855 3162 2914 patrum
3210 2857 3401 2896 eorum
3434 2844 3745 2894 contestare

2154 2940 2257 3005 eis,
2288 2938 2341 2993 5.
2369 2946 2422 2993 et
2456 2938 2606 2993 dices
2655 2937 2723 2991 ad
2744 2951 2881 2991 eos:
2917 2934 3041 2988 ﬂmc
3081 2933 3214 2987 dicit
3263 2932 3342 3002 (ά)
3377 2930 3645 2985 Dominus
3673 2927 3741 2998 (ε)

2153 3031 2458 3087 Dominus:
2493 3029 2569 3083 Ex
2605 3029 2693 3084 die
2721 3042 2831 3098 quo
2870 3026 3006 3096 elegi
3050 3024 3272 3080 domum
3312 3023 3553 3088 lsraelis,
3601 3021 3667 3091 (Π
3687 3029 3744 3075 et

468 3125 625 3205 vobis
691 3136 882 3181 omnes
947 3125 1255 3196 impietates
1285 3135 1520 3194 vestras,
1559 3143 1699 3198 quas
1729 3128 1894 3199 impie
1937 3128 2053 3194 egi-
2080 3149 2124 3206 ο
2158 3127 2371 3181 innotui
2393 3123 2587 3180 semini
2613 3122 2809 3177 domus
2840 3119 3055 3184 Jacobi,
3086 3126 3142 3173 et
3170 3117 3383 3172 innotui
3414 3117 3494 3171 eis
3525 3117 3577 3169 in
3598 3123 3744 3170 terra

469 3219 572 3273 stis
599 3218 653 3273 in
676 3231 787 3284 me,
820 3225 876 3273 et
939 3213 1104 3271 facile
1134 3217 1293 3273 vobis
1326 3233 1420 3273 cor
1454 3234 1679 3283 novum,
1708 3231 1763 3273 et
1800 3219 2055 3288 spiritum

471 3327 692 3378 novum,
729 3320 785 3366 et
808 3308 970 3366 facite
1010 3312 1193 3364 omnia
1244 3320 1518 3381 praecepta
1576 3326 1698 3366 mea
1732 3330 1745 3365 :
1799 3320 1852 3365 et
1883 3326 2057 3380 quare

468 3402 819 3470 moriemini,
892 3402 1088 3457 domus
1128 3399 1346 3458 lsraelis
1375 3402 1399 3455 ?
1429 3402 1565 3456 dicit
1617 3400 1902 3456 Dominus.
1964 3398 2054 3454 '52.

464 3494 610 3564 Quia
639 3510 750 3552 non
780 3495 906 3549 volo
929 3504 1161 3549 mortem
1189 3493 1501 3559 morientis,
1526 3493 1659 3573 dicit
1698 3493 1912 3548 Adonai
1945 3490 2057 3544 Do-

468 3589 654 3645 minus”
686 3607 700 3643 :
742 3584 815 3658 Χ
856 3587 1324 3652 etconvertimini,
1351 3596 1403 3642 et
1426 3586 1593 3642 vivite
1627 3586 1675 3655 ζ.

539 3680 693 3735 CAP.
727 3679 869 3735 XIX.
898 3709 969 3721 ——
996 3680 1048 3734 1.
1091 3679 1157 3733 Et
1191 3687 1248 3733 tu
1272 3678 1346 3732 ﬁli
1369 3678 1629 3744 hominis,
1670 3693 1824 3733 sume
1851 3679 2058 3731 lamen-

468 3774 727 3827 tationem
772 3772 846 3844 (q)
864 3787 1029 3841 super
1067 3771 1369 3841 principem
1411 3771 1648 3836 lsr‘aelis,
1700 3771 1754 3824 2.
1781 3781 1832 3825 et
1863 3772 2051 3825 dices:

466 3864 649 3932 Quare
673 3875 846 3921 mater
869 3875 961 3920 tua
981 3865 1158 3920 catula
1207 3866 1261 3919 in
1323 3866 1503 3919 medio
1553 3864 1768 3919 leonum
1808 3865 1876 3934 (ν)
1916 3864 2054 3917 facta

466 3958 586 4014 est?
612 3959 665 4012 in
697 3959 876 4014 medio
900 3959 1120 4014 leonum
1151 3957 1219 4029 (ε)
1245 3958 1626 4028 multiplicavit
1652 3958 1864 4012 catulos
1901 3971 2049 4011 suos.

465 4051 522 4103 3.
550 4047 615 4104 Et
641 4051 914 4105 subsilivit
944 4066 1091 4106 unus
1120 4065 1187 4104 ex
1214 4049 1416 4104 catulis
1442 4049 1583 4118 ejus,
1628 4048 1710 4103 leo
1744 4048 1923 4102 factus
1947 4057 2052 4111 est,

466 4152 521 4198 ct
548 4143 741 4198 didicit
773 4159 966 4213 rapere
1004 4131 1230 4214 rapinas
1259 4160 1273 4194 :
1322 4143 1577 4197 homines
1624 4141 1882 4196 comedit.
1910 4140 1962 4194 4.
1990 4140 2056 4194 Et

463 4234 759 4289 audierunt
816 4235 878 4306 (t)
908 4250 1072 4305 super
1100 4250 1166 4291 eo
1219 4244 1447 4305 gentes:
1502 4235 1558 4288 in
1589 4232 1943 4303 corruptione
1964 4247 2057 4287 eo-

462 4337 585 4378 rum
639 4333 830 4394 eaptus
895 4333 1000 4391 est,
1047 4333 1101 4379 et
1155 4324 1501 4380 adduxerunt
1526 4340 1651 4379 eum
1702 4325 1757 4378 in
1811 4338 1970 4379 camo
1997 4324 2053 4377 in

464 4399 669 4467 terram
697 4414 940 4486 IEgyptL
979 4414 1033 4468 5.
1068 4414 1135 4469 Et
1160 4415 1320 4481 vidit,
1349 4415 1495 4485 quod
1536 4414 1790 4485 repulsus
1821 4424 1963 4470 esset
1985 4414 2054 4469 ab

466 4518 552 4569 ea,
588 4512 640 4559 et
667 4506 921 4574 periisset
960 4506 1041 4577 (ιι)
1073 4507 1378 4562 substantia
1401 4508 1543 4577 ejus.
1567 4518 1622 4563 et
1663 4508 1857 4564 sumsit
1883 4508 2053 4563 alium
2084 4487 2129 4543 Ῑ)

468 4593 538 4648 de
570 4596 767 4651 catulis
797 4597 936 4662 suis,
970 4597 1185 4652 leonem
1238 4597 1523 4654 constituit
1557 4613 1703 4653 eum.
1735 4597 1786 4652 6.
1831 4597 1898 4654 Et
1924 4614 2059 4653 con-

466 4687 789 4741 versabatur
815 4689 869 4743 in
899 4690 1081 4745 medio
1105 4690 1326 4746 leonum
1354 4711 1366 4746 :
1395 4691 1482 4746 leo
1516 4690 1697 4747 factus
1737 4699 1845 4756 est,
1891 4702 1947 4746 et
1974 4691 2060 4746 dio

466 4777 600 4833 dicit
629 4795 820 4849 rapere
847 4782 1076 4852 rapinas
1105 4799 1117 4835 :
1154 4784 1408 4838 homines
1442 4782 1719 4839 comedit:
1788 4782 1842 4837 7.
1872 4792 1926 4838 et
1962 4798 2059 4852 pa-

465 4869 726 4923 scebatur
752 4871 805 4925 in
837 4873 1064 4927 audacia
1088 4888 1209 4939 sua,
1236 4883 1290 4927 et
1328 4874 1494 4929 urbes
1540 4887 1732 4927 eorum
1767 4873 2054 4939 desolavit,

466 4969 521 5015 et
550 4964 782 5018 vastavit
816 4974 1041 5030 terram,
1084 4975 1137 5019 et
1159 4966 1553 5035 plenitudinem
1581 4966 1700 5036 ejus
1730 4981 1761 5021 a
1790 4982 1922 5022 voce
1958 4982 2053 5021 ru-

468 5052 611 5122 gitus
638 5053 745 5108 sui.
777 5055 857 5125 (ω)
891 5055 944 5108 8.
973 5053 1040 5108 Et
1055 5054 1339 5110 dederunt
1399 5070 1565 5124 super
1595 5071 1716 5110 eum
1743 5065 1928 5127 gentes
1952 5072 2056 5110 un-

466 5144 634 5213 dique
663 5160 694 5199 e
728 5147 1062 5216 regionibus,
1094 5157 1147 5202 et
1168 5147 1551 5216 expanderunt
1580 5163 1745 5218 super
1774 5164 1899 5203 eum
1919 5149 2055 5203 retia

467 5252 565 5288 sua
597 5256 610 5290 :
648 5238 701 5291 in
726 5242 1084 5311 corruptione
1114 5255 1304 5295 eorum
1329 5252 1522 5309 captus
1542 5251 1643 5297 est.
1677 5242 1731 5297 9.
1763 5242 1831 5297 Et
1858 5256 2057 5313 posue-

454 5347 465 5438 ἱ

460 5488 627 5544 cavit.

469 5632 534 5705 in
556 5632 758 5705 Vij‘gam
797 5632 1019 5703 regiam.
1100 5634 1169 5705 (ε)

475 5786 564 5841 per
595 5786 655 5826 ea
667 5808 682 5827 .

2093 3204 2111 3227 ⁷
2157 3215 2401 3286 Egypti,
2432 3222 2487 3269 et
2511 3213 2630 3282 cepi
2663 3228 2760 3267 eos
2790 3226 2954 3265 manu
2980 3224 3121 3275 mea,
3153 3208 3375 3263 dicens:
3407 3206 3522 3278 Ego
3554 3204 3741 3260 Domi-

2162 3323 2267 3362 nus
2299 3305 2445 3360 Deus
2469 3316 2683 3368 vester;
2716 3305 2769 3358 6.
2812 3304 2866 3357 in
2890 3301 3093 3359 dieillo
3128 3298 3245 3370 cepi
3277 3315 3372 3355 eos
3410 3314 3572 3353 manu
3598 3312 3742 3360 mea,

2159 3407 2222 3451 ut
2247 3397 2535 3451 educerem
2570 3409 2666 3450 eos
2694 3410 2759 3451 ex
2781 3405 2925 3449 terra
2961 3391 3184 3463 Egypti
3220 3391 3275 3445 in
3318 3400 3538 3453 terram,
3576 3402 3741 3458 quam

2157 3487 2349 3557 paravi
2370 3488 2687 3552 eis,terram
2721 3484 2974 3540 ﬂuentem
3000 3484 3160 3549 lacte,
3190 3492 3244 3537 et
3278 3482 3459 3548 melle,
3494 3480 3572 3551 (g)
3587 3478 3745 3534 favus

2158 3589 2242 3636 est
2270 3581 2393 3651 plus
2418 3595 2581 3650 quam
2607 3580 2786 3634 omnis
2811 3587 2976 3632 terra.
2998 3577 3052 3629 7.
3073 3575 3138 3629 Et
3160 3575 3273 3630 dixi
3304 3575 3368 3629 ad
3393 3589 3486 3629 eos
3510 3591 3523 3627 :
3556 3572 3742 3628 Unus-

2158 3673 2392 3742 quisque
2437 3670 2876 3726 abominationes
2926 3668 2996 3722 ab
3041 3668 3215 3723 oculis
3244 3667 3361 3723 suis
3388 3665 3657 3737 projiciat,
3688 3673 3745 3718 et

2159 3764 2214 3817 in
2253 3763 2448 3817 studiis
2499 3761 2721 3833 ngypIi
2781 3777 2850 3814 ne
2903 3758 3274 3830 polluaminl:
3331 3774 3433 3827 ego
3478 3758 3744 3813 Dominus

2158 3852 2305 3908 Deus
2330 3862 2528 3909 vester.
2567 3853 2621 3908 8.
2650 3851 2716 3906 Et
2748 3859 3096 3907 recesserunt
3141 3866 3167 3904 a
3216 3866 3325 3915 me,
3357 3859 3546 3904 etnon
3586 3848 3745 3902 volu-

2157 3954 2320 4000 erunt
2345 3944 2607 4000 exaudire
2634 3959 2722 3998 me
2748 3961 2764 3999 :
2796 3946 2863 4011 >ε<
2891 3943 3276 4012 unusquisque
3304 3955 3444 3993 unus
3472 3940 3493 4007 ζ
3524 3938 3744 3993 abomi-

2159 4037 2408 4092 nationes
2431 4038 2500 4091 ab
2534 4035 2710 4091 oculis
2733 4036 2849 4090 suis
2883 4049 2990 4088 non
3039 4033 3410 4103 projecerunt,
3474 4036 3529 4083 et
3562 4028 3744 4085 studia

2159 4127 2379 4201 Egypti
2407 4144 2514 4183 non
2542 4130 2905 4198 reliquerunt.
2946 4125 3011 4180 Et
3042 4126 3177 4188 dixi,
3196 4133 3250 4178 et
3276 4122 3549 4177 effundam
3586 4121 3742 4175 furo-

2158 4210 2281 4277 rem.
2309 4236 2492 4277 meum
2520 4237 2683 4290 super
2699 4235 2817 4285 eos,
2845 4219 2912 4273 ad
2936 4218 3271 4288 implendum
3304 4218 3439 4270 iram
3482 4230 3657 4269 meam
3684 4214 3741 4267 in

2158 4314 2239 4369 eis
2271 4314 2325 4367 in
2362 4314 2543 4368 medio
2573 4321 2735 4368 terra:
2760 4311 3003 4383 .‘Egypti.
3057 4310 3114 4365 9.
3147 4309 3212 4365 Et
3261 4308 3386 4375 feci,
3444 4315 3506 4362 ut
3538 4322 3741 4362 nomett

2158 4421 2343 4462 meum
2377 4406 2601 4461 omnino
2631 4420 2739 4460 non
2773 4403 3163 4474 profanaretur
3221 4416 3406 4456 coram
3459 4400 3739 4471 gentibus,

2157 4513 2393 4569 quarum
2425 4498 2529 4568 ipsi
2561 4498 2768 4554 suntin
2796 4496 2976 4551 medio
3006 4510 3216 4561 earum,
3264 4495 3317 4549 in
3350 4494 3550 4565 quibus
3583 4492 3742 4546 inno-

2156 4591 2238 4646 tui
2268 4591 2335 4646 ad
2360 4605 2455 4647 eos
2488 4604 2673 4646 coram
2703 4590 2806 4653 eis,
2861 4599 2921 4643 ut
2967 4587 3253 4643 educerem
3323 4601 3419 4641 eos
3467 4601 3534 4640 ex
3592 4594 3741 4639 terra

2159 4684 2412 4757 Egypti.
2446 4683 2534 4737 10.
2567 4680 2634 4735 Et
2664 4681 2828 4737 eduxi
2859 4690 2955 4735 eos
2984 4695 3051 4734 ex
3105 4689 3245 4734 terra
3306 4678 3543 4750 Egypti,
3565 4686 3619 4731 et
3644 4676 3743 4731 ad-

2157 4778 2288 4834 duxi
2314 4791 2410 4833 eos
2437 4777 2491 4831 in
2529 4784 2732 4836 terram
2761 4774 3063 4836 desertum,
3098 4771 3183 4826 ll.
3216 4780 3270 4827 et
3311 4771 3434 4826 dedi
3487 4772 3569 4826 eis
3599 4785 3740 4840 pra:-

2158 4880 2315 4940 cepta
2348 4883 2491 4933 mea,
2530 4876 2581 4922 et
2602 4865 3023 4936 justificationes
3084 4879 3239 4919 meas
3286 4872 3445 4917 notas
3502 4861 3604 4916 feci
3634 4863 3737 4926 eis,

2155 4980 2279 5034 qua:
2332 4962 2496 5016 faciet
2544 4976 2607 5015 ea
2659 4959 2844 5023 homo,
2897 4969 2951 5011 et
2992 4957 3067 5029 (It)
3117 4958 3262 5011 vivet
3318 4955 3372 5009 in
3403 4956 3503 5012 eis.
3555 4953 3644 5008 12.
3675 4952 3742 5007 Et

2157 5054 2384 5109 sabbata
2416 5067 2535 5106 mea
2570 5049 2695 5105 dedi
2717 5049 2819 5114 eis,
2852 5056 2913 5102 ut
2935 5054 3117 5102 essent
3150 5048 3203 5100 in
3238 5046 3451 5115 signum
3485 5046 3626 5097 inter
3654 5058 3741 5097 me

2159 5154 2214 5199 et
2242 5144 2388 5197 inter
2422 5157 2537 5206 eos,
2562 5150 2622 5195 ut
2652 5139 2855 5195 scirent
2902 5139 3029 5208 quia
3084 5151 3186 5207 ego
3216 5136 3500 5199 Dominus,
3536 5135 3742 5190 sancti-

2158 5239 2328 5293 licans
2355 5251 2470 5292 eos.
2500 5236 2587 5290 15.
2610 5233 2674 5288 Et
2699 5232 2810 5288 dixi
2842 5231 2908 5287 ad
2930 5232 3152 5286 domum
3173 5231 3387 5287 lsraelis
3415 5230 3470 5284 in
3495 5230 3737 5284 deserto:

538 5418 612 5506 (ρ)
639 5406 841 5506 omnes
870 5422 1151 5506 iniustitia:
1183 5425 1337 5506 ejust
1381 5424 1474 5506 1ιρ
1514 5424 1598 5491 8.,
1625 5433 1848 5506 propter
1882 5423 2239 5506 principes;-
2273 5419 2422 5506 Th,
2446 5421 2500 5506 in
2534 5416 2878 5506 principes.n
2925 5415 3001 5506 (ιζ).
3032 5414 3338 5506 8.,Ᾱξᾳ111..
3385 5414 3740 5506 ςξὶξνξξξρ-

448 5491 627 5590 l'cavit.
707 5491 770 5571 (ρ)
803 5491 883 5553 8.,
924 5491 1019 5548 Th.
1065 5495 1131 5549 de
1154 5491 1240 5549 eo.
1312 5491 1397 5564 '(u)
1428 5491 1513 5555 8..
1545 5491 1899 5566 exspectatio
1925 5496 2061 5565 ejus.

460 5563 544 5635 ly)
591 5559 774 5635 _S-._|ll
807 5561 1121 5634 Egyplum.
1152 5634 1157 5635 ί
1201 5565 1274 5635 (2.)
1316 5564 1400 5630 8.,
1426 5567 1797 5635 plantatorunt
1829 5581 1953 5620 cum
1984 5580 2061 5618 ea.

2176 5492 2298 5557 Th.,
2336 5505 2462 5559 spes
2499 5491 2639 5558 ejus.

2160 5564 2222 5629 't.,
2258 5561 2646 5635 umbrosorum

468 5563 544 5640 ἐν)
591 5563 774 5641 Sull!
807 5563 1121 5644 Egyptum.
1201 5565 1274 5687 qi.)
1316 5563 1400 5630 8.,
1426 5563 1797 5635 plantatorum
1829 5563 1966 5647 cum
1984 5580 2061 5618 ea.

469 5645 758 5717 tln‘vt‘fgam
797 5648 1036 5717 regiam:
1100 5634 1169 5705 (c)
1254 5646 1459 5717 eccata.
1504 5705 1515 5717 .
1556 5635 1636 5707 (ά)
1672 5636 1904 5717 Adonat.
1940 5716 1943 5717 ν
1982 5635 2059 5715 (ε).

2160 5564 2222 5629 1.,
2258 5563 2669 5615 umbrosorum.
2746 5563 2823 5627 (α)
2855 5563 2974 5622 '1‘h.,
3003 5571 3282 5610 ramorum
3312 5563 3456 5626 ejus.
3533 5563 3609 5619 (b)
3652 5563 3735 5621 8.,

2160 5650 2254 5717 ss,-
2328 5627 2850 5717 ,ξομιξημθειενεγὶ
2887 5625 3735 5717 '3::‘“.“'1‘.PE956"Bl'fe.d°l!!f’f§:

469 5700 544 5767 (g)
588 5697 672 5766 Sf,
723 5697 962 5771 qute'est
1004 5697 1165 5758 timor
1213 5697 1574 5762 adorationis'
1616 5697 1871 5761 otnnibus
1935 5697 2115 5761 terris.
2169 5703 2291 5769 TIt.,
2326 5697 2588 5756 fortitudo
2631 5707 2716 5753 est
2767 5697 3022 5753 omnibus
3074 5697 3257 5752 terris.

2176 5492 2298 5557 Th.,
2336 5505 2462 5559 spes
2499 5485 2639 5558 ejus.
2719 5485 2813 5559 (ξιτ)⁸
2839 5485 2923 5559 S_._,
2953 5496 3006 5541 et
3042 5496 3358 5559 posuerunt
3387 5500 3735 5559 super_eut_n.

2746 5554 2823 5627 (α)
2855 5555 2974 5622 Tlt.,
3003 5571 3282 5610 ramorum
3312 5557 3456 5626 ejus.
3533 5556 3609 5627 (b)
3652 5554 3736 5621 8.,

3368 5698 3445 5768 (It)
3476 5695 3560 5763 8.,
3595 5696 3738 5750 vivet
