4072 6424
1587 418 1994 479 lIEZEClELlS
2032 417 2260 472 CAPUT
2305 417 2422 470 XX.

345 557 396 608 in
427 549 716 623 prteccptis
744 548 882 602 meis
912 547 1210 611 ambulate,
1245 555 1299 599 et
1322 542 1745 613 iustificationes
1787 552 1938 592 meas
1968 535 2011 590 Α
2042 547 2241 595 meam,
2281 539 2340 583 ut
2367 529 2554 582 darem
2579 541 2696 582 eam
2736 526 2862 581 illis.
2890 527 3227 581 Etviderunt
3264 542 3487 584 omnem
3519 529 3634 582 col-

344 643 641 707 custodite,
679 651 736 696 ut
760 640 972 695 faciatis
1005 654 1121 700 eas,
1150 653 1289 708 quas
1337 636 1498 691 faciet
1525 649 1619 689 eas
1672 635 1857 692 homo,
1894 638 1947 684 et

347 740 487 793 vivet
513 737 566 790 in
599 736 705 790 eis.
735 733 801 788 Et
841 733 1126 787 irritarunt
1158 746 1243 784 me
1283 731 1478 784 domus
1512 726 1724 781 lsraelis
1749 725 1802 777 in
1837 723 1937 776 de-

346 839 495 883 serto
527 845 540 880 :
573 827 628 879 in
672 824 964 895 praeceptis
991 823 1130 877 meis
1150 836 1258 876 non
1303 818 1673 879 ambularunt,
1705 826 1757 868 et
1785 813 1948 883 justi-

345 920 639 976 ficationes
673 930 822 970 meas
849 913 1189 983 repulerunt,
1216 927 1354 981 quas
1375 909 1538 963 faciet
1559 923 1654 961 eas
1687 906 1872 965 homo,
1893 911 1949 956 et

339 1017 482 1070 vivet
507 1015 560 1066 in
591 1015 683 1067 eis
716 1029 728 1063 :
760 1018 815 1064 et
845 1008 1068 1063 sabbata
1111 1021 1232 1059 mea
1275 1001 1641 1074 profanarunt
1681 997 1857 1052 valde.
1883 995 1947 1049 Et

339 1109 450 1163 dixi
489 1125 505 1161 :
539 1105 618 1158 El
648 1101 923 1156 effundam
950 1097 1189 1152 furorem
1218 1109 1399 1149 meum
1429 1106 1592 1161 super
1629 1104 1722 1143 eos
1774 1088 1826 1140 in
1852 1087 1947 1140 de-

344 1210 517 1263 serto,
551 1206 620 1250 et
659 1205 983 1249 consumam
1038 1203 1153 1242 eos.
1199 1187 1284 1239 H.
1348 1183 1415 1236 Et
1465 1181 1591 1246 feci,
1647 1189 1706 1234 ut
1747 1193 1946 1232 nomen

347 1303 528 1344 meum
560 1287 793 1340 omnino
821 1300 929 1337 non
993 1279 1379 1350 profanaretur
1437 1287 1623 1328 coram
1671 1269 1943 1342 gentibus,

349 1394 583 1450 quarum
629 1377 793 1432 eduxi
830 1390 925 1429 eos
964 1380 1090 1426 ante
1120 1369 1310 1424 oculos
1343 1380 1554 1421 earum.
1613 1361 1699 1416 15.
1748 1359 1812 1414 Et
1846 1375 1945 1429 ego

354 1470 528 1525 levavi
559 1483 788 1523 manum
815 1480 992 1520 meam
1022 1477 1187 1532 super
1220 1475 1315 1514 eos
1370 1458 1424 1511 in
1481 1457 1717 1519 deserto,
1747 1462 1807 1506 ut
1828 1466 1945 1505 om-

357 1563 490 1616 nino
516 1576 629 1615 nen
660 1559 1068 1614 introducerent
1105 1569 1198 1608 eos
1260 1553 1312 1606 in
1349 1559 1571 1613 terram,
1623 1563 1788 1616 quam
1823 1546 1946 1600 dedi

358 1653 459 1715 eis,
504 1659 706 1703 terram
742 1648 1000 1703 ﬂuentem
1042 1645 1182 1698 lacte
1227 1651 1284 1697 et
1330 1640 1526 1695 melle:
1577 1640 1636 1709 (ι)
1680 1638 1838 1694 favus
1867 1646 1950 1693 est

365 1741 487 1811 plus
528 1755 692 1810 quam
722 1738 904 1792 omnis
941 1747 1106 1790 terra.
1134 1731 1219 1787 16.
1245 1731 1351 1786 Pro
1381 1746 1446 1786 eo
1481 1729 1627 1799 quod
1683 1728 1947 1798 justilica-

367 1835 541 1887 tiones
581 1847 730 1886 meas
782 1829 1128 1899 repulerunt,
1153 1835 1205 1880 et
1235 1824 1288 1878 in
1351 1822 1634 1893 praeceptis
1677 1821 1811 1875 meis
1837 1835 1945 1874 non
1979 1841 2020 1895 Β

365 1924 710 1978 ambularunt
749 1922 802 1976 in
838 1922 940 1984 eis,
983 1927 1038 1973 et
1059 1918 1284 1972 sabbata
1320 1929 1438 1968 mea
1473 1912 1944 1984 profanarunt,(k)

367 2027 421 2071 et
446 2025 566 2085 post
592 2016 947 2086 cogitationes
969 2013 1218 2069 cordium
1242 2025 1468 2066 suorum
1501 2011 1938 2074 ambulaverunt,

378 2109 466 2162 l7.
502 2116 554 2160 ct
585 2107 823 2176 pepercit
851 2106 1042 2160 oculus
1074 2119 1231 2160 meus
1265 2120 1430 2175 super
1486 2118 1601 2168 eos,
1659 2103 1725 2156 ad
1763 2102 1948 2157 delen-

375 2200 498 2253 dum
535 2213 648 2260 eos,
703 2206 760 2250 et
816 2213 924 2252 non
953 2197 1054 2252 feci
1083 2213 1176 2252 eos
1232 2197 1288 2250 in
1332 2195 1858 2250 consummationem
1893 2193 1948 2246 in

381 2292 613 2346 deserto.
642 2290 814 2345 18.Ει
846 2291 955 2344 dixi
980 2291 1046 2344 ad
1094 2290 1234 2345 ﬁlios
1262 2304 1455 2344 eorum
1503 2289 1558 2342 in
1592 2288 1808 2344 deserto
1839 2303 1851 2338 :
1889 2285 1945 2340 ln

387 2383 636 2450 legitimis
666 2392 877 2452 patrum
907 2392 1210 2438 vestrorum
1253 2398 1322 2448 ne
1369 2383 1657 2446 incedatis,
1691 2391 1748 2436 et
1795 2381 1951 2451 justi-

383 2473 662 2529 fieationes
678 2489 867 2528 eorum
897 2489 963 2527 ne
993 2474 1335 2541 custodiatis,
1369 2482 1424 2529 et
1450 2473 1647 2528 studiis
1671 2473 1735 2542 (ι)
1757 2486 1948 2527 eorum

365 2576 428 2616 σιε-
453 2579 532 2618 ne
551 2565 714 2620 simul
741 2565 1104 2629 misceamini,
1129 2575 1181 2620 et
1216 2567 1238 2634 ζ
1267 2581 1334 2620 ne
1360 2565 1700 2635 polluamini.
1731 2565 1815 2620 19,
1838 2563 1949 2634 Ege

364 2651 640 2708 Dominus
673 2653 818 2709 Deus
841 2662 1062 2708 vester:
1094 2653 1146 2706 in
1166 2653 1452 2722 praeceptis
1480 2652 1618 2706 meis
1649 2650 1946 2713 ambulate,

367 2755 419 2799 et
452 2745 877 2816 iustificationes
903 2761 1053 2801 meas
1083 2745 1389 2811 custodite,
1443 2751 1498 2798 et
1530 2745 1690 2798 facite
1711 2758 1824 2798 eas.
1855 2743 1946 2798 20.

370 2837 435 2891 Ει
467 2839 696 2893 sabbata
728 2854 852 2892 mea
883 2837 1244 2903 sanctiﬁcate,
1269 2846 1322 2890 et
1344 2838 1452 2896 sint
1483 2838 1538 2890 in
1570 2837 1784 2907 signum
1809 2835 1950 2890 inter

369 2945 456 2982 me
487 2940 542 2985 et
572 2934 640 2997 ἲ(
674 2929 812 2984 inter
847 2929 869 2996 ζ
898 2943 1014 2992 vos,
1057 2936 1117 2982 ut
1155 2929 1362 2988 sciatis.
1398 2928 1524 2996 quia
1559 2942 1660 2997 ego
1688 2927 1949 2985 Dominus

375 3021 514 3076 Deus
533 3030 735 3076 vester.
765 3021 854 3074 21.
885 3020 951 3075 Et
974 3021 1401 3075 exareerbarunt
1427 3035 1532 3086 me,
1587 3035 1651 3075 οε-
1698 3028 1752 3073 et
1787 3020 1810 3087 ζ
1853 3019 1951 3074 lilii

373 3128 558 3168 eorum
590 3115 641 3167 in
669 3114 956 3183 praeceptis
984 3115 1119 3168 meis
1153 3129 1260 3168 non
1295 3113 1664 3176 ambularunt,
1699 3121 1754 3167 et
1789 3112 1951 3182 justi-

2051 627 2155 680 lem
2188 623 2491 685 excelsum,
2525 630 2580 676 et
2618 635 2837 675 omnem
2893 620 3144 673 arborem
3203 620 3548 681 umbrosam,
3581 634 3635 674 et

2051 715 2433 771 sacriﬁcarunt
2481 712 2553 766 ibi
2589 712 2692 766 diis
2739 712 2875 770 suis.
2929 725 2986 764 -ι-
3025 721 3079 764 et
3127 713 3532 766 constituerunt
3562 711 3629 764 ibi

2051 804 2383 875 spiraculum
2401 801 2667 856 denorum
2693 812 2920 853 suorum
2943 797 2965 864 ζ
2991 837 3004 860 ,
3022 810 3387 867 etposuerunt
3407 799 3481 852 ibi
3499 800 3633 852 odo-

2052 911 2165 950 rem
2204 909 2428 948 suavcm
2457 907 2640 954 suum,
2661 899 2714 945 ct
2740 891 3051 944 libaverunt
3093 890 3352 943 libamina
3387 906 3507 944 sua.
3538 890 3629 943 29.

2050 987 2117 1040 Et
2151 987 2262 1041 dixi
2293 987 2358 1040 ad
2385 1000 2478 1039 eos
2504 983 2677 1049 :Quid
2707 991 2790 1038 est
2827 983 2898 1052 (p)
2932 982 3138 1047 Abana,
3167 982 3312 1051 quod
3349 981 3631 1036 vosintra-

2051 1079 2121 1134 tis
2148 1078 2318 1134 illuc?
2341 1079 2407 1132 Et
2438 1083 2704 1131 vocarunt
2737 1090 2934 1130 nomen
2962 1074 3079 1144 ejus
3117 1074 3188 1144 (ᾳ)
3221 1073 3432 1136 Abana,
3454 1087 3630 1141 usque

2050 1173 2114 1224 ad
2156 1172 2297 1225 diem
2333 1170 2675 1225 hodiernum.
2704 1168 2794 1222 50.
2825 1167 3049 1234 Propter
3074 1166 3178 1219 hoc
3205 1165 3291 1219 die
3316 1165 3381 1218 ad
3407 1165 3631 1218 domum

2051 1260 2271 1318 lsraelis
2299 1282 2310 1316 :
2341 1261 2466 1316 llaec
2494 1261 2624 1316 dicit
2647 1259 2911 1312 Dominus
2937 1256 3005 1327 (ν)
3030 1255 3326 1309 Dominus:
3361 1255 3416 1308 Si
3446 1254 3498 1307 in
3525 1253 3630 1307 ini-

2050 1355 2349 1422 quitatibus
2373 1361 2585 1423 patrum
2609 1359 2915 1406 vestrorum
2938 1363 3036 1402 vos
3059 1347 3386 1417 polluimini,
3422 1355 3476 1400 et
3509 1355 3634 1415 post

2051 1446 2485 1500 abominationes
2512 1459 2702 1500 eorum
2734 1456 2829 1496 vos
2847 1441 3189 1503 scertamini,
3239 1440 3325 1496 ‘51.
3351 1448 3403 1493 et
3429 1439 3482 1492 in
3521 1438 3634 1508 pri-

2051 1538 2220 1593 mitiis
2244 1552 2534 1592 munerum
2585 1544 2890 1591 vestrorum
2954 1535 3011 1588 in
3053 1535 3493 1603 scparatienibus
3539 1549 3632 1588 ve-

2051 1631 2202 1693 stris,
2235 1645 2359 1684 cum
2388 1627 2673 1683 traducitis
2705 1628 2847 1681 filios
2880 1636 3094 1682 vestros
3127 1627 3180 1680 in
3207 1627 3360 1696 igne,
3391 1641 3489 1681 vos
3509 1627 3631 1696 pel.

2051 1718 2266 1774 luimini
2311 1720 2365 1773 in
2390 1717 2646 1773 omnibus
2672 1715 3096 1786 cogitationibus
3126 1714 3324 1769 vestris
3359 1730 3532 1784 usque
3562 1714 3631 1768 ad

2051 1811 2195 1865 diem
2233 1810 2559 1865 hodiernum
2587 1826 2600 1862 :
2629 1819 2686 1864 et.
2715 1824 2814 1879 ego
2854 1807 3198 1877 respondebo
3225 1806 3402 1872 vobis,
3435 1807 3633 1861 domus

2051 1902 2300 1958 lsraelis?
2352 1902 2484 1958 Vivo
2533 1918 2656 1974 ego,
2709 1903 2842 1957 dicit
2903 1901 3115 1957 Adonai
3157 1900 3442 1963 Dominus,
3471 1899 3513 1952 si
3541 1913 3632 1951 re-

2052 1995 2332 2065 spondcbo
2364 1996 2541 2061 vobis,
2595 2005 2648 2049 et
2687 1995 2733 2049 si
2781 1995 3038 2049 ascendet
3063 2007 3228 2062 super
3262 1991 3511 2061 spiritum
3539 2005 3632 2043 ve-

2051 2096 2222 2143 strum
2252 2089 2376 2153 hoc,
2413 2087 2500 2141 52.
2532 2095 2588 2142 et
2609 2101 2716 2140 non
2757 2086 2882 2151 erit,
2919 2085 3382 2155 quemadmodum
3418 2097 3515 2137 vos
3552 2081 3634 2136 di-

2052 2182 2177 2236 citis
2204 2197 2216 2231 :
2255 2179 2473 2234 Erimus
2496 2180 2638 2234 sicut
2658 2187 2866 2249 gentes,
2896 2187 2950 2232 et
2975 2177 3117 2232 sicut
3147 2176 3321 2230 tribus
3357 2182 3536 2238 terrai,
3566 2175 3632 2226 ad

2053 2275 2339 2332 colendum
2364 2275 2531 2344 ligna,
2555 2285 2608 2328 et
2630 2273 2857 2344 lapides.
2890 2274 2980 2326 55.
3008 2288 3064 2326 -t—
3084 2271 3433 2340 Preptcrboc
3465 2268 3486 2336 ζ
3513 2269 3635 2321 vive

2052 2385 2172 2438 ego,
2203 2367 2336 2420 dicit
2360 2365 2571 2420 Adonai
2597 2364 2864 2419 Dominus
2889 2405 2902 2429 ,
2937 2364 3045 2419 nisi
3071 2364 3124 2416 in
3150 2378 3313 2416 manu
3339 2359 3637 2431 potenti,et

2053 2461 2108 2514 in
2145 2461 2371 2516 brachio
2402 2459 2641 2525 excelso,
2685 2467 2740 2512 et
2767 2458 2820 2511 in
2872 2458 3058 2512 furore
3118 2456 3291 2511 effuse
3336 2467 3635 2523 regnavere

2053 2568 2217 2623 super
2245 2555 2476 2619 vos,54.
2505 2563 2558 2607 et
2590 2552 2816 2606 educam
2889 2565 2988 2605 vos
3042 2565 3108 2603 ex
3144 2548 3392 2619 populis,
3428 2555 3482 2600 et
3506 2546 3638 2599 reci-

2054 2645 2197 2715 piam
2227 2659 2324 2700 vos
2358 2661 2388 2700 e
2411 2644 2747 2716 regionibus,
2784 2642 2988 2712 quibus
3013 2640 3246 2710 dispersi
3269 2639 3400 2695 estis
3451 2639 3503 2692 in
3531 2637 3632 2699 eis,

2055 2737 2110 2790 in
2138 2752 2306 2793 manu
2337 2738 2567 2807 petenti,
2605 2744 2658 2789 et
2683 2735 2738 2788 in
2772 2733 2996 2787 brachio
3028 2731 3268 2795 excelso,
3293 2741 3346 2784 et
3375 2730 3429 2782 in
3450 2727 3634 2782 furore

2056 2829 2252 2885 eﬂ‘uso.
2287 2829 2376 2883 55.
2405 2827 2470 2882 Et
2488 2827 2754 2882 adducam
2783 2841 2879 2879 vos
2898 2825 2950 2877 in
2980 2823 3252 2878 desertum
3282 2819 3631 2890 populorum.

2056 2932 2111 2979 et
2134 2921 2344 2993 judicio
2377 2919 2702 2976 contendam
2735 2917 3001 2971 adversus
3023 2928 3120 2968 vos
3167 2911 3242 2966 ibi
3279 2911 3417 2964 facie
3443 2918 3635 2965 contra

2056 3017 2270 3073 faciem.
2305 3015 2392 3068 56.
2418 3010 2888 3080 Quemadmodum
2913 3006 3120 3075 judicio
3155 3003 3407 3061 contendi
3447 3003 3638 3057 adver-

2056 3125 2151 3164 sus
2175 3117 2356 3178 patres
2381 3115 2591 3160 vestros
2611 3104 2663 3156 in
2687 3102 2922 3164 deserto,
2953 3114 3078 3153 cum
3099 3095 3261 3152 eduxi
3285 3110 3382 3150 eos
3399 3111 3463 3149 ex
3491 3101 3638 3148 terra

373 3205 652 3260 ficationes
709 3221 859 3261 meas
925 3221 1034 3260 non
1091 3206 1496 3271 custodierunt,
1541 3207 1611 3260 ad
1646 3205 1956 3261 faciendum
1986 3207 2030 3268 C
2061 3199 2305 3272 Egypti,
2344 3194 2704 3266 sicjudicabo
2729 3207 2846 3258 vos,
2879 3190 3014 3245 dicit
3063 3188 3324 3243 Dominus
3349 3186 3417 3259 (δ)
3454 3185 3638 3241 Domi-

370 3309 464 3349 eas
485 3311 624 3364 quas
653 3293 819 3349 faciet
875 3299 942 3364 )3»:
991 3311 1086 3351 eas
1113 3298 1134 3366 ζ
1171 3296 1365 3360 ιιοιιιο,
1397 3305 1451 3351 et
1503 3297 1646 3351 vivet
1677 3297 1733 3350 in
1761 3297 1862 3362 eis,
1903 3307 1958 3352 et

373 3386 598 3440 sabbata
631 3403 750 3441 mea
771 3387 1150 3457 profanarum.
1178 3389 1244 3443 Et
1268 3390 1380 3444 dixi
1404 3389 1680 3446 effundere
1709 3390 1954 3446 furorem

371 3493 550 3532 meum
586 3494 750 3548 super
771 3495 887 3545 eos,
931 3482 996 3534 ad
1027 3483 1407 3550 complendum
1434 3485 1570 3537 iram
1594 3500 1770 3539 meam
1795 3501 1957 3556 super

366 3586 460 3626 eos
519 3572 574 3625 in
633 3573 870 3628 deserto.
927 3573 1017 3627 22.
1068 3579 1132 3642 Βεξ
1195 3576 1260 3629 Ει
1326 3577 1571 3632 converti
1620 3578 1699 3632 eis
1732 3593 1954 3633 manum

365 3677 545 3717 meam
583 3664 605 3732 ζ
635 3704 648 3727 ,
676 3674 730 3718 et
769 3663 892 3730 feci,
924 3674 982 3718 ut
1023 3680 1222 3720 nomen
1259 3682 1441 3721 meum
1470 3683 1632 3737 super
1659 3684 1821 3724 omne
1847 3685 1954 3724 non

360 3755 752 3824 profanaretur
784 3772 971 3811 ceram
995 3757 1230 3827 populis,
1258 3773 1494 3827 quorum
1528 3756 1692 3811 eduxi
1718 3773 1814 3811 eos
1833 3768 1958 3813 ante

360 3849 558 3902 oculos
587 3862 798 3902 eorum.
830 3847 1001 3902 25.Ει
1038 3851 1104 3916 >κ
1138 3849 1161 3916 ζ
1195 3849 1368 3902 levavi
1403 3863 1627 3901 manum
1658 3863 1833 3902 meam
1866 3865 1958 3903 su-

361 3953 461 4006 per
487 3952 583 3991 eos
615 3937 670 3990 in
701 3940 940 4002 deserto,
980 3937 1046 3990 ad
1080 3938 1505 4008 dispergendum
1552 3952 1646 3991 eos
1694 3937 1749 3990 in
1778 3938 1957 4006 genti-

361 4030 496 4093 bus,
527 4038 579 4081 et
613 4027 680 4080 ad
743 4028 1212 4082 disseminandnm
1269 4044 1364 4084 eos
1404 4030 1459 4082 in
1500 4031 1838 4100 regionibus,
1865 4030 1954 4084 24.

362 4136 472 4190 pro
503 4135 569 4174 eo
606 4121 751 4189 quod
789 4120 1217 4190 justificationes
1256 4137 1406 4176 meas
1436 4137 1545 4176 non
1588 4121 1866 4187 fecerunt,
1903 4131 1956 4176 et

365 4222 642 4283 praecepta
680 4228 799 4268 mea
827 4215 1171 4283 repulerunt,
1203 4224 1257 4269 et
1287 4213 1516 4268 sabbata
1551 4229 1669 4268 mea
1699 4213 1958 4283 profana-

369 4315 526 4370 runt,
553 4305 650 4377 (ιη)
687 4315 740 4360 et
779 4316 900 4376 post
926 4307 1529 4378 cogitationes‘patrum
1549 4323 1775 4363 suorum
1797 4317 1956 4362 erant

369 4397 516 4452 oculi
557 4412 770 4454 eorum.
813 4399 904 4454 25.
953 4398 1020 4453 Ει
1059 4413 1163 4470 ego
1211 4399 1334 4456 dedi
1400 4400 1482 4454 eis
1524 4410 1792 4470 praecepta
1845 4416 1952 4454 non

372 4489 538 4552 bona,
574 4499 628 4545 et
654 4491 1097 4562 iustificationes,
1134 4496 1336 4564 quibus
1389 4509 1498 4548 non
1551 4493 1809 4548 viventin
1849 4495 1949 4548 eis.

2063 3287 2388 3346 nus.57.Et
2427 3286 2708 3342 traducam
2751 3299 2850 3339 vos
2883 3283 2986 3338 sub
3025 3282 3176 3352 virga
3218 3295 3360 3346 mea,
3389 3280 3452 3351 (ι)
3481 3287 3534 3334 et
3562 3277 3641 3331 ἰη-

2061 3383 2343 3437 troducam
2372 3393 2470 3433 vos
2493 3378 2545 3432 in
2566 3390 2794 3431 numero
2815 3371 3208 3444 Xtestamenti
3238 3371 3260 3437 ζ
3287 3411 3301 3436 ,
3343 3370 3430 3425 58.
3461 3379 3514 3424 et
3541 3369 3642 3424 eli-

2060 3491 2182 3546 gam
2205 3489 2234 3529 e
2264 3472 2424 3528 vobis
2455 3477 2730 3541 apostatas
2769 3477 2823 3522 et
2844 3466 3043 3536 impios
3069 3483 3083 3532 ;
3117 3463 3294 3534 quiae
3322 3471 3460 3517 terra
3490 3462 3641 3516 inco-

2060 3568 2201 3622 latus
2223 3581 2410 3621 eorum
2434 3565 2662 3619 educam
2692 3576 2816 3627 eos,
2849 3569 2905 3614 et
2934 3559 2987 3612 in
3028 3568 3228 3613 terram
3284 3554 3500 3611 lsraelis
3528 3567 3638 3607 non

2061 3661 2454 3730 ingredientur,
2487 3666 2542 3714 et
2590 3653 2957 3726 cognoscetis,
3003 3649 3162 3720 quod
3196 3663 3296 3717 ego
3352 3645 3638 3700 Dominus.

2058 3751 2147 3805 59.
2186 3752 2251 3806 Ει
2271 3769 2390 3817 vos,
2423 3751 2622 3806 domus
2649 3748 2889 3811 lsraelis,
2926 3749 3040 3800 haec
3096 3743 3232 3799 dicit
3261 3741 3525 3796 Dominus
3559 3737 3639 3809 (ιι)

2062 3841 2362 3895 Dominus:
2412 3839 2798 3909 Unusquisque
2835 3837 2910 3906 (π)
2967 3835 3146 3890 studia
3204 3847 3298 3887 sua
3345 3831 3553 3894 tollite,
3587 3839 3644 3882 et

2060 3943 2182 4000 post
2214 3931 2329 3985 haec
2353 3932 2399 3986 si
2421 3947 2518 3987 vos
2541 3947 2647 3985 non
2691 3930 2980 3985 audieritis
3012 3944 3118 3992 me,
3141 3936 3195 3982 et
3219 3943 3414 3982 nomen
3452 3939 3638 3980 meum

2061 4032 2311 4078 sanctum
2356 4037 2464 4076 non
2519 4021 2939 4090 profanaveritis
2989 4020 3224 4090 amplius
3279 4020 3335 4073 in
3379 4019 3642 4074 donisve-

2060 4116 2211 4182 stris,
2243 4125 2296 4170 et
2328 4116 2386 4168 in
2408 4113 2606 4167 studiis
2657 4112 2896 4176 vestris;
2943 4109 3031 4163 40.
3090 4110 3219 4178 quia
3259 4125 3424 4177 super
3453 4115 3640 4162 monte

2059 4204 2364 4260 sanctitatis
2399 4218 2566 4268 meae;
2597 4216 2762 4271 super
2794 4208 2984 4254 mente
3005 4199 3223 4252 excelso
3249 4197 3641 4261 lsraelis,dicit

2059 4299 2324 4354 Dominus
2357 4295 2642 4362 Dominus,
2671 4295 2741 4348 ibi
2769 4293 2950 4346 colent
2988 4289 3271 4344 servitium
3336 4290 3517 4343 omnis
3543 4291 3641 4343 de-

2060 4409 2182 4447 mus
2200 4391 2421 4447 lsraelis
2449 4405 2622 4459 usque
2648 4389 2714 4443 ad
2749 4388 2908 4442 tinem
2948 4405 2962 4444 :
3017 4397 3071 4443 et
3110 4387 3182 4442 ibi
3231 4385 3550 4455 suscipiam,
3585 4395 3640 4436 et

2059 4482 2131 4536 ibi
2156 4482 2388 4537 visitabo
2408 4480 2678 4550 primitias
2705 4489 2935 4542 vestras,
2955 4488 3008 4532 et
3039 4477 3308 4548 primitias
3337 4477 3642 4546 separatio-

372 4579 467 4634 9-6.
511 4579 577 4635 Ει
627 4585 867 4654 pelluam
906 4600 1002 4639 eos
1035 4586 1090 4638 in
1142 4560 1468 4640 muneribus
1536 4586 1676 4650 suis,
1730 4584 1951 4654 quando
1986 4560 2029 4614 Ῑ)
2061 4591 2191 4629 nttm
2212 4583 2519 4629 vestrarum
2553 4573 2607 4626 in
2655 4571 2915 4628 omnibus
2955 4569 3491 4625 sanetiflcationibus
3545 4582 3641 4622 ve-

375 4672 664 4729 traduxero
708 4691 871 4730 omne
897 4676 976 4744 (η)
1003 4677 1256 4744 aperiens
1292 4687 1530 4742 uterum,
1565 4684 1622 4730 ut
1665 4677 1736 4746 (υ)
1773 4677 1957 4731 abole-

367 4775 458 4816 am
482 4775 597 4825 eos,
627 4769 769 4829 >είιιι
800 4765 822 4834 ζ
852 4765 1051 4831 sciant,
1085 4765 1232 4834 quod
1255 4780 1357 4836 ego
1384 4765 1672 4820 Dominus.
1703 4765 1792 4819 27.
1822 4765 1959 4820 Pro-

365 4860 491 4922 pter
520 4851 623 4907 hec
657 4853 881 4922 loquere
914 4855 981 4909 ad
1028 4856 1252 4909 domum
1295 4855 1532 4920 lsraelis,
1588 4856 1661 4909 fili
1696 4856 1956 4920 hominis,

361 4949 420 4996 et
442 4941 595 4995 dices
619 4941 685 4995 ad
719 4957 844 4996 eos:
880 4941 1004 4998 Haec
1032 4944 1164 4998 dicit
1196 4944 1407 4998 Adonai
1438 4942 1740 4999 Dominus:
1771 4942 1958 5013 Usque

360 5032 434 5086 ad
463 5032 567 5086 boc
595 5033 660 5086 ad
690 5034 1028 5089 iracundiam
1072 5043 1443 5104 prevecarunt
1476 5049 1564 5089 me
1586 5044 1770 5099 patres
1787 5035 1952 5090 vestri

360 5123 424 5180 in
457 5123 671 5180 delictis
700 5127 836 5193 suis,
871 5128 925 5181 iu
955 5127 1161 5196 quibus
1187 5126 1541 5196 deliquerunt
1563 5128 1615 5179 in
1636 5143 1741 5181 me.
1769 5126 1858 5182 28.
1887 5126 1954 5182 Ει

361 5215 761 5273 introduxieos
787 5218 842 5272 in
879 5227 1101 5284 terram,
1138 5234 1302 5290 super
1344 5234 1506 5289 quam
1533 5219 1708 5274 levavi
1727 5234 1952 5274 manum

439 5356 503 5442 (ὅ)
526 5354 618 5442 _S._,
646 5372 769 5438 qua?
806 5367 895 5412 est
955 5357 1119 5412 timor
1172 5358 1512 5442 ador-alienis
1572 5359 1831 5442 omnibus
1870 5361 2054 5442 terris.
2085 5360 2210 5442 _Th.,
2237 5357 2508 5442 fortitudo
2538 5365 2650 5442 est"
2685 5337 2943 5442 omnibus
2983 5349 3163 5442 terris.l

1745 5430 1808 5502 (ι)
1875 5430 2118 5556 Egg'pti.
2171 5501 2181 5512 .
2231 5430 2326 5500 (m)
2358 5430 2416 5480 S.

1745 5519 1771 5553 l.
1853 5502 1926 5567 (ο)
2009 5501 2416 5567 .,delmquent.

847 5556 1010 5623 Deus.
1228 5569 1310 5632 S.,
1338 5556 1396 5622 ξι
1453 5570 1754 5640 purificabo
1786 5556 1886 5625 vos
1910 5556 1988 5624 'iu
2037 5556 2260 5624 annule'
2285 5556 2526 5619 fmderis'l
2554 5556 2687 5622 'Th.,
2720 5572 2774 5615 et
2801 5556 3084 5616 traducam
3110 5575 3206 5616 vos
3247 5561 3300 5611 in
3346 5556 3636 5610 traditione

847 5656 958 5693 eus.
1042 5642 1118 5694 (xl
1198 5681 1236 5694 ..
1291 5639 1453 5694 idolis
1516 5641 1631 5693 suis
1681 5641 1758 5692 ite
1810 5642 2033 5694 servite.
2078 5648 2363 5694 postquam
2399 5649 2508 5685 non
2544 5631 2711 5683 vultis
2742 5633 2936 5686 audire
2973 5649 3079 5685 me.
3181 5629 3256 5694 (9)
3297 5625 3380 5684 S..
3415 5633 3469 5677 et
3507 5638 3635 5694 cum

1042 5632 1236 5712 (x)'S.,
1267 5632 1470 5712 Videlis'
1516 5641 1631 5693 suis
1681 5641 1765 5712 iter
1810 5642 2033 5706 servite,
2078 5648 2363 5712 postquam
2399 5649 2508 5685 non
2544 5632 2711 5712 vultis
2742 5633 2936 5711 audire
2973 5649 3079 5712 me.

365 5429 616 5480 reseebat
677 5428 821 5480 enim
863 5444 959 5484 cor
1010 5444 1200 5482 eorum
1245 5431 1404 5483 idolis
1441 5445 1650 5484 eorum.

363 5505 584 5564 patrum
605 5512 817 5550 eorum.

366 5572 440 5636 (r)
477 5566 639 5622 Deus.
745 5569 812 5636 (ες)

367 5635 610 5716 fmdet'is.
668 5637 766 5717 .(u)
797 5635 958 5693 Deus.

900 5498 976 5569 (η)
1007 5496 1128 5560 ΤΙι..
1155 5496 1797 5571 primogenituminteri.'
1853 5502 1926 5571 (ο)

2060 4665 2209 4720 stris.
2232 4664 2320 4717 41.
2363 4661 2419 4716 In
2464 4663 2634 4718 odore
2687 4662 2842 4716 suavi
2885 4661 3180 4730 suscipiam
3227 4674 3329 4728 ego
3349 4674 3474 4723 vos,
3515 4673 3640 4713 cum

2059 4757 2303 4811 eduxere
2327 4770 2424 4809 vos
2448 4770 2512 4810 ex
2539 4754 2814 4828 gentibus,
2851 4763 2907 4808 et
2938 4769 3228 4823 suscepere
3272 4770 3365 4809 vos
3393 4770 3424 4808 ει
3463 4765 3644 4820 regio-

2063 4850 2247 4912 nibus,
2276 4848 2476 4918 quibus
2496 4848 2730 4917 dispersi
2759 4847 2895 4901 estis
2936 4847 2989 4901 in
3017 4848 3115 4908 eis,
3155 4857 3209 4900 et
3253 4842 3641 4899 sanctificabor

2062 4941 2115 4994 in
2146 4941 2300 4995 vobis
2327 4949 2453 4995 ante
2475 4941 2664 4995 oculos
2694 4939 3038 5008 populorum.
3066 4936 3154 4990 42.
3190 4937 3255 4990 Et
3279 4933 3640 5005 cognoscetis,

2061 5032 2191 5101 quia
2221 5045 2323 5102 ego
2347 5030 2639 5100 Dominus,
2669 5046 2792 5084 cum
2821 5030 3178 5084 introduxero
3207 5043 3304 5081 vos
3349 5028 3402 5082 in
3438 5035 3640 5081 terram

2061 5124 2300 5190 lsraelis,
2334 5123 2388 5178 in
2420 5133 2646 5190 terram,
2683 5138 2848 5193 quam
2882 5121 3051 5176 levavi
3076 5134 3299 5173 manum
3343 5132 3517 5172 meam
3543 5132 3640 5170 su-
3680 5110 3688 5120 ’

2062 5231 2159 5284 per
2195 5230 2338 5280 eam,
2357 5215 2421 5270 ad
2446 5215 2686 5270 dandum
2714 5227 2831 5266 eam
2849 5211 3097 5280 patribus
3114 5209 3326 5262 vestris.
3353 5208 3442 5261 45.
3474 5206 3549 5276 (y)
3573 5205 3641 5261 Et

2243 5357 2508 5412 fortitudo
2538 5365 2618 5412 est
2685 5353 2943 5408 omnibus
2983 5349 3163 5405 terris.
3243 5348 3316 5420 (ft)
3346 5347 3430 5412 S.,
3456 5348 3634 5402 adhae-

2231 5428 2326 5500 (m)
2358 5427 2442 5492 8.,
2473 5436 2529 5500 et
2553 5424 3012 5500 Διιᾴιλειξιᾳξξοειιιίιιιι.
3033 5420 3192 5500 _(_)c_uli
3220 5417 3639 5500 eet°urnnitlolis

2498 5493 2848 5565 (PLABANA.
2905 5495 3001 5565 _(q)
3033 5491 3192 5555 Heln,
3222 5490 3387 5565 Bama
3421 5487 3630 5565 eam.

3181 5629 3256 5695 (g)
3297 5625 3380 5684 S..
3415 5633 3469 5695 et
3507 5638 3635 5695 cum

369 5705 422 5758 in
454 5693 772 5760 memerian'i
815 5693 1203 5765 revocaveritis
1226 5693 1314 5763 'ibi
1340 5693 1456 5763 vias
1479 5717 1532 5764 et
1573 5693 2039 5776 consiliaivestra',
2079 5693 2137 5762 in
2170 5693 2368 5776 quibus
2403 5715 2498 5754 vos
2535 5699 2842 5776 pollpislist
2871 5702 3083 5770 ριπνιιιί
3122 5693 3443 5750 νίαὴθυίηηηί
3467 5695 3524 5776 Ῑξὶ
3555 5693 3636 5770 Ῠί³

368 5776 496 5845 (vox
540 5785 683 5864 p.13.
714 5777 770 5829 iu
816 5762 932 5843 eis,
957 5762 1095 5834 milii
1117 5762 1850 5850 transpesita.‘etproxime
1883 5762 2228 5849 ieiunatis
2269 5762 2585 5827 collocanda
2613 5762 2886 5843 videtur);
2913 5777 3132 5840 prepter
3179 5777 3373 5818 omnes
3400 5762 3637 5818 malitias

369 5859 602 5936 vestras,
635 5885 773 5940 quas
806 5871 1034 5940 fecistis,
1065 5881 1120 5927 et
1170 5873 1376 5939 scietis,
1436 5872 1582 5942 quod
1613 5888 1714 5944 ego
1753 5871 2043 5941 Dominus,
2082 5885 2206 5928 cum
2235 5867 2415 5923 fecero
2449 5863 2587 5920 bene
2621 5859 2786 5920 vobis
2817 5874 3033 5938 propter
3071 5872 3268 5915 nomen
3300 5869 3514 5912 meum.

649 5963 918 6027 ΡΔΤιιοι..
947 5965 1060 6026 Gn.
1100 5966 1268 6027 XVI.

3253 5942 3327 6004 86
