4072 6412
420 389 558 444 2⁸721

421 508 548 563 tasti
570 503 796 560 humile.
827 503 918 559 27.
943 502 1295 574 lnjustitiam,
1329 506 1392 570 χ(
1421 501 1742 570 injustitiam
1773 501 1794 569 ζ

423 599 630 654 stitiam
665 611 865 666 ponam
907 609 1053 659 eam,
1085 609 1185 647 nec
1230 592 1346 645 lucc
1390 590 1516 644 talis
1546 590 1671 653 crit,
1718 589 1892 642 donec
1931 601 2014 640 ve-

426 693 564 756 niat,
603 689 692 746 cui
720 686 1002 750 convenit,
1035 694 1090 739 et
1115 685 1325 739 tradam
1352 685 1422 738 ei.
1451 684 1542 742 28.
1572 682 1638 737 Et
1675 695 1732 736 tu
1753 721 1770 745 ,
1812 681 1884 734 fili
1919 680 2015 733 ho-

429 784 616 847 minis,
647 781 941 852 propheta,
973 789 1029 832 et
1065 777 1218 832 dices
1258 795 1270 829 :
1304 776 1428 831 llaec
1467 775 1599 830 dicit
1635 773 1898 826 Dominus
1933 773 2014 844 (a)

428 878 693 932 Dominus
724 874 792 928 ad
829 873 970 927 filios
999 873 1234 924 Ammon
1260 909 1276 932 ,
1327 877 1380 923 et
1417 867 1484 922 ad
1536 866 1887 937 opprobrium
1919 880 2016 919 co-

431 985 576 1030 rum,
599 977 654 1023 et
678 966 829 1022 dices
863 983 878 1022 :
909 962 1162 1027 Gladius,
1195 961 1409 1032 gladius
1451 960 1772 1030 evaginalus
1799 959 1865 1014 ad
1903 975 2018 1014 ma-

429 1062 723 1118 ctationem
760 1101 775 1122 ,
835 1067 890 1113 et
949 1056 1271 1123 cvaginatus
1315 1051 1383 1106 ad
1456 1051 2016 1114 consummationem,

434 1169 617 1224 surge,
652 1161 714 1207 ut
745 1151 977 1221 fulgeas,
1001 1148 1096 1202 29.
1125 1147 1178 1200 in
1206 1147 1416 1200 visione
1451 1153 1539 1198 tua
1570 1158 1708 1197 vana
1733 1183 1748 1209 ,
1803 1155 1856 1198 et
1893 1157 2015 1197 cum

433 1246 706 1300 divinabis
736 1241 894 1309 falsa,
925 1241 991 1296 ad
1028 1239 1352 1295 tradendum
1400 1247 1453 1294 te
1493 1252 1657 1308 super
1706 1236 1844 1291 colla
1872 1233 2021 1291 occi-

435 1353 621 1394 sorum
659 1337 992 1406 iniquorum,
1025 1345 1260 1403 quorum
1309 1330 1457 1385 venit
1489 1331 1606 1384 dies
1658 1329 1711 1382 in
1773 1339 2021 1398 tempore

437 1431 561 1484 linis
589 1427 889 1499 injustitize.
919 1425 1008 1482 50.
1037 1425 1358 1488 Revertere,
1387 1438 1456 1477 ne
1487 1421 1782 1492 hospiteris
1815 1422 1868 1476 in
1903 1422 2022 1478 loco

439 1522 563 1586 hoc,
591 1535 702 1590 quo
741 1528 905 1574 natus
931 1534 1014 1583 es,
1046 1518 1099 1572 in
1125 1525 1270 1572 terra
1297 1514 1378 1587 (ω)
1408 1523 1499 1569 tua
1531 1513 1792 1584 judicabo
1823 1521 1898 1581 te,
1926 1515 2015 1568 51.

437 1622 491 1666 et
517 1611 793 1667 effundam
829 1625 995 1679 super
1034 1617 1085 1663 te
1116 1606 1357 1662 furorem
1418 1621 1624 1670 meum,
1673 1605 1728 1660 in
1766 1605 1890 1675 igne
1928 1605 2024 1660 iraa

440 1720 574 1759 mea:
605 1701 835 1758 suﬂlabo
865 1716 1032 1771 super
1053 1710 1107 1755 te
1137 1715 1152 1752 :
1181 1708 1236 1753 et
1266 1698 1477 1754 tradam
1527 1705 1579 1751 te
1636 1696 1690 1750 in
1724 1711 1920 1752 manus
1951 1695 2026 1752 vi-

442 1811 627 1850 rorum
687 1795 1046 1848 barbarorum
1101 1789 1454 1847 conﬂantium
1505 1788 2026 1858 corruptionem.—

442 1887 531 1940 52.
561 1885 615 1938 lu
654 1885 777 1954 igne
807 1885 916 1940 eris
944 1883 1126 1947 cibus,
1177 1880 1401 1952 sanguis
1456 1887 1584 1934 tuus
1631 1879 1736 1933 erit
1760 1879 1814 1933 in
1841 1880 2022 1934 medio

443 1988 600 2034 terrae
629 1991 769 2033 tuae:
799 1993 906 2032 non
935 1976 1041 2032 erit
1071 1974 1335 2031 memoria
1364 1973 1464 2039 tui,
1489 1971 1618 2042 quia
1643 1986 1742 2042 ego
1757 1969 2024 2028 Dominus

444 2069 657 2123 locutus
682 2083 826 2122 sum.

515 2158 671 2212 CAP.
700 2154 940 2210 XXll.—
964 2157 1014 2209 1.
1051 2153 1118 2209 Et
1148 2152 1350 2208 factum
1365 2163 1450 2208 est
1477 2153 1703 2209 verbum
1722 2152 1940 2210 Domini
1958 2153 2026 2209 ad

451 2264 562 2312 me,
583 2248 766 2302 dicens
795 2247 883 2301 :2.
903 2246 966 2300 Et
983 2257 1060 2312 tu,
1093 2247 1163 2301 fili
1190 2247 1452 2310 hominis,
1478 2246 1523 2301 si
1538 2246 1772 2315 judicas,
1805 2256 1898 2301 aut
1918 2259 2024 2300 non

451 2337 668 2406 judicas
704 2336 892 2391 urbem
939 2335 1300 2405 sanguinum?
1357 2345 1412 2390 et
1465 2335 1693 2391 ostende
1735 2335 1786 2390 ei
1833 2351 2026 2391 omnes

457 2427 768 2498 iniquitates
793 2442 942 2490 suas,
974 2427 1027 2481 5.
1059 2436 1113 2482 et
1138 2427 1320 2484 dices:
1353 2425 1480 2482 Haec
1505 2425 1638 2482 dicit
1662 2428 1738 2497 (ει)
1765 2425 2028 2483 Dominus

455 2520 528 2591 (ι)
560 2519 854 2576 Dominus:
884 2518 928 2575 0
960 2520 1094 2576 urbs
1125 2519 1411 2576 eti‘undens
1437 2519 1730 2590 sanguines
1763 2520 1814 2574 in
1850 2521 2028 2575 medio

447 2614 554 2678 sui,
585 2621 646 2668 ut
675 2613 858 2668 veniat
883 2621 1098 2684 tempus
1129 2612 1270 2683 ejus,
1312 2621 1366 2668 et
1413 2611 1624 2668 faciens
1671 2613 2027 2680 cogitationes

444 2713 635 2758 contra
667 2701 1046 2773 semetipsam,
1084 2701 1154 2757 ad
1194 2700 1551 2772 polluendum
1607 2716 1684 2756 se.
1725 2701 1778 2756 1.
1818 2700 1872 2754 In
1903 2716 2030 2756 san-

445 2795 702 2864 guinibus
731 2809 946 2860 eorum,
977 2809 1118 2865 quos
1145 2792 1406 2860 etl‘udisti,
1442 2791 1687 2848 cecidisti
1720 2811 1732 2847 :
1767 2801 1822 2846 et
1854 2791 1908 2846 in
1937 2807 2030 2848 co-

444 2883 803 2953 gitationibus
838 2883 968 2948 tuis,
1019 2899 1158 2953 quas
1203 2881 1419 2949 fecisti,
1474 2883 1677 2954 polluta
1739 2881 1938 2937 fuisti:
1974 2892 2030 2938 et

448 2975 889 3044 appropinquare
919 2973 1092 3030 fecisti
1124 2977 1240 3031 dies
1271 2985 1414 3039 tuos,
1445 2983 1500 3030 et
1524 2973 1802 3030 adduxisti
1815 2983 2029 3044 tempus

451 3081 723 3121 annorum
761 3077 1000 3124 tuorum.
1038 3068 1266 3140 Propter
1296 3069 1401 3125 hoc
1459 3067 1585 3124 dedi
1648 3076 1700 3123 te
1747 3068 1800 3122 in
1833 3083 2030 3140 oppro-

1611 376 2017 433 llEZEClELlS
2056 377 2284 434 CAPUT
2351 379 2516 434 XXII.

3560 391 3701 445 279.2

1819 542 1834 564 ,
1871 499 2012 567 inju-
2044 508 2087 564 Α
2118 501 2290 555 oblita
2325 518 2408 569 es,
2448 503 2581 560 dicit
2624 503 2889 560 Dominus
2923 507 3208 563 Dominus.
3262 508 3348 564 15.
3407 508 3462 561 Si
3518 517 3699 564 autem

2118 609 2444 662 percussero
2478 610 2704 650 manum
2747 612 2920 650 meam
2951 598 3016 651 ad
3053 614 3274 654 manum
3300 613 3476 654 meam
3503 598 3574 669 (c)
3607 613 3696 651 su-

2118 687 2338 756 periis,
2373 701 2494 754 quze
2552 688 2970 751 consummasti,
3023 704 3145 758 qua:
3196 691 3397 753 fecisti,
3453 698 3500 744 et
3537 703 3699 760 super

2119 779 2479 850 sanguinihus
2518 778 2649 844 tuis,
2682 779 2776 848 qui
2809 777 2936 832 facti
2968 790 3091 832 sunt
3128 781 3180 834 in
3217 781 3398 836 medio
3421 781 3518 844 tui,
3547 782 3631 834 14.
3657 781 3700 835 si

2121 872 2418 927 sustinebit
2455 887 2551 926 cor
2573 871 2773 926 tuum?
2815 871 2860 924 si
2909 871 3229 927 detinehunt
3279 888 3475 928 manus
3505 889 3700 928 manus

2122 974 2231 1019 tua:
2265 964 2317 1018 in
2351 964 2561 1029 diebus,
2593 979 2731 1034 quos
2759 979 2862 1034 ego
2894 961 3036 1018 facio
3077 964 3130 1017 in
3165 963 3254 1017 te?
3291 963 3402 1036 Ego
3441 964 3700 1018 Dominus

2120 1055 2340 1110 locutus
2373 1071 2516 1119 sum,
2565 1064 2619 1110 et
2663 1055 2883 1110 faciam.
2932 1055 3020 1108 15.
3080 1053 3148 1108 Et
3200 1053 3512 1124 dispergam
3558 1067 3609 1109 te
3648 1055 3701 1108 in

2121 1147 2399 1218 gentibus,
2426 1156 2479 1201 et
2509 1147 2884 1202 disseminaho
2913 1157 2966 1201 te
3001 1147 3053 1202 in
3091 1147 3428 1216 regionibus,
3487 1155 3542 1200 et
3574 1145 3710 1200 deli-

2120 1236 2229 1291 ciet
2255 1236 2602 1292 immunditia
2631 1244 2724 1291 tua
2763 1253 2792 1290 a
2825 1245 2876 1292 te
2910 1255 2926 1291 :
2963 1237 3049 1291 16.
3086 1237 3164 1308 (d)
3203 1245 3262 1292 et
3290 1237 3620 1292 haereditabo
3649 1237 3702 1291 in

2123 1338 2175 1382 te
2201 1337 2326 1384 ante
2355 1330 2546 1384 oculos
2584 1330 2851 1401 gentium,
2874 1339 2928 1385 et
2953 1330 3162 1394 scietis,
3221 1329 3349 1400 quia
3391 1345 3491 1400 ego
3521 1331 3702 1384 Domi-

2126 1436 2250 1476 nus.
2280 1421 2367 1476 17.
2403 1421 2470 1474 Et
2497 1420 2703 1476 factum
2741 1431 2825 1476 est
2853 1423 3082 1477 verbum
3131 1420 3348 1475 Domini
3381 1420 3448 1475 ad
3475 1436 3581 1484 me,
3617 1420 3703 1474 di-

2125 1528 2254 1568 cens
2281 1531 2293 1566 :
2324 1512 2407 1567 18.
2439 1512 2540 1566 Fili
2580 1511 2840 1580 hominis,
2865 1528 2994 1569 ecce
3022 1513 3148 1568 facti
3188 1521 3318 1568 sunt
3345 1512 3480 1566 mihi
3505 1512 3704 1568 domus

2124 1604 2340 1659 lsraelis
2373 1603 2446 1674 (ε)
2477 1604 2625 1659 misti
2656 1620 2849 1660 omnes
2879 1620 3008 1670 rere,
3037 1615 3092 1659 et
3121 1604 3286 1670 ferro,
3328 1614 3384 1660 et
3411 1617 3627 1668 stanno,
3653 1614 3701 1656 et

2126 1694 2349 1766 plumbo
2377 1694 2431 1748 in
2461 1693 2638 1748 medio
2659 1696 2725 1762 )3:
2746 1694 2944 1748 camini
2984 1696 3003 1763 ζ
3033 1693 3098 1762 (ί)
3127 1692 3274 1748 misti
3309 1699 3536 1763 argento
3553 1700 3705 1746 sunt.

2131 1785 2220 1840 19.
2251 1786 2481 1855 PrOpter
2505 1787 2609 1839 hoc
2627 1784 2749 1840 dic:
2779 1782 2905 1839 llaec
2942 1783 3076 1838 dicit
3106 1784 3368 1840 Dominus
3397 1783 3660 1837 Dominus
3690 1799 3703 1832 :

2126 1877 2234 1932 Pro
2261 1892 2327 1932 eo
2351 1875 2496 1946 quod
2524 1874 2654 1931 facti
2683 1876 2816 1932 estis
2849 1890 3044 1931 omnes
3070 1876 3124 1929 in
3155 1890 3320 1930 unam
3368 1875 3708 1930 commistio-

2126 1983 2272 2031 nem,
2302 1975 2526 2037 propter
2553 1967 2656 2021 hoc
2689 1981 2816 2022 ecce
2873 1980 2974 2036 ego
3018 1966 3275 2036 recipiam
3308 1980 3406 2021 vos
3441 1965 3496 2020 in
3527 1965 3709 2019 medio

2124 2059 2450 2116 Jerusalem.
2483 2057 2574 2112 20.
2613 2057 2765 2113 Sicut
2801 2057 3061 2129 recipitur
3101 2067 3412 2129 argentum,
3448 2067 3499 2113 et
3529 2073 3624 2122 res,
3657 2067 3710 2110 ct

2126 2152 2354 2217 ferrum,
2387 2159 2744 2217 etstannum,
2788 2160 2842 2207 et
2902 2152 3181 2222 plumbum
3240 2153 3295 2206 in
3345 2153 3582 2206 medium
3615 2164 3709 2206 ca-

2127 2246 2283 2310 mini,
2317 2245 2383 2300 ad
2413 2245 2738 2301 suillandum
2767 2246 2821 2300 in
2850 2245 2980 2300 illud
3007 2247 3287 2316 ignem,ut
3313 2245 3598 2309 confletur,
3637 2246 3706 2299 ita

2129 2338 2386 2410 recipiam
2419 2355 2518 2395 vos
2540 2340 2594 2394 in
2629 2341 2712 2396 ira
2756 2355 2899 2403 mea,
2935 2342 3071 2409 Ἀρι
3099 2341 3150 2394 in
3182 2339 3365 2394 furore
3391 2339 3413 2407 ζ
3440 2381 3455 2406 ,
3488 2348 3542 2394 et
3579 2355 3711 2394 con-

2126 2431 2383 2504 gregabo,
2407 2438 2462 2486 et
2480 2430 2730 2487 conﬂabo
2751 2445 2867 2496 vos,
2890 2431 2980 2485 21.
3013 2435 3082 2499 Χ
3100 2440 3154 2486 et
3171 2434 3517 2502 congregabo
3541 2446 3635 2485 vos
3659 2433 3707 2499 ζ.

2127 2534 2182 2578 et
2210 2523 2439 2578 sulllabo
2462 2538 2624 2592 super
2651 2539 2750 2578 vos
2784 2523 2839 2578 in
2894 2524 3016 2594 igne
3051 2525 3145 2578 ira:
3183 2539 3335 2588 meai,
3369 2531 3422 2578 et
3451 2523 3714 2577 contiabi-

2129 2617 2264 2671 mini
2305 2615 2359 2670 in
2389 2616 2568 2670 medio
2595 2614 2736 2686 ejus.
2787 2614 2879 2670 22.
2930 2616 3403 2682 Quemadmodum
3443 2615 3714 2670 conflatur

2127 2714 2414 2778 argentum
2450 2707 2504 2760 in
2531 2706 2714 2761 medio
2745 2707 2967 2771 camini,
3002 2707 3075 2761 ita
3105 2706 3475 2761 conﬂabimini
3508 2707 3561 2759 in
3595 2721 3712 2760 me-

2129 2797 2222 2850 dio
2248 2795 2388 2866 ejus,
2421 2803 2475 2849 et
2503 2796 2871 2866 cognoscetis,
2926 2797 3054 2864 quia
3105 2812 3204 2867 ego
3256 2795 3521 2850 Dominus
3548 2797 3713 2851 eil‘udi

2129 2869 2370 2942 furorem
2396 2902 2576 2942 meum
2615 2901 2782 2955 super
2804 2902 2919 2942 vos.
2947 2887 3037 2942 25.
3062 2887 3128 2942 Ει
3150 2887 3353 2942 factum
3384 2896 3467 2942 est
3487 2887 3714 2942 verbum

2129 2979 2347 3035 Domini
2378 2979 2445 3033 ad
2480 2992 2592 3042 me,
2639 2979 2867 3034 dicens:
2913 2977 3005 3033 24.
3046 2978 3149 3032 Fili
3179 2977 3444 3042 hominis,
3496 2977 3585 3034 dic
3626 2977 3710 3032 ei:

2132 3070 2215 3127 Tu
2251 3087 2312 3128 es
2365 3081 2507 3126 terra
2539 3071 2613 3142 (g)
2657 3085 2762 3125 non
2802 3071 3098 3140 compluta,
3130 3085 3306 3140 neque
3342 3070 3522 3140 pluvia
3571 3069 3714 3124 facta

450 3157 631 3213 brium
662 3159 936 3232 gentibus.
969 3169 1022 3216 et
1053 3161 1106 3216 in
1153 3161 1462 3218 irrisionem
1499 3161 1756 3218 omnibus
1791 3162 2029 3233 regioni-
2057 3185 2101 3244 ο
2133 3173 2216 3220 est
2250 3178 2413 3233 super
2443 3171 2494 3218 te
2532 3162 2588 3217 in
2620 3162 2708 3217 die
2729 3161 2842 3218 iraa.
2878 3162 2968 3217 25.
3003 3161 3177 3233 Cujus
3231 3162 3400 3217 duces
3449 3161 3502 3216 in
3535 3161 3716 3216 medio

448 3252 573 3318 bus,
603 3251 659 3307 5.
691 3269 812 3322 qua:
843 3269 1010 3324 prope
1029 3265 1158 3309 sunt
1186 3254 1252 3309 ad
1286 3263 1358 3320 te,
1403 3263 1458 3311 et
1483 3270 1605 3326 quae
1631 3255 1821 3325 procul
1853 3269 2031 3310 remo-

454 3355 520 3398 tae
551 3355 681 3399 sunt
706 3361 738 3400 a
771 3355 845 3411 te,
879 3344 956 3416 (a)
1007 3355 1061 3401 et
1115 3345 1347 3400 illudent
1387 3346 1441 3402 in
1499 3356 1571 3412 te,
1606 3346 1888 3401 immunda
1925 3346 2028 3401 ista

452 3436 752 3501 nominata,
785 3445 840 3490 et
874 3437 1044 3491 multa
1074 3436 1130 3492 in
1177 3436 1582 3508 iniquitatibus.
1609 3438 1664 3493 6.
1697 3436 1838 3494 Ecce
1864 3438 2031 3495 duces

452 3529 645 3584 domus
681 3527 918 3594 lsraelis,
949 3529 1326 3598 unusquisque
1346 3528 1415 3583 ad
1441 3539 1702 3600 cognatos
1742 3545 1894 3594 suos,
1930 3529 2033 3585 mi-

453 3630 710 3674 scuerunt
737 3618 865 3674 sein
897 3628 968 3682 te,
993 3617 1782 3688 utcﬁ‘undantsanguinem.7.
1813 3617 2032 3673 Patrem

452 3719 504 3764 et
536 3720 764 3767 matrem
797 3711 1194 3767 maledicebant
1222 3711 1274 3764 in
1301 3722 1372 3776 te,
1393 3718 1448 3766 et
1473 3710 1738 3766 adversus
1768 3711 2034 3765 advenam

451 3807 922 3862 conversabantur
953 3805 1008 3858 in
1037 3803 1325 3874 injustitiis
1367 3804 1424 3858 in
1455 3812 1543 3858 te:
1576 3802 1843 3871 pupillum
1871 3810 1928 3856 et
1953 3802 2035 3854 vi-

451 3897 616 3952 duam
647 3897 1031 3968 opprimebant
1059 3898 1116 3952 in
1156 3906 1209 3952 te
1232 3915 1246 3952 :
1273 3897 1328 3950 8.
1358 3903 1413 3950 et
1442 3895 1645 3949 Sancta
1673 3908 1794 3948 mea
1821 3906 2040 3962 sperne—

451 3986 608 4050 bant,
657 3996 712 4041 et
771 3985 1000 4041 sabbata
1049 4001 1172 4040 mea
1240 3984 1560 4056 polluebant
1615 3984 1671 4038 in
1724 3991 1794 4041 te.
1833 3982 1888 4037 9.
1920 3978 2038 4036 Viri

454 4080 695 4134 latrones
736 4080 806 4144 χ(
843 4085 1002 4132 erant
1038 4077 1060 4146 ζ
1095 4078 1147 4130 in
1185 4084 1260 4142 te,
1288 4085 1346 4131 ut
1382 4075 1723 4131 effunderent
1748 4075 1805 4130 in
1832 4085 1884 4132 te
1912 4089 2038 4131 san-

453 4170 716 4242 guinem:
767 4178 822 4224 et
852 4183 1016 4239 super
1041 4170 1320 4225 montibus
1363 4168 1724 4224 comedebant
1761 4168 1816 4224 in
1852 4175 1925 4224 te:
1965 4166 2040 4237 (ὁ)

455 4277 565 4318 non
601 4272 790 4319 sancta
858 4261 1135 4318 faciebant
1188 4263 1244 4318 in
1273 4262 1453 4318 medie
1517 4262 1618 4318 tui.
1657 4260 1747 4316 10.
1781 4259 2040 4318 Pudenda

457 4355 627 4422 patris
655 4363 968 4410 retexerunt
995 4355 1050 4410 in
1076 4365 1148 4422 te,
1171 4366 1228 4410 et
1259 4355 1312 4410 in
1344 4354 1707 4410 immunditiis
1730 4361 2042 4410 menstrua-

459 4455 569 4500 tam
605 4447 1052 4504 humiliabantiu
1110 4457 1182 4506 te.
1238 4449 1327 4504 11.
1373 4447 1768 4519 Unusquisque
1811 4461 2036 4502 uxorem

2132 3257 2274 3327 ejus,
2323 3255 2468 3312 sicut
2505 3255 2692 3310 leones
2748 3254 3024 3326 rugientes
3053 3295 3070 3320 ,
3151 3254 3424 3325 rapientes
3473 3255 3715 3324 rapinas.

2133 3347 2349 3401 animas
2401 3344 2729 3400 devorantes
2792 3344 2846 3397 in
2903 3342 3167 3412 potentia,
3219 3350 3273 3396 et
3335 3341 3510 3412 pretia
3563 3339 3720 3394 acci-

2134 3439 2348 3510 pientes
2416 3437 2470 3491 in
2525 3433 2812 3505 injustitia.
2864 3434 2932 3488 Et
2962 3433 3142 3488 viduae.
3195 3442 3302 3487 tua:
3342 3431 3717 3500 multiplicatae

2135 3543 2264 3588 sunt
2293 3531 2347 3586 in
2383 3529 2563 3586 medio
2597 3528 2697 3583 tui.
2724 3525 2818 3580 26.
2850 3524 2917 3581 Et
2957 3524 3270 3580 sacerdotes
3316 3521 3438 3592 ejus
3473 3522 3548 3593 (Ιι)
3576 3535 3719 3591 prae-

2135 3625 2365 3682 varicati
2397 3633 2527 3681 sunt
2557 3623 2660 3693 legi
2686 3636 2842 3686 meae,
2878 3629 2932 3676 et
2976 3618 3294 3690 polluebant
3338 3614 3538 3671 Sancta
3562 3629 3717 3670 mea:

2137 3716 2279 3771 inter
2317 3724 2568 3770 sanctum
2601 3711 2663 3782 (ί)
2705 3717 2759 3766 et
2813 3708 3104 3780 profanum
3136 3721 3246 3761 non
3287 3703 3717 3772 distinguebant,

2137 3815 2194 3860 et
2230 3805 2372 3861 inter
2400 3805 2746 3862 immundum
2779 3814 2834 3859 et
2863 3806 3130 3857 mundum
3161 3815 3266 3856 non
3288 3796 3719 3867 distinguebant,

2139 3909 2172 3949 a
2201 3894 2445 3951 sabbatis
2471 3893 2611 3949 meis
2638 3893 2960 3964 operiebant
2993 3892 3186 3948 oculos
3206 3905 3334 3946 suos
3363 3909 3377 3944 :
3422 3889 3494 3961 (ις)
3523 3896 3577 3943 et
3597 3900 3726 3957 pro-

2140 3984 2445 4041 fanabarin
2471 3984 2652 4040 medio
2681 4000 2900 4042 eorum.
2929 3985 3022 4038 27.
3052 3972 3336 4052 Principes
3366 3981 3487 4051 ejus
3521 3981 3574 4035 in
3603 3993 3720 4034 me-

2141 4079 2234 4135 dio
2255 4077 2396 4148 ejus,
2427 4077 2573 4132 sicut
2603 4074 2712 4145 lupi
2738 4077 3015 4146 rapientes
3041 4075 3284 4142 rapinas.
3330 4074 3398 4126 ad
3437 4071 3725 4127 etIundcn-

2141 4173 2274 4230 dum
2317 4166 2664 4240 sanguinem,
2703 4168 2771 4234 Χ
2823 4167 2892 4222 ad
2931 4163 3267 4236 perdendum
3319 4163 3535 4219 animas
3567 4164 3630 4230 ζ,
3665 4173 3726 4216 ut

2143 4264 2371 4322 avaritia
2406 4263 2712 4317 lucrentur.
2738 4258 2830 4313 28.
2854 4257 2919 4312 Et
2944 4255 3227 4326 prophetae
3248 4255 3391 4324 ejus,
3420 4254 3482 4324 (ι)
3510 4269 3724 4324 ungeuo

2142 4366 2226 4414 tes
2249 4372 2366 4423 eos,
2409 4352 2626 4418 cadent,
2659 4350 2910 4407 videntes
2961 4362 3126 4412 vana,
3156 4345 3462 4402 divinantes
3491 4345 3558 4413 )t(
3588 4345 3670 4398 eis
3697 4343 3720 4410 ζ

2144 4447 2454 4513 mendacia,
2486 4446 2768 4502 dicentes:
2793 4443 2922 4498 Haec
2947 4440 3081 4496 dicit
3105 4439 3317 4494 Adonai
3351 4438 3634 4503 Dominus,
3673 4447 3728 4491 ct

461 4540 695 4607 proximi
716 4541 802 4596 sui
826 4542 1019 4612 inique
1078 4540 1382 4612 ignominia
1413 4540 1616 4606 aﬂ'ecit,
1641 4548 1696 4596 et
1739 4540 2040 4611 unusquis-
2071 4524 2116 4580 Ῑ)
2146 4540 2414 4597 Dominus
2445 4553 2556 4594 nou
2589 4538 2808 4596 locutus
2841 4545 2928 4593 est
2953 4555 2966 4592 :
2999 4534 3372 4605 29.populum
3421 4541 3580 4589 terra:
3605 4545 3728 4602 pre-

461 4644 570 4699 que
627 4647 825 4688 nurum
877 4648 1034 4688 suam
1090 4633 1488 4690 contaminavit
1541 4633 1598 4689 in
1645 4632 1949 4704 impietate,
1987 4639 2043 4687 et

463 4725 838 4796 unusquisque
861 4741 1110 4782 sororem
1141 4741 1321 4793 suam,
1379 4726 1546 4782 tiliam
1598 4730 1769 4797 patris
1795 4725 1904 4792 sui,
1936 4725 2043 4780 hu-

460 4813 744 4871 miliabant
769 4817 826 4872 in
875 4825 947 4873 te.
999 4817 1088 4873 12.
1138 4817 1338 4872 Munus
1383 4818 1726 4888 accipiebant
1781 4816 1836 4871 in
1876 4826 1949 4880 te,
1982 4825 2045 4871 ut

457 4901 800 4964 eﬂ‘underent
853 4909 1222 4980 sanguinem:
1302 4924 1525 4966 usuram
1591 4917 1646 4964 et
1703 4907 2041 4980 superﬂuum

459 4997 800 5068 δοείρίειηηι
825 5001 879 5056 in
909 5009 1002 5057 te:
1049 5011 1108 5059 et
1151 5002 1550 5060 consummasti
1605 4999 2041 5057 consummatio-

460 5105 585 5145 nem
616 5091 839 5148 malitia:
862 5101 990 5160 tuae,
1025 5109 1142 5166 qua:
1197 5095 1251 5150 in
1283 5094 1642 5165 oppressione
1676 5108 1689 5144 :
1723 5093 1830 5148 mei
1859 5103 2040 5150 autem

2144 4642 2358 4691 mentes
2387 4632 2613 4702 injuste,
2637 4641 2693 4688 et
2733 4629 3055 4701 diripientes
3116 4626 3364 4698 rapinas,
3414 4639 3647 4696 egenum
3674 4632 3729 4678 et

2144 4741 2441 4798 pauperem
2472 4725 2866 4795 opprimenles,
2915 4731 2971 4778 et
3013 4735 3142 4790 erga
3185 4719 3451 4774 advenam
3495 4717 3593 4788 (m)
3618 4728 3727 4769 non

2143 4825 2538 4876 conversantes
2569 4832 2695 4874 cum
2715 4815 2950 4887 judicio.
2980 4814 3072 4871 50.
3109 4812 3178 4867 Et
3205 4809 3518 4882 quaerebam
3551 4822 3618 4863 ex
3648 4807 3730 4863 eis

2142 4912 2346 4976 virum,
2377 4911 2456 4982 (ιι)
2488 4911 2581 4980 qui
2606 4916 3026 4966 conversaretur
3057 4912 3224 4970 recte,
3266 4911 3321 4958 et
3350 4900 3445 4971 qui
3477 4908 3646 4956 staret
3662 4913 3729 4952 ex
3771 4971 3774 4975 .

2149 5013 2267 5059 toto
2297 5011 2424 5060 ante
2451 5003 2647 5059 faciem
2679 5017 2856 5058 meam
2886 5001 2941 5054 in
2978 5009 3226 5068 tempore
3255 4995 3329 5066 (ο)
3360 4994 3472 5058 irae,
3499 5001 3561 5047 ut
3588 4991 3728 5046 neiu

2149 5093 2314 5150 finem
2343 5093 2580 5150 dolerem
2619 5107 2764 5158 eam,
2795 5100 2854 5146 et
2905 5104 3014 5144 non
3067 5087 3272 5143 inveni.
3329 5085 3419 5140 5-1.
3474 5084 3540 5139 Et
3565 5081 3730 5138 eﬂ‘udi

531 5231 610 5300 (ιι)
641 5230 804 5288 Deus.
882 5234 960 5303 (at)
988 5233 1070 5300 S.,
1100 5250 1351 5306 possessa
1387 5241 1501 5288 tua.
1539 5231 1661 5293 Th.,
1696 5233 2029 5288 stabiliment

531 5317 622 5355 ere
678 5302 942 5358 facientes
989 5321 1185 5358 manus
1213 5321 1378 5358 super
1433 5314 1505 5358 te.
1557 5303 1874 5358 clamabunt
1901 5303 1999 5358 tibi

2131 5231 2278 5288 ιόὶεἰε
2309 5239 2436 5288 tuae.
2505 5232 2593 5358 sy)
2623 5228 2853 5312 Adouai.
2932 5225 3006 5299 (2.)
3036 5224 3201 5281 Deus.
3281 5224 3358 5294 (a)
3389 5223 3475 5305 S.,
3514 5224 3730 5306 signum

2131 5304 2388 5358 nmunda.
2415 5303 2500 5358 val
2541 5319 2571 5357 e
2617 5308 2915 5356 nominata.
3031 5297 3104 5358 (ὁ)
3136 5297 3222 5358 S.,
3269 5296 3728 5350 abominationes.

459 5299 622 5374 edere
661 5299 949 5374 facientes
989 5299 1185 5360 manus
1213 5321 1378 5374 super
1433 5314 1521 5374 te,
1557 5303 1874 5374 clamabunt
1901 5303 2052 5374 tibi:
2084 5303 2388 5369 immunda,
2415 5303 2500 5358 val

463 5369 586 5434 Th.,
616 5371 864 5426 ZEMMA
893 5375 952 5444 (i.
990 5391 1041 5430 e.
1081 5375 1245 5432 llebr.
1277 5368 1393 5435 itm
1419 5373 1632 5444 scelus).
1711 5373 1782 5443 (c)
1809 5373 1904 5444 §.,
1935 5368 2502 5444 defraudationetua,
2544 5385 2712 5444 quam
2748 5368 2946 5444 fecisti.

1081 5447 1149 5514 (ε)
1184 5445 1269 5508 8.,
1301 5442 1778 5516 permistio'tetra.
1806 5442 1926 5509 Th.,
1963 5445 2018 5497 in
2054 5443 2347 5498 calculum.

460 5455 647 5514 coram
699 5444 975 5514 gentibus.

462 5513 653 5566 scoria
683 5513 838 5567 facta
861 5523 1012 5570 sunt.

3031 5297 3104 5365 (ὁ)
3136 5297 3222 5360 S.,
3269 5295 3728 5350 abominationes.

3028 5367 3106 5437 (1)
3143 5366 3226 5437 S._,
3269 5373 3325 5420 et
3354 5379 3616 5437 gpungam
3673 5370 3732 5415 1e

2457 5445 2524 5511 (ί)
2557 5435 2640 5504 3.,
2671 5437 2954 5511 permistio
2993 5435 3154 5511 tetra.
3185 5435 3404 5511 1_'(t.,_in
3440 5439 3731 5511 argentum

2541 5301 2581 5357 e'
2617 5301 2915 5356 nominata.

1103 5501 1178 5587 (lg)
1215 5501 1452 5587 8.:un
1483 5512 1874 5587 nonmundata
1907 5501 2012 5587 est,
2047 5527 2392 5587 superquam
2426 5501 2602 5587 hiems
2628 5501 2753 5587 neu
2791 5505 2943 5587 facta
2967 5516 3071 5587 est,
3107 5507 3159 5561 in
3184 5505 3282 5587 _di_e
3315 5501 3728 5587 iiiei'epationis.

463 5576 784 5656 «iuramenta
817 5567 1299 5656 quatisimu‘lgiiit-z:
1329 5567 1750 5656 Eonjurationes)
1782 5567 2172 5656 prophetarum
2205 5567 2324 5654 ej'us
2357 5582 2412 5635 in
2447 5577 2788 5656 medioejus.
2872 5577 2950 5656 ﬁt)
2970 5567 3067 5656 λς..
3103 5567 3587 5656 (ιιείέίυρίξλιξίξλιξῖλιξ
3613 5570 3730 5656 {ipf

468 5650 632 5705 lentia
663 5650 1059 5724 legem'meam.

1137 5637 1216 5724 (ii
1239 5637 1745 5721 3.,mtiiidaiiurn.’
1783 5637 1862 5723 Ut)
1885 5637 2797 5724 'Etsabbata'meaprofanabant.‘
2867 5637 3061 5714 ('l)'S.,'
3085 5637 3177 5714 q'ui
3212 5637 3591 5724 Iiniebaruteos
3621 5653 3731 5693 non

466 5703 838 5780 condimento.
861 5703 1324 5796 ’
1357 5703 2275 5796 B’p‘pres‘éérihiinﬁde."
2316 5703 2508 5791 (10's.,
2541 5715 2633 5782 qui
2661 5703 2955 5770 aediﬁcaret
2984 5703 3190 5784 sepem.
3271 5709 3344 5775 (0)
3382 5703 3584 5760 Terl‘w.
