4072 6478
346 401 489 456 2725

1460 395 1687 453 CODEX
1730 386 2521 450 SYRIACO-llEXAPLARlS.

3479 393 3623 452 27ξῦ

345 534 514 590 super
543 534 662 574 eam
690 516 929 574 furorem
963 531 1145 573 meum
1180 516 1236 570 in
1280 517 1403 585 igne
1433 515 1529 570 irae
1547 528 1681 569 mea:
1710 513 1775 569 ad
1796 488 1926 566 con-
1957 516 2002 570 A
2030 510 2119 566 20.
2156 510 2236 582 (d)
2287 522 2341 567 et
2382 523 2433 568 te
2489 513 2788 583 apposuisti
2842 523 2962 583 post
3027 513 3331 581 Chaldzeos,
3385 530 3623 585 quorum

350 614 730 668 summandum
764 614 833 683 Χ
870 628 967 668 eos
1004 613 1024 681 1
1050 632 1063 666 :
1093 613 1205 667 vias
1231 625 1421 666 eorum
1453 609 1506 663 in
1538 608 1714 678 capita
1740 620 1930 660 eorum

347 706 491 772 dedi,
535 705 668 761 dicit
702 705 972 761 Dominus
1012 704 1298 759 Dominus.

419 798 571 854 CAP.
607 798 927 852 XXlll.—l.
961 796 1247 851 Etfactum
1275 803 1358 852 est
1381 793 1604 849 verbum
1628 790 1836 846 Domini
1864 787 1932 842 ad

348 905 455 948 me.
489 889 676 944 dicens
704 907 717 943 :
770 886 827 939 2.
856 887 956 942 Fili
990 886 1249 951 hominis,
1310 884 1432 940 duae
1489 874 1749 937 mulieres
1774 884 1932 932 erant

350 979 476 1035 filim
505 981 696 1035 matris
728 980 900 1034 unius
923 1019 936 1044 ,
961 980 1014 1032 5.
1052 989 1104 1033 et
1131 977 1409 1031 fornicata:
1429 983 1555 1031 sunt
1587 974 1640 1027 in
1672 970 1928 1041 IEgypto,

347 1068 403 1122 in
438 1066 808 1123 adolescentia
848 1082 947 1122 sua
977 1070 1044 1135 >ξ<
1074 1067 1352 1121 fornicata:
1405 1074 1534 1119 sunt
1567 1065 1589 1133 1
1618 1084 1630 1117 :
1658 1063 1732 1118 ibi
1788 1062 1932 1116 ceci-

347 1159 548 1215 derunt
579 1160 747 1215 ubera
772 1175 987 1223 earnm,
1013 1158 1086 1230 (p)
1124 1169 1178 1213 et
1201 1159 1273 1213 ibi
1305 1157 1657 1227 devirginatze
1686 1164 1933 1211 suntnu—

348 1251 515 1306 trices
547 1251 920 1322 virginitatum
955 1266 1165 1306 earum.
1203 1251 1256 1305 4.
1290 1248 1521 1304 Nomina
1543 1256 1724 1301 autem
1740 1260 1928 1300 earum

347 1342 522 1399 Ohola
556 1344 765 1409 senior,
803 1352 857 1397 et
890 1340 1121 1397 Oholiba
1142 1356 1301 1397 soror
1333 1340 1474 1411 ejus.
1509 1338 1576 1393 Et
1605 1337 1763 1393 factae
1802 1345 1932 1393 sunt

345 1431 504 1499 mihi,
536 1441 591 1488 et
620 1440 946 1502 pepererunt
982 1430 1143 1497 filios,
1185 1440 1239 1485 et
1273 1430 1410 1485 filias
1442 1446 1457 1482 :
1501 1437 1555 1484 et
1587 1427 1814 1482 nomina
1839 1440 1931 1481 ea-

346 1534 494 1584 rum,
526 1520 773 1574 Samaria
814 1519 1006 1585 Ohola,
1038 1529 1092 1575 et
1113 1519 1415 1575 Jerusalem
1473 1517 1725 1572 Oholiba.
1781 1517 1834 1572 5.
1868 1514 1934 1569 Et

346 1608 617 1665 fornicata
647 1618 730 1665 est
778 1609 952 1666 Ohola
1003 1627 1033 1665 a
1097 1625 1205 1677 me,
1256 1610 1329 1680 (q)
1363 1618 1417 1664 et
1442 1624 1501 1664 se
1530 1608 1784 1679 apposuit
1810 1613 1932 1676 post

349 1708 624 1757 amatores
649 1716 799 1764 suos,
834 1712 959 1771 post
986 1699 1245 1771 Assyrios
1269 1699 1480 1755 vicinos
1506 1699 1591 1763 ei,
1621 1698 1673 1751 6.
1706 1695 1930 1751 indutos

348 1791 740 1863 byaeinthinis,
800 1792 1094 1863 principes,
1131 1801 1187 1847 et
1239 1791 1446 1847 duces:
1485 1790 1715 1860 juvenes
1748 1789 1925 1855 electi,

347 1895 543 1937 omnes
569 1882 782 1952 equites
824 1882 1140 1952 equitantes
1190 1897 1356 1951 super
1393 1882 1570 1951 equis.
1600 1880 1656 1934 7.
1688 1880 1754 1935 Et
1778 1879 1931 1936 dedit

348 1972 764 2029 fornicationem
823 1989 979 2029 suam
1016 1989 1180 2044 super
1210 1988 1343 2029 eos:
1381 1972 1538 2028 electi
1563 1971 1655 2027 filii
1679 1972 1932 2044 Assyrio-

348 2079 469 2119 rum
500 2081 712 2131 onmes,
749 2074 805 2121 et
831 2082 996 2136 super
1027 2081 1241 2131 omnes,
1302 2078 1471 2137 super
1501 2081 1642 2137 quos
1668 2080 1728 2121 se
1754 2066 1930 2136 impo-

349 2155 497 2212 suit:
529 2156 584 2211 in
620 2157 878 2212 omnibus
906 2157 1332 2227 cogitationibus
1379 2156 1451 2229 (r)
1506 2172 1697 2213 eorum
1720 2158 1930 2228 polluta

348 2247 490 2302 facta
520 2255 622 2303 est.
655 2248 707 2303 8.
745 2248 811 2303 Et
837 2246 1252 2305 fornicationem
1282 2265 1438 2304 suam
1464 2265 1532 2305 ex
1557 2249 1798 2322 Egypt.)
1820 2265 1930 2306 non

348 2339 597 2412 reliquit;
631 2341 760 2412 quia
791 2342 1058 2411 eumipsa
1085 2340 1435 2397 dormiebant
1466 2342 1521 2395 in
1552 2342 1929 2398 adolescentia

344 2434 490 2505 ejus,
519 2442 574 2491 et
600 2435 703 2505 ipsi
729 2436 1139 2505 devirginarunt
1174 2436 1244 2507 (ε)
1305 2451 1449 2500 eam,
1486 2442 1543 2489 et
1581 2433 1931 2490 eﬂunderunt

348 2528 765 2582 fornicationem
799 2542 953 2582 suam
985 2542 1149 2597 super
1177 2542 1322 2581 eam.
1354 2529 1404 2583 9.
1434 2527 1661 2596 Propter
1690 2527 1796 2582 hoc
1819 2539 1933 2581 tra-

345 2616 458 2672 didi
493 2631 615 2672 eam
653 2617 709 2670 in
740 2631 939 2672 manus
973 2627 1281 2672 amatorum
1307 2619 1445 2687 ejus,
1479 2619 1533 2672 in
1564 2633 1761 2673 manus
1791 2617 1934 2673 filio-

344 2723 470 2763 rum
508 2709 885 2780 Assyriorum,
913 2725 1079 2780 super
1105 2724 1222 2775 eos,
1249 2719 1372 2780 post
1409 2724 1550 2781 quos
1568 2727 1629 2766 se
1658 2711 1930 2781 apposuit.

346 2799 434 2855 10.
461 2797 556 2856 lsti
587 2810 902 2855 retexerunt
934 2802 997 2872 (ι)
1028 2801 1278 2871 pudenda
1317 2801 1457 2871 ejus,
1503 2801 1665 2867 filios,
1702 2810 1757 2856 et
1797 2802 1934 2859 filias

346 2891 466 2961 ejus
499 2901 838 2958 sumserunt,
863 2904 919 2948 et
946 2908 1066 2948 eam
1124 2894 1178 2947 in
1234 2893 1418 2963 gladio
1473 2893 1828 2948 occiderunt:
1881 2902 1935 2948 et

347 2982 492 3039 facta
518 2992 601 3038 est
633 2999 818 3039 sermo
844 2983 896 3039 in
927 2985 1208 3051 mulieres,
1243 2994 1296 3039 et
1326 2984 1590 3039 ultionem
1640 2983 1715 3054 (ιι)
1749 2984 1850 3039 feci
1878 2984 1931 3038 in

346 3087 409 3125 ea
442 3087 504 3128 -ι-
533 3072 587 3127 in
621 3074 762 3128 filias
792 3073 914 3144 ejus
936 3074 983 3142 1.
1019 3075 1103 3129 11.
1136 3074 1203 3128 Et
1222 3074 1522 3129 viditsoror
1538 3074 1658 3145 cjns
1673 3076 1931 3141 Oholiba,

2036 602 2177 657 sicut
2208 603 2488 659 asinorum
2519 619 2713 661 carnes
2742 619 2932 660 eorum
2957 646 2973 672 ,
3006 615 3060 661 et
3088 606 3322 662 verenda
3352 622 3622 677 equorum

2033 695 2269 750 verenda
2299 711 2488 751 eorum
2520 714 2533 750 :
2559 696 2651 749 21.
2671 688 2741 751 ἐι
2771 698 3004 753 visitas‘ti
3036 698 3107 768 (c)
3140 698 3454 769 iniquitates
3493 700 3627 753 ado-

2034 785 2305 844 lescentiae
2334 796 2462 855 tuae,
2490 806 2613 860 qua:
2645 789 2885 846 faciebas
2916 791 2969 845 in
2995 790 3230 862 [Egypto
3254 791 3319 861 (Γ)
3356 793 3411 846 in
3441 791 3620 847 diver-

2035 879 2184 934 sorio
2223 889 2338 947 tuo,
2372 884 2463 937 ubi
2499 882 2667 937 ubera
2715 882 3097 938 adolescentiae
3131 893 3231 937 tuae
3280 882 3621 939 ceciderunt.

2033 972 2124 1026 22.
2156 971 2389 1043 Propter
2423 973 2529 1029 hoc
2553 973 2805 1039 Oholiba,
2840 974 2955 1029 haec
2980 974 3115 1029 dicit
3144 973 3413 1030 Dominus
3438 973 3625 1030 Domi-

2036 1079 2180 1117 nus:
2238 1062 2377 1119 Ecce
2428 1079 2528 1133 ego
2552 1064 2760 1120 suscito
2802 1073 3076 1121 amatores
3133 1078 3258 1121 tuos
3294 1081 3458 1136 super
3490 1074 3564 1132 te,
3591 1081 3624 1120 a

2034 1155 2235 1225 quibus
2268 1156 2495 1213 recessit
2525 1158 2708 1212 anima
2739 1166 2829 1212 tua
2855 1160 2923 1213 ab
2958 1159 3041 1215 eis
3081 1175 3095 1212 :
3143 1169 3197 1214 et
3232 1158 3499 1215 adducam
3528 1173 3625 1216 eos

2034 1262 2201 1319 super
2226 1259 2277 1303 te
2308 1249 2569 1319 undique,
2602 1251 2693 1307 25.
2758 1253 2901 1308 filios
2951 1252 3266 1324 Babylonis,
3322 1260 3376 1307 et
3430 1266 3624 1309 omnes

2032 1339 2341 1407 Chaldaeos,
2392 1340 2558 1407 Phut,
2613 1353 2667 1398 et
2712 1342 2847 1410 Sud,
2884 1354 2938 1400 et
2987 1344 3122 1412 Coa,
3169 1352 3224 1399 et
3260 1359 3452 1399 omnes
3480 1344 3625 1399 filios

2033 1432 2381 1505 Assyriorum
2412 1450 2536 1491 eum
2564 1436 2664 1501 eis,
2690 1436 2918 1507 juvenes
2942 1436 3167 1502 electos,
3192 1440 3383 1499 duces,
3401 1445 3454 1491 et
3487 1450 3625 1505 prae-

2034 1522 2228 1591 fectos,
2263 1539 2457 1581 omnes
2513 1525 2755 1592 triarios,
2810 1535 2866 1582 et
2923 1528 3257 1591 nominatos,
3312 1525 3624 1596 equitantes

2033 1630 2199 1686 super
2223 1617 2381 1687 equis
2411 1631 2624 1671 omnes.
2648 1616 2739 1671 24.
2775 1617 3007 1672 Venient
3036 1631 3201 1687 super
3225 1626 3278 1672 te
3306 1616 3375 1670 ab
3411 1616 3624 1685 aquilo-

2035 1706 2123 1772 ne,
2148 1722 2369 1774 currus,
2396 1717 2451 1762 et
2480 1717 2616 1769 rota:
2639 1724 2765 1764 cum
2794 1708 3143 1763 multitudine
3194 1707 3544 1779 populorum,
3568 1715 3626 1761 et

2033 1797 2230 1869 clypei,
2260 1798 2442 1868 peltae:
2478 1808 2532 1855 et
2563 1800 2742 1856 mittet
2773 1801 3074 1857 custodiam
3104 1815 3270 1871 super
3310 1809 3360 1855 te
3388 1800 3626 1855 circnm-

2035 1889 2203 1945 cirea.
2243 1890 2335 1948 25.
2365 1892 2433 1947 Ει
2456 1891 2598 1947 dabo
2632 1902 2758 1949 ante
2793 1893 2990 1950 faciem
3028 1908 3222 1949 eorum
3250 1892 3543 1963 judicium,
3566 1899 3625 1946 et

2033 1978 2370 2039 ulciscentur
2402 1994 2455 2041 te
2487 1985 2540 2040 in
2564 1985 2945 2056 jndiciissuis:
2978 1994 3035 2042 et
3065 1986 3207 2041 dabo
3232 1985 3409 2040 zelum
3440 1998 3622 2039 meum

2035 2074 2093 2129 in
2121 2087 2192 2141 te,
2226 2084 2285 2132 et
2311 2075 2517 2134 facient
2548 2086 2727 2133 tecum
2761 2078 2815 2133 in
2841 2079 2922 2133 ira
2938 2077 3167 2135 furoris.
3203 2075 3407 2133 Nasum
3443 2085 3622 2139 tuum,

2032 2176 2086 2222 et
2121 2181 2285 2222 aures
2314 2177 2439 2225 tuas
2469 2169 2746 2237 auferent,
2796 2177 2850 2225 et
2904 2170 3155 2226 residuos
3205 2177 3326 2225 tuos
3354 2167 3410 2222 in
3441 2165 3627 2240 gladio

2034 2258 2299 2331 dejicient
2323 2279 2337 2316 :
2364 2261 2455 2318 isti
2491 2262 2634 2318 filios
2667 2275 2811 2329 tuos,
2844 2270 2902 2318 et
2953 2263 3095 2318 filias
3129 2270 3252 2318 tuas
3300 2260 3538 2332 capient,
3572 2268 3628 2315 et

2033 2349 2285 2405 residuos
2320 2358 2443 2407 tuos
2483 2350 2558 2423 (g)
2592 2352 2878 2407 devorabit
2913 2352 3053 2423 ignis
3082 2370 3095 2406 :
3123 2350 3212 2405 26.
3260 2358 3317 2405 et
3349 2361 3550 2406 exuent
3572 2361 3629 2405 te

2034 2442 2279 2497 vestibus
2313 2444 2444 2511 tuis,
2476 2455 2529 2499 et
2552 2445 2772 2514 capient
2811 2460 2944 2499 vasa
2987 2444 3330 2515 gloriationis
3375 2453 3500 2497 tuae.
3532 2442 3624 2497 27.

2037 2532 2201 2602 (h)Et
2232 2542 2474 2588 avertam
2495 2534 2804 2603 impietates
2831 2543 2953 2588 tuas
2974 2549 3004 2587 a
3037 2542 3109 2597 te,
3128 2542 3181 2586 ct
3202 2531 3625 2586 fornicationem

2037 2631 2188 2676 tuam
2210 2623 2273 2694 (i)
2310 2623 2378 2678 de
2408 2632 2552 2679 terra
2576 2623 2838 2696 Egypli:
2886 2634 2941 2680 et
2985 2640 3094 2679 non
3150 2623 3389 2679 elevabis
3437 2623 3628 2679 oculos

2040 2723 2168 2769 tuos
2197 2729 2363 2786 super
2397 2730 2515 2784 eos,
2566 2726 2621 2772 et
2665 2716 2887 2786 Egypti
2931 2732 3041 2771 non
3100 2715 3477 2771 recordaberis
3507 2728 3627 2768 am-

2037 2806 2203 2876 plius.
2230 2805 2321 2861 28.
2349 2804 2489 2872 Quia
2530 2808 2644 2861 lucc
2667 2807 2801 2861 dicit
2826 2805 3092 2861 Dominus
3141 2805 3440 2859 Dominus:
3489 2801 3630 2857 Ecce

2037 2908 2140 2965 ego
2169 2896 2325 2949 trado
2355 2896 2484 2949 tein
2512 2911 2708 2950 manus
2762 2909 2978 2959 eorum,
3019 2908 3161 2964 quos
3223 2894 3352 2947 odio
3383 2891 3571 2959 habes,
3598 2906 3629 2947 a

2035 2987 2242 3056 quibus
2276 2987 2502 3042 recessit
2530 2988 2716 3041 anima
2751 2994 2931 3041 vestra
2960 2986 3029 3040 ab
3054 2985 3154 3041 eis.
3184 2983 3273 3040 29.
3326 2983 3394 3039 Et
3430 2984 3631 3039 facient

2037 3073 2091 3126 in
2122 3082 2173 3127 te
2197 3073 2250 3127 in
2276 3074 2425 3141 odio,
2459 3083 2512 3129 et
2537 3082 2757 3129 sument
2804 3089 2999 3129 omnes
3035 3074 3253 3129 labores
3307 3086 3450 3139 tuos,
3481 3088 3545 3130 σι-
3576 3082 3631 3129 et

345 3175 399 3219 et
421 3166 1092 3235 eorrupitimpositionem
1118 3183 1275 3223 suam
1305 3168 1606 3238 plusquam
1625 3185 1709 3233 ea,
1741 3178 1791 3223 et
1827 3169 1934 3223 lor-
1962 3207 2006 3266 ϐ
2040 3165 2322 3220 molestias
2355 3174 2474 3220 tuas
2506 3166 2528 3232 1
2557 3207 2571 3231 ,
2599 3175 2653 3220 et
2679 3166 2789 3220 eris
2819 3166 2984 3230 nuda,
3022 3174 3076 3221 et
3103 3166 3415 3235 ignominia:
3441 3167 3620 3237 plena,

348 3258 677 3313 nicationem
711 3274 865 3314 suam
894 3260 1017 3329 plus
1049 3275 1213 3330 quam
1239 3259 1528 3315 fornicatio
1552 3262 1759 3316 sororis
1790 3277 1925 3316 sum.

2036 3265 2092 3309 et
2118 3257 2446 3311 revelabitur
2471 3257 2769 3326 ignominia
2799 3257 3179 3314 fornicationis
3213 3259 3427 3331 tuae,(k)
3450 3270 3502 3315 et
3531 3262 3631 3313 im-

346 3350 437 3405 12.
473 3349 602 3406 Post
635 3350 776 3405 filios
797 3351 1153 3423 Assyriorum
1186 3366 1245 3407 se.
1265 3353 1539 3422 apposuit,
1564 3353 1930 3422 principes,et
2030 3347 2380 3419 pietatistum
2406 3367 2418 3400 :
2443 3357 2494 3402 et
2521 3348 2808 3403 fornicatio
2851 3361 2964 3405 tua.
3021 3350 3109 3404 50.
3172 3352 3300 3405 fecit
3341 3352 3458 3407 lucc
3505 3352 3627 3418 tibi,

346 3439 516 3496 duces
550 3442 760 3497 vicinos
787 3444 860 3510 ei,
894 3443 1116 3497 indutos
1159 3442 1236 3513 (τε)
1284 3443 1675 3514 byaeinthinis,
1718 3444 1930 3513 equites
2031 3453 2159 3493 cum
2209 3444 2448 3491 scortata
2479 3451 2539 3491 es
2585 3446 2709 3507 post
2750 3447 2957 3507 gentes,
2988 3446 3043 3492 et
3071 3438 3275 3507 polluta
3317 3454 3376 3494 es
3399 3440 3452 3495 in
3482 3440 3633 3511 cogi-

346 3533 654 3611 equitantes
678 3550 844 3604 super
866 3550 1077 3605 equos:
1117 3534 1490 3589 adolescentes
1528 3534 1684 3589 electi
1715 3548 1929 3590 omnes.

347 3625 436 3679 15.
477 3625 543 3680 Ει
565 3627 696 3692 vidi,
729 3628 876 3696 quod
925 3626 1146 3696 pollutae
1198 3634 1404 3690 essent,
1475 3627 1562 3681 via
1605 3643 1711 3680 una
1753 3626 1936 3680 amba-

350 3734 471 3773 rum
500 3734 513 3770 :
541 3720 627 3774 H.
659 3731 712 3775 et
740 3720 941 3791 adjecit
963 3722 1030 3776 ad
1059 3721 1477 3776 fornicationem
1508 3737 1688 3788 suam,
1718 3730 1773 3777 et
1801 3721 1935 3777 vidit

349 3812 497 3870 viros
523 3812 769 3882 depictos
799 3828 961 3882 super
991 3815 1218 3884 pariete,
1257 3814 1523 3885 imagines
1550 3815 1933 3871 Chaldaeorum

346 3902 594 3971 depictos
629 3904 702 3975 (y)
731 3904 782 3956 in
812 3905 973 3974 stylo,
1018 3904 1105 3959 15.
1141 3905 1417 3961 accinctos
1452 3906 1745 3976 variegatis
1771 3920 1937 3975 super

351 3995 568 4049 lumbos
603 4010 755 4061 suos,
788 3994 861 4067 (ι)
897 4004 950 4049 ct
984 3996 1111 4066 pilei
1146 3996 1298 4051 tincti
1326 4012 1489 4067 super
1530 3997 1804 4067 capitibus
1843 4013 1938 4052 co-

349 4101 496 4149 rum,
532 4087 608 4157 (τι)
636 4086 801 4141 facies
838 4087 1026 4157 triplex
1051 4087 1329 4152 onmium,
1362 4088 1662 4143 similitudo
1701 4088 1937 4143 filiorum

350 4171 664 4241 Babylonis,
694 4183 850 4228 terra:
875 4175 1276 4241 Chaldaeorum,
1314 4177 1552 4247 regionis
1592 4178 1732 4247 ejus.
1757 4177 1842 4233 16.
1876 4177 1941 4233 Et

348 4279 409 4318 se
434 4267 618 4333 posuit
656 4277 779 4336 post
808 4282 903 4323 eos
934 4268 987 4322 in
1024 4267 1285 4339 adspectu
1338 4271 1625 4326 oculorum
1668 4285 1894 4325 suorum
1924 4288 1936 4322 :

2035 3530 2334 3585 tationibus
2361 3545 2570 3585 earum.
2609 3531 2698 3583 51.
2738 3530 2796 3583 In
2826 3532 2908 3584 via
2941 3532 3153 3587 sororis
3180 3541 3285 3586 tuac
3308 3533 3628 3597 ambttlasti,

2035 3631 2091 3677 et
2120 3621 2261 3676 dabo
2289 3621 2515 3677 calicem
2546 3622 2664 3692 ejus
2696 3624 2749 3676 in
2782 3639 2981 3678 manus
3012 3633 3160 3678 tuas.
3199 3625 3288 3680 52.
3337 3624 3465 3681 Hcce
3503 3626 3632 3681 dicit

2038 3714 2304 3770 Dominus
2328 3713 2632 3771 Dominus:
2669 3716 2907 3770 Calicem
2965 3718 3171 3773 sororis
3227 3726 3333 3772 tuae
3365 3718 3539 3783 bibes,
3565 3717 3630 3787 (f)

2036 3806 2389 3876 profundum,
2421 3816 2476 3861 et
2529 3807 2722 3870 latum,
2759 3811 2827 3876 >εί
2854 3818 2908 3862 et
2948 3808 3052 3863 erit
3104 3809 3158 3862 in
3198 3810 3463 3874 derisum,
3488 3817 3543 3866 et
3572 3810 3629 3864 in

2034 3896 2337 3951 ludibrium
2375 3897 2422 3966 1,
2458 3897 2829 3951 abundantem
2868 3896 2935 3951 ad
2956 3899 3341 3967 complendum
3395 3899 3632 3955 ebrieta-

2039 3997 2171 4052 tem,
2192 3989 2281 4043 55.
2300 3998 2356 4043 et
2377 3988 2741 4044 dissolutione
2763 3990 3092 4059 repleberis:
3115 3990 3339 4045 calicem
3359 3993 3633 4061 )a(corru-

2040 4082 2325 4152 ptiouis,et
2347 4083 2369 4151 1
2389 4082 2563 4147 exitii,
2581 4083 2807 4139 calicem
2823 4086 3030 4140 sororis
3046 4094 3152 4139 tua
3172 4084 3457 4151 Samaria,
3473 4086 3561 4141 51.
3578 4097 3632 4142 et

2042 4172 2196 4227 bibes
2220 4186 2368 4239 eum,
2391 4175 2458 4242 χ(
2481 4173 2821 4243 etexprimes
2840 4190 2966 4231 eum
3003 4177 3050 4247 1,
3084 4176 3177 4247 (m)
3204 4189 3258 4231 et
3280 4176 3629 4243 festivitates,

2042 4272 2096 4317 et
2115 4263 2391 4318 novilunia
2409 4262 2532 4331 ejus
2554 4271 2821 4331 avertam;
2841 4266 2969 4333 quia
2989 4279 3090 4335 ego
3111 4266 3324 4320 locutus
3345 4265 3631 4331 sum,dicit

348 4363 403 4407 et
428 4356 574 4410 misit
591 4358 810 4413 nuntios
831 4358 897 4413 ad
918 4374 1013 4415 eos
1035 4358 1090 4413 in
1110 4367 1312 4415 terram
1332 4358 1740 4416 Chaldaeorum.
1764 4361 1853 4415 17.
1876 4361 1943 4415 Ει
2044 4356 2255 4410 Adonai
2281 4354 2562 4410 Dominus.
2586 4356 2675 4411 55.
2708 4352 2938 4426 Propter
2970 4357 3074 4412 hoc
3107 4357 3222 4413 hac
3253 4358 3388 4413 dicit
3409 4357 3627 4412 Αόοιιιί

350 4457 615 4501 venerunt
646 4447 713 4501 ad
748 4460 869 4502 eam
926 4447 1022 4502 filii
1053 4448 1375 4520 Babylonis,
1414 4449 1480 4503 ad
1514 4449 1697 4504 cubile
1757 4449 1942 4504 diver-

2048 4444 2313 4500 Dominns
2331 4465 2343 4500 :
2361 4444 2478 4499 Pro
2492 4459 2559 4500 eo
2575 4445 2722 4515 quod
2747 4445 2917 4500 oblita
2942 4460 3002 4500 es
3020 4447 3149 4513 mei,
3181 4445 3525 4516 etprojecisti
3544 4460 3631 4500 me

351 4538 600 4600 tentiam,
627 4545 679 4593 et
706 4536 1021 4606 polluebant
1057 4553 1179 4593 eam
1211 4540 1267 4594 in
1301 4538 1665 4595 fornicatione
1697 4541 1838 4611 ejus,
1862 4540 1934 4612 (b)
1967 4560 2014 4616 ι)
2048 4547 2172 4608 post
2203 4552 2403 4607 corpus
2432 4545 2604 4604 tuum,
2630 4548 2687 4592 et
2715 4544 2772 4592 tu
2797 4538 2874 4609 (η)
2899 4539 3432 4609 accipeimpictatcm
3452 4548 3627 4603 tuam,

350 4638 404 4683 et
433 4626 637 4698 polluta
673 4637 757 4684 est
784 4629 837 4683 in
867 4628 967 4691 eis.
1002 4638 1057 4683 et
1101 4629 1330 4686 recessit
1355 4631 1539 4686 anima
1565 4631 1689 4701 ejus
1710 4634 1779 4686 ab
1808 4632 1932 4686 illis.

353 4719 440 4776 18.
475 4719 541 4774 Et
566 4722 764 4778 retexit
792 4721 1203 4777 fornicationem
1229 4738 1410 4789 suam,
1452 4733 1507 4779 et
1535 4724 1735 4779 retexit
1764 4724 1937 4794 pudo-

352 4827 488 4868 rem.
525 4809 594 4868 Et
626 4812 854 4869 recessit
882 4813 1063 4869 anima
1094 4829 1214 4869 mea
1245 4814 1317 4869 ab
1345 4829 1434 4880 ea,
1467 4816 1933 4886 quemadmodum

351 4904 784 4961 recessitanima
820 4921 940 4962 mea
975 4922 1005 4960 a
1030 4921 1218 4962 sorore
1253 4907 1395 4977 ejus.
1430 4906 1521 4961 19.
1563 4908 1631 4962 Ει
1669 4908 1936 4978 multipli-

352 4999 488 5053 casti
521 4996 934 5054 fornicationem
965 5008 1136 5064 tuam,
1179 4998 1251 5069 (c)
1283 4998 1351 5054 ad
1385 4997 1785 5055 recordandum
1815 5001 1933 5057 dies

353 5088 735 5146 adolescentia
759 5098 888 5155 tum,
917 5089 971 5145 in
999 5090 1201 5160 quibus
1219 5087 1483 5145 fornicata
1497 5102 1558 5144 es
1579 5089 1636 5143 in
1661 5087 1933 5163 IEgypto:

427 5185 502 5270 (p5
540 5198 624 5263 8.,
659 5208 714 5256 et
740 5200 813 5257 ibi
847 5200 1222 5256 adoleverunt.
1301 5198 1900 5286 (q)_8.,etseell‘udit.
1981 5206 2053 5289 (ν)
2085 5202 2241 5272 Ejus.
2333 5198 2407 5326 (δὲ
2431 5199 2517 5265 s.,
2558 5200 3124 5285 Tlt.,virginesejus.

427 5268 757 5326 lFecerunt.
834 5272 912 5326 (xl
951 5271 1036 5326 8..
1096 5281 1440 5326 comnosnts.
1519 5272 1594 5326 (ul
1629 5271 1714 5326 8..
1771 5290 1826 5326 m
1884 5278 2185 5326 coloribus.
2270 5269 2344 5326 (zl
2413 5312 2451 5326 ..
2504 5273 2771 5326 velamen.
2819 5272 2939 5326 Tlt..
2987 5284 3043 5326 et
3083 5290 3124 5326 Cl

357 5268 757 5343 (ulliecerunt.
834 5272 912 5342 (π)
951 5271 1036 5338 8.,
1096 5268 1440 5342 compositis.
1519 5272 1594 5343 (y)
1629 5271 1714 5340 8.,
1771 5274 1826 5328 in
1884 5292 1932 5331 Ct

2036 5268 2185 5330 'iltu's.
2270 5269 2344 5341 (ι)
2368 5268 2425 5326 S.

1694 5345 1767 5415 (ὁ)
1807 5345 1892 5411 8.,
1925 5358 1982 5402 et
2011 5347 2268 5412 decerpta
2304 5351 2405 5397 est.

358 5338 433 5408 (α)
478 5338 561 5408 3-.

626 5340 918 5409 adspectus
953 5340 1239 5396 ternorum
1271 5340 1562 5398 statornm.

2043 4638 2100 4685 et
2132 4628 2557 4685 fornicationem
2613 4641 2788 4686 tuam.
2846 4631 2937 4686 56.
2992 4630 3058 4684 Et
3095 4631 3232 4686 dixit
3273 4631 3543 4686 Dominus
3563 4632 3631 4686 ad

2047 4739 2174 4778 me:
2207 4723 2308 4777 Fili
2334 4722 2593 4788 hominis,
2620 4722 2693 4794 (ο)
2727 4724 2773 4778 si
2797 4722 3073 4794 judicabis
3102 4723 3333 4780 Oholam
3367 4734 3423 4780 et
3445 4725 3633 4777 Oholi-

2046 4811 2196 4877 bam,
2238 4818 2294 4866 et
2353 4811 2703 4866 annuntiabis
2754 4813 2835 4867 eis
2885 4813 3204 4883 iniquitates
3259 4828 3492 4878 earum;
3540 4813 3630 4867 57.

2045 4902 2175 4974 quia
2208 4901 2655 4969 mmchabantur,
2688 4912 2745 4958 et
2769 4904 2996 4974 sanguis
3032 4904 3086 4958 in
3127 4903 3386 4960 manibus
3418 4918 3630 4972 earum,

2039 4997 2117 5068 (p)
2149 5004 2205 5051 et
2251 4994 2606 5066 cogitationes
2657 5010 2845 5050 earum
2906 4995 3343 5061 maechabantur,
3394 5004 3451 5051 et
3493 4994 3634 5050 filios

2042 5103 2203 5154 suos,
2238 5100 2379 5157 quos
2405 5098 2735 5158 pepererunt
2753 5088 2908 5153 mihi,
2929 5088 3289 5146 traducebant
3308 5103 3404 5159 per
3427 5089 3631 5160 ignem,

3241 5202 3308 5275 (ι)
3330 5201 3629 5283 Pudorem.

2436 5312 2451 5337 ,
2504 5273 2771 5327 velamen.
2819 5272 2939 5339 Tlt.,
2987 5272 3043 5328 et
3083 5272 3296 5330 cidares
3328 5273 3625 5329 inclinata.

2537 5342 2606 5414 (c)
2637 5342 2722 5409 8.,
2758 5358 2856 5413 per
2902 5343 2969 5415 id
3016 5344 3173 5415 quod
3212 5345 3499 5399 recordata
3527 5344 3628 5400 sis.

379 5408 437 5474 ά)
470 5407 552 5475 8.,
588 5417 643 5465 et
666 5416 717 5462 te
731 5407 1052 5466 ell‘ttndebas
1078 5412 1143 5466 ad
1173 5427 1338 5482 opera
1369 5427 1583 5467 eorum.
1615 5407 1823 5480 Thlfet
1858 5407 2151 5472 subsiliisti
2180 5407 2353 5482 super
2382 5407 2599 5467 electos
2617 5407 2832 5468 eorum.
2911 5413 2979 5483 (ε)
3004 5407 3091 5479 8.,
3129 5414 3629 5471 abominationem.

356 5409 426 5561 gf)
449 5479 544 5561 ,8.,
573 5483 1029 5561 quandocumque
1047 5482 1383 5561 adoleverint
1407 5483 1475 5540 de
1504 5482 1739 5561 {Egypto
1780 5487 2027 5541 nutrices
2057 5496 2183 5561 tute.
2285 5480 2359 5552 (9)
2390 5481 2742 5561 ,ῼνοῃ-ευηηοης
2771 5484 2825 5537 in
2857 5482 3006 5561 igne.
3083 5486 3162 5554 (It)
3192 5481 3281 5549 8.,
3317 5493 3374 5561 e_t
3403 5499 3629 5561 cessare

385 5479 426 5558 ο
449 5479 544 5561 ,8.,
573 5483 1029 5563 quandocumque
1047 5479 1383 5537 adoleverint
1407 5483 1475 5540 dc
1504 5482 1739 5610 [Eggpto
1780 5487 2027 5541 nutrices
2057 5496 2183 5539 tuae.

385 5563 555 5602 actam
601 5552 1062 5606 aliomtnattonem
1113 5560 1262 5608 tuam
1300 5569 1330 5607 a
1363 5561 1434 5609 te.
1514 5556 1575 5610 (ἱ)
1649 5595 1684 5610 ..
1718 5571 1861 5610 eam.
1892 5573 2017 5610 altae
2039 5556 2107 5610 de
2137 5565 2183 5607 te

357 5548 555 5602 faciam
590 5548 1262 5625 abominationetntuam
1300 5569 1330 5607 a
1363 5561 1434 5625 te.
1496 5556 1575 5625 _(i)

2285 5480 2359 5552 (g)
2394 5481 2742 5554 ‘Consument
2771 5484 2825 5537 in
2859 5480 3006 5554 igne.
3083 5486 3162 5554 (It)
3192 5481 3281 5549 8.,
3317 5493 3374 5539 et
3403 5499 3632 5540 cessare

1718 5571 1861 5621 cam,
1892 5573 2017 5627 quae
2039 5556 2107 5610 de
2129 5551 2347 5627 terra."
2381 5551 2454 5623 (It)
2483 5551 2564 5627 8.,
2594 5559 2649 5607 et
2688 5551 3025 5609 abominatio
3079 5551 3193 5620 tua,
3219 5563 3281 5627 et
3336 5554 3631 5610 fornicatio

363 5627 497 5696 tua;
526 5631 688 5674 erunt
724 5622 837 5677 haec
871 5622 987 5676 tibi.
1068 5621 1128 5696 (ζ)
1162 5622 1248 5688 8.,
1276 5621 1569 5696 profunda,
1593 5635 1647 5682 et
1673 5621 1938 5696 spatiosa,
1978 5627 2090 5681 eris
2127 5624 2181 5678 in
2214 5621 2410 5696 risum,
2437 5621 2571 5696 etin
2599 5638 2930 5696 sermonem,
2961 5639 3083 5694 quae
3114 5624 3323 5680 multos
3344 5626 3622 5681 contines.

361 5685 656 5764 Ebrietate,
672 5699 743 5764 _et
776 5706 882 5746 non
937 5685 1219 5764 curatione
1235 5685 1568 5764 'r'epleberis.

365 5757 534 5825 labis;
593 5760 722 5830 quia
778 5776 880 5829 ego
938 5761 1152 5818 locutus
1185 5757 1327 5819 sum.

362 5843 461 5883 sua
501 5830 931 5888 machabantur.

1679 5693 1774 5767 (in)
1805 5694 1890 5761 8.,
1930 5705 1985 5751 et
2025 5705 2193 5751 testas
2219 5694 2338 5763 ejus
2379 5693 2654 5767 comedes,
2679 5694 2824 5767 sicut
2846 5693 2994 5762 ossa,
3022 5704 3078 5750 et
3108 5696 3276 5767 ubera
3328 5705 3435 5767 tua
3472 5696 3629 5767 depi-

1435 5767 1511 5837 (u)
1545 5764 1629 5831 8.,
1666 5764 1822 5835 porta
1861 5766 2324 5825 almminationcm
2348 5772 2535 5842 tuama

2630 5765 2706 5835 (ο)
2733 5764 2942 5825 Nonne.
3057 5764 3133 5837 (ρ)
3162 5762 3248 5840 8.,
3284 5775 3340 5825 et
3370 5764 3439 5823 ad
3484 5762 3632 5823 idola
