4072 6402
410 348 554 408 2727

1469 359 1696 416 CODEX
1742 357 2540 420 SYRIACO-HEXAPLARIS.

3527 366 3667 424 2738

412 465 467 522 in
509 467 771 538 injustitia
812 475 991 525 vestra
1027 471 1088 542 (ὅ)
1139 472 1213 545 (ι)
1262 482 1314 530 et
1361 477 1784 532 consolabimini
1814 493 1988 532 unus-
2019 479 2062 535 Α
2090 475 2384 534 ldumteam
2421 479 2475 535 in
2512 495 2676 535 manu
2711 481 2895 552 populi
2941 481 3045 537 mei
3074 480 3288 539 lsraelis
3325 501 3337 537 :
3373 492 3427 538 et
3465 482 3666 541 facient

410 556 646 626 quisque
687 555 906 611 fratrem
952 574 1134 615 suum.
1186 561 1275 617 24.
1318 561 1385 617 Ει
1421 563 1526 618 erit
1554 563 1797 619 llezeeiel
1837 563 1989 618 vobis

409 648 462 701 iu
495 656 806 717 portentum
833 670 846 705 :
873 653 1171 708 secundum
1198 655 1545 726 omnia,qua:
1571 655 1719 720 fecit,
1753 654 1985 719 facietis,

407 755 533 794 cum
584 742 834 798 venerint
890 745 1026 810 haec,
1076 756 1130 801 et
1167 750 1530 818 cognoscetis,
1584 751 1841 820 quoniam
1885 763 1988 820 ego

409 830 618 886 Adonai
651 833 940 890 Dominus.
977 836 1067 892 25.
1102 838 1170 892 Ει
1193 846 1273 904 ιιι,
1309 839 1385 895 fili
1416 841 1681 908 hominis,
1715 857 1898 900 nonne
1930 843 1987 898 in

406 920 516 984 die,
563 926 783 994 quando
826 943 1078 983 sumsere
1125 931 1381 1000 roburx
1410 947 1599 988 eorum
1636 935 1658 1003 ζ
1689 934 1758 988 ab
1787 935 1888 999 eis,
1932 944 1989 991 et

406 1013 699 1069 elationem
748 1018 1090 1088 gloriationis
1119 1035 1331 1087 eorum,
1373 1022 1755 1078 desiderabilia
1799 1024 1987 1080 oeulo-

407 1118 530 1157 rum
593 1121 809 1172 corum,
862 1117 918 1164 et
973 1111 1264 1167 elationem
1316 1104 1509 1168 anima:
1562 1130 1778 1179 eorum,
1841 1117 1986 1173 filios

404 1206 621 1258 eorum,
669 1205 722 1251 et
768 1197 908 1255 tilias
944 1214 1156 1266 eorum,
1187 1202 1277 1257 26.
1310 1203 1366 1258 in
1405 1203 1494 1259 die
1527 1205 1622 1261 illo
1653 1207 1852 1273 veniet,
1888 1208 1983 1278 qui

406 1285 592 1340 salvus
618 1285 794 1345 factus
823 1289 1005 1356 fuerit,
1053 1293 1120 1348 ad
1168 1302 1240 1361 te,
1293 1304 1353 1350 ut
1403 1296 1550 1352 dicat
1577 1299 1673 1354 tibi
1715 1299 1770 1354 in
1821 1314 1984 1357 aures

403 1377 570 1431 tuas?
595 1377 683 1432 27.
717 1377 774 1432 In
804 1381 1011 1439 dieillo
1035 1386 1308 1455 aperietur
1337 1403 1400 1444 os
1431 1398 1583 1445 tuum
1618 1391 1686 1446 ad
1710 1407 1855 1456 eum,
1887 1392 1983 1464 qui

403 1466 587 1524 salvus
626 1468 805 1529 factus
838 1473 1021 1542 fuerit,
1069 1485 1124 1532 et
1175 1477 1439 1550 loqueris,
1493 1497 1593 1538 nec
1638 1482 1983 1542 obmutesees

402 1561 655 1629 amplius,
709 1574 762 1620 et
789 1568 902 1623 eris
948 1569 1029 1624 eis
1069 1569 1125 1626 in
1169 1581 1503 1643 portentum,
1536 1585 1592 1632 et
1628 1588 1979 1649 cognoscent,

401 1652 658 1719 quoniam
695 1671 796 1726 ego
835 1658 1120 1717 Dominus.

470 1739 624 1798 CAP.
657 1743 913 1801 XXV.——
932 1749 981 1804 1.
1007 1748 1183 1823 Super
1206 1752 1350 1810 ﬂlios
1381 1755 1636 1813 Ammon.
1682 1759 1748 1814 Et
1774 1758 1976 1815 factum

401 1838 484 1884 est
508 1834 736 1890 verbum
783 1836 1003 1895 Domini
1045 1842 1114 1899 ad
1161 1859 1268 1912 me,
1309 1846 1498 1905 dicens
1532 1867 1545 1904 :
1577 1849 1631 1903 2.
1669 1849 1770 1905 Fili
1801 1851 1978 1907 bomi-
2009 1823 2050 1880 Β

404 1920 512 1984 nis,
540 1925 767 1982 obfirma
801 1928 992 1987 faciem
1038 1944 1186 1990 tuam
1219 1952 1384 2008 super
1426 1939 1570 1996 ﬁlios
1613 1943 1868 2010 Ammon,
1925 1953 1980 1999 et

399 2010 664 2078 propheta
711 2032 877 2088 super
917 2035 1046 2088 eos,
1106 2023 1165 2079 5.
1216 2035 1272 2082 et
1317 2029 1468 2086 dices
1511 2031 1637 2089 filiis
1691 2035 1925 2090 Ammon
1961 2055 1975 2090 :

398 2099 598 2156 Audite
637 2106 864 2164 verbum
896 2112 1108 2170 Adonai
1137 2115 1354 2175 Domini
1387 2139 1404 2176 :
1439 2123 1555 2180 haec
1595 2126 1729 2184 dicit
1765 2128 1975 2185 Adonai

399 2189 666 2252 Dominus
693 2199 786 2268 (l):
819 2200 926 2258 Pro
954 2220 1021 2261 eo
1043 2209 1189 2278 quod
1219 2212 1395 2280 gavisi
1421 2217 1560 2272 estis
1586 2233 1749 2290 super
1775 2220 1975 2278 Sancta

396 2297 538 2377 mea,
571 2290 716 2356 quod
749 2293 1036 2363 profanata
1089 2311 1240 2366 sunt,
1274 2313 1328 2359 et
1369 2320 1535 2377 super
1565 2316 1765 2366 terram
1796 2312 1976 2371 Israe-

394 2374 484 2474 lis,
508 2381 654 2449 quod
678 2383 922 2474 desolata
951 2399 1056 2454 est,
1093 2400 1148 2446 et
1179 2409 1346 2464 super
1373 2374 1594 2452 domum
1624 2399 1797 2464 Judac,
1828 2407 1973 2474 quod

393 2467 645 2526 abierunt
690 2473 742 2529 in
783 2479 1126 2549 captivitate;
1176 2483 1230 2537 4.
1273 2497 1497 2556 propter
1548 2489 1652 2544 boe
1699 2467 1974 2564 ecce-ego

395 2562 552 2616 trado
578 2579 676 2620 vos
710 2567 807 2637 (θη)
848 2571 974 2628 filiis
1006 2575 1208 2631 Cedem
1247 2579 1301 2632 in
1343 2580 1736 2654 btereditatem,
1790 2598 1843 2643 et
1875 2562 1972 2645 ca-

394 2657 872 2716 strametabuntur
895 2663 949 2718 in
987 2667 1326 2736 supellectile
1361 2686 1460 2728 sua
1496 2674 1551 2730 in
1577 2683 1649 2743 te,
1677 2687 1733 2734 et
1765 2680 1974 2738 dabunt

391 2745 450 2799 in
483 2755 545 2801 te
583 2750 815 2807 tentoria
865 2769 965 2809 sua
1000 2773 1016 2812 :
1050 2758 1142 2813 isti
1182 2765 1470 2821 comedent
1499 2767 1716 2827 fructus
1744 2780 1888 2842 tuos,
1919 2787 1972 2832 et

391 2836 489 2892 isti
513 2839 699 2896 bibent
725 2843 937 2915 adipem
966 2859 1136 2904 tuam.
1166 2851 1220 2906 5.
1255 2851 1321 2910 Et
1353 2856 1494 2912 dabo
1522 2860 1710 2916 urbem
1733 2836 1967 2921 Ammon

389 2930 444 2984 iu
471 2947 735 3001 pascuum
758 2940 1116 3008 camelorum,
1139 2953 1191 3000 et
1207 2945 1346 3004 ﬁlios
1376 2948 1609 3006 Ammon
1632 2952 1684 3007 in
1703 2970 1965 3025 pascuum

388 3023 598 3090 ovium,
639 3035 696 3082 et
726 3033 1094 3101 cognoscetis,
1131 3036 1259 3105 quia
1305 3053 1408 3110 ego
1433 3040 1646 3097 Adonai
1677 3023 1964 3104 Dominus.

386 3113 448 3168 6.
475 3114 612 3182 Quia
645 3119 763 3175 haec
807 3120 938 3175 dicit
982 3123 1195 3178 Adonai
1227 3125 1490 3186 Dominus
1522 3150 1537 3186 :
1569 3131 1677 3188 Pro
1721 3149 1788 3189 eo
1820 3139 1964 3206 quod
1993 3145 2044 3219 ρ
2073 3129 2125 3185 7.
2187 3129 2325 3196 Quia
2385 3129 2500 3184 haec
2543 3127 2676 3182 dicit
2737 3125 2946 3219 Adonai
3006 3124 3268 3219 Dominus
3315 3141 3330 3178 :

385 3206 639 3274 plausisti
671 3225 837 3265 manu
863 3222 974 3280 tua,
1005 3223 1060 3269 et
1093 3218 1374 3286 strepuisti
1406 3222 1542 3289 pede
1565 3233 1678 3288 tuo,
1710 3233 1763 3278 et
1785 3227 1968 3296 gavisa

387 3314 450 3353 es
484 3314 549 3354 ex
575 3301 760 3357 anima
788 3311 880 3359 tua
913 3321 1080 3376 super
1113 3317 1315 3364 terram
1345 3309 1562 3370 lsraelis
1589 3331 1604 3382 ;
1654 3315 1706 3370 7.
1745 3330 1969 3389 propter

387 3389 492 3445 hoc
513 3393 581 3460 >s(
599 3407 726 3449 ecce
755 3410 854 3466 ego
883 3395 904 3464 ζ
933 3400 1220 3454 extendam
1251 3416 1473 3458 manum
1499 3421 1673 3462 meam
1705 3423 1870 3480 super
1894 3422 1966 3478 te,

384 3486 440 3534 et
476 3478 620 3536 dabo
651 3490 703 3537 te
731 3482 785 3538 in
816 3485 1176 3554 direptionem
1220 3489 1273 3544 in
1302 3492 1577 3560 gentibus,
1607 3503 1662 3550 el;
1687 3478 1878 3554 delebo
1919 3509 1973 3554 te

384 3587 450 3627 cx
485 3577 730 3646 populis,
761 3587 815 3632 et
849 3579 1072 3648 perdam
1115 3588 1169 3636 te
1215 3597 1246 3638 e
1291 3585 1610 3655 regionibus
1640 3589 1967 3659 perditione,

383 3675 440 3718 et
475 3669 840 3733 cognoscetis,
885 3671 1016 3740 quia
1049 3686 1148 3742 ego
1193 3672 1482 3731 Dominus.
1514 3678 1570 3733 8.
1609 3677 1784 3748 Super
1814 3680 1969 3737 Moab

383 3759 439 3805 ct
480 3752 623 3808 Seir.
662 3751 787 3810 Haec
815 3755 948 3812 dicit
982 3759 1188 3815 Adonai
1225 3761 1489 3820 Dominus
1521 3781 1536 3818 :
1567 3765 1676 3822 Pro
1711 3783 1776 3824 eo
1820 3771 1966 3840 quod

381 3841 521 3896 dixit
577 3841 758 3908 Moab,
805 3849 875 3916 >ε<
919 3857 971 3903 et
1016 3847 1137 3904 Scir
1168 3850 1238 3920 ﬁ:
1289 3851 1454 3921 Ecce,
1506 3859 1965 3927 quemadmodum

381 3943 575 3987 omnes
601 3943 808 4003 gentes,
836 3937 1030 3993 domus
1050 3954 1115 3996 -δ-
1138 3939 1352 3998 lsraelis
1387 3953 1442 4000 et
1465 3943 1636 4004 Iudae.
1667 3948 1724 4003 9.
1740 3949 1966 4022 Propter

381 4021 488 4076 boe
518 4038 644 4080 ecce
677 4041 778 4095 ego
803 4028 1046 4086 dissolvo
1093 4032 1385 4091 humerum
1424 4037 1581 4094 Moab
1618 4057 1686 4096 ex
1737 4021 1964 4100 urbibus

377 4126 750 4174 extremarum
801 4121 1154 4180 altitudinum
1223 4127 1364 4197 ejus,
1432 4138 1633 4186 terram
1695 4133 1960 4204 electam,

376 4207 602 4265 domum
649 4209 783 4268 Betb
833 4215 1088 4272 Asimuth
1139 4235 1306 4291 super
1363 4221 1572 4279 fontem
1611 4226 1787 4290 urbis,
1842 4245 1966 4299 qua:

375 4303 519 4370 apud
549 4319 700 4359 mare
731 4325 742 4359 :
774 4305 860 4362 10.
905 4308 1045 4364 ﬁlios
1087 4308 1288 4367 Cedem
1337 4328 1506 4383 super
1539 4317 1680 4374 filios
1727 4318 1964 4376 Ammon

372 4393 499 4448 dedi
551 4395 600 4450 ei
641 4396 722 4468 (at)
768 4397 824 4452 in
868 4399 1270 4468 ltaareditatem,
1325 4415 1386 4459 ιιι
1424 4421 1530 4462 non
1585 4411 1850 4466 memoria
1891 4412 1964 4467 sit

374 4484 611 4540 filiorqu
651 4487 886 4543 Ammon
911 4491 1052 4560 )‘(in
1081 4495 1336 4564 gentibus
1367 4497 1396 4566 ζ
1425 4534 1441 4551 .
1472 4499 1560 4552 1-1.
1599 4500 1666 4555 Et
1701 4501 1756 4556 in
1797 4503 1960 4558 Moab

373 4577 574 4633 faciam
616 4578 902 4644 ultionem,
937 4593 988 4637 et
1023 4596 1375 4654 cognoscent,
1412 4591 1671 4660 quoniam
1716 4608 1821 4665 ego
1849 4594 1957 4650 Do—

370 4667 579 4724 minus.
611 4670 698 4725 1‘2.
731 4670 906 4741 Super
929 4671 1245 4730 ldumaeam.
1276 4676 1400 4733 "th
1430 4681 1564 4736 dicit
1602 4682 1814 4737 Adonai
1849 4683 1958 4739 Do-

371 4761 601 4816 minus:
635 4761 742 4818 Pro
790 4779 856 4819 eo
899 4767 1044 4835 quod
1093 4767 1222 4823 fecit
1253 4767 1511 4835 ldumaca,
1554 4788 1680 4828 cum
1721 4775 1952 4832 ulcisce-

368 4862 564 4909 rentur
611 4855 816 4910 ultione
856 4856 914 4911 iu
956 4858 1180 4914 domum
1238 4859 1430 4930 Judm,
1481 4874 1535 4920 et
1577 4867 1955 4924 custodierunt

367 4945 907 5014 exeandeseentiam,
934 4961 990 5005 et
1015 4951 1113 5006 ulti
1146 4963 1275 5008 sunt
1305 4956 1511 5012 ultione
1537 4973 1551 5024 ;
1599 4959 1688 5014 15.
1734 4969 1953 5031 propter

367 5037 475 5092 hoc
510 5039 625 5094 haec
657 5040 788 5096 dicit
811 5040 1028 5099 Adonai
1062 5043 1328 5104 Dominus
1356 5066 1370 5103 :
1396 5047 1464 5103 Et
1503 5051 1790 5106 extendam
1837 5069 1956 5109 ma~

364 5143 498 5182 num
525 5145 704 5186 meam
740 5147 903 5202 super
949 5133 1264 5204 ldummam,
1305 5151 1359 5195 et
1399 5142 1747 5211 pessundabo
1788 5144 1854 5200 de
1893 5163 1954 5200 ea

365 5219 648 5274 hominem
684 5230 740 5278 et
765 5222 1101 5296 iumentum,
1148 5241 1204 5285 et
1233 5246 1432 5301 ponam
1462 5250 1584 5289 eam
1623 5235 1895 5293 desertam
1936 5257 1954 5292 ;

361 5317 417 5363 et
451 5324 517 5368 ex
554 5310 814 5370 Tlizemau
860 5324 917 5373 et
966 5317 1149 5376 Dadau
1207 5327 1646 5394 persecutionem
1688 5330 1954 5399 patientes

363 5401 415 5456 in
457 5406 638 5474 gladio
667 5409 884 5466 cadent.
917 5410 1000 5467 14.
1030 5414 1096 5470 Et
1127 5415 1270 5472 dabo
1297 5419 1554 5476 ultionem
1585 5436 1764 5478 meam
1791 5438 1956 5494 super

2091 570 2144 624 in
2195 569 2428 627 ldumaea
2477 571 2631 642 juxta
2689 574 2829 628 iram
2879 590 3079 641 meatu,
3123 585 3177 630 et
3217 575 3374 645 juxta
3421 574 3660 630 furorem

2087 675 2292 728 meum,
2324 672 2379 718 et
2404 675 2738 736 cognoscent
2765 666 3026 721 ultionem
3059 682 3258 734 meam,
3285 667 3418 724 dicit
3455 667 3662 724 Adonai

2087 749 2374 810 Dominus.
2422 755 2508 810 15.
2545 755 2720 824 Super
2753 757 3106 829 alienigenas.
3137 757 3365 830 Propter
3405 761 3513 816 hoc
3551 761 3664 815 haec

2085 839 2220 896 dicit
2258 843 2471 899 Adonai
2495 844 2761 903 Dominus
2796 866 2809 902 :
2840 845 2948 902 Pro
2985 863 3052 903 eo
3079 850 3224 918 quod
3251 849 3494 905 fecerunt
3526 850 3662 905 alie-

2086 932 2298 1004 nigente
2319 935 2370 990 in
2398 935 2626 1003 ultione,
2651 946 2708 992 et
2727 938 3038 994 excitarunt
3058 940 3338 1005 ultionem,
3365 940 3666 1011 gaudentes

2083 1039 2147 1080 ex
2180 1026 2386 1093 anima,
2442 1027 2515 1099 (ο)
2569 1037 2629 1084 ιιι
2671 1029 2913 1084 delerent
2942 1045 3117 1100 usque
3143 1031 3196 1085 in
3227 1041 3528 1098 aeternum;
3574 1031 3659 1085 16.

2084 1126 2301 1188 propter
2328 1118 2433 1176 hoc
2460 1119 2575 1176 hare
2607 1121 2741 1176 dicit
2767 1121 2981 1177 Adonai
3030 1121 3295 1179 Dominus
3332 1141 3346 1176 :
3383 1120 3522 1178 Ecce
3563 1137 3664 1192 ego

2084 1209 2319 1264 extendo
2351 1225 2576 1266 manum
2601 1226 2780 1267 meam
2827 1227 2994 1282 super
3037 1213 3394 1283 alienigenas,
3428 1221 3484 1267 et
3526 1227 3663 1281 pes-

2085 1299 2337 1355 sundabo
2368 1301 2447 1372 (p)
2479 1300 2788 1370 Cretenses,
2812 1311 2868 1358 et
2900 1304 3121 1374 perdam
3154 1303 3398 1374 reliquos
3417 1317 3480 1360 -t-
3505 1303 3662 1359 babi-

2085 1398 2262 1446 tantes
2291 1391 2314 1460 ζ
2343 1407 2509 1463 super
2550 1409 2649 1451 ora
2706 1395 2939 1450 marina.
2981 1394 3069 1449 17.
3114 1393 3180 1450 Et
3216 1394 3416 1451 faciant
3471 1395 3525 1450 in
3583 1395 3668 1450 eis

2085 1481 2320 1540 ultiones
2348 1499 2578 1557 magnas
2598 1485 2738 1556 Xin
2770 1485 3248 1556 redargutionibus
3279 1485 3484 1541 furoris
3511 1487 3533 1554 ζ
3565 1526 3579 1552 ,
3610 1497 3664 1540 et

2084 1586 2431 1646 cognoscent,
2461 1577 2588 1648 quia
2619 1593 2719 1648 ego
2742 1577 2956 1633 Adonai
2981 1575 3265 1642 Dominus,
3301 1592 3426 1633 cum
3461 1577 3668 1634 dedero

2083 1666 2346 1723 ultionem
2382 1683 2559 1724 meam
2588 1685 2751 1741 super
2772 1683 2889 1724 eos.

2152 1758 2306 1815 CAP.
2356 1757 2706 1816 XXVl.-'-1.
2753 1759 2930 1832 Super
2970 1760 3196 1833 Tyrum,
3242 1762 3309 1816 Et
3342 1759 3545 1815 factum
3579 1770 3665 1816 est

2081 1851 2136 1906 in
2167 1866 2313 1908 anno
2341 1852 2654 1918 undecimo,
2687 1869 2793 1908 uno
2823 1853 3048 1920 mensis,
3099 1851 3302 1909 factum
3329 1861 3412 1908 est
3436 1853 3666 1908 verbum

2082 1943 2297 2000 Domini
2345 1947 2411 2001 ad
2460 1962 2567 2011 me,
2617 1945 2806 2002 dicens
2841 1964 2852 1999 :
2882 1944 2939 2000 2.
2989 1944 3092 2000 Fili
3141 1945 3382 2001 hominis
3411 1963 3424 2000 :
3456 1959 3556 2016 pro
3597 1959 3666 2000 eo

2079 2039 2226 2108 quod
2257 2039 2394 2094 dixit
2422 2038 2599 2112 Tyrus
2633 2055 2796 2110 super
2815 2038 3118 2094 Jerusalem
3157 2057 3170 2092 :
3205 2039 3312 2100 Ah,
3345 2037 3504 2102 bene,
3531 2051 3663 2092 con-

2079 2133 2252 2190 fracta
2276 2144 2378 2202 est,
2410 2135 2591 2206 periit,
2625 2145 2816 2206 gentes
2841 2149 3121 2190 conversa:
3144 2142 3274 2188 sunt
3305 2131 3371 2186 ad
3400 2147 3506 2195 me,
3540 2147 3663 2200 qua:

2079 2225 2258 2293 plena,
2285 2225 2500 2281 deserta
2524 2235 2603 2280 est
2630 2243 2645 2292 ;
2677 2226 2731 2282 5.
2761 2236 2983 2296 propter
3011 2224 3116 2280 boc
3146 2225 3262 2278 haec
3289 2222 3422 2278 dicit
3447 2223 3659 2277 Adonai

2078 2317 2346 2374 Dominus
2375 2338 2388 2372 :
2423 2320 2492 2387 Ἀ(
2518 2316 2656 2373 Ecce
2684 2333 2786 2388 ego
2815 2319 2839 2386 ζ
2871 2332 3037 2386 super
3076 2327 3150 2380 te,
3182 2316 3344 2389 Tyre,
3384 2327 3440 2373 et
3465 2332 3663 2372 ascen-

2075 2409 2204 2464 dere
2240 2409 2436 2464 faeiam
2465 2425 2632 2479 super
2667 2418 2717 2463 te
2758 2416 2945 2479 gentes
2983 2407 3207 2472 multas,
3241 2408 3384 2462 sicut
3412 2407 3660 2460 ascendit

2076 2511 2226 2552 mare
2256 2496 2308 2550 iu
2337 2495 2594 2550 ﬂuetibus
2619 2495 2754 2550 suis.
2796 2497 2851 2550 4.
2893 2493 2961 2549 Et
2999 2493 3256 2562 dejicient
3289 2509 3478 2547 muros
3508 2491 3660 2563 Tyri,

2073 2595 2128 2640 et
2157 2584 2413 2655 dejicient
2445 2593 2623 2638 turres
2655 2593 2777 2638 tuas
2808 2602 2822 2637 :
2857 2592 2911 2639 et
2933 2581 3210 2637 ventilabo
3234 2580 3513 2651 pulverem
3539 2579 3660 2649 ejus

2073 2677 2141 2732 de
2172 2693 2259 2743 ea,
2297 2686 2354 2733 et
2378 2677 2519 2732 dabo
2545 2690 2666 2731 eam
2702 2675 2757 2730 in
2783 2683 2999 2746 petram
3035 2673 3246 2728 laevem.
3282 2671 3334 2726 5.
3385 2669 3659 2739 Expansio

2075 2770 2270 2825 retium
2310 2770 2415 2824 erit
2444 2769 2497 2822 in
2523 2768 2703 2822 medio
2737 2767 2940 2832 maris;
2982 2765 3110 2835 quia
3140 2777 3245 2833 ego
3265 2763 3479 2817 loeutus
3511 2773 3654 2822 sum,

2071 2859 2203 2914 dicit
2245 2858 2511 2913 Dominus
2568 2855 2837 2910 Dominus
2877 2873 2891 2908 :
2925 2861 2979 2908 et
3024 2853 3130 2907 erit
3189 2852 3244 2906 in
3294 2849 3655 2918 direptionem

2070 2949 2322 3020 gentibus
2355 2966 2368 3004 :
2401 2947 2452 3002 6.
2482 2950 2549 3015 Β(
2574 2956 2626 3002 et
2652 2948 2776 3001 tiliae
2808 2946 2928 3016 ejus
2973 2945 3055 2999 ba:
3100 2945 3148 3014 ζ,
3202 2957 3325 3012 quae
3353 2942 3403 2996 itt
3438 2953 3658 3008 campo,

2069 3043 2251 3111 gladio
2297 3040 2634 3104 occidentur,
2702 3047 2755 3092 et
2797 3037 3006 3102 scient,
3057 3035 3185 3106 quia
3227 3049 3328 3105 ego
3372 3031 3655 3086 Dominus.

3377 3137 3503 3178 ecce
3557 3137 3658 3190 ego

2073 3219 2286 3275 adduco
2327 3235 2493 3289 super
2533 3228 2605 3283 te,
2648 3217 2810 3289 Tyre,
2837 3215 3436 3272 Nabueltodonosorcm
3474 3229 3658 3284 regem

2073 3309 2368 3380 Babylonis
2402 3310 2470 3364 ab
2500 3309 2776 3380 aquilone,
2813 3323 2902 3362 rex
2945 3322 3132 3378 regum
3173 3315 3275 3372 est,
3304 3322 3429 3362 eum
3476 3307 3654 3375 equis,

2073 3411 2128 3455 et
2167 3399 2444 3465 curribus,
2476 3407 2533 3453 et
2567 3397 2867 3468 equitibus,
2908 3406 2963 3452 et
3009 3403 3151 3451 cmtu
3185 3397 3428 3466 gentium
3456 3399 3655 3450 multa-

2074 3506 2199 3546 runt
2227 3505 2290 3546 οξ-
2311 3491 2466 3546 valde
2501 3491 2549 3560 ζ.
2596 3490 2648 3544 8.
2706 3489 2806 3544 llic
2839 3490 2981 3544 tilias
3009 3497 3150 3554 tuas,
3187 3504 3311 3558 quae
3342 3489 3395 3542 iu
3438 3503 3653 3558 eampo.

2072 3583 2254 3654 gladio
2285 3583 2516 3650 occidet,
2550 3591 2605 3638 et
2635 3581 2787 3636 dabit
2831 3595 2997 3651 super
3041 3589 3093 3636 te
3117 3594 3182 3636 -ι-
3206 3581 3465 3635 excubias
3493 3581 3514 3649 ζ
3546 3621 3560 3645 ,
3603 3590 3658 3634 et

2070 3674 2362 3730 tediticabit
2392 3675 2536 3730 circa
2589 3683 2662 3740 te,
2699 3683 2752 3729 et
2797 3673 2962 3728 faciet
3009 3688 3176 3743 super
3227 3680 3280 3727 te
3316 3673 3369 3726 in
3419 3672 3656 3727 circuitu

2070 3765 2298 3832 fossam,
2357 3779 2410 3821 et
2453 3765 2865 3820 tumultuariam
2909 3765 3200 3824 stationem
3243 3779 3546 3830 armorum,
3601 3774 3657 3818 ct

2069 3857 2289 3913 lanceas
2318 3871 2448 3911 suas
2477 3867 2668 3912 contra
2692 3868 2743 3912 te
2769 3857 2939 3914 dabit.
2970 3857 3024 3912 9.
3063 3855 3248 3912 Μαι-οε
3278 3866 3418 3923 tuos,
3453 3867 3507 3911 et
3537 3865 3655 3910 tur-

2070 3964 2158 4004 res
2190 3954 2314 4004 tuas
2357 3948 2537 4004 diruet
2565 3949 2616 4002 in
2664 3949 2859 4019 gladiis
2905 3949 3042 4004 suis.
3079 3945 3166 4002 10.
3217 3947 3264 4001 A
3307 3946 3656 4004 multitudine

2069 4053 2337 4108 equorum
2404 4039 2523 4108 ejus
2576 4040 2782 4109 operiet
2834 4048 2884 4093 te
2928 4037 3108 4108 pulvis
3167 4054 3355 4093 eorum
3394 4053 3468 4092 :a
3519 4053 3653 4091 voce

2067 4130 2314 4200 equitum
2344 4129 2486 4199 ejus,
2528 4139 2581 4185 et
2604 4140 2851 4186 rotarum
2889 4146 3153 4186 curruum
3178 4130 3300 4202 ejus
3327 4129 3650 4185 concutien-

2069 4233 2159 4276 tur
2209 4223 2354 4278 muri
2405 4223 2481 4278 tui
2513 4241 2526 4278 :
2558 4239 2684 4279 cum
2733 4225 3036 4295 ingreditur
3085 4234 3272 4293 portas
3321 4233 3466 4284 tuas,
3506 4222 3652 4277 sicut

2069 4317 2383 4386 ingrediens
2434 4317 2491 4371 in
2537 4317 2730 4372 urbem
2782 4334 2851 4373 ex
2906 4333 3118 4387 campo.
3182 4315 3272 4371 11.
3322 4314 3380 4370 In
3433 4313 3652 4385 ungulis

2065 4425 2332 4482 equorum
2365 4424 2591 4465 suorum
2623 4409 3235 4465 conculcabuntomues
3254 4407 3462 4479 plateas
3493 4416 3645 4462 tuas:

1995 4479 2041 4534 θ
2067 4479 2329 4570 populum
2362 4511 2516 4556 tuum
2547 4501 2727 4572 gladio
2765 4502 2976 4558 occidet
3009 4521 3022 4556 :
3050 4511 3104 4556 et
3141 4500 3506 4556 substantiam
3539 4498 3652 4554 for-

2066 4593 2317 4648 titudinis
2365 4603 2471 4648 tute
2507 4608 2672 4664 super
2707 4601 2903 4649 terram
2941 4594 3190 4649 deducet.
3234 4592 3322 4646 1‘2.
3358 4589 3425 4645 Et
3454 4590 3652 4661 depor-

2064 4685 2200 4740 tahit
2234 4685 2532 4755 potentiam
2567 4695 2740 4752 luam,
2774 4695 2830 4741 et
2861 4686 3116 4756 spoliabit
3147 4700 3268 4756 quae
3293 4683 3562 4756 possides,
3596 4693 3651 4738 et

2055 4775 2227 4848 jaciet
2249 4778 2504 4833 deorsum
2539 4793 2726 4833 muros
2759 4788 2881 4833 tuos
2910 4795 2924 4832 :
2957 4787 3011 4832 ct
3048 4779 3242 4833 domos
3282 4787 3405 4832 tuas
3437 4775 3650 4830 deside-

2059 4870 2282 4936 rabiles,
2326 4878 2382 4924 et
2413 4868 2621 4939 lapides
2648 4877 2792 4934 tuos,
2827 4879 2880 4923 et
2916 4869 3059 4938 ligna
3104 4877 3216 4932 tua,
3264 4878 3319 4923 et
3366 4866 3644 4936 pulverem

2065 4972 2217 5018 tuum
2272 4963 2328 5016 in
2383 4963 2623 5016 medium
2670 4962 2840 5016 maris
2881 4961 3109 5031 injicict.
3153 4960 3238 5014 15.
3292 4959 3359 5012 Et
3406 4960 3650 5014 destruet

2065 5053 2471 5110 multitudinem
2521 5055 3012 5110 instrumentorum
3047 5052 3272 5108 musicae
3308 5060 3432 5113 tute,
3461 5057 3516 5104 et
3544 5065 3648 5104 vox

2061 5146 2399 5202 eitltararum
2431 5156 2647 5201 tuarum
2681 5162 2789 5202 non
2819 5146 3073 5200 audietur
3107 5145 3160 5198 in
3194 5153 3244 5198 te
3269 5141 3528 5210 amplius.
3558 5140 3645 5196 14.

2061 5237 2130 5292 Et
2162 5237 2306 5292 dabo
2349 5247 2400 5292 te
2444 5240 2498 5292 iu
2540 5249 2745 5306 petram
2787 5237 2996 5301 laevent,
3047 5245 3102 5290 et
3142 5234 3405 5303 cxpauslo
3449 5232 3644 5286 retiuut

2060 5331 2214 5386 eris:
2248 5346 2352 5384 non
2401 5328 2755 5385 aedificaberis
2791 5329 3048 5397 amplius,
3106 5327 3234 5397 quia
3283 5340 3384 5396 ego
3433 5324 3648 5379 loeutus

2060 5439 2208 5491 sum,
2254 5423 2386 5479 dicit
2429 5421 2642 5477 Adonai
2693 5420 2976 5476 Dominus.
3029 5419 3116 5473 15.
3179 5417 3319 5485 Quia
3367 5416 3484 5472 haec
3519 5415 3652 5470 dicit

405 5608 939 5702 Lifjﬁﬁuihfffjﬂ
987 5617 1054 5671 ad
1102 5627 1291 5702 potam
1324 5625 1574 5694 proxime
1590 5629 2008 5702 praecedentem
2041 5631 2316 5702 pertinere
2356 5628 2616 5697 videtur).
2696 5627 2772 5702 (ις)
2805 5625 2898 5702 _S.,_
2930 5634 2981 5702 et
3012 5623 3453 5702 consolationem
3472 5623 3634 5702 acci-

366 5685 526 5754 pictis
552 5685 933 5754 unusquisque
963 5702 1061 5754 per
1101 5685 1339 5747 fratrem'
1366 5711 1548 5750 suum.

1632 5699 1710 5782 ξι..
1746 5709 1807 5784 et
1839 5716 1971 5772 gemt

2072 5747 2088 5784 -.
2165 5703 2228 5773 (ι)
2381 5715 2480 5784 ιπρ
2504 5693 2998 5784 semissium»
3017 5696 3110 5784 3."
3131 5693 3637 5784 2°“%!_._<1'})I’!:-

367 5749 496 5804 nuis
535 5749 784 5810 orientis.
843 5749 1061 5829 '(n)'S.,
1092 5758 1147 5816 in
1187 5749 1452 5821 elatuma
1479 5749 1710 5832 (0)785,
1745 5749 1804 5827 iii
1839 5749 1971 5829 Eii}

2072 5749 2354 5830 ion‘éﬁﬂh’
2381 5749 2676 5829 inimicitia
2689 5749 2998 5827 Vitellius—.77,
3015 5749 3106 5838 tr)?
3125 5749 3209 5836 3.,
3249 5749 3638 5825 destrueiores.
