2036 3234
178 170 244 198 2731
743 174 854 202 CODEX
872 174 982 201 SYBlAl

1010 174 1266 203 l-llEXAPLARlS.
1744 178 1814 205 9752

177 227 203 253 in
220 227 264 254 die
278 226 364 254 ruinae
379 232 441 260 tum,
453 229 496 255 28.
515 229 547 257 ad
565 238 657 257 vocem
675 231 803 258 clamoris
819 231 856 258 tui
869 231 966 266 guhcr-
980 233 1003 261 Α
1019 238 1093 265 gens,
1121 231 1256 264 sardium,
1284 236 1310 259 et
1337 232 1487 266 topazium,
1514 237 1541 259 et
1569 233 1755 267 smaragdum,
1786 240 1813 262 et

177 278 286 299 natores
304 273 343 300 tui
360 273 400 308 '(c)
417 274 537 302 timendo
562 275 704 303 timebunt.
725 277 769 303 29.
797 278 830 304 Et
854 277 966 304 descen-
1019 277 1227 310 carbunculum,
1261 282 1288 304 et
1324 278 1485 312 saphirum,
1521 283 1547 305 et
1579 278 1814 314 jaspidem,+et

176 317 240 344 dent
263 318 295 344 de
323 318 436 346 navibus
466 320 525 347 suis
550 328 646 348 omnes
675 322 803 349 ductores
829 330 965 350 remorum
1019 328 1171 358 argentum,
1189 327 1216 351 et
1232 331 1327 351 aurum
1344 325 1409 358 :,et
1432 324 1572 359 ligurium,
1589 329 1616 351 et
1636 324 1764 357 achaten,
1786 329 1813 352 et

177 367 296 394 tuorum,
311 367 337 390 et
353 363 479 398 epibatm,
494 370 521 392 et
536 367 661 394 sedentes
678 367 705 394 in
718 375 799 402 prora
815 369 892 396 naris
908 376 966 395 ma-
1018 369 1212 404 amethystum,
1227 374 1254 396 et
1267 370 1474 405 chrysolithum,
1489 370 1674 405 et-beryllum,
1692 375 1719 397 ct
1743 378 1812 405 ony-

176 407 213 435 ris
228 415 311 443 super
324 413 423 436 terram
442 411 562 444 stabunt,
586 412 629 439 50.
649 418 676 441 et
690 414 831 440 ululabunt
848 422 929 448 super
941 420 966 442 te
1017 417 1106 450 chem,
1122 422 1149 445 et
1162 425 1229 444 auro
1246 417 1393 453 implevisti
1418 419 1561 445 thesauros
1577 422 1649 450 tuos,
1668 422 1695 444 et
1712 417 1810 445 horrea

174 460 241 480 voce
258 461 318 485 sua,
334 458 361 481 et
376 455 534 483 clamabunt
549 465 651 491 amare,
673 463 699 485 et
711 459 813 493 jaeient
827 459 964 494 pulverem
1018 468 1063 491 tua
1076 464 1134 491 tibi.
1157 464 1200 490 H.
1221 464 1243 490 Α
1259 464 1312 495 die,
1327 470 1382 498 quo
1398 467 1505 491 creatus
1518 470 1559 495 es,
1575 464 1608 496 )K
1620 462 1657 497 (g)
1675 470 1811 496 praepara-

175 505 258 532 euper
290 503 371 533 caput
397 507 488 534 suum,
519 505 546 528 et
564 502 683 530 cinerem
698 508 819 531 stcrnent
834 504 897 531 sibi.
918 504 962 531 3L

1017 515 1082 538 runt
1099 511 1110 545 ζ
1127 518 1187 538 cum
1200 511 1233 544 >ε<
1244 509 1354 537 Cherub
1370 514 1462 542 uncto,
1477 509 1658 536 commoranti
1679 509 1706 535 in
1718 508 1808 536 taber-

175 541 254 575 ὶςίΕι
274 542 454 572 decalvabunt
478 553 560 580 super
582 551 607 574 te
632 548 764 580 calvities,
782 553 809 576 et
823 549 966 584 accingent

1017 556 1114 583 naculo
1130 557 1140 590 ζ
1160 566 1166 583 :
1184 560 1211 583 et
1224 556 1285 583 dedi
1302 560 1327 582 te
1340 555 1367 582 in
1380 560 1472 583 monte
1489 559 1584 582 sancto
1598 554 1655 587 Dei,
1675 554 1764 582 factus
1780 563 1809 583 es

175 596 280 622 saccos,
296 594 323 616 et
339 589 441 618 ﬂebunt
454 600 504 626 pro
524 597 549 620 te
571 594 598 620 in
613 594 843 623 amaritudinibus
855 595 963 627 animm,

1017 602 1044 628 in
1056 601 1145 629 medio
1160 602 1280 637 lapidum
1298 601 1451 636 igneorum.
1467 601 1511 628 15.
1528 600 1612 628 Fuisti
1629 600 1689 628 sine
1701 601 1808 628 macula

174 638 200 661 et
230 634 367 682 planctum
390 644 514 665 amarum
530 648 536 665 :
553 639 597 666 3‘2.
627 645 735 667 sument
763 649 846 676 super
867 646 892 669 te
917 642 964 668 lilii
1017 652 1044 675 ιιι
1061 648 1087 674 in
1105 634 1200 675 diem];
1216 647 1280 679 ruis,
1300 634 1322 674 ει-
1335 647 1388 680 die,
1412 654 1466 682 quo
1481 651 1508 673 ιιι
1525 651 1635 674 creatus
1655 654 1695 679 es,
1721 646 1808 674 donec

173 687 268 707 eorum
284 681 513 717 lamentationem,
540 686 688 713 lamcntum
710 686 774 722 Tyri
792 697 798 714 :
814 688 876 722 quis
895 688 966 715 sicut

1017 694 1135 721 iuventte
1148 693 1361 728 suntinjustitize
1375 681 1427 720 tuae
1440 693 1466 719 in
1482 696 1517 719 te.
1535 692 1578 719 l6.
1595 693 1615 718 Δ
1634 692 1807 720 multitudine

174 724 271 760 Tyrus,
286 735 347 762 quae
363 729 500 757 obmutuit
518 731 545 757 in
567 731 656 759 medio
670 733 772 760 maris?
787 733 798 767 ξ
814 734 858 764 55,
874 732 966 766 Quan-

1016 741 1212 776 negotiationis
1230 724 1283 768 tua:
1298 739 1443 775 implevisti
1458 738 1497 775 (It)
1515 740 1624 768 cellaria
1641 744 1686 766 tua
1703 739 1806 774 iniqui-

172 779 241 806 tam,
255 783 336 809 quam
353 777 504 804 mercedem
526 777 652 805 invenisti
674 779 708 806 de
731 779 819 806 mari?
835 779 962 808 saturasti
1016 791 1082 819 me,
1104 791 1131 813 ει
1145 786 1274 821 peccasti,
1297 791 1323 813 (ιι
1344 792 1491 819 percussus
1507 793 1537 812 es
1556 793 1571 812 a
1591 789 1682 812 monte
1698 784 1743 812 Dei
1761 790 1806 812 :et

172 825 266 853 αεηῑεε
290 829 323 849 ex
354 822 528 849 πιυίιίῑυάῖηο
551 828 609 855 Illa.
638 828 665 861 ξι
698 832 712 851 ³
745 825 889 852 εοηιῐηίεῑο
917 830 964 853 ιυο
1015 832 1127 859 adduxit
1144 836 1168 859 te
1179 830 1670 865 Clieruonbumbransﬁdcmedio
1685 830 1805 865 lapidum

171 866 265 893 ditasti
279 874 376 894 omnes
390 875 467 902 rcges
486 871 573 895 terrae.
587 868 631 895 54.
646 867 724 896 Nunc
735 869 875 896 confracta
890 877 920 896 es
935 870 962 897 in

1015 878 1169 912 igneornm.
1195 877 1237 904 17.
1262 876 1369 903 Elatum
1393 880 1433 903 est
1451 883 1499 903 eor
1516 880 1592 903 tuum
1613 883 1695 911 super
1708 876 1807 904 decore

171 912 252 944 mari,
272 912 299 939 in
314 913 449 947 profundo
473 922 549 948 aqua:
564 915 737 942 commistum
762 915 810 949 tui,
826 921 854 943 et
872 916 961 943 omnis

1015 901 1169 912 .0..--._....
1197 901 1204 904 .
1220 901 1237 903 ν.
1263 901 1369 903 _._._...
1517 901 1591 903 ηπ
1614 901 1688 911 νγ..

1014 928 1071 957 tuo,
1087 928 1215 958 corrupta
1231 927 1272 950 est
1283 922 1396 950 scientia
1414 926 1460 948 tua
1486 929 1548 948 cum
1573 922 1670 949 decore
1692 927 1738 949 tuo
1755 930 1803 950 :+

170 962 259 986 enatus
279 963 342 986 tuus
361 959 386 986 in
410 959 502 987 medio
524 960 571 987 tui.
601 960 645 987 35.
679 960 842 988 Ceciderunt
863 968 960 989 omnes

1013 975 1123 1006 propter
1148 970 1352 997 multitudinem
1376 975 1554 1005 peccatorum
1572 974 1680 996 tuorum
1699 969 1805 1004 :super

169 1004 298 1051 ductores
324 1011 464 1031 remorum
488 1009 608 1037 tuorum,
632 1013 728 1034 omnes
750 1006 906 1033 habitantes
933 1007 958 1034 in
1013 1004 1111 1044 ieniam
1130 1016 1231 1051 proieci
1256 1020 1292 1047 ιε⁷
1310 1004 1401 1042 comm
1414 1016 1524 1050 regibus
1537 1014 1597 1042 dedi
1613 1019 1648 1046 ιε,
1666 1014 1806 1041 ιηίιιυιιρ.

170 1048 268 1076 insulis
294 1050 446 1077 contristati
468 1055 531 1077 sunt
557 1058 639 1086 super
658 1055 695 1083 te,
714 1056 741 1079 et
767 1059 843 1086 rcges
864 1060 959 1079 eorum

1012 1062 1090 1089 reris.
1115 1048 1159 1089 li}.
1179 1048 1302 1096 'Propter
1331 1048 1532 1087 multitudinea:
1566 1060 1598 1095 (ἱ)
1628 1063 1802 1093 peccatorum

168 1098 282 1129 δωροῖο
305 1094 503 1129 οὒδῑυρυετωη
529 1096 578 1130 id):
606 1100 632 1123 οι
653 1096 792 1124 lacrima”
814 1101 856 1124 εει
876 1097 959 1125 fades
1011 1112 1132 1140 tuorum,
1149 1094 1385 1141 ctinjustitiarum
1403 1105 1594 1140 negotiationis
1609 1103 1707 1139 tuetur)
1720 1103 1809 1139 pollu‘r

167 1148 262 1167 eorum
278 1149 360 1175 super
379 1146 413 1168 te.
433 1142 476 1168 56.
493 1141 681 1176 Negotiatores
695 1150 709 1171 e
726 1143 851 1178 gentibus
866 1144 959 1171 sibila-
1011 1155 1041 1189 (ι)
1058 1163 1136 1182 sacra
1161 1160 1216 1187 tua,
1241 1159 1267 1181 el
1290 1154 1404 1181 educam
1423 1154 1511 1188 ignem
1530 1155 1563 1181 de
1583 1154 1673 1181 medio
1690 1153 1741 1185 tui,
1762 1152 1806 1179 hic

167 1192 264 1214 rerum
279 1196 359 1222 super
376 1193 400 1215 te
416 1197 422 1214 :
439 1189 555 1223 perditio
578 1189 648 1216 facta
662 1196 703 1221 es,
727 1194 754 1217 et
770 1198 823 1217 non
840 1191 958 1224 amplius

1014 1199 1156 1226 dcvorabit
1171 1204 1196 1226 te
1211 1208 1217 1225 :
1235 1203 1262 1226 et
1276 1200 1346 1226 dabo
1363 1204 1387 1226 te
1403 1199 1429 1225 in
1445 1199 1562 1226 cinerem
1580 1206 1661 1233 super
1674 1203 1745 1225 terra
1758 1202 1803 1224 tua

166 1235 221 1262 eris
235 1236 261 1261 in
278 1235 420 1267 saeculum,
439 1236 505 1262 dicit
520 1236 624 1263 Adonai
639 1236 782 1264 Dominus.

1009 1251 1101 1270 coram
1124 1244 1250 1270 omnibus
1266 1243 1420 1269 videntibus
1445 1247 1480 1269 te.
1504 1243 1547 1269 19.
1570 1243 1602 1268 Et
1626 1249 1733 1274 omnes,
1756 1240 1804 1275 qui

201 1281 275 1308 CAP.
288 1281 470 1308 XXVIll.—l.
483 1281 569 1316 Super
579 1282 714 1316 principes
725 1282 798 1315 Tyri.
811 1282 845 1308 Et
856 1281 955 1307 factum

1010 1294 1144 1316 noverunt
1160 1293 1185 1315 le
1200 1288 1227 1315 in
1253 1288 1388 1322 gentibus,
1404 1287 1641 1314 contristahnnlnr
1658 1294 1738 1321 super
1756 1291 1801 1312 te:

165 1330 206 1352 εει
231 1326 344 1352 Verbum
368 1325 475 1352 Domi!)i
496 1326 528 1352 ad
548 1333 599 1357 me.
618 1326 712 1352 dicens
730 1334 736 1352 ε
751 1326 777 1352 ⁵2-
802 1325 835 1352 El
856 1331 895 1357 ῑυν
920 1325 956 1351 “li
1009 1332 1123 1368 perditio
1146 1331 1234 1358 factus
1251 1339 1290 1361 es.
1309 1336 1336 1357 et
1355 1338 1408 1357 non
1426 1331 1541 1358 exsistes
1560 1331 1676 1365 amplius
1700 1331 1727 1357 in
1753 1338 1805 1357 sre-

165 1371 293 1403 hominis,
325 1371 369 1399 dic
395 1370 509 1405 principi
537 1370 622 1405 Tyri:
642 1369 705 1397 [late
730 1370 797 1397 dicit
822 1371 956 1398 Dominus

1007 1379 1110 1406 culum.
1125 1377 1169 1404 20.
1185 1377 1272 1412 Super
1288 1376 1427 1403 Sidoncm.
1455 1375 1487 1402 Et
1502 1375 1604 1403 factum
1628 1380 1670 1403 est
1692 1375 1802 1402 rer-bum

164 1417 297 1445 Dominus
314 1426 320 1444 :
340 1417 392 1444 Pro
406 1425 438 1445 eo
454 1417 526 1452 quod
539 1418 673 1445 elevatum
693 1422 734 1444 est
756 1425 804 1445 cor
820 1422 908 1450 tuum,
929 1423 955 1445 et

1007 1423 1117 1451 Domini
1147 1423 1179 1449 ad
1202 1430 1255 1453 mc,
1284 1421 1378 1449 dicens
1398 1422 1464 1448 :2l.
1487 1422 1538 1448 Fili
1572 1420 1701 1451 hominis,
1733 1427 1803 1454 pone

163 1464 256 1491 dixisti
273 1463 364 1491 :Deus
380 1471 439 1490 sum
458 1471 519 1499 ego,
539 1464 721 1492 habitaculum
736 1464 782 1491 Dei
807 1465 953 1492 inhabitari
1007 1469 1103 1497 faciem
1135 1473 1208 1495 [nam
1240 1475 1321 1501 super
1349 1466 1489 1498 Sidonem,
1513 1471 1540 1492 et
1563 1465 1694 1500 propheta
1719 1472 1803 1499 super

163 1510 191 1536 in
204 1510 285 1537 corde
300 1510 394 1542 maris,
411 1515 439 1537 lu
455 1514 543 1537 autem
561 1518 589 1538 es
605 1510 698 1544 home.
717 1515 811 1539 etnon
827 1510 910 1541 Deus
928 1515 955 1538 et
1005 1522 1077 1546 eam,
1092 1514 1137 1540 2-2.
1149 1513 1230 1540 etdic
1247 1521 1253 1538 :
1269 1510 1332 1538 Haec
1351 1511 1417 1538 dicit
1436 1510 1539 1537 Adonai
1557 1510 1688 1537 Dominus
1703 1519 1709 1536 :
1726 1509 1796 1536 Ecce

163 1555 261 1582 dedis“
284 1563 331 1583 (δοτ
361 1561 435 1582 ιυυηῖ
449 1576 455 1587 τ
485 1556 555 1583 Sim“
583 1564 631 1584 (εοΓ
662 1556 730 1589 De“
762 1556 789 1583 5-
820 1556 952 1591 numquid
967 1566 989 1595 α
1005 1569 1056 1596 ego
1073 1567 1155 1595 super
1175 1564 1210 1591 te,
1230 1558 1325 1589 Sidon,
1339 1561 1363 1584 et
1378 1556 1551 1591 glorilicabor
1572 1557 1598 1583 in
1615 1561 1651 1588 te,
1673 1560 1699 1583 et
1718 1556 1800 1588 scies,

164 1602 273 1636 sapiens
289 1609 318 1629 es
335 1602 394 1636 plus
409 1610 490 1636 quam
506 1602 618 1630 Daniel?
633 1606 681 1630 aut
698 1603 732 1637 (ε)
749 1602 886 1637 sapientes
898 1611 951 1630 non
1004 1608 1067 1642 quia
1091 1613 1142 1641 ego
1154 1612 1185 1632 -ε-
1198 1612 1258 1632 sum
1276 1604 1286 1637 ζ
1303 1603 1446 1635 Dominus,
1470 1603 1580 1637 quando
1603 1603 1692 1630 fecero
1717 1602 1744 1629 in
1773 1606 1798 1629 te

164 1648 323 1675 erudierunt
338 1653 363 1675 te
375 1648 400 1674 in
416 1648 527 1675 scicntia
538 1649 644 1675 sua‘H.
657 1648 784 1683 Nunquid
800 1649 825 1676 in
838 1649 952 1676 scicntia
1002 1652 1116 1687 judicia,
1132 1655 1158 1677 et
1172 1649 1365 1677 sanctiﬁcabor
1385 1648 1411 1675 in
1433 1653 1467 1675 te.
1485 1648 1529 1675 ‘25.
1549 1648 1581 1675 Et
1597 1648 1701 1674 mittam
1717 1656 1802 1682 super

165 1701 221 1725 tua,
238 1699 284 1721 aut
301 1694 327 1721 in
346 1694 493 1729 sagacitate
511 1700 555 1721 tua
577 1695 665 1723 fecisti
683 1695 731 1722 tibi
754 1695 951 1727 fortitudinem,
1006 1703 1031 1725 re
1045 1701 1171 1727 mortem,
1192 1700 1219 1722 et
1241 1694 1402 1729 sanguinem
1421 1694 1448 1721 in
1465 1694 1562 1728 plateis
1582 1694 1646 1726 tuis,
1660 1698 1687 1720 et
1701 1694 1802 1721 cadent

162 1745 189 1768 ει
211 1740 300 1768 retiis“
322 1748 431 1774 aurum.
456 1745 482 1768 εἴ
502 1745 643 1776 argentum
665 1741 691 1775 ίιι
714 1741 852 1769 ίῖιθεθιπίδ
877 1741 953 1769 luis?
1005 1743 1089 1771 occisi
1102 1745 1135 1776 }a(
1147 1743 1173 1769 in
1188 1741 1278 1768 medio
1293 1741 1353 1774 ejus
1371 1741 1381 1775 ζ
1397 1741 1424 1767 in
1440 1740 1538 1774 gladiis
1555 1740 1582 1766 in
1597 1744 1622 1767 te
1636 1740 1708 1767 eirea
1725 1745 1760 1773 te,
1776 1744 1803 1766 et

163 1787 189 1813 5.
214 1791 261 1814 aut
285 1787 312 1814 in
333 1787 445 1815 scientia
467 1792 513 1815 tua
539 1788 636 1819 multa,
663 1792 691 1815 et
716 1787 743 1814 in
771 1788 954 1822 negotiatione
1005 1790 1103 1821 scient,
1133 1788 1197 1823 quia
1214 1795 1264 1822 ego
1285 1794 1346 1814 sum
1370 1786 1514 1813 Dominus.
1538 1786 1583 1812 24.
1610 1786 1643 1812 Et
1668 1793 1723 1812 non
1750 1785 1803 1812 erit

163 1832 346 1867 multiplicasti
376 1833 562 1860 fortitudinem
591 1837 664 1860 tuam
685 1842 691 1859 ε
714 1833 814 1860 elatum
839 1838 881 1860 est
907 1841 953 1860 cor
1007 1834 1126 1869 amplius
1142 1834 1169 1860 in
1185 1833 1266 1860 domo
1281 1831 1391 1859 lsraelis
1406 1832 1534 1859 stimulus
1549 1831 1752 1862 amaritudinis,
1774 1835 1801 1857 et

162 1883 241 1905 tuum
257 1878 284 1905 in
302 1878 460 1905 fortitudine
480 1882 535 1905 tua.
557 1878 583 1905 6.
605 1878 717 1912 Propter
741 1878 793 1906 hoc
812 1879 869 1906 haec
888 1879 954 1907 dicit
1007 1881 1085 1916 spina
1099 1879 1215 1907 miseria:
1229 1878 1263 1905 ab
1279 1878 1418 1910 omnibus,
1435 1877 1482 1912 qui
1500 1877 1573 1904 circa
1589 1884 1646 1910 eos,
1664 1877 1712 1912 qui
1729 1884 1804 1911 spre-

164 1923 296 1951 Dominus
317 1923 472 1951 Dominus:
489 1924 558 1956 Quia
580 1924 677 1951 dedisti
705 1931 753 1951 COI‘
772 1928 860 1956 tuum,
882 1924 952 1951 sicut
1006 1933 1172 1957 \‘erunteos,
1193 1931 1220 1953 et
1241 1925 1337 1957 scient,
1359 1924 1423 1959 quia
1448 1931 1498 1959 ego
1512 1931 1573 1950 sum
1592 1922 1696 1950 Adonai
1713 1922 1804 1949 00ml-

162 1977 210 1996 cor
224 1968 283 2002 Dei,
303 1969 330 1996 ’1.
357 1977 407 2004 pro
422 1969 475 1997 hoc
490 1977 553 1997 ecce
567 1977 617 2005 ego
635 1970 741 1997 adduco
754 1977 836 2004 super
852 1974 877 1997 te
889 1978 951 1997 cor-

1004 1982 1065 2001 nus.
1082 1973 1127 2000 25.
1142 1972 1205 1999 Haec
1216 1971 1283 1998 dicit
1298 1970 1404 1998 Adonai
1419 1969 1550 1996 Dominus
1568 1977 1573 1994 :
1589 1968 1620 1995 Et
1631 1967 1802 2002 congregatio

163 2020 288 2050 ruptores
302 2015 406 2043 alienos
421 2023 436 2043 θ
451 2016 588 2051 ﬁctilibus,
609 2020 635 2043 el
660 2016 831 2044 evacuabit"!
848 2017 951 2051 gladios
1003 2021 1114 2048 domum
1133 2018 1240 2047 lsraelis
1257 2026 1289 2045 ex
1303 2017 1440 2052 gentibus,
1454 2023 1508 2050 quo
1524 2015 1640 2049 dispersi
1655 2018 1718 2042 sunt
1729 2014 1804 2050 illuc.

162 2068 227 2088 suos
238 2068 321 2095 super
340 2064 375 2092 te,
397 2065 424 2087 et
450 2068 533 2095 super
553 2061 678 2088 decorem
700 2061 821 2088 scientia;
841 2066 905 2094 ture,
926 2067 952 2089 et

1003 2073 1030 2094 et
1053 2065 1245 2094 sanetilicabor
1264 2064 1292 2090 in
1313 2064 1353 2090 eis
1375 2070 1467 2090 coram
1491 2061 1618 2096 gentibus
1638 2065 1666 2088 et
1681 2060 1800 2095 populis.

162 2110 283 2133 sternent
295 2106 419 2133 decorem
433 2110 508 2133 tuum
521 2106 547 2133 in
559 2106 786 2141 perditionem,8.
804 2107 952 2134 ettlescen—
1002 2112 1047 2139 26,
1078 2111 1110 2137 Et
1141 2109 1304 2137 habitabunt
1328 2115 1410 2142 super
1439 2112 1512 2134 terra
1539 2113 1601 2138 sua,
1629 2114 1711 2141 quam
1741 2106 1803 2133 dedi

161 2153 225 2180 dere
247 2151 346 2180 facient
373 2157 409 2184 te,
430 2156 456 2179 et
477 2152 602 2180 morieris
631 2157 720 2179 morte
742 2152 896 2180 occisorum
924 2154 951 2180 in
1004 2165 1085 2186 ερῃσο
1105 2163 1167 2183 meo
1181 2155 1295 2185 Iacobo,
1317 2159 1343 2181 et.
1365 2153 1531 2180 habitabunt
1554 2160 1636 2187 super
1653 2160 1684 2179 ea
1701 2152 1727 2178 in
1743 2159 1801 2186 spe,

161 2199 242 2226 corde
257 2198 352 2225 maris.
366 2197 392 2224 9.
410 2197 549 2232 Numquid
567 2198 682 2225 dicendo
696 2198 771 2225 dices
786 2206 792 2224 :
805 2197 877 2225 Deus
891 2205 950 2225 sum

1003 2208 1030 2231 et
1061 2202 1235 2230 tedilicabunt
1257 2200 1363 2231 domos,
1393 2203 1420 2226 et
1450 2198 1616 2233 plautabunt
1644 2197 1747 2228 vineas,
1777 2202 1804 2225 et

160 2253 220 2280 ego,
232 2251 323 2272 coram
343 2244 530 2271 occidentibus
547 2244 588 2270 te?
605 2248 634 2270 tu
655 2248 745 2270 autem
768 2251 797 2271 es
817 2244 910 2276 homo,
924 2248 950 2270 et

1005 2248 1167 2276 habitabunt
1180 2246 1206 2273 in
1222 2253 1279 2280 spe,
1291 2252 1353 2272 cum
1367 2244 1457 2271 fecero
1468 2243 1605 2277 judicium
1618 2242 1644 2269 in
1662 2242 1801 2281 omnibus,

161 2299 215 2318 NOII
241 2290 312 2317 Deus
338 2291 365 2316 in
398 2289 571 2316 mullillldine
598 2289 797 2316 homiCidarum
830 2294 950 2316 lUOI‘Um-
1004 2294 1051 2329 qui
1073 2292 1270 2320 contemserint
1285 2298 1332 2317 eos
1350 2290 1375 2316 in
1392 2289 1509 2317 circuitu
1527 2296 1634 2319 eorum,
1658 2293 1685 2316 et
1703 2289 1799 2320 scient,

161 2338 205 2364 10.
222 2336 353 2363 Mortibus
372 2335 626 2363 incircumcisorum
642 2335 769 2362 morieris
782 2334 808 2361 in
825 2335 952 2362 manibus
1006 2338 1078 2373 quod
1109 2345 1159 2372 ego
1189 2344 1250 2364 sum
1277 2335 1409 2362 Dorninus
1439 2334 1509 2361 Deus
1536 2341 1649 2367 eorum,
1674 2338 1701 2361 et
1733 2332 1802 2360 Dens

162 2383 326 2416 alienorum,
355 2382 417 2418 quia
446 2389 496 2417 ego
522 2382 631 2408 locutus
660 2389 732 2415 sum,
756 2381 822 2408 dicit
848 2381 953 2409 Adonai
1006 2388 1114 2420 patrum
1132 2390 1238 2409 eorum.

160 2430 303 2457 Dominus.
322 2429 365 2456 11.
382 2428 415 2456 Et
427 2428 528 2455 factum
543 2433 584 2455 est
597 2428 711 2455 verbum
730 2427 836 2454 Domini
850 2427 883 2454 ad
898 2435 952 2460 me,
1043 2430 1120 2457 CAP.
1131 2428 1228 2455 XXIX.
1241 2427 1309 2455 -—l.
1323 2428 1410 2460 Super
1419 2428 1565 2463 Aﬂgyptum
1579 2432 1606 2454 et
1621 2427 1800 2454 Pharaonem.

161 2476 255 2504 dicens
280 2486 287 2503 :
313 2476 356 2503 12.
381 2475 433 2503 Fili
463 2474 582 2502 hominis
594 2496 600 2508 ,
633 2481 710 2501 sume
731 2474 952 2501 lamentationem
1007 2476 1036 2503 In
1052 2483 1124 2503 anno
1139 2475 1186 2511 (m)
1200 2474 1318 2506 decimo,
1338 2474 1364 2500 in
1375 2481 1468 2501 mense
1481 2474 1599 2505 decimo,
1616 2481 1671 2500 uno
1688 2473 1801 2504 mensis,

161 2531 243 2558 super
260 2522 410 2558 principem
428 2521 503 2557 Tyri,
522 2526 548 2548 et
566 2521 610 2548 die
624 2521 648 2548 ei
666 2529 672 2547 :
690 2520 751 2548 Hrec
777 2520 842 2548 dicit
857 2521 950 2548 Domi-
1007 2523 1108 2550 factum
1133 2526 1174 2549 est
1194 2521 1305 2548 verbum
1325 2519 1434 2547 Domini
1449 2520 1483 2547 ad
1501 2528 1555 2552 me,
1574 2520 1668 2547 dicens
1684 2529 1691 2546 :
1707 2519 1734 2546 2.
1750 2519 1801 2546 Fili

160 2577 214 2596 nus
233 2568 365 2596 Dominus
382 2577 389 2596 :
406 2568 447 2596 Tu
470 2575 500 2596 es
522 2567 640 2603 sigillum
656 2566 688 2601 (Γ)
705 2566 901 2600 similitudinis,
917 2569 950 2601 >ε<
1008 2568 1138 2600 hominis,
1159 2567 1273 2594 obfirma
1295 2566 1391 2595 faciem
1419 2570 1493 2592 tuam
1520 2573 1603 2600 super
1631 2565 1802 2592 Pharaonem

160 2615 256 2650 plenus
280 2615 411 2650 sapientia
432 2615 456 2649 ξ,
470 2618 497 2642 et
520 2621 621 2641 corona
637 2614 743 2641 decoris
766 2614 808 2641 l5.
831 2614 857 2640 in
873 2614 952 2641 volu—
1007 2621 1098 2648 regem
1120 2613 1243 2648 Egypti,
1261 2617 1288 2639 et
1312 2611 1444 2646 propheta
1470 2619 1552 2645 super
1572 2619 1647 2642 eum,
1672 2615 1698 2637 et
1722 2617 1798 2644 super

160 2665 235 2695 ptate
249 2659 327 2687 faciei
344 2659 388 2687 Dei
406 2659 491 2692 fuisti,
515 2667 624 2687 omnem
644 2658 760 2693 lapidem
773 2660 873 2687 bomun
890 2660 950 2687 cin-
1007 2660 1154 2694 [Egyptum
1179 2666 1301 2689 omnem,
1332 2658 1358 2685 5.
1380 2660 1413 2691 32<
1430 2658 1540 2691 loquere
1578 2663 1604 2684 ct
1624 2657 1634 2689 ζ
1651 2657 1694 2683 dic
1714 2665 1720 2682 τ
1741 2655 1801 2682 lltcc

196 2777 231 2812 (ο)
247 2775 289 2809 S.,
310 2777 567 2808 commovebuntur,
585 2777 630 2812 qui
643 2777 749 2812 procul.
769 2776 835 2812 TIL,
847 2776 1095 2812 commovebuntur
1108 2774 1244 2812 regiones.
1275 2773 1338 2812 _(d)_
1352 2773 1392 2804 8.,
1410 2772 1641 2812 permutabuntur
1668 2769 1802 2812 imagines

162 2807 293 2840 faciérurn
314 2816 508 2838 mercatorum.
561 2807 652 2845 (e)'S.',
670 2820 751 2839 omne
770 2811 905 2838 ineﬂ‘abile
922 2818 976 2838 non
991 2810 1101 2837 transiit
1117 2807 1153 2836 te'.
1171 2809 1199 2836 ln
1224 2808 1429 2845 sapientiatua,
1451 2812 1477 2845 et
1497 2809 1523 2834 in
1545 2807 1724 2845 intelligentia
1744 2810 1800 2845 tua.

161 2847 195 2881 tl)
228 2845 288 2879 Th.,
306 2846 523 2881 pra’parationis.
562 2839 598 2881 id)
673 2847 824 2874 stabilitum
839 2851 890 2873 est.
939 2846 964 2878 (lt

999 2846 1040 2877 8.,
1062 2846 1181 2872 medium
1199 2839 1265 2872 tui.-
1289 2843 1319 2879 (ἰ)
1333 2843 1487 2878 lniquilalis
1502 2847 1563 2870 tum.
1615 2839 1649 2877 (lii
1663 2839 1798 2868 Polluisti.

163 2882 196 2918 ri)
212 2881 403 2909 Sanctuarium
421 2885 508 2908 tuum.
548 2881 594 2917 (ut)
615 2882 787 2915 Duodecimn,
808 2882 834 2908 in
853 2889 945 2908 mense
961 2882 1136 2909 duodecimo.
