4072 6400
350 390 418 447 27
424 391 493 446 33

1511 363 1918 424 HEZECIELIS
1952 363 2183 420 CAPUT
2223 363 2393 421 XXX.

3496 358 3638 416 9754

351 512 486 568 dicit
512 506 778 563 Βοηιίῐιιιε
802 502 1067 560 Dominus
1100 498 1273 556 εΕεεθ
1295 513 1395 567 88°
1423 508 1588 565 sulle"
1621 501 1692 557 ιον
1712 491 1949 551 Pharao»
1980 492 2026 548 Α
2056 523 2176 562 vam
2206 508 2370 566 ducet
2397 510 2770 582 captivitatem
2805 511 2925 582 ejus
2957 529 2972 579 ;
2999 519 3053 567 et
3077 508 3181 565 erit
3209 518 3420 563 merces
3450 499 3637 557 virtuti

355 608 529 675 )t(rex
572 598 794 672 Egypti
829 599 881 669 ζ,
908 596 1203 652 draconem
1249 604 1532 663 magnum,
1568 586 1844 642 sedentem
1884 583 1938 635 in
2042 600 2162 670 eius
2187 621 2200 657 ε
2227 601 2318 658 ευ,
2353 603 2417 677 (ο)
2468 619 2565 674 pro
2606 603 2811 661 servitu
2857 604 3001 675 eius,
3036 618 3147 674 quo
3176 600 3327 656 cum
3358 594 3642 653 servimus

355 695 536 752 medio
575 693 862 750 ﬂuminum
909 687 986 760 (η)
1034 700 1287 750 suorum,
1324 684 1597 739 dicentem
1629 695 1646 732 :
1674 677 1789 769 idea
1817 682 1943 731 sunt
2043 694 2453 767 servimsuper
2477 694 2705 769 Tyrum,
2738 694 2939 751 (1εάῖεί
2962 704 3163 750 terram
3193 690 3638 763 [Egypti’xpm

354 785 601 849 ﬂumina,
632 791 686 837 et
719 796 820 854 ego
851 780 953 835 feci
980 792 1065 834 ea.
1100 778 1155 831 1.
1188 775 1256 830 Ει
1288 789 1390 846 ego
1410 772 1554 829 dabo
1577 769 1651 839 (ο)
1687 768 1941 837 laqueum

351 881 408 934 in
441 876 690 932 maxillas
717 883 860 934 tuas,
893 881 949 927 et
989 868 1347 941 agglutinabo
1384 865 1564 936 pisces
1590 859 1831 915 ﬂuminis
1862 855 1944 913 ttti

353 966 423 1022 ad
450 966 566 1021 alas
607 973 748 1029 tuas,
794 969 850 1017 et
887 960 1118 1017 educam
1153 968 1207 1014 te
1242 961 1307 1012 de
1348 955 1530 1011 medio
1564 950 1809 1007 ﬂuminis
1842 948 1942 1012 tui,

352 1067 409 1113 et
446 1071 637 1113 omnes
663 1057 844 1127 pisces
877 1053 1120 1109 ﬂuminis
1157 1050 1403 1124 squamis
1429 1047 1538 1103 tuis
1571 1043 1944 1101 adhaerebunt.

353 1151 412 1207 5.
461 1151 529 1207 Et
568 1149 854 1221 projiciam
900 1154 954 1202 te
992 1144 1270 1209 velociter,
1297 1147 1435 1212 Ἀρι
1477 1149 1528 1196 te
1564 1140 1612 1210 ζ,
1648 1147 1701 1193 et
1752 1150 1945 1192 omnes

354 1245 532 1315 pisces
561 1241 803 1297 ﬂuminis
834 1257 847 1295 :
880 1254 1044 1310 super
1087 1236 1281 1294 faciem
1318 1235 1492 1303 campi
1540 1232 1618 1288 tui
1667 1230 1854 1293 cades,
1893 1236 1949 1283 et

354 1350 465 1391 non
496 1333 934 1406 congregaberis,
975 1346 1157 1402 neque
1193 1327 1464 1401 colligeris
1498 1346 1511 1381 :
1546 1325 1738 1382 bestiis
1768 1332 1946 1387 terrae,

354 1437 409 1483 et
433 1426 749 1482 volucribus
791 1425 915 1480 caeli
957 1414 1084 1480 dedi
1124 1431 1176 1478 te
1207 1422 1262 1477 in
1295 1421 1503 1476 cibum.
1555 1419 1610 1473 6.
1644 1417 1712 1471 Et
1740 1429 1949 1486 cogno-

354 1528 510 1576 scent
534 1534 728 1576 omnes
760 1517 1132 1573 inhabitantes
1171 1514 1496 1587 Egyptum,
1543 1512 1668 1582 quia
1696 1525 1796 1580 ego
1825 1520 1947 1562 sum

356 1608 651 1674 Dominus,
692 1623 793 1679 pro
826 1623 894 1664 eo
945 1605 1091 1678 quod
1134 1603 1312 1661 factus
1352 1620 1410 1660 es
1460 1603 1611 1672 virga
1650 1598 1951 1654 arundinea

354 1701 543 1757 domui
588 1701 809 1757 Israelis
845 1718 858 1754 :
894 1698 946 1755 7.
992 1714 1118 1753 cum
1159 1695 1639 1767 apprehenderunt
1681 1702 1732 1747 te
1785 1705 1951 1745 manu

354 1792 475 1859 sua,
525 1792 846 1850 confractus
890 1806 974 1855 es,
1012 1798 1068 1845 et
1112 1805 1237 1843 cum
1282 1786 1569 1858 praevaluit
1623 1798 1790 1854 super
1852 1796 1949 1838 eos

351 1885 538 1942 omnis
591 1899 814 1946 manus,
869 1889 924 1935 et
957 1879 1180 1951 quando
1229 1878 1619 1947 requieverunt
1667 1890 1834 1946 super
1870 1885 1942 1941 te,

352 1977 672 2035 confractus
697 1990 778 2042 es,
797 1982 850 2028 et
868 1969 1172 2027 contrivisti
1198 1985 1418 2025 omnem
1453 1970 1698 2023 lumbum
1731 1983 1946 2024 eorum.

353 2068 407 2124 8.
446 2067 680 2137 Pr0pter
720 2065 829 2119 hoc
861 2063 977 2117 hare
1015 2061 1146 2116 dicit
1176 2060 1441 2116 Dominus
1479 2059 1780 2115 Dominus:
1811 2059 1949 2114 Ecce

353 2175 456 2232 ego
476 2159 680 2214 induco
706 2169 870 2224 super
895 2161 944 2208 te
966 2152 1227 2224 gladium,
1264 2161 1319 2207 et
1345 2151 1568 2223 perdam
1596 2151 1662 2206 de
1692 2159 1743 2204 te
1771 2149 1950 2204 humi-'-

356 2265 459 2305 nes
487 2259 541 2304 et
565 2249 824 2316 iumenta.
855 2244 908 2300 9.
942 2246 1010 2300 Et
1049 2246 1153 2299 erit
1185 2254 1329 2298 terra
1361 2242 1583 2315 Egypti
1613 2240 1865 2312 perditio,
1897 2248 1950 2296 et

362 2339 645 2396 solitudo:
674 2346 728 2394 et
781 2339 973 2403 scient,
1018 2337 1164 2406 quod
1203 2351 1302 2406 ego
1333 2351 1456 2391 sum
1505 2334 1771 2390 Dominus
1803 2351 1817 2387 :
1849 2347 1949 2403 pro

360 2446 430 2488 eo
473 2430 618 2502 quod
653 2430 787 2486 dicis
821 2448 834 2484 :
868 2428 1120 2484 Flumina
1166 2432 1463 2497 meaﬁsunt,
1494 2436 1549 2482 et
1592 2441 1694 2499 ego
1727 2425 1830 2481 feci
1861 2441 1947 2480 ea.

357 2523 452 2579 10.
484 2521 712 2592 Propter
740 2522 840 2577 hoc
864 2538 990 2579 ecce
1026 2538 1126 2592 ego
1170 2537 1331 2592 super
1366 2530 1437 2585 te,
1482 2530 1536 2575 et
1568 2535 1731 2590 super
1763 2519 1947 2574 omnia

352 2613 581 2671 ﬂumina
609 2624 723 2682 tua,
746 2625 800 2671 et
827 2616 970 2670 dabo
1007 2624 1205 2670 terram
1226 2614 1447 2687 IEgypti
1483 2614 1535 2668 in
1570 2612 1945 2675 solitudinem,

351 2716 408 2762 et
432 2707 488 2762 in
521 2706 783 2778 gladium,
820 2715 874 2761 et
898 2707 951 2761 in
990 2706 1375 2777 perditionem,
1405 2722 1434 2760 a
1469 2704 1701 2776 Magdol,
1737 2712 1791 2758 et
1819 2702 1946 2759 Sui-

350 2814 481 2865 nus,
531 2808 588 2854 et
634 2816 809 2870 usque
859 2799 929 2854 ad
984 2800 1249 2855 terminos
1298 2798 1642 2869 JEthiopum.
1684 2799 1768 2852 11.
1829 2797 1946 2852 Νοη

352 2891 616 2947 transibit
665 2892 721 2946 in
767 2907 831 2947 ea
875 2907 973 2961 pes
1008 2891 1270 2956 hominis,
1331 2901 1386 2971 et
1430 2908 1525 2962 pes
1553 2891 1790 2962 jumenti
1836 2906 1948 2946 non

348 2981 614 3037 transibit
638 2996 782 3047 eam,
827 2990 882 3036 et
929 2997 1040 3037 non
1084 2981 1418 3038 habitabitur
1449 2985 1814 3055 quadraginta
1848 3001 1950 3039 an-

350 3087 479 3129 nos.
505 3073 596 3128 12.
633 3071 699 3127 Ει
730 3072 872 3127 dabo
911 3078 1111 3128 terram
1141 3073 1261 3143 ejus
1289 3077 1649 3144 perditionem
1682 3078 1737 3132 itt
1772 3078 1950 3131 medio

2049 791 2073 860 ζ
2106 791 2383 855 omnibus,
2424 804 2543 861 qua:
2585 789 2829 844 fecerunt
2877 785 3034 841 mihi.
3057 799 3119 840 σι-
3144 781 3271 837 Haec
3301 782 3326 851 ζ
3356 779 3488 835 dicit
3528 775 3637 829 Do-

2044 881 2229 938 minus
2261 880 2525 938 Dominus
2559 899 2574 937 :
2600 880 2692 936 2|.
2715 881 2773 935 ltt
2803 879 2893 935 die
2922 877 3014 933 illo
3045 874 3254 931 orietur
3288 886 3462 926 cornu
3486 864 3637 923 omni

2047 974 2234 1030 domui
2278 973 2516 1038 israelis,
2566 981 2620 1030 et
2667 973 2764 1028 tibi
2804 971 2946 1028 dabo
2982 984 3045 1026 os
3077 974 3326 1038 apertum
3362 965 3418 1017 in
3458 957 3639 1015 medio

2045 1080 2261 1131 eorum,
2289 1074 2344 1122 et
2378 1066 2572 1130 scient,
2609 1064 2752 1136 quod
2777 1079 2878 1135 ego
2903 1077 3023 1119 sum
3066 1057 3354 1114 Dominus.

2119 1158 2252 1229 Cap.
2306 1156 2477 1212 XXX.
2517 1187 2588 1199 —-
2640 1156 2691 1210 1.
2744 1156 2808 1210 Ει
2856 1154 3058 1209 factum
3107 1157 3192 1206 est
3242 1145 3468 1203 verbum
3530 1141 3637 1195 Do-

2048 1249 2184 1305 mini
2209 1250 2276 1304 ad
2308 1264 2415 1314 me,
2447 1248 2638 1304 dicens
2671 1266 2685 1304 :
2725 1247 2780 1304 2.
2817 1244 2918 1300 Fiii
2975 1240 3236 1306 hominis,
3263 1237 3552 1309 propheta,
3586 1244 3641 1289 et

2049 1342 2137 1397 die
2169 1361 2182 1396 :
2216 1340 2345 1397 Haec
2367 1341 2499 1398 dicit
2521 1339 2729 1395 Adonai
2758 1332 3142 1398 Dominus:0,
3180 1348 3214 1387 o
3254 1331 3392 1396 dies,
3421 1328 3475 1383 5.
3511 1326 3639 1396 quia

2048 1434 2391 1506 propinquus
2408 1433 2546 1496 dies,
2572 1441 2625 1488 et
2658 1431 2999 1502 propinquus
3021 1427 3138 1482 dies
3163 1422 3399 1488 Domini,
3427 1420 3544 1475 dies
3572 1421 3639 1486 fe»:

2049 1523 2216 1579 nubis
2251 1525 2300 1594 ζ,
2340 1523 2467 1578 linis
2523 1523 2765 1594 gentium
2818 1519 2941 1574 erit.
2976 1517 3030 1571 4.
3074 1516 3142 1570 Et
3190 1513 3370 1569 veniet
3426 1510 3641 1579 gladius

2052 1632 2217 1687 super
2245 1614 2552 1687 Egyptios,
2583 1622 2636 1668 et
2658 1611 2761 1668 erit
2796 1608 3136 1682 perturbatio
3177 1606 3232 1660 in
3255 1602 3556 1672 Aithiopia,
3584 1609 3640 1654 et

2051 1708 2245 1764 cadent
2293 1707 2463 1763 occisi
2525 1707 2578 1761 in
2627 1702 2890 1776 Egypto,
2930 1702 2997 1769 Ἀ(
3031 1708 3085 1755 et
3140 1697 3357 1768 capient
3397 1693 3643 1749 multitu-

2054 1800 2235 1854 dinem
2265 1798 2384 1868 ejus
2414 1798 2438 1868 ζ
2463 1840 2477 1862 .
2511 1807 2565 1852 et
2603 1796 2800 1851 cadent
2847 1793 3012 1850 simul
3074 1790 3428 1844 fundamenta
3497 1784 3638 1854 ejus.

2055 1889 2108 1945 5.
2140 1888 2339 1954 Persae,
2358 1896 2412 1943 et
2442 1887 2756 1955 Cretenses,
2783 1895 2836 1940 ct
2861 1883 3017 1957 Lydi,
3049 1891 3104 1937 et
3132 1879 3351 1951 Libyes,
3374 1887 3427 1933 et
3448 1891 3642 1932 omnes

2050 1980 2346 2043 commisti,
2375 1988 2430 2033 et
2470 1979 2710 2033 liliorum
2762 1975 3074 2031 testamenti
3139 1975 3267 2038 mei,
3300 1971 3423 2042 ipso
3452 1968 3636 2040 gladio

2051 2071 2266 2125 cadent.
2298 2068 2353 2123 6.
2391 2072 2460 2138 ῖκ
2487 2067 2613 2123 Haec
2643 2067 2775 2122 dicit
2810 2065 3021 2121 Adonai
3069 2063 3334 2120 Dominus
3365 2064 3388 2134 ζ
3425 2081 3438 2116 :
3468 2070 3521 2117 et
3547 2077 3640 2115 ca-

2050 2164 2181 2219 dent
2222 2160 2595 2216 sustentacula
2627 2158 2866 2230 IEgypti,
2893 2166 2947 2213 et
2980 2157 3274 2212 descendet
3310 2153 3639 2210 contumelia

2051 2253 2388 2310 fortitudinis
2413 2252 2530 2323 ejus
2556 2267 2587 2307 a
2610 2250 2825 2319 Magdol
2853 2278 2914 2305 οε-
2941 2264 3117 2319 usque
3145 2248 3211 2303 ad
3240 2245 3434 2314 Sana:
3462 2245 3641 2315 gladio

2051 2343 2247 2397 cadent
2280 2341 2333 2395 in
2364 2356 2450 2406 ea,
2504 2338 2637 2395 dicit
2675 2338 2884 2393 Atlonai
2918 2338 3203 2391 Dominus.
3236 2337 3288 2389 7.
3324 2334 3387 2388 Et
3425 2334 3640 2388 desola-

2051 2433 2200 2488 bitur
2252 2432 2306 2486 in
2362 2433 2542 2488 medio
2604 2431 2885 2503 regionum
3043 2430 3457 2500 depravatarum
3498 2428 3556 2497 ζ,
3588 2437 3642 2480 tt

2053 2525 2217 2581 urbes
2245 2540 2434 2580 eorum
2471 2526 2525 2579 in
2562 2525 2742 2580 medio
2793 2523 3011 2579 urbium
3046 2521 3418 2577 dcsolatarum
3453 2528 3639 2585 erunt,

2051 2618 2106 2675 8.
2138 2626 2191 2674 et
2227 2617 2421 2682 scient,
2463 2617 2607 2687 quod
2663 2630 2764 2687 ego
2799 2631 2921 2670 sum
2969 2611 3257 2681 Dominus,
3289 2611 3511 2683 quando
3540 2611 3639 2665 de-

2051 2712 2184 2768 dero
2238 2711 2415 2782 iguem
2479 2725 2644 2780 super
2695 2707 3010 2779 ngypturn,
3050 2717 3105 2761 et
3151 2703 3373 2760 contriti
3433 2702 3642 2758 fuerint

2052 2820 2264 2869 omnes,
2315 2805 2410 2874 qui
2452 2802 2789 2857 auxiliantur
2821 2801 2893 2856 ei.
2931 2799 2983 2854 9.
3019 2799 3073 2852 In
3112 2799 3201 2853 die
3234 2797 3326 2850 iilo
3359 2794 3641 2864 egredien—

2055 2908 2144 2952 tur
2177 2895 2352 2950 nuntii
2387 2899 2453 2964 )ε(
2491 2910 2521 2948 a
2556 2893 2695 2949 facie
2756 2908 2872 2947 mea
2905 2891 3087 2946 Assim
3131 2892 3154 2961 ζ
3187 2888 3527 2945 festinantes
3553 2887 3644 2941 de—

2054 3004 2284 3060 pravare
2314 2987 2654 3058 Aithiopiam
2692 2989 2758 3054 >ξ<
2786 2985 2885 3056 τὴν
2926 3000 3076 3055 spem
3107 2984 3156 3052 ζ,
3200 2992 3254 3036 et
3281 2980 3387 3037 erit
3428 2990 3644 3048 pertur-

2053 3081 2203 3136 batio
2232 3080 2284 3134 in
2316 3080 2396 3134 eis
2422 3079 2474 3134 in
2510 3079 2598 3134 die
2623 3076 2860 3149 IEgypti,
2891 3076 3018 3146 quia
3037 3090 3165 3130 ecce
3196 3074 3364 3129 venit.
3400 3073 3486 3127 i0.
3520 3074 3645 3126 llaec

351 3172 515 3220 term
537 3163 786 3227 ἀθεθτῑίθν
811 3172 865 3218 ει
890 3165 1053 3218 urbes
1087 3164 1205 3233 eius
1235 3165 1286 3217 ίη
1314 3166 1491 3219 τηθάίο
1522 3167 1739 3221 urbium
1762 3168 1948 3222 (ἴϐεομ
1980 3184 2023 3244 c
2057 3173 2189 3229 dicit
2215 3172 2479 3228 Dominus
2502 3168 2883 3225 DominuszEt
2905 3166 3217 3238 disperdam
3238 3164 3644 3220 multitudinem

350 3265 531 3313 tarum
578 3259 832 3325 eruntx
854 3258 1187 3327 corruptio:
1225 3257 1587 3329 quadraginta
1638 3275 1814 3316 annos
1853 3279 1868 3316 :
1902 3272 1958 3315 et

357 3347 731 3405 disseminabo
760 3346 1054 3420 Aﬁgyptum
1089 3350 1142 3403 in
1168 3349 1442 3420 gentibus,
1476 3361 1531 3405 et
1560 3352 1834 3407 ventilabo
1858 3368 1953 3409 cos

353 3440 410 3496 in
449 3441 723 3513 regiones.
760 3441 847 3496 1⁵5.
877 3440 1016 3508 Quia
1048 3442 1165 3496 haec
1192 3442 1323 3497 dicit
1350 3442 1611 3499 Dominus
1644 3443 1950 3501 Dominus:

354 3531 489 3589 Post
526 3531 890 3602 quadraginta
944 3547 1121 3589 annos
1163 3535 1506 3605 congregabo
1564 3534 1849 3608 Egyptios
1886 3554 1950 3593 ex

360 3623 634 3694 gentibus,
661 3639 771 3694 quo
800 3623 1033 3693 dispersi
1078 3634 1236 3680 erant
1272 3624 1402 3679 illuc
1434 3644 1446 3679 :
1483 3625 1572 3681 M.
1605 3638 1660 3682 et
1692 3629 1952 3684 reducam

358 3717 727 3788 captivitatem
768 3715 1174 3788 Egyptiorum,
1224 3727 1277 3773 et
1325 3718 1575 3773 habitare
1626 3718 1823 3774 faciam
1858 3736 1955 3777 eos

353 3810 412 3883 in
450 3818 592 3865 terra
620 3807 853 3864 Putltros
886 3809 983 3880 (p),
1037 3810 1091 3864 in
1121 3818 1287 3872 terra,
1335 3812 1479 3866 unde
1511 3812 1678 3866 sumti
1717 3821 1866 3877 sunt,
1902 3820 1957 3866 et

353 3900 645 3971 (ξι-ἧιχίὺί
689 3901 713 3971 ζ
750 3900 1091 3971 principatus
1135 3902 1357 3957 humilis
1409 3922 1423 3957 :
1468 3902 1556 3957 15.
1614 3903 1740 3971 plus
1787 3918 1954 3972 quam

355 4004 551 4045 omnes
591 3989 934 4059 principatus
960 3991 1148 4059 erit)s(
1170 3992 1396 4047 humilis
1430 3993 1478 4062 ζ,
1512 4007 1621 4046 non
1666 4008 1726 4048 se
1771 3992 1958 4048 eﬂ‘eret

352 4081 591 4152 amplius
624 4097 787 4150 super
811 4090 1019 4151 gentes,
1053 4091 1105 4138 et
1130 4097 1338 4152 paucos
1379 4098 1474 4138 eos
1505 4081 1724 4151 faciam,
1756 4101 1825 4141 ne
1846 4084 1957 4141 sint

352 4172 541 4241 plures
568 4171 711 4224 inter
733 4178 923 4240 gentes
952 4189 965 4225 :
988 4170 1074 4226 16.
1100 4180 1154 4225 et
1188 4186 1297 4226 non
1319 4181 1482 4228 erunt
1504 4173 1739 4244 amplius
1764 4174 1954 4231 domui

350 4265 568 4320 lsraelis
599 4264 655 4319 in
683 4278 857 4334 spem,
906 4263 961 4318 in
1002 4263 1323 4319 memoriam
1362 4275 1709 4321 revocantem
1748 4266 1956 4338 iniqui-

353 4359 521 4407 tatem
555 4351 652 4422 (q),
702 4366 829 4407 cum
859 4353 1244 4409 adhazrescunt
1275 4364 1399 4425 post
1433 4357 1599 4412 corda
1642 4372 1859 4425 eorum,
1901 4362 1957 4415 el

350 4441 550 4509 scient,
614 4442 760 4513 quod
811 4458 913 4515 ego
962 4457 1084 4500 sum
1126 4443 1339 4501 Adonai
1395 4446 1685 4504 Dominus.
1742 4450 1831 4506 17.
1885 4449 1952 4507 Et

2059 3265 2442 3339 IEgyptiorum
2495 3279 2593 3334 per
2626 3276 2851 3317 manutn
2885 3256 3447 3314 Nabucltodonosoris
3502 3254 3648 3327 regis

2060 3357 2372 3430 Babylonis,
2405 3355 2493 3410 11.
2526 3354 2721 3425 ipsius,
2750 3361 2805 3407 et
2856 3350 3041 3422 populi
3101 3349 3224 3419 ejus
3258 3350 3328 3416 χ(
3355 3363 3479 3401 cum
3513 3362 3577 3399 eo
3599 3346 3646 3414 ζ.

2057 3456 2432 3519 corruptores,
2456 3447 2546 3516 qui
2565 3464 2596 3502 e
2619 3445 2871 3518 gentibus
2892 3441 3048 3499 missi
3071 3451 3199 3497 sunt
3216 3440 3281 3494 ad
3308 3438 3645 3509 perdendum

2058 3551 2261 3597 terram
2313 3559 2325 3595 :
2369 3549 2424 3596 et
2477 3539 2825 3594 evacuabunt
2857 3550 2916 3590 -t—
2960 3547 3150 3589 omnes
3186 3531 3209 3601 ζ
3243 3530 3450 3601 gladios
3515 3546 3646 3585 suos

2058 3649 2222 3703 super
2251 3632 2568 3705 Egyptum,
2601 3640 2655 3687 et
2682 3629 2979 3701 replebitur
3019 3636 3165 3681 terra
3196 3622 3394 3680 occisis
3427 3639 3441 3674 ι
3478 3621 3562 3676 12.
3596 3631 3650 3677 et

2058 3725 2201 3780 dabo
2233 3722 2460 3778 ﬂumina
2494 3739 2686 3779 eorum
2717 3723 2954 3787 deserta,
2992 3720 3063 3789 >3(
3096 3726 3151 3773 et
3201 3717 3412 3773 tradam
3449 3725 3648 3770 terram

2059 3817 2113 3870 in
2147 3832 2311 3869 manu
2343 3817 2610 3871 malorum
2655 3816 2719 3886 ζ,
2755 3823 2811 3870 et
2840 3815 3152 3884 disperdam
3195 3821 3421 3873 terram,
3452 3819 3500 3864 et
3536 3810 3652 3878 ple-

2060 3908 2363 3963 nitudinem
2395 3923 2584 3962 eorum
2614 3923 2738 3963 cum
2759 3906 3096 3977 plenitudine
3130 3905 3271 3975 ejus,
3303 3905 3357 3958 in
3395 3902 3652 3957 manibus

2060 3998 2390 4065 alienorum,
2419 3997 2549 4067 quia
2576 4012 2679 4069 ego
2703 3996 2968 4052 Dominus
2991 3997 3202 4052 locutus
3228 4012 3371 4052 sum.
3394 3995 3480 4049 15.
3512 3992 3651 4060 Quia

2060 4091 2178 4147 haec
2217 4089 2351 4145 dicit
2381 4087 2647 4143 Dominus
2683 4088 2948 4143 Dominus
2975 4106 2989 4141 :
3012 4086 3074 4140 Et
3105 4086 3325 4157 perdam
3368 4087 3653 4140 abomina—

2060 4183 2262 4247 tiones,
2300 4190 2355 4236 et
2387 4194 2606 4236 cessare
2627 4179 2825 4234 faciam
2862 4179 3155 4248 eptimates
3178 4178 3243 4232 de
3281 4176 3570 4246 Memphis,
3599 4186 3652 4229 et

2058 4274 2336 4345 principes
2364 4272 2432 4329 de
2467 4282 2611 4328 terra
2637 4269 2882 4343 Egypti,
2915 4279 2969 4326 et
3001 4284 3112 4325 non
3162 4278 3325 4323 erunt
3375 4267 3648 4338 amplius:

2060 4367 2198 4435 Xet
2225 4365 2367 4421 dabo
2391 4374 2655 4422 terrorem
2682 4379 2750 4419 ex
2771 4372 2916 4419 terra
2944 4360 3224 4435 Egyptiz.
3242 4362 3330 4419 11.
3355 4362 3420 4417 Et
3443 4362 3653 4431 disper-

2058 4464 2183 4516 dam
2227 4471 2428 4515 terram
2470 4457 2726 4523 Pathros,
2758 4467 2812 4513 et
2841 4457 2984 4513 dabo
3027 4457 3207 4527 ignem
3250 4470 3415 4525 super
3450 4454 3652 4519 Tanin,

352 4531 558 4589 factum
591 4544 673 4589 est
705 4535 759 4589 in
791 4551 935 4590 anno
976 4537 1242 4608 vigesimo
1268 4548 1321 4594 et
1350 4542 1605 4611 septimo,
1644 4558 1754 4598 uno
1793 4560 1948 4598 men-

2053 4567 2106 4611 ct
2133 4553 2332 4612 faciam
2366 4552 2631 4607 ultionem
2652 4550 2704 4605 in
2741 4548 3009 4621 Diospoli.
3050 4526 3134 4603 l5.
3171 4545 3238 4602 Et
3264 4546 3541 4603 elfundam
3578 4545 3655 4600 fu-

350 4624 432 4680 sis
453 4625 637 4695 primi,
662 4626 866 4682 factum
885 4638 969 4683 est
993 4630 1219 4684 verbum
1246 4629 1466 4687 Domini
1495 4635 1563 4689 ad
1584 4650 1693 4700 me,
1719 4636 1904 4693 dicens
1933 4656 1947 4692 :

350 4716 440 4773 18.
470 4716 574 4773 Fili
605 4719 864 4802 hominis,
893 4719 1408 4780 Nabuchodonosor
1428 4742 1525 4782 rex
1548 4726 1846 4800 Babylonis
1875 4730 1947 4803 (r)

350 4810 558 4867 servire
578 4811 710 4868 fecit
741 4815 1042 4868 exercitum
1071 4829 1255 4882 suum,
1277 4816 1536 4873 servitute
1568 4835 1762 4892 magna
1787 4838 1952 4892 super

351 4900 580 4974 Tyrum,
624 4904 694 4976 (ε)
723 4921 887 4961 omne
914 4915 1080 4978 caput
1111 4907 1349 4974 calvum,
1383 4918 1437 4965 et
1466 4913 1649 4968 omnis
1677 4913 1944 4972 humerus

348 4993 622 5065 depilatus
656 5015 670 5052 :
708 5006 764 5052 et
797 5013 1005 5055 merces
1045 5014 1153 5053 non
1184 4998 1287 5056 fuit
1327 5001 1403 5067 ei,
1440 5010 1494 5058 et
1522 5005 1788 5060 exercitui
1821 5007 1943 5078 ejus

350 5102 516 5159 super
547 5087 775 5162 Tyrum,
819 5100 875 5147 et
916 5093 1215 5160 servitutis,
1252 5110 1416 5166 quam
1464 5096 1754 5154 coluerunt
1779 5116 1943 5171 super

348 5195 492 5236 cam.
537 5181 624 5238 19.
649 5186 717 5253 >θ<
740 5182 968 5255 Propter
1014 5184 1119 5241 hoc
1154 5186 1175 5256 ζ
1212 5187 1328 5242 Ι)ωο
1366 5187 1502 5244 dicit
1538 5189 1805 5248 Dominus
1836 5191 1941 5248 Do-

349 5271 532 5329 minus
570 5292 584 5329 :
628 5275 768 5330 Ecce
795 5277 863 5345 >ε<
903 5293 1005 5350 ego
1042 5280 1064 5349 ζ
1106 5278 1177 5334 do
1231 5278 1766 5339 Nabuchodonosori
1829 5288 1942 5358 regi

349 5359 642 5435 Babylonis
665 5369 733 5436 »ζ
755 5367 853 5439 τὴν
892 5370 913 5439 ζ
950 5379 1149 5426 terram
1186 5370 1426 5445 Egypti,
1460 5384 1515 5430 et
1551 5385 1730 5432 sumet
1755 5378 1940 5433 multi-

349 5454 593 5513 tudinem
632 5460 772 5531 ejus,
810 5471 865 5516 et
892 5464 1223 5533 praedabitur
1244 5468 1480 5536 praedam
1515 5469 1656 5539 ejus,
1693 5481 1746 5526 et
1771 5473 1942 5542 capti-

424 5666 504 5734 (n)
537 5665 778 5741 Aigypti.
824 5669 932 5741 _(o)
972 5670 1093 5737 Th.,
1126 5670 1366 5729 frenum.

2049 4663 2232 4703 rorem
2271 4662 2456 4702 meum
2490 4660 2659 4716 super
2709 4643 2843 4700 Sain
2872 4645 3043 4700 rohttr
3078 4640 3320 4723 Egypti,
3355 4651 3411 4697 et
3442 4641 3653 4710 dispar--

2049 4741 2175 4794 dam
2225 4736 2638 4794 multitudinem
2685 4736 3024 4807 Memphcos,
3065 4737 3153 4789 16.
3184 4743 3239 4788 et
3285 4734 3427 4787 dabo
3470 4731 3649 4801 ignem

2050 4844 2217 4898 super
2262 4826 2586 4900 Egyptum,
2647 4835 2703 4882 et
2745 4827 3162 4897 perturbatione
3234 4820 3650 4892 perturbabitur

2055 4920 2202 4987 Sais,
2239 4929 2292 4975 et
2342 4920 2395 4975 itt
2438 4920 2682 4991 Diospoli
2733 4920 2839 4975 erit
2881 4920 3147 4979 scissura,
3182 4923 3238 4970 et
3274 4913 3649 4969 diﬂ‘undentur

2054 5027 2230 5083 aquae.
2262 5012 2347 5066 l7.
2372 5010 2611 5069 Juvenes
2650 5013 2805 5070 urbis
2837 5014 2992 5079 solis,
3014 5022 3067 5068 et
3093 5008 3339 5074 Bubasti,
3372 5007 3427 5060 in
3466 5005 3651 5076 gladio

2051 5104 2268 5169 cadent,
2305 5112 2362 5160 et
2417 5105 2680 5161 mulieres
2737 5105 2790 5159 in
2842 5103 3157 5175 captivitate
3181 5100 3357 5165 ibunt,
3390 5096 3479 5151 18.
3509 5095 3646 5151 etin

2051 5193 2335 5266 Thahphis
2363 5196 2784 5253 obtenebrescet
2803 5196 2942 5259 dies,
2983 5194 3204 5263 quando
3231 5191 3540 5247 contrivero
3569 5189 3645 5245 ibi

2051 5298 2267 5358 sceptra
2295 5291 2448 5360 regni
2484 5289 2728 5361 Egypti,
2773 5297 2827 5344 et
2863 5287 3061 5358 peribit
3089 5285 3164 5342 ibi
3194 5286 3525 5341 contumelia
3556 5303 3646 5342 ro-

2050 5379 2201 5436 boris
2248 5382 2392 5452 ejus,
2433 5389 2490 5438 et
2535 5383 2677 5436 hanc
2728 5379 2904 5433 nubes
2959 5377 3190 5447 operiet,
3242 5384 3299 5433 et
3352 5376 3476 5432 ﬁliae
3522 5376 3644 5446 ejus

2052 5473 2283 5543 captivae
2314 5474 2603 5551 ducentur.
2640 5471 2726 5526 19.
2749 5469 2816 5524 Ει
2842 5469 3039 5525 faciam
3067 5469 3276 5542 judicia
3297 5469 3351 5524 in
3377 5467 3645 5538 IEgypto,

1460 5675 1537 5745 (p)
1570 5675 1691 5737 ΤΙι..
1721 5678 1773 5732 in
1813 5658 1957 5736 terra
1982 5680 2285 5737 nativitatis
2313 5693 2527 5735 eorum.
2606 5677 2681 5746 (q)
2716 5677 2798 5741 8..
2835 5693 2961 5733 cum
2987 5675 3341 5747 confugiunt,
3361 5679 3422 5724 ut
3452 5672 3637 5747 adlue-

349 5745 506 5862 y‘eant
532 5737 658 5793 eis.
689 5737 781 5809 '(r)
811 5737 892 5805 8..
915 5737 1097 5797 colere
1132 5737 1600 5825 fecit'egtercitum
1651 5764 1811 5803 suum
1847 5765 1985 5820 Opus
2023 5766 2282 5823 magnum
2324 5751 2377 5804 in
2408 5749 2574 5818 Tyro.
2611 5737 2724 5817 "(3)
2754 5738 2930 5805 Omne
2968 5758 3132 5821 caput
3155 5737 3430 5802 calvities.
3458 5744 3521 5813 (‘)
3553 5742 3641 5801 Ab

390 5820 459 5862 (ιο
497 5822 657 5862 versu
702 5824 873 5862 usuue
918 5812 984 5862 ad
1032 5812 1163 5862 Can.
1203 5812 1398 5862 XXXI-
1424 5818 1473 5862 7-
1505 5833 1695 5862 mar'rm
1727 5821 1930 5862 rnrlinie
1962 5836 2085 5862 mnn
2121 5823 2381 5862 nmnilme
2420 5818 2535 5862 suis
2558 5819 2707 5862 nnli:
2732 5818 2997 5862 mannis":
3028 5829 3130 5862 ρει.-

390 5820 459 5884 oc
497 5822 657 5865 versu
702 5824 873 5881 usque
918 5812 984 5870 ad
1032 5812 1163 5885 Cap.
1203 5812 1398 5885 XXXI,
1424 5818 1476 5885 'l,
1505 5833 1695 5889 margo
1727 5812 1930 5880 codicis
1962 5836 2085 5879 cum
2116 5812 2381 5880 omnibus
2420 5812 2535 5877 suis
2558 5812 2716 5876 notis
2732 5818 2997 5889 praecisus
3028 5812 3132 5877 ést.
