2036 3201
220 169 290 199 2755

780 172 895 202 CODEK
917 171 1308 200 SYRIACO-IIEXAPLABIS.

1786 171 1858 199 2735

219 232 248 255 et
266 227 364 261 scient,
387 229 461 264 quod
477 237 528 266 ego
555 238 616 258 sum
645 230 787 259 Dominus.
802 231 847 258 20.
863 231 895 258 Et
912 230 1014 258 factum
1029 235 1051 260 Α
1066 238 1128 257 eum
1148 231 1171 265 ζ.
1190 231 1231 257 l2.
1255 230 1287 257 Et
1297 229 1472 264 perdiderunt
1487 237 1560 262 eum,
1573 235 1599 257 et
1613 229 1771 256 deleverunt
1796 236 1858 255 eum

220 277 262 301 est
282 274 308 301 in
332 281 404 302 anno
431 276 587 309 undecimo,
606 277 633 304 in
654 285 747 305 mense
774 278 874 312 primo,
898 278 1014 312 septimo

220 319 334 353 mensis,
348 318 448 348 factum
466 325 508 349 est
527 322 641 350 verbum
659 322 766 350 Domini
783 322 817 349 ad
831 330 883 355 me,
900 322 1012 350 dicens:

219 363 264 391 2|.
289 364 339 392 Fili
360 365 491 400 hominis,
509 367 620 395 brachia
647 367 799 396 Pharaonis
814 368 884 403 regis
904 367 1013 403 Egypti

219 410 348 444 contrivi,
364 416 391 439 et
405 420 470 440 ecce
491 420 547 440 non
564 413 700 449 obligatus
724 418 776 446 est,
791 415 825 441 ad
850 414 970 441 dandum
988 414 1013 440 ei

220 456 366 490 medelam,
382 462 412 485 ut
428 458 540 486 daretur
554 467 636 495 super
657 468 719 487 eum
735 460 880 495 malagma,
895 459 929 486 ad
944 459 1013 486 dan-

220 502 287 529 dum
305 503 400 536 robur,
426 511 455 532 ut
479 509 584 533 teneret
611 506 742 542 gladium.
759 505 804 533 22.
823 505 937 541 Propter
961 506 1013 534 hoc

221 548 280 576 haec
289 549 356 577 dicit
369 549 501 578 Dominus
515 551 648 580 Dominus
662 561 668 580 :
687 551 757 580 Ecce
781 560 832 588 ego
845 560 930 587 super
942 553 1015 580 Plia-

220 602 337 623 raonem
364 603 455 632 regem
473 596 594 633 Egypti,
609 602 638 625 et
653 602 793 626 conteram
814 598 925 626 brachia
953 599 1013 634 ejus

221 638 312 672 fortia,
328 645 355 668 et
374 641 517 676 disposita,
533 645 568 677 χ
581 647 609 670 et
626 651 674 671 eos
690 644 701 679 ζ
720 645 767 679 qui
782 645 904 678 contriti,
920 649 948 672 et
965 645 1013 673 de-

219 684 313 718 jiciam
328 686 447 721 gladium
465 688 498 715 de
515 696 598 716 manu
615 689 676 724 ejus
693 689 759 718 :25.
776 694 804 718 et
820 690 1012 718 disseminabo

220 731 253 765 >ε<
265 732 338 767 τὴνζ
355 732 501 768 Εεγμιυω
529 735 555 761 in
575 739 680 770 gentes,
704 740 732 763 et
757 736 893 764 ventilabo
919 743 968 764 eos
985 736 1013 763 itt

219 776 344 811 regiones
359 786 366 804 :
380 777 426 805 2L.
445 783 474 805 et
490 779 675 807 corroborabo
696 780 809 808 brachia
833 781 905 817 regis
923 781 1013 816 Baby-

220 822 302 855 lonis,
325 827 353 851 et
371 823 442 851 dabo
468 824 587 860 gladium
613 833 704 853 meum
722 826 749 853 in
772 835 885 854 manum
900 827 971 862 ejus,
986 831 1014 854 et

220 868 331 896 inducet
348 877 412 897 eum
431 878 513 905 super
529 870 689 907 Egyptum,
711 876 736 899 et
758 872 914 907 deportabit
925 873 1012 908 capti-

1066 275 1146 302 alieni
1163 280 1336 309 corruptores
1359 275 1393 302 de
1419 275 1556 310 gentibus,
1573 280 1600 302 et
1621 275 1782 309 dejecerunt
1794 282 1857 301 eum

1064 328 1147 355 super
1162 321 1302 349 montibus
1318 330 1324 348 :
1337 321 1366 348 in
1379 320 1507 348 omnibus
1520 320 1690 348 convallibus
1700 320 1859 348 ceciderunt

1064 365 1134 392 rami
1148 365 1218 400 ejus,
1233 370 1260 393 et
1282 366 1405 393 contrita!
1432 369 1497 393 sunt
1514 366 1678 401 propagines
1698 366 1758 401 ejus
1771 366 1809 400 (α)
1828 365 1856 392 ὶη

1064 411 1139 437 omni
1164 418 1261 446 campo
1286 416 1374 445 terrm,
1404 416 1431 440 et
1456 412 1658 440 descenderunt
1686 412 1720 439 de
1745 412 1857 439 umbra—

1065 456 1126 483 culo
1144 456 1181 492 (b)
1198 457 1258 492 ejus
1276 465 1372 486 omnes
1383 463 1478 493 gentes
1487 458 1660 493 populorum,
1674 458 1709 493 (ε)
1725 463 1751 484 et
1764 458 1857 485 dirue-

1064 506 1130 529 runt
1157 510 1230 530 eum.
1258 503 1302 531 l3.
1330 503 1418 538 Super
1444 504 1552 531 ruinatn
1576 504 1636 539 ejus
1664 504 1858 539 requieverunt

1063 553 1160 575 omnes
1175 547 1301 575 volucres
1313 547 1386 580 caeli,
1401 551 1428 574 et
1441 555 1524 582 super
1541 547 1705 582 propagines
1721 547 1781 582 ejus
1796 547 1856 573 fue—

1063 597 1128 620 runt
1139 600 1236 621 omnes
1252 593 1347 622 bestia:
1366 593 1436 625 arvi,
1452 593 1496 621 ﬂ.
1513 597 1543 621 ut
1560 600 1593 621 ne
1603 601 1632 621 se
1648 593 1759 620 eli'erant
1774 601 1857 627 super

1064 639 1252 673 magnitudine
1264 647 1313 667 sua
1333 639 1427 666 omnia
1445 640 1529 675 ligna,
1541 647 1602 674 quae
1617 639 1644 665 in
1657 647 1727 674 aqua
1742 648 1747 664 :
1760 644 1787 666 et
1802 647 1855 665 non

1063 684 1196 712 dederunt
1216 685 1378 720 principium
1396 693 1476 713 suum
1491 685 1518 712 in
1532 686 1651 713 medium
1668 685 1793 717 nubium,
1806 693 1857 713 nec

1064 734 1198 758 steterunt
1215 732 1250 766 Ἃ(
1270 731 1304 759 ad
1323 739 1355 760 ea
1375 731 1386 765 ζ
1404 731 1432 759 in
1456 731 1600 759 altitudine
1625 739 1675 759 sua
1695 739 1790 758 omnes
1815 731 1856 758 bi-

1064 775 1161 804 bentes
1183 784 1299 812 aquam;
1315 777 1380 812 quia
1397 784 1494 804 omnes
1517 776 1573 804 dati
1591 781 1655 805 sunt
1679 776 1705 803 in
1729 781 1856 809 mortem,

1064 821 1091 849 in
1105 822 1269 857 profundum
1284 827 1363 850 teme
1378 823 1404 850 in
1423 822 1513 850 medio
1526 822 1646 850 ﬁliorum
1656 822 1811 853 hominum,
1821 821 1855 849 ad

1064 875 1123 900 eos,
1143 868 1190 902 qui
1208 868 1378 896 descendunt
1393 868 1419 895 in
1443 867 1559 896 foveam.
1579 868 1623 895 15.
1640 868 1702 895 Haec
1719 867 1785 895 dicit
1803 866 1856 893 Do-

220 914 329 942 vitatem
348 915 418 949 ejus,
442 921 469 943 et
494 916 660 950 prmdabilur
685 918 803 952 prauam
831 918 902 953 ejus.
918 918 964 945 25,
981 917 1014 945 Ει
1028 909 1049 937 Β
1064 914 1156 941 minus
1170 914 1208 948 (ά)
1224 913 1358 942 Dominus
1374 922 1381 940 :
1397 914 1426 941 In
1447 915 1564 950 die,quo
1575 914 1715 942 descendit
1730 914 1758 940 in
1774 912 1858 940 infer-

220 959 405 987 corroborabo
428 960 538 987 brachia
564 961 636 996 regis
655 960 821 997 Babylonis;
838 962 950 989 brachia
964 969 1013 988 au—

221 1009 275 1031 tem
302 1005 455 1033 Pharaonis
473 1006 582 1035 cadent.
606 1006 639 1034 Et
663 1007 762 1041 scient,
783 1009 856 1043 quod
881 1017 932 1045 ego
951 1016 1012 1036 sum

223 1050 366 1083 Dominus,
385 1059 447 1079 cum
472 1052 573 1080 dedero
605 1053 725 1088 gladium
746 1062 837 1082 meum
860 1055 886 1081 in
915 1063 1013 1082 manus

222 1094 294 1129 regis
327 1095 483 1131 Babylonis,
513 1102 541 1125 et
563 1097 690 1126 eduxerit
711 1107 774 1126 eum
805 1108 888 1134 super
912 1105 1012 1128 terram

221 1139 341 1176 Egypti.
360 1141 404 1169 26.
420 1141 453 1169 Et
472 1143 658 1172 disseminabo
674 1146 708 1179 Χ
719 1145 768 1181 τὴν
787 1146 798 1180 ζ
814 1145 961 1180 ΛΕεγριυιη
986 1146 1013 1173 in

221 1192 325 1220 gentes,
350 1191 378 1214 et
402 1188 539 1216 ventilabo
555 1197 603 1217 eos
628 1190 655 1216 in
678 1190 815 1225 regiones,
831 1195 858 1217 et
875 1190 961 1218 scient
979 1197 1012 1218 -ι-

221 1240 317 1260 omnes
331 1231 451 1268 Egyptii
466 1234 490 1268 ε,
503 1234 576 1269 quod
592 1242 642 1269 ego
652 1243 712 1262 sum
727 1234 871 1262 Dominus.

257 1278 323 1313 Cap.
338 1279 436 1307 XXXI.
449 1280 519 1306 —I.
540 1279 573 1307 Et
594 1287 659 1307 ecce
674 1280 702 1307 in
719 1288 792 1307 anno
812 1281 967 1313 undecimo,
985 1281 1012 1308 in

222 1331 315 1351 iuetrse
327 1324 417 1353 tertio.
436 1332 491 1352 uno
508 1326 622 1357 mensis,
647 1325 749 1353 factum
764 1331 806 1353 est
830 1326 943 1352 verbum
958 1325 1012 1352 Do-

222 1368 287 1396 mini
301 1369 333 1396 ad
348 1377 402 1403 me,
424 1370 517 1398 dicens
533 1379 540 1398 :
559 1371 586 1399 2.
601 1370 651 1398 Fili
674 1371 805 1404 hominis,
826 1371 871 1398 die
892 1372 925 1398 ad
941 1371 1012 1398 Plia-

220 1422 331 1441 raonem
355 1422 445 1449 regem
465 1415 586 1452 Egypti,
603 1420 630 1444 et
658 1415 827 1443 multitudini
855 1416 939 1451 ejus:
962 1415 1013 1444 Cui

220 1461 378 1488 assimilasti
397 1466 421 1488 te
439 1462 465 1488 in
482 1463 624 1489 altitudine
638 1462 737 1490 tua‘l3.
752 1461 821 1490 Ecce
831 1462 919 1490 Assur
931 1470 1012 1498 cypa-

222 1507 309 1535 rissus
323 1508 348 1533 in
362 1507 476 1539 Libano,
495 1513 521 1534 et
536 1508 648 1543 pulcher
676 1509 810 1544 virgultis,
825 1510 859 1543 Ἃ(
871 1513 897 1537 et
910 1509 1013 1537 densus

220 1553 247 1579 in
278 1553 438 1579 umbraculo
464 1554 489 1588 ζ.
512 1558 539 1581 et
563 1554 688 1582 excelsus
714 1554 911 1589 magnitudine,
930 1559 958 1581 et
984 1555 1011 1581 in

220 1598 312 1625 medio
325 1598 437 1625 nubium
458 1598 558 1626 factum
575 1604 617 1626 est
628 1599 792 1634 principium
805 1600 876 1635 ejus.
890 1599 916 1626 4.
935 1601 1013 1634 Aqua

221 1644 335 1671 nutrivit
347 1651 421 1676 eum,
439 1644 555 1679 abyssus
572 1645 702 1672 exaltavit
729 1653 804 1677 eum,
827 1644 925 1672 ﬂuvios
949 1652 1015 1672 suos

221 1689 315 1717 edusit
342 1689 417 1717 circa
447 1690 555 1725 plantas
581 1698 656 1724 suas,
682 1695 709 1718 et
733 1691 847 1718 lacunas
879 1690 970 1718 emisit
988 1690 1014 1717 in

222 1735 315 1762 omnia
330 1735 402 1770 ligna
414 1735 512 1770 campi.
533 1735 559 1763 5.
578 1735 692 1771 Propter
707 1736 760 1763 hoc
773 1736 878 1763 elevata
895 1739 937 1763 est
957 1743 1016 1762 ma-

221 1781 335 1816 gnitudo
349 1781 410 1816 ejus
421 1781 493 1816 plus,
512 1789 594 1816 quam
611 1782 704 1814 omnia
725 1781 793 1817 ligni
820 1781 919 1816 campi,
933 1786 959 1808 et
976 1781 1016 1808 di-

224 1827 301 1854 latati
322 1831 388 1854 sunt
402 1827 470 1854 rami
486 1827 556 1862 ejus,
568 1831 595 1854 et
608 1835 637 1855 se
649 1827 807 1855 extulerunt
823 1827 943 1862 virgulta
957 1826 1017 1861 ejus

222 1880 305 1908 super
322 1880 421 1908 aquam
438 1873 562 1906 multam,
574 1875 607 1908 X
620 1881 682 1901 cum
698 1873 895 1901 seextcnderet
911 1872 935 1906 ζ.
949 1872 976 1898 6.
988 1871 1015 1898 In

224 1919 348 1954 virgultis
370 1920 428 1954 ejus
444 1919 620 1947 nidilicaruut
634 1928 731 1947 otnnes
758 1920 885 1947 volucres
900 1919 972 1951 coeli,
990 1923 1017 1946 ct

224 1965 275 1992 sub
287 1966 371 1993 ramis
387 1966 446 2001 ejus
465 1970 618 2001 genuerunt
638 1974 733 1994 omnes
750 1966 843 1993 bestia:
867 1965 967 2000 campi,
988 1966 1014 1992 in

224 2011 321 2038 umbra
345 2011 405 2046 ejus
436 2012 569 2039 habitavit
593 2012 684 2039 omnis
712 2011 859 2039 multitudo
882 2012 1014 2046 gentium.

225 2056 250 2083 7.
265 2057 297 2084 Et
312 2062 371 2085 erat
384 2058 497 2092 pulcher
512 2058 538 2085 in
555 2058 699 2086 altitudine
721 2065 770 2086 sua
795 2062 907 2093 propter
929 2057 1017 2092 longi-

224 2104 346 2131 tudinem
363 2112 501 2132 ramorum
519 2112 644 2137 suorum,
664 2105 729 2140 quia
745 2109 824 2132 erant
841 2104 947 2132 radices
958 2104 1017 2139 ejus

223 2151 251 2177 in
266 2159 336 2186 aqua
363 2151 459 2178 multa.
478 2152 505 2179 8.
522 2152 554 2178 Et
570 2151 703 2187 cyparissi
724 2159 777 2178 non
792 2152 825 2186 (ι)
844 2151 912 2179 tales
927 2151 954 2178 in
970 2158 1018 2186 pa-

225 2196 316 2223 radiso
333 2196 389 2228 Dei,
413 2201 440 2222 ct
460 2195 535 2223 cedri
563 2203 616 2222 non
638 2196 743 2223 similes
762 2195 887 2230 virgultis
906 2195 977 2230 ejus,
990 2199 1018 2222 et

1065 967 1141 992 num,
1158 959 1191 994 (ρ)
1204 959 1254 986 feci
1269 959 1372 995 lugere,
1392 960 1521 988 constitui
1538 968 1620 994 super
1629 967 1691 987 eum
1705 959 1855 994 abyssum:

1064 1010 1092 1034 et
1105 1006 1215 1034 cohibui
1239 1006 1350 1034 ﬂumina
1381 1006 1452 1041 ejus,
1467 1011 1496 1034 et
1519 1006 1630 1034 cohibui
1653 1005 1856 1033 multitudinem

1065 1059 1167 1087 aquas:
1189 1057 1216 1080 et
1241 1052 1438 1080 obtenebratus
1467 1057 1509 1080 est
1532 1060 1615 1087 super
1637 1059 1699 1079 eum
1724 1051 1856 1083 Libanus,

1064 1099 1157 1126 omnia
1177 1099 1250 1134 ligna
1278 1098 1367 1134 campi
1402 1107 1485 1134 super
1508 1106 1541 1127 eo
1564 1098 1598 1134 (f)
1622 1098 1755 1126 dissoluta
1780 1101 1854 1125 sunt.

1065 1145 1148 1173 16.A
1168 1153 1234 1173 voce
1267 1146 1354 1173 ruinae
1382 1146 1443 1180 ejus
1471 1149 1642 1173 tremuerunt
1673 1149 1856 1178 gentes,cum

1067 1191 1231 1218 descendere
1255 1191 1375 1218 facerent
1390 1198 1452 1218 eum
1465 1191 1492 1217 in
1513 1190 1650 1217 infernum
1669 1197 1731 1216 cum
1745 1189 1858 1216 descen-

1065 1235 1193 1262 dentibus
1216 1235 1243 1262 in
1264 1235 1391 1262 foveam:
1411 1235 1449 1269 (g)
1470 1239 1497 1262 et
1515 1234 1729 1262 consolabantur
1750 1241 1812 1260 eum
1829 1233 1857 1260 in

1064 1285 1136 1308 terra
1153 1281 1246 1308 inﬁma
1263 1281 1355 1307 omnia
1382 1281 1456 1316 ligna
1471 1280 1648 1312 deliciarum,
1668 1284 1694 1306 et
1710 1279 1806 1310 electa,
1823 1280 1854 1312 Ἀ

1063 1330 1091 1354 et
1111 1326 1252 1361 pulchra:
1278 1326 1376 1354 Libani
1405 1326 1509 1358 omnia,
1532 1334 1593 1361 quas
1628 1325 1725 1352 bibunt
1745 1331 1857 1359 aquam.

1065 1372 1109 1400 I7.
1128 1372 1237 1399 Etenim
1258 1372 1304 1399 isti
1324 1380 1386 1400 cum
1402 1379 1436 1399 eo
1460 1371 1662 1399 descenderunt
1677 1370 1703 1396 in
1719 1370 1858 1396 infernum

1064 1417 1092 1445 in
1107 1418 1207 1445 occisis
1226 1425 1241 1444 a
1267 1417 1367 1452 gladio,
1385 1422 1412 1444 et
1438 1424 1533 1444 semen
1549 1416 1619 1450 ejus,
1636 1415 1789 1442 habitantes
1807 1413 1860 1441 sub

1064 1462 1226 1490 umbraculo
1253 1462 1314 1497 ejus
1340 1462 1368 1489 in
1403 1462 1495 1489 medio
1529 1461 1591 1488 vitae
1619 1468 1676 1488 suae
1706 1459 1857 1495 perierunt.

1065 1509 1108 1537 I8.
1125 1508 1174 1536 Cui
1191 1508 1359 1536 assimilatus
1384 1515 1414 1536 es
1439 1509 1473 1542 Ἀ(
1491 1507 1556 1540 Th.,
1582 1507 1609 1534 in
1631 1506 1804 1539 fortitudine,
1831 1510 1859 1532 et

1067 1555 1094 1582 in
1107 1555 1203 1589 gloria,
1219 1559 1247 1582 et
1262 1554 1289 1581 in
1307 1553 1496 1590 magnitudine
1515 1553 1543 1580 in
1559 1552 1639 1588 lignis
1655 1551 1831 1579 deliciarum?
1845 1552 1857 1587 ζ

1066 1605 1093 1628 et
1107 1601 1249 1633 descende,
1274 1604 1302 1628 et
1321 1600 1455 1628 deducere
1480 1607 1542 1627 cum
1555 1598 1637 1634 lignis
1655 1598 1815 1626 deliciarum
1831 1598 1859 1624 in

1067 1646 1233 1681 profundum
1259 1649 1339 1672 terrae
1365 1654 1372 1673 :
1393 1645 1420 1672 in
1446 1644 1536 1672 medio
1559 1651 1613 1671 non
1633 1643 1860 1671 circumcisorum

1066 1691 1186 1719 dormies
1205 1699 1267 1718 cum
1293 1691 1393 1718 occisis
1410 1690 1511 1726 gladio.
1530 1689 1575 1717 Sic
1591 1688 1708 1721 Pharao,
1729 1693 1755 1716 et
1771 1687 1860 1715 omnis

1067 1737 1213 1765 multitudo
1229 1744 1260 1764 -ε-
1275 1736 1445 1765 fortitudinis
1464 1737 1475 1770 ζ
1490 1736 1561 1771 ejus,
1575 1735 1643 1763 dicit
1658 1735 1792 1762 Dominus
1807 1733 1861 1761 Do-

1067 1783 1168 1810 minus.

1103 1828 1168 1863 Cap.
1183 1828 1293 1855 XXXII.
1310 1843 1345 1848 -
1360 1828 1384 1855 I.
1404 1827 1436 1855 Et
1452 1826 1555 1855 factum
1581 1831 1623 1854 est
1652 1826 1679 1853 in
1704 1833 1777 1853 anno
1792 1825 1861 1852 duo-

1067 1873 1185 1906 decimo,
1201 1874 1228 1901 in
1243 1881 1338 1901 mense
1362 1873 1481 1906 decimo,
1496 1880 1551 1899 uno
1571 1872 1685 1903 mensis,
1703 1871 1804 1899 factum
1819 1875 1863 1897 est

1067 1920 1180 1947 verbum
1207 1919 1316 1947 Domini
1342 1919 1376 1947 ad
1397 1927 1451 1953 me,
1477 1919 1573 1946 dicens
1591 1919 1640 1945 :2.
1656 1918 1707 1945 Fili
1729 1917 1861 1949 hominis,

1067 1974 1177 1994 assume
1188 1966 1341 1993 Iamentum
1354 1973 1438 2001 super
1451 1964 1623 1992 Pharaonem
1639 1972 1727 1997 regem
1739 1963 1861 1999 Egypti,

1066 2018 1093 2040 et
1107 2013 1182 2041 dices
1197 2013 1220 2040 ei
1235 2022 1242 2040 :
1263 2013 1300 2048 (h)
1313 2012 1398 2040 Leoni
1420 2012 1541 2047 gentium
1558 2011 1727 2039 assimilatus
1738 2019 1769 2039 es
1783 2016 1823 2042 tu,
1835 2016 1863 2039 et

1067 2059 1138 2086 sicut
1149 2059 1232 2086 draco
1245 2059 1271 2086 in
1282 2059 1362 2090 mari,
1378 2061 1405 2085 et
1416 2057 1613 2092 cornupetcbas
1621 2056 1781 2084 fluminibus
1797 2056 1862 2088 tuis,

1067 2109 1095 2132 et
1109 2104 1293 2132 conturbabas
1316 2112 1415 2139 aquam
1444 2103 1560 2139 pedibus
1583 2104 1647 2134 tuis,
1664 2103 1695 2138 (ί)
1711 2107 1738 2130 et
1750 2102 1863 2130 concul-

1068 2151 1151 2177 cahas
1164 2150 1278 2177 flumina
1299 2154 1355 2178 tua.
1373 2149 1471 2177 5.Ilaec
1486 2149 1552 2176 dicit
1567 2148 1700 2176 Dominus
1712 2148 1861 2176 Dominus:

1069 2196 1102 2223 Et
1113 2196 1213 2231 jaciam
1231 2200 1349 2231 supcrte
1363 2195 1431 2223 retia
1448 2197 1482 2231 ζεῖ(
1498 2203 1569 2228 mea,
1587 2196 1614 2222 in
1630 2200 1701 2223 ccetu
1716 2195 1728 2229 ζ
1741 2195 1868 2230 gentium

224 2243 327 2269 abictes
345 2249 398 2268 non
418 2242 527 2269 fuerunt
555 2242 660 2270 similes
688 2242 772 2269 ramis
786 2242 863 2277 ejus:
881 2249 963 2269 omne
985 2241 1018 2268 Ii-
1034 2243 1055 2270 D
1071 2243 1230 2274 multarum,
1242 2247 1269 2269 ct
1288 2242 1429 2269 extraham
1448 2246 1474 2269 te
1498 2242 1525 2269 in
1544 2242 1626 2269 hamo
1641 2249 1712 2273 meo,
1733 2241 1760 2268 ι.
1779 2240 1815 2276 (k)
1838 2246 1866 2269 et

225 2295 309 2322 gnum
320 2288 347 2314 in
368 2288 496 2322 paradiso
511 2288 556 2315 Dei
566 2295 622 2315 non
636 2288 819 2316 assimilatum
832 2293 873 2315 est
883 2288 907 2315 ei
919 2288 945 2314 in
958 2287 1017 2322 pul-

224 2331 380 2359 cltritudine
395 2339 456 2365 sua,
469 2333 497 2360 9.
516 2332 556 2368 (ιι)
576 2338 687 2368 propter
704 2333 907 2360 multitudinem
926 2340 1018 2360 ramo-

224 2385 285 2405 rum
298 2378 358 2414 ejus
372 2387 378 2405 :
398 2378 437 2414 (ac)
446 2383 473 2405 et
488 2379 614 2406 aemulata
628 2384 692 2407 sunt
702 2387 762 2406 eam
775 2379 865 2406 omnia
883 2379 955 2414 ligna
969 2386 1018 2414 pa-

224 2424 307 2452 radisi
319 2425 499 2459 jucunditatis
508 2427 541 2460 Χ
550 2425 625 2459 θεὶς.
637 2426 679 2453 10.
693 2425 806 2460 Propter
820 2426 871 2453 hoc
886 2425 942 2453 lucc
950 2425 1018 2453 dicit

225 2469 357 2497 Dominus
370 2470 502 2497 Dominus
520 2479 526 2497 :
548 2470 602 2498 Pro
613 2478 646 2499 eo
657 2471 729 2506 quod
746 2470 834 2498 factus
855 2478 885 2498 es
899 2478 1016 2506 magnus

224 2516 423 2551 magnitudine,
437 2521 464 2544 et
473 2516 572 2545 dedisti
584 2518 748 2553 principium
765 2522 841 2545 tuum
857 2518 884 2544 in
897 2518 1015 2545 medium

222 2562 262 2597 (y)
275 2562 388 2589 nubium
401 2563 449 2598 (ι),
465 2568 491 2590 ct
504 2563 571 2596 vidi,
587 2571 649 2591 cum
669 2563 845 2596 exaltaretur,
859 2564 902 2591 lI.
918 2568 945 2590 et
961 2569 1017 2590 tra—

223 2606 280 2634 didi
297 2615 360 2635 eum
378 2608 406 2636 in
430 2617 528 2637 manus
544 2609 676 2645 principis
691 2610 823 2645 gentium,
835 2614 861 2636 et
875 2609 939 2636 fecit
954 2617 1017 2644 per-

225 2653 356 2682 ditionem
384 2654 446 2690 ejus
469 2663 476 2682 :
497 2655 573 2691 juxta
603 2656 756 2691 impietates
782 2656 841 2691 ejus
859 2657 892 2690 )t(
908 2655 1016 2690 ejiciam

262 2742 294 2777 (ι)
312 2742 371 2770 Νοη
395 2750 559 2779 superarunt
577 2754 649 2775 eam.

226 2779 421 2817 aemularentur
438 2780 474 2807 ei.
486 2781 549 2817 _(y)
566 2781 607 2813 S.,
624 2789 719 2817 opaca.
739 2781 800 2814 1/1.,
814 2779 917 2816 spissa.

227 2815 469 2849 consnmmabunt.
485 2815 545 2849 Th.,
564 2816 591 2843 in
608 2815 737 2844 omnibus
755 2815 865 2844 inculiis
881 2823 969 2844 terrae.

229 2849 264 2887 (ς)
281 2847 326 2887 §.,
340 2849 508 2887 feciglugere.
540 2847 543 2849 ’
563 2851 664 2887 (078.,
681 2856 824 2879 mutarunt
844 2853 974 2887 speciem.

229 2884 260 2917 (ἱ)
277 2882 317 2918 S.,
329 2882 504 2915 calcitra‘bas.
547 2882 696 2921 (k)"7'h.,‘et
709 2891 850 2915 conteram
861 2882 897 2915 'te.

1059 2856 1066 2885 )
1089 2852 1130 2883 S.,
1153 2856 1181 2878 ct
1194 2851 1410 2879 consolationem
1433 2851 1546 2885 accepit.

938 2887 968 2922 (I)
985 2886 1026 2922 S.,
1040 2884 1200 2916 vermiculis
1220 2886 1284 2914 tuis.
1325 2886 1371 2922 (ιη)
1385 2885 1425 2919 8.,
1445 2884 1551 2914 stercus
1567 2884 1644 2913 tuum
1658 2885 1799 2922 sanguinis
1814 2884 1864 2913 tui.

1071 2289 1215 2317 extendam
1229 2294 1255 2316 te
1272 2297 1353 2324 super
1367 2293 1468 2316 terram
1486 2297 1492 2316 ;
1510 2287 1599 2322 campi
1624 2287 1809 2322 implebuntur
1828 2292 1866 2320 te,

1070 2339 1098 2361 et
1112 2334 1254 2362 subsidere
1275 2333 1374 2362 faciam
1389 2341 1472 2369 super
1487 2339 1512 2360 te
1528 2340 1625 2360 omnes
1642 2332 1769 2359 volucres
1789 2331 1865 2365 caeli,

1070 2385 1097 2408 et
1121 2380 1252 2408 saturabo
1279 2380 1313 2407 de
1338 2386 1365 2407 te
1392 2387 1489 2407 omnes
1520 2378 1623 2405 bestias
1647 2378 1738 2405 omnis
1763 2382 1866 2405 terrae:

1071 2426 1096 2453 5.
1115 2430 1142 2453 et
1157 2426 1228 2453 dabo
1251 2433 1363 2453 carnem
1379 2430 1453 2452 tuam
1472 2432 1555 2458 super
1569 2428 1688 2456 mortles,
1701 2428 1728 2450 et
1747 2423 1866 2458 implebo

1071 2473 1104 2506 3K
1123 2472 1207 2499 valles
1225 2472 1236 2506 ζ
1259 2471 1290 2507 (ι)
1310 2471 1344 2499 de
1372 2470 1507 2505 sanguine
1536 2475 1592 2501 tuo.
1611 2470 1637 2496 6.
1656 2473 1683 2496 et
1708 2469 1867 2504 irrigabitur

1071 2523 1143 2545 terra
1164 2518 1211 2553 (νη)
1229 2517 1396 2546 stercoribus
1415 2517 1469 2544 tuis
1490 2525 1505 2543 a
1524 2515 1701 2543 multitudine
1720 2520 1765 2542 tua
1782 2521 1866 2549 super

1070 2564 1209 2591 montibus
1231 2572 1238 2591 :
1255 2564 1341 2591 valles
1354 2562 1474 2597 implebo
1488 2567 1525 2594 te,
1538 2562 1564 2587 ’1.
1577 2566 1604 2589 et
1616 2561 1785 2595 cooperiam,
1801 2568 1865 2587 cum

1069 2610 1222 2637 exstinctus
1248 2609 1345 2641 lueris,
1371 2608 1483 2640 cmlum,
1502 2614 1528 2635 et
1553 2610 1743 2635 tenebresccre
1767 2605 1866 2648 faciam

1069 2655 1163 2683 stellas
1183 2655 1256 2690 ejus,
1271 2657 1357 2682 solem
1387 2655 1414 2682 in
1436 2654 1509 2681 nube
1528 2653 1662 2689 operiant,
1679 2658 1706 2680 et
1732 2653 1795 2679 luna
1812 2659 1867 2678 non

700 2747 739 2780 (ιι)
755 2746 815 2777 ΤΙι..
847 2747 990 2782 pulchram
1009 2746 1014 2772 l

1077 2754 1137 2773 eam
1166 2746 1193 2773 in
1207 2745 1384 2782 multitudine
1398 2753 1537 2782 ramorum
1549 2744 1620 2779 ejus.
1670 2745 1709 2780 (λ’)
1726 2745 1768 2782 8.,
1788 2744 1866 2782 itaut

957 2781 992 2814 (ι)
1007 2782 1040 2808 Ει
1053 2781 1154 2808 elatttm
1168 2786 1210 2808 est
1230 2789 1277 2808 cor
1296 2781 1355 2814 ejus
1371 2788 1454 2814 super
1466 2781 1610 2807 altitudine
1624 2787 1684 2807 sua.
1725 2780 1762 2814 (a)
1780 2780 1822 2811 3.,
1837 2782 1866 2805 et

1029 2817 1067 2850 ib)
1093 2816 1205 2843 Eorum.
1264 2816 1299 2849 (ι’)
1319 2815 1351 2842 Et
1371 2816 1528 2850 relinquent
1552 2823 1625 2842 cum.
1681 2816 1719 2849 (d)
1747 2814 1863 2850 Adonai.

1587 2850 1624 2886 (Ιι)
1651 2850 1694 2882 S.,
1722 2849 1864 2886 perditori.
