4072 6442
378 407 523 462 2757

1504 407 1910 465 IIEZECIELIS
1949 411 2177 469 CAPUT
2215 413 2452 468 XXXIII.

385 525 570 582 lucere
595 525 756 583 faciet
788 528 970 583 lumen
989 529 1135 598 ejus.
1173 529 1224 584 8.
1265 529 1463 584 Omnia
1509 529 1692 584 lucere
1722 529 1974 586 facientia
2007 537 2051 594 Α
2081 548 2186 586 non
2236 531 2570 595 circumcisi,
2599 530 2765 586 occisi
2813 547 2843 585 a
2882 530 3079 601 gladio,
3109 529 3202 599 qui
3240 528 3504 584 dederunt
3544 543 3654 584 ter-

383 618 571 675 lumen
610 621 734 675 coeli
760 621 1215 676 obtenebrcscent
1249 637 1416 692 super
1464 631 1536 685 te,
1565 631 1619 676 et
1650 622 1794 677 dabo
1826 631 1975 677 tene-

386 709 518 765 bras
555 725 718 780 super
753 719 954 768 terram
1001 722 1178 777 tuam,
1209 714 1346 768 dicit
1389 711 1657 769 Dominus
1680 713 1970 770 Dominus.

387 801 443 856 9.
470 800 537 855 Et
557 802 784 858 irritabo
810 819 908 858 cor
928 807 1173 876 gentium
1211 806 1527 871 multarum,
1546 820 1671 860 cum
1698 805 1976 862 adduxero

387 891 753 961 captivitatem
801 901 950 950 tuam
1000 897 1054 950 in
1087 904 1299 967 gentes,
1329 895 1383 948 in
1421 905 1622 950 terram
1663 910 1828 964 quam
1865 911 1972 951 non

391 983 616 1039 novisti.
646 984 733 1039 10.
767 985 844 1057 (η)
883 986 949 1042 Et
986 988 1464 1044 contristabuntur
1504 1000 1668 1056 super
1705 996 1756 1042 te
1786 996 1974 1058 gentes

393 1075 595 1142 multas,
638 1084 692 1131 et
739 1092 893 1148 reges
943 1094 1132 1134 eorum
1167 1081 1242 1150 (ο)
1279 1087 1504 1149 stupore
1549 1080 1620 1148 Χ
1670 1094 1836 1149 super
1867 1083 1968 1152 te1

391 1175 723 1236 stupescent,
753 1185 875 1225 cum
902 1171 1166 1228 volaverit
1187 1171 1399 1243 gladius
1427 1187 1585 1228 meus
1619 1188 1783 1242 super
1805 1171 1973 1230 facies

389 1271 603 1324 eorum,
633 1259 708 1331 (ρ)
735 1272 1115 1332 exspectantes
1154 1264 1368 1318 ruinam
1427 1279 1582 1320 suam
1609 1279 1640 1318 a
1677 1264 1765 1320 die
1798 1265 1974 1320 ruinae

393 1355 518 1402 tuae.
553 1349 640 1404 11.
675 1351 813 1418 Quia
844 1354 960 1410 haec
998 1355 1130 1411 dicit
1176 1354 1444 1412 Dominus
1497 1353 1761 1411 Dominus
1797 1372 1812 1409 :
1844 1354 1976 1411 Gla-

392 1438 517 1494 dius
550 1443 692 1513 regis
740 1444 1028 1516 Babylonis
1062 1447 1244 1502 veniet
1293 1447 1414 1514 tibi,
1452 1447 1540 1501 12.
1566 1447 1622 1500 in
1652 1445 1848 1519 gladiis
1893 1447 1974 1515 gi-

393 1540 639 1600 gantum,
679 1545 735 1591 et
772 1537 1024 1607 dejiciam
1081 1537 1456 1594 fortitudinem
1511 1547 1660 1593 tuam
1695 1556 1708 1592 :
1747 1553 1973 1608 corrup-

395 1630 537 1676 tores
568 1637 761 1680 omnes
807 1627 875 1682 de
914 1628 1190 1698 gentibus,
1225 1638 1280 1684 et
1318 1629 1551 1699 perdent
1582 1629 1970 1685 contumeliam

394 1710 637 1783 Egypti,
669 1725 724 1772 et
753 1726 1065 1773 conteretur
1097 1721 1277 1775 omnis
1318 1719 1580 1776 fortitudo
1609 1721 1752 1791 ejus.
1790 1723 1875 1776 15.
1906 1721 1974 1777 Et

392 1806 616 1874 perdam
645 1823 809 1864 omne
837 1811 1143 1881 jumentum
1171 1813 1292 1882 ejus
1313 1813 1384 1868 ab
1415 1828 1556 1885 aqua
1592 1815 1784 1881 multa,
1822 1815 1898 1886 (ιι)
1920 1824 1975 1871 et

391 1909 505 1949 non
537 1898 877 1966 perturbabit
895 1914 1016 1954 eam
1054 1917 1148 1970 pes
1194 1882 1535 1970 hominis,—et
1559 1882 1842 1974 vestigium
2005 1882 2046 1936 Β

391 1988 560 2042 menti
591 2005 703 2044 non
737 1992 1082 2048 conculcabit
1109 2009 1252 2049 eam.
1282 1994 1372 2048 M.
1404 2008 1466 2050 -ι-
1502 1997 1636 2067 Sic1
1661 2008 1792 2051 tunc
1816 1997 1972 2066 quie-

393 2086 546 2132 scent
574 2095 736 2150 aqua:
777 2096 992 2148 eorum,
1022 2093 1076 2138 et
1113 2084 1340 2140 ﬂumina
1370 2100 1564 2142 eorum
1600 2087 1759 2156 quasi
1789 2088 1970 2143 oleum

394 2166 584 2233 ﬂuent,
638 2170 770 2226 dicit
807 2171 1021 2227 Adonai
1086 2173 1376 2233 Dominus.
1437 2177 1526 2232 15.
1577 2178 1715 2233 Cum
1768 2179 1972 2237 dedero

402 2255 694 2328 Egyptum
731 2262 784 2315 in
831 2263 1211 2332 perditionem,
1254 2277 1310 2322 et
1345 2278 1556 2324 vastata
1607 2270 1771 2325 fuerit
1829 2281 1971 2325 terra

404 2362 530 2399 cum
563 2350 892 2416 plenitudine
923 2369 1041 2420 sua,
1071 2370 1194 2411 cum
1245 2357 1556 2428 dispersero
1584 2374 1777 2416 omnes
1817 2362 1973 2417 habi-

408 2445 582 2492 tantes
629 2440 685 2494 in
735 2457 816 2508 ea,
852 2453 906 2499 et
952 2447 1148 2512 scient,
1187 2449 1315 2519 quia
1363 2465 1466 2520 ego
1520 2467 1643 2505 sum
1685 2451 1969 2510 Dominus.

406 2528 492 2583 16.
525 2529 863 2590 Lamentatio
891 2547 991 2604 est,
1019 2549 1074 2595 et
1119 2541 1569 2598 lamentahuntur
1598 2558 1742 2608 eam,
1765 2554 1820 2599 et
1849 2546 1971 2601 tiliae

400 2621 638 2687 gentium
686 2624 1130 2686 lamentabuntur
1178 2648 1298 2688 eam
1339 2649 1506 2703 super
1561 2633 1878 2707 Egyptum,
1919 2648 1973 2693 ct

399 2724 566 2780 super
626 2729 844 2772 omnem
905 2719 1286 2778 fortitudinem
1355 2726 1474 2794 ejus
1528 2727 1973 2783 latnentabuntur

395 2816 539 2868 eam,
571 2805 702 2862 dicit
734 2807 996 2868 Dominus
1032 2813 1314 2873 Dominus.
1349 2819 1436 2872 17.
1471 2817 1540 2872 Et
1567 2818 1768 2875 factum
1794 2830 1878 2876 est
1912 2823 1970 2878 in

394 2908 541 2949 anno
587 2897 942 2968 duodecimo,
997 2904 1050 2958 in
1117 2922 1307 2962 mense
1363 2909 1560 2978 primo,
1623 2911 1970 2981 quindecimo

394 2986 624 3053 mensis,
655 2987 857 3044 factum
887 3002 972 3048 est
997 2995 1222 3050 verbum
1254 2995 1471 3052 Domini
1508 2999 1576 3053 ad
1617 3017 1721 3070 me,
1748 3002 1968 3060 dicens:

395 3079 484 3134 18.
525 3080 625 3135 Fili
653 3083 910 3149 hominis,
925 3086 996 3157 (r)
1023 3087 1320 3146 lamentare
1340 3092 1778 3151 lamentationem
1807 3111 1973 3167 super

394 3167 774 3228 fortitudinem
821 3175 1065 3248 Egypti,
1106 3187 1161 3234 et
1209 3182 1540 3239 descendere
1576 3185 1778 3242 facient
1829 3189 1969 3244 filias

391 3259 513 3328 ejus
543 3271 732 3330 gentes
768 3275 1013 3322 mortuas
1048 3268 1104 3321 in
1153 3271 1483 3338 profundum
1525 3282 1703 3341 terrae,
1743 3277 1810 3332 ad
1850 3293 1968 3344 eos,

393 3349 486 3419 qui
519 3351 855 3410 descendunt
884 3355 938 3410 in
965 3356 1198 3414 foveam.
1228 3360 1316 3417 19.
1337 3363 1406 3430 χ(
1433 3365 1514 3418 Ab
1541 3366 1701 3436 aquis
1727 3367 1971 3438 pulchris

393 3437 590 3495 decore
626 3442 650 3511 1
681 3443 968 3512 descende,
1008 3455 1064 3502 et
1098 3447 1276 3504 dormi
1309 3466 1434 3506 cum
1463 3467 1572 3508 non
1607 3437 1968 3526 circumcisis,

394 3529 450 3616 in
483 3533 660 3589 medio
698 3537 1004 3594 occisorum
1041 3541 1222 3612 gladio
1273 3544 1470 3600 cadent
1509 3561 1634 3602 cum
1673 3564 1763 3616 eo,
1795 3551 1886 3608 20.
1918 3562 1974 3609 et

394 3615 628 3673 dormiet
662 3634 845 3712 omne
907 3625 1080 3682 robur
1116 3629 1257 3699 ejus.
1294 3631 1384 3684 21.
1426 3631 1495 3689 Ει
1542 3635 1728 3693 dicent
1750 3615 1850 3695 tibi
1889 3643 1972 3712 gi-

395 3717 584 3777 gantes
613 3727 628 3765 :
662 3709 719 3767 In
761 3715 1035 3783 profundo
1083 3719 1253 3777 foveas
1289 3732 1409 3780 esto
1445 3743 1459 3780 :
1502 3743 1612 3796 quo
1637 3731 1833 3786 melior
1869 3709 1972 3788 es?

394 3801 682 3868 descende,
717 3813 772 3860 et
798 3807 975 3863 dormi
1009 3825 1134 3866 cum
1183 3827 1294 3867 non
1332 3815 1673 3873 circumcisis
1702 3821 1758 3874 in
1793 3823 1974 3880 medio

394 3895 702 3952 occisorum
726 3900 942 3969 gladiis.
975 3901 1064 3956 22.
1104 3904 1180 3959 lbi
1211 3905 1406 3973 Assur,
1431 3916 1486 3962 et
1518 3910 1702 3966 omnis
1739 3925 1973 3983 congre-

395 3986 542 4056 gatio
576 3989 718 4059 ejus,
762 4004 825 4046 -ι-
852 4008 1044 4050 omnes
1077 3995 1101 4064 1
1129 3997 1298 4052 occisi
1336 3998 1412 4052 ibi
1439 3999 1552 4054 dati
1587 4009 1733 4066 sunt,
1775 4010 1832 4058 et
1880 4019 1972 4059 se-

393 4079 646 4147 pulcrum
677 4096 868 4138 eorum
898 4083 952 4138 in
992 4085 1264 4154 profundo
1298 4087 1467 4144 foveae
1496 4107 1510 4144 :
1545 4099 1602 4146 et
1628 4090 1774 4148 facta
1794 4105 1877 4152 est
1906 4110 1970 4152 -ι-

393 4171 744 4240 congregatio
787 4172 908 4243 ejus
945 4175 994 4245 1,
1026 4175 1170 4232 circa
1225 4179 1540 4248 sepulcrum
1595 4181 1717 4252 ejus
1778 4200 1972 4244 omnes

394 4261 584 4330 occisi,
615 4263 710 4333 qui
755 4266 1070 4323 ceciderunt
1096 4268 1278 4339 gladio
1319 4288 1332 4324 :
1370 4271 1462 4326 23.
1488 4273 1556 4341 )t(
1578 4274 1672 4343 qui
1705 4275 1976 4334 dederunt

395 4359 647 4427 sepulcra
681 4360 802 4430 ejus
831 4362 889 4418 in
932 4363 1195 4421 lateribus
1223 4363 1392 4422 fovea:
1421 4386 1436 4422 :
1477 4369 1545 4441 (δ)
1583 4379 1640 4426 et
1684 4372 1861 4430 factus
1889 4385 1974 4432 est

395 4457 572 4507 coetus
595 4451 741 4508 circa
775 4455 1086 4524 sepulcrum
1117 4456 1237 4526 ejus
1267 4477 1281 4514 :
1314 4475 1506 4518 omnes
1544 4462 1734 4529 occisi,
1768 4465 1972 4521 caden-

2083 640 2259 679 rorem
2291 639 2450 680 suum
2495 638 2659 692 super
2684 631 2826 677 terra
2858 623 3002 675 vitae.
3023 621 3115 674 27.
3147 623 3214 688 >κ
3245 617 3309 673 Et
3335 634 3441 672 non
3474 619 3654 688 1dor-

2079 715 2320 770 mierunt
2343 730 2466 769 cum
2502 713 2834 785 gigantibus,
2863 712 2956 782 qui
2985 711 3300 766 ceciderunt
3326 710 3395 765 ab
3426 719 3655 773 aeterno,

2075 808 2170 878 qui
2207 807 2608 864 descenderunt
2633 805 2688 860 in
2720 803 2994 859 infernum
3027 803 3084 858 in
3105 802 3273 857 armis
3304 804 3372 871 )t(
3407 817 3596 856 eorum
3625 801 3647 866 1

2076 897 2312 964 bellicis,
2339 897 2404 967 (ι)
2437 905 2493 952 et
2531 903 2835 967 posuerunt
2861 893 3071 964 gladios
3100 907 3229 947 suos
3255 892 3359 946 sub
3381 891 3652 960 capitibus

2075 989 2214 1054 suis,
2245 997 2299 1044 et
2330 988 2486 1043 facta:
2518 995 2647 1043 sunt
2683 986 2999 1056 iniquitates
3027 998 3218 1040 eorum
3244 997 3409 1053 super
3435 983 3652 1037 ossibus

2074 1094 2290 1143 eorum,
2330 1079 2458 1150 quia
2483 1085 2796 1134 terruerunt
2833 1076 3002 1130 fortes
3022 1075 3078 1130 in
3104 1075 3212 1129 vita
3249 1070 3477 1128 sua.28.
3503 1071 3571 1125 Et
3595 1079 3653 1126 tu

2074 1169 2131 1225 in
2186 1169 2366 1224 medio
2421 1184 2529 1222 non
2590 1165 3039 1222 circumcisorum
3082 1164 3151 1231 )s(
3179 1159 3478 1216 contereris
3513 1159 3570 1228 1,
3599 1167 3656 1212 et

2073 1261 2314 1319 dormies
2346 1277 2471 1316 cum
2500 1259 2697 1316 occisis
2727 1258 2927 1328 gladio.
2959 1257 3048 1311 9.9.
3081 1253 3157 1309 lbi
3193 1253 3273 1326 (ιι)
3303 1250 3499 1313 Edom,
3519 1252 3654 1318 Xet

2072 1369 2228 1425 reges
2255 1353 2376 1424 ejus
2405 1354 2463 1424 1,
2491 1362 2544 1408 et
2563 1365 2756 1406 omnes
2786 1348 3058 1420 principes
3078 1345 3220 1416 ejus,
3254 1344 3351 1415 qui
3383 1342 3656 1398 dederunt

2074 1445 2245 1500 robur
2283 1459 2444 1500 suum
2492 1443 2546 1498 in
2600 1441 3011 1513 percussionem
3038 1437 3202 1509 gladii
3231 1455 3246 1491 :
3276 1435 3366 1490 isti
3404 1451 3528 1490 cum
3562 1449 3655 1488 oc—

2073 1536 2206 1592 cisis
2249 1535 2614 1600 dormierunt,
2655 1548 2782 1589 cum
2829 1528 3284 1588 descendentibus
3330 1528 3386 1581 in
3419 1527 3654 1581 foveam.

2071 1627 2162 1683 50.
2191 1625 2271 1682 Ibi
2298 1626 2378 1697 (τις)
2417 1626 2693 1696 principes
2719 1623 3010 1694 aquilonis,
3041 1635 3234 1677 omnes
3267 1619 3436 1674 duces
3459 1620 3652 1680 Assur,

2073 1719 2466 1776 descendentes
2509 1717 2678 1773 occisi
2720 1717 2798 1788 (υ)
2829 1729 2953 1771 cum
2995 1723 3202 1769 terrore
3227 1725 3349 1776 suo,
3375 1721 3428 1764 et
3467 1710 3522 1763 in
3563 1724 3657 1762 ro-

2074 1810 2206 1866 bore
2233 1825 2334 1866 suo
2371 1811 2440 1879 )1
2479 1807 2697 1865 confusi
2745 1809 2770 1880 1
2809 1805 3150 1863 dormierunt
3195 1818 3303 1857 non
3342 1800 3653 1856 circumcisi

2076 1919 2200 1959 cum
2224 1902 2422 1960 occisis
2443 1903 2645 1972 gladio,
2675 1908 2730 1956 et
2766 1906 3093 1970 acceperunt
3132 1901 3464 1952 tormentum
3490 1909 3654 1948 suum

2075 2010 2201 2050 cum
2251 1993 2709 2048 descendentibus
2764 1992 2818 2046 in
2873 1990 3107 2046 foveam.
3162 1989 3253 2043 3i.
3297 1984 3404 2042 Eos
3452 1985 3658 2040 videbit

2077 2085 2311 2148 Pharao,
2346 2093 2401 2140 et
2452 2084 2880 2140 consolationem
2922 2080 3151 2151 accipiet
3211 2093 3336 2134 cum
3387 2078 3538 2132 omni
3564 2091 3656 2131 ro-

2078 2180 2213 2234 bore
2258 2193 2470 2244 eorum,
2501 2179 2569 2246 )t(
2598 2175 2764 2232 occisi
2813 2174 2991 2246 gladio
3025 2171 3352 2235 Pharaonis,
3383 2180 3436 2224 et
3472 2168 3654 2223 omnis

2079 2269 2316 2338 potentia
2347 2267 2470 2338 ejtts
2503 2267 2560 2337 1,
2583 2267 2717 2320 dicit
2759 2263 3026 2320 Dominus
3062 2259 3352 2315 Dominus.
3385 2257 3476 2312 52.
3513 2257 3654 2322 Quia

2078 2359 2199 2414 dedi
2249 2366 2451 2412 metum
2487 2357 2608 2426 ejus
2653 2369 2820 2426 super
2871 2362 3014 2410 terra
3047 2353 3190 2416 vitae,
3226 2359 3280 2406 et
3327 2348 3561 2404 dormiet
3597 2348 3654 2400 in

2077 2451 2257 2506 medio
2289 2465 2398 2506 non
2428 2449 2879 2506 circumcisorum
2919 2462 3044 2502 cum
3073 2443 3273 2500 occisis
3302 2441 3482 2513 gladio
3506 2440 3652 2493 Pha-

2076 2558 2196 2606 rao,
2236 2552 2291 2598 et
2340 2543 2520 2598 omnis
2559 2541 2847 2596 multitudo
2884 2539 3027 2611 ejus,
3081 2536 3215 2592 dicit
3253 2534 3518 2590 Dominus
3542 2530 3652 2586 Do-

2077 2633 2281 2687 minus.

2147 2726 2278 2793 Cap.
2312 2721 2551 2777 XXXIII.
2573 2751 2645 2762 —
2670 2722 2720 2776 1.
2748 2721 2815 2777 Ει
2838 2719 3041 2776 factum
3072 2725 3156 2775 est
3177 2717 3406 2773 verbum
3437 2712 3653 2768 Domini

2077 2815 2146 2870 ad
2176 2831 2283 2883 me,
2314 2815 2502 2870 dicens
2537 2833 2550 2868 :
2585 2813 2640 2866 2.
2673 2812 2775 2867 Fili
2830 2812 3092 2876 hominis,
3147 2811 3372 2879 loquere
3404 2805 3530 2860 filiis
3561 2819 3659 2873 po-

2075 2907 2189 2978 puli
2217 2907 2314 2970 tui,
2365 2916 2421 2961 et
2451 2905 2601 2961 dices
2648 2904 2715 2960 ad
2755 2917 2852 2959 eos
2881 2923 2895 2958 :
2927 2901 3114 2965 Terra,
3165 2914 3328 2970 super
3369 2912 3533 2968 quam
3567 2897 3656 2957 in-

2077 2999 2288 3055 duxere
2321 2997 2584 3070 gladium,
2630 3005 2686 3052 et
2724 2995 2983 3052 sumserit
3037 2992 3271 3063 populus
3323 2990 3445 3060 ejus
3497 2995 3658 3043 terra:

2079 3091 2353 3146 hominem
2385 3106 2554 3145 unum
2583 3089 2656 3160 (ι)
2685 3104 2749 3144 ex
2785 3089 2888 3153 eis,
2919 3095 2975 3143 et
3011 3085 3262 3142 dederint
3294 3098 3420 3138 eum
3453 3081 3558 3137 sibi
3598 3080 3654 3135 in

2077 3184 2498 3255 speculatorem,
2522 3183 2577 3238 ‘5.
2603 3191 2657 3238 et
2685 3181 2879 3236 viderit
2897 3179 3136 3251 gladium
3157 3177 3461 3232 venientem
3490 3189 3657 3244 super

2073 3284 2295 3342 terram,
2333 3283 2388 3330 et
2429 3275 2697 3330 clanxerit
2742 3272 2892 3340 tuba,
2933 3281 2988 3326 et
3015 3267 3407 3341 signiﬁcaverit
3430 3267 3653 3338 populo,

2070 3366 2126 3420 4.
2158 3377 2212 3421 et
2238 3365 2509 3420 audiverit
2545 3365 2778 3420 audiens
2808 3378 2996 3418 vocem
3029 3361 3196 3426 tubae,
3221 3367 3276 3413 et
3315 3373 3427 3413 non
3467 3370 3528 3412 se
3560 3371 3657 3411 cu-

2072 3456 2378 3522 stodiverit,
2407 3465 2462 3513 et
2491 3455 2702 3512 venerit
2745 3469 2911 3524 super
2941 3468 3068 3508 eum
3094 3450 3330 3521 gladius,
3370 3457 3425 3504 et
3462 3461 3656 3518 appre-

2073 3545 2323 3602 henderit
2351 3561 2504 3613 eum,
2539 3545 2766 3617 sanguis
2793 3544 2914 3614 ejus
2939 3557 3103 3612 super
3123 3549 3288 3611 caput
3316 3539 3490 3609 ipsius
3519 3536 3652 3604 erit;

2073 3637 2128 3693 5.
2155 3639 2286 3710 quia
2308 3654 2493 3695 vocem
2525 3641 2672 3694 tubas
2706 3653 2830 3693 cum
2860 3635 3087 3701 audivit,
3109 3649 3216 3689 non
3249 3648 3308 3688 se
3335 3629 3650 3692 custodivit,

2073 3729 2297 3799 sanguis
2318 3730 2439 3798 ejus
2469 3745 2631 3799 super
2657 3743 2782 3783 eum
2822 3727 2926 3781 erit
2961 3743 2974 3780 :
3005 3735 3062 3780 et
3093 3724 3200 3789 hic,
3228 3721 3357 3793 quia
3383 3734 3442 3776 se
3468 3726 3654 3774 custo-

2073 3821 2232 3885 divit,
2272 3821 2510 3874 animam
2545 3835 2698 3874 suam
2744 3817 3016 3874 liberavit.
3055 3817 3110 3870 6.
3153 3814 3218 3869 Ει
3261 3812 3574 3883 speculator
3606 3809 3654 3864 si

2073 3910 2270 3964 viderit
2298 3910 2537 3980 gladium
2565 3909 2892 3973 venientem,
2922 3917 2977 3963 et
3010 3923 3117 3962 non
3145 3901 3534 3974 signiﬁcaverit
3560 3914 3654 3969 per

2077 4001 2283 4066 tubam,
2316 4011 2369 4055 et
2399 4001 2628 4070 populus
2652 4015 2760 4055 non
2784 4015 2843 4055 se
2860 3997 3239 4063 custodiverit,
3267 4005 3472 4052 etcum
3508 3992 3655 4046 venit
3679 4076 3682 4078 Ἴ

2073 4095 2306 4168 gladius,
2339 4095 2524 4150 tulerit
2563 4109 2628 4148 ex
2662 4094 2744 4149 eis
2774 4095 3037 4158 animam,
3068 4091 3159 4146 illa
3193 4098 3415 4160 propter
3447 4085 3654 4156 iniqui-

2075 4198 2239 4246 tatem
2269 4204 2430 4245 suam
2453 4194 2611 4257 capta
2641 4193 2750 4252 est,
2793 4194 2849 4240 et
2887 4185 3210 4253 sanguinem
3258 4197 3291 4236 e
3327 4195 3492 4234 manu
3537 4193 3655 4248 spe-

2073 4279 2336 4334 culatoris
2367 4277 2668 4349 requiram.
2698 4277 2748 4331 7.
2788 4275 2856 4329 Et
2882 4283 2960 4340 tu,
2991 4274 3068 4328 iiIi
3099 4271 3359 4336 hominis,
3403 4269 3654 4339 specula-

2074 4381 2247 4426 torem
2275 4369 2400 4426 dedi
2431 4380 2482 4426 te
2503 4367 2690 4424 domui
2729 4366 2969 4433 lsraelis,
3000 4373 3056 4421 et
3083 4362 3273 4419 audies
3311 4376 3378 4416 ex
3412 4375 3506 4415 ore
3531 4374 3654 4414 meo

2074 4463 2322 4529 verbum,
2356 4465 2424 4532 )t(
2452 4471 2508 4518 et
2545 4461 2824 4518 custodies
2861 4474 2959 4516 eos
2998 4475 3031 4514 a
3071 4471 3158 4512 me
3198 4457 3246 4526 1.
3277 4455 3330 4510 8.
3363 4453 3500 4509 Cum
3532 4451 3657 4506 dico

396 4551 478 4599 tes
507 4543 685 4614 gladio
709 4545 734 4615 1
760 4547 855 4616 qui
879 4547 1146 4605 dederunt
1173 4551 1420 4609 timorem
1456 4569 1617 4610 suum
1639 4571 1802 4626 super
1827 4567 1969 4614 terra
2002 4587 2047 4642 ο
2077 4556 2349 4624 peccatori
2381 4574 2394 4610 :
2426 4557 2494 4623 >κ
2534 4554 2794 4610 Peccator
2822 4554 2880 4623 1,
2918 4561 3099 4607 morte
3145 4549 3422 4613 morieris,
3442 4556 3516 4642 et
3546 4561 3659 4599 non

395 4633 541 4692 vitaz.
569 4634 662 4690 24.
691 4635 767 4691 lbi
806 4637 1011 4705 Elam,
1042 4649 1096 4695 et
1127 4642 1308 4700 omnis
1357 4642 1618 4702 fortitudo
1664 4647 1786 4718 ejus
1822 4650 1970 4706 circa

395 4725 708 4794 sepulcrum
743 4725 864 4796 ejus
897 4745 912 4784 :
943 4745 1137 4787 omnes
1159 4734 1350 4802 occisi,
1387 4736 1483 4805 qui
1515 4738 1968 4810 cecideruntgla-

393 4815 508 4882 dio,
541 4826 598 4873 et
619 4818 714 4889 qui
751 4818 1090 4877 descendunt
1123 4837 1232 4879 non
1290 4827 1602 4884 circumcisi
1637 4827 1694 4884 in
1741 4831 1969 4899 profun-

393 4907 522 4964 dum
553 4919 731 4976 terrae,
760 4912 854 4984 qui
877 4911 1144 4970 dederunt
1164 4915 1414 4971 timorem
1442 4933 1604 4974 suum
1631 4932 1798 4990 super
1821 4931 1967 4978 terra

395 5000 540 5066 vitae,
576 5008 633 5058 et
662 5013 993 5074 acceperunt
1026 5013 1358 5062 tormentum
1390 5023 1550 5064 suum
1594 5025 1722 5065 cum
1753 5011 1846 5078 iis,
1879 5012 1973 5082 qui

394 5092 731 5150 descendunt
786 5093 842 5149 in
899 5095 1112 5151 foveam
1149 5095 1240 5152 25.
1285 5097 1342 5151 in
1397 5098 1579 5156 medio
1642 5102 1973 5158 occisorum.

391 5185 480 5240 26.
517 5183 596 5240 Ibi
619 5185 730 5241 dati
750 5187 1145 5255 suntMosoch,
1178 5199 1234 5246 et
1265 5187 1499 5256 Tbobel,
1534 5199 1590 5247 et
1620 5207 1782 5249 omne
1807 5194 1974 5250 robur

392 5276 514 5346 ejus
528 5276 674 5332 circa
703 5279 1014 5348 sepulcrum
1039 5280 1183 5351 ejus,
1213 5296 1409 5339 omnes
1426 5284 1597 5340 occisi
1616 5285 1755 5356 ejus,
1783 5301 1976 5342 omnes

465 5436 540 5522 lci)
583 5437 670 5500 8.,
720 5445 775 5522 et
821 5447 1134 5522 stupescere
1178 5442 1374 5522 faciam
1424 5454 1753 5518 proptcrjte
1814 5460 2001 5522 gentes
2053 5455 2277 5510 multas.

398 5506 448 5560 in
457 5506 794 5564 horrescent.

396 5591 578 5655 suam.
687 5579 762 5648 (q)
791 5578 874 5645 8.,
908 5578 1076 5655 ἱιέιᾼιιι
1115 5599 1222 5639 non
1271 5578 1573 5655 perturbet.

397 5647 663 5718 prolonga
700 5647 844 5716 cam,
884 5659 939 5706 et
977 5650 1117 5707 filias

398 5715 546 5792 circa
571 5715 988 5792 sepulcra'ejus.
1070 5721 1135 5792 (t)

809 5737 820 5802 ι
849 5735 988 5802 ejus.
1070 5731 1135 5792 (ι)
1167 5731 1250 5802 8.,
1279 5735 1334 5782 et
1359 5738 1627 5802 ponentur
1643 5731 1804 5802 gladii
1832 5748 2019 5788 eorum
2049 5735 2151 5788 sub
2177 5731 2444 5802 capitibus
2479 5750 2687 5792 eorum.

402 5787 476 5856 (ν)
507 5786 586 5853 8.,
622 5786 746 5844 eum
773 5786 897 5848 victi
933 5801 1057 5849 sunt
1079 5786 1126 5850 ἐι
1146 5786 1491 5856 roborc'suo.
1571 5786 1672 5870 (ην
1687 5801 1803 5870 Th»
1836 5786 1973 5874 iier

2074 5786 2279 5860 epioni

2077 4649 2294 4704 locutus
2324 4647 2516 4714 fueris,
2551 4655 2613 4702 ut
2661 4662 2723 4703 se
2759 4645 3034 4702 custodiat
3085 4644 3289 4713 impius
3333 4657 3365 4696 a
3403 4641 3490 4695 via
3533 4653 3652 4702 sua,
3721 4710 3723 4712 η
3784 4669 3790 4676 -

2076 4742 2169 4796 ille
2206 4742 2431 4813 iniquus
2459 4741 2514 4796 in
2546 4741 2834 4812 iniquitate
2865 4753 2965 4794 sua
2995 4737 3294 4802 morietur;
3330 4735 3658 4805 sanguinein

2077 4840 2256 4887 autem
2275 4832 2396 4902 ejus
2421 4847 2452 4888 e
2475 4847 2640 4887 manu
2673 4841 2764 4888 tua
2791 4833 3094 4900 requiram.
3122 4831 3271 4886 9.Tu
3289 4843 3418 4882 vero
3444 4827 3488 4880 si
3518 4839 3656 4894 pra:-

2077 4923 2292 4978 veneris
2343 4923 2752 4979 annuntiaveris
2814 4925 2986 4995 impio
3033 4926 3176 4979 viam
3239 4935 3420 4985 suam,
3472 4928 3531 4970 ut
3593 4931 3663 4971 se

2072 5021 2284 5068 avertat
2327 5014 2396 5069 ab
2435 5029 2520 5083 ea,
2564 5023 2621 5071 et
2674 5030 2782 5070 non
2816 5031 2877 5072 sc
2933 5013 3192 5069 averterit
3220 5026 3250 5065 a
3280 5011 3368 5066 via
3401 5025 3523 5074 sua,
3564 5007 3660 5061 hic

2074 5104 2350 5175 impietate
2381 5123 2479 5162 sua
2513 5108 2799 5172 morietur,
2838 5117 2894 5164 et
2941 5119 2998 5163 tu
3042 5106 3282 5162 animam
3331 5111 3480 5157 tuam
3515 5101 3654 5156 libe-

2073 5197 2226 5252 rasti.
2261 5199 2346 5252 10.
2384 5199 2453 5254 Ει
2492 5208 2571 5268 ιιι,
2610 5201 2683 5255 iiii
2718 5200 2978 5265 hominis,
3025 5199 3114 5254 dic
3158 5196 3350 5252 domui
3397 5195 3648 5250 Israclis:

2074 5288 2164 5346 Sic
2188 5290 2354 5347 locuti
2394 5293 2548 5358 estis,
2575 5293 2820 5350 dicentes
2846 5310 2860 5346 :
2883 5290 3111 5347 Errores
3149 5291 3343 5359 nostri,
3371 5301 3425 5348 et
3449 5288 3653 5362 iniqui-

2388 5457 2463 5527 (ο)
2507 5456 2590 5521 8.,
2631 5473 2688 5513 se
2730 5455 2902 5527 eriget
2956 5457 3186 5526 capillus
3245 5471 3490 5527 eorum.
3525 5455 3655 5513 Tlt..

1154 5525 1209 5569 ct
1260 5509 1650 5598 obstupescent
1678 5509 2270 5598 Vproit'crmbaectqutc
2309 5509 2494 5598 subito
2519 5509 2684 5598 itien‘t,
2726 5509 3652 5598 untisquisqneprop—terianimani

1723 5536 1905 5591 roptcr
1959 5536 2093 5589 haec,
2148 5541 2270 5595 qua:
2309 5536 2494 5582 subito
2534 5536 2683 5591 tient,
2726 5536 3109 5598 unusquisque
3155 5536 3377 5598 propter
3408 5542 3652 5580 annnam

1676 5536 1755 5670 ὃ).
1795 5590 1877 5656 8.,
1923 5590 2044 5659 ΤΙι.,
2079 5595 2169 5650 dic
2198 5596 2470 5670 canticum
2506 5597 2573 5650 de
2628 5597 3249 5670 multitudineAzlgypti,
3281 5605 3336 5670 et
3383 5597 3654 5670 inclinans

1202 5656 1410 5712 entium
1445 5656 1698 5714 discerne
1728 5656 1797 5716 'in
1839 5656 2094 5718 turmam.
2199 5665 2266 5718 (si
2310 5663 2391 5718 S..
2429 5665 2569 5718 facta
2628 5677 2712 5718 est
2744 5667 3031 5718 multitudo
3063 5656 3182 5718 etin;
3219 5656 3468 5718 uniuscui

2199 5663 2391 5745 (5)...S_.,
2429 5665 2569 5719 facta
2628 5677 2712 5723 est
2744 5667 3031 5745 multitudo
3063 5663 3182 5740 ejus
3219 5666 3653 5745 uniuscujusque

2765 5738 2842 5808 (tt)
2874 5735 2991 5794 Dati
3026 5733 3171 5795 sunt.
3257 5735 3332 5805 (ιτ)
3364 5733 3649 5802 8.,ίιιιιὲδιι.

3511 414 3654 472 2758
3752 397 3757 409 '
