2036 3235
196 199 267 227 2739

745 189 857 217 CODEX
880 185 1278 216 SVRIACO-HEXAPLARIS.

1765 187 1835 215 2740

199 250 270 273 tates
299 251 400 274 nostra
418 253 500 282 super
530 254 580 275 nos
604 251 677 280 sunt,
696 253 723 275 et
737 247 764 275 iu
783 248 823 275 eis
839 256 891 275 nos
907 248 993 282 lique-
1008 247 1031 275 Α
1047 255 1104 274 rain
1122 248 1257 275 desertam
1275 251 1300 273 et
1323 246 1485 277 desolatam,
1510 245 1555 280 (ιιι)
1574 249 1599 272 ct
1615 244 1712 279 peribit
1737 252 1834 272 contu--

198 291 311 324 scimus,
330 297 357 319 et
376 292 514 326 quomodo
539 292 682 321 vivemus?
707 293 749 320 11.
771 294 815 321 dic
840 294 880 322 eis
899 304 906 321 :
925 294 993 320 Vivo

197 345 259 371 ego,
273 337 454 366 dieitAdonai
471 338 613 371 Dominus,
632 346 685 366 non
698 339 760 366 volo
772 344 887 367 mortem
904 340 990 374 impii,

198 383 270 411 sicut
284 383 360 415 illud,
374 388 405 411 ut
420 391 449 411 se
463 388 571 411 avertat
583 385 684 419 turpius
698 392 712 411 a
729 384 771 411 via
788 392 847 418 sua,
860 390 887 412 et
900 385 991 412 vivat:

198 431 359 458 revertendo
386 431 556 458 revertimini
576 439 591 457 a
614 431 656 458 via
680 435 768 458 vestra
792 433 826 465 >ε<
849 431 920 458 mala
941 441 947 458 ε
967 436 994 459 et

198 484 284 511 quare
301 477 457 504 moriemini
479 478 508 512 ξ,
522 477 620 505 dotnus
647 477 775 505 lsraelis?
791 477 832 504 l2.
849 478 883 511 ὴ(
903 476 935 504 Et
952 481 992 511 tu,

200 522 238 548 fili
259 521 378 549 hominis
403 522 432 556 ζ,
450 522 493 549 dic
523 522 557 549 ad
582 522 654 549 filios
678 520 769 556 populi
796 520 836 549 tui
856 530 863 547 :
883 519 993 548 Justitia

197 568 266 602 justi
286 576 339 595 non
356 568 481 595 liberabit
508 576 570 595 eum
595 568 622 595 in
640 567 694 600 die,
716 576 772 603 quo
785 568 917 595 erraverit
937 575 943 593 :
967 571 995 594 et

202 614 334 648 iniquitas
355 613 393 649 (ιι)
410 614 497 649 iniqui
517 622 571 641 non
592 614 629 649 (ὁ)
648 614 758 641 nocebit
777 614 801 641 ei
820 613 846 640 in
867 613 921 644 die,
939 621 994 648 quo

204 667 233 687 se
246 659 410 687 converterit
425 660 459 686 ab
476 659 621 694 iniquitate
635 667 684 686 sua
701 669 706 686 :
722 665 749 686 et
762 660 853 694 justus
870 667 925 686 non
944 666 992 693 po-

205 705 268 732 terit
289 705 323 740 (c)
342 705 439 732 salvari
459 706 493 738 γε(
519 705 546 731 in
571 705 615 732 die
640 705 745 739 peccati
766 705 844 739 suiz.
863 705 903 731 15.
926 704 993 731 Cum

202 751 296 778 dixero
312 750 403 785 justo,
422 750 480 777 Vita
512 750 599 782 vives,
623 755 650 777 et
676 750 721 777 hic
746 750 886 778 conlidens
913 757 994 784 super

200 798 308 831 justitia
333 805 393 829 sua,
415 801 443 824 et
457 797 552 824 fecerit
576 797 759 832 iniquitatem,
773 804 867 824 omnes
879 797 994 831 justitiaa

202 843 262 877 ejus
280 850 335 870 non
365 844 602 876 memorabuntur,
624 844 651 870 in
679 844 812 878 injustitia
834 851 894 875 sua,
911 851 993 878 quam

204 890 278 922 fecit,
295 889 322 916 in
341 897 373 917 ea
395 889 537 916 morietttr.
562 890 605 917 M.
634 890 666 916 Et
687 898 748 917 cum
775 890 871 918 dixero
899 890 994 925 impio,

204 935 290 963 Morte
312 935 453 969 morieris,
467 942 494 964 et
516 944 545 964 se
568 936 695 963 averterit
717 944 732 963 a
757 941 868 970 peccato
891 944 951 969 suo,
968 941 995 964 et

204 981 451 1016 feceritjudicium.
463 987 489 1009 et
499 982 645 1017 justitiam,
659 982 702 1009 15.
714 987 740 1008 et
748 983 847 1017 pignus
861 982 994 1010 debitoris

205 1027 366 1060 reddiderit,
391 1033 419 1055 et
445 1029 569 1063 rapinam
596 1028 767 1063 rependerit,
796 1028 823 1055 in
852 1028 995 1062 prmeeptis

205 1074 267 1100 vitae
285 1074 477 1105 ambulaverit,
497 1079 526 1101 ut
538 1082 572 1101 ne
590 1073 671 1100 faciat
685 1073 827 1107 injustum,
844 1074 897 1100 vita
913 1073 994 1104 vivet,

204 1124 296 1147 etnon
315 1120 456 1147 morietur.
476 1121 518 1147 16.
535 1119 631 1147 Omnia
645 1124 757 1155 peccata
769 1119 840 1154 ejus.
856 1127 917 1153 qua:
934 1126 997 1154 pec-

204 1165 286 1197 cavit,
304 1173 358 1192 non
380 1166 605 1193 memorabuntur
622 1168 654 1200 >ε<
666 1166 690 1194 ei
705 1167 732 1201 ﬁ:
749 1165 811 1201 quia
822 1166 956 1200 judicium
970 1169 996 1191 et

202 1210 338 1244 justitiam
356 1210 429 1243 fecit,
447 1211 473 1238 in
486 1212 526 1239 eis
542 1212 622 1239 vivet.
636 1213 677 1239 l7.
690 1213 722 1239 Et
735 1214 826 1240 dicent
841 1212 887 1239 filii
904 1211 995 1246 populi

206 1257 244 1284 tui
258 1266 264 1284 :
279 1256 318 1293 (d)
331 1256 390 1284 Non
403 1262 474 1284 recta
492 1258 532 1285 via
544 1258 652 1285 Domini
667 1267 675 1285 :
692 1264 718 1285 et
731 1260 786 1285 liazc
802 1259 841 1284 \ia
856 1265 950 1283 eorum
962 1256 996 1290 (ε)

207 1310 260 1329 non
276 1307 359 1329 recta.
371 1304 405 1336 >ς<
419 1303 517 1330 Audite
537 1310 640 1335 autem,
667 1305 765 1330 donius
784 1303 891 1330 lsraelis
908 1311 913 1328 :
931 1309 996 1327 nunt

206 1347 249 1374 Via
262 1354 320 1374 mea
337 1354 389 1374 non
402 1353 474 1375 recta
484 1356 537 1375 nou
554 1349 624 1376 fuit?
637 1349 685 1375 vim.
699 1354 794 1374 vestrie
812 1356 864 1372 nun
882 1351 962 1373 rectae
972 1346 995 1380 ζ.

212 1392 251 1420 18.
266 1392 334 1420 Cum
353 1401 383 1420 se
405 1394 532 1421 averterit
559 1395 651 1429 justus
671 1403 685 1421 a
703 1394 808 1428 justitia
834 1400 894 1422 sua,
914 1396 941 1418 et
959 1391 997 1418 fe-

209 1439 276 1467 cerit
290 1438 321 1474 (f)
337 1439 504 1474 iniquitates,
518 1446 543 1467 et
564 1441 695 1467 morietur
713 1440 738 1465 in
758 1439 806 1465 eis.
826 1439 865 1465 i9.
886 1438 917 1465 Et
935 1446 997 1465 cum

208 1492 236 1512 se
251 1484 380 1511 averterit
395 1485 432 1519 (ει)
451 1490 578 1519 per-calor
589 1486 622 1511 ab
635 1485 778 1518 iniquitate
788 1490 849 1514 sua,
864 1487 891 1509 et
904 1482 999 1510 fecerit

206 1529 338 1563 judicium
355 1534 382 1556 et
399 1530 546 1564 justitiam,
561 1530 587 1556 in
606 1530 646 1556 eis
665 1530 720 1562 ipse
742 1528 821 1555 vivet.
834 1528 878 1556 ‘20.
898 1528 930 1555 Et
948 1529 999 1555 hoc

1045 294 1126 320 melia
1137 293 1244 320 roboris
1265 293 1337 327 ejus,
1351 295 1378 319 et
1391 292 1571 318 vastabantur
1592 296 1699 318 montes
1716 290 1836 321 Israetis.

1045 344 1157 373 propter
1170 338 1195 365 id
1208 338 1281 373 quod
1299 346 1352 364 non
1369 337 1413 368 sit,
1437 337 1485 370 qui
1502 336 1621 363 ambulet
1635 337 1661 363 in
1675 337 1726 364 eis.
1742 337 1788 364 '29.
1805 336 1838 364 Et

1045 384 1143 416 scient,
1160 384 1225 418 quia
1245 391 1296 418 ego
1316 391 1376 411 sum
1395 382 1548 410 Dominus:
1571 387 1598 410 et
1622 383 1719 410 faciam
1737 388 1837 411 terram

1045 437 1141 457 eorum
1158 429 1304 462 desertam,
1319 433 1346 457 et
1360 429 1513 456 vastabitur
1528 434 1636 464 propter
1651 436 1748 456 omnes
1770 429 1839 456 abo-

1046 474 1211 502 tninationes
1221 482 1327 507 eorum,
1344 482 1413 509 quas
1429 474 1559 502 fecerunt.
1573 474 1618 501 30.
1634 473 1666 501 Et
1678 479 1717 506 tu,
1731 474 1767 501 fili
1789 475 1840 502 lto-

1046 521 1139 553 tninis,
1156 521 1203 548 ﬁlii
1220 521 1313 555 populi
1332 521 1371 548 tui
1385 521 1529 555 loquentes
1546 521 1580 548 de
1598 525 1623 548 te
1634 520 1714 555 juxta
1730 528 1837 552 muros,

1045 571 1072 593 et
1089 567 1116 594 in
1141 566 1282 593 liminibus
1308 567 1463 598 domorum,
1492 571 1518 595 et
1537 567 1686 600 loquuntur
1716 574 1787 593 unus
1804 567 1840 601 Χ

1046 620 1108 640 cum
1122 614 1202 647 uno:
1221 613 1305 640 homo
1320 611 1396 640 fratri
1412 612 1450 647 (η)
1466 620 1572 645 eorum,
1583 613 1705 640 dicentes
1724 622 1730 639 :
1750 613 1839 640 Acce-

1047 659 1156 690 damus,
1169 664 1197 686 et
1212 659 1357 686 audiamus
1373 660 1405 693 X
1425 659 1506 685 verba
1527 659 1538 693 ζ
1555 666 1615 693 qua:
1630 658 1809 693 egrediuntur
1822 667 1837 686 a

1047 705 1174 732 Domino.
1193 705 1237 732 5!.
1254 704 1288 732 Et
1301 705 1414 732 veniunt
1442 705 1475 731 ad
1502 710 1537 735 te,
1563 705 1635 732 sicut
1658 705 1729 732 venit
1756 705 1838 732 sintut

1048 752 1176 786 populus,
1189 756 1216 778 et
1229 752 1326 779 sedent
1335 755 1429 778 contra
1450 755 1475 777 te
1491 751 1660 785 Xpopulus
1675 759 1754 778 meus
1771 752 1794 785 ζ,
1811 756 1840 779 et

1047 798 1163 826 audiunt
1177 798 1259 825 verba
1277 802 1334 831 tua,
1350 803 1377 825 et
1391 805 1422 824 ea
1433 805 1487 824 non
1500 797 1613 830 facient;
1628 798 1665 831 (ο)
1680 798 1744 832 quia
1759 806 1837 825 men-

1047 845 1156 873 dacium
1173 845 1199 872 in
1217 852 1265 872 ore
1281 852 1376 872 eorum
1394 846 1427 878 ᾗ(
1445 845 1482 871 illi
1498 844 1602 871 faciunt
1618 845 1642 879 ζ,
1656 851 1682 872 et
1699 850 1759 880 post
1771 845 1839 872 abo-

1048 893 1211 920 minatioues
1221 899 1316 919 eorum
1340 899 1387 918 cor
1402 898 1496 918 corum
1518 893 1550 924 ξε(
1569 892 1691 918 ambulat
1708 893 1732 926 ζ.
1744 892 1788 919 52.
1806 891 1840 919 Et

1050 938 1088 965 sis
1102 937 1153 969 eis,
1168 937 1238 964 sicut
1262 944 1314 963 vox
1333 937 1445 964 citharae
1463 939 1556 965 suavis
1575 946 1654 970 sono,
1679 938 1748 966 bene
1774 947 1840 966 cou-

1048 984 1146 1015 cinnte,
1160 983 1308 1010 etaudient
1328 984 1410 1012 verba
1428 988 1485 1016 tua,
1506 989 1532 1010 et
1551 992 1604 1011 non
1633 984 1732 1012 facient
1748 993 1790 1018 ca,
1804 987 1838 1019 ἶ(

1047 1030 1111 1064 quia
1129 1029 1300 1056 mendacium
1316 1029 1342 1056 in
1361 1037 1408 1057 ore
1421 1031 1546 1065 eorumﬁ.
1568 1031 1612 1057 53.
1626 1030 1659 1057 Et
1675 1039 1736 1058 cum
1756 1039 1839 1059 vene-

1049 1076 1114 1108 rint,
1135 1082 1166 1102 σι-
1187 1075 1277 1102 dicent
1295 1075 1319 1110 ξ,
1337 1082 1400 1103 ecce
1431 1076 1554 1108 veniunt,
1583 1081 1610 1104 et.
1640 1077 1737 1109 scient,
1765 1075 1838 1111 quod

1049 1119 1179 1154 propheta
1199 1124 1258 1146 erat
1269 1120 1294 1146 in
1310 1120 1398 1147 medio
1411 1128 1516 1147 eorum.

1086 1166 1151 1200 Cap.
1168 1165 1290 1193 XXXIV.
1301 1168 1368 1194 -1.
1386 1166 1417 1193 Et
1430 1167 1532 1194 factttm
1549 1171 1590 1194 est
1604 1167 1716 1193 verbum
1732 1167 1838 1194 Domini

1049 1214 1081 1240 ad
1108 1221 1161 1245 me,
1180 1213 1296 1240 dicens:
1317 1214 1345 1240 2.
1361 1214 1410 1240 Fili
1437 1213 1574 1244 hontinis,
1603 1213 1734 1246 propheta
1757 1220 1840 1246 super

1049 1264 1172 1294 pastores
1194 1259 1312 1291 lsraelis,
1330 1259 1472 1293 propheta,
1492 1263 1519 1285 et
1537 1259 1581 1285 die
1605 1260 1636 1287 Ἇῑ(
1658 1259 1696 1292 (ρ)
1713 1258 1745 1284 ad
1764 1258 1836 1290 eos:

1050 1305 1222 1339 pastoribus:
1236 1305 1298 1332 llaec
1314 1305 1380 1333 dicit
1394 1305 1525 1332 Dominus
1539 1305 1672 1331 Dominus
1689 1314 1694 1331 :
1709 1303 1731 1331 0
1748 1308 1839 1338 pasto—

1049 1357 1094 1376 res
1109 1350 1228 1382 Israclis,
1247 1358 1310 1376 num
1324 1350 1388 1384 quid
1398 1354 1514 1384 pascunt
1525 1354 1648 1384 pastores
1660 1348 1841 1382 semctipsos?

1050 1404 1142 1423 nonne
1158 1403 1222 1423 oves
1239 1400 1354 1431 pascunt
1371 1396 1514 1430 pastores?
1530 1396 1556 1422 5.
1580 1395 1649 1421 Ecce
1665 1394 1707 1421 lac
1722 1393 1841 1420 comedi-

1051 1442 1095 1475 tis,
1115 1446 1142 1469 et
1160 1442 1221 1469 lana
1232 1450 1280 1469 vos
1298 1442 1398 1474 legitis,
1413 1446 1575 1468 cterassum
1594 1440 1728 1471 mactatis,
1740 1445 1765 1466 et
1777 1446 1840 1466 oves

1050 1494 1125 1514 meas
1146 1494 1200 1513 non
1218 1486 1350 1521 pascitis?
1369 1486 1395 1513 4.
1409 1486 1486 1518 Quod
1502 1485 1639 1512 infirmum
1657 1491 1711 1510 non
1732 1482 1841 1510 confor—

1051 1533 1141 1565 tastis,
1156 1534 1188 1566 )K
1202 1537 1229 1560 et
1240 1532 1312 1567 quod
1324 1536 1457 1567 :egrotum
1477 1539 1531 1558 non
1550 1530 1668 1558 sanastis
1685 1530 1708 1564 ζ,
1725 1534 1752 1556 et
1767 1529 1840 1563 quod

207 1581 259 1609 est,
273 1576 346 1611 quod
366 1576 475 1603 dixistis
491 1585 497 1602 :
513 1575 572 1602 Non
591 1579 663 1601 recta
685 1575 726 1601 via
745 1573 853 1601 Domini
873 1584 879 1601 :
901 1582 998 1601 unum-

1052 1579 1224 1606 eonfraetum
1244 1586 1296 1605 non
1321 1578 1465 1613 alligastis,
1486 1581 1512 1604 et
1526 1576 1598 1611 quod
1612 1575 1721 1603 errabat
1732 1582 1784 1601 non
1800 1582 1842 1601 re-

208 1630 346 1657 quemque
363 1623 399 1657 (lii
419 1623 496 1656 juxta
511 1622 568 1647 vias
592 1620 652 1654 ejus
664 1620 794 1654 judicabo
816 1628 875 1652 vos,
901 1620 1000 1648 domus

210 1669 326 1696 lsraelis.
344 1669 388 1695 21.
414 1667 445 1694 Et
463 1667 563 1693 factum
580 1670 621 1692 est
643 1665 670 1692 in
692 1673 764 1692 anno
784 1666 815 1700 (i)
836 1666 953 1698 decimo,
972 1667 999 1693 in

208 1723 302 1742 mense
329 1713 500 1743 duodecimo,
518 1711 613 1745 quinto
641 1711 744 1738 mensis
770 1712 936 1746 captivitatis
951 1719 1001 1739 no-

209 1767 284 1794 stne,
302 1761 375 1788 venit
388 1760 420 1786 ad
438 1766 490 1789 me,
509 1759 554 1792 qui
573 1754 694 1785 salvatus
715 1758 767 1785 fuit
789 1759 822 1785 de
836 1758 999 1790 Jerusalem,

208 1810 303 1836 dicens
318 1817 324 1834 :
339 1806 456 1833 Suliacta
479 1809 520 1831 est
548 1804 624 1831 urbs.
643 1805 686 1831 22.
712 1805 745 1831 Et
768 1812 866 1832 tuauus
893 1805 1001 1832 Domini

210 1857 279 1881 facta
294 1857 334 1880 est
350 1859 432 1885 super
454 1858 497 1876 ine
529 1858 650 1884 vespere,
677 1855 821 1885 antequam
845 1850 957 1883 veniret,
975 1855 1002 1878 et

209 1900 317 1935 aperuit
327 1906 358 1924 os
373 1904 474 1929 meum,
489 1896 575 1924 donec
588 1897 661 1923 venit
676 1897 710 1924 ad
727 1905 770 1923 me
786 1904 867 1924 mane
883 1906 890 1924 :
904 1902 929 1924 et
939 1905 1001 1924 cum

208 1950 333 1978 apertum
349 1946 389 1969 est
412 1950 444 1969 os
464 1949 567 1973 meum.
588 1950 642 1969 non
666 1950 695 1970 se
712 1942 849 1969 continuit
872 1943 1000 1977 amplius.

210 1990 255 2016 23.
269 1988 303 2014 Ει
320 1987 420 2014 factum
446 1992 488 2015 est
504 1988 618 2014 verbum
637 1987 744 2014 Domini
765 1988 799 2015 ad
815 1996 868 2020 tne,
888 1988 1001 2016 dicens:

209 2034 255 2060 Ἣ.
272 2032 321 2060 Fili
338 2033 467 2066 hominis,
480 2033 528 2068 qui
542 2032 665 2060 habitant
678 2033 704 2059 in
725 2032 843 2060 desertis
857 2034 892 2066 λ
910 2032 971 2059 istis
990 2032 1001 2066 ζ

210 2088 293 2115 super
306 2083 378 2107 terra
390 2078 507 2112 lsraelis,
524 2078 620 2106 dicunt
631 2080 665 2113 ὶτ(
679 2079 800 2106 dicentes
812 2079 823 2113 ζ
835 2087 841 2105 :
853 2077 930 2105 Unus
945 2083 1004 2105 erat

210 2126 359 2159 Abraham,
375 2131 400 2153 et
411 2125 498 2153 tenuit
507 2130 608 2152 terrain
621 2134 629 2153 :
641 2128 667 2152 ct
678 2132 729 2152 nos
739 2125 817 2152 multi
830 2131 860 2152 -ι-
874 2132 971 2151 sumus
979 2125 1003 2159 ζ,

211 2173 292 2202 nobis
306 2173 370 2201 data
389 2178 431 2201 est
453 2178 526 2201 terra
549 2173 576 2200 in
593 2172 806 2207 possessionem.
829 2171 873 2198 ‘25.
892 2171 1005 2206 Propter

211 2222 265 2248 hoc
276 2221 320 2248 die
332 2220 368 2255 (k)
384 2220 424 2247 eis
441 2229 448 2247 :
471 2219 535 2246 Hate
561 2220 627 2247 dicit
640 2219 773 2247 Dominus
798 2219 930 2246 Dominus
945 2227 953 2246 :
970 2220 1004 2253 Χ

212 2266 301 2299 Super
312 2264 446 2298 sanguine
463 2264 616 2296 comeditis,
633 2267 660 2291 et
677 2264 773 2291 oculos
788 2268 895 2290 vestros
910 2263 1004 2291 tollitis

212 2311 246 2339 ad
265 2310 336 2338 idola
354 2315 452 2343 vestra,
470 2314 497 2336 et
510 2310 672 2344 sanguinem
691 2309 831 2337 ell‘unditis
845 2317 852 2335 :
865 2314 892 2336 et
904 2313 1004 2336 terram

212 2355 429 2384 hazreditabitis?
452 2355 499 2383 26.
520 2355 640 2383 Stetistis
663 2362 745 2389 super
771 2354 869 2389 gladiis
894 2355 1003 2387 vestris,

213 2402 318 2430 fecistis
332 2401 559 2434 abominationes,
568 2406 593 2428 et
611 2400 804 2435 unusquisque
818 2408 928 2427 uxorem
941 2408 1005 2435 pro-

214 2448 282 2476 ximi
294 2449 337 2476 sui
354 2448 510 2482 polluistis:
527 2453 554 2475 et
566 2451 667 2474 terrain
681 2447 950 2474 haereditabitis?27.
961 2447 1007 2474 Sic

213 2499 324 2530 propter
338 2494 392 2521 hoc
404 2494 448 2522 die
462 2494 494 2529 (ι)
508 2493 542 2521 ad
559 2501 607 2521 eos
626 2502 633 2520 :
650 2493 713 2520 Haec
736 2493 801 2520 dicit
824 2493 928 2520 Adouai
950 2493 1004 2520 Do-

214 2540 349 2575 tninusz:
368 2540 434 2567 Vivo
450 2548 509 2574 ego,
530 2540 584 2567 nisi
610 2540 656 2575 qui
676 2540 800 2567 habitant
822 2540 847 2566 in
877 2540 1003 2572 desertis,

212 2587 303 2622 gladio
320 2587 465 2619 cadent,et
476 2587 522 2621 qui
541 2594 623 2621 super
639 2586 708 2614 facie
724 2586 822 2620 campi,
842 2587 936 2614 bestiis
947 2587 1005 2613 arvi

216 2635 353 2662 Jabuntur
370 2634 396 2660 in
410 2634 512 2666 cibum,
529 2637 557 2661 et
572 2641 629 2664 eos,
650 2633 697 2667 qui
717 2633 744 2660 in
762 2633 887 2664 munitis,
905 2636 932 2659 et
946 2640 1005 2664 eos,

215 2682 260 2716 qui
275 2681 301 2708 in
318 2681 465 2715 speluncis,
488 2684 574 2708 tnorte
592 2680 727 2707 occidam.
748 2680 792 2707 ‘28.
815 2679 847 2706 Et
870 2678 940 2705 dabo
953 2683 1006 2705 ter-

434 2772 471 2805 (b)
485 2771 596 2799 Occidet
615 2780 687 2799 cum.
728 2772 762 2799 (ci
779 2770 884 2797 Vivere.

251 2773 394 2811 (q)_lmpii.
432 2773 687 2811 gecidcteum.
724 2773 772 2811 lci

613 2808 642 2842 (i)
655 2807 831 2842 Duo-lucinio.

217 2810 255 2845 (ῃ)
269 2808 390 2843 Iniquus.
428 2808 475 2845 (ἡ)
486 2808 570 2845 Sicut.

217 2911 245 2944 et
263 2922 317 2942 non
345 2918 490 2948 noverunt,
504 2917 529 2941 et
544 2917 682 2940 errarunt.
722 2911 752 2946 (μί)
771 2911 911 2940 Dominus.

926 2768 963 2801 (Il)
979 2769 1020 2800 5.,
1041 2775 1095 2795 non
1113 2767 1231 2801 tirmala.

872 2805 908 2837 (li)
924 2805 963 2831 Ad
978 2812 1035 2831 eos.

217 2839 254 2879 (33
270 2839 390 2879 S.,'quia
404 2839 541 2879 canticum
558 2839 649 2879 inore
668 2850 772 2879 eorum.
791 2840 938 2879 ΔΤΙιῖμιμιὶίι
953 2847 998 2879 sua

1051 2847 1083 2866 :i-.
1134 2839 1171 2870 (ρ)
1191 2839 1358 2879 pastoribus.
1376 2869 1383 2879 Ι
1401 2839 1450 2879 Χμί’)
1470 2839 1514 2879 5.,
1530 2839 1555 2857 ct
1570 2839 1637 2879 .cuul
1657 2839 1706 2879 pop

557 2865 825 2915 iiiiiiiais'éixii'iiiy‘s.
841 2865 904 2915 j‘hi,
917 2865 993 2915 ret’in
1010 2865 1149 2915 potestate
1164 2865 1332 2915 crndivis-tis.
1375 2869 1408 2915 (ll)
1426 2866 1457 2894 Et
1473 2866 1630 2894 volucribus
1645 2865 1717 2892 cteli.

951 2909 990 2944 (ιι)
1008 2908 1050 2943 8.,
1072 2916 1124 2936 non
1143 2907 1214 2935 enim
1236 2909 1413 2939 quicsrcrunt.

1051 1624 1180 1656 duxistis,
1203 1628 1229 1651 et
1248 1624 1322 1658 quod
1347 1623 1466 1658 perierat
1487 1630 1541 1649 non
1564 1621 1743 1656 quaesivistis,
1761 1621 1797 1655 (q)
1816 1624 1843 1647 et

1051 1670 1123 1704 quod
1139 1669 1209 1697 forte
1233 1669 1369 1705 fatigastis
1382 1670 1416 1702 )3(
1431 1676 1462 1695 ea
1480 1669 1491 1703 ζ
1505 1668 1607 1695 labore.
1621 1667 1646 1694 5.
1663 1667 1695 1693 Et
1714 1667 1844 1702 diSpersae

1051 1719 1115 1742 sunt
1138 1723 1204 1743 oves
1221 1723 1298 1749 meae,
1314 1716 1379 1750 quia
1397 1723 1451 1742 non
1471 1720 1535 1742 sunt.
1559 1718 1694 1749 pastores,
1719 1717 1745 1740 ct
1765 1712 1845 1739 factm

1053 1764 1118 1788 sunt
1134 1761 1161 1788 in
1185 1761 1275 1788 cibum
1300 1761 1426 1788 omnibus
1448 1759 1544 1787 bestiis
1561 1759 1620 1786 arvi
1645 1759 1691 1794 (r).
1716 1758 1742 1785 6.
1761 1758 1794 1792 (ε)
1811 1756 1845 1784 Et

1053 1807 1239 1835 disseminata;
1254 1812 1328 1841 sunt,
1351 1808 1384 1841 >ε<
1396 1812 1423 1834 et
1441 1814 1494 1834 non
1512 1810 1647 1833 noverunt
1664 1806 1675 1839 ζ
1692 1813 1757 1832 oves
1776 1812 1845 1831 mea:

1053 1852 1080 1879 in
1101 1855 1176 1883 omni
1189 1859 1293 1886 monte,
1312 1858 1339 1880 ct
1352 1860 1435 1887 super
1458 1859 1567 1878 omnem
1582 1851 1679 1878 collem
1695 1850 1845 1881 excelsum,

1055 1906 1089 1939 Χ
1103 1908 1130 1931 et
1141 1909 1223 1936 super
1237 1899 1313 1927 omni
1330 1898 1400 1926 facie
1415 1902 1496 1925 terra:
1510 1897 1693 1924 disseminata:
1707 1901 1771 1923 sunt
1781 1902 1847 1922 oves

1053 1958 1121 1978 mem
1139 1949 1164 1984 ζ,
1179 1952 1271 1976 etnon
1286 1949 1356 1977 erat,
1375 1944 1422 1978 qui
1449 1943 1612 1977 requireret,
1638 1948 1727 1976 neque
1740 1940 1786 1975 qui
1802 1947 1846 1967 re-

1054 1997 1174 2025 duceret.
1192 1995 1218 2021 7.
1240 1992 1354 2027 Propter
1373 1990 1435 2021 hoc,
1452 1994 1584 2024 pastores,
1611 1988 1702 2015 audite
1720 1988 1753 2020 Χ
1769 1986 1814 2012 τὸν
1833 1987 1845 2019 ζ

1055 2039 1156 2077 (λόγον)
1172 2038 1286 2066 verbum
1300 2034 1454 2063 Domini.8.
1469 2033 1536 2061 Vivo
1548 2041 1607 2068 ego,
1623 2032 1727 2067 dicit(t)
1742 2031 1848 2058 Adonai

1056 2087 1199 2118 Dominus,
1216 2084 1268 2111 nisi
1286 2090 1335 2118 pro
1348 2090 1382 2109 eo
1395 2080 1467 2116 quod
1485 2080 1562 2107 factm
1577 2084 1640 2107 sunt
1656 2086 1722 2106 oves
1734 2085 1800 2105 meae
1820 2077 1847 2103 in

1054 2134 1187 2169 praedam,
1201 2135 1229 2158 et
1241 2131 1319 2158 factae
1335 2132 1400 2156 sunt
1411 2135 1476 2155 oves
1490 2135 1557 2154 mea:
1575 2127 1601 2153 in
1616 2126 1707 2153 cibum
1720 2125 1847 2152 otnnibus

1055 2180 1154 2208 bestiis
1170 2177 1272 2212 campi,
1296 2184 1329 2204 eo
1354 2175 1427 2210 quod
1441 2182 1494 2201 nou
1517 2177 1594 2201 erant
1618 2178 1751 2207 pastores,
1770 2171 1806 2206 (ii)
1821 2175 1849 2198 et

1058 2235 1111 2254 non
1131 2225 1299 2261 quaesierunt
1318 2226 1444 2257 pastores
1466 2228 1532 2247 oves
1558 2226 1643 2251 meas,
1666 2223 1692 2245 ct
1715 2221 1849 2253 paverunt

1057 2277 1183 2309 pastores
1210 2269 1386 2303 semetipsos,
1408 2274 1473 2294 OVCS
1499 2269 1589 2292 autetn
1606 2272 1683 2292 meas
1702 2272 1755 2291 11011
1772 2271 1851 2299 pave-

1058 2323 1138 2351 runt;
1157 2318 1184 2345 9.
1198 2318 1231 2350 >ε<
1246 2323 1296 2349 pro
1320 2314 1382 2346 hoc,
1404 2316 1538 2348 pastores,
1558 2311 1649 2338 audite
1663 2310 1775 2337 verbum
1796 2309 1850 2336 Do-

1059 2365 1125 2393 mini
1140 2365 1151 2399 ζ
1170 2373 1177 2390 :
1194 2363 1237 2390 l0.
1254 2362 1310 2389 haec
1321 2361 1388 2388 dicit
1400 2359 1533 2386 Dominus
1549 2357 1681 2384 Dominus
1695 2365 1701 2383 :
1718 2355 1788 2383 Ecce
1799 2363 1851 2390 ego

1059 2419 1141 2446 super
1154 2414 1289 2446 pastores,
1302 2412 1329 2435 et
1343 2407 1481 2441 requiram
1501 2412 1567 2432 oves
1583 2411 1658 2430 meas
1675 2403 1709 2430 de
1722 2402 1852 2429 manibus

1058 2465 1167 2489 eorum,
1186 2460 1212 2483 et
1235 2457 1358 2481 avertam
1379 2459 1436 2484 eos,
1460 2458 1494 2477 ne
1512 2453 1627 2484 pascant
1643 2456 1708 2476 oves
1721 2455 1808 2479 meas,
1825 2453 1852 2474 et

1058 2511 1112 2530 non
1125 2506 1238 2537 pascent
1256 2508 1304 2527 eas
1318 2499 1436 2533 amplius
1446 2500 1569 2532 pastores
1589 2505 1594 2522 :
1608 2500 1635 2522 et
1649 2494 1771 2521 liberabo
1786 2501 1852 2520 oves

1058 2557 1134 2578 meas
1147 2557 1179 2576 ex
1196 2555 1243 2575 ore
1264 2553 1372 2577 eorum,
1389 2549 1416 2571 et
1433 2552 1486 2571 non
1500 2546 1580 2570 erunt
1594 2542 1670 2569 eisin
1684 2541 1786 2568 cibum.
1808 2540 1850 2565 11.

1059 2596 1128 2629 Quia
1143 2595 1199 2622 lure
1216 2594 1280 2621 dicit
1297 2591 1432 2619 Dominus
1450 2589 1581 2616 Dominus
1603 2587 1690 2614 :Ecce
1713 2588 1746 2620 >1,
1765 2586 1822 2621 ipse
1840 2586 1851 2619 ζ

1060 2650 1110 2677 ego
1129 2640 1266 2675 requiram
1281 2646 1346 2666 oves
1367 2643 1453 2669 meas,
1470 2640 1497 2663 et
1512 2634 1629 2662 visitabo
1643 2641 1699 2661 eas.
1715 2632 1757 2658 12.
1775 2631 1854 2658 Sicut

1060 2687 1158 2723 qumrit
1174 2690 1266 2721 pastor
1287 2691 1395 2719 gregem
1421 2689 1512 2713 suum,
1532 2681 1558 2707 iu
1578 2680 1622 2707 die
1643 2679 1753 2714 quando
1772 2677 1854 2705 fuerit

1271 2772 1305 2795 (c,
1332 2763 1376 2793 Α..
1400 2769 1453 2788 non
1471 2760 1599 2787 stabilita.
1636 2758 1673 2795 ff)
1703 2758 1850 2795 Delicium.

1296 2798 1337 2830 8.,
1355 2802 1382 2825 ct
1407 2796 1506 2831 peribit
1531 2794 1671 2830 superbia.
1712 2794 1750 2827 (ιι)
1775 2793 1851 2831 Ejus.

1414 2832 1450 2866 (q)
1470 2831 1511 2861 S.,
1530 2836 1555 2857 ct
1568 2829 1637 2857 cum
1657 2833 1789 2863 potestate
1802 2829 1855 2855 iui-

1426 2866 1457 2894 Ει
1473 2866 1630 2894 volucribus
1645 2865 1717 2892 coeli.
1759 2863 1792 2899 (δ)
1808 2863 1854 2896 5.,

1075 2803 1106 2837 (Ι)
1125 2801 1179 2828 Eis.
1191 2835 1206 2838 _
1221 2798 1268 2834 (ut)
1289 2833 1294 2838 _

1134 2837 1171 2870 (ρ)
1191 2834 1358 2870 Pastoribus.
