4072 6410
249 413 382 465 ⁸2711

1438 395 1845 452 HEZECIELIS
1885 394 2114 452 CAPUT
2158 394 2397 449 XXXVI.

3397 397 3539 453 27$“!

251 521 449 593 caligo,
485 528 539 576 et
571 519 746 574 nubes
779 516 858 588 (:r)
890 516 942 570 in
977 514 1158 570 medio
1187 513 1371 569 ovium
1414 512 1532 582 ejus
1558 520 1833 580 separata-
1872 515 1916 574 Α
1949 524 2137 563 eorum
2171 511 2238 578 )af
2268 525 2390 563 cum
2437 509 2517 562 eis
2557 511 2602 578 ζ.
2636 519 2688 563 et
2733 510 2806 564 illi
2842 512 3076 581 populus
3107 527 3262 568 meus
3294 531 3307 566 :
3340 511 3540 568 domus

253 629 402 676 rum,
444 613 523 667 sic
549 610 822 680 requiram
849 623 980 663 oves
1003 622 1171 669 meas,
1202 605 1277 675 (υ)
1307 614 1361 658 et
1389 603 1615 672 eripiam
1650 617 1744 656 eas
1781 616 1844 654 ex

255 706 407 762 omni
447 705 586 767 loco,
617 717 727 772 quo
769 702 1035 771 dispersa:
1082 708 1212 754 sunt
1243 697 1372 750 illuc
1405 695 1458 748 in
1482 695 1572 748 die
1604 693 1766 748 nubis
1797 701 1850 746 et

257 797 530 866 caliginis.
577 795 660 849 15.
697 793 762 847 Ει
799 793 1030 847 educam
1063 805 1158 844 eos
1190 804 1256 843 ex
1289 787 1564 858 gentibus,
1595 795 1649 840 et
1700 785 1852 838 colli-

257 904 380 958 gam
406 902 501 940 cos
532 901 596 939 ex
622 885 963 956 regionibus,
993 893 1048 938 et
1076 882 1425 936 introducam
1447 894 1542 933 eos
1575 878 1627 932 in
1648 888 1849 932 terram

258 995 436 1044 suam,
475 988 529 1032 et
569 993 788 1047 pascam
817 992 914 1032 eos
961 990 1127 1044 super
1162 981 1376 1027 montes
1417 971 1655 1033 lsraelis,
1701 979 1752 1022 et
1796 969 1850 1022 in

261 1070 515 1132 vallibus,
535 1081 590 1123 et
620 1069 671 1121 in
697 1067 847 1122 omni
879 1065 1218 1120 habitatione
1241 1073 1431 1117 terrae:
1463 1061 1549 1115 14.
1572 1062 1624 1113 in
1649 1073 1852 1129 pascuo

262 1163 409 1218 bono
469 1176 692 1230 pascam
745 1175 860 1224 eos,
918 1159 972 1212 in
1013 1166 1197 1211 monte
1240 1153 1460 1209 excelso
1509 1150 1750 1214 lsraelis,
1799 1157 1853 1204 et

262 1261 424 1308 erunt
477 1254 648 1308 caulae
693 1267 885 1307 eorum
933 1251 1030 1314 ibi,
1075 1263 1138 1304 σι-
1193 1258 1248 1303 et
1296 1246 1592 1308 dormient,
1622 1252 1676 1298 et
1717 1243 1790 1296 ibi
1826 1244 1848 1312 ζ

264 1345 612 1415 requiescent
649 1345 702 1398 in
748 1343 960 1398 deliciis
1013 1343 1194 1404 bonis,
1235 1341 1370 1394 etin
1421 1352 1631 1408 pascuo
1663 1334 1854 1406 pingui

265 1447 564 1508 pascentur
587 1451 750 1505 super
786 1435 1065 1490 montibus
1091 1432 1326 1488 lsraelis.
1353 1431 1442 1485 15.
1481 1429 1595 1501 Ego
1625 1441 1852 1498 pascam

268 1545 400 1586 oves
434 1547 604 1594 meas,
642 1540 696 1584 et
739 1544 840 1600 ego
881 1527 1078 1582 faciam
1133 1525 1480 1595 requiescere
1518 1537 1632 1587 eas,
1686 1535 1750 1575 -t—
1801 1527 1856 1574 et

269 1619 464 1684 scient,
493 1618 638 1688 quod
671 1633 772 1688 ego
807 1633 929 1674 sum
957 1617 1222 1672 Dominus
1256 1616 1279 1683 ζ
1323 1634 1335 1669 :
1370 1615 1488 1669 haec
1511 1613 1643 1668 dicit
1665 1611 1854 1667 Domi-

273 1729 377 1769 nus
408 1712 694 1768 Dominus.
722 1709 987 1778 16.Quod
1019 1709 1274 1779 perierat,
1299 1707 1603 1776 requiram,
1636 1703 1854 1773 etquod

270 1806 517 1874 errabat,
547 1804 834 1868 reducam,
869 1813 925 1858 et
979 1803 1126 1872 quod
1170 1800 1545 1862 confractum,
1597 1795 1852 1865 alligabo,

1953 601 2195 662 lsraelis,
2237 599 2368 654 dicit
2405 599 2672 654 Dominus
2712 600 2992 656 Dominus.
3030 605 3118 657 51.
3175 603 3238 657 Et
3269 617 3367 659 vos
3411 618 3542 657 oves

1951 705 2107 752 meae,
2159 700 2214 744 et
2243 706 2371 744 oves
2407 692 2587 759 gregis
2647 693 2776 756 mei,
2833 695 2898 758 >ε<
2928 693 3177 748 homines
3220 693 3355 748 estis
3393 694 3440 762 ζ,
3490 703 3544 747 et

1952 799 2054 854 ego
2084 783 2349 838 Dominus
2383 782 2524 838 Deus
2551 793 2751 850 vester,
2784 784 2914 837 dicit
2944 785 3208 840 Dominus
3251 785 3540 840 Dominus.

2026 873 2162 944 Cap.
2209 873 2433 929 XXXV.
2477 905 2550 915 —
2584 875 2630 928 1.
2684 873 2859 944 Super
2913 875 3054 930 Seir.
3095 875 3160 929 Et
3203 876 3408 932 factum
3461 887 3546 931 est

1954 965 2183 1020 verbum
2236 966 2452 1020 Domini
2495 970 2561 1021 ad
2607 983 2715 1029 me,
2767 968 2956 1022 dicens
2993 968 3093 1022 :2.
3142 965 3245 1022 Fili
3280 968 3544 1033 hominis,

1955 1069 2215 1114 converte
2248 1059 2442 1113 faciem
2498 1069 2645 1113 tuam
2692 1075 2857 1128 super
2885 1069 3124 1114 montem
3161 1059 3302 1125 Seir,
3335 1069 3389 1115 ct
3421 1075 3548 1129 pro-

1953 1151 2118 1221 pheta
2142 1166 2308 1221 super
2335 1166 2484 1217 eum,
2528 1151 2581 1204 3.
2617 1159 2671 1206 et
2702 1151 2791 1206 die
2828 1152 2877 1205 ei
2911 1170 2924 1205 :
2963 1151 3091 1207 Haec
3118 1152 3252 1207 dicit
3276 1151 3548 1207 Dominus

1957 1242 2232 1299 Dominus
2265 1261 2278 1298 :
2313 1242 2453 1298 Ecce
2479 1259 2582 1314 ego
2614 1259 2778 1314 super
2815 1254 2882 1311 te,
2913 1260 3074 1300 mons
3108 1244 3248 1310 Seir,
3281 1257 3331 1299 et
3356 1254 3548 1300 exten-

1955 1335 2080 1391 dam
2112 1351 2338 1392 manum
2383 1351 2560 1390 meam
2613 1351 2778 1405 super
2817 1345 2888 1401 te,
2927 1346 2980 1390 et
3013 1336 3152 1390 dabo
3182 1346 3233 1391 te
3268 1335 3335 1407 (Γ)
3361 1337 3549 1391 descr-

1958 1438 2092 1497 tnm,
2130 1440 2185 1484 et
2218 1431 2526 1486 vastaberis
2564 1450 2576 1484 :
2605 1429 2659 1486 4.
2687 1440 2740 1484 et
2771 1432 2825 1484 in
2855 1431 3085 1486 urbibus
3117 1431 3226 1486 tuis
3255 1431 3551 1486 desolatio-

1957 1537 2080 1576 nem
2113 1521 2335 1586 faciam,
2369 1530 2424 1575 ct
2452 1528 2507 1574 tu
2538 1520 2815 1574 desertum
2847 1523 2978 1586 eris,
3003 1531 3057 1575 et
3087 1521 3248 1584 scies,
3276 1521 3421 1590 quod
3449 1536 3553 1590 ego

1959 1627 2083 1669 sum
2142 1613 2430 1668 Dominus.
2478 1614 2531 1668 5.
2572 1613 2682 1666 Pro
2729 1629 2795 1666 eo
2849 1613 2995 1683 quod
3045 1611 3214 1668 fueris
3264 1613 3551 1668 inimicitia

1961 1708 2318 1777 sempiterna,
2354 1705 2429 1776 (g)
2461 1713 2515 1759 et
2537 1705 2748 1760 sederis
2789 1705 2840 1758 in
2865 1705 3030 1760 domo
3061 1705 3283 1760 lsraelis
3313 1706 3366 1760 in
3399 1706 3550 1765 dolo,

1959 1797 2013 1852 in
2040 1813 2205 1853 manu
2234 1799 2583 1854 inimicorum
2615 1797 2827 1868 gladius
2863 1798 2916 1852 in
2961 1808 3205 1868 tempore
3240 1797 3556 1853 aﬂlictionis

269 1905 326 1950 ct
365 1896 512 1964 quod
547 1893 908 1956 imbecillum,
946 1890 1338 1953 corroborabo,
1383 1892 1450 1957 )t(
1485 1885 1715 1956 etquod
1743 1886 1864 1955 pin-
1895 1876 1936 1931 Β
1965 1905 2176 1957 eorum,
2230 1891 2285 1945 in
2337 1899 2586 1962 tempore
2638 1888 2714 1960 (h)
2766 1890 3072 1960 iniustitia,
3122 1891 3188 1944 ad
3236 1888 3400 1944 ﬁnem
3436 1903 3453 1942 ε
3497 1885 3551 1942 6.

273 2006 377 2060 gne
416 1991 461 2058 ζ,
511 1997 566 2041 et
607 1986 753 2057 quod
801 1984 960 2049 forte,
998 1983 1330 2046 custodiam,
1380 1992 1433 2037 et
1481 1995 1706 2051 pascam
1767 1995 1864 2036 eas

278 2101 401 2138 cum
446 2082 680 2153 judicio.
723 2082 810 2137 l7.
842 2079 912 2134 Et
942 2095 1062 2146 vos,
1091 2093 1221 2133 Oves
1257 2093 1410 2141 meae,
1446 2078 1563 2130 haec
1590 2077 1723 2131 dicit
1756 2077 1864 2130 Do-

280 2176 462 2227 minus
493 2171 761 2225 Dominus
788 2189 800 2222 :
835 2184 963 2224 ecce
992 2183 1093 2238 ego
1124 2167 1441 2236 dijudicabo
1467 2166 1610 2221 inter
1632 2180 1786 2219 ovem
1814 2175 1868 2219 et

281 2276 456 2325 ovem,
486 2261 714 2314 arietum
743 2266 798 2312 et
827 2257 1128 2312 hircorum.
1161 2256 1247 2310 18.
1270 2255 1338 2310 Et
1374 2271 1558 2312 nonne
1584 2255 1867 2310 sufﬁciens

287 2351 466 2415 vobis,
506 2351 652 2420 quod
687 2365 952 2420 pascuum
1007 2348 1300 2419 pulchrum
1352 2348 1756 2418 depascebatis,
1793 2347 1866 2419 (ι)

291 2451 344 2494 et
399 2441 675 2496 residuum
726 2441 911 2510 pascui
950 2441 1119 2496 vestri
1170 2441 1582 2496 conculcabatis
1637 2439 1867 2510 pedibus

295 2535 508 2598 vestris,
551 2543 604 2588 et
630 2549 825 2603 aquam
859 2533 1142 2604 limpidam
1177 2533 1468 2597 bibebatis,
1504 2541 1559 2586 et
1585 2532 1868 2588 residuum

288 2627 514 2695 pedibus
555 2626 747 2681 vestris
793 2625 1139 2680 turbabatis?
1183 2625 1270 2679 19.
1309 2623 1374 2677 Et
1405 2639 1536 2680 oves
1567 2639 1704 2678 meae
1733 2637 1835 2677 eon
1857 2652 1871 2664 -

285 2720 627 2774 culcationes
655 2719 856 2788 pedum
895 2731 1205 2774 vestrorum
1232 2719 1552 2788 pascebant,
1586 2725 1640 2771 et
1669 2732 1867 2786 aquam

285 2826 314 2864 a
347 2811 574 2881 pedibus
607 2811 804 2864 vestris
858 2812 1130 2864 turbatam
1168 2809 1446 2866 bibebant.
1501 2809 1594 2864 20.
1639 2809 1871 2878 Propter

286 2904 390 2956 hoc
418 2901 534 2956 haec
564 2901 696 2956 dicit
725 2901 993 2955 Dominus
1020 2900 1285 2956 Dominus
1317 2904 1383 2970 >θ<
1415 2901 1483 2956 ad
1512 2916 1606 2956 eos
1635 2902 1658 2970 ζ
1683 2919 1694 2954 :
1731 2900 1874 2956 Ecce

281 3007 382 3062 ego
439 2993 754 3061 dijudicabo
801 2992 944 3046 inter
969 3007 1126 3046 ovem
1181 2993 1398 3058 fortem,
1443 3003 1497 3048 et
1545 2994 1688 3048 inter
1715 3009 1870 3048 ovem

284 3088 587 3142 inﬁrmam.
630 3087 722 3139 21.
762 3084 818 3139 In
861 3085 1149 3148 lateribus,
1203 3093 1255 3138 et
1306 3087 1360 3139 in
1400 3087 1645 3142 humeris
1677 3087 1872 3141 vestris

281 3175 738 3246 prosterncbatis,
780 3185 835 3228 et
875 3175 1136 3228 cornibus
1165 3175 1361 3230 vestris
1406 3177 1867 3244 cornupetebatis,

286 3284 451 3324 omne
491 3267 636 3338 quod
674 3267 873 3321 defecit
911 3269 979 3334 ἃ(
1029 3268 1202 3322 donec
1254 3269 1275 3336 ζ
1311 3269 1649 3323 contrivistis
1677 3283 1774 3324 eas
1804 3273 1870 3337 3K

287 3364 436 3420 foras
482 3365 530 3432 ζ.
563 3362 654 3416 22.
703 3363 771 3416 Et
806 3361 1030 3415 salvabo
1080 3377 1210 3415 oves
1257 3377 1432 3424 meas,
1466 3370 1520 3415 et
1566 3376 1675 3416 non
1712 3371 1874 3416 erunt

282 3455 523 3524 amplius
569 3454 622 3508 in
653 3453 910 3522 praedam,
957 3463 1011 3508 et
1060 3453 1320 3522 judicabo
1363 3453 1507 3507 inter
1553 3454 1778 3508 arietem
1807 3454 1871 3507 ad

280 3549 550 3611 arietem,
601 3547 691 3601 25.
745 3557 795 3602 et
855 3546 1187 3601 constituam
1237 3562 1402 3616 super
1451 3562 1548 3602 eos
1597 3557 1872 3615 pastorem

282 3655 484 3703 unum,
530 3649 584 3693 et
623 3646 808 3708 pascet
838 3652 954 3702 eos,
988 3653 1207 3692 servum
1246 3654 1426 3692 meum
1473 3639 1728 3693 Davidem
1761 3657 1773 3693 :
1807 3641 1876 3707 >ε<

283 3732 380 3786 ille
427 3739 614 3799 pascet
660 3745 754 3784 eos
790 3731 838 3799 ζ,
878 3740 931 3783 et
961 3730 1063 3782 erit
1087 3738 1272 3799 pastor
1297 3745 1487 3784 eorum
1516 3747 1530 3782 :
1572 3731 1662 3784 24.
1692 3740 1744 3784 ct
1777 3747 1877 3798 ego

284 3823 557 3878 Dominus
585 3837 680 3876 ero
695 3825 776 3877 eis
809 3824 862 3876 in
894 3821 1086 3886 Deum,
1113 3831 1166 3876 et
1188 3822 1354 3876 David
1387 3823 1440 3876 in
1474 3823 1654 3876 medio
1683 3837 1874 3876 eorum

284 3918 566 3987 princeps.
601 3915 712 3986 Ego
748 3915 1014 3969 Dominus
1042 3915 1260 3970 locutus
1293 3931 1435 3970 sum.
1461 3913 1554 3968 25.
1574 3913 1642 3968 Et
1672 3914 1880 3968 censti-

285 4021 437 4063 tuam
479 4009 664 4062 Davidi
707 4014 1096 4062 testamentum
1132 4007 1303 4076 pacis,
1337 4017 1391 4061 et
1425 4006 1648 4076 perdam
1673 4005 1879 4060 bestias

287 4099 465 4152 maias
497 4099 564 4152 de
602 4106 769 4163 terra,
805 4106 860 4152 et
893 4097 1223 4152 habitabant
1251 4098 1306 4152 in
1339 4098 1561 4152 deserto
1601 4100 1666 4167 >τ<
1710 4097 1786 4169 (a)
1824 4099 1876 4152 in

284 4188 622 4246 confidentia
665 4189 713 4258 ζ,
763 4197 819 4242 et
859 4187 1132 4242 dortnient
1171 4189 1225 4242 in
1281 4187 1455 4243 silvis.
1506 4188 1596 4243 26.
1643 4189 1708 4244 Et
1739 4191 1880 4244 dabo

285 4295 391 4335 eos
417 4281 471 4333 in
500 4279 734 4334 circuitu
760 4278 966 4333 montis
990 4278 1095 4333 mei
1124 4282 1191 4348 Χ
1223 4281 1296 4350 (b)
1330 4281 1764 4336 benedictionem
1804 4282 1825 4351 ζ

283 4383 344 4430 et
392 4372 532 4426 dabo
574 4372 816 4441 pluviam
867 4371 1046 4438 vobis,
1091 4373 1328 4442 pluviam
1379 4374 1780 4431 benedictionis
1812 4379 1880 4444 )t(

286 4475 461 4523 erunt
502 4465 547 4532 ζ.
585 4465 676 4518 27.
713 4464 779 4518 Ει
819 4465 964 4534 ligna
1010 4481 1132 4535 quae
1177 4465 1232 4519 in
1278 4481 1494 4536 campo,
1529 4467 1736 4522 dabunt
1769 4467 1884 4522 fru-

1967 1991 2195 2053 propter
2217 1983 2322 2038 hoc
2354 1983 2481 2037 vivo
2515 1997 2639 2052 ego,
2663 1981 2798 2036 dicit
2829 1983 3094 2037 Dominus
3129 1983 3414 2044 Dominus,
3444 1979 3554 2034 nisi

1969 2075 2027 2146 (i.
2060 2090 2138 2137 e.,
2170 2074 2450 2144 quoniam.
2479 2076 2544 2129 Et
2576 2076 2648 2129 ita
2673 2075 2824 2146 mox)
2859 2075 2911 2127 in
2951 2076 3268 2145 sanguinem
3291 2073 3552 2143 peccasti,

1968 2178 2021 2222 et
2053 2168 2278 2237 sanguis
2315 2179 2674 2237 persequetur
2715 2179 2787 2234 te,
2826 2172 2893 2236 ξε(
2931 2168 3038 2221 nisi
3073 2166 3395 2234 sanguinem
3428 2164 3556 2218 odio

1971 2258 2233 2321 habuisti,
2275 2267 2329 2311 et
2367 2258 2592 2327 sanguis
2623 2267 2983 2327 persequetur
3021 2265 3070 2308 te
3103 2257 3148 2324 ζ.
3201 2253 3251 2306 7.
3302 2254 3363 2308 Et
3415 2253 3556 2307 dabo

1971 2358 2211 2406 montem
2249 2350 2372 2405 Seir
2419 2351 2474 2404 in
2514 2350 2792 2404 desertmn
2826 2357 2881 2404 et
2925 2357 3220 2408 vastatum,
3256 2356 3310 2402 et
3341 2347 3556 2416 disper-

1971 2443 2095 2497 dam
2135 2443 2201 2496 de
2230 2456 2296 2497 eo
2341 2441 2590 2496 homines
2625 2449 2679 2496 et
2719 2441 2988 2510 jumeuta,
3022 2441 3074 2495 8.
3129 2449 3180 2494 et
3224 2439 3461 2508 implebo
3490 2441 3558 2506 Ξῖ(

1971 2542 2187 2588 montes
2221 2533 2340 2602 ejus
2372 2534 2393 2602 ζ
2432 2533 2631 2588 occisis
2666 2533 2794 2599 tuis,
2831 2542 2886 2588 et
2915 2533 3080 2588 colles
3113 2541 3255 2598 tuos,
3298 2542 3352 2586 et
3392 2532 3560 2586 valles

1977 2635 2122 2689 tuas,
2147 2634 2202 2679 ct
2229 2625 2284 2678 in
2317 2624 2577 2678 omnibus
2596 2624 2807 2693 campis
2833 2625 2940 2678 tuis
2971 2624 3137 2679 occisi
3162 2623 3342 2694 gladio
3366 2624 3562 2678 cadent

1974 2717 2028 2770 in
2066 2727 2136 2770 te.
2161 2717 2216 2771 9.
2252 2715 2538 2770 Desertum
2563 2719 2954 2785 sempiternum
2985 2732 3183 2786 ponam
3219 2726 3287 2781 te,
3319 2727 3373 2770 et
3398 2715 3563 2769 urbes

1977 2819 2084 2864 tua:
2115 2824 2221 2863 non
2265 2807 2668 2862 habitabantur
2709 2808 2972 2877 amplius,
3007 2816 3061 2862 et
3089 2809 3250 2870 scies,
3283 2806 3430 2877 quod
3463 2821 3564 2875 ego

1975 2915 2097 2955 sum
2132 2897 2422 2954 Dominus.
2458 2898 2544 2952 10.
2571 2897 2710 2966 Quia
2735 2899 2958 2954 dixisti:
2984 2898 3114 2953 Duae
3135 2908 3344 2970 gentes,
3371 2908 3424 2953 ct
3445 2899 3566 2951 duae

1978 2991 2231 3062 regiones
2261 3005 2396 3044 meae
2424 3001 2607 3056 erunt,
2639 2999 2693 3044 et
2735 2989 3072 3045 bwreditabo
3101 3005 3216 3056 eas,
3263 2991 3327 3061 (ἰ)
3359 2999 3413 3045 et
3456 2992 3564 3045 Do-

1977 3086 2161 3139 minus
2200 3085 2274 3138 ibi
2305 3093 2386 3139 est
2417 3101 2430 3137 :
2477 3082 2561 3137 11.
2597 3092 2820 3152 propter
2853 3083 2955 3137 hoc
2984 3084 3108 3138 vivo
3149 3098 3270 3153 ego,
3300 3084 3433 3140 dicit
3461 3085 3568 3141 Do-

1977 3178 2160 3232 minus
2194 3174 2482 3239 Dominus,
2509 3183 2563 3229 et
2596 3174 2794 3229 faciam
2837 3175 2932 3229 tibi
2973 3177 3279 3231 secundum
3329 3177 3571 3234 inimici-

1981 3268 2110 3321 tiam
2159 3280 2328 3331 tuam,
2366 3270 2430 3336 >ε<
2480 3273 2533 3320 et
2565 3267 2869 3321 secundum
2929 3267 3104 3321 zelum
3169 3276 3344 3332 tuum,
3404 3285 3567 3340 quem

1981 3359 2178 3426 fecisti,
2215 3374 2282 3412 eo
2315 3359 2461 3429 quod
2489 3358 2653 3414 odisti
2692 3358 2747 3412 in
2784 3360 2861 3412 eis
2910 3358 2957 3426 ζ,
2985 3367 3040 3412 et
3078 3359 3414 3415 innotescam
3448 3362 3567 3429 tibi,

1981 3467 2105 3506 cum
2155 3452 2476 3522 jndicavero
2521 3459 2592 3514 te,
2639 3450 2726 3506 12.
2776 3459 2830 3504 et
2876 3452 3040 3514 scies,
3097 3453 3243 3520 quod
3295 3467 3395 3524 ego
3446 3469 3569 3508 sum

1985 3545 2254 3598 Dominus
2296 3563 2308 3598 :
2348 3543 2531 3598 audivi
2579 3559 2768 3598 vocem
2813 3543 3276 3612 blasphemiarum
3327 3553 3569 3614 tuarum,

1983 3645 2036 3688 et
2077 3635 2313 3690 dixisti:
2355 3635 2568 3688 Montes
2621 3631 2863 3698 lsraelis,
2916 3636 2982 3701 >ε<
3030 3633 3218 3690 dicens
3269 3635 3319 3706 ζ,
3369 3637 3572 3691 deserti

1991 3730 2150 3784 nobis
2187 3729 2296 3784 dati
2329 3738 2457 3784 sunt
2498 3730 2550 3783 in
2595 3729 2799 3792 cibum,
2835 3729 2920 3782 15.
2965 3738 3016 3783 ct
3051 3729 3285 3799 superbe
3311 3730 3487 3786 elatus
3511 3747 3572 3785 es

1989 3837 2155 3890 super
2181 3837 2266 3873 me
2296 3837 2390 3874 ore
2413 3831 2525 3886 tuo,
2552 3824 2618 3888 >ε<
2637 3821 2709 3890 (k)
2735 3829 2788 3873 et
2813 3821 3093 3877 elatnastis
3114 3839 3277 3893 super
3304 3840 3387 3878 Ine
3409 3823 3572 3879 verba

1999 3924 2178 3968 vestra
2216 3914 2263 3982 ζ,
2295 3929 2395 3983 ego
2429 3914 2637 3966 audivi.
2659 3915 2745 3968 14.
2771 3913 2896 3968 Haec
2927 3915 3060 3968 dicit
3091 3917 3354 3972 Dominus
3387 3917 3575 3972 Domi-

1997 4021 2100 4060 nus
2128 4024 2140 4058 :
2164 4005 2221 4058 In
2245 4005 2460 4059 lzetitias
2477 4009 2660 4062 omnis
2692 4015 2848 4060 terra:
2879 4008 3154 4061 desertum
3182 4017 3231 4062 te
3246 4007 3459 4063 faciam.
3484 4009 3572 4064 15.

1993 4101 2059 4166 Χ
2097 4097 2254 4152 Sicut
2302 4097 2522 4167 gavisus
2562 4112 2621 4151 es
2652 4099 2705 4151 in
2745 4098 3118 4153 hmreditatem
3173 4100 3410 4164 lsraelis,
3447 4101 3576 4170 quia

1988 4197 2249 4261 corrupta
2296 4200 2400 4254 est,
2468 4190 2548 4244 sic
2600 4189 2797 4244 faciam
2854 4191 2947 4244 tibi
2989 4191 3062 4262 ξε
3120 4191 3395 4246 desertum
3443 4191 3574 4256 eris,

1989 4297 2151 4338 mons
2194 4282 2336 4347 Seir,
2391 4293 2444 4338 et
2501 4282 2683 4336 omnis
2745 4283 2977 4337 ldumaza
3029 4293 3457 4348 consumentur,
3523 4294 3578 4340 et

1990 4374 2184 4436 scient,
2224 4374 2369 4443 quod
2407 4388 2509 4442 ego
2540 4389 2660 4428 sum
2693 4373 2959 4429 Dominus
2990 4374 3132 4431 Deus
3163 4391 3378 4430 eorum.

2061 4464 2192 4535 Cap.
2225 4463 2470 4519 XXXVI.
2502 4498 2570 4508 —
2605 4466 2655 4520 1.
2686 4465 2750 4519 Et
2782 4475 2860 4533 tu,
2905 4467 2979 4521 fili
3021 4468 3278 4535 hominis,
3311 4471 3580 4540 propheta

289 4566 446 4613 ctum
487 4571 670 4621 suum,
698 4564 754 4610 et
795 4564 940 4610 terra
983 4556 1129 4611 dabit
1165 4557 1419 4612 virtutem
1465 4573 1622 4614 suam
1659 4578 1672 4613 :
1708 4569 1761 4615 et
1787 4563 1884 4615 ba-
1917 4591 1960 4646 η
1991 4574 2158 4628 super
2216 4569 2430 4614 montes
2483 4559 2724 4626 lsraelis,
2763 4569 2816 4614 et
2864 4559 2952 4616 dic
2996 4562 3276 4618 montibus
3321 4560 3576 4620 lsraelis:

293 4650 553 4707 bitabunt
583 4664 748 4718 super
777 4659 921 4703 terra
951 4665 1050 4704 sua
1082 4649 1154 4720 (c)
1185 4649 1239 4704 in
1272 4666 1367 4719 spe
1403 4651 1577 4719 pacis,
1600 4659 1655 4707 et
1683 4655 1879 4719 scient,

292 4741 446 4813 quod
479 4756 579 4811 ego
611 4755 732 4794 sum
785 4739 1070 4803 Dominus,
1103 4755 1227 4794 cum
1261 4740 1575 4796 contrivero
1605 4743 1882 4798 vinculum

290 4833 415 4905 jugi
457 4847 650 4887 eorum
693 4841 788 4885 :et
817 4830 1046 4899 eripiam
1099 4845 1194 4884 eos
1229 4829 1299 4884 de
1340 4847 1504 4886 manu
1535 4848 1750 4896 eorum,
1791 4837 1884 4906 qui

295 4928 551 4984 fecerunt
597 4926 806 4980 servire
851 4937 968 4978 eos.
997 4921 1090 4976 28.
1128 4921 1194 4975 Et
1231 4937 1337 4976 non
1369 4933 1530 4978 erunt
1559 4926 1794 4995 amplius
1830 4928 1883 4980 in

295 5019 540 5090 praedam
571 5017 850 5088 gentibus,
890 5025 945 5070 et
975 5015 1166 5070 bestiae
1203 5024 1361 5070 terra:
1404 5032 1510 5070 non
1539 5019 1774 5087 amplius
1806 5019 1884 5091 (d)

299 5111 644 5166 devorabunt
681 5124 776 5164 eos
803 5128 815 5163 :
845 5118 901 5163 et
935 5108 1264 5163 babitabunt
1308 5108 1364 5163 in
1392 5123 1509 5178 spe,
1538 5117 1592 5164 et
1622 5125 1728 5165 non
1761 5112 1888 5177 erit,

301 5206 400 5274 qni
433 5210 710 5258 exterreat
731 5217 847 5256 eos.
871 5201 964 5256 29.
991 5202 1053 5256 Et
1079 5201 1366 5257 suscitabo
1388 5202 1468 5258 eis
1493 5202 1888 5272 plantationem

304 5296 478 5366 pacis,
514 5304 569 5348 et
611 5309 718 5348 non
757 5293 994 5362 amplius
1027 5302 1189 5348 erunt
1220 5303 1508 5362 pereuntes
1542 5293 1684 5349 fame
1733 5294 1800 5366 (ε)
1837 5297 1890 5350 in

305 5398 471 5450 terra,
521 5399 701 5454 neque
757 5383 1055 5454 portabunt
1103 5383 1341 5451 amplius
1373 5383 1728 5453 opprobrium
1758 5401 1893 5454 gen-

303 5480 465 5543 tium,
504 5478 592 5532 50.
643 5486 697 5531 et
745 5477 942 5540 scient,
975 5475 1122 5544 quod
1165 5491 1265 5544 ego
1297 5490 1420 5530 sum
1455 5474 1723 5531 Dominus
1754 5478 1897 5534 Deus

379 5658 459 5727 (ac)
498 5656 619 5722 Th.,
652 5672 775 5712 cum
817 5664 902 5710 est
963 5654 1017 5727 in
1066 5655 1245 5727 medio
1296 5655 1481 5727 ovium
1514 5656 1652 5725 ejus.

307 5724 501 5802 (q)'.S_.,
536 5729 658 5782 sine
708 5725 1109 5802 sollicitudine._
1176 5725 1250 5794 (ὁ)
1283 5724 1368 5788 8.,
1399 5724 1736 5802 benedictos.

309 5797 379 5869 (fi
432 5799 514 5863 8.,
575 5808 895 5869 corruptum
959 5805 1023 5869 et
1073 5797 1454 5869 depravatum.

310 5866 388 5926 ibi
443 5878 580 5926 erat.
663 5866 734 5937 (Ii)
773 5866 836 5923 Et
874 5867 1298 5938 multiplieastis.

1763 5657 1840 5729 (y)
1873 5656 1938 5713 Et
1957 5659 2237 5731 colligam.
2281 5658 2345 5713 Et
2393 5671 2712 5731 persequar:

1839 5731 1910 5798 (ci
1945 5729 2029 5797 8.,
2066 5729 2172 5786 non
2204 5732 2478 5785 timentes.

1551 5796 1627 5875 (ει)
1659 5798 1741 5875 S_.,
1773 5796 2217 5875 etcengregatus
2248 5818 2326 5857 es.

1385 5867 1448 5939 (ι)
1477 5865 1539 5924 Εῑ
1562 5865 1703 5926 facti
1737 5871 1890 5927 estis.

1994 4651 2191 4706 Audite
2229 4651 2455 4705 verbum
2492 4650 2731 4707 Domini.
2767 4651 2820 4706 2.
2852 4649 2978 4708 Haec
3017 4654 3150 4709 dicit
3177 4655 3442 4712 Dominus
3472 4655 3580 4710 Do-

1997 4743 2220 4798 minus:
2248 4741 2358 4798 Pro
2396 4758 2460 4798 eo
2492 4745 2634 4814 quod
2661 4743 2798 4800 dixit
2832 4745 3089 4802 inimicus
3119 4763 3284 4816 super
3311 4762 3410 4804 vos
3437 4765 3450 4802 :
3474 4748 3578 4811 Ah,

1996 4836 2158 4900 bene,
2193 4835 2520 4890 solitudines
2550 4837 2897 4906 sempiternae
2939 4839 2993 4892 in
3036 4839 3444 4909 possessionem
3477 4854 3579 4894 no-

1995 4936 2166 4980 stram
2190 4923 2347 4979 factm
2376 4935 2524 4981 sunt.
2549 4926 2602 4981 5.
2637 4925 2867 4997 Propter
2908 4927 3012 4983 hoc
3042 4930 3330 5000 propheta,
3365 4938 3418 4985 et
3446 4930 3534 4985 die
3564 4951 3578 4984 :

1997 5018 2124 5074 llzec
2148 5019 2280 5073 dicit
2313 5016 2578 5075 Dominus
2610 5020 2878 5077 Dominus
2924 5041 2938 5077 :
2980 5020 3088 5076 Pro
3117 5035 3183 5076 co
3224 5023 3369 5092 quod
3402 5023 3583 5078 fuistis

1999 5111 2052 5164 in
2089 5111 2496 5179 corruptionem
2543 5113 2802 5168 omnibus
2849 5112 3127 5182 gentibus,
3177 5115 3243 5182 )t(
3283 5122 3338 5168 et
3379 5128 3480 5182 pro
3519 5129 3585 5168 eo

1999 5201 2146 5270 quod
2181 5201 2204 5272 ζ
2233 5201 2473 5271 despecti
2500 5203 2654 5268 estis,
2682 5212 2735 5256 et
2765 5202 2891 5257 odio
2920 5201 3090 5256 habiti
3119 5201 3276 5266 estis.
3307 5201 3377 5256 ab
3408 5203 3586 5258 omni-

2002 5296 2106 5350 bus
2137 5294 2410 5364 gentibus,
2432 5310 2552 5364 quae
2580 5295 2726 5349 circa
2750 5309 2866 5359 vos,
2899 5302 2957 5347 ut
2994 5293 3192 5348 essetis
3223 5293 3276 5348 in
3308 5297 3585 5366 possesio-

2006 5401 2130 5440 nem
2181 5387 2438 5456 gentibus
2480 5386 2731 5455 reliquis,
2787 5384 2848 5455 (Ι)
2894 5391 2948 5439 et
2991 5385 3320 5443 ascendistis
3370 5387 3588 5458 loquela

2007 5479 2226 5551 linguae,
2259 5490 2313 5534 et
2341 5481 2396 5534 in
2430 5477 2789 5548 opprobrium
2825 5467 3102 5547 gentibus,
3133 5478 3186 5534 4.
3217 5489 3440 5551 propter
3460 5479 3586 5545 hoc,

2827 5655 2899 5728 (π.)
2928 5653 3011 5721 S.,
3053 5658 3159 5712 nisi
3190 5665 3244 5714 et
3281 5656 3586 5728 residuum.

2583 5727 2658 5808 (ά)
2691 5725 3036 5812 videbuntur
3085 5729 3186 5782 eis.
3287 5729 3372 5854 (eL
3391 5727 3588 5810 Super.

2583 5797 2877 5854 .ltmttato.
2993 5796 3171 5854 1118..
3225 5808 3278 5854 et
3377 5813 3588 5854 ominus

2407 5800 2482 5870 (Ii)
2512 5796 2877 5865 S.,limitato.
2993 5797 3055 5869 (ἱ)
3089 5796 3171 5867 8.,
3225 5796 3594 5857 ριὐυηιὶηυς
