2032 3206
239 187 310 216 2743

787 186 901 215 CODEX
919 187 1312 217 SYlllACO-IIEXAPLARIS.

1801 192 1872 221 27Δῦ

240 249 348 273 montes
371 244 488 277 lsraelis,
509 243 601 271 audite
624 242 736 270 verbum
765 243 870 270 Adonai
887 243 995 270 Domini
1019 253 1024 270 :
1043 247 1065 274 Λ
1079 248 1106 271 et
1119 251 1151 271 ex
1173 249 1243 271 terra
1262 244 1323 279 ejus
1339 244 1442 279 egressi
1469 249 1544 272 sunt.
1567 244 1612 272 21.
1634 246 1668 273 Et
1692 247 1801 281 peperci
1831 248 1872 276 eis

239 295 299 319 haec
314 291 380 318 dicit
398 290 532 318 Dominus
548 289 682 317 Dominus
695 289 846 323 montibus,
862 294 889 317 et
902 290 1029 321 collibus,

239 342 266 364 et
283 337 463 369 torrentibus,
479 341 506 363 et
520 336 647 369 vallibus,
665 340 692 363 et
704 335 829 367 vastatis,
846 342 876 362 σι-
892 340 918 362 et
931 329 1030 370 depra-

239 383 309 411 vatis
327 384 352 419 :,
370 388 397 411 et
415 383 528 410 urbibus
550 382 698 415 derelictis,
723 389 784 417 quae
809 381 889 409 facta:
913 386 977 409 sunt
1003 381 1030 408 in

213 422 216 437 ὲ
238 429 433 464 direptionem,
449 433 477 456 et
492 428 519 455 in
541 427 791 459 conculcationem,
817 426 954 462 gentibus,
971 433 1031 460 quae

238 475 340 501 relicta:
366 479 431 501 sunt
454 481 503 509 per
530 474 687 501 circuitum.
713 473 739 499 5.
763 472 877 507 Propter
893 472 946 499 hoc
974 472 1031 499 hiec

238 521 306 548 dicit
323 520 454 548 Dominus
471 520 604 547 Dominus
620 529 627 547 :
648 519 705 546 Nisi
721 519 748 546 in
771 519 834 554 igne
857 518 960 546 furoris
977 518 1030 545 mei

239 567 349 595 locutus
380 574 441 594 sum
469 574 552 601 super
572 566 703 601 reliquias
730 565 865 601 gentium,
891 570 919 593 et
949 572 1032 600 super

239 612 385 641 ldumazam
412 621 536 645 omnem;
561 612 624 647 quia
652 612 787 639 dederunt
817 616 919 639 terram
943 619 1031 639 meam

241 658 421 694 sibimetipsis
436 659 462 685 in
480 658 684 693 possessionem
698 665 763 685 cum
778 657 888 693 gaudio,
908 657 956 693 (in)
968 664 1030 685 cum

240 708 445 731 contemserunt
464 704 619 735 animas,ut
631 703 875 738 corrumperentin
891 703 991 738 praeda.
1003 703 1031 730 6.

239 749 355 784 Propter
373 749 426 776 hoc
442 749 573 784 propheta
589 757 673 785 super
693 753 795 776 terram
813 748 929 782 lsraelis,
948 754 975 776 et
988 748 1033 776 dic

240 795 391 827 montibus,
414 800 442 822 et
464 794 592 828 collibus,
616 799 644 823 et
667 795 819 827 valleculis,
838 799 867 822 et
890 794 1030 822 vallibus:

240 839 304 868 llaec
323 840 390 868 dicit
416 840 550 868 Dominus
569 840 705 868 Dominus
729 850 735 867 :
759 841 830 868 Eme
853 847 904 875 ego
922 840 948 867 in
973 840 1032 867 zelo

240 894 311 918 meo,
329 891 357 913 et
374 886 401 913 in
421 885 515 914 furore
537 894 598 914 meo
624 887 731 914 locutus
748 894 820 918 sum,
834 893 885 921 pro
905 894 939 914 eo
957 887 1031 922 quod

239 931 420 967 opprobrium
447 933 568 967 gentium
598 933 780 961 sustinuistis.
806 934 832 960 ’1.
850 932 963 968 Propter
979 933 1031 961 hoc

240 981 275 1013 »ξ
295 979 352 1006 haec
368 978 435 1006 dicit
457 979 562 1006 Adonai
581 979 714 1007 Dominus
733 980 744 1015 ζ
761 988 768 1007 :
785 987 849 1008 ecce
870 987 920 1016 ego
935 980 1031 1007 levabo

241 1033 353 1052 manum
369 1032 458 1052 meam
474 1032 555 1059 super
571 1030 678 1060 gentes,
690 1033 751 1060 quae
764 1026 839 1054 circa
852 1034 919 1054 vos:
933 1026 959 1053 hi
969 1034 1031 1054 con-

240 1075 355 1098 temtum
370 1078 449 1098 suum
462 1071 607 1106 accipient.
620 1072 647 1099 8.
664 1071 790 1099 Vestram
805 1078 907 1106 autem,
923 1077 1030 1099 montes

240 1116 360 1149 lsraelis,
383 1116 422 1153 (ιι)
440 1124 520 1144 uvam
537 1116 650 1150 dabitis,
667 1122 695 1145 et
711 1117 832 1146 fructum
848 1124 968 1146 vestrum
984 1125 1030 1145 co-

240 1165 329 1192 medet
344 1164 461 1199 populus
479 1171 557 1191 meus
573 1164 607 1198 Ἀ(
628 1163 712 1192 Israel
727 1164 759 1199 ﬁ;
782 1166 845 1200 quia
862 1169 971 1199 sperant
983 1171 1030 1191 ve-

241 1209 345 1237 nire.9.
360 1209 429 1242 Quia
443 1216 508 1237 ecce
523 1217 574 1244 ego
584 1217 668 1245 super
681 1218 739 1243 vos,
754 1215 780 1238 et
792 1211 935 1245 respiciam
949 1217 1031 1244 super

240 1264 299 1288 vos,
323 1260 350 1283 ct
368 1256 508 1289 colemini,
525 1260 551 1283 et
569 1257 698 1283 seremini
715 1266 721 1283 :
737 1257 781 1284 10.
801 1261 828 1284 et
842 1256 1030 1290 multiplicabo

241 1309 325 1337 super
345 1309 393 1329 vos
408 1302 545 1335 homines,
563 1310 672 1329 onmem
690 1303 801 1330 domum
819 1302 928 1329 lsraelis
950 1302 975 1328 in
1000 1302 1031 1328 [i-

241 1355 314 1380 nem,
329 1351 356 1375 et
368 1347 564 1375 habitabuntur
572 1348 653 1375 urbes
663 1353 770 1381 vestrae,
786 1353 812 1374 et
820 1355 880 1382 qua:
891 1347 1028 1380 desolatas,

242 1393 461 1421 atdiiicabuutur.
479 1394 523 1421 11.
538 1394 571 1421 Et
589 1394 778 1429 multiplicabo
794 1401 875 1428 super
887 1401 936 1420 vos
947 1394 1031 1421 homi-

241 1447 300 1473 nes,
321 1444 348 1467 et
362 1439 498 1475 jumenta,
515 1444 542 1466 et
561 1444 696 1472 crescent,
712 1440 745 1473 ῖς(
762 1445 789 1467 ct
807 1439 1031 1474 multiplicabun-

240 1492 286 1514 tur
302 1488 327 1522 ζ,
341 1492 368 1515 et
383 1487 505 1514 habitare
522 1486 620 1514 faciam
637 1493 696 1517 vos.
713 1485 783 1513 sicut
795 1486 915 1513 abiuitio
928 1491 1029 1519 vestro,
1049 1481 1061 1513 ’ἶ

1047 916 1068 944 Β

1081 295 1191 324 propter
1212 297 1313 317 nomen
1339 295 1465 317 sanctum
1491 298 1594 325 meum,
1621 292 1693 326 quod
1715 292 1871 327 polluerunt

1081 335 1179 363 domus
1205 336 1316 363 Israelis
1342 336 1415 363 inter
1440 341 1554 372 gentes,
1582 345 1637 372 qua
1664 338 1779 373 ingressi
1807 344 1871 367 sunt

1081 380 1156 408 illuc.
1170 380 1215 407 22.
1231 381 1346 416 Propter
1361 381 1412 409 hoc
1428 382 1472 409 dic
1482 383 1575 410 domui
1587 383 1697 410 lsraelis
1713 392 1719 410 :
1733 383 1796 412 Haec
1805 385 1871 413 dicit

1083 427 1214 455 Dominus
1239 427 1392 455 Dominus:
1413 428 1472 455 Non
1493 430 1571 457 vobis
1596 437 1647 464 ego
1670 429 1750 463 facio,
1774 430 1871 459 domus

1082 472 1202 505 lsraelis,
1220 473 1272 500 nisi
1288 478 1400 508 propter
1415 481 1515 502 nomen
1532 479 1658 502 sanctum
1678 483 1781 508 meum,
1797 476 1871 511 quod

1082 519 1220 554 polluistis
1233 519 1305 546 inter
1318 524 1423 554 gentes,
1448 528 1503 555 quo
1520 521 1634 556 ingressi
1646 520 1713 548 estis
1735 521 1809 549 illuc.
1824 522 1870 548 25.

1083 566 1117 594 Et
1131 565 1312 594 ssnctiﬁcabo
1330 574 1430 594 nomen
1447 575 1538 594 meum
1555 575 1694 602 magnum,
1713 569 1785 603 quod
1808 576 1871 603 pro-

1081 612 1205 640 faustum
1221 617 1264 640 est
1284 613 1355 641 inter
1372 619 1477 649 gentes,
1491 614 1565 649 quod
1581 615 1717 649 polluistis
1732 615 1758 642 in
1780 616 1871 644 medio

1080 665 1189 690 earum,
1203 663 1231 686 et
1244 658 1332 686 scient
1342 664 1447 694 gentes,
1463 659 1536 694 quod
1551 667 1602 695 ego
1612 667 1672 687 sum
1686 660 1828 694 Dominus,
1837 663 1873 696 Χ

1082 704 1150 731 dicit
1167 704 1272 732 Adonai
1291 704 1424 733 Dominus
1438 705 1463 740 ζ.
1477 713 1540 733 cum
1553 706 1741 735 sanctificatus
1753 706 1830 735 fuero
1843 709 1870 735 in

1081 750 1162 778 vobis
1173 754 1237 778 ante
1246 750 1343 778 oculos
1359 758 1467 783 earum,
1485 751 1530 777 24.
1546 755 1573 778 et
1593 752 1686 778 tollam
1702 759 1751 779 vas
1763 752 1796 780 de
1806 761 1871 788 gen-

1084 796 1168 828 tibus,
1194 800 1221 823 et
1243 796 1415 831 eongregabo
1433 804 1483 824 vos
1515 804 1548 824 ex
1575 797 1704 826 omnibus
1729 799 1819 832 terris,
1845 805 1872 826 et

1083 842 1255 870 introducam
1271 849 1320 870 vos
1336 842 1362 869 in
1372 845 1473 869 terram
1489 842 1674 875 vestram,25.
1692 847 1719 870 et
1729 851 1871 879 aspergam

1082 895 1165 923 super
1181 895 1230 915 vos
1265 895 1364 921 aquam
1390 887 1533 921 mundam,
1557 892 1585 915 et
1614 888 1814 916 mundabimini
1838 889 1873 916 ab

1084 934 1211 960 omnibus
1234 933 1415 960 immunditiis
1432 933 1540 967 vestris,
1553 938 1581 960 et
1603 933 1637 960 ab
1652 934 1780 962 omnibus
1793 934 1872 961 idolis

1083 979 1183 1007 vestris
1198 979 1335 1006 mundabo
1348 988 1406 1007 vos.
1416 979 1462 1007 26.
1477 979 1511 1006 Ει
1525 979 1596 1007 dabo
1611 979 1689 1007 vobis
1699 987 1747 1007 cor
1760 987 1871 1011 novum,

1083 1029 1110 1052 ct
1133 1025 1259 1059 spiritum
1284 1032 1383 1051 novum
1400 1025 1471 1052 dabo
1485 1025 1513 1052 in
1528 1025 1617 1057 vobis,
1631 1028 1659 1052 ct
1682 1025 1804 1052 auferam
1824 1032 1872 1052 cor

1083 1070 1220 1105 lapideum
1243 1070 1276 1097 de
1291 1078 1375 1098 carne
1396 1075 1498 1104 vestra,
1520 1076 1546 1098 et
1565 1070 1637 1098 dabo
1650 1071 1728 1098 vobis
1748 1078 1796 1098 cor
1811 1078 1873 1098 ear-

1084 1124 1176 1149 neum,
1187 1116 1233 1143 27.
1244 1120 1273 1144 et
1288 1117 1415 1152 spiritum
1442 1124 1533 1144 meum
1549 1116 1619 1144 dabo
1635 1116 1662 1143 in
1685 1116 1773 1147 vobis,
1791 1120 1818 1143 et
1831 1115 1873 1143 fa-

1063 1155 1070 1162 ”
1084 1163 1165 1195 ciam,
1182 1167 1213 1190 ut
1223 1163 1251 1190 in
1264 1162 1510 1198 justilicatiouibus
1522 1162 1590 1190 meis
1599 1162 1747 1189 ambuletis
1764 1162 1874 1196 etjudi-

1084 1209 1126 1236 cia
1144 1216 1204 1235 mea
1219 1208 1393 1250 custodiatis,
1407 1213 1435 1235 et
1453 1208 1560 1235 faciatis
1570 1214 1613 1234 ea.
1627 1206 1673 1234 28.
1689 1207 1722 1233 Ει
1739 1206 1874 1233 habitabi-

1086 1252 1121 1280 tis
1148 1261 1231 1288 super
1253 1258 1337 1286 terra,
1365 1260 1449 1288 quam
1471 1253 1533 1280 dedi
1560 1251 1686 1286 patribus
1709 1251 1824 1282 vestris,
1846 1256 1874 1277 et

1084 1300 1162 1328 eritis
1176 1300 1243 1327 mihi
1256 1300 1283 1327 in
1301 1299 1445 1334 populum,
1460 1303 1487 1326 et
1503 1305 1553 1333 ego
1572 1305 1620 1325 ero
1633 1297 1712 1324 vobis
1733 1296 1759 1323 in
1774 1296 1872 1323 Deum.

1061 1378 1063 1380 _
1083 1345 1129 1373 29.
1143 1345 1176 1372 Et
1185 1345 1296 1373 salvabo
1309 1352 1359 1372 vos
1369 1352 1403 1371 ex
1419 1344 1548 1372 omnibus
1563 1341 1747 1370 immunditiis
1764 1340 1874 1370 vestris.

1059 1386 1066 1420 ἶ
1084 1397 1112 1419 et
1127 1391 1230 1419 vocabo
1250 1390 1428 1422 frumentum,
1445 1389 1490 1416 30.
1505 1394 1532 1416 et
1546 1387 1735 1422 multiplicabo
1756 1386 1832 1417 illud,
1847 1390 1875 1412 ct

1085 1446 1138 1466 non
1148 1438 1219 1466 dabo
1232 1445 1315 1473 super
1325 1445 1374 1465 vos
1385 1436 1483 1464 famem
1497 1444 1504 1463 :
1519 1441 1546 1463 et
1559 1433 1747 1469 multiplicabo
1754 1433 1870 1460 fructum

1084 1485 1161 1519 ligni.
1179 1485 1216 1519 (ᾳ)
1238 1489 1266 1511 et
1289 1486 1438 1518 proventus
1454 1481 1522 1516 agri,
1537 1485 1568 1508 ut
1587 1488 1622 1507 ne
1638 1478 1752 1514 portetis
1767 1479 1801 1512 χ
1816 1485 1873 1505 am—

240 1538 266 1560 et
287 1534 354 1560 bene
373 1533 470 1561 faciam
487 1532 576 1564 vobis,
603 1532 640 1566 (ο)
656 1531 727 1559 sicut
747 1532 781 1558 ab
797 1532 911 1567 antiquo
928 1537 1029 1566 vestro,
1051 1521 1065 1558 ἕο
1085 1531 1158 1566 plius
1175 1531 1187 1565 ζ
1209 1528 1391 1565 opprobrium
1410 1526 1494 1554 famis
1510 1527 1582 1554 inter
1596 1529 1702 1561 gentes.
1719 1524 1764 1551 51.
1779 1523 1813 1550 Et
1831 1531 1873 1550 re-

240 1584 268 1606 ct
283 1579 386 1613 scietis,
400 1579 473 1614 quod
487 1585 537 1614 ego
549 1585 609 1605 sum
625 1576 769 1605 Dominus
787 1577 831 1604 12.
849 1577 881 1605 Et
894 1578 1031 1613 generabo
1045 1591 1066 1620 ρ
1084 1575 1267 1605 cordabimini
1282 1575 1390 1602 viarum
1404 1578 1556 1601 vestrarum
1570 1572 1715 1620 malarum,
1732 1575 1759 1598 et
1772 1570 1873 1620 studio-

241 1634 323 1661 snper
337 1634 386 1654 vos
404 1625 539 1657 homines,
561 1623 692 1660 populum
726 1631 816 1651 meum
845 1622 984 1657 lsraelem,
1004 1629 1032 1652 et

242 1672 443 1699 hzercditabunt
457 1678 516 1702 vos,
536 1674 563 1696 et
579 1669 655 1696 eritis
670 1669 710 1696 eis
727 1669 752 1696 in
774 1669 987 1704 possessionem,
1004 1673 1032 1697 et

242 1725 296 1743 non
315 1716 420 1744 addetis
445 1714 561 1749 amplius
579 1713 671 1740 orbari
694 1713 728 1740 ab
751 1713 802 1741 eis.
818 1714 862 1741 15.
884 1713 947 1742 Haec
966 1714 1032 1742 dicit

241 1761 373 1789 Dominus
387 1760 520 1787 Dominus
536 1768 542 1785 :
562 1758 616 1785 Pro
632 1767 665 1786 eo
679 1758 752 1794 quod
763 1758 892 1786 dixerunt
907 1759 954 1786 tibi
970 1767 1034 1795 gen-

244 1813 285 1834 tes
302 1816 308 1833 :
324 1805 483 1834 Dcvoratrix
495 1804 638 1831 hominum
653 1812 684 1832 es
699 1810 737 1837 tu,
747 1809 774 1833 ct
787 1806 854 1833 orba
865 1814 879 1833 a
892 1811 970 1841 gente
984 1811 1031 1835 tua

242 1853 313 1880 facta
324 1859 371 1886 es;
388 1851 432 1878 H.
450 1850 488 1885 (p)
506 1855 616 1886 propter
633 1852 683 1879 hoc
703 1851 829 1880 homines
844 1860 898 1880 non
914 1853 1032 1888 amplius

241 1896 380 1929 eomedes,
391 1900 419 1923 et
434 1904 500 1931 gens
514 1900 560 1923 tua
575 1904 630 1924 non
645 1897 755 1925 orbabit
768 1902 794 1925 te
812 1898 932 1933 amplius
946 1900 990 1933 Χ,
1005 1903 1033 1926 et

241 1950 308 1979 gens
323 1946 370 1969 tua
395 1950 448 1969 non
465 1942 610 1970 orbabitur
626 1943 745 1977 amplius
767 1943 792 1978 ζ,
805 1943 873 1971 dicit
899 1943 1032 1972 Dominus

242 1987 386 2015 Dominus.
404 1988 448 2016 l5.
471 1987 504 2015 Et
526 1995 580 2016 non
603 1988 731 2016 audietur
755 1989 873 2025 amplius
888 1997 970 2025 super
982 1998 1033 2019 vos

242 2037 399 2061 contemtus
412 2034 546 2070 gentium,
563 2038 590 2061 et
604 2034 783 2069 opprobrium
798 2035 962 2070 populorum
976 2044 1031 2063 non

242 2078 425 2112 sustinebitis,
444 2080 478 2113 Χ
490 2083 516 2106 et
529 2079 647 2114 populus
662 2083 728 2107 tuus
744 2087 798 2106 non
810 2079 956 2107 orbabitur
973 2089 1033 2107 am-

242 2124 314 2159 plius
332 2125 358 2159 2,
377 2124 443 2152 dicit
458 2124 589 2152 Dominus
602 2124 746 2152 Dominus.
763 2125 806 2152 16.
821 2125 854 2152 Ει
872 2125 972 2153 factum
992 2131 1034 2153 est

242 2169 354 2196 verbum
373 2169 482 2196 Domini
503 2169 538 2197 ad
551 2177 604 2202 me,
619 2170 735 2198 dicens:
755 2170 799 2197 l7.
825 2170 876 2198 Fili
902 2171 1032 2205 hominis,

243 2214 342 2241 domus
357 2213 467 2241 lsraelis
486 2214 647 2241 habitarunt
662 2222 745 2249 super
764 2218 836 2242 terra
849 2223 911 2247 sua,
925 2220 953 2243 et
966 2223 1033 2243 con-

1084 1630 1145 1650 rum
1166 1626 1319 1649 vestrorum
1343 1627 1399 1647 non
1415 1619 1562 1650 bonorum,
1579 1618 1617 1654 (r)
1641 1621 1669 1645 et
1692 1616 1875 1643 abominabile

1083 1667 1221 1696 eritvobis
1230 1671 1295 1694 ante
1307 1665 1405 1694 faciem
1413 1672 1508 1693 eorum
1522 1665 1550 1692 in
1559 1664 1754 1699 iniquitatibus
1764 1664 1873 1696 vestris,

1083 1718 1112 1741 et
1140 1720 1225 1748 super
1250 1710 1502 1739 abominationibus
1538 1710 1572 1746 (ι)
1603 1719 1710 1739 eorum.
1733 1711 1779 1739 52.
1814 1711 1874 1738 Non

1086 1762 1196 1793 propter
1222 1765 1271 1784 vos
1292 1763 1343 1791 ego
1368 1755 1452 1788 facio,
1478 1755 1546 1783 dicit
1570 1755 1703 1783 Dominus
1729 1755 1873 1786 Dominus.

1085 1807 1181 1831 notum
1195 1802 1249 1830 erit
1273 1801 1350 1829 vobis
1362 1809 1371 1827 :
1387 1800 1553 1833 erubescite,
1566 1805 1594 1828 et
1615 1801 1719 1835 pudore
1735 1801 1875 1828 aﬂlcimini

1085 1848 1119 1875 de
1142 1847 1195 1875 viis
1209 1846 1319 1878 vestris,
1342 1845 1442 1873 domus
1457 1844 1575 1872 lsraelis.
1598 1843 1644 1872 33.
1667 1843 1730 1871 Haec
1753 1844 1821 1871 dicit
1842 1844 1874 1877 (tl

1084 1893 1191 1921 Adonai
1215 1892 1371 1921 Dominus:
1390 1891 1420 1919 ln
1446 1890 1502 1924 die,
1529 1897 1584 1925 quo
1607 1889 1745 1917 mundabo
1768 1897 1818 1916 vos
1841 1889 1876 1916 ab

1083 1939 1214 1967 omnibus
1234 1937 1426 1973 iniquitatibus
1450 1936 1560 1969 vestris,
1580 1940 1608 1963 et
1633 1935 1749 1963 habitari
1774 1934 1875 1963 faciam

1085 1984 1180 2016 urbes,
1196 1988 1224 2011 et
1235 1983 1445 2011 :edifieabuntur
1462 1981 1630 2014 infecunda,
1644 1982 1690 2009 5L
1704 1986 1731 2009 et
1742 1986 1816 2009 terra
1829 1981 1875 2008 de-

1086 2033 1201 2065 pravata
1222 2029 1343 2061 coletur,
1365 2035 1415 2063 pro
1434 2034 1468 2055 eo
1489 2027 1562 2062 quod
1586 2027 1709 2054 desolata
1731 2031 1789 2054 erat
1812 2030 1876 2053 ante

1084 2075 1182 2102 oculos
1204 2074 1295 2102 omnis
1317 2074 1443 2106 viatoris,
1461 2073 1506 2100 35.
1534 2077 1561 2099 et
1580 2072 1674 2099 dicent
1692 2080 1700 2098 :
1723 2071 1808 2099 Terra
1830 2071 1874 2098 illa

1085 2121 1233 2156 depravata
1249 2120 1321 2148 facta
1335 2124 1390 2152 est,
1406 2124 1437 2146 ut
1452 2119 1548 2147 hortus
1563 2118 1734 2150 deliciarum,
1752 2123 1779 2146 et
1793 2117 1874 2145 urbes

1085 2171 1208 2199 vastatas,
1223 2170 1251 2194 et
1270 2166 1434 2201 depravatae,
1456 2170 1484 2193 et
1506 2165 1654 2198 subversa,
1670 2165 1782 2192 munitae
1795 2163 1873 2191 sede-

1086 2217 1161 2240 runt.
1184 2211 1229 2239 56.
1250 2210 1284 2238 Et
1306 2211 1394 2239 scient
1412 2214 1508 2246 gentes
1527 2218 1634 2243 omnes,
1658 2217 1719 2245 qum
1740 2209 1874 2237 derelich

243 2258 414 2285 taminarunt
429 2266 489 2285 earn
503 2259 530 2285 in
546 2258 598 2286 viis
612 2258 681 2291 suis,
695 2263 723 2287 et
737 2259 764 2286 in
778 2259 859 2288 idolis
875 2261 944 2293 suis,
960 2268 991 2289 σε-
1006 2266 1033 2288 et
1048 2269 1072 2298 ι)
1087 2257 1188 2285 fuerint
1199 2256 1271 2285 circa
1296 2263 1357 2289 vos,
1378 2256 1451 2291 quod
1468 2263 1518 2291 ego
1534 2255 1667 2283 Dominus
1682 2254 1814 2282 adificavi
1828 2253 1875 2281 de-

243 2304 270 2330 in
289 2303 471 2331 immunditiis
488 2303 546 2330 suis
563 2304 575 2338 ε
593 2303 690 2339 :juxta
709 2304 911 2332 immunditiam
927 2307 1033 2334 consti-

244 2354 309 2376 tuta:
324 2349 350 2376 in
372 2354 514 2376 menstruo
529 2348 601 2377 facta
624 2354 666 2377 cst
686 2350 729 2377 via
744 2357 839 2378 eorum
859 2358 951 2380 coram
964 2351 1033 2380 facie

244 2403 321 2422 mea:
338 2395 383 2423 l8.
412 2399 439 2423 et
455 2394 538 2423 effudi
558 2395 680 2423 furorem
705 2404 796 2424 meum
823 2404 905 2433 super
922 2405 981 2431 eos,
998 2400 1032 2433 Χ

246 2446 358 2476 propter
375 2441 552 2476 sanguinem,
563 2449 645 2477 quem
660 2441 814 2470 effuderunt
826 2450 907 2479 super
921 2449 1031 2477 terram,

241 2491 269 2513 et
284 2487 310 2513 in
327 2486 409 2514 idolis
432 2487 491 2514 suis
505 2487 661 2522 polluerunt
675 2496 735 2516 eam
762 2489 787 2524 ζ,
804 2489 846 2517 19.
865 2495 892 2518 et
906 2490 1033 2519 dissemi-

243 2532 304 2559 navi
330 2540 379 2560 eos
394 2533 420 2560 in
437 2537 542 2568 gentes,
565 2538 592 2560 et
613 2534 743 2562 ventilavi
767 2542 816 2562 eos
839 2535 866 2563 in
882 2536 1030 2571 regiones:

244 2578 395 2605 secundum
418 2579 492 2606 viam
521 2586 628 2613 eorum,
659 2584 686 2607 et
714 2580 863 2608 secundum
889 2587 1032 2617 peccatum

243 2629 338 2649 eorum
352 2623 472 2658 juilicavi
488 2630 546 2651 eos.
562 2623 608 2650 20.
625 2623 659 2651 Et
672 2624 788 2658 ingrcssi
801 2628 865 2652 sunt
887 2624 958 2653 inter
967 2633 1033 2661 gen-

242 2672 294 2700 tes,
311 2675 366 2702 quo
391 2669 507 2704 ingressi
527 2674 592 2697 sunt
609 2669 683 2702 illuc.
705 2673 732 2697 et
753 2670 909 2705 polluerunt
931 2679 1030 2699 nomen

243 2718 369 2741 sanciunt
387 2722 488 2747 meum.
509 2723 572 2743 cum
590 2716 763 2748 dicebantur,
779 2724 846 2751 gens
867 2717 972 2744 Domini
992 2718 1031 2750 hi,

279 2780 328 2819 (n1)
346 2780 389 2819 S._,
410 2788 460 2815 pro
483 2788 516 2819 eo
539 2782 613 2819 quod
646 2783 790 2818 reprobam
811 2783 911 2819 facient
926 2791 998 2817 eam,
1013 2789 1041 2811 et
1064 2785 1098 2811 ad
1125 2784 1322 2819 diripiendum.

785 2818 823 2853 (p)
839 2817 901 2851 Th.,
924 2824 951 2846 et
967 2827 1022 2846 non
1042 2816 1238 2847 inﬁrmabitur.
1269 2818 1325 2845 Hoc
1353 2816 1538 2846 Thebdationia
1564 2826 1615 2844 non
1638 2817 1755 2851 positum
1780 2821 1818 2843 est
1835 2816 1874 2853 _in

590 2852 682 2887 (q)S.,
716 2857 743 2879 et
772 2849 899 2889 fructus.»
921 2854 980 2880 ΚΑΙ
1011 2854 1032 2881 Τ

1085 2854 1286 2883 ΓΕΝΗΜΔΤΔ.
1322 2854 1358 2889 (r)
1373 2854 1415 2887 8.,
1431 2859 1459 2881 et
1485 2849 1676 2880 diminuemiui
1705 2859 1797 2879 coram
1818 2849 1872 2878 eis.

242 2815 281 2850 (ο)
299 2814 343 2847 8.,
358 2814 429 2843 sicut
443 2825 458 2843 a
473 2814 608 2851 principio
624 2814 728 2846 vestro.

243 2851 467 2878 translationibus
478 2852 550 2878 aliis.

1085 2306 1216 2334 structas,
1232 2306 1259 2329 et
1277 2301 1398 2337 plantavi
1417 2302 1599 2337 depravatas:
1614 2308 1665 2336 ego
1680 2300 1811 2328 Dominus
1834 2299 1875 2326 lo-

1086 2353 1168 2377 culus
1184 2356 1256 2381 sum,
1274 2353 1302 2376 et
1315 2347 1376 2376 feci.
1397 2348 1441 2375 37.
1460 2347 1524 2376 Haec
1545 2348 1611 2376 dicit
1630 2347 1763 2375 Dominus
1782 2345 1875 2374 Domi-

1086 2404 1138 2423 nus
1160 2404 1167 2422 :
1190 2395 1287 2423 Adhuc
1307 2395 1359 2422 hoc
1381 2394 1421 2430 (u)
1442 2402 1551 2429 qumrar
1581 2394 1674 2422 domui
1701 2392 1820 2425 lsraelis,
1846 2395 1876 2419 ut

1076 2440 1184 2469 faciant
1202 2448 1250 2468 cos
1267 2450 1274 2467 :
1294 2440 1481 2476 multiplicabo
1494 2447 1553 2473 eos,
1563 2440 1635 2468 sicut
1647 2447 1722 2472 oves,
1739 2439 1875 2471 homines,

1086 2487 1130 2515 58.
1148 2487 1219 2515 sicut
1242 2494 1306 2515 oves
1332 2491 1452 2519 sanctas,
1481 2487 1554 2514 sicut
1579 2493 1645 2514 oves
1670 2485 1822 2514 Jerusalem
1846 2484 1874 2511 in

1086 2533 1295 2561 solennitatibus
1307 2532 1367 2567 ejus
1384 2541 1390 2559 :
1407 2532 1447 2560 sic
1462 2537 1543 2560 erunt
1556 2533 1639 2560 urbes
1650 2535 1773 2563 vastatas,
1788 2530 1875 2565 plena:

1086 2579 1177 2606 ovium
1192 2579 1346 2611 hominum,
1357 2583 1385 2606 et
1398 2578 1494 2606 scient.
1507 2578 1581 2613 quod
1598 2585 1649 2613 ego
1663 2576 1806 2604 Dominus.

1120 2625 1186 2660 Cap.
1203 2621 1334 2652 XXXVII.
1350 2640 1385 2645 —
1397 2624 1470 2659 l.(a:)
1483 2624 1515 2652 Et
1525 2624 1596 2651 facta
1608 2628 1649 2651 est
1662 2631 1745 2658 super
1761 2630 1803 2649 me
1815 2630 1875 2650 ma—

1085 2678 1138 2699 nus
1153 2670 1271 2702 Domini,
1288 2673 1315 2697 et
1327 2669 1421 2697 eduxit
1431 2677 1474 2697 me
1486 2669 1513 2696 in
1526 2668 1623 2704 spiritu
1647 2667 1765 2701 Domini,
1783 2672 1809 2694 et
1826 2674 1874 2701 po-

1088 2717 1143 2744 suit
1158 2723 1201 2743 me
1218 2716 1244 2744 in
1262 2715 1353 2743 medio
1363 2714 1463 2750 campi,
1480 2719 1508 2743 et
1522 2715 1567 2743 hic
1586 2718 1645 2742 erat
1662 2714 1760 2749 plenus
1772 2713 1876 2740 ossium

1381 2785 1419 2819 (η)
1443 2783 1485 2814 8.,
1506 2791 1598 2810 ramos
1626 2787 1732 2819 vestros
1761 2780 1874 2819 dabitis.

243 2884 280 2920 (ε)
295 2884 406 2914 Vestris.
445 2887 478 2922 (ι)
492 2884 632 2915 Dominus.
673 2888 711 2923 (ιι)
728 2888 772 2921 Α.,
789 2887 832 2922 S.,
849 2887 909 2922 Tia,
922 2889 1034 2924 petitum
1047 2897 1159 2925 ponam.
1199 2890 1238 2924 ((r)
1258 2890 1295 2916 De
1308 2884 1508 2917 resurrectione
1534 2893 1719 2916 mortuorum.
