4064 6470
329 429 479 485 2745

1503 421 1912 481 [IEZECIELIS
1948 422 2179 479 CAPUT
2212 421 2500 481 XXXVIII.

3493 431 3600 487 746

341 555 414 595 -+
445 543 807 597 humanorum
848 541 870 609 1
901 539 993 594 :2.
1029 547 1084 594 et
1113 538 1484 594 circumduxit
1531 554 1619 594 me
1653 554 1817 609 super
1856 552 1917 592 ea
1951 541 1992 596 Α
2024 535 2090 589 de
2124 534 2305 590 medio
2330 536 2594 606 gentium,
2633 552 2742 607 quo
2771 538 3044 596 intrarunt
3091 543 3240 608 illuc,
3293 551 3346 597 et
3372 556 3606 612 congre-

339 651 437 704 per
466 648 655 705 gyrum
698 634 751 686 in
783 633 1039 695 circuitu,
1076 640 1129 684 et
1153 645 1282 685 ecce
1328 632 1498 684 multa
1553 631 1709 685 valde
1754 646 1919 700 super

342 726 479 780 faeie
503 725 776 794 campi,et
808 739 936 779 ecce
963 724 1108 778 sicca
1141 721 1454 776 admodum.
1491 724 1544 777 5.
1585 722 1650 776 Et
1683 721 1819 776 dixit
1852 723 1919 776 ad

340 830 462 868 me:
497 813 598 868 Fili
632 814 891 877 hominis,
917 814 961 869 si
994 814 1175 868 vivent
1201 827 1326 867 ossa
1359 812 1474 866 hmc
1497 814 1522 866 ἲ
1552 811 1616 866 Ει
1639 813 1751 867 dixi
1779 833 1791 867 :
1818 812 1921 867 Do-

340 906 488 957 mine
518 903 766 970 Domine,
793 915 848 957 tu
879 903 1024 957 nosti
1051 915 1112 957 σιμ
1149 903 1263 956 haec
1288 901 1335 968 1.
1362 903 1415 954 4.
1451 902 1515 954 Ει
1543 900 1681 956 dixit
1709 901 1774 954 ad
1798 916 1916 955 me:

338 996 441 1051 Fili
478 997 738 1061 hominis,
779 997 1044 1066 propheta
1098 1011 1259 1065 super
1295 1009 1421 1049 ossa
1483 994 1600 1048 haec
1626 1034 1641 1058 ,
1676 1002 1731 1047 et
1769 993 1922 1048 dices

338 1089 462 1143 eis:
509 1086 644 1142 Ossa
698 1089 870 1152 arida,
932 1088 1120 1142 audite
1153 1087 1377 1142 verbum
1434 1084 1671 1140 Domini.
1708 1085 1762 1140 5.
1797 1083 1923 1140 Haec

339 1179 473 1232 dicit
525 1178 788 1231 Dominus
837 1177 1101 1232 Dominus
1131 1177 1349 1232 ossibus
1381 1176 1466 1231 his
1498 1191 1511 1228 :
1541 1176 1680 1231 Ecce
1709 1191 1808 1246 ego
1845 1176 1922 1247 (ῃ)

341 1270 460 1324 fero
517 1285 682 1339 super
731 1285 832 1325 vos
893 1270 1144 1338 Spiritum
1202 1269 1361 1335 vitae,
1425 1270 1478 1323 6.
1535 1277 1587 1322 et
1647 1268 1786 1323 dabo
1827 1284 1921 1323 su-

344 1377 438 1431 per
468 1377 567 1417 vos
607 1376 823 1427 nervos,
852 1370 907 1414 et
930 1361 1201 1414 abducam
1260 1375 1423 1429 super
1454 1374 1552 1414 vos
1610 1374 1824 1426 carnes,
1871 1367 1925 1414 et

343 1453 628 1507 extendam
655 1466 820 1521 super
841 1465 937 1505 vos
961 1451 1174 1520 pellem,
1204 1460 1258 1505 et
1287 1451 1428 1505 dabo
1457 1449 1512 1504 in
1541 1466 1640 1505 vos
1670 1450 1922 1520 spiritum

345 1563 550 1608 meum,
571 1557 625 1601 et
646 1545 862 1609 vivctis,
881 1553 934 1600 et
954 1545 1160 1609 scietis,
1185 1544 1330 1614 quod
1355 1559 1454 1614 ego
1486 1559 1606 1600 sum
1635 1544 1920 1599 Dominus.

345 1638 399 1692 7.
431 1637 496 1692 Et
519 1638 861 1708 prophetavi,
906 1636 1330 1706 sicutprzecepit
1361 1637 1494 1690 mihi
1535 1635 1819 1692 Dominus.
1859 1631 1926 1690 Et

348 1725 486 1782 facta
521 1738 601 1781 est
631 1730 698 1794 >ε<
727 1742 830 1780 vox
865 1727 886 1795 1
917 1766 931 1789 ,
969 1740 1090 1779 cum
1132 1739 1232 1794 ego
1273 1726 1656 1795 prophetarem
1681 1765 1695 1789 ,
1721 1733 1775 1779 et
1803 1740 1927 1780 ecce

346 1821 664 1882 commotio,
684 1819 992 1874 etailniovit
1015 1833 1138 1874 ossa
1159 1833 1220 1872 os
1242 1819 1308 1872 ad
1330 1818 1727 1878 connexionem
1746 1832 1923 1872 suam.

347 1909 402 1964 8.
436 1910 502 1962 Et
533 1909 642 1962 vidi
676 1925 688 1960 :
715 1917 768 1963 et
791 1923 916 1963 ecce
945 1922 1106 1976 super
1131 1923 1194 1962 ea
1227 1909 1398 1975 nervi,
1423 1917 1477 1963 et
1505 1923 1700 1963 carnes
1725 1908 1926 1978 germi-

349 2002 570 2068 nabant,
622 2011 676 2056 et
701 2002 1029 2057 ascendebat
1089 2016 1252 2070 super
1285 2016 1348 2055 ea
1389 2001 1545 2070 pellis
1585 2000 1839 2070 desuper,
1876 2008 1930 2056 et

349 2093 574 2161 spiritus
599 2108 706 2146 non
733 2104 848 2149 erat
871 2094 926 2148 in
954 2094 1054 2147 eis.
1077 2093 1132 2148 9.
1160 2092 1226 2146 Et
1251 2093 1389 2147 dixit
1413 2092 1480 2147 ad
1508 2107 1595 2148 me
1618 2109 1632 2146 :
1657 2091 1930 2163 Propheta

349 2201 512 2254 super
540 2186 818 2254 spiritum,
853 2187 1144 2254 propheta,
1174 2186 1251 2239 fili
1283 2186 1545 2251 hominis,
1575 2196 1629 2241 et
1651 2188 1738 2242 dic
1767 2187 1932 2258 spiri-

354 2279 431 2332 tui
461 2296 475 2331 ε
508 2276 635 2331 Ilaec
665 2278 800 2331 dicit
840 2279 1106 2333 Dominus
1145 2278 1410 2333 Dominus
1447 2279 1527 2332 :A
1553 2290 1786 2350 quatuor
1816 2281 1931 2350 spi-

355 2367 556 2420 ritibus
591 2367 735 2433 veni,
763 2369 828 2435 χ(
857 2367 1084 2436 spiritus
1134 2369 1193 2436 1,
1222 2376 1278 2422 et
1321 2367 1536 2424 insuﬂIa
1586 2369 1638 2422 in
1689 2377 1932 2424 mortuos

359 2456 479 2521 hos,
515 2466 568 2510 et
604 2456 810 2511 vivant.
865 2458 953 2513 10.
1004 2455 1069 2511 Ει
1098 2458 1421 2528 prophetavi
1451 2499 1466 2525 ,
1502 2459 1644 2516 sicut
1676 2463 1932 2531 prtecepit

356 2546 489 2598 mihi
529 2564 542 2600 :
587 2555 640 2599 et
675 2547 899 2601 intravit
951 2548 1004 2601 in
1041 2562 1135 2603 eos
1159 2549 1410 2616 spiritus,
1459 2557 1512 2604 et
1561 2551 1835 2618 vixerunt,
1878 2562 1932 2606 et

352 2643 615 2691 steterunt
644 2653 809 2707 super
842 2639 1070 2708 pedibus
1103 2641 1242 2703 suis,
1282 2641 1356 2711 (ι)
1390 2643 1736 2713 congregatio
1761 2644 1932 2698 multa

349 2727 595 2797 valdex
638 2729 791 2784 valde
825 2731 873 2798 1.
918 2731 1002 2784 11.
1037 2729 1102 2786 Ει
1149 2732 1371 2788 locutus
1421 2742 1504 2787 est
1559 2736 1823 2791 Dominus
1863 2736 1930 2789 ad

348 2834 456 2886 me,
489 2821 715 2877 dicens:
750 2821 852 2876 Fili
895 2823 1153 2889 hominis,
1197 2841 1324 2881 ossa
1376 2827 1491 2881 haec
1527 2829 1709 2882 omnis
1734 2827 1933 2883 domus

346 2907 564 2966 Israelis
609 2920 712 2977 est,
750 2912 827 2965 illi
857 2912 1046 2967 dicunt
1076 2933 1090 2969 :
1133 2915 1298 2970 Arida
1347 2915 1491 2969 facta
1516 2926 1641 2971 sunt
1664 2932 1792 2971 ossa
1829 2930 1932 2969 no-

347 3009 481 3066 stra,
516 3003 677 3072 periit
703 3018 828 3072 spes
858 3013 1070 3071 nostra,
1104 3006 1244 3059 irriti
1279 3005 1408 3060 facti
1437 3022 1650 3062 sumus.
1683 3007 1771 3061 I2.
1798 3006 1934 3060 Pro-

348 3101 472 3161 pter
496 3094 600 3149 hoc
634 3096 920 3165 prOpheta,
953 3106 1008 3151 et
1057 3096 1150 3151 dic
1176 3100 1242 3165 χ(
1271 3097 1339 3152 ad
1373 3112 1470 3152 eos
1519 3099 1540 3166 1
1568 3117 1584 3153 :
1636 3098 1760 3154 Haec
1799 3098 1932 3155 dicit

2023 627 2162 698 gabo
2194 643 2289 682 eos
2317 644 2382 682 ex
2407 629 2684 694 omnibus,
2714 631 2808 700 qui
2841 632 2895 685 in
2925 634 3157 689 circuitu
3191 651 3402 702 eorum,
3436 644 3490 688 et
3521 634 3606 688 iu-

2025 721 2309 775 troducam
2359 735 2458 775 eos
2496 721 2552 775 in
2591 730 2789 776 terram
2832 722 3070 790 Israelis,
3103 727 3194 780 22.
3226 735 3280 780 et
3333 726 3474 780 dabo
3512 741 3608 779 eos

2023 809 2076 862 in
2111 819 2324 879 gentem
2354 826 2516 865 unam
2545 811 2598 865 in
2633 821 2773 866 terra
2804 829 2944 876 mea,
2973 825 3026 868 et
3050 818 3101 868 iu
3129 816 3409 870 montibus
3434 814 3608 869 Israe-

2023 900 2130 954 lis:
2169 909 2223 955 et
2258 901 2511 971 princeps
2544 919 2685 958 unus
2723 904 2829 958 erit
2878 919 3068 958 eorum
3110 907 3178 972 >κ
3228 904 3282 958 in
3319 920 3498 974 regem
3538 905 3604 970 1,

2023 1001 2070 1048 et
2103 1008 2212 1047 non
2248 1001 2407 1048 erunt
2453 995 2691 1064 amplius
2727 995 2780 1050 iu
2811 996 2948 1050 duas
2983 1005 3191 1066 gentes,
3229 1011 3330 1050 nec
3358 995 3604 1049 dividen-

2026 1093 2114 1139 lur
2142 1085 2376 1155 amplius
2408 1086 2462 1140 in
2492 1087 2602 1141 duo
2631 1103 2821 1158 regna,
2853 1088 2944 1143 23.
2973 1096 3032 1142 ut
3072 1101 3139 1142 ne
3167 1085 3609 1141 contaminentur

2024 1176 2260 1244 amplius
2289 1177 2343 1230 in
2368 1175 2528 1232 idolis
2549 1178 2684 1242 suis,
2703 1180 2770 1246 >ε<
2789 1186 2843 1234 et
2869 1180 2921 1232 in
2946 1178 3449 1234 abominationibus
3468 1178 3606 1238 suis.

2024 1267 2160 1322 etin
2213 1268 2470 1324 omnibus
2509 1271 2883 1341 impietatibus
2920 1273 3037 1326 suis
3061 1273 3123 1342 1:
3155 1279 3209 1327 et
3237 1271 3468 1341 eripiam
3515 1286 3609 1325 eos

2025 1375 2092 1415 ex
2116 1362 2374 1418 omnibus
2403 1361 2473 1434 (c)
2503 1363 2886 1434 iniquitatibus
2937 1379 3151 1430 eorum,
3185 1363 3386 1434 quibus
3415 1376 3608 1433 pecca-

2027 1460 2155 1507 runt
2185 1453 2238 1507 in
2262 1454 2364 1517 eis,
2395 1463 2446 1508 et
2473 1454 2750 1508 mundaho
2774 1470 2890 1518 eos,
2919 1463 2973 1510 et
2994 1463 3156 1508 erunt
3185 1454 3318 1508 mihi
3351 1453 3406 1507 in
3439 1468 3612 1524 popu-

2026 1543 2161 1609 lum,
2191 1553 2244 1599 et
2283 1561 2381 1616 ego
2410 1560 2506 1600 ero
2539 1546 2618 1601 eis
2671 1547 2725 1600 in
2779 1547 2969 1600 Deum.
3002 1546 3094 1601 24.
3128 1545 3193 1600 Et
3231 1559 3423 1600 servus
3454 1560 3609 1598 meus

2030 1633 2194 1688 David
2221 1635 2473 1703 princeps
2505 1635 2560 1689 in
2586 1635 2765 1689 medio
2786 1650 3000 1700 eorum,
3043 1643 3097 1690 et
3122 1644 3314 1705 pastor
3338 1650 3482 1688 unus
3504 1634 3610 1687 erit

2027 1726 2270 1778 omnium
2295 1728 2363 1795 Ἀ(
2391 1741 2580 1781 eorum
2617 1725 2665 1793 ζ,
2687 1727 2814 1794 quia
2847 1726 2899 1779 in
2928 1729 3214 1797 praeceptis
3246 1726 3383 1780 meis
3417 1726 3611 1779 ambu-

2030 1815 2242 1881 labunt,
2278 1825 2332 1872 et
2358 1815 2565 1887 judicia
2591 1831 2711 1871 mea
2740 1818 3070 1883 custodierit,
3097 1826 3151 1872 et
3172 1817 3371 1873 facient
3400 1831 3484 1879 ea,
3515 1815 3607 1869 25.

2033 1921 2081 1964 et
2107 1908 2434 1964 habitabunt
2462 1925 2626 1980 super
2655 1918 2798 1966 terra
2827 1925 2946 1976 sua,
2977 1925 3140 1980 quam
3176 1924 3274 1981 ego
3304 1908 3426 1964 dedi
3452 1923 3613 1964 servo

2030 2017 2154 2057 meo
2201 2001 2427 2068 Jacobo,
2482 2018 2593 2074 quo
2643 2004 2964 2058 habitarunt
3008 2003 3082 2058 ibi
3110 2014 3288 2071 patres
3314 2015 3524 2066 eorum,
3559 2011 3613 2054 et

2029 2094 2353 2149 habitabunt
2384 2109 2548 2164 super
2577 2110 2639 2149 ea
2673 2096 2798 2165 ipsi,
2823 2104 2876 2149 et
2905 2095 3001 2149 lilii
3029 2110 3243 2157 eorum,
3275 2103 3327 2147 et
3349 2093 3442 2147 filii
3475 2092 3612 2147 filio-

2029 2201 2152 2240 rum
2181 2200 2393 2252 eorum,
2417 2201 2591 2255 usque
2615 2185 2668 2240 in
2691 2186 3115 2255 sempitermnn:
3146 2194 3198 2240 et
3230 2185 3395 2239 David
3421 2201 3612 2239 servus

2030 2292 2186 2332 meus
2216 2277 2468 2347 princeps
2497 2293 2684 2331 eorum
2712 2279 2781 2344 >ιε
2806 2276 2910 2331 erit
2940 2277 2962 2345 1
2997 2276 3050 2330 in
3080 2276 3494 2346 sempiternum.
3519 2274 3610 2328 2U.

2031 2367 2098 2424 Et
2147 2384 2346 2440 ponam
2398 2369 2477 2424 eis
2515 2377 2901 2424 testamentum
2955 2369 3145 2438 pacis,
3200 2375 3610 2428 testamentum,

2031 2463 2174 2532 quod
2216 2462 2271 2516 in
2305 2462 2524 2527 saecula,
2563 2463 2668 2516 erit
2706 2477 2829 2516 eum
2866 2462 2945 2516 eis
2975 2477 2986 2512 :
3031 2464 3097 2528 )s(
3133 2459 3210 2530 (ἀ)
3245 2468 3297 2514 et
3329 2459 3466 2515 dabo
3494 2474 3612 2521 eos,

2031 2563 2086 2608 et
2108 2553 2479 2624 multiplicabo
2504 2568 2600 2608 eos
2639 2554 2662 2624 1
2693 2571 2706 2607 :
2733 2562 2786 2608 et
2815 2567 3014 2623 ponam
3043 2552 3242 2606 Sancta
3269 2566 3390 2604 mea
3420 2551 3474 2604 in
3498 2565 3612 2603 mc-

2032 2645 2122 2701 dio
2152 2660 2342 2701 eorum
2366 2646 2421 2700 in
2445 2645 2860 2716 sempiternum,
2881 2643 2972 2698 27.
2998 2653 3050 2697 et
3073 2643 3175 2697 erit
3203 2642 3612 2698 tabernaculum

2034 2751 2214 2790 meum
2245 2739 2299 2791 in
2330 2739 2433 2801 eis,
2467 2745 2521 2791 et
2548 2751 2642 2790 ero
2668 2735 2748 2789 eis
2779 2735 2944 2800 Deus,
2973 2737 3025 2788 et
3062 2733 3136 2787 illi
3169 2741 3330 2787 erunt
3362 2733 3490 2786 mihi
3515 2747 3616 2802 po-

2033 2827 2214 2898 pulus.
2235 2827 2323 2882 28.
2355 2826 2420 2880 Et
2441 2827 2614 2882 scient
2639 2835 2846 2897 gentes,
2876 2825 3024 2895 quod
3050 2841 3150 2895 ego
3172 2841 3290 2879 sum
3325 2823 3612 2890 Dominus,

2033 2918 2384 2973 sanctiﬁcans
2422 2932 2538 2984 eos,
2579 2917 2801 2988 quando
2856 2917 3060 2971 fuerint
3091 2915 3288 2972 Sancta
3327 2933 3468 2972 mea.

2104 3008 2239 3078 Cap.
2271 3007 2559 3063 XXXVIII.
2590 3039 2660 3050 —
2693 3009 2744 3062 I.
2796 3008 2975 3078 Super
3027 3006 3144 3078 Gog
3196 3017 3250 3062 et
3305 3007 3513 3080 Magog.
3547 3009 3616 3064 Et

2037 3098 2237 3154 factum
2267 3109 2350 3155 est
2389 3100 2612 3154 verbum
2663 3099 2878 3153 Domini
2920 3099 2986 3154 ad
3023 3115 3130 3164 me,
3170 3100 3476 3156 dicensz2.
3511 3099 3613 3154 Fili

352 3183 619 3241 Dominus
650 3186 912 3244 Dominus
943 3206 956 3242 :
993 3187 1134 3243 Ecce
1184 3203 1285 3258 ego
1319 3189 1502 3258 aperio
1547 3191 1796 3260 sepulcra
1837 3207 1930 3246 ve—
1959 3221 2001 3278 ο
2036 3193 2295 3255 hominis,
2326 3194 2394 3264 (ε)
2420 3208 2558 3261 pone
2589 3191 2783 3248 faciem
2817 3200 2962 3246 tuam
2998 3191 3305 3263 superGog,
3334 3201 3388 3247 et
3412 3200 3614 3248 terram

359 3287 494 3345 stra,
522 3290 574 3334 et
601 3280 828 3335 educam
853 3296 952 3336 vos
971 3296 1036 3336 ex
1069 3281 1335 3350 sepulcris
1373 3283 1600 3349 vestris,
1635 3287 1704 3352 Ἀ(
1737 3287 1934 3356 popule

349 3370 504 3438 mi1,
529 3382 584 3426 et
605 3372 949 3427 introducam
979 3388 1079 3428 vos
1105 3375 1158 3426 in
1180 3383 1383 3428 terram
1406 3373 1642 3441 Israelis,
1681 3377 1768 3434 15.
1796 3381 1864 3447 >κ
1881 3387 1934 3434 et

351 3462 536 3517 scietis
575 3463 628 3532 1,
681 3463 829 3533 quod
864 3479 965 3535 ego
993 3480 1114 3520 sum
1151 3463 1438 3532 Dominus,
1501 3482 1623 3522 cum
1669 3483 1934 3538 aperuero

349 3555 594 3624 sepulcra
621 3564 823 3621 vestra,
859 3565 918 3611 ut
948 3557 1178 3612 educam
1211 3571 1308 3611 vos
1335 3557 1402 3611 de
1424 3559 1694 3627 sepulcris
1727 3563 1794 3628 )t(
1836 3577 1931 3616 ve-

346 3645 556 3714 stris1,
589 3649 785 3717 popule
816 3648 912 3704 mi.
964 3649 1051 3702 LI.
1087 3651 1164 3720 (a)
1189 3648 1257 3703 Et
1283 3649 1427 3704 dabo
1457 3651 1713 3719 spiritum
1750 3668 1932 3707 meum

344 3739 406 3792 in
442 3752 557 3801 vos,
580 3745 634 3792 et
661 3739 887 3807 vivetis,
923 3748 976 3795 et
1010 3754 1208 3810 ponam
1246 3755 1342 3795 vos
1374 3755 1544 3809 super
1589 3750 1792 3795 terram
1837 3758 1932 3796 ve-

338 3840 540 3896 stram,
571 3839 622 3884 et
657 3830 868 3897 scietis,
901 3831 1048 3901 quod
1077 3846 1179 3902 ego
1221 3831 1489 3888 Dominus
1540 3833 1755 3886 locutus
1782 3847 1929 3894 sum,

338 3929 400 3976 et
430 3923 653 3988 faciam,
684 3921 820 3976 dicit
852 3923 1118 3977 Dominus
1166 3921 1452 3976 Dominus.
1508 3922 1597 3975 15.
1630 3921 1697 3973 Ει
1729 3919 1930 3976 factum

340 4019 431 4066 est
461 4011 683 4066 verbum
724 4010 936 4065 Domini
961 4012 1029 4066 ad
1063 4025 1170 4076 me,
1207 4011 1397 4066 dicens
1429 4025 1444 4062 :
1476 4008 1564 4063 16.
1600 4013 1666 4078 χ(
1698 4007 1764 4063 Ει
1796 4017 1850 4062 ιιι
1881 4008 1929 4077 1,

341 4103 422 4158 ﬁli
465 4102 726 4167 hominis,
755 4117 910 4157 sume
963 4103 1281 4172 tibimetipsi
1321 4102 1530 4171 virgam
1563 4103 1630 4170 ὶι(
1673 4116 1836 4156 unam
1871 4101 1930 4170 1,

339 4204 398 4249 et
425 4192 605 4248 scribe
627 4206 791 4262 super
810 4207 930 4247 eam
946 4191 1174 4257 'Judam,
1206 4201 1261 4246 et
1293 4191 1435 4246 ﬁlios
1479 4190 1698 4246 Israclis
1735 4189 1933 4258 adjun-

339 4295 467 4343 ctos
495 4285 544 4338 ei
568 4300 582 4336 :
607 4294 662 4339 et
698 4285 907 4354 virgam
948 4285 1244 4340 secundam
1287 4297 1474 4339 sumes
1507 4283 1848 4353 tibimetipsi,
1879 4293 1934 4338 et

339 4377 559 4433 scribes
587 4391 706 4432 eam
736 4376 999 4448 .losepho,
1033 4378 1242 4449 virgam
1277 4376 1549 4447 Ephrtem,
1585 4383 1638 4430 et
1677 4376 1932 4432 omnibus

340 4470 480 4524 filiis
516 4467 753 4534 Israelis,
779 4468 874 4538 qui
899 4469 1145 4539 adjuncti
1169 4478 1298 4525 sunt
1329 4468 1400 4524 ei.
1427 4467 1516 4520 17.
1551 4465 1616 4521 Et
1635 4467 1934 4538 conjunges

2037 3285 2246 3358 Magog,
2283 3287 2582 3356 principem
2634 3285 2764 3350 Dos,
2813 3293 2867 3338 et
2913 3284 3156 3349 Mosoch,
3208 3295 3263 3340 et
3304 3285 3532 3350 Thobel,
3563 3297 3617 3341 et

2036 3375 2296 3445 prephcta
2327 3389 2492 3442 super
2523 3389 2669 3438 eum,
2698 3375 2751 3429 5.
2791 3381 2846 3428 et
2879 3374 2967 3428 dic
2986 3375 3037 3428 ei
3067 3389 3080 3425 :
3121 3375 3244 3428 llaec
3270 3375 3401 3429 dicit
3431 3375 3617 3430 Domi-

2034 3483 2138 3521 nus
2188 3465 2451 3521 Dominus
2487 3483 2500 3519 :
2552 3463 2690 3520 Ecce
2722 3480 2822 3536 ego
2853 3479 3020 3534 super
3057 3472 3108 3519 te
3134 3464 3280 3535 Gog,
3312 3467 3613 3536 principem

2034 3557 2168 3622 Bos,
2206 3557 2424 3612 Mosoch
2447 3564 2500 3611 et
2529 3554 2757 3620 Thobel,
2783 3556 2835 3610 4.
2873 3559 2939 3626 >κ
2968 3565 3023 3612 et
3048 3557 3413 3627 circumagam
3447 3566 3520 3623 te,
3559 3569 3617 3613 et

2036 3649 2177 3704 dabo
2208 3647 2422 3702 frenum
2472 3649 2525 3702 in
2565 3649 2816 3704 maxillas
2843 3657 2964 3703 tuas
3001 3649 3049 3717 1,
3080 3658 3136 3703 et
3161 3650 3505 3720 congregabo
3539 3659 3613 3715 te,

2033 3747 2088 3792 et
2118 3753 2335 3792 omnem
2368 3739 2623 3794 virtutem
2651 3748 2821 3805 tuam,
2849 3756 3041 3812 equos,
3072 3751 3126 3796 et
3143 3743 3356 3812 equites
3389 3744 3618 3798 vestitos

2035 3824 2223 3879 loricis
2247 3839 2460 3891 omnes,
2493 3829 2970 3897 congregationem
3007 3833 3262 3896 multam,
3287 3832 3528 3903 clypeos,
3559 3842 3615 3887 et

2034 3915 2236 3986 galeas,
2259 3924 2314 3969 et
2341 3915 2570 3984 gladios,
2590 3920 2659 3987 χ(
2683 3935 2872 3978 omnes
2899 3923 2954 3976 hi
2975 3925 2998 3993 1
3021 3923 3075 3977 5.
3095 3922 3296 3989 Persae,
3321 3935 3374 3978 et
3398 3923 3617 3978 Aithio-

2036 4022 2152 4076 pes,
2182 4014 2236 4060 et
2261 4003 2416 4076 Lydi,
2447 4015 2500 4059 et
2520 4004 2716 4077 Libyes
2743 4012 2809 4079 Ἀ(
2845 4026 2970 4065 cum
2997 4013 3080 4067 eis
3107 4013 3129 4080 1
3165 4031 3179 4067 :
3212 4028 3403 4067 omnes
3424 4013 3614 4083 galeis,

2034 4109 2088 4153 et
2112 4097 2338 4168 clypeis,
2363 4096 2417 4151 6.
2442 4094 2664 4162 Gomer,
2681 4108 2735 4152 et
2761 4114 2954 4155 omnes
2976 4103 3068 4171 qui
3092 4103 3234 4170 apud
3251 4118 3399 4167 eum,
3418 4105 3616 4158 domus

2036 4187 2341 4260 Thergama
2370 4187 2438 4243 ab
2476 4195 2721 4244 extremo
2747 4190 3020 4260 aquilonis
3045 4232 3060 4258 ,
3097 4192 3172 4261 (Ῑ)
3208 4201 3262 4246 et
3291 4207 3482 4247 omnes
3519 4195 3615 4262 qui

2035 4282 2178 4352 apud
2223 4291 2388 4348 eum,
2431 4288 2484 4336 et
2509 4289 2696 4351 gentes
2726 4281 2911 4336 multae.
2946 4282 3019 4352 (g)
3041 4297 3164 4337 cum
3192 4296 3278 4337 eo.
3317 4281 3368 4336 7.
3403 4283 3616 4353 I'ra-pa-

2034 4387 2179 4439 rare,
2197 4385 2439 4440 praepara
2467 4370 2834 4440 temetipsum,
2864 4380 2944 4441 tu,
2973 4385 3025 4428 et
3055 4373 3238 4428 omnis
3263 4375 3614 4443 congregatio

2035 4473 2148 4530 tua,
2180 4465 2272 4535 qui
2305 4463 2518 4518 collecti
2549 4472 2678 4518 sunt
2705 4473 2907 4532 tecum,
2939 4474 2993 4520 et
3031 4465 3142 4521 eris
3172 4463 3304 4520 mihi
3352 4465 3406 4519 in
3428 4473 3616 4520 custo-

337 4576 446 4617 eas
470 4560 701 4616 invicem
732 4562 1053 4631 tibimetipsi
1083 4563 1137 4616 in
1161 4563 1370 4632 virgam
1405 4575 1594 4628 unam,
1624 4573 1688 4616 -ι-
1715 4569 1774 4615 ut
1799 4560 1933 4631 Iigcs
1965 4552 2010 4608 D
2036 4555 2204 4613 diam.
2229 4555 2283 4611 8.
2315 4555 2362 4608 A
2391 4553 2584 4610 diebus
2613 4555 2801 4610 multis
2826 4556 3242 4627 praeparabitur,
3277 4565 3332 4612 et
3354 4557 3407 4611 in
3435 4567 3618 4613 extre-

341 4666 448 4706 eas
483 4650 506 4718 1
534 4690 548 4714 ,
579 4645 635 4704 et
671 4659 832 4706 erunt
855 4651 908 4704 in
937 4666 1103 4706 manu
1130 4661 1243 4706 tua.
1271 4650 1358 4704 18.
1391 4651 1458 4705 Et
1484 4651 1612 4716 erit,
1635 4666 1758 4706 eum
1784 4653 1936 4707 dixe-

340 4743 465 4798 rint
492 4741 558 4796 ad
591 4750 645 4797 te
672 4741 768 4796 ﬁlii
799 4743 986 4813 populi
1034 4743 1112 4798 tui
1139 4781 1156 4808 ,
1205 4747 1272 4810 >κ
1301 4743 1542 4799 dicentes
1576 4741 1598 4812 1
1636 4760 1650 4796 :
1683 4743 1803 4798 Non
1835 4760 1937 4800 an-

338 4833 575 4890 nuntias
608 4834 788 4900 nobis,
823 4835 954 4904 quid
995 4833 1106 4889 sint
1141 4837 1255 4889 haec
1302 4835 1437 4889 tibi?
1469 4835 1551 4890 I9.
1597 4835 1666 4891 Et
1689 4837 1838 4892 dices
1869 4839 1938 4892 ad

335 4942 446 4982 eos
482 4941 494 4976 :
531 4924 658 4981 Haec
688 4926 823 4982 dicit
855 4926 1118 4982 Dominus
1153 4925 1420 4980 Dominus
1454 4943 1467 4978 :
1499 4925 1640 4981 Ecce
1686 4942 1789 4997 ego
1840 4944 1944 4984 su-

337 5031 499 5074 mam
545 5017 747 5072 tribum
800 5016 1028 5087 Ioseph,
1084 5033 1206 5088 quae
1237 5017 1290 5070 in
1332 5032 1498 5071 manu
1556 5016 1827 5086 prrzem,
1878 5027 1934 5072 ct

336 5111 530 5164 tribus
551 5107 790 5173 Israelis,
807 5125 931 5176 quae
958 5108 1230 5179 adiunctae
1252 5117 1381 5162 sunt
1407 5109 1476 5174 ei,
1502 5107 1576 5174 (ὁ)
1602 5118 1654 5162 et
1673 5107 1814 5163 dabo
1836 5123 1932 5163 eos

337 5216 514 5270 super
543 5201 744 5254 tribum
773 5199 946 5265 Judaa,
984 5210 1040 5256 et
1071 5211 1232 5255 erunt
1254 5201 1308 5254 in
1341 5199 1548 5269 virgam
1578 5214 1768 5266 unam,
1792 5203 1932 5269 Xet

335 5301 513 5350 erunt
539 5307 709 5348 unum
750 5294 772 5363 1
821 5293 877 5348 in
907 5308 1074 5348 manu
1102 5291 1280 5348 Judae.
1306 5291 1399 5347 20.
1442 5291 1511 5346 Et
1555 5301 1715 5348 erunt
1744 5292 1928 5363 virgae,

338 5401 521 5455 super
547 5386 753 5456 quibus
793 5395 850 5440 tu
883 5385 1151 5454 scripsisti
1197 5399 1364 5455 super
1397 5385 1500 5450 eis,
1542 5385 1597 5439 in
1640 5400 1806 5440 manu
1835 5392 1926 5439 tua

334 5489 540 5529 coram
580 5473 682 5530 eis.
714 5474 804 5527 2i.
861 5471 928 5528 Et
977 5474 1129 5528 dices
1165 5474 1246 5530 eis
1281 5490 1294 5526 :
1331 5471 1457 5530 Haec
1485 5475 1619 5530 dicit
1663 5474 1931 5530 Dominus

339 5563 620 5620 Dominus
645 5583 658 5620 :
687 5564 826 5620 Ecce
855 5579 957 5635 ego
985 5579 1144 5620 sumo
1175 5581 1392 5622 omnem
1441 5566 1664 5621 domum
1717 5564 1931 5622 Israelis

406 5720 500 5792 (υ)
530 5720 842 5793 γιηιιτοᾶιιεο
872 5724 925 5793 in
956 5739 1074 5777 vos.
1140 5724 1210 5793 (κ)
1235 5724 1316 5791 8.,
1363 5724 1484 5788 ΤΙι.,
1513 5726 1706 5779 virtus.

335 5790 437 5864 gat
476 5792 650 5844 tribus
689 5793 835 5864 regia
865 5790 1040 5847 Jndw.
1120 5790 1298 5862 (c)'S.,
1328 5796 1734 5849 eversionibus.

338 5863 436 5920 nia
480 5863 853 5926 sustentacula
881 5863 1018 5932 ejus.
1101 5863 1335 5932 (glCum
1376 5873 1447 5920 te.

1789 5723 1865 5793 (a)
1898 5721 1982 5786 S.,
2017 5732 2071 5777 et
2101 5731 2323 5793 ponam.
2386 5721 2484 5793 .(b)
2529 5721 2612 5780 S.,
2636 5721 2863 5793 et‘da'bo
2890 5725 3148 5793 eas-cum
3180 5721 3314 5793 illa,"

1813 5777 1892 5862 (ἃ)
1917 5777 2608 5862 8.,βιέοιιῐὶιίιιιιὶὶρβοε.
2687 5784 2755 5853 (e)
2786 5783 2872 5848 8.,
2895 5781 3110 5838 ordina.
3187 5781 3253 5851 (ι’)
3274 5777 3398 5839 ’l‘h.,
3421 5784 3473 5828 et
3499 5788 3616 5826 om~

1530 5865 1606 5934 (Ii)
1639 5865 1722 5931 8.,
1759 5854 2124 5930 su'bito.‘1‘li.,
2161 5860 2302 5916 sicut
2327 5854 2515 5910 turbo.

2034 4661 2126 4702 mo
2145 4661 2415 4701 annorum
2446 4646 2648 4712 veniet,
2682 4655 2737 4701 et
2770 4647 3023 4702 venietin
3059 4655 3280 4713 terram,
3324 4663 3446 4719 quae
3491 4665 3617 4718 per-

2032 4754 2188 4795 versa
2215 4747 2298 4794 est
2327 4754 2355 4793 a
2392 4738 2589 4808 gladio,
2623 4747 3008 4810 congregatam
3033 4754 3099 4794 ex
3125 4739 3380 4809 gentibus
3403 4739 3614 4804 multis,

2035 4847 2200 4903 super
2222 4841 2422 4887 terram
2447 4831 2682 4896 Israelis,
2711 4845 2831 4900 qua:
2857 4828 3001 4884 facta
3025 4838 3110 4884 est
3127 4830 3340 4884 deserta
3362 4830 3612 4895 omnino,

2035 4932 2090 4979 et
2119 4923 2210 4978 hic
2235 4938 2302 4979 ex
2331 4923 2585 4994 gentibus
2615 4922 2822 4987 exivit,
2852 4932 2907 4976 et
2941 4921 3266 4976 habitabunt
3294 4936 3459 4990 super
3483 4936 3616 4991 pace

2040 5030 2253 5071 omnes.
2285 5015 2338 5069 9.
2374 5014 2441 5068 Et
2475 5014 2740 5069 ascendes
2793 5013 2869 5084 (Ii)
2914 5013 3055 5069 sicut
3107 5011 3311 5082 pluvia,
3357 5021 3412 5066 et
3429 5013 3616 5068 venies

2040 5105 2184 5161 sicut
2211 5105 2404 5170 nubes,
2440 5112 2495 5158 et
2523 5105 2737 5174 Operies
2767 5113 2989 5168 terram,
3017 5112 3072 5157 et
3101 5100 3264 5156 cades
3290 5109 3369 5164 tn,
3401 5109 3456 5156 et
3496 5117 3616 5156 om-

2039 5211 2157 5262 nes,
2190 5196 2282 5266 qui
2313 5195 2454 5266 apud
2485 5205 2556 5256 te.
2591 5205 2646 5250 et
2673 5203 2860 5266 gentes
2895 5194 3079 5248 multa;
3108 5207 3234 5248 cum
3267 5200 3337 5247 te.
3374 5192 3456 5247 10.
3491 5191 3618 5248 Haec

2036 5289 2171 5346 dicit
2196 5286 2464 5344 Dominus
2490 5286 2755 5343 Dominus
2789 5285 2894 5340 :Et
2922 5285 3027 5341 erit
3051 5284 3106 5339 In
3140 5285 3228 5340 die
3261 5284 3390 5350 illo,
3422 5299 3620 5340 ascen-

2036 5383 2168 5439 dent
2193 5382 2360 5439 verba
2393 5397 2558 5452 super
2577 5396 2674 5436 cor
2690 5389 2868 5445 tuum,
2889 5388 2942 5434 et
2972 5377 3239 5448 cogitabis
3258 5379 3617 5449 cogitationes

2037 5472 2231 5537 malas,
2265 5472 2352 5526 11.
2385 5480 2440 5526 et
2459 5471 2608 5526 dices
2636 5488 2651 5524 :
2675 5469 2981 5527 Ascendam
3008 5484 3175 5536 super
3196 5477 3394 5524 terram
3427 5466 3618 5534 etpul—

2038 5579 2178 5630 sam,
2211 5563 2425 5617 veniam
2457 5576 2622 5631 super
2650 5559 2995 5629 quiescentes
3022 5559 3079 5612 in
3127 5560 3332 5630 quiete,
3377 5565 3431 5610 et
3459 5554 3616 5607 habi-

2409 5716 2484 5784 (ὁ)
2529 5715 2612 5780 8.,
2636 5723 2690 5767 et
2721 5713 2863 5784 dabo
2890 5725 3148 5784 caseum
3179 5712 3391 5784 ill_a,___nt
3415 5705 3618 5757 intelli-
