2032 3206
221 191 289 221 27ρῚ

769 187 880 215 ΟΟΒΕΧ
904 187 1297 217 ΞῩΗΙΛΟΟ-ΠΕΧΔΡΧΛΕΙΞ.

1783 193 1853 223 ms

221 256 310 277 tantes
331 256 412 284 super
429 255 495 284 pace
507 270 513 281 ,
530 256 626 276 omnes
652 247 838 275 inhabitantes
854 252 965 279 terram,
983 247 1009 273 in
1025 249 1048 277 Α
1062 247 1156 274 dextra
1170 254 1226 279 tua,
1245 253 1270 274 et
1285 247 1408 282 dejiciam
1428 253 1452 275 te
1463 248 1489 277 ι.
1507 256 1588 284 super
1606 255 1712 278 montes
1732 249 1852 288 lsraelia,

221 304 274 331 qua
290 304 343 322 11011
358 300 399 322 ρει
410 303 515 327 111111ὐ5,
530 302 617 329 neque
632 298 734 327 vectes,
744 298 772 321 et
782 298 866 328 μοι-ιω
882 301 935 320 non
947 297 1011 320 sunt

219 343 270 375 eis,
288 342 330 368 l2.
346 342 379 368 ad
408 341 601 377 eaptivandum
631 340 826 375 captivitatem,
846 344 873 367 et
893 340 924 367 ad
941 347 1010 374 prae-

219 387 339 415 dandum
361 387 489 421 praedam}
500 394 605 418 eorum,
622 386 655 413 ad
668 385 882 413 convertendum
898 392 1008 411 manum

222 441 308 460 meum
327 435 352 459 in
371 438 472 459 terram
497 432 662 463 desolatam,
692 439 752 465 quae
772 430 893 457 habitata
911 435 969 462 est,
984 436 1010 457 et

220 487 302 513 super
316 483 422 513 gentem
439 483 630 513 congregatam
642 485 675 505 ex
693 477 818 513 gentibus
838 477 942 508 multis,
962 477 1009 511 qui

221 525 346 551 fecerunt
363 525 563 558 possessiones,
575 525 608 557 Χ
626 528 652 550 et
668 523 876 557 acquisitionem
892 523 915 557 ζ,
932 522 1010 549 habi-

221 576 309 598 tantes
322 577 403 605 super
419 571 578 597 umbilicum
598 575 686 597 terraz.
703 570 746 596 15.
765 568 847 602 Saba,
865 575 891 596 et
905 569 1008 601 Dadan,

220 621 247 643 et
268 618 448 652 negotiatores
472 616 700 652 Carthaginenses
714 635 720 647 ,
737 616 767 651 (ἰ)
782 620 809 643 et
829 623 925 650 omnes
941 616 1010 643 villzc

221 670 316 690 eorum
333 663 424 690 dicent
437 662 499 690 tibi:
513 662 700 697 Captivitatem
716 662 750 689 ad
762 662 897 696 captivam
912 662 1012 689 ducen-

221 709 282 735 dam
301 713 327 735 tu
341 709 426 739 venis,
445 714 471 734 et
488 707 520 734 ad
544 706 721 742 praedandum
738 706 856 741 praedati)
870 714 877 732 :
896 714 1010 741 congre-

222 754 288 786 uasti
304 753 542 787 congregationem
557 757 642 785 tuam,
657 752 689 779 ad
702 751 850 779 tollendum
866 756 1008 786 argentum

219 804 366 831 claurum,
382 798 414 825 ad
430 798 626 833 acquirendum
640 798 849 832 acquisitionem
860 817 867 829 ,
886 798 919 824 ad
939 805 1008 832 pra:—

218 844 337 871 dandum
356 844 474 878 praedam
493 845 527 877 Β(
540 843 574 878 (Iv)
596 851 721 878 magnam
737 843 760 877 ξ.
776 843 819 870 Η.
833 842 945 877 Propter
958 842 1010 869 hoc

219 891 359 925 propheta,
378 890 416 917 tili
440 890 568 921 hominis,
586 894 613 917 et
633 890 677 917 die
700 890 733 917 ad
761 889 840 923 Gog:
865 888 928 916 Hinc
943 888 1009 915 dicit

1062 298 1089 320 et
1106 293 1186 321 cades
1205 298 1244 324 tu,
1258 298 1283 321 et
1300 301 1406 325 omnes,
1419 296 1465 329 qui
1480 297 1550 331 apud
1567 301 1603 329 te,
1620 302 1647 324 et
1662 302 1767 332 gentes.
1791 307 1852 334 qua:

1062 345 1123 364 cum
1142 342 1166 364 te
1179 357 1186 369 ,
1212 337 1351 366 dabuntur
1372 339 1399 366 in
1418 340 1621 369 multitudinem
1643 343 1733 370 avium
1748 364 1755 375 ,
1777 346 1851 371 omni

1062 382 1176 414 volucri,
1189 388 1216 410 et
1226 384 1354 412 omnibus
1369 384 1464 413 bestiis
1483 388 1571 421 campi
1587 388 1648 414 dedi
1675 393 1701 416 te
1722 389 1755 416 ad
1770 390 1850 417 devo-

1062 428 1188 454 randum.
1203 429 1228 456 5.
1245 429 1333 464 Super
1353 430 1422 458 facie
1438 432 1527 467 campi
1544 433 1638 465 cades,
1664 435 1727 469 quia
1740 443 1791 470 ego
1812 436 1852 464 l0-

1061 477 1141 500 cutus
1158 481 1232 506 sum,
1247 475 1313 502 dicit
1334 473 1467 504 Dominus
1485 477 1625 506 Dominus.
1644 480 1669 507 6.
1693 480 1726 507 Et
1744 481 1849 509 mittam

1062 518 1150 552 ignem
1165 526 1248 553 super
1271 519 1377 554 Magog,
1395 519 1422 547 et
1443 521 1638 550 habitabuntur
1660 524 1756 552 insulae
1768 534 1850 560 super

1061 570 1137 597 pace,
1153 569 1180 590 et
1197 564 1293 597 scient,
1305 565 1378 600 quod
1392 573 1443 601 ego
1463 575 1524 594 sum
1544 569 1685 597 Dominus.
1706 570 1732 597 7.
1749 570 1782 598 Et
1799 579 1849 598 no—

1062 616 1122 636 men
1135 615 1259 637 sanctum
1272 618 1362 638 meum
1377 612 1527 641 innotescet
1545 615 1571 642 in
1590 616 1680 643 medio
1691 617 1783 651 populi
1796 618 1849 646 mei

1061 654 1180 688 lsraelis,
1192 661 1217 683 et
1236 664 1289 684 non
1316 657 1454 692 polluetur
1483 667 1581 687 nomen
1607 666 1730 689 sanctum
1757 671 1848 691 meum

1062 703 1188 736 amplius,
1208 707 1235 729 et
1251 703 1338 730 scient
1355 703 1391 740 (ο)
1408 707 1592 740 gentes,quod
1608 715 1657 743 ego
1681 717 1741 737 sum
1755 709 1849 738 Domi-

1062 755 1113 774 nus
1127 753 1240 775 sanetus
1256 748 1374 777 lsraelis.
1392 750 1417 777 8.
1434 750 1503 779 Ecce
1521 753 1604 785 venit,
1622 759 1649 781 et
1674 755 1754 788 scies,
1775 757 1848 789 quod

1061 794 1122 825 erit,
1143 795 1209 822 dicit
1227 794 1264 830 (p)
1281 795 1412 824 Dominus
1433 797 1573 826 Dominus.
1592 799 1641 827 Hie
1667 806 1709 828 est
1734 801 1803 835 dies,
1821 803 1847 830 in

1061 847 1116 874 quo
1133 841 1238 868 locutus
1250 849 1321 869 sum.
1332 842 1358 868 9.
1372 842 1552 877 Egredientur
1565 845 1719 874 habitantes
1729 847 1756 874 in
1772 848 1847 875 urbi-

1061 886 1112 914 bus
1128 887 1247 919 Israelis,
1265 889 1298 922 ὶῖ(
1317 893 1344 915 et
1359 888 1503 917 incendent
1523 891 1532 924 ε
1552 895 1578 918 et
1593 892 1791 919 ceniburentin
1805 900 1848 920 ar-

220 936 352 963 Dominus
370 935 502 963 Dominus
521 935 636 962 :Nonne
655 935 681 962 in
696 936 738 962 die
756 935 810 969 illo,
828 942 889 962 cum
903 934 1010 961 habita-
1026 929 1048 957 Β
1061 932 1123 964 mis,
1147 933 1173 959 in
1197 933 1308 968 clypeis,
1325 939 1352 961 et
1368 935 1395 961 in
1418 935 1529 968 lanceis,
1546 941 1573 964 ct
1589 938 1615 964 in
1632 939 1760 972 arcubus,
1776 944 1803 966 et
1820 941 1845 967 in

220 982 288 1008 verit
302 982 416 1016 populus
432 988 509 1008 meus
526 981 608 1008 Israel
634 988 715 1015 super
736 988 812 1015 pace,
831 979 946 1014 surges?
966 980 1007 1007 l5.

220 1026 251 1053 lit
265 1027 356 1053 venies
371 1034 403 1053 ex
417 1026 477 1054 loco
494 1030 540 1053 tuo
558 1026 592 1053 ab
605 1030 727 1053 extremo
739 1026 885 1060 aquilonis,
901 1030 928 1052 et
943 1033 1009 1060 gen-

218 1077 258 1099 ῐυε
287 1072 379 1099 multa:
403 1080 465 1099 eum
485 1077 529 1099 te:
559 1079 718 1099 DSCCI’ISOI'CS
741 1079 874 1106 equorum
900 1079 1006 1104 omnes,

217 1118 391 1153 congregatio
408 1125 517 1153 magna,
527 1123 553 1144 et
567 1117 652 1144 virtus
666 1118 760 1144 multa.
773 1117 816 1144 l6.
828 1117 861 1143 Et
876 1118 1008 1145 aseendes

217 1171 299 1198 super
321 1163 450 1198 populum
478 1171 567 1189 meum
598 1163 741 1195 lsraelem,
767 1163 838 1190 sicut
855 1163 951 1196 nubes,
979 1167 1008 1189 ut

217 1210 325 1244 operias
347 1213 447 1236 terram
462 1217 468 1235 :
488 1209 514 1235 in
530 1214 654 1236 extremo
673 1209 777 1236 dierutn
793 1211 855 1240 erit,
880 1214 907 1235 ct
921 1209 1007 1235 addu-

217 1264 276 1282 cam
292 1260 316 1283 te
331 1263 413 1291 super
429 1262 528 1282 terram
545 1259 630 1287 tuam,
647 1260 676 1282 ut
691 1256 778 1283 sciant
801 1263 896 1282 omnes
912 1259 1006 1290 gentes

219 1309 271 1331 me.
301 1309 363 1328 eum
396 1301 581 1328 sanctilieatus
610 1300 687 1328 fuero
719 1301 746 1328 in
776 1306 801 1327 Ie
825 1307 916 1327 coram
946 1301 1004 1331 eis,

218 1351 250 1381 ἰπὶ(
267 1348 323 1382 Gog
341 1348 363 1381 ζ.
382 1347 423 1373 l7.
447 1347 508 1374 Haec
532 1347 598 1375 dicit
624 1347 754 1374 Dominus
776 1347 907 1373 Dominus
928 1353 957 1372 σιν
971 1346 1004 1371 ad

217 1394 273 1428 tiog
289 1393 315 1427 ξι
332 1393 371 1420 Tu
387 1401 427 1425 es,
441 1394 473 1420 de
488 1401 542 1428 quo
557 1394 663 1421 loeutus
675 1401 734 1421 sum
749 1398 810 1419 ante
827 1393 893 1423 dies,
915 1391 961 1425 qui
972 1391 1005 1417 ab

216 1442 339 1475 antiquo,
350 1449 397 1476 per
410 1448 519 1467 manum
549 1448 689 1467 servorun]
709 1446 830 1465 meorum
861 1437 1005 1471 propheta-

218 1495 277 1513 ium
294 1486 410 1518 Israelis,
426 1488 459 1520 >⁴κ
476 1486 521 1520 qui
537 1486 547 1520 ζ
564 1486 759 1520 prophetarunt
775 1484 801 1510 in
823 1483 919 1510 diebus
933 1483 1003 1515 istis,

216 1537 242 1558 tl
257 1534 347 1564 annis,
369 1536 398 1558 ut
418 1532 579 1559 adducerem
601 1536 627 1557 te
640 1538 720 1564 super
736 1537 794 1556 eos.
809 1529 850 1555 18.
868 1528 897 1554 L't
915 1530 966 1555 erit
978 1529 1003 1555 in

216 1578 260 1605 die
279 1578 325 1604 illo
339 1598 345 1609 ,
373 1578 398 1603 in
417 1577 461 1603 die
477 1598 482 1608 ,
511 1585 565 1611 quo
583 1575 686 1601 venerit
706 1574 762 1607 Gog
793 1581 874 1606 super
906 1578 1003 1599 terram

219 1623 334 1654 lsraelis,
353 1623 417 1650 dicit
445 1623 575 1649 Dominus
606 1620 747 1650 Dominus,
778 1618 905 1644 ascendet
930 1618 1005 1644 furor

218 1678 293 1697 meus
306 1672 338 1703 ᾖ(
350 1670 376 1696 in
394 1670 432 1695 ira
447 1676 505 1695 mea
519 1666 595 1700 1,-19.
610 1670 635 1692 et
653 1665 727 1691 zelus
744 1672 832 1696 meus,
844 1664 870 1691 in
884 1664 945 1698 igne
960 1663 1006 1690 ira:

218 1725 283 1743 turre
308 1717 415 1742 locutus
432 1722 502 1745 sum,
520 1712 570 1739 nisi
589 1711 614 1737 in
638 1711 681 1736 die
707 1711 752 1736 illo
782 1710 834 1736 erit
859 1709 1006 1736 commotio

218 1769 313 1795 magna
329 1768 409 1794 super
424 1764 494 1785 terra
508 1756 624 1787 lsraelis,
641 1755 685 1782 ‘20.
698 1759 724 1781 et
735 1755 981 1781 commovebuntur
991 1761 1006 1781 a

218 1807 284 1833 faeie
300 1806 329 1841 (Ι)
349 1812 407 1832 mea
431 1805 519 1838 pisces
532 1801 625 1831 maris,
639 1807 666 1827 et
681 1801 803 1827 volucres
824 1800 895 1832 cmli,
917 1804 943 1827 et
959 1800 1006 1827 be-

217 1853 275 1879 stia:
291 1850 389 1885 campi,
406 1855 431 1875 ct
448 1856 527 1874 omne
541 1848 644 1881 reptile,
661 1847 732 1881 quod
746 1847 814 1881 repit
830 1855 912 1881 super
924 1851 1005 1878 terra,

216 1905 241 1925 et
259 1904 353 1926 omnes
365 1894 498 1925 homines,
515 1894 559 1927 qui
579 1901 657 1928 super
672 1893 840 1925 facieterrar,
859 1899 886 1921 et
901 1893 1006 1920 discer—

217 1950 311 1979 pentur
327 1945 442 1971 montes,
457 1945 481 1965 et
497 1940 595 1966 cadent
606 1940 652 1973 (ut)
670 1940 761 1972 valles,
775 1940 898 1966 ctomnis
911 1947 1005 1966 murus

216 1996 298 2024 super
314 1992 413 2013 terrain
429 1986 506 2012 cadet
525 1995 531 2013 :
545 1986 589 2012 2|.
612 1991 638 2012 ct
655 1986 757 2012 vocabo
775 1993 856 2019 super
869 1993 930 2012 eum
945 1993 1006 2012 om-

218 2042 277 2061 iem
302 2032 474 2060 formidinem
507 2032 587 2067 gladii
603 2034 637 2066 ῖς(
661 2033 688 2059 in
712 2033 840 2059 omnibus
867 2032 1007 2059 montibus

217 2080 285 2106 meis
303 2079 326 2113 ζ,
349 2079 414 2106 dicit
438 2078 570 2106 Dominus
588 2078 739 2105 Dominus:
760 2078 866 2113 gladius
886 2077 1006 2105 hominis

217 2133 298 2160 super
313 2124 423 2152 fratrem
434 2133 513 2152 suum
525 2125 586 2152 erit.
598 2123 642 2150 22.
655 2124 822 2159 Etjudicabo
835 2131 897 2150 eum
907 2128 1005 2156 morte,

217 2177 244 2200 et
258 2172 400 2208 sanguine,
418 2176 444 2199 et
459 2172 549 2206 pluvia
563 2171 723 2203 inundante,
737 2175 763 2197 et
777 2170 912 2205 lapidibus
924 2178 1006 2206 gran-

217 2221 291 2248 dinis
319 2223 347 2245 et
371 2218 472 2252 ignem,
496 2221 524 2244 ct
543 2216 658 2250 sulphur
677 2216 770 2250 pluere
797 2215 897 2243 faciam
925 2224 1007 2250 super

1059 978 1176 1013 sagittis,
1192 984 1218 1005 ct
1230 980 1256 1006 in
1273 980 1377 1007 baculis
1391 990 1530 1014 manuum,
1548 984 1611 1009 etin
1626 984 1723 1018 hastis,
1743 989 1771 1012 et
1785 993 1848 1013 suc-

1059 1025 1213 1051 cendentin
1230 1026 1268 1052 eis
1285 1027 1373 1060 ignem
1393 1032 1494 1060 septem
1511 1030 1601 1061 annis,
1621 1030 1664 1056 10.
1688 1035 1714 1057 et
1731 1038 1785 1058 non
1799 1039 1846 1059 su-

1060 1076 1132 1097 ment
1152 1071 1221 1105 ligna
1235 1079 1265 1098 ex
1290 1079 1397 1106 campo,
1413 1081 1500 1106 neque
1516 1074 1620 1101 cmdent
1637 1082 1669 1102 ex
1694 1076 1781 1109 silvis,
1800 1077 1845 1104 sed

1060 1123 1134 1143 arma
1153 1118 1312 1143 comburent
1327 1117 1404 1151 igne:
1423 1124 1447 1144 et
1464 1120 1584 1153 captivos
1600 1121 1701 1148 ducent
1723 1121 1783 1154 hos,
1799 1122 1845 1157 qui

1060 1163 1181 1196 Captivos
1207 1162 1345 1188 duxerunt
1371 1171 1428 1194 eos,
1448 1170 1473 1190 et
1501 1166 1695 1199 prmdabuntur
1711 1167 1772 1198 hos,
1798 1168 1845 1202 qui

1060 1209 1169 1243 praedati
1191 1213 1254 1235 sunt
1270 1217 1326 1240 eos,
1352 1210 1417 1236 dicit
1444 1210 1576 1238 Dominus
1596 1212 1735 1240 Dominus.
1754 1214 1794 1239 ll.
1814 1214 1845 1240 Et

1058 1253 1109 1279 crit
1124 1253 1150 1279 in
1169 1253 1212 1279 die
1229 1253 1282 1282 illo,
1300 1254 1370 1280 dabo
1386 1255 1441 1288 (ing
1457 1255 1546 1282 locum
1561 1257 1740 1290 nominatum,
1753 1260 1844 1292 sepul-

1058 1305 1134 1323 crum
1150 1297 1175 1323 in
1194 1298 1292 1324 lsiaele
1306 1298 1340 1333 (ΙΙ)
1366 1300 1487 1333 sepulcra
1504 1308 1608 1333 eorum,
1629 1302 1675 1336 qui
1689 1303 1845 1330 ceciderunt

1058 1351 1139 1377 super
1158 1353 1216 1372 eam
1235 1354 1293 1379 quo
1307 1345 1377 1378 apud
1394 1353 1480 1377 mare,
1498 1350 1524 1372 et
1534 1346 1845 1375 azdilicabuntobstacu-

1058 1390 1112 1417 lum
1130 1392 1171 1418 ori
1184 1392 1273 1419 vallis.
1287 1393 1329 1419 1:2.
1348 1394 1382 1428 (γ)
1394 1394 1427 1420 Ει
1440 1393 1578 1422 defodient
1595 1403 1657 1422 eum
1679 1396 1717 1422 ibi
1730 1395 1803 1429 Gog,
1819 1400 1846 1423 et

1057 1443 1164 1463 omnem
1188 1438 1388 1465 multitudinem
1403 1440 1473 1473 ejus,
1488 1444 1515 1467 et
1541 1441 1683 1467 vocabitur
1704 1440 1787 1467 Terra
1802 1448 1846 1468 se-

1057 1482 1143 1516 pulcri
1161 1482 1228 1518 Gog.
1247 1483 1289 1510 l5.
1305 1484 1338 1510 Et
1352 1484 1491 1512 defodith
1506 1493 1555 1513 eos
1569 1486 1666 1513 domus
1678 1486 1797 1520 lsraelis,
1815 1492 1846 1514 ut

1058 1529 1204 1556 mundetur
1219 1534 1292 1556 terra
1314 1530 1340 1556 in
1355 1535 1458 1565 septem
1485 1531 1639 1564 mensibus,
1664 1537 1691 1559 et
1707 1532 1845 1560 defodient

1057 1582 1105 1602 eos
1118 1576 1209 1602 omnis
1224 1576 1340 1610 populus
1353 1580 1440 1608 terrae,
1456 1581 1483 1604 et
1493 1578 1545 1604 erit
1561 1578 1601 1605 eis
1616 1578 1643 1604 in
1660 1578 1844 1606 celebritatem

1058 1620 1126 1651 dies,
1140 1628 1194 1655 quo
1209 1621 1376 1654 gloriﬁcatus
1389 1629 1461 1653 sum,
1480 1623 1544 1649 dicit
1560 1623 1691 1650 Dominus
1703 1623 1844 1652 Dominus.

1059 1665 1102 1692 M.
1120 1665 1150 1693 Et
1162 1667 1234 1694 viros
1247 1675 1353 1701 semper
1370 1674 1522 1701 secernent,
1538 1670 1585 1703 qui
1603 1669 1773 1697 circumeunt
1792 1674 1846 1698 ter-

1059 1717 1128 1743 ram,
1149 1715 1178 1737 ut
1203 1712 1336 1745 sepeliant
1355 1714 1389 1746 >z(
1413 1721 1473 1739 cum
1499 1714 1735 1742 circumeuntibus
1758 1715 1844 1748 :eos,

1058 1757 1104 1790 qui
1121 1758 1299 1784 remanserint
1311 1766 1391 1792 super
1405 1758 1473 1786 facie
1489 1765 1577 1793 terrae,
1601 1766 1630 1787 ut
1643 1761 1775 1788 mundcnt
1785 1769 1845 1788 eam

1058 1808 1117 1837 post
1133 1808 1235 1837 septem
1250 1811 1368 1835 menses,
1381 1809 1407 1830 et
1422 1809 1553 1838 quaerent.
1577 1805 1620 1832 l5.
1640 1805 1740 1833 Omnes
1757 1811 1846 1833 trans-

1058 1854 1154 1876 euntes
1171 1854 1280 1882 terram,
1297 1855 1324 1876 et
1338 1858 1400 1878 cum
1418 1851 1515 1878 viderit
1534 1859 1566 1879 os
1581 1852 1711 1884 hominis,
1730 1852 1847 1879 mitifica-

1058 1895 1096 1922 bit
1116 1895 1187 1929 apud
1203 1895 1279 1922 illum
1295 1896 1415 1930 signum,
1432 1897 1519 1924 donec
1533 1898 1666 1932 sepeliant
1681 1898 1746 1925 illud
1770 1906 1847 1933 sepe-

1059 1941 1190 1969 lientesin
1201 1941 1284 1969 Terra
1298 1942 1416 1977 sepulcri
1427 1942 1494 1977 Gog.
1511 1942 1553 1970 16.
1570 1943 1674 1970 Etenim
1689 1952 1787 1971 nomen
1802 1952 1848 1972 ur-

1058 1988 1100 2015 bis
1115 1990 1147 2023 (ε)
1164 1987 1324 2022 Sepulcrum
1342 1997 1348 2015 :
1365 1993 1393 2016 et
1407 1988 1584 2016 mundabitur
1600 1995 1681 2017 terra.
1699 1991 1742 2017 l7.
1758 1990 1791 2017 Et
1807 1996 1846 2022 tu,

1058 2034 1096 2060 [ili
1109 2035 1239 2066 hominis,
1254 2035 1310 2062 luce
1324 2035 1389 2062 dicit
1401 2034 1532 2063 Dominus
1547 2035 1698 2063 Dominus:
1713 2036 1761 2063 Dic
1771 2036 1845 2063 Ouini

1058 2079 1101 2106 avi
1118 2079 1231 2111 volatili,
1245 2084 1272 2106 et
1287 2079 1322 2106 ad
1341 2087 1436 2107 omnes
1449 2080 1551 2107 bestias
1570 2081 1657 2115 campi
1674 2088 1680 2106 :
1697 2080 1849 2116 Congrega~

1058 2125 1136 2155 mini,
1155 2129 1182 2151 et
1199 2125 1299 2156 venite,
1315 2126 1518 2160 eougregamini
1531 2126 1566 2152 ab
1577 2126 1715 2158 omnibus,
1727 2134 1788 2161 qua-
1801 2134 1848 2160 per

1058 2171 1213 2202 circuitum,
1229 2178 1311 2205 super
1326 2171 1464 2198 victimam
1478 2179 1578 2205 meam,
1594 2180 1675 2206 quatit
1686 2180 1736 2207 ego
1747 2173 1847 2199 immo-

1059 2217 1112 2244 lavi
1130 2217 1218 2248 vobis,
1240 2216 1377 2243 victimam
1395 2225 1521 2251 magnam
1539 2225 1621 2251 super
1636 2223 1744 2245 montes
1759 2218 1848 2245 lsraeo

218 2271 291 2295 cum,
308 2268 335 2290 et
345 2271 428 2298 super
447 2270 554 2294 omnes,
570 2261 614 2296 qui
632 2269 692 2288 cum
707 2269 749 2293 eo,
767 2266 793 2288 et
811 2269 892 2296 super
904 2266 1007 2301 gentes
1023 2262 1045 2289 D
1060 2264 1104 2295 lis.
1124 2268 1151 2290 et
1165 2263 1314 2290 comedetis
1334 2270 1444 2295 carnes,
1459 2269 1486 2291 et
1501 2264 1596 2290 bibetis
1610 2265 1781 2298 sanguinem.
1804 2265 1847 2291 l8.

220 2309 319 2337 multas
335 2316 397 2335 cum
411 2316 453 2335 eo.
469 2307 513 2334 25.
529 2307 561 2333 Et
580 2306 785 2342 magniﬁcabor,
812 2313 839 2334 et
853 2307 1007 2334 sanctiﬁca—

219 2357 277 2388 bor,
295 2362 327 2383 4-
340 2359 367 2382 et
384 2354 558 2389 gloriﬁcabor
572 2354 595 2388 ζ,
612 2358 639 2380 et
654 2353 822 2380 iunotescam
834 2361 926 2380 coram
942 2361 1007 2389 gen-

219 2403 291 2431 tibus
306 2401 410 2432 multis,
426 2405 453 2428 et
471 2400 568 2433 scient,
584 2400 656 2435 quod
680 2407 731 2434 ego
744 2407 805 2427 sunt
828 2400 970 2428 Dominus.

253 2449 320 2484 Cap.
336 2446 460 2475 XXXIX.
476 2462 511 2467 -—
526 2446 551 2474 l.
576 2446 608 2474 Et
623 2452 662 2480 tu,
678 2446 715 2474 ﬁli
727 2446 855 2480 hominis,
875 2447 1006 2482 propheta

219 2503 302 2531 super
315 2494 384 2529 Gog,
403 2499 430 2520 et
443 2493 487 2521 dic
503 2502 509 2520 :
527 2492 590 2520 llaec
609 2492 675 2520 dicit
701 2491 834 2520 Dominus
847 2492 980 2521 Dominus
996 2501 1004 2520 :

218 2541 288 2569 Ecce
304 2548 354 2575 ego
366 2548 448 2575 super
462 2545 498 2571 te,
511 2539 578 2573 Gog,
590 2539 741 2574 principem
761 2538 828 2571 Bos,
844 2538 965 2572 Mosoeli,
980 2544 1008 2567 et

218 2586 333 2619 Tbobcl,
350 2587 377 2612 (Ξ.
397 2590 425 2613 et
444 2586 613 2620 congregabo
629 2589 665 2618 te,
678 2589 704 2612 ct
719 2584 854 2613 deducam
869 2590 908 2618 te,
925 2591 951 2613 et
964 2585 1006 2613 fa-

220 2633 289 2660 ciam
303 2631 450 2659 ascendere
461 2636 487 2659 te
498 2631 532 2658 ab
540 2637 662 2659 extremo
678 2631 824 2666 aquilonis,
835 2637 861 2659 et
874 2633 1006 2660 adducam

221 2683 247 2706 te
270 2685 351 2711 super
375 2682 481 2704 montes
498 2676 614 2705 Israelis.
631 2678 658 2705 5.
675 2678 714 2711 (η)
732 2677 765 2704 Et
787 2678 896 2712 perdam
912 2686 1006 2706 arcum

221 2729 298 2751 tuum
310 2722 342 2750 de
353 2729 435 2749 manu
446 2727 491 2750 tua
505 2722 626 2755 sinistra,
640 2728 667 2749 et
681 2723 794 2758 sagittas
807 2727 868 2750 tuas
880 2724 914 2750 de
925 2731 1008 2750 manu

256 2781 288 2815 (ί)
307 2779 348 2812 5.,
370 2784 397 2807 et
413 2787 508 2806 omnes
521 2780 669 2815 perniciosi
686 2780 779 2808 leones
792 2780 862 2815 ejus.

222 2815 310 2852 (u)S.,
325 2820 352 2842 et
366 2815 514 2852 excutiam.
554 2816 590 2850 (ο)
600 2818 710 2842 Omnes.
765 2817 802 2852 (p)
817 2816 931 2852 Adonai.

224 2851 365 2877 transitus.
419 2852 454 2885 (r)
474 2851 646 2885 Etsepelient
671 2858 743 2878 eum.

223 2885 410 2922 pulchrorum.

912 2780 948 2815 (k)
965 2781 1005 2814 S.,
1028 2782 1124 2810 multa.

1060 2310 1162 2338 Carnes
1179 2311 1319 2345 gigantum
1337 2310 1495 2342 comedetis,
1516 2316 1543 2338 et
1568 2312 1727 2346 sanguinem
1746 2312 1848 2346 princi-

1060 2364 1124 2392 pum
1141 2361 1220 2384 terraa
1235 2357 1345 2388 bibetis,
1359 2358 1471 2388 arietes,
1496 2361 1524 2384 et
1535 2357 1646 2388 vitulos,
1664 2361 1690 2384 et
1704 2357 1804 2389 hircos,
1822 2363 1849 2384 et

1059 2410 1161 2438 agnos,
1180 2403 1211 2439 (ι)
1229 2407 1255 2430 et
1271 2403 1478 2438 vituligpingues
1495 2410 1601 2434 omnes,
1616 2403 1659 2430 l9.
1678 2408 1706 2430 et
1721 2406 1851 2431 comede-

1060 2451 1095 2478 tis
1112 2450 1221 2485 adipem
1239 2449 1272 2477 ad
1286 2450 1467 2482 saturitatem,
1481 2453 1508 2476 et
1522 2449 1622 2476 bibetis
1640 2450 1800 2484 sanguinem
1817 2450 1851 2478 ad

1060 2495 1221 2523 ebrietatem
1237 2494 1271 2522 de
1282 2495 1391 2522 victima
1410 2502 1482 2527 mea,
1506 2503 1587 2529 quam
1605 2496 1743 2522 immolavi
1762 2497 1850 2523 vobis.

1060 2542 1105 2569 20.
1116 2541 1147 2568 Et
1157 2541 1334 2576 implebimini
1345 2549 1426 2574 super
1438 2549 1531 2568 mensa
1545 2549 1615 2572 mea,
1630 2549 1741 2575 equum,
1756 2550 1852 2569 ascen-

1061 2594 1162 2620 sorem,
1192 2587 1346 2618 robustum,
1374 2592 1399 2613 et
1430 2595 1538 2613 omnem
1565 2588 1653 2613 virum
1680 2587 1851 2619 bellatorem,

1061 2633 1128 2660 dicit
1139 2632 1270 2660 Dominus
1285 2632 1427 2659 Dominus.
1443 2633 1488 2659 2|.
1504 2633 1537 2659 Et
1553 2633 1623 2659 dabo
1635 2633 1748 2667 gloriam
1764 2641 1851 2660 mcam

1062 2678 1090 2705 in
1104 2679 1192 2711 vobis,
1202 2683 1228 2706 et
1238 2679 1370 2706 videbunt
1384 2687 1480 2705 omnes
1491 2684 1585 2713 gentes
1596 2679 1730 2714 judicium
1750 2688 1852 2712 meum,

1064 2724 1138 2759 quod
1150 2724 1213 2755 l'eci,
1224 2730 1252 2751 et
1263 2732 1373 2751 manum
1386 2732 1486 2758 meam,
1501 2733 1583 2759 quam
1596 2725 1690 2752 induxi
1706 2733 1788 2759 super
1795 2733 1852 2754 eos.

1163 2783 1195 2817 (Ι)
1215 2781 1333 2809 Domini.
1386 2782 1434 2818 (ut)
1449 2782 1492 2815 S.,
1509 2783 1659 2810 valleculm.
1682 2783 1745 2815 T/i.,
1762 2791 1850 2818 sepes.

979 2818 1015 2851 (q)
1028 2817 1069 2850 S.,
1086 2818 1185 2854 Ealleui
1204 2819 1368 2844 transituum
1385 2818 1541 2854 abrorienle
1559 2819 1654 2850 maris,
1675 2827 1736 2854 quae
1751 2819 1854 2847 claudit

793 2856 826 2884 (δ)
851 2849 892 2883 S.,
916 2849 1067 2881 multitudo.
1085 2853 1146 2884 TII.,
1166 2852 1233 2881 lleb.
1254 2853 1368 2880 AmOna.

1418 2853 1451 2888 (tt
1471 2853 1513 2886 S.,
1535 2853 1689 2883 vitulorum
1699 2855 1852 2883 cibatui-um
