2032 3201
227 185 295 212 2751

778 182 895 211 (ΖΟῡΕΧ
924 182 1321 212 Sl'lllACO—llEXAPLARIS.

1782 183 1852 211 2759

228 248 339 268 mensus
361 244 403 267 est
418 239 516 266 atrium
534 247 548 266 a
563 242 641 274 porta
665 238 697 266 ad
714 243 821 273 portam
840 244 951 266 centum
968 247 1015 266 cu-
1032 242 1051 270 Α
1068 239 1240 266 victimarum
1269 245 1352 273 super
1371 245 1441 273 quas
1464 238 1630 273 jugulabunt
1657 237 1782 265 victimas
1806 247 1814 265 :
1838 246 1854 267 e

228 287 308 313 bitos.
325 285 370 312 24.
396 285 428 312 Ει
440 285 518 312 duxit
544 293 587 312 me
607 285 640 312 ad
657 290 799 319 austrum,
814 290 841 313 ct
858 293 920 313 ecce
937 291 1014 320 porta

227 331 377 366 respiciens
403 331 437 358 ad
464 335 608 363 austrum,
633 336 661 358 et
689 338 801 358 mensus
827 336 869 358 est
894 339 971 363 eam,
990 335 1016 357 et

227 376 312 408 Theo,
330 377 360 411 (ι)
374 382 401 403 ct
418 373 510 408 Eleo,
532 381 559 404 et
573 376 720 409 Atlammo,
741 376 891 403 secundum
906 384 1016 403 mensu-

227 430 272 449 ras
286 422 347 448 has.
369 421 414 448 25.
434 422 465 449 Et
480 421 604 449 fenestra:
618 421 687 455 ejus,
702 425 729 448 el
743 421 880 448 Ailammo
896 421 1015 447 circum-

224 460 310 498 'circa,
320 467 390 493 sicut
403 466 528 493 fenestra:
539 465 639 497 Ailam,
653 466 849 500 quinquaginta
861 465 1014 492 cubitorum

227 512 369 545 longitudo
384 512 454 546 ejus,
467 517 493 538 et
508 511 622 538 latitudo
634 511 694 546 ejus
709 511 863 538 cubitorum
880 510 973 545 viginti
989 515 1016 537 ct

227 557 358 591 quinque,
383 556 427 581 26.
447 560 473 582 et
498 556 599 590 gradus
619 556 699 582 sealze
715 560 816 589 septem
835 556 895 590 ejus
908 575 915 587 ,
934 556 973 589 (ιι)
989 560 1016 582 et

228 601 365 628 :Elammo
386 601 560 631 intrinsecus,
574 604 601 626 et
617 600 715 634 palmae
727 600 803 634 ejus,
820 608 873 627 una
891 601 955 627 hinc
966 622 973 633 ,
988 604 1015 627 et

227 655 282 675 una
305 647 366 674 inde
384 653 415 673 σι-
433 654 514 680 super
531 645 611 672 Eleu
634 646 658 680 ζ.
683 645 730 673 27.
746 646 779 672 Et
796 651 874 681 porta
889 646 926 681 (ac)
941 653 957 673 e
971 654 1015 673 rc-

228 694 306 728 gione
320 697 403 727 porta:
419 691 480 718 atrii
497 691 634 718 interioris
648 691 683 718 ad
698 697 821 718 austrum
840 701 846 718 :
865 696 892 718 et
903 699 1014 719 mensus

227 742 268 766 est
288 738 386 764 atrium
405 744 421 763 a
437 740 514 771 porta
529 736 562 763 ad
583 742 706 771 portam,
724 737 892 764 latitudinem
907 737 1013 764 cubitos

227 788 334 810 centum
346 783 379 809 ad
397 786 533 809 austrum.
548 782 593 809 28.
607 783 640 809 Et
653 782 806 810 introduxit
817 790 860 810 me
876 783 903 809 in
915 782 1012 809 atrium

226 830 341 856 interius
357 833 453 863 portat,
466 835 527 862 quze
538 828 571 854 ad
584 832 719 861 austrum,
734 832 761 855 et
773 836 886 855 mensus
900 832 939 855 est
952 836 1015 862 por-

226 881 281 902 tam
294 896 301 908 ,
316 875 350 908 Ἀ(
373 882 435 909 qua:
454 875 487 901 ad
501 875 634 901 orientem
654 875 678 908 ζ,
698 874 847 902 secundum
870 882 1014 902 mensuras

1068 285 1179 319 regione
1196 284 1239 311 42.
1257 288 1284 311 et
1300 288 1418 318 quatuor
1434 291 1535 311 mensae
1551 284 1772 311 holocaustorum
1788 284 1852 318 lapi-

1065 330 1122 356 deae
1145 330 1261 362 dolatte‘,
1286 329 1428 364 longitudo
1451 337 1485 356 ex
1506 330 1598 357 cubito
1619 336 1673 356 uno
1703 333 1728 356 ct
1740 329 1854 356 dimidio

1064 375 1134 409 ejus,
1152 380 1178 402 et
1198 375 1318 402 latitudo
1335 383 1367 402 ex
1386 376 1479 403 cubito
1495 383 1549 402 uno
1562 380 1588 403 et
1604 375 1718 403 dimidio
1733 375 1792 409 ejus
1803 396 1811 407 ,
1827 379 1854 402 et

1066 428 1150 455 super
1166 421 1288 448 cubitum
1304 422 1337 455 Χ
1353 429 1436 448 unum
1457 423 1468 456 ζ
1485 422 1599 449 altitudo
1619 430 1625 448 :
1646 428 1728 455 super
1743 428 1790 448 eas
1805 421 1854 447 im-

1067 471 1168 501 ponent
1186 473 1261 498 vasa,
1275 467 1302 493 in
1320 467 1421 501 quibus
1440 467 1567 502 jugulant
1582 458 1618 494 ibi
1636 467 1811 498 holocausta,
1826 470 1854 494 et

1064 511 1200 538 victimas.
1227 513 1271 539 45.
1291 512 1324 547 (ε)
1352 511 1384 538 Ει
1399 512 1474 547 gisus
1491 513 1597 547 palmus
1618 518 1699 539 erunt
1724 513 1764 539 eis
1778 532 1785 543 ,
1804 512 1854 539 do-

1067 557 1140 584 latus
1155 557 1319 585 intrinsecus
1333 566 1379 592 per
1396 558 1540 585 circuitum
1554 559 1588 591 )ε(
1603 565 1651 592 per
1664 557 1808 585 circuitum
1828 558 1853 591 ζ,

1064 608 1090 630 et
1106 611 1188 638 super
1206 611 1315 631 mensas
1329 604 1446 638 desuper
1463 608 1532 631 tecta
1544 625 1550 636 ,
1568 608 1597 630 ut
1611 603 1769 638 operiautur
1787 604 1821 637 χ
1838 610 1854 630 a

1065 649 1172 683 pluvia,
1193 652 1220 675 et
1244 656 1259 675 a
1283 648 1405 675 siccitate
1424 648 1447 681 ζ.
1466 648 1511 675 Η.
1531 647 1564 675 Ει
1590 647 1741 675 introduxit
1764 655 1807 674 me
1826 647 1854 674 in

1064 694 1163 720 atrium
1180 694 1306 725 interius,
1321 698 1348 720 et
1362 701 1426 721 ecce
1440 694 1548 721 exedra:
1561 694 1594 729 (1)
1612 693 1673 720 dure
1685 694 1712 720 in
1727 693 1796 720 atrio
1812 693 1855 720 in-

1065 739 1157 767 teriori
1171 759 1178 771 ,
1195 747 1248 766 una
1262 740 1296 766 ab
1314 744 1409 767 austro
1423 744 1522 774 portae,
1539 739 1708 774 respicientis
1720 740 1753 766 all
1773 739 1854 773 aqui-

1065 784 1173 816 lonem,
1198 791 1258 819 quae
1282 783 1335 811 fert
1356 784 1388 811 ad
1414 788 1558 821 austrum,
1580 788 1606 811 et
1633 790 1688 810 una
1708 783 1742 810 ab
1762 787 1855 809 austro

1065 834 1166 863 portae,
1184 836 1245 861 qua:
1260 829 1292 855 ad
1308 833 1442 861 austrum,
1459 829 1630 863 respicientis
1646 835 1711 855 vero
1722 828 1755 854 ad
1771 827 1854 862 aqui-

1067 874 1168 902 lonem.
1198 874 1244 901 45.
1272 874 1305 901 Et
1331 875 1401 901 dixit
1424 874 1457 902 ad
1484 882 1528 902 me
1551 874 1679 901 :Exedra
1704 875 1771 906 hazc,
1793 881 1855 908 quae

227 922 287 949 has.
306 921 353 948 29.
370 920 403 947 Et
418 921 502 953 Thee,
517 925 543 947 et
555 919 646 952 Eleo,
663 925 690 948 et
705 920 852 953 Ailammo,
866 921 1016 948 secundum
1034 924 1055 953 Β
1071 920 1181 954 respicit
1209 919 1244 946 ad
1260 924 1397 951 austrum,
1418 919 1608 947 sacerdotibus
1637 918 1855 947 custodientibus

228 973 372 992 mensuras
392 965 440 992 has
455 983 463 996 ,
481 968 509 992 et
532 964 659 992 fenestra:
681 965 758 1000 ejus,
784 969 811 992 et
831 964 969 993 Elammo
986 966 1014 993 ln

227 1012 344 1039 circuitu
358 1012 392 1045 >ί<
406 1011 432 1037 in
448 1011 566 1038 circuitu
585 1011 595 1044 ζ
613 1020 619 1038 :
636 1011 836 1046 quinquaginta
854 1012 939 1039 cubiti
957 1013 1014 1039 lon-

228 1057 319 1091 pitudo
335 1056 394 1090 ejus
407 1075 413 1086 ,
429 1060 456 1081 et
469 1055 584 1082 latitudo
601 1055 684 1083 cubiti
700 1056 815 1091 vinginti
835 1062 862 1083 et
879 1057 1011 1092 quinque.

226 1101 271 1128 50.
294 1100 330 1135 (y)
351 1099 382 1126 Et
400 1099 491 1126 Elam
508 1100 534 1126 in
551 1100 666 1127 circuitu
685 1102 718 1134 )6(
734 1101 761 1127 in
781 1102 896 1129 circuitu
917 1103 939 1137 ζ,
953 1103 1013 1130 lon-

227 1147 319 1181 gitudo
343 1146 463 1180 quinque
479 1150 506 1173 et
531 1146 627 1181 viginti
653 1147 809 1174 cubitorum
823 1166 830 1178 ,
853 1152 880 1174 et
899 1148 1013 1175 latitudo

226 1192 348 1227 quinque
367 1192 400 1224 ἣ(
414 1191 569 1219 cubitorum
596 1191 607 1225 ζ
626 1201 633 1218 :
653 1192 699 1219 51.
721 1192 757 1227 (z)
772 1197 799 1220 et
824 1192 962 1220 Elammo
985 1194 1013 1220 in

227 1238 326 1265 atrium
346 1238 483 1270 exterius,
507 1242 533 1265 et
550 1238 646 1273 palma:
667 1238 706 1273 (a)
724 1239 773 1272 ipsi
789 1238 869 1265 [Eicu
884 1259 891 1269 ,
906 1244 933 1266 et
952 1243 1013 1266 octo

227 1283 328 1318 gradus
346 1284 425 1311 scala:
443 1285 476 1317 )t(
490 1291 620 1311 ascensus
636 1284 695 1318 ejus
715 1284 737 1318 ζ.
753 1285 796 1310 52.
816 1283 847 1310 Et
862 1284 1013 1310 introduxit

228 1337 271 1357 ine
285 1330 311 1356 in
331 1332 434 1363 portam
446 1329 634 1363 respicientem
653 1329 685 1361 Ἀ(
699 1329 771 1354 viam
791 1329 801 1362 ζ
816 1328 850 1354 ad
868 1329 1009 1359 orientem,

226 1381 252 1402 et
263 1383 376 1403 mensus
386 1380 428 1403 est
438 1383 498 1403 eam
514 1375 663 1402 secundum
679 1382 822 1401 mensuras
839 1373 898 1405 has,
914 1375 958 1401 53.
974 1375 1011 1409 (b)

226 1426 252 1448 et
267 1421 349 1454 Thee,
367 1426 393 1448 et
407 1421 497 1452 Eleu,
513 1422 545 1455 (τ)
564 1426 589 1447 et
599 1420 752 1451 rElammo,
770 1419 921 1447 secundum
935 1427 1011 1447 men-

227 1475 305 1494 suras
321 1468 371 1494 has
382 1488 389 1500 ,
407 1471 433 1494 et
451 1467 576 1493 fenestrae
590 1466 626 1496 ei,
645 1470 672 1492 et
688 1464 826 1492 Ailammo
853 1466 880 1492 in
896 1465 1011 1493 circuitu

226 1514 261 1547 Χ
271 1513 298 1540 in
313 1512 428 1540 circuitu
445 1513 470 1545 ζ,
480 1511 563 1539 cubiti
576 1511 772 1545 quinquaginta
786 1511 926 1546 longitudo
941 1511 1012 1546 ejus,

226 1564 252 1586 ct
267 1559 380 1585 latitudo
389 1559 474 1585 cubiti
485 1557 578 1592 viginti
591 1561 617 1583 et
629 1557 759 1591 quinque.
772 1557 816 1583 5i.
831 1558 864 1585 Et
874 1557 1013 1585 Ailammo

1067 965 1220 993 custodiam
1238 964 1336 992 domus
1357 973 1363 979 ·
1386 965 1430 992 46.
1447 969 1478 992 et
1502 965 1602 993 exedra
1617 985 1624 997 ,
1649 964 1797 999 respiciens
1820 964 1856 991 ad

1068 1012 1248 1046 aquilonem,
1283 1011 1476 1038 sacerdotibus
1508 1010 1727 1038 custoilientibus
1762 1014 1855 1037 custo-

1067 1059 1139 1086 diam
1162 1058 1256 1085 altaris
1274 1058 1334 1084 :thi
1357 1063 1421 1085 sunt
1437 1057 1483 1084 lilii
1507 1057 1638 1088 Sadduc.
1664 1058 1710 1092 q‘ui
1722 1057 1855 1084 accedunt

1066 1097 1101 1131 de
1116 1103 1180 1130 Levi
1201 1104 1233 1130 ad
1254 1103 1409 1136 Dominum,
1425 1105 1456 1129 ad
1484 1102 1692 1131 miuistraudum
1708 1103 1743 1129 ei.
1764 1102 1807 1128 47.
1823 1102 1857 1128 Et

1067 1155 1179 1175 mensus
1192 1153 1231 1174 cst
1247 1151 1358 1179 atrium,
1372 1148 1512 1182 longitudo
1524 1148 1678 1174 cubitorum
1694 1151 1815 1177 centum.
1829 1149 1858 1172 et

1069 1194 1184 1220 latitudo
1199 1194 1353 1220 cubitorum
1381 1198 1489 1219 centum
1502 1212 1509 1223 ,
1524 1201 1606 1226 super
1625 1198 1741 1226 quatuor
1763 1196 1856 1225 partes

1065 1239 1143 1272 ejus,
1161 1243 1187 1264 et
1203 1239 1288 1264 altare
1305 1246 1320 1264 e
1343 1239 1453 1272 regione
1470 1240 1579 1264 domus.
1598 1238 1640 1263 48.
1657 1237 1689 1262 Iit
1707 1237 1856 1263 introduxit

1067 1292 1110 1310 me
1127 1285 1163 1317 (g)
1182 1284 1208 1309 iu
1224 1283 1312 1309 1Elam
1329 1284 1424 1309 domus
1441 1292 1447 1310 ι
1463 1288 1490 1309 et
1508 1290 1620 1310 mensus
1634 1286 1676 1309 est
1690 1281 1791 1313 Hilam,
1804 1288 1855 1308 cu-

1067 1329 1184 1355 bitorum
1199 1329 1319 1363 quinque
1351 1336 1377 1355 +
1397 1328 1510 1356 latitudo
1526 1328 1538 1362 ζ
1553 1328 1617 1355 hinc
1628 1347 1636 1360 ,
1656 1332 1683 1355 et
1699 1327 1857 1354 cubitorum

1065 1375 1187 1410 quinque
1204 1375 1277 1406 inde,
1296 1380 1322 1401 et
1336 1374 1452 1402 latitudo
1467 1380 1550 1408 porta
1570 1381 1602 1401 +
1616 1373 1771 1400 cubitorum
1789 1378 1858 1405 qua-

1065 1420 1229 1451 tuordecim,
1243 1424 1271 1448 et
1282 1420 1365 1447 latera
1379 1425 1464 1455 porta:
1476 1419 1564 1446 Aﬂlam
1580 1419 1684 1453 :trium
1701 1417 1852 1445 cubitorum

1065 1466 1146 1498 hinc,
1168 1469 1195 1492 et
1217 1465 1299 1492 trium
1325 1466 1481 1492 cubitorum
1505 1464 1579 1491 inde.
1595 1464 1641 1491 49.
1662 1462 1696 1490 Ει
1712 1461 1854 1497 longitudo

1062 1512 1156 1539 Elam
1172 1511 1267 1546 viginti
1283 1511 1450 1543 cubitorum,
1465 1514 1493 1538 et
1505 1509 1621 1537 latitudo
1634 1508 1790 1536 cubitorum
1805 1513 1856 1533 un-

1065 1557 1153 1585 decim
1173 1565 1180 1583 :
1195 1562 1222 1584 et
1243 1563 1325 1591 super
1342 1556 1436 1583 decem
1457 1555 1558 1590 gradus
1571 1553 1756 1581 ascendebant
1774 1558 1856 1586 super

228 1607 254 1631 iu
269 1606 367 1631 atrium
381 1604 504 1634 interius,
519 1607 547 1629 et
560 1603 654 1637 palmre
665 1608 726 1629 aute
736 1602 815 1630 Alleu
829 1603 892 1631 hinc
904 1607 931 1630 et
940 1603 1013 1636 inde,
1027 1598 1049 1628 C
1065 1602 1130 1629 illud
1141 1622 1149 1634 ,
1164 1605 1191 1628 et
1205 1601 1341 1629 columna:
1354 1605 1433 1628 erant
1452 1600 1490 1635 (b)
1503 1607 1586 1634 super
1597 1599 1688 1626 jElam
1707 1604 1761 1625 una
1774 1597 1851 1629 hinc,

226 1657 253 1679 et
268 1657 329 1679 octo
352 1652 452 1686 gradus
478 1650 558 1677 scalae
571 1650 605 1675 ci.
628 1649 672 1676 55.
692 1648 726 1676 Ει
748 1649 900 1677 introduxit
916 1656 959 1676 tne
980 1650 1014 1677 ad

1067 1648 1093 1672 et
1106 1650 1160 1670 una
1171 1642 1244 1686 inde.

228 1704 333 1732 portam
345 1719 351 1730 ,
370 1704 430 1731 quas
444 1696 477 1722 ad
493 1695 648 1729 aquilonem
663 1715 669 1726 ,
688 1698 715 1722 et
733 1702 845 1722 mensus
858 1699 901 1722 est
913 1702 1014 1722 secun-

228 1744 293 1770 dum
321 1749 464 1769 mensuras
490 1742 547 1767 has.
578 1741 622 1767 56.
649 1740 682 1766 Ει
710 1739 796 1772 'l'hee,
825 1745 853 1768 et
870 1740 967 1773 Eleu,
988 1745 1017 1768 et

228 1788 378 1819 Ailammo,
391 1786 550 1813 ctfenestra:
562 1787 585 1812 ci
596 1787 623 1812 in
633 1786 749 1813 circuitu
763 1787 796 1820 χ(
809 1786 836 1813 in
852 1786 968 1814 circuitu
982 1787 993 1820 ζ
1007 1795 1014 1814 z

227 1839 255 1861 et
274 1833 421 1863 (Elammo,
440 1832 579 1866 longitudo
593 1832 650 1865 ejus
665 1832 865 1867 quinquaginta
882 1833 976 1865 cubiti,
990 1837 1017 1860 et

228 1879 343 1906 latitudo
363 1879 483 1912 quinque
500 1883 526 1905 et
543 1878 636 1913 viginti
658 1878 754 1911 cubiti,
771 1878 816 1905 57.
833 1882 859 1905 et
878 1877 1017 1905 Elammo

228 1925 255 1951 in
268 1925 369 1951 atrium
386 1925 518 1955 exterius,
532 1928 558 1951 et
573 1924 668 1958 palmae
683 1923 763 1950 Elei:
782 1924 845 1951 hinc
859 1928 886 1951 et
900 1924 972 1956 inde,
990 1928 1018 1951 et

229 1975 291 1997 octo
301 1970 400 2004 gradus
415 1969 494 1996 scala:
510 1970 545 1996 ei.
567 1969 610 1996 58.
626 1969 659 1996 Ει
674 1969 781 1997 exedrae
795 1969 855 2004 ejus
869 1990 876 2002 ,
891 1974 918 1997 et
934 1973 1018 2003 porta:

229 2016 288 2050 ejus
302 2035 309 2047 ,
326 2021 352 2043 et
371 2015 509 2043 Aﬂlammo
525 2016 584 2051 ejus
597 2023 681 2050 super
702 2017 799 2051 portis,
817 2023 848 2043 +
867 2016 903 2042 ibi
926 2016 1018 2044 lavant

230 2062 420 2090 holocaustum
437 2063 460 2096 ζ.
474 2062 518 2090 59.
535 2063 564 2089 ln
576 2062 667 2089 [illam
679 2067 770 2089 autem
792 2066 878 2097 portae
892 2063 1019 2090 secundm

227 2107 317 2134 exitus
329 2115 407 2142 aqua:
420 2107 480 2134 duae
493 2114 594 2134 mensa:
607 2107 670 2134 hinc
684 2107 708 2141 ζ,
721 2112 749 2135 ct
759 2108 819 2135 duae
829 2115 930 2135 mensa:
946 2108 1017 2141 inde,

228 2156 259 2178 ut
279 2152 421 2180 immolent
440 2154 467 2180 in
480 2160 511 2180 ea
533 2154 567 2188 χ
586 2153 778 2181 holocaustum
791 2174 797 2186 ,
814 2158 842 2181 et
866 2155 877 2188 ζ
898 2162 959 2189 quae
978 2154 1018 2189 (ά)

229 2206 279 2232 pro
296 2203 418 2232 peccato,
441 2203 467 2225 et
480 2206 542 2233 qua:
555 2206 605 2233 pro
622 2199 790 2233 ignorantia.
809 2199 852 2226 40.
873 2200 906 2226 Ει
921 2200 954 2226 ad
969 2207 1019 2227 au-

230 2248 317 2269 strum
341 2243 421 2269 rivuli
446 2243 668 2270 holocaustorum
681 2264 688 2276 ,
703 2245 736 2277 χ
753 2245 779 2271 in
795 2245 888 2272 limine
902 2250 988 2279 portae.
1006 2246 1017 2279 ζ
1036 2270 1058 2296 D

231 2288 402 2322 respicientis
417 2288 449 2314 ad
462 2289 628 2322 aquilonem,
643 2289 703 2316 duae
719 2297 822 2317 mensa:
834 2292 866 2317 ad
886 2291 1018 2318 orientem

231 2334 257 2361 in
271 2339 394 2362 austrum
411 2335 532 2367 alterius,
546 2340 574 2362 et
590 2335 680 2363 (Elam
696 2341 781 2371 portae
796 2337 857 2364 duae
872 2345 973 2365 mensa:
987 2339 1021 2366 ad

232 2380 378 2406 orientem.
403 2379 447 2407 Μ.
479 2379 604 2412 Quatuor
634 2387 736 2407 mensae
752 2381 826 2414 hinc,
851 2387 877 2408 et
903 2387 1021 2417 quatuor

231 2434 334 2453 mensae
353 2425 416 2453 inde
433 2425 466 2452 ad
479 2430 603 2452 austrum
619 2430 703 2461 portae
716 2427 854 2459 australis,
872 2435 973 2455 mensm
987 2436 1018 2456 -ε-

1100 1683 1166 1719 Cap.
1189 1682 1258 1710 XLI.
1278 1696 1313 1703 -
1330 1682 1355 1709 l.
1375 1682 1408 1709 Et
1427 1682 1581 1709 introduxit
1598 1689 1643 1709 me
1660 1682 1687 1708 in
1708 1680 1856 1715 templum,

1066 1729 1111 1756 cui
1119 1735 1230 1755 mensus
1239 1731 1280 1754 est
1288 1726 1389 1761 Ailam,
1397 1727 1552 1754 cubitorum
1564 1734 1611 1754 sex
1623 1725 1737 1753 latitudo
1746 1725 1820 1757 hinc,
1827 1724 1856 1751 2.

1067 1780 1093 1802 et
1103 1774 1258 1802 cubitorum
1271 1772 1667 1807 sexlatitudoindexlatitudo
1678 1770 1858 1803 tabernaculi,

1067 1825 1094 1848 et
1111 1820 1125 1855 ζ
1142 1819 1258 1846 latitudo
1279 1820 1342 1847 ostii
1359 1818 1515 1846 cubitorum
1529 1818 1623 1845 decem
1636 1837 1643 1850 ,
1655 1821 1681 1844 et
1696 1817 1780 1844 latera
1792 1815 1858 1844 ostii

1067 1866 1189 1900 quinque
1199 1864 1352 1892 cubitorum
1364 1864 1435 1895 hinc,
1446 1867 1474 1890 et
1482 1862 1605 1898 quinque
1616 1862 1771 1890 cubitorum
1784 1862 1857 1890 inde.

1069 1910 1102 1937 Et
1116 1918 1228 1938 mensus
1247 1916 1291 1937 cst
1312 1909 1508 1945 longitudinem
1534 1908 1595 1943 ejus
1616 1908 1771 1936 cubitorum
1789 1915 1859 1942 qua-

1067 1956 1203 1991 draginta,
1224 1960 1252 1983 et
1271 1956 1443 1983 latitudinem
1468 1954 1623 1982 cubitorum
1648 1955 1755 1989 viginti.
1781 1954 1809 1981 3.
1825 1953 1860 1981 Et

1069 2001 1212 2035 ingressus
1232 2005 1274 2027 est
1292 2001 1318 2027 in
1338 2001 1438 2027 atrium
1463 1999 1587 2033 interius,
1603 2004 1631 2027 et
1646 2007 1758 2027 mensus
1770 2004 1813 2027 est
1828 2000 1858 2033 (ί)

1070 2045 1116 2073 [El
1137 2050 1223 2080 portae
1235 2066 1242 2078 ,
1258 2046 1375 2073 duorum
1391 2045 1545 2073 cubitorum
1557 2065 1565 2077 ,
1591 2047 1624 2079 Χ
1646 2050 1673 2072 et
1690 2049 1796 2080 portam
1812 2052 1860 2072 sex

1072 2091 1191 2123 cubitos,
1223 2091 1247 2124 ζ,
1270 2097 1297 2118 et
1314 2092 1398 2118 latera
1416 2095 1501 2125 porta:
1516 2091 1672 2118 cubitorum
1698 2094 1801 2124 septem
1825 2096 1859 2118 4-

1071 2136 1135 2163 hinc
1152 2157 1160 2169 ,
1179 2141 1206 2163 et
1229 2137 1384 2164 cubitorum
1408 2142 1511 2171 septem
1535 2136 1597 2163 inde
1621 2137 1644 2171 ζ.
1659 2136 1686 2164 4.
1701 2135 1735 2163 Et
1749 2143 1860 2164 mensus

1073 2182 1116 2204 est
1145 2177 1349 2211 longitudinem
1377 2183 1518 2212 portarum
1547 2177 1655 2205 cubitos
1683 2177 1720 2212 (lt)
1745 2177 1860 2212 viginti,

1073 2222 1101 2245 et
1129 2218 1300 2245 latitudinem
1328 2220 1482 2246 cubitorum
1510 2219 1737 2253 viginti,vcrsus
1763 2218 1861 2245 faciem

1073 2259 1176 2294 templi.
1191 2260 1223 2286 Et
1240 2260 1309 2287 dixit
1323 2262 1356 2294 3K
1375 2260 1407 2288 ad
1421 2268 1465 2288 me
1480 2261 1492 2295 ζ
1508 2268 1514 2285 :
1527 2259 1583 2287 Hoc
1600 2259 1731 2286 Sanctum
1744 2258 1860 2286 Sancto-

1075 2310 1147 2330 rum.
1168 2303 1194 2330 5.
1210 2303 1243 2330 Et
1267 2312 1380 2332 mensus
1392 2308 1435 2332 est
1448 2304 1577 2339 parietem
1594 2304 1692 2331 domus
1708 2304 1862 2331 cubitorum

1075 2355 1134 2379 sex,
1144 2348 1346 2376 etlatitudiuem
1357 2349 1450 2376 lateris
1457 2349 1610 2376 cubitorum
1617 2353 1734 2383 quatuor
1744 2348 1864 2375 circum-

1074 2399 1147 2419 eirca
1164 2394 1196 2426 ἃ(
1217 2392 1310 2420 domui
1324 2401 1371 2428 per
1393 2393 1537 2421 circuitum
1554 2394 1577 2427 ζ,
1598 2393 1624 2420 6.
1641 2397 1668 2419 et
1689 2393 1772 2420 latera
1793 2393 1864 2420 latus

1075 2442 1158 2470 super
1173 2436 1244 2463 latus
1259 2437 1371 2471 triginta
1385 2442 1412 2464 et
1426 2437 1478 2464 tria
1491 2437 1599 2464 duabus
1614 2437 1730 2467 vicibus,
1740 2438 1770 2472 (ι)
1783 2441 1810 2463 ct
1825 2437 1865 2463 in-

278 2520 311 2555 (t)
342 2518 383 2551 S.,
413 2526 473 2553 quae
503 2519 574 2559 apud
599 2527 669 2552 eam,
700 2521 920 2559 et__v_estib_ulum
944 2522 1016 2557 ejus.
1052 2524 1092 2559 (ιι)
1123 2524 1166 2556 S.,
1204 2530 1232 2552 et
1266 2525 1431 2553 vestibulum
1457 2525 1517 2559 ejus
1545 2532 1637 2553 coram
1662 2524 1713 2552 eis.
1767 2525 1806 2559 (τι)
1824 2525 1863 2556 8.,

231 2564 258 2583 ιη
289 2563 334 2589 ea,
364 2563 424 2588 qua:
449 2563 520 2589 apuu
547 2563 654 2590 portam
682 2563 745 2583 atrii
767 2563 806 2583 int

231 2591 406 2618 Vestibulum.
447 2590 483 2624 (ς.)
500 2589 543 2621 8.,
556 2590 720 2618 vestibulum
732 2599 806 2618 vero.

232 2627 303 2666 apud
319 2632 390 2666 satu,
407 2626 586 2666 et_vesli_bu|a
599 2626 687 2666 ejus._
710 2627 744 2661 (a)
821 2631 848 2654 et
868 2628 1012 2666 vestibula.

325 2575 345 2595 ,_
364 2561 424 2588 quae
449 2555 520 2595 apud
547 2556 745 2595 portam_atrii
767 2555 966 2595 interioris,_et
982 2555 1065 2595 super
1083 2555 1171 2592 'eam,
1196 2568 1258 2595 qua:
1280 2561 1456 2593 intrinsecus,
1471 2555 1516 2587 'in
1539 2565 1674 2587 austrum.

846 2592 884 2626 (a)
973 2592 1067 2630 adea,
1082 2602 1143 2630 quae
1165 2592 1237 2630 apud
1252 2603 1324 2623 eam.

1053 2630 1092 2664 (d)
1108 2629 1232 2665 Propter.

1365 2568 1456 2593 secus,
1488 2561 1516 2587 in
1539 2565 1674 2587 austrum.
1731 2560 1768 2597 (ῃ)
1785 2560 1827 2592 δ..
1841 2565 1866 2587 ct

1363 2595 1401 2630 (b)
1418 2596 1460 2626 5.,
1480 2600 1507 2621 et
1525 2595 1696 2630 parastades,
1712 2602 1740 2622 et
1755 2604 1785 2622 ea
1806 2602 1867 2630 qua:

1273 2631 1306 2666 (θ)
1326 2629 1372 2662 8.,⁷
1397 2635 1425 2657 et
1448 2629 1621 2666 labia’palmi
1642 2630 1736 2658 unius.-
1775 2630 1807 2664 (Ῑ)
1823 2629 1867 2661 8.,

234 2660 423 2699 laudatoribus
439 2660 465 2686 iu
478 2661 549 2686 atrio
560 2660 701 2694 exteriori,
713 2663 785 2695 quod
798 2669 879 2696 super
905 2663 977 2700 latus
1001 2660 1097 2697 porta,
1124 2660 1185 2699 quae
1198 2660 1303 2693 versu‘s'
1312 2660 1526 2700 septentrionem
1540 2660 1550 2698 ξ
1567 2665 1653 2692 facies
1663 2669 1757 2691 autem
1771 2660 1866 2691 eiii-uin

232 2702 330 2736 νίξζευδ
342 2698 498 2736 “sicut”?
513 2703 608 2736 versus
625 2700 836 2736 austrum,u.na
851 2705 936 2731 super
948 2698 1019 2725 latus
1034 2704 1119 2733 porta:
1131 2698 1289 2736 orientalis,
1301 2698 1361 2735 quae
1374 2705 1479 2734 spectat
1492 2707 1590 2736 versus
1610 2701 1682 2726 viam
1700 2700 1866 2736 septentrio-

233 2730 339 2771 naler_n._
369 2728 508 2771 (g)‘§.,nin
522 2731 699 2771 vestibulum.
739 2732 777 2766 (In)
794 2732 836 2771 S._,
851 2728 933 2766 super
949 2740 980 2759 ea
999 2728 1060 2771 quae
1072 2735 1143 2768 apud
1163 2735 1240 2762 illud.
1281 2728 1368 2771 (ἤδη
1383 2728 1456 2770 quod
1472 2735 1555 2771 apud?
1572 2739 1690 2770 portam.
1730 2728 1766 2768 Ek)
1792 2735 1867 2771 Qua:

233 2765 388 2806 draginta..
409 2763 441 2806 (l)_
459 2763 500 2796 8.,
517 2770 543 2806 et
553 2763 1070 2806 circumibant'transitus'proptcr'hoc
1090 2763 1138 2804 per
1162 2763 1417 2804 parietem'dor'ntis
1442 2763 1524 2805 super
1548 2763 1632 2806 latera
1654 2777 1703 2806 per
1719 2763 1815 2806 gyrum
1831 2769 1867 2796 ad

234 2798 503 2839 apprehendendum,
515 2805 592 2839 utne
606 2800 797 2835 contingerent
813 2798 954 2839 pariet—em-
968 2803 1066 2831 domus
1083 2798 1130 2832 z'et
1144 2798 1233 2839 platea
1242 2810 1301 2833 erat
1315 2798 1483 2833 circumiens
1497 2798 1748 2839 ascendens‘super
1763 2805 1867 2839 latera;

235 2835 364 2868 quoniam
379 2834 504 2875 cingebat
520 2836 630 2875 domum
644 2834 786 2875 ascensus,
813 2834 934 2875 edocens
949 2846 1059 2875 sursum
1077 2834 1152 2875 circa
1175 2841 1297 2867 domum.
1321 2840 1437 2875 Propter
1456 2841 1509 2868 hoc
1522 2844 1583 2868 erat
1596 2840 1623 2868 ei
1640 2834 1757 2868 latitudo
1773 2834 1867 2868 domui

236 2876 365 2905 superne.
383 2868 521 2904 Sic’igitur
537 2870 570 2897 ab
584 2869 707 2897 inferiori
726 2872 923 2898 aseeudebatur
941 2873 973 2899 ad
990 2874 1119 2908 superius
1133 2875 1192 2909 ejus
1206 2883 1295 2911 usque
1306 2877 1339 2904 ad
1357 2868 1489 2904 medium.
