4064 6420
343 420 484 476 2753
1552 413 1686 468 ΗΕΖ
1695 409 1948 467 ECIELIS

1999 407 2226 463 CAPUT
2267 408 2425 462 XLII.
3456 409 3595 461 2754

347 533 629 591 tervallum
663 545 830 585 unum
859 529 1048 599 parieti
1077 529 1271 583 domus
1299 526 1354 579 in
1397 525 1661 577 lateribus
1691 537 1787 591 per
1812 519 1921 574 cir-
1951 523 1998 579 Α
2024 533 2145 572 rum
2169 559 2183 583 ,
2213 522 2278 585 Χ
2308 525 2362 571 et
2399 516 2627 571 latitudo
2665 519 2686 586 2
2719 520 3025 574 cubitorum
3062 520 3295 574 duorum
3334 537 3347 571 ε
3381 525 3436 572 ει
3474 532 3600 570 ροτ-

344 623 553 678 cuitum
588 622 654 686 Χ
678 634 772 688 per
797 618 1083 672 circuitum
1123 615 1172 682 2,
1210 621 1269 667 ut
1297 619 1441 667 esset
1469 604 1926 678 appreliendenti-
2031 625 2139 662 nua
2165 617 2320 662 erant
2346 607 2396 661 ei
2422 648 2436 670 ,
2474 617 2529 661 et
2558 608 2706 663 basis
2733 610 2850 679 ejus
2878 651 2892 674 ,
2925 619 2977 663 et
3002 611 3236 680 parietes
3265 609 3384 678 ejus
3416 609 3600 677 lignei.

345 713 448 768 bus
487 713 552 766 ad
582 709 894 772 videndum,
931 716 992 762 ut
1020 706 1247 761 omnino
1281 715 1392 756 non
1419 699 1797 769 contingerent
1826 710 1925 765 pa-
2032 700 2098 754 Et
2131 700 2269 754 dixit
2322 700 2388 753 ad
2419 714 2505 753 me
2548 718 2561 753 :
2603 698 2730 754 llaec
2779 715 2967 759 mensa
3005 739 3018 763 ,
3064 715 3184 768 quae
3221 715 3407 753 coram
3460 699 3596 754 facie

347 804 513 857 rietes
543 802 759 855 domus.
789 801 840 852 τ.
874 798 941 852 Et
966 795 1200 854 latitudo
1224 792 1413 846 lateris
1447 789 1749 860 superioris
1773 786 1928 856 juxta
2031 790 2249 845 Domini
2289 809 2302 846 :
2344 798 2398 845 et
2429 789 2550 844 duae
2588 789 2733 845 fores
2787 791 2988 859 templo
3017 833 3030 856 ,
3067 798 3122 844 et
3157 789 3487 844 Sanctuario
3524 791 3598 862 (a)

348 891 784 946 additamentum
819 889 1054 942 laterum
1099 900 1164 937 ex
1201 882 1405 952 pariete
1436 881 1502 933 ad
1539 878 1794 946 superius
1830 890 1928 944 Pe?
2032 882 2153 936 dua:
2188 880 2354 944 fores,
2387 880 2479 933 23.
2512 879 2601 932 9.4.
2637 879 2848 932 duabus
2886 879 3100 932 foribus
3132 879 3601 932 circumeunlibus

351 983 638 1035 circuitum
681 982 748 1045 Χ
786 993 883 1047 per
934 975 1226 1030 circuitum
1264 973 1286 1040 2
1330 971 1546 1031 domus,
1584 976 1644 1020 ut
1671 967 1930 1021 dilatetur
2033 986 2196 1040 super
2217 971 2532 1026 cardinibus
2556 987 2569 1023 :
2594 970 2714 1024 dua:
2735 969 2880 1024 fores
2909 970 3021 1034 uni,
3057 967 3414 1023 etduzefores
3435 979 3604 1037 portae

349 1073 546 1126 domus
583 1071 840 1138 desuper,
872 1075 925 1121 et
955 1081 1022 1120 ex
1053 1063 1294 1119 inferiori
1330 1058 1629 1115 ascendant
1656 1057 1722 1112 ad
1762 1071 1927 1123 supe—
2034 1063 2284 1118 secundae
2323 1081 2335 1116 :
2366 1062 2457 1116 25.
2495 1070 2549 1117 et
2582 1063 2836 1118 caelatura
2870 1077 3034 1130 super
3061 1061 3162 1124 eis,
3187 1068 3240 1114 et
3267 1075 3430 1129 super
3460 1059 3603 1114 fores

351 1162 517 1222 riora,
544 1167 597 1212 ct
621 1175 685 1212 ex
715 1157 907 1210 mediis
925 1170 1088 1224 super
1119 1167 1179 1207 οξ-
1210 1151 1468 1205 habentia
1501 1149 1602 1202 tria
1627 1155 1767 1201 tecta
1795 1145 1850 1198 8.
1877 1152 1932 1198 et
2034 1155 2219 1224 templi
2255 1154 2574 1220 Cherubim,
2625 1161 2678 1208 ει
2706 1154 2899 1222 palma;
2926 1152 3082 1221 juxta
3119 1153 3430 1205 emtam-am
3465 1151 3606 1203 san-

352 1249 550 1303 Tlirael
590 1249 613 1316 2
648 1247 846 1301 domus
876 1245 1103 1300 altitudo
1134 1257 1229 1311 per
1257 1240 1549 1294 circuitum
1587 1240 1654 1306 Χ
1693 1251 1792 1306 per
1827 1236 1933 1290 cir-

2033 1255 2267 1308 ctorum,
2285 1244 2356 1312 (b)
2385 1244 2589 1314 etligna
2616 1243 2960 1311 impudentiae
2976 1248 3165 1296 contra
3191 1239 3384 1294 faciem
3419 1237 3599 1292 Elam

357 1340 565 1394 cuitum
597 1337 648 1404 2,
673 1337 766 1406 (ιη)
797 1343 850 1389 et
872 1334 1210 1390 intervallum
1240 1332 1471 1385 laterum
1493 1330 1700 1400 aequale
1721 1327 1932 1382 calamo
2034 1333 2362 1397 forinsecus,
2388 1333 2480 1387 αθ.
2503 1343 2567 1388 .et
2599 1332 2857 1388 fenestrae
2888 1331 3222 1386 absconditae
3253 1349 3266 1385 :
3297 1339 3351 1385 et
3381 1344 3605 1384 mensus

357 1429 666 1482 eubitorum
704 1442 798 1480 sex
820 1465 834 1491 ,
874 1427 951 1495 (η)
987 1423 1353 1478 intervallum.
1388 1422 1443 1476 9.
1478 1421 1543 1474 Et
1572 1419 1802 1474 latitudo
1831 1435 1931 1488 pa-
2033 1433 2113 1478 est
2140 1423 2267 1476 hinc
2295 1434 2349 1476 et
2381 1424 2506 1478 inde
2530 1463 2544 1489 ,
2581 1423 2636 1477 in
2676 1421 2951 1491 laquearia
2989 1420 3166 1474 Elam
3199 1461 3213 1485 ,
3244 1419 3314 1490 (ο)
3349 1428 3402 1474 et
3435 1419 3605 1473 latera

359 1519 508 1572 rietis
533 1515 716 1570 lateris
758 1528 821 1569 αι-
851 1515 904 1568 in
939 1515 1006 1570 iis
1035 1518 1057 1585 2
1083 1531 1204 1585 qua:
1228 1514 1573 1568 extrinsecus
1607 1512 1922 1567 cubitorum
2033 1516 2230 1569 domus
2257 1515 2530 1584 cepulata.

359 1608 629 1676 quinque,
664 1605 737 1674 (ο)
765 1615 817 1659 et
847 1606 1058 1674 reliqua
1098 1607 1240 1659 inter
1281 1605 1454 1657 latera
1489 1603 1685 1657 domus
1710 1643 1724 1667 ,
1768 1602 1851 1655 10.
1880 1609 1934 1656 et
2102 1605 2236 1674 Cap.
2270 1605 2428 1660 XLII.
2460 1635 2529 1645 —
2557 1606 2612 1660 1.
2646 1605 2712 1659 Et
2745 1603 3052 1660 introduxit
3077 1616 3164 1654 me
3206 1601 3258 1654 in
3288 1601 3490 1654 atrium
3525 1600 3601 1653 iu-

356 1695 496 1750 inter
519 1696 768 1760 exedras,
796 1696 1027 1750 latitudo
1053 1697 1366 1751 cubitorum
1403 1693 1614 1762 viginti,
1641 1692 1934 1746 circumle-
2035 1697 2204 1752 terius
2241 1711 2303 1752 σι-
2343 1713 2535 1753 versus
2558 1697 2819 1751 orientem
2854 1699 2878 1767 ζ
2910 1703 3097 1750 contra
3127 1704 3363 1762 portam,
3389 1707 3510 1762 qua:
3537 1690 3606 1746 ad

353 1785 526 1838 rentia
541 1783 725 1839 domui
750 1799 845 1854 per
861 1784 1242 1851 circuitumx
1263 1781 1826 1850 percircuituin2.il.
1855 1780 1930 1850 (ρ)
2034 1789 2343 1858 aquilonem
2379 1809 2391 1844 ε
2427 1798 2480 1844 ει
2519 1789 2819 1844 introduxit,
2859 1803 2946 1842 me
2969 1827 2984 1849 ,
3025 1793 3079 1841 οι
3123 1800 3250 1840 ecce
3295 1785 3507 1839 exedra
3539 1798 3605 1838 -ι-

353 1870 421 1926 Εῑ
446 1883 616 1942 portae
643 1874 969 1928 exedrarum
1002 1887 1167 1940 super
1199 1873 1473 1940 reliquum
1515 1877 1686 1937 porta:
1731 1869 1928 1935 unius,
1959 1865 2004 1919 B
2031 1880 2272 1950 quinque
2309 1879 2334 1948 ς
2367 1879 2686 1949 propinqua,
2732 1879 2944 1946 reliquo
2968 1918 2984 1944 ,
3019 1887 3074 1931 ει
3104 1876 3426 1946 propinqua;
3458 1889 3608 1944 sepa.

350 1978 474 2033 (Ιιιθθ
510 1963 577 2016 ad
607 1963 921 2031 διιυὶιοηθῐη
957 1981 969 2016 ε
1008 1971 1063 2016 ει
1094 1962 1298 2016 οεῑίυῖη
1353 1976 1520 2014 unum
1549 1961 1614 2014 ad
1649 1969 1924 2023 ειιιεῑνιιηιο
2032 1972 2174 2026 ranti
2195 1971 2260 2024 ad
2287 1970 2619 2040 aquilonem,
2650 1969 2704 2022 2.
2739 1971 2806 2036 Χ
2830 1969 2905 2038 (d)
2935 1983 3129 2022 versus
3162 1967 3356 2022 faciem
3397 1965 3608 2034 2super

349 2063 406 2109 et
434 2054 667 2108 latitudo
694 2053 919 2107 luminis
956 2053 1161 2122 reliqui
1195 2052 1299 2105 loci
1342 2051 1590 2114 oratorii,
1623 2051 1932 2104 cubitorum
2034 2059 2248 2113 ουιιὶιοε
2287 2068 2506 2113 centum
2533 2058 2814 2128 longitudo
2841 2058 2908 2112 ad
2935 2057 3268 2126 aquilonem,
3298 2064 3352 2109 et
3381 2055 3607 2109 latitudo

354 2146 598 2214 quinque
635 2157 698 2198 -ι-
737 2144 966 2197 latitatio
993 2144 1350 2199 circumCil'Ca
1391 2141 1440 2206 ἶο
1481 2141 1564 2193 ἵει
1589 2141 1663 2209 ((1)
1699 2141 1764 2193 Et
1791 2140 1935 2208 ‘1"0d
2034 2148 2426 2219 quinquaginta
2473 2148 2782 2202 cubitorum
2844 2165 2859 2201 :
2897 2148 2951 2201 5.
2993 2146 3277 2216 descriptae
3300 2186 3313 2208 ,
3347 2145 3610 2214 quemad-

357 2243 577 2304 separat
607 2243 732 2288 ante
763 2233 954 2288 faciem
987 2233 1183 2300 reliqui
1209 2235 1277 2300 Χ
1299 2232 1386 2286 via
1425 2233 1446 2300 2
1483 2232 1626 2285 sicut
1657 2230 1724 2284 ad
1760 2245 1932 2295 mare,

2036 2239 2257 2294 modum
2296 2247 2468 2308 porta:
2501 2238 2626 2292 atrii
2674 2237 2952 2292 interioris
2977 2273 2994 2300 ,
3042 2244 3097 2290 et
3138 2234 3602 2305 quemadmodum

358 2326 428 2390 Χ
474 2323 780 2377 latitudinis
838 2322 863 2390 2
913 2322 1226 2376 cubitorum
1272 2321 1612 2390 septuaginta
1666 2319 1936 2384 latitudo,

2033 2328 2455 2383 intercolumnia
2503 2327 2627 2382 atrii
2677 2326 2966 2382 exterioris
2998 2325 3261 2381 ordinatae
3301 2333 3488 2379 contra
3531 2323 3611 2378 fa-

358 2411 584 2481 parietis
617 2411 919 2479 separantis
947 2409 1256 2464 cubitorum
1286 2410 1527 2478 quinque
1558 2408 1792 2462 latitudo
1823 2407 1936 2462 cir-

2035 2419 2172 2474 ciem
2205 2420 2286 2474 sui
2313 2419 2544 2473 invicem
2573 2419 2817 2488 porticus
2851 2418 3007 2472 trinae
3038 2435 3050 2470 :
3093 2418 3148 2471 4.
3185 2425 3239 2471 et
3267 2425 3458 2471 contra
3485 2429 3611 2470 exe-

358 2500 1160 2569 cumcirca,etlongitudoejus
1181 2501 1471 2570 nonaginta
1490 2499 1932 2553 cubitorumJ5.
2035 2511 2164 2565 dras
2209 2511 2584 2566 ambulacrum
2635 2509 2944 2564 cubitorum
2995 2509 3181 2563 decem
3229 2507 3490 2570 ιειίιυάο,
3543 2520 3610 2561 ,μ

349 2592 426 2645 Ει
458 2606 683 2646 mensus
707 2601 791 2645 est
820 2595 886 2658 Χ
917 2599 1108 2644 contra
1150 2592 1172 2659 2
1205 2591 1430 2644 domum
1465 2607 1479 2644 :
1516 2588 1805 2659 longitudo
1839 2603 1936 2643 cu-

2037 2616 2202 2671 super
2226 2584 2443 2656 cubitos
2463 2612 2681 2656 contum
2704 2599 2986 2670 longitudo
3019 2599 3066 2668 2,
3107 2602 3173 2668 Χ
3206 2598 3272 2669 (e)
3302 2599 3355 2651 in
3381 2598 3611 2652 interius

354 2683 595 2738 bitorum
647 2692 867 2737 centum
891 2722 908 2748 ,
945 2682 1017 2752 (τ)
1051 2687 1106 2735 et
1140 2681 1348 2750 reliqua
1369 2719 1384 2745 ,
1431 2689 1489 2736 et
1517 2681 1854 2749 separantia,
1883 2691 1938 2736 et

2043 2695 2068 2764 ζ
2106 2695 2244 2748 viam
2285 2694 2428 2747 ulna:
2454 2695 2619 2748 unius
2645 2733 2658 2756 ,
2688 2702 2743 2748 et
2773 2693 2914 2748 ostia
2944 2707 3133 2746 earum
3166 2692 3232 2744 ad
3257 2689 3570 2759 aquilonem
3593 2699 3625 2756 ,‘

364 2776 600 2844 parietes
614 2789 826 2841 eorum,
846 2772 1453 2844 iongitudocubitorum
1473 2780 1716 2827 centum.
1756 2774 1846 2827 14.
1871 2773 1936 2832 Et

2148 2795 2203 2839 et
2244 2784 2559 2839 ambulacra
2603 2785 2888 2852 superiora
2921 2781 3174 2837 similiter
3208 2797 3222 2832 :
3269 2781 3397 2849 quia
3428 2781 3613 2834 exibat

359 2869 588 2923 latitudo
638 2877 762 2923 ante
797 2867 991 2922 faeiem
1040 2866 1272 2934 domus.
1322 2867 1392 2938 (ε)
1434 2876 1488 2922 ει
1535 2867 1783 2936 reliqua.
1817 2881 1939 2936 quae
2037 2874 2517 2929 intercolumnium
2545 2911 2560 2937 ,
2593 2887 2659 2926 ex
2700 2887 2765 2926 eo
2793 2911 2808 2936 ,
2851 2887 2917 2926 ex
2971 2869 3213 2924 inferiori
3266 2883 3329 2923 -ι-
3377 2869 3612 2924 interco-

357 2971 572 3024 contra.
603 2959 914 3014 cubitorum
951 2966 1192 3013 centum.
1230 2958 1318 3012 15.
1352 2960 1416 3012 Et
1446 2973 1676 3014 mensus
1707 2966 1793 3014 est
1818 2958 1938 3012 lon-
2038 2965 2250 3019 lumnio
2273 3004 2288 3029 ,
2349 2973 2404 3018 et
2442 2964 2786 3018 intervallum
2829 2965 2853 3032 ζ
2900 2981 2914 3017 :
2957 2963 3038 3017 sic
3083 2961 3564 3016 intercolumnium
3595 3001 3611 3020 .

357 3052 657 3124 gitudinem
693 3051 1000 3121 separantis
1046 3058 1174 3104 ante
1215 3048 1410 3104 faciem
1461 3049 1662 3120 reliqui
1704 3064 1896 3104 eorum
1921 3089 1936 3116 ,
2037 3065 2092 3111 et
2137 3054 2479 3110 intervallum
2505 3096 2520 3120 ,
2565 3054 2620 3108 6.
2651 3067 2714 3109 οι-
2765 3062 2818 3108 et
2859 3053 2939 3109 sic
2991 3052 3236 3124 porticus
3267 3051 3289 3120 2
3325 3051 3496 3122 :quia
3545 3052 3612 3122 (f)

356 3158 480 3213 quae
507 3151 630 3212 Ροεῐ
664 3144 886 3195 domum
927 3140 1074 3194 illam
1096 3178 1112 3203 9
1172 3147 1226 3194 ει
1259 3139 1472 3208 reliqua
1505 3139 1632 3193 hinc
1677 3148 1732 3194 οι
1763 3138 1889 3194 inde
1913 3179 1926 3203 ν
1957 3185 2000 3241 C
2038 3147 2278 3217 triplices
2306 3153 2480 3210 erant,
2511 3154 2564 3200 et
2592 3146 2861 3202 columnae
2881 3160 2989 3199 non
3020 3153 3176 3199 erant
3209 3144 3311 3208 eis,
3353 3144 3494 3200 sicut
3517 3158 3609 3200 co-

357 3235 664 3290 cubitorum
690 3242 910 3288 centum
950 3247 1013 3288 +
1047 3231 1336 3301 longitudo
1365 3233 1388 3299 2
1422 3249 1437 3286 :
1469 3240 1524 3286 et
1556 3233 1847 3303 templum,
1877 3243 1934 3287 et
1962 3231 2000 3241 “”
2034 3237 2232 3292 lumnae
2255 3237 2584 3292 exteriorum
2611 3253 2624 3290 :
2659 3245 2878 3307 propter
2901 3238 3006 3291 hoc
3028 3237 3099 3307 (g)
3128 3235 3516 3291 exibantforas
3539 3237 3610 3292 ab

358 3326 565 3396 anguli,
607 3326 673 3397 (t)
703 3335 758 3379 et
801 3323 981 3378 Elam
1027 3324 1266 3379 exterius
1295 3365 1310 3390 ,
1346 3325 1692 3379 obumbrata.
1741 3325 1834 3380 16.
1865 3324 1932 3379 Et

2032 3327 2383 3382 inferioribus
2403 3366 2417 3392 ,
2446 3336 2499 3380 et
2525 3327 2718 3382 mediis
2745 3341 2778 3381 e
2824 3334 2966 3382 terra
3009 3330 3076 3394 Χ
3134 3327 3534 3397 quinquaginta
3560 3327 3608 3396 2.

343 3419 611 3474 fenestrae
651 3418 848 3472 retium
879 3416 1220 3470 sublucentia
1250 3431 1348 3485 per
1391 3417 1680 3472 circuitum
1723 3417 1927 3481 trium,
2033 3420 2084 3474 7.
2137 3418 2203 3472 Et
2234 3419 2418 3472 lumen
2465 3417 2772 3473 forinsecus
2801 3459 2816 3482 ,
2878 3416 3338 3486 quemadmodum
3400 3418 3614 3471 exedra:

344 3511 503 3565 sicut
527 3511 593 3563 ad
624 3507 1062 3580 prospiciendum
1092 3525 1106 3560 :
1139 3517 1194 3561 et
1221 3508 1420 3562 domus
1442 3548 1457 3573 ,
1485 3515 1541 3561 et
1567 3522 1688 3576 quae
1716 3507 1769 3560 in
1803 3521 1928 3576 pro-
2031 3511 2155 3566 atrii
2181 3511 2489 3575 exterioris,
2517 3510 2876 3579 respicientes
2897 3520 3086 3563 contra
3116 3506 3368 3572 exedras,
3403 3521 3462 3562 -t-
3491 3523 3614 3577 qua:

359 3601 566 3671 pinquo
598 3600 834 3654 obducta
863 3597 1024 3668 lignis
1061 3612 1156 3666 per
1186 3597 1476 3652 circuitum
1509 3600 1576 3666 Χ
1607 3613 1704 3667 per
1730 3598 1932 3652 circui-
2031 3606 2099 3659 ad
2153 3604 2468 3674 aquilonem
2535 3603 2582 3672 ζ,
2633 3600 2913 3670 longitudo
2961 3599 3274 3654 cubitorum
3334 3601 3610 3670 quinqua-

361 3704 474 3747 ιυῐη
505 3694 554 3760 ἓν
581 3705 644 3746 ’³-
673 3700 728 3745 ei
755 3702 954 3745 “mam
979 3690 1174 3744 domus
1209 3689 1259 3756 ξς
1289 3697 1346 3742 ei
1373 3703 1404 3741 ³
1435 3699 1580 3743 terra
1609 3689 1808 3743 domus
1835 3703 1929 3743 IIS-
2029 3698 2201 3766 ginta.
2231 3697 2288 3751 8.
2319 3695 2457 3761 Quia
2504 3693 2786 3765 longitudo
2832 3693 3154 3748 exedrarum
3208 3689 3611 3762 respicientium

360 3800 466 3854 que
499 3784 567 3838 ad
603 3782 870 3838 fenestras
903 3799 918 3834 :
953 3789 1008 3836 et
1036 3779 1294 3843 fenestrae
1325 3789 1574 3849 patentes
1622 3779 1931 3849 triplieiter,

2033 3788 2087 3840 in
2121 3787 2322 3841 atrium
2357 3786 2598 3841 exterius
2623 3794 2738 3840 erat
2759 3786 3068 3840 cubitorum
3097 3783 3492 3854 quinquaginta
3515 3825 3530 3849 ,
3558 3791 3613 3838 et

360 3877 504 3932 sicut
530 3876 596 3930 ad
620 3873 1083 3944 prospiciendum,
1111 3873 1202 3926 17.
1229 3885 1283 3927 et
1311 3886 1490 3940 usque
1510 3871 1578 3924 ad
1603 3870 1825 3924 domum
1851 3869 1932 3937 (α)
2035 3877 2118 3931 liae
2141 3884 2267 3931 sunt
2308 3885 2500 3930 contra
2534 3875 2727 3931 faciem
2756 3876 2844 3930 bis
2878 3894 2890 3929 :
2938 3891 3102 3929 omne
3139 3875 3449 3930 cubitorum
3481 3889 3612 3929 cen-

359 3967 718 4038 propinquam
750 3964 1046 4029 interioris,
1077 3973 1134 4020 et
1165 3979 1339 4034 usque
1371 3963 1440 4017 ad
1474 3963 1802 4018 exteriorem
1836 3978 1849 4014 :
1881 3969 1936 4014 et
2037 3975 2172 4020 tum.
2201 3965 2253 4020 9.
2285 3963 2352 4018 Et
2378 3974 2548 4035 porta
2586 3967 2908 4020 exedrarum
2952 3965 3147 4020 harum
3173 4005 3188 4031 ,
3220 3965 3478 4019 introitus
3524 3963 3612 4032 qui

361 4074 526 4129 super
562 4072 780 4112 omnem
827 4057 1089 4126 parietem
1129 4071 1224 4125 per
1254 4055 1544 4110 circuitum
1593 4057 1667 4122 Χ
1704 4069 1799 4124 per
1823 4054 1934 4108 cir-
2034 4057 2104 4112 ad
2131 4057 2429 4122 orientem,
2481 4056 2621 4111 sicut
2652 4061 2720 4109 ad
2773 4055 3187 4123 ingrediendum
3238 4070 3400 4124 super
3432 4054 3500 4109 iis
3545 4069 3613 4109 ex

361 4134 570 4204 cuitum‘
610 4149 635 4219 ζ
665 4148 1016 4210 intrinsecus,
1053 4153 1107 4200 el
1144 4146 1485 4201 extrinsecus
1524 4147 1592 4214 3K
1634 4143 1935 4210 mensum;
2037 4150 2176 4206 atrio
2195 4149 2477 4212 exteriori,
2507 4147 2595 4202 10.
2630 4161 2822 4201 versus
2847 4146 3064 4213 lumen,
3100 4147 3243 4214 quod
3269 4147 3322 4199 in
3345 4146 3613 4216 principio

361 4240 449 4295 18.
485 4240 590 4309 et2
625 4239 920 4294 Cherubim
955 4237 1161 4304 caelata,
1185 4245 1240 4292 et
1273 4237 1484 4307 palmae,
1510 4247 1566 4290 et
1586 4237 1763 4308 palma
1795 4237 1936 4291 inter
2037 4242 2339 4297 ambulacri
2367 4258 2382 4303 ;
2415 4248 2471 4295 et
2507 4254 2629 4309 quae
2661 4237 2727 4292 ad
2760 4247 3008 4292 austrum
3043 4251 3237 4291 versus
3268 4236 3465 4290 faciem
3508 4251 3610 4291 au-

343 4332 580 4386 -Cherub
607 4340 662 4386 et
691 4317 909 4385 Clierub
944 4345 958 4381 :
990 4331 1108 4384 duae
1138 4329 1307 4385 facies
1330 4329 1583 4384 Cherubo
1607 4373 1622 4395 ,
1651 4330 1738 4384 19.
1767 4329 1934 4384 facies
2036 4336 2168 4398 stri,
2204 4347 2396 4388 versus
2427 4331 2620 4387 faciem
2644 4330 2863 4399 reliqui,
2898 4343 2964 4385 σε·
3006 4338 3060 4385 et
3086 4344 3278 4389 versus
3311 4328 3502 4384 faciem
3529 4345 3609 4384 se-

362 4423 594 4477 liominis
622 4422 686 4476 ad
713 4421 949 4490 palmam
978 4421 1104 4475 hinc
1125 4429 1180 4474 et
1211 4421 1360 4486 hinc,
1389 4429 1443 4475 et
1472 4419 1642 4482 facies
1671 4420 1844 4475 leonis
1867 4421 1934 4475 ad
2035 4425 2285 4496 parantis
2335 4424 2383 4491 2,
2431 4435 2486 4479 et
2513 4423 2728 4479 exedra;
2752 4462 2768 4488 ,
2801 4423 2888 4476 11.
2923 4429 2978 4478 ct
3006 4422 3381 4477 ambulacrum
3426 4433 3614 4477 contra

360 4515 593 4583 palmam
626 4514 751 4568 inde
791 4524 843 4568 et
879 4514 1005 4568 inde
1030 4554 1045 4580 ,
1089 4513 1276 4568 caelata
1308 4521 1421 4568 tota
1450 4515 1649 4568 domus
1690 4515 1933 4569 circum-
1965 4525 2010 4584 ι)
2038 4517 2230 4572 faciem
2254 4517 2634 4586 earum,juxta
2651 4529 2941 4571 mensuras
2960 4515 3280 4571 exedrarum
3311 4517 3378 4582 Χ
3401 4515 3455 4569 in
3473 4515 3614 4570 viam

362 4605 528 4660 circa.
561 4605 649 4659 ‘20.
674 4603 719 4656 Α
748 4612 892 4657 terra
920 4604 1000 4673 (π)
1026 4618 1201 4672 usque
1222 4603 1289 4656 ad
1316 4604 1594 4673 laqueare,
1617 4604 1937 4670 Clierubim,
2045 4607 2066 4676 2
2103 4622 2225 4677 qua:
2254 4608 2321 4661 ad
2351 4607 2662 4677 aquilonem
2688 4645 2703 4670 ,
2735 4605 3038 4660 secundum
3081 4605 3477 4677 longitudinem
3517 4622 3614 4661 ea-

360 4705 416 4751 et
451 4696 644 4766 palmae
675 4694 878 4749 caelatae
918 4692 1017 4762 (y).
1050 4692 1143 4747 21.
1177 4692 1242 4746 Et
1291 4695 1690 4762 sanctuarium,
1719 4704 1774 4749 et
1803 4704 1938 4749 tem-
2037 4714 2182 4761 rum,
2209 4708 2263 4753 et
2303 4698 2606 4753 secundum
2635 4697 2976 4754 latitudinem
2998 4713 3209 4765 earum,
3233 4709 3287 4752 et
3316 4697 3616 4753 secundum

361 4788 508 4858 plum
532 4787 605 4859 (τ)
637 4796 827 4856 patens
848 4784 1307 4855 quadrangulum,
1331 4795 1456 4840 ante
1477 4785 1673 4841 faciem
1703 4785 1940 4842 Sancto-
2037 4807 2229 4846 omnes
2261 4792 2440 4847 exitus
2473 4805 2662 4845 earum
2688 4833 2702 4856 ,
2737 4797 2791 4844 et
2825 4790 3121 4846 secundum
3177 4803 3370 4843 omnes
3409 4789 3616 4843 reditus

362 4894 482 4933 rum
508 4878 670 4945 visio,
718 4879 864 4933 sicut
896 4875 1049 4930 frons
1077 4874 1169 4929 22.
1202 4876 1392 4930 altaris
1430 4877 1588 4948 ligni,
1627 4879 1937 4934 cubitorum
2037 4895 2249 4945 earum,
2277 4879 2350 4951 (It)
2382 4881 2750 4936 etsecundum
2777 4881 2984 4934 lumina
3009 4895 3219 4942 earum,
3248 4887 3300 4933 et
3318 4879 3615 4934 secundum

363 4969 531 5023 trium
579 4967 810 5022 altitudo
849 4965 1006 5036 ejus,
1033 4972 1088 5019 et
1129 4965 1410 5034 longitudo
1458 4967 1767 5024 cubitorum
1796 4969 1934 5024 duo-
2041 4973 2181 5028 ostia
2203 4973 2536 5038 earum,12.
2583 4973 3075 5042 exedrarum,quae
3118 4980 3306 5026 contra
3349 4977 3616 5033 austrum,

437 5212 530 5282 (m)
561 5211 644 5285 S.,
672 5227 704 5267 a
737 5212 1089 5285 fundamento
1128 5213 1408 5268 lateribus.
1488 5212 1565 5283 (η)
1601 5214 1686 5281 S.,
1722 5215 1876 5285 juxta
1900 5217 2166 5283 cubitum,
2195 5219 2288 5274 illa
2319 5219 2570 5274 latitudo.
2649 5218 2722 5285 (ο)
2761 5217 2853 5280 Α.,
2893 5213 3226 5285 intrinsecus
3247 5226 3378 5267 vero
3419 5211 3619 5285 domus

364 5281 529 5359 latera
560 5284 776 5359 domus,
819 5283 940 5348 Tli.,
989 5294 1049 5359 et_
1075 5287 1331 5359 quod-est
1356 5281 1542 5359 quies,
1575 5281 1737 5359 locus
1761 5288 1990 5359 laterum
2018 5281 2236 5359 domus.
2267 5357 2274 5359 Α
2336 5291 2410 5359 (υ)
2444 5290 2530 5355 S.,
2589 5281 2974 5359 po'rt'aautem,
3011 5282 3164 5359 lateri
3183 5283 3262 5359 λη
3291 5284 3616 5359 orationem.

366 5354 439 5426 (τι)
477 5353 560 5426 S._,
588 5354 812 5407 latitudo
827 5364 1006 5426 autem
1039 5351 1140 5408 loci
1163 5351 1600 5426 orationis.iTIt.,
1630 5356 1849 5425 quietis.
1924 5357 1994 5426 (r)
2029 5357 2151 5420 Tlt.,
2176 5369 2228 5414 et
2246 5351 2473 5425 Gaiera,
2498 5351 2553 5412 et
2578 5351 2721 5426 quod
2744 5357 2797 5408 in
2817 5355 3018 5408 medio.
3073 5353 3144 5426 (ε)
3174 5351 3260 5419 S.,
3279 5361 3333 5408 et
3358 5355 3620 5409 sectionis

365 5422 432 5498 ad
463 5423 744 5498 orientem.
817 5423 994 5498 (t)AS.,
1028 5433 1082 5479 et
1112 5426 1335 5498 exedra:
1355 5425 1478 5498 atrii
1521 5421 1966 5498 Stipe'rliminariu

2012 5444 2047 5482 I.
2127 5430 2205 5497 (α)
2257 5421 2469 5498 Ρνορθζ
2516 5421 2609 5498 _(x)'
2663 5423 2786 5486 Th.,
2841 5438 3015 5498 usque
3048 5421 3131 5498 ad
3178 5439 3342 5498 supra
3378 5433 3617 5498 portatu.

365 5491 444 5569 (ῃ)
485 5490 578 5569 §.,
607 5490 963 5569 ‘sicutparies
991 5495 1198 5562 templi.
1306 5494 1381 5564 (ς)
1422 5493 1504 5558 S.,
1546 5490 1965 5563 superliminare
1998 5490 2471 5569 quadrangulum;
2507 5490 2674 5569 facies
2715 5503 2894 5569 autem
2929 5490 3618 5569 similitudo‘Sanetuarii.
3668 5518 3676 5533 ί

367 5560 446 5628 (α)
477 5560 559 5636 S.,
583 5560 982 5636 duarumvero
1014 5560 1290 5636 portarum
1317 5560 1659 5634 unaquaeque
1689 5578 1840 5634 porta
1881 5577 1999 5622 erat
2017 5560 2154 5624 "duae
2186 5560 2432 5636 patentes
2455 5566 2708 5636 invicem.
2825 5562 2898 5636 (ὁ)
2928 5561 3011 5627 S.,
3043 5564 3426 5636 eterassitudo
3459 5563 3618 5636 ligni,

365 5632 512 5706 quod
550 5640 676 5685 ante
707 5633 1033 5706 vestibulum
1069 5633 1394 5698 forinsecus,
1439 5632 1602 5706 super
1631 5632 1740 5704 quo
1766 5635 2038 5693 fenestrae.
2144 5632 2213 5706 (ε’)
2238 5637 2320 5700 S.,
2345 5635 2648 5706 secundum
2677 5635 2843 5688 latera
2869 5632 3090 5706 domus.
3121 5642 3175 5706 et
3203 5632 3617 5706 Crassitudines.

367 5701 449 5775 (dt
476 5699 558 5764 S.,
586 5711 709 5756 ante
735 5703 1124 5775 longitltgdinem
1143 5712 1359 5775 centum
1401 5699 1734 5775 cubitorum.
1829 5709 1900 5775 (ε)
1938 5707 1972 5762 S

2016 5751 2018 5764 .
2057 5709 2122 5762 atl
2151 5699 2415 5761 interiora
2453 5703 2776 5775 respiciens.
2810 5774 2814 5775 ί
2859 5703 2926 5775 (ί)
2951 5703 3035 5768 S.,
3072 5703 3319 5775 habentia
3349 5701 3454 5775 tria
3481 5709 3621 5754 tecta

367 5771 509 5822 enim
535 5779 708 5846 erant.
763 5773 1003 5842 tantm,
1031 5773 1424 5846 colligebantur
1453 5774 1615 5828 simul
1638 5777 1759 5844 plus
1790 5770 2162 5844 inferioribus,
2204 5785 2258 5832 et
2297 5776 2419 5846 plus
2454 5773 2669 5827 mediis.
2751 5774 2826 5844 (It)
2874 5770 2956 5839 S.,
3005 5783 3060 5827 et
3105 5772 3291 5826 talium
3331 5770 3620 5824 modorum

367 5852 496 5893 vero
527 5848 581 5894 et
614 5841 745 5896 tales
774 5854 938 5912 portae
969 5841 1479 5900 earum’secundum
1510 5841 1651 5900 ostia
1667 5847 2012 5903 exedrarum.
