4064 6408
456 357 600 411 9-7ΐῶ

1564 350 1792 405 CODEX
1835 350 2635 408 SYIilMIO—IIEXAPLARIS.

3582 362 3725 417 275τί

459 482 512 523 ct
546 469 840 523 secundum
876 468 934 537 (ἰ)
969 467 1126 529 ostia,
1165 482 1286 534 (pta:
1329 482 1358 520 a
1399 467 1668 537 principio
1713 469 2036 531 atnbulacri,
2069 476 2111 530 Α
2145 470 2242 521 dio
2277 469 2474 523 domus
2509 467 2722 523 lsraelis
2757 468 2811 523 in
2840 469 3251 538 sempiternum.
3284 469 3349 524 Et
3393 486 3500 526 non
3530 478 3712 543 profa-

462 572 635 626 usque
657 559 723 610 ad
749 558 930 611 lumen
959 557 1220 610 momenti
1235 557 1453 618 calami,
1478 570 1529 611 et
1562 574 1754 614 versus
1771 560 2036 613 orientem

458 649 524 701 ad
572 650 983 716 ingrediendum
1036 663 1199 717 super
1238 648 1326 702 iis.
1370 649 1451 703 l5.
1491 648 1553 702 Et
1582 650 1719 703 dixit
1774 650 1839 703 ad
1897 664 1982 703 me
2018 668 2031 703 :

459 738 683 792 lixedraz
716 755 837 808 qua:
869 739 936 793 ad
965 739 1280 807 aquilonem
1310 780 1324 804 ,
1360 748 1411 792 ct
1444 741 1656 793 exedrze
1684 755 1805 809 qum
1842 741 1907 794 ad
1937 756 2035 793 au-

456 840 630 884 strum
658 870 672 894 ,
702 846 824 899 qum
858 839 987 883 sunt
1016 845 1208 884 versus
1236 829 1436 884 faciem
1473 831 1920 894 intervallorum,
1952 831 2033 884 ha:

456 930 583 974 sunt
620 923 830 975 exedra:
879 920 1231 985 Sanctuarii,
1270 922 1325 975 in
1370 922 1566 990 quibus
1619 924 1908 977 comedent
1956 924 2031 977 ibi

454 1013 791 1077 sacerdotes,
824 1013 916 1067 lilii
949 1012 1185 1077 Sadduc,
1219 1014 1717 1083 appropinquantes
1740 1014 1809 1068 ad
1842 1014 2027 1069 Domi-

456 1117 604 1167 num,
641 1103 696 1157 in
756 1114 939 1160 sancta
970 1100 1295 1156 Sanctorum
1320 1142 1335 1166 ,
1365 1112 1418 1157 ct
1458 1103 1529 1158 iui
1576 1113 1780 1172 ponent
1827 1104 2026 1165 Sancta

469 1204 803 1260 sanctorum,
837 1205 891 1248 (ἰ
922 1195 1249 1249 sacrificium
1273 1236 1287 1260 ,
1314 1204 1367 1248 et
1400 1212 1521 1264 quae
1550 1212 1647 1265 pro
1681 1207 1929 1266 peccato,
1973 1207 2028 1252 et

453 1302 575 1352 qtue
633 1302 731 1355 pro
775 1288 1113 1355 ignorantia,
1165 1288 1295 1357 quia
1341 1289 1495 1342 locus
1534 1297 1758 1343 sanctus
1790 1298 1894 1343 est.
1934 1289 2021 1343 14.

451 1371 569 1431 Non
595 1378 967 1447 ingrediantur
996 1378 1124 1433 illuc
1150 1387 1343 1447 praeter
1373 1380 1705 1443 sacerdotes,
1736 1394 1843 1433 non
1867 1394 2024 1449 egre—

451 1469 669 1522 dientur
714 1484 775 1522 ex
819 1467 1146 1524 Sanctuario
1201 1471 1253 1522 in
1290 1469 1490 1522 atrium
1535 1471 1813 1535 exterius,
1843 1483 1907 1526 σε-
1964 1479 2025 1523 ut

450 1578 662 1629 semper
688 1564 862 1617 sancti
882 1563 1012 1627 sint,
1037 1564 1130 1633 qui
1153 1564 1390 1618 offerunt
1415 1564 1439 1633 1
1462 1581 1476 1617 :
1510 1563 1579 1632 (k)
1602 1575 1654 1617 et
1680 1578 1785 1617 non
1804 1570 2023 1633 tangent

447 1656 619 1709 stolas
648 1670 865 1719 eorum,
891 1655 1092 1724 quibus
1116 1656 1432 1708 ministrant
1458 1656 1510 1707 in
1544 1655 1642 1716 eis,
1676 1654 1803 1723 quia
1834 1664 2018 1709 sancta

446 1757 574 1802 sunt
612 1764 626 1799 :
669 1756 723 1801 et
766 1748 991 1801 induerit
1015 1749 1338 1801 vestimenta
1371 1747 1474 1800 alia
1501 1785 1517 1813 ,
1545 1747 1764 1816 quando
1797 1757 2021 1817 tangent

450 1838 728 1907 populum.
749 1838 837 1893 15.
864 1837 929 1890 Ει
959 1846 1334 1891 consummata
1355 1846 1438 1890 est
1461 1837 1795 1892 meusuratio
1822 1837 2019 1892 domus

449 1928 795 1982 intrinsecus.
833 1926 897 1981 Et
928 1926 1113 1981 eduxit
1144 1942 1230 1980 me
1263 1941 1427 1996 super
1474 1928 1557 1980 via
1596 1935 1766 1996 portae
1791 1970 1805 1993 ,
1840 1929 2017 1997 reSpi-

446 2019 641 2075 cientis
673 2020 738 2073 ad
776 2019 1039 2073 orientem
1068 2059 1083 2083 ,
1124 2026 1178 2073 et
1222 2033 1446 2073 mensus
1470 2029 1555 2072 est
1583 2020 1889 2089 exemplum
1923 2021 2021 2075 do-

450 2125 569 2163 mus
613 2107 967 2162 circumcirca
1022 2107 1074 2159 in
1122 2107 1333 2162 ordine.
1392 2109 1479 2162 16.
1530 2107 1592 2161 Ει
1629 2109 1778 2163 stetit
1829 2124 2018 2165 versus

444 2210 689 2253 austrum
716 2207 903 2267 portae,
937 2198 1276 2266 respicientis
1299 2199 1363 2252 ad
1392 2200 1680 2264 orientem,
1710 2198 1764 2254 et
1794 2216 2019 2255 mensus

441 2300 525 2344 est
556 2290 883 2360 quingentos
917 2288 971 2342 in
1014 2288 1224 2342 calamo
1252 2303 1544 2344 mensurae.
1580 2289 1667 2343 17.
1710 2288 1772 2342 Et
1802 2305 1860 2346 se
1892 2306 2017 2345 ver-

446 2382 509 2435 tit
536 2380 602 2434 ad
634 2378 974 2449 aquilonem,
996 2386 1049 2433 et
1073 2393 1297 2434 mensus
1313 2389 1396 2434 est
1423 2381 1485 2434 id-
1500 2380 1645 2450 quod
1666 2389 1792 2435 ante
1822 2380 2015 2435 faciem

441 2471 712 2539 aquilonis
736 2511 751 2535 ,
787 2473 1000 2526 cubitos
1028 2475 1358 2543 quingentos
1387 2476 1443 2529 in
1476 2475 1688 2530 calamo
1718 2488 1994 2529 mensura:

444 2563 530 2616 18.
568 2564 632 2616 lat
670 2579 729 2618 sc
757 2565 914 2618 vertit
936 2564 1002 2618 ad
1044 2581 1191 2619 male
1214 2607 1230 2632 ,
1262 2575 1317 2620 et
1347 2580 1568 2621 mensus
1594 2564 1851 2639 estquod
1896 2580 2015 2617 ver-

442 2668 538 2707 sus
571 2653 762 2707 faciem
797 2654 967 2707 maris
989 2692 1004 2714 ,
1051 2656 1379 2726 quingentos
1412 2655 1467 2708 in
1508 2654 1718 2709 calamo
1744 2667 2015 2708 mensulae

440 2747 508 2812 ξι(
540 2760 635 2813 per
668 2745 958 2799 circuitum
1003 2745 1054 2813 1.
1095 2745 1183 2800 I9.
1221 2744 1285 2800 Et
1330 2761 1391 2801 se
1424 2745 1587 2800 vertit
1613 2744 1681 2800 ad
1727 2753 2009 2807 austrum,

437 2844 493 2889 et
515 2849 738 2890 mensus
753 2843 836 2888 est
859 2849 1050 2891 versus
1068 2844 1340 2901 austrum,
1363 2833 1693 2904 quingentos
1726 2834 1780 2888 in
1802 2834 2013 2889 calamo

439 2941 710 2982 mensurae
737 2964 753 2991 ,
784 2926 875 2981 $0.
921 2925 975 2980 in
1005 2920 1238 2995 quatuor
1279 2936 1414 2980 vero
1446 2932 1631 2993 partes
1671 2940 1899 2981 mensus
1929 2935 2014 2982 est

435 3018 626 3073 eodem
654 3016 866 3071 calamo
891 3032 907 3070 :
932 3025 988 3071 et
1014 3014 1285 3086 disposuit
1306 3013 1507 3084 ipsum,
1533 3024 1586 3068 et
1611 3030 1793 3085 sepem
1818 3033 2009 3071 eorum

436 3126 531 3193 per
563 3109 880 3172 circuitum,
911 3106 1337 3177 quingentorum
1370 3104 1683 3160 cubitorum
1720 3108 1786 3162 ad
1817 3109 2009 3163 orien-
2037 3134 2081 3193 ε

437 3188 544 3257 tem
565 3242 580 3267 ,
615 3209 671 3255 et
710 3198 1134 3271 quingentorum
1162 3195 1474 3259 cubitorum
1524 3196 1869 3253 latitudinem
1891 3238 1907 3262 ,
1942 3200 2009 3252 ad

435 3289 883 3363 distinguendum
916 3286 1062 3342 inter
1102 3284 1302 3340 Sancta
1336 3294 1390 3340 et
1430 3285 1581 3341 inter
1628 3287 2007 3353 antemurale,

434 3385 583 3454 quod
611 3380 823 3437 ordinis
856 3379 1073 3435 domus.

504 3475 642 3547 Cap.
673 3471 858 3529 XLIII.
892 3500 965 3514 -—
1004 3469 1054 3524 I.
1092 3468 1159 3522 Et
1203 3469 1432 3525 adduxit
1470 3487 1558 3525 me
1591 3486 1754 3541 super
1786 3481 2007 3541 portam

436 3565 819 3635 respicientem
862 3560 1242 3625 morientem,
1280 3573 1341 3616 -ι-
1368 3570 1421 3614 ct
1449 3562 1605 3615 duxit
1651 3578 1738 3617 rue
1776 3562 1824 3628 1.
1856 3561 1910 3615 2.
1943 3561 2011 3615 Et

433 3666 566 3711 eoeo
590 3652 781 3723 «gloria
806 3650 921 3706 Dei
966 3648 1181 3705 Israelis
1225 3652 1474 3707 veniebat
1508 3668 1672 3722 super
1710 3655 1795 3708 via
1840 3664 2011 3723 porta:

437 3743 785 3816 respicientis
825 3758 1019 3798 versus
1078 3745 1378 3808 orientem,
1428 3754 1482 3801 et
1516 3761 1620 3801 vox
1677 3755 2005 3813 castrorum,

436 3835 583 3890 sicut
607 3847 711 3888 vox
746 3834 1039 3888 multorum
1068 3835 1461 3903 duplicantium
1501 3847 1594 3891 :et
1619 3846 1761 3891 terra
1796 3838 2009 3894 lucebat

434 3925 576 3981 sicut
605 3924 861 3995 splendor
890 3940 921 3979 a
969 3926 1138 3993 gloria
1176 3923 1397 3980 Domini
1443 3925 1822 3992 circumcirca,
1866 3929 1919 3983 5.
1953 3936 2009 3984 et

438 4014 597 4080 visio,
624 4029 787 4084 quant
814 4015 938 4080 vidi,
966 4015 1266 4070 secundum
1291 4017 1578 4084 visionem,
1605 4033 1770 4088 quam
1788 4020 1919 4085 vidi,
1943 4020 2007 4091 (1)

432 4122 602 4175 quum
638 4107 949 4178 ingrederer
983 4109 1048 4162 ad
1077 4110 1385 4180 ungendum
1420 4110 1630 4164 urbem.
1666 4108 1734 4164 Et
1765 4113 1903 4165 visio
1940 4126 2005 4168 -ι-

430 4215 626 4255 currus
660 4198 681 4266 1
715 4213 878 4267 quem
910 4201 1041 4265 vidi,
1066 4202 1364 4255 secundum
1393 4201 1681 4267 visionem,
1713 4217 1877 4270 quam
1900 4202 2006 4256 vidi

432 4305 598 4360 super
617 4288 844 4344 ﬂuvium
862 4288 1085 4345 Chobar
1111 4300 1189 4346 :et
1206 4291 1359 4346 cado
1393 4306 1557 4361 super
1582 4291 1779 4346 faciem
1803 4308 2002 4359 meam,

432 4381 488 4435 4.
524 4391 577 4434 et
617 4381 787 4448 gloria
816 4380 1035 4435 Domini
1088 4382 1333 4450 ingressa
1365 4381 1527 4436 estin
1553 4382 1778 4436 domum
1807 4423 1821 4447 ,
1846 4397 2009 4452 super

2143 558 2348 611 nubunt
2410 558 2641 625 amplius
2695 559 2892 614 domus
2946 559 3161 616 lsraelis
3211 578 3407 616 nomen
3466 576 3713 622 sanctum

2143 665 2345 712 meum,
2384 650 2507 716 ipsi,
2541 659 2594 703 et
2618 650 2783 704 duces
2806 666 2993 704 eorum
3022 652 3074 705 in
3112 654 3442 709 scortatione
3469 671 3589 722 sua,
3619 660 3714 725 (nt)

2136 749 2189 792 et
2219 739 2271 791 in
2301 739 2541 793 caedibus
2575 739 2776 794 ducum
2817 741 2871 794 in
2905 742 3084 797 medio
3117 743 3224 807 sui,
3259 744 3313 796 8.
3346 754 3399 799 et
3428 747 3518 816 qui
3546 762 3712 817 pone-

2136 827 2273 883 bant
2305 829 2471 884 limen
2499 844 2679 883 meum
2706 830 2758 883 in
2784 831 3063 887 liminibus
3091 834 3228 895 suis,
3251 843 3305 889 et
3331 837 3711 905 superlimina-

2134 918 2214 972 ria
2267 934 2384 975 mea
2420 921 2726 992 propinqua
2761 923 3276 991 superlitninaribus
3321 928 3436 982 suis
3478 947 3493 981 :
3533 939 3587 983 et
3616 932 3712 985 de-

2133 1010 2332 1065 derunt
2364 1012 2623 1080 parietem
2674 1029 2853 1068 meum
2886 1015 3028 1069 sicut
3075 1018 3468 1074 connexiOnem
3512 1021 3614 1074 mei
3655 1033 3711 1077 et

2132 1101 2240 1161 sui,
2270 1112 2324 1154 et
2365 1101 2728 1170 profanarum
2760 1119 2953 1159 nomen
2990 1117 3243 1161 sanctum
3294 1124 3474 1164 meum
3503 1112 3557 1164 in
3594 1112 3703 1166 ini-

2129 1190 2432 1259 quitalibus
2465 1194 2614 1258 suis,
2650 1211 2788 1265 quas
2833 1195 3150 1252 faciebant:
3185 1208 3239 1254 et
3291 1203 3570 1256 consumsi
3613 1218 3713 1257 eos

2128 1283 2182 1334 in
2217 1281 2403 1338 furore
2434 1300 2574 1351 meo,
2604 1301 2667 1342 -ιο
2703 1298 2756 1342 et
2785 1290 2838 1343 in
2871 1289 3149 1345 occisione
3178 1291 3224 1360 1.
3262 1292 3315 1345 9.
3355 1291 3510 1350 Nunc
3539 1297 3712 1364 repel-

2126 1372 2240 1427 lant
2272 1377 2657 1433 scortationem
2681 1394 2860 1446 suam,
2887 1392 2939 1436 et
2972 1383 3148 1437 cedes
3180 1383 3380 1438 ducum
3410 1401 3633 1442 suorum
3673 1405 3707 1445 a

2126 1479 2230 1529 me,
2248 1474 2303 1519 et
2319 1470 2702 1524 commorabor
2720 1471 2772 1524 in
2801 1470 2981 1525 medio
2998 1486 3187 1526 eorum
3213 1473 3267 1526 in
3289 1476 3704 1543 sempiternum.

2126 1553 2212 1608 10.
2247 1554 2314 1610 Ει
2341 1565 2419 1624 tu,
2457 1558 2531 1612 fili
2565 1560 2806 1615 hominis
2829 1601 2843 1625 ,
2881 1560 3109 1615 ostende
3134 1562 3321 1616 domui
3356 1561 3568 1619 Israclis
3601 1565 3705 1619 do-

2122 1662 2294 1713 mum,
2321 1656 2375 1701 et
2404 1663 2463 1702 se
2486 1650 2821 1705 cohibebant
2844 1666 2874 1703 a
2906 1652 3145 1720 peccatis
3168 1654 3285 1708 suis
3310 1672 3324 1710 :
3356 1655 3431 1724 (η)
3458 1664 3511 1709 et
3536 1656 3705 1711 visio-

2122 1754 2246 1792 nem
2282 1739 2420 1807 ejus,
2452 1749 2506 1793 et
2534 1742 2780 1796 ordinem
2803 1741 2948 1811 ejus,
2992 1743 3074 1796 ll.
3104 1753 3159 1799 et
3190 1744 3267 1797 illi
3296 1746 3562 1815 accipient
3587 1756 3704 1801 tor-

2121 1838 2361 1884 mentum
2389 1846 2548 1884 suum
2580 1848 2681 1901 pro
2701 1833 2959 1888 omnibus
2983 1872 2998 1897 ,
3032 1850 3153 1903 quae
3191 1835 3460 1891 fecerunt.
3506 1836 3573 1890 Et
3602 1840 3700 1893 de-

2120 1922 2327 1977 scribes
2348 1921 2596 1989 domum,
2623 1926 2689 1992 χ(
2718 1934 2771 1979 et
2795 1927 3241 1995 praeparationem
3274 1928 3396 1997 ejus
3435 1928 3482 1997 1,
3503 1939 3556 1983 et
3579 1930 3701 1983 exi-

2121 2022 2209 2067 tus
2238 2014 2379 2081 ejus,
2420 2017 2488 2084 X
2520 2025 2572 2070 et
2616 2015 2874 2071 introitus
2910 2017 3031 2085 ejus
3077 2019 3097 2087 1
3141 2018 3213 2088 (ο)
3248 2028 3304 2073 et
3333 2018 3699 2075 substantiam

2118 2105 2259 2175 ejus,
2300 2117 2356 2161 et
2391 2108 2576 2163 omnia
2619 2118 2892 2180 praaccpta
2937 2110 3057 2179 ejus
3083 2148 3098 2172 ,
3127 2122 3184 2166 et
3239 2111 3424 2166 omnia
3454 2112 3695 2183 legitima

2118 2197 2237 2267 ejus
2262 2239 2280 2263 ,
2311 2203 2378 2267 χ
2413 2207 2467 2253 et
2501 2214 2693 2255 omnes
2726 2201 2876 2272 leges
2922 2201 3043 2270 ejus
3092 2203 3115 2270 1
3152 2217 3482 2273 cognoscere
3527 2203 3699 2259 facies

2118 2304 2232 2354 eos,
2258 2300 2313 2344 et
2332 2290 2610 2346 describes
2629 2307 2813 2348 coram
2842 2294 2944 2359 eis,
2971 2303 3024 2348 et
3043 2296 3351 2350 custodient
3397 2297 3579 2350 omnia
3605 2296 3700 2365 ju-

2118 2378 2478 2436 stiflcationes
2500 2396 2671 2444 meas,
2695 2390 2749 2435 et
2773 2383 2955 2437 omnia
2974 2394 3240 2452 praecepta
3258 2400 3398 2448 mea,
3421 2395 3475 2440 et
3499 2386 3700 2441 facient

2116 2479 2181 2518 ea
2214 2482 2230 2518 ;
2259 2466 2346 2521 12.
2376 2477 2432 2521 ct
2460 2468 2884 2535 descriptionem
2917 2470 3114 2526 domus
3130 2487 3295 2539 super
3314 2475 3514 2529 vertice
3537 2491 3697 2529 mon-

2119 2554 2206 2631 tis.
2245 2569 2437 2609 omnes
2485 2558 2702 2610 termini
2732 2558 2856 2625 ejus
2895 2560 3253 2615 circumcirca
3286 2560 3483 2617 Sancta
3518 2562 3696 2617 Sanc-

2118 2652 2294 2696 torum
2331 2648 2397 2710 Β(
2426 2654 2555 2699 sunt
2583 2664 2596 2698 :
2637 2646 2750 2700 hazc
2784 2649 2866 2701 lex
2907 2648 3175 2719 domus1.
3205 2651 3292 2704 15.
3320 2651 3383 2706 Et
3408 2654 3520 2706 haec
3543 2669 3695 2705 men-

2115 2749 2258 2788 sura:
2287 2735 2476 2791 altaris
2506 2737 2558 2789 in
2592 2738 2778 2793 cubito
2808 2740 2976 2794 cubiti
3005 2743 3074 2810 Ἀ(
3106 2752 3161 2797 et
3190 2743 3356 2798 cubiti
3390 2746 3453 2812 1,
3494 2752 3547 2796 ct
3580 2744 3698 2810 pal-

2117 2825 2188 2879 mi
2221 2827 2296 2896 (p)
2345 2827 2497 2881 sinus
2526 2826 2871 2897 profunditas
2906 2845 3069 2900 super
3093 2833 3363 2895 cubitum,
3398 2842 3454 2888 et
3475 2833 3695 2888 cubitus

2115 2916 2367 2980 latitudo,
2394 2928 2448 2971 ct
2473 2918 2625 2987 gisus
2645 2933 2809 2986 super
2826 2920 2971 2975 labio
2993 2920 3113 2989 ejus
3139 2922 3498 2977 circumcirca
3524 2923 3690 2992 palmi

2115 3010 2183 3075 χ(
2215 3007 2377 3063 unius
2416 3010 2463 3078 1.
2500 3007 2565 3063 Et
2602 3008 2719 3063 haec
2745 3010 2978 3064 altitudo
3011 3010 3201 3066 altaris
3232 3012 3318 3066 14.
3361 3027 3392 3066 a
3418 3012 3690 3081 profundo

2113 3099 2325 3155 exordii
2359 3099 2750 3168 profunditatis
2796 3102 2918 3168 ejus
2948 3102 3017 3157 ad
3056 3102 3496 3172 propitiatorium
3542 3120 3693 3173 mag-

2116 3206 2246 3245 num
2271 3229 2286 3254 ,
2318 3192 2424 3245 hoc
2466 3192 2675 3255 subter,
2716 3192 3026 3248 cubitorum
3057 3193 3292 3248 duorum
3316 3233 3334 3255 .
3361 3202 3415 3250 et
3465 3196 3690 3250 latitudo

2114 3283 2285 3337 cubiti
2335 3300 2348 3335 :
2390 3294 2445 3337 et
2478 3298 2508 3337 a
2540 3283 2925 3353 prepitiatorio
2955 3299 3125 3354 parvo
3158 3300 3325 3355 super
3373 3285 3690 3356 propitiato-

2113 3374 2257 3430 rium
2290 3389 2571 3445 magnum,
2606 3375 2780 3430 cubiti
2804 3360 3069 3445 quatuor,
3108 3385 3162 3431 et
3184 3377 3417 3433 latitudo
3446 3377 3685 3434 cubitus.

2108 3466 2201 3522 15.
2232 3466 2299 3521 Ει
2325 3466 2475 3522 Ariel
2499 3467 2808 3522 cubitorum
2836 3476 3096 3536 quatuor,
3119 3478 3173 3523 et
3194 3469 3264 3523 ab
3279 3469 3428 3524 Ariel
3452 3478 3507 3525 et
3528 3485 3694 3540 super

2114 3573 2322 3613 cornua
2377 3558 2618 3613 cubitus.
2674 3557 2762 3612 16.
2824 3558 2888 3611 Et
2923 3560 3099 3628 ipsum
3161 3560 3346 3627 Ariel,
3380 3561 3691 3615 cubitorum

2114 3650 2403 3706 duodecim
2446 3650 2760 3719 longitudo,
2794 3665 2960 3719 super
2986 3651 3202 3705 cubitos
3237 3650 3527 3706 duodecim
3560 3653 3689 3706 lati-

2112 3741 2263 3805 tudo,
2292 3740 2734 3811 quadrangulum
2757 3757 2925 3809 super
2956 3751 3195 3811 quatuor
3220 3754 3403 3812 partes
3424 3745 3564 3813 ejus.
3606 3745 3692 3800 l7.

2112 3834 2175 3887 Et
2206 3835 2668 3905 propitiatorium,
2698 3835 3016 3889 cubitorum
3062 3837 3479 3904 quatuordecim
3513 3837 3693 3906 longi-

2112 3928 2244 3982 tudo
2267 3967 2285 3994 ,
2319 3943 2482 3995 super
2521 3927 2740 3982 cubitos
2779 3927 3197 3996 quatuordecim
3243 3928 3505 3995 latitudo,
3551 3945 3693 3999 qua-

2109 4018 2437 4088 drangulum
2472 4031 2637 4086 super
2662 4025 2903 4085 quatuor
2935 4025 3123 4086 partes
3153 4017 3275 4086 ejus
3309 4036 3323 4072 :
3358 4018 3434 4088 (ᾳ)
3459 4029 3511 4072 et
3537 4020 3694 4089 gisus

2110 4109 2231 4176 ejus
2259 4108 2622 4163 circumcirca
2646 4122 2849 4177 gyrans
2877 4107 3014 4161 illud
3045 4108 3335 4163 dimidium
3368 4110 3538 4164 cubiti
3572 4127 3586 4163 :
3617 4109 3691 4181 (r)

2111 4207 2164 4253 et
2181 4199 2446 4254 circuitus
2468 4198 2590 4268 ejus
2608 4198 2830 4253 cubitus
2857 4199 3241 4263 circumcirca,
3268 4208 3325 4253 et
3340 4201 3540 4269 gradus
3567 4202 3691 4270 ejus

2113 4292 2466 4360 respicientes
2494 4305 2684 4344 versus
2714 4291 3006 4345 orientem.
3060 4291 3143 4345 l8.
3176 4289 3244 4344 Et
3280 4291 3418 4345 dixit
3445 4291 3513 4347 ad
3544 4307 3633 4347 me
3670 4309 3687 4348 :

2111 4382 2211 4436 Fili
2248 4382 2524 4451 hominis“
2555 4380 2672 4435 haec
2700 4381 2831 4435 dicit
2879 4381 3144 4437 Dominus
3197 4380 3463 4438 Dominus
3499 4401 3514 4438 :
3560 4381 3691 4437 Hac

437 4472 520 4524 via
563 4480 731 4539 porta:
775 4470 1117 4538 respicientis
1148 4472 1201 4524 in
1240 4472 1529 4527 orientem.
1584 4473 1637 4527 5.
1679 4475 1746 4528 lLt
1786 4476 2006 4530 sustulit
2034 4482 2083 4542 1)
2110 4482 2376 4543 praecepta
2395 4472 2649 4527 altarisin
2674 4472 2761 4526 die
2783 4471 3083 4529 eﬂ'cctionis
3107 4473 3246 4543 ejus,
3272 4473 3338 4527 ad
3351 4474 3686 4529 ollerendum

434 4574 523 4614 me
576 4557 825 4627 spiritus,
862 4568 917 4612 ct
951 4558 1252 4613 introduxit
1279 4574 1368 4613 me
1399 4560 1453 4613 in
1484 4560 1684 4615 atrium
1726 4562 1955 4615 interius
1992 4580 2006 4615 :

433 4661 490 4706 et
513 4665 642 4705 ecce
680 4651 838 4720 plena
883 4649 1069 4720 gloriae
1096 4648 1314 4705 Domini
1362 4650 1578 4707 domus.
1613 4650 1664 4704 6.
1699 4665 1759 4706 αξ-
1787 4650 1854 4705 Ει
1884 4654 2010 4707 steti

439 4743 487 4815 1,
516 4750 572 4796 et
601 4755 733 4797 ecce
759 4756 862 4794 vox
898 4741 1173 4810 loquentis
1205 4740 1273 4795 ad
1306 4756 1394 4796 me
1425 4755 1458 4797 e
1481 4742 1665 4807 domo,
1698 4752 1751 4796 et
1782 4742 1867 4796 vir
1897 4754 2008 4799 sta-

431 4838 526 4890 bat
548 4844 722 4905 prope
744 4832 813 4888 ad
846 4847 954 4898 me,
987 4833 1037 4886 7.
1068 4842 1123 4889 et
1150 4833 1290 4888 dixit
1325 4833 1391 4888 ad
1422 4848 1511 4887 me
1546 4851 1558 4886 :
1591 4830 1695 4887 Fili
1725 4833 1963 4888 hominis
1994 4872 2009 4899 ,

432 4928 615 4985 vidisti
652 4928 834 4983 locum
878 4926 1061 4982 throni
1100 4926 1226 4992 mei,
1252 4936 1311 4981 et
1341 4927 1522 4982 locum
1558 4928 1772 4997 vestigii
1803 4927 2004 4997 pedum

431 5020 719 5077 meorum?
756 5020 812 5073 in
843 5020 1042 5089 quibus
1075 5018 1344 5074 habitabit
1362 5032 1562 5073 nomen
1592 5034 1776 5074 meum
1800 5019 1853 5072 in
1885 5035 2001 5074 me-

2112 4580 2277 4633 super
2310 4580 2375 4618 eo
2399 4565 2470 4634 (s)
2498 4563 2837 4627 holocausta,
2864 4573 2919 4618 et
2950 4565 3016 4617 ad
3042 4563 3427 4619 effundendum
3455 4568 3522 4620 ad
3554 4565 3689 4621 illud

2113 4655 2457 4725 sanguinem.
2511 4652 2598 4708 19.
2632 4652 2694 4708 Et
2728 4653 2883 4708 dabis
2919 4654 3298 4709 sacerdotibus
3330 4653 3557 4722 Levitis,
3591 4658 3687 4726 qui

2112 4762 2179 4800 ex
2215 4746 2423 4802 semine
2450 4743 2688 4809 Sadduc,
2725 4746 3293 4815 appropinquantibus
3315 4747 3381 4799 ad
3417 4762 3524 4813 me,
3556 4748 3691 4803 dicit

2114 4838 2381 4893 Dominus
2413 4836 2702 4903 Dominus,
2746 4844 2800 4890 et
2835 4836 3146 4892 ministrent
3186 4837 3319 4891 mihi
3360 4838 3591 4892 vitulum
3619 4856 3708 4925 ex,

2114 4932 2291 4987 bobus
2316 4946 2417 5001 pro
2437 4940 2659 5001 peccato
2689 4948 2703 4984 :
2730 4930 2821 4984 20.
2842 4939 2897 4984 et
2919 4941 3136 4986 sument
3156 4947 3221 4985 ex
3247 4932 3514 5004 sanguine
3545 4933 3705 5002 ejus,‘

2110 5032 2164 5078 et
2195 5034 2399 5094 ponent
2424 5038 2588 5093 super
2626 5033 2862 5093 quatuor
2890 5023 2955 5095 (ι)
2984 5038 3190 5078 cornua
3213 5024 3422 5090 altaris,
3448 5032 3503 5079 et
3524 5039 3683 5093 super

502 5178 567 5257 gi)
599 5178 682 5257 8.,
711 5178 912 5257 ostium
973 5176 1028 5257 in
1077 5175 1349 5257 principio
1374 5175 1498 5257 vim,
1547 5189 1668 5257 quae
1727 5175 1814 5257 via
1857 5185 1984 5257 erat
2027 5185 2179 5257 ante.
2211 5183 2424 5246 septum
2477 5175 2701 5257 domus“
2727 5177 3511 5257 transmigrationis,_versus_
3538 5180 3681 5234 viam

430 5246 751 5305 orientalem
808 5246 1154 5317 ingredienti.

431 5319 793 5386 rumpendum
845 5315 1077 5387 portam.
1145 5315 1267 5378 Tlt.,
1325 5330 1495 5385 qumn
1542 5315 1931 5385 ingrederetur.

431 5402 544 5445 stra
551 5398 725 5442 torum
735 5426 748 5438 .

1269 5246 1338 5316 (ft)
1375 5245 1459 5310 8.,
1494 5256 1549 5316 et
1598 5245 1672 5299 ibi
1722 5245 1993 5316 deponent
2045 5245 2369 5316 vestimenta
2418 5261 2540 5300 sua.

2045 5315 2142 5389 (m)
2200 5315 2424 5389 Timet
2482 5316 2538 5370 in
2588 5315 2944 5389 cadaveribus
3007 5315 3195 5385 regum
3261 5332 3488 5372 suorum
3552 5335 3682 5388 pru-

863 5387 940 5456 (n)
973 5385 1055 5453 S.,
1106 5395 1168 5440 ut
1222 5393 1570 5439 mensuretur
1616 5387 1930 5456 exemplar,
1999 5385 2375 5455 et'pteititebit
2430 5402 2526 5440 eos
2579 5385 2862 5451 omnium,
2933 5402 3054 5455 quae
3111 5390 3357 5441 fecerunt
3418 5385 3681 5443 :dcscri-

2644 5247 2707 5317 (1)
2736 5245 2831 5317 8.,
2860 5245 3028 5315 (ιιιιίιη
3087 5249 3400 5317 ingrederer
3446 5248 3512 5303 ad
3559 5266 3683 5304 cor-

432 5462 673 5530 ptionem
704 5456 923 5530 domus,
956 5466 1008 5510 et
1042 5456 1450 5530 perfectionem,
1480 5468 1601 5530 quae
1630 5457 1814 5530 simul,
1843 5458 1983 5525 ejus.
2013 5528 2020 5530 _
2045 5456 2166 5521 Tlt.,
2218 5466 2269 5509 et
2308 5457 2601 5510 metiantur
2652 5470 2778 5530 cum
2835 5457 3130 5530 exemplari
3174 5472 3297 5520 suo,
3358 5465 3412 5510 et
3433 5464 3680 5530 erubes-

427 5525 558 5585 cant
587 5528 654 5583 de
678 5527 956 5597 omnibus,
996 5541 1118 5595 quae
1147 5525 1411 5591 fecerunt,
1438 5540 1467 5578 a
1499 5525 1682 5597 furore
1731 5528 1973 5597 (anceps
2010 5528 2207 5588 haereo,
2245 5541 2427 5597 annon
2465 5535 2648 5597 mnu)
2686 5526 3056 5579 determinatio
3093 5534 3390 5597 protst
3418 5527 3569 5596 furor
3600 5529 3679 5582 le-

432 5599 789 5669 gendum-sit)
812 5596 1029 5669 domus,
1059 5604 1114 5669 et
1141 5597 1598 5669 appraeparatione
1622 5595 1775 5669 ejus.
1838 5597 1910 5666 (ο)
1947 5596 2033 5669 8.,
2063 5606 2118 5669 et
2135 5596 2548 5669 descriptiones
2583 5595 2725 5669 ejus,
2758 5595 3309 5669 ctomnesterminos
3324 5612 3451 5669 cum
3471 5598 3681 5669 descri-

435 5664 708 5737 ptionibus
734 5664 875 5738 ejus.
951 5664 1026 5733 (ρ)
1059 5665 1145 5738 8.,
1181 5666 1234 5719 in
1260 5664 1779 5738 inclusionc,cubiti
1813 5664 1867 5721 et
1891 5664 2082 5738 icubiti
2115 5665 2389 5738 latitudo,
2419 5673 2474 5719 et
2515 5666 2799 5738 tenuibus
2832 5666 2900 5719 ad
2928 5664 3309 5738 labiurn‘ejus.
3387 5664 3461 5738 (ᾳ)
3504 5664 3590 5734 8.,
3623 5677 3680 5723 et

435 5735 701 5796 terminus
727 5735 784 5792 in
812 5737 1046 5793 circuitu
1069 5735 1210 5806 ejus.

1288 5734 1360 5806 (r)
1392 5734 1476 5803 8.,
1508 5745 1559 5791 et
1593 5736 1825 5792 inclusio
1855 5736 1972 5806 ejus
2001 5737 2325 5791 cubitulina.

2409 5738 2477 5806 (δ)
2505 5733 2589 5803 8.,
2611 5735 2968 5793 oblationem.
3042 5733 3105 5807 (ι)
3125 5729 3319 5792 Partes

3157 5838 3218 5872 ,η’
