4064 6434
351 439 487 491 2757

1530 440 1931 496 liEZElZlELiS
1981 440 2210 497 CAPUT
2241 442 2424 498 XLIV.

3459 450 3615 504 275;.

349 560 586 623 quatuor
623 553 848 621 angulos
890 555 1255 625 prepitiatorii
1277 599 1294 623 ,
1332 566 1386 612 et
1420 573 1583 627 super
1634 560 1789 614 basin
1831 575 1928 629 per
1955 570 2000 627 Α
2032 556 2353 626 iniustitiam
2376 574 2554 627 suam,
2584 561 2671 615 11.
2702 571 2755 617 et
2789 572 2949 617 erunt
2982 564 3038 617 in
3072 564 3288 619 Sanctis
3320 564 3454 618 meis
3492 564 3599 616 mi-

347 644 661 709 circuitum,
691 647 759 714 Ἀ(
790 656 844 700 et
874 647 1171 718 adsperges
1212 665 1377 719 super
1411 650 1544 704 illud
1574 652 1623 720 ζ,
1649 661 1703 707 et
1735 653 1922 723 expia-

348 735 487 790 bunt
517 736 648 792 illud
674 754 689 803 ;
711 737 801 793 21.
827 748 882 794 et
901 752 1118 796 sument
1138 743 1397 805 vitulum,
1424 744 1517 812 qui
1546 759 1646 813 pro
1675 756 1921 815 peccato,

345 836 398 881 et
420 829 772 884 comburetur
798 832 853 886 in
875 832 995 888 loco
1020 845 1274 904 separato
1293 837 1489 890 domus
1509 846 1662 891 extra
1695 838 1917 894 Sancta.

345 918 435 973 22.
472 918 533 974 Et
563 920 650 975 die
689 925 933 979 secundo
965 937 1186 981 sument
1222 927 1406 981 haados
1447 927 1585 999 duos
1627 944 1919 998 caprarum

345 1011 463 1066 sine
497 1015 710 1069 macula
733 1030 832 1084 pro
862 1027 1104 1087 peccato,
1128 1027 1183 1072 et
1206 1020 1499 1088 expiabunt
1530 1020 1702 1075 altare
1721 1061 1736 1076 .
1770 1018 1921 1076 sicut

346 1101 639 1172 expiarunt
668 1106 724 1160 in
750 1107 949 1164 vitulo.
989 1108 1077 1163 25.
1108 1109 1173 1163 Et
1203 1119 1486 1179 postquam
1521 1112 1601 1179 (tt)
1633 1112 1924 1168 absolvisti

346 1195 712 1263 expiationem
733 1240 748 1265 ,
802 1197 1031 1255 oﬂerent
1068 1199 1294 1255 vitulum
1326 1201 1443 1256 sine
1476 1204 1690 1258 macula
1721 1205 1789 1259 de
1815 1204 1916 1261 bo-

344 1284 469 1352 bus,
486 1296 540 1343 et
559 1289 783 1344 arietem
810 1290 929 1345 sine
946 1294 1152 1346 macula
1172 1294 1237 1348 de
1256 1294 1470 1358 Ovibus,
1487 1293 1581 1347 24.
1600 1303 1656 1349 et
1672 1295 1916 1352 ot'feretis

346 1392 534 1433 coram
573 1380 803 1435 Domino
843 1401 857 1436 :
894 1390 947 1437 et
983 1392 1269 1453 aspcrgent
1297 1385 1617 1441 sacerdotes
1643 1402 1812 1457 super
1849 1404 1913 1445 ea

348 1469 460 1534 sal,
501 1479 555 1525 et
582 1471 808 1527 offerent
837 1488 897 1528 ea
930 1475 1247 1531 holocausta
1282 1474 1534 1531 Domino.
1569 1476 1658 1532 25.
1694 1476 1912 1548 Septem

342 1557 536 1613 diebus
560 1562 725 1616 facies
762 1562 970 1617 haedum
995 1572 1107 1633 pro’
1126 1574 1350 1635 peccato
1381 1567 1647 1636 quotidie,
1692 1577 1747 1623 et
1771 1570 1914 1623 vitu~

338 1648 449 1703 lum
479 1665 543 1705 ex
578 1653 769 1717 bobus,
801 1667 856 1710 et
884 1656 1107 1713 arietem
1129 1673 1195 1713 ex
1223 1658 1416 1713 ovibus
1442 1660 1562 1714 sine
1592 1662 1804 1716 macula
1833 1660 1914 1716 fa—

332 1738 479 1795 cient
515 1742 607 1797 26.
656 1754 861 1813 septem
900 1749 1095 1805 diebus
1138 1769 1151 1804 :
1203 1758 1258 1804 et
1286 1750 1586 1818 expiabunt
1616 1750 1788 1805 altare
1813 1792 1828 1816 ,
1859 1760 1913 1806 et

332 1833 675 1891 mundabunt
705 1837 858 1902 illud,
892 1851 947 1893 et
969 1840 1277 1910 implebunt
1312 1856 1509 1897 manus
1536 1858 1686 1899 suas.
1719 1843 1810 1897 27.
1843 1845 1910 1911 >ε<

2027 649 2341 708 nistrantes.
2382 652 2594 705 ostiarii
2630 667 2796 721 super
2828 654 2998 722 portis
3027 653 3244 718 domus.
3279 666 3333 709 et
3362 654 3596 708 ministri

2022 736 2206 791 domui
2243 757 2257 792 :
2308 740 2398 794 isti
2451 741 2813 797 immolabunt
2845 743 3202 809 holocauSIa,
3233 753 3288 798 et
3328 744 3597 798 sacriiicia

2022 830 2241 899 populo,
2270 843 2323 887 et
2355 832 2445 888 isti
2479 834 2700 889 stabunt
2726 844 2853 888 ante
2882 835 3166 904 populum,
3193 843 3250 888 ut
3288 834 3599 889 ministrent

2020 921 2135 985 eis,
2173 922 2260 975 12.
2287 938 2386 992 pro
2418 938 2484 978 eo
2520 925 2666 995 quod
2708 925 3097 980 ministrabant
3136 926 3218 981 eis
3244 933 3370 980 ante
3404 926 3596 980 faciem

2020 1010 2291 1066 idolorum
2326 1027 2592 1082 suorum;
2621 1024 2675 1070 et
2711 1015 2915 1072 factum
2947 1025 3031 1072 est
3067 1017 3257 1072 domui
3290 1016 3505 1071 lsraelis
3539 1015 3594 1069 in

2019 1108 2351 1159 tormentum
2399 1106 2702 1175 injustitize.
2732 1109 2961 1177 Pr0pter
3007 1108 3112 1163 hoc
3154 1107 3324 1163 levavi
3368 1121 3591 1160 manum

2019 1209 2195 1248 meam
2243 1210 2412 1266 super
2433 1211 2552 1263 eos,
2588 1198 2723 1253 dicit
2767 1197 3033 1253 Dominus
3076 1198 3250 1265 Deus,
3280 1200 3347 1265 >ε<
3374 1205 3429 1253 et
3452 1197 3596 1251 acci-

2015 1283 2166 1354 pient
2192 1285 2535 1356 iniquitatem
2570 1302 2728 1344 suam
2767 1291 2788 1358 ζ
2825 1308 2839 1343 :
2889 1289 2979 1344 15.
3008 1298 3064 1344 et
3088 1304 3198 1344 non
3233 1288 3498 1345 accedent
3524 1288 3592 1343 ad

2015 1388 2122 1440 me,
2178 1384 2239 1429 ut
2274 1376 2584 1432 sacerdotio
2618 1377 2918 1447 fungantur
2944 1379 3077 1432 mihi
3100 1418 3116 1443 ,
3153 1393 3331 1449 neque
3368 1386 3427 1434 ut
3455 1377 3591 1433 oﬂe-

2014 1474 2137 1520 rant
2169 1467 2235 1522 ad
2261 1468 2446 1523 omnia
2479 1466 2676 1525 Sancta
2720 1483 2782 1525 σεε
2821 1468 3060 1525 ﬁliorum
3081 1469 3300 1525 israelis
3328 1471 3376 1540 ζ,
3399 1484 3499 1524 ncc
3521 1466 3593 1524 ad

2014 1556 2214 1613 Sancta
2248 1557 2579 1616 Sanctorum
2625 1576 2874 1617 meorum
2916 1579 2928 1616 :
2964 1569 3018 1616 et
3052 1561 3323 1632 accipient
3354 1561 3590 1632 ignomi-

2012 1649 2160 1703 niam
2191 1665 2348 1713 suam
2371 1651 2425 1706 in
2445 1667 2654 1716 errore,
2678 1668 2788 1723 quo
2812 1661 3090 1709 errarunt.
3117 1653 3203 1706 14.
3235 1652 3303 1723 (c)
3332 1650 3397 1706 Et
3414 1652 3587 1707 dedu-

2010 1748 2274 1808 centeos,
2316 1751 2371 1797 ut
2411 1744 2725 1799 custodiant
2752 1744 3263 1801 custodias'domus
3310 1744 3364 1796 in
3399 1741 3584 1797 omnia

2011 1846 2172 1902 opera
2203 1832 2326 1902 ejus
2349 1873 2365 1898 ,
2400 1843 2455 1890 et
2496 1836 2552 1890 in
2583 1837 2766 1891 omnia
2795 1852 2917 1906 quae
2944 1836 3175 1892 fecerint
3202 1836 3257 1890 in
3289 1850 3352 1890 ea
3380 1835 3465 1889 15.
3493 1847 3584 1888 sa-

330 1920 399 1976 Et
449 1927 909 1983 consummabant
937 1930 1055 1985 dies
1103 1931 1152 2001 :,
1188 1940 1240 1986 et
1269 1933 1374 1986 erit
1402 1948 1430 1986 a
1465 1933 1553 1988 die
1594 1945 1785 1991 οοιενο
1811 1976 1825 2000 ,
1856 1940 1912 1991 ει
1940 1956 1983 2010 Β
2016 1924 2261 1980 cerdotes
2305 1925 2384 1995 (ά)
2414 1924 2621 1983 Levita:
2667 1929 2764 1983 lilii
2788 1927 3007 1985 Sadduc
3036 1970 3052 1993 ,
3087 1927 3180 1998 qui
3211 1925 3589 1983 custodierunt

329 2012 607 2085 deinceps,
638 2017 839 2073 facient
859 2022 1173 2078 sacerdotes
1191 2038 1357 2093 super
1378 2024 1552 2080 altare
1586 2026 1904 2085 holocausta

328 2113 537 2167 vestra,
573 2115 626 2160 et
664 2124 785 2177 qua:
814 2110 1010 2166 salutis
1043 2121 1238 2168 vestrae
1282 2132 1296 2168 :
1345 2123 1398 2170 et
1435 2118 1730 2187 suscipiam
1764 2136 1866 2177 vos
1889 2160 1905 2187 ,

328 2193 463 2249 dicit
497 2194 761 2252 Dominus
800 2198 1089 2256 Dominus.
1634 2209 1649 2219 “

402 2284 534 2352 Cap.
582 2284 768 2342 XLIV.
798 2320 869 2333 —
912 2293 964 2347 1.
1000 2292 1068 2348 Et
1115 2299 1381 2355 convertit
1414 2315 1500 2357 me
1547 2318 1712 2373 super
1759 2307 1904 2362 viam

328 2383 505 2444 portae
552 2374 878 2436 Sanctorum
937 2387 1267 2453 exterioris,
1314 2393 1659 2462 respicientis
1712 2412 1904 2455 versus

329 2466 631 2536 orientem,
668 2480 722 2525 et
759 2476 873 2527 haec
905 2483 1023 2530 erat
1055 2478 1264 2534 clausa.
1306 2482 1363 2537 2.
1414 2482 1480 2538 Et
1527 2486 1664 2541 dixit
1700 2489 1765 2543 ad
1814 2506 1904 2547 me

328 2554 594 2613 Dominus
637 2578 650 2613 :
679 2560 841 2618 Porta
875 2566 990 2621 haec
1050 2569 1240 2625 clausa
1267 2574 1407 2639 erit;
1440 2591 1550 2631 non
1599 2580 1898 2650 aperietur,

322 2661 427 2702 nec
471 2649 595 2718 quis
642 2653 896 2710 transibit
938 2671 1033 2725 per
1073 2673 1225 2727 eam,
1270 2665 1398 2733 quia
1440 2665 1709 2727 Dominus
1753 2671 1900 2730 Deus

322 2737 535 2795 lsraelis
569 2741 902 2810 ingredietur
929 2762 1024 2817 per
1053 2765 1208 2813 eam',
1235 2762 1288 2809 et
1305 2757 1409 2811 erit
1436 2759 1646 2816 clausa.
1679 2763 1732 2818 3.
1758 2762 1898 2832 Quia

318 2829 430 2885 dux
459 2834 530 2902 χ(
560 2834 810 2927 princeps
838 2838 955 2908 ipse
994 2842 1203 2899 sedebit
1226 2845 1278 2901 in
1313 2863 1398 2914 ea,
1435 2860 1495 2906 ut
1524 2829 1900 2927 comedat'pa-

316 2935 443 2976 nem
477 2938 663 2980 coram
690 2925 926 2985 Domino
967 2950 981 2986 :
1021 2948 1186 3004 super
1211 2937 1352 2993 viam
1389 2940 1467 3013 (ω)
1500 2943 1686 3001 Elam
1722 2925 1897 3018 portae

316 3012 677 3084 ingredietur,
714 3028 769 3074 et
814 3036 981 3092 super
1016 3026 1160 3082 viam
1198 3029 1318 3099 ejus
1350 3035 1680 3103 egredietur.
1830 3042 1904 3097 Et

314 3104 617 3163 introduxit
640 3126 726 3166 me
758 3115 834 3182 ly)
864 3131 1031 3186 super
1056 3120 1196 3175 viam
1226 3133 1417 3192 portze,
1444 3143 1566 3197 quae
1588 3131 1653 3186 ad
1681 3135 1895 3204 aquilo-

313 3211 437 3252 nem
472 3209 662 3257 contra
703 3204 924 3261 domum
964 3226 979 3263 :
1012 3217 1068 3264 et
1105 3212 1254 3281 vidi,
1284 3226 1338 3271 et
1363 3205 1491 3276 ecce
1519 3223 1676 3292 plena
1704 3227 1893 3296 gloria:

2012 2014 2294 2071 custodias
2322 2014 2652 2079 Sanctorum
2680 2034 2926 2074 meorum
2952 2058 2968 2082 ,
3017 2034 3141 2074 cum
3168 2026 3377 2073 erraret
3391 2016 3586 2071 domus

2008 2102 2230 2161 lsraelis
2263 2121 2294 2160 a
2327 2121 2417 2161 me
2463 2125 2479 2163 :
2510 2107 2568 2162 hi
2613 2109 2872 2164 accedent
2899 2109 2966 2165 ad
3004 2124 3094 2165 me
3124 2150 3139 2174 ,
3174 2116 3236 2163 ut
3277 2106 3591 2162 ministrent

2009 2195 2167 2264 mibi,
2201 2204 2256 2252 et
2280 2197 2506 2254 stabunt
2528 2213 2715 2255 coram
2743 2199 2882 2256 facie
2917 2216 3035 2256 mea
3056 2241 3072 2266 ,
3104 2210 3165 2255 ut
3189 2199 3420 2255 oll‘erant
3451 2194 3585 2252 mihi

2010 2300 2074 2342 αι-
2107 2288 2440 2345 sacrificium
2481 2291 2530 2362 ζ,
2572 2291 2806 2362 adipem,
2842 2300 2898 2349 et
2935 2292 3278 2363 sanguinem,
3308 2291 3440 2347 dicit
3477 2288 3587 2343 Do-

2006 2378 2191 2435 minus
2211 2379 2378 2435 Deus.
2404 2380 2489 2435 16.
2526 2380 2617 2436 Isti
2652 2382 3030 2452 ingredientur
3050 2382 3104 2437 in
3124 2380 3324 2438 Sancta
3348 2394 3490 2445 mea,
3532 2387 3589 2434 et

2004 2467 2095 2524 isti
2122 2468 2497 2540 ingredientur
2542 2471 2610 2525 ad
2648 2487 2894 2528 mensam
2930 2488 3109 2528 meam
3133 2515 3148 2537 ,
3178 2481 3241 2527 ut
3273 2471 3586 2527 ministrent

2002 2559 2160 2626 mihi,
2184 2569 2241 2616 et
2264 2562 2578 2619 custodient
2597 2564 2879 2619 custodias
2908 2578 3080 2621 meas.
3103 2565 3189 2619 17.
3220 2562 3286 2618 Ει
3307 2563 3432 2628 erit,
3454 2578 3579 2619 cum

2000 2650 2386 2722 ingrediuntur
2413 2663 2601 2725 portas
2628 2656 2755 2711 atrii
2798 2656 3078 2713 interioris
3102 2696 3118 2723 ,
3160 2657 3334 2713 stolas
3360 2656 3459 2711 lini
3492 2657 3579 2711 in-

1999 2742 2203 2810 duent,
2239 2759 2350 2801 non
2389 2745 2626 2802 induent
2667 2747 2848 2803 lanam
2880 2791 2895 2816 ,
2930 2748 3154 2819 quando
3189 2748 3500 2804 ministrant
3547 2762 3580 2803 ι

1997 2847 2156 2905 porta
2209 2836 2347 2891 atrii.
2380 2837 2693 2905 interioris,
2722 2847 2777 2893 et
2807 2841 2875 2907 Ἀ(
2918 2838 3248 2894 intrinsecus
3267 2840 3315 2908 ζ.
3374 2837 3464 2892 18.
3503 2836 3576 2908 (ei

1997 2926 2228 2983 Cidares
2274 2927 2375 2983 lini
2421 2930 2713 2985 erunteis
2759 2945 2925 3001 super
2953 2930 3225 3000 capitibus
3257 2943 3445 2985 eorum
3474 2971 3490 2995 ,
3526 2938 3581 2985 et

1996 3020 2338 3092 subligacula
2378 3022 2479 3077 lini
2508 3029 2673 3078 erunt
2707 3022 2788 3077 eis
2818 3038 2987 3094 super
3020 3023 3223 3078 lumbis
3257 3037 3447 3078 eorum
3476 3064 3491 3088 ,
3524 3031 3579 3077 et

1996 3125 2108 3167 non
2136 3126 2197 3167 se
2219 3113 2504 3184 accingent
2532 3114 2598 3185 (f)
2636 3115 2923 3171 violenter.
2958 3116 3044 3172 l9.
3081 3114 3147 3170 Et
3167 3115 3388 3186 quando
3417 3131 3575 3185 egre-

1995 3203 2220 3259 diuntur
2248 3206 2303 3260 in
2339 3205 2811 3277 atriunyexterius
2856 3207 2925 3263 ad
2961 3208 3246 3278 populum,
3281 3222 3341 3262 se
3375 3215 3577 3261 exuent

312 3287 532 3346 Domini
555 3293 750 3352 domus
767 3296 1104 3359 Domiui':et
1125 3307 1260 3360 cado
1278 3324 1441 3380 super
1465 3287 1656 3372 faciem
1683 3287 1883 3378 meam.
1916 3296 1964 3359 (ἶ
1994 3297 2152 3353 “om
2175 3298 2320 3365 suis,
2354 3300 2410 3355 in
2440 3300 2643 3371 quibus
2672 3300 2994 3356 minis‘ram
3026 3301 3081 3357 in
3115 3301 3195 3357 eis
3220 3342 3235 3367 ν
3271 3306 3326 3355 εί
3369 3309 3575 3371 pone”

311 3379 364 3483 ξ.
399 3381 465 3438 Ει
496 3384 632 3440 dixit
653 3387 915 3447 Dominus
941 3396 1009 3451 ad
1051 3413 1138 3454 me
1171 3418 1186 3455 :
1218 3399 1320 3457 Fili
1353 3379 1623 3474 hominis,
1656 3411 1888 3483 dispone

309 3475 366 3529 in
399 3492 495 3531 cor
519 3487 669 3535 tuum
694 3525 709 3549 ,
764 3494 817 3539 et
846 3487 968 3544 vide
1007 3492 1182 3547 oculis
1218 3497 1326 3552 tuis
1351 3538 1365 3562 ,
1399 3507 1453 3554 et
1502 3475 1885 3565 auribus'tuis

307 3566 677 3663 audi‘onrnia,
726 3590 847 3644 quae
877 3594 976 3649 ego
1002 3581 1202 3652 loquor
1228 3602 1352 3644 eum
1390 3598 1443 3645 te
1472 3593 1546 3663 (κ)
1580 3600 1881 3657 secundum

306 3658 787 3760 otnniaﬁprazcepta
819 3667 1017 3728 domus
1060 3674 1297 3744 Domini,
1332 3689 1388 3736 et
1423 3658 1607 3742 omnia
1637 3688 1882 3760 legitima

304 3748 446 3818 ejus.
478 3750 545 3807 Et
573 3754 832 3826 dispones
860 3776 957 3816 cor
980 3772 1132 3821 tuum
1162 3769 1215 3823 in
1242 3771 1525 3830 introitum
1561 3748 1761 3837 domus
1791 3797 1879 3837 se-

303 3842 542 3897 cundum
579 3861 770 3904 omnes
796 3853 973 3922 exitus
1003 3855 1123 3925 ejus
1144 3899 1158 3920 ,
1187 3870 1237 3915 et
1264 3861 1318 3916 in
1350 3866 1607 3925 omnibus
1636 3869 1878 3929 Sanctis.

303 3927 356 4020 β.
390 3930 456 3985 Et
484 3934 632 3990 (“CPS
661 3953 720 3994 σε-
759 3941 825 3994 ad
850 3943 1073 4001 domum
1110 3939 1467 4019 :irritantem
1498 3996 1512 4020 ,
1554 3960 1620 4013 ad
1657 3961 1879 4019 domum

300 4019 517 4079 lsraelis
536 4043 549 4079 :
571 4024 697 4083 llaec
721 4030 1126 4094 dicitDominus
1146 4039 1409 4101 Dominus
1437 4045 1706 4107 :Suﬂiciat
1726 4055 1881 4112 vobis

299 4112 367 4218 t-le
400 4118 657 4174 omnibus
693 4120 1075 4193 iniquitatibus
1107 4134 1306 4190 vestris
1330 4179 1344 4202 ,
1398 4137 1596 4197 domus
1637 4142 1875 4218 lsraelis,

299 4201 351 4258 7.
388 4211 628 4291 eo-quod
665 4213 922 4272 inducitis
964 4220 1107 4278 filios
1138 4224 1470 4298 alienigenas
1508 4249 1614 4289 non
1643 4201 1880 4296 circum:-

296 4295 444 4387 eisos
484 4304 667 4367 corde,
720 4314 774 4360 et
813 4323 920 4381 non
949 4312 1305 4373 circumcisos
1345 4335 1545 4385 carne,
1583 4335 1643 4380 ut
1676 4329 1788 4384 sint
1821 4331 1876 4387 in

297 4382 514 4443 Sanctis
549 4393 707 4487 meis,
734 4404 788 4449 et
817 4398 1184 4466 profanabant
1211 4421 1297 4473 ea,
1334 4424 1456 4464 cum
1482 4382 1876 4487 odertispanes

295 4488 452 4528 meos
478 4518 494 4542 ,
528 4478 741 4549 adipem
771 4526 785 4548 ,
810 4493 868 4538 ct
897 4491 1215 4558 sanguinem
1249 4510 1262 4546 :
1299 4505 1352 4551 et
1384 4478 1725 4570 transgressi.
1740 4508 1876 4563 estis

292 4573 681 4622 testamentum
734 4586 917 4627 meum
966 4576 1022 4629 in
1054 4582 1311 4638 omnibus
1362 4586 1743 4658 iniquitatibus
1780 4611 1874 4652 ve-

1991 3405 2086 3448 eas
2117 3391 2173 3447 in
2201 3392 2419 3450 exedris
2451 3392 2785 3448 Sanctorum
2813 3436 2829 3460 ,
2853 3401 2908 3448 et
2933 3393 3161 3448 induent
3195 3390 3366 3447 stolas
3397 3391 3533 3445 alias
3552 3429 3568 3451 ,

1988 3493 2043 3539 et
2069 3485 2144 3556 (g)
2173 3500 2284 3540 non
2312 3485 2732 3542 sanctificabunt
2762 3486 3022 3556 populum
3047 3485 3101 3539 in
3126 3485 3284 3540 stolis
3313 3484 3448 3538 suis.
3476 3482 3570 3537 20.

1986 3577 2055 3630 Et
2090 3577 2269 3646 capita
2329 3592 2429 3632 sua
2462 3591 2572 3632 non
2617 3577 2876 3641 tondent,
2917 3586 2973 3632 et
3010 3576 3236 3646 capillos
3284 3588 3415 3630 suos
3462 3588 3571 3627 non

1986 3668 2214 3733 radent,
2244 3669 2495 3739 operient
2524 3670 2705 3740 capita
2732 3683 2854 3725 sua.
2891 3667 2983 3723 21.
3012 3667 3077 3722 Ει
3116 3667 3306 3723 vinum
3340 3680 3450 3721 non
3483 3664 3568 3719 bi-

1985 3759 2116 3814 bent
2138 3760 2321 3814 omnis
2340 3760 2618 3826 sacerdos,
2647 3760 2869 3829 quando
2890 3760 3271 3829 ingrediuntur
3295 3760 3347 3814 in
3371 3759 3568 3815 atrium

1986 3848 2235 3903 interius.
2267 3849 2358 3902 22.
2383 3849 2450 3904 Et
2479 3850 2722 3914 viduam,
2749 3859 2804 3906 et
2829 3852 3171 3921 repudiatam
3207 3865 3315 3905 non
3349 3856 3569 3906 sument

1985 3936 2088 3992 sibi
2114 3937 2170 3991 in
2199 3952 2420 4005 uxores,
2453 3939 2545 3995 sed
2570 3940 2835 4010 virginem
2861 3957 2894 3996 e
2926 3942 3135 3997 semine
3164 3942 3364 3997 domus
3395 3941 3568 3996 lsrae-

1984 4028 2053 4085 lis
2084 4044 2099 4081 :
2140 4035 2195 4085 et
2225 4029 2465 4096 viduam,
2502 4031 2550 4085 si
2584 4030 2749 4086 fuerit
2782 4034 2849 4100 )t(
2886 4034 3048 4087 vidua
3094 4034 3117 4102 ζ
3152 4033 3219 4087 de
3255 4033 3564 4095 sacerdote.

1984 4131 2226 4178 sument.
2256 4122 2349 4177 25.
2380 4121 2449 4177 Et
2471 4124 2735 4194 populum
2762 4139 2948 4179 meum
2974 4126 3247 4180 docebunt
3276 4129 3415 4180 inter
3436 4143 3566 4181 san-

1981 4222 2129 4270 etum
2162 4223 2218 4270 et
2242 4213 2532 4285 profanum
2559 4257 2575 4281 ,
2608 4225 2662 4270 et
2696 4217 2841 4271 inter
2869 4230 2982 4271 non
3027 4218 3291 4272 mundum
3319 4226 3375 4272 et
3406 4233 3564 4272 mun-

1981 4304 2112 4359 dum
2159 4306 2442 4376 cognitum
2482 4306 2684 4362 facient
2727 4309 2830 4364 eis.
2865 4307 2957 4362 24.
2998 4307 3064 4363 Et
3094 4309 3162 4363 de
3190 4309 3403 4378 judicio
3437 4324 3566 4364 san-

1979 4398 2161 4469 guinis
2183 4399 2286 4470 ipsi
2313 4399 2534 4455 stabunt
2562 4400 2632 4455 ad
2658 4398 3079 4456 discernendum
3107 4419 3119 4456 :
3143 4401 3563 4470 justitlcationes

1978 4504 2133 4548 meas
2168 4505 2230 4547 σε·
2252 4492 2638 4563 iustificabunt
2677 4494 2726 4563 ζ,
2755 4494 3038 4564 etjudicia
3074 4510 3190 4551 mea
3212 4496 3558 4564 judicabunt.

1978 4590 2034 4637 et
2072 4582 2311 4655 legitima
2351 4601 2471 4640 mea
2498 4626 2512 4649 ,
2544 4595 2600 4642 et
2638 4593 2908 4656 praecepta
2942 4601 3062 4642 mea
3093 4587 3147 4642 in
3177 4588 3434 4644 omnibus
3470 4602 3561 4643 so-
3600 4572 3615 4633 ί

290 4654 442 4719 “iis,
463 4654 517 4709 8ο
547 4658 618 4726 Β(
644 4668 697 4713 ει
722 4675 827 4715 non
856 4666 1192 4724 custodiistis
1213 4636 1517 4732 custodialm
1544 4636 1873 4741 δῃηοιξιιιζξτ
1904 4636 1952 4693 D
1977 4636 2336 4731 lenniiatibus
2365 4679 2501 4734 meis
2536 4678 2867 4744 custodierit,
2899 4689 2953 4735 ct
2975 4680 3203 4736 sabbata
3246 4696 3363 4736 mea
3398 4696 3561 4735 sanc-

288 4758 537 4801 meorum
589 4746 637 4817 ζ,

678 4758 731 4805 et
769 4750 1117 4821 disposuistis
1148 4761 1424 4817 custodire
1474 4769 1751 4825 custodias
1812 4773 1870 4828 in
1970 4766 2274 4823 tificabunt.
2304 4768 2394 4823 25.
2428 4769 2495 4823 Et
2515 4786 2682 4841 super
2710 4771 2951 4825 animam
2975 4771 3216 4827 hominis
3241 4786 3347 4825 non
3374 4769 3559 4839 ingres-

290 4832 711 4927 Sanctis‘meis.
757 4843 810 4899 9.
858 4842 1087 4914 Propter
1114 4848 1219 4904 hoc
1261 4851 1378 4909 haec
1414 4854 1549 4911 dicit
1600 4857 1866 4917 Dominus
1966 4856 2204 4923 dientur,
2232 4859 2301 4914 ad
2326 4832 2680 4929 polluendum
2705 4878 2785 4928 se,
2810 4863 2902 4919 sed
2923 4879 3086 4933 super
3110 4871 3282 4932 patre,
3317 4869 3371 4915 et
3393 4875 3560 4925 super
3616 4876 3632 4885 ·

284 4925 553 4985 Dominus
586 4945 603 4985 :
639 4932 831 4989 Omnis
861 4935 1005 4993 filius
1032 4939 1338 5011 alienigena
1369 4942 1447 5018 (a)
1483 4961 1594 5002 non
1619 4950 1863 5006 circum-
1961 4956 2154 5013 matre,
2182 4958 2238 5005 et
2261 4925 2423 5019 super
2449 4954 2581 5019 lilio,
2608 4963 2664 5009 et
2692 4925 2858 5024 super
2884 4925 3035 5021 lilia,
3066 4925 3124 5008 et
3154 4966 3320 5022 super
3354 4951 3546 5015 fratre.

282 5019 435 5074 cisus
463 5021 647 5088 corde,
675 5039 775 5080 nec
797 5026 1157 5086 circumcisus
1182 5047 1366 5099 carne,
1394 5051 1502 5090 non
1527 5037 1860 5109 ingredietur

278 5104 337 5159 in
370 5108 570 5168 Sancta
602 5129 723 5170 mea
752 5116 807 5171 in
834 5120 1094 5177 omnibus
1128 5123 1256 5179 liliis
1282 5104 1732 5198 alienigenarum,
1763 5134 1858 5203 qui

279 5211 415 5259 sunt
446 5204 501 5259 in
537 5205 720 5261 medio
764 5208 961 5267 domus
987 5210 1234 5281 lsraelis,
1268 5216 1356 5272 10.
1401 5218 1475 5290 (b)
1511 5221 1603 5276 sed
1637 5220 1857 5293 Levitae,

279 5295 375 5363 qui
412 5311 757 5356 recesserunt
784 5317 817 5357 a
853 5319 972 5371 me,
1008 5321 1131 5361 cum
1163 5321 1373 5365 erraret
1414 5309 1578 5368 israel
1608 5355 1623 5380 ,
1658 5318 1727 5386 >ε<
1763 5322 1858 5390 qui

282 5399 537 5445 errarunt
563 5390 586 5460 ζ
614 5407 645 5446 a
669 5407 755 5448 me
784 5403 911 5463 post
940 5398 1297 5462 cogitationes
1327 5417 1480 5470 suas,
1508 5415 1563 5460 et
1592 5408 1861 5479 accipient

1965 5047 2021 5095 et
2038 5054 2199 5110 super
2225 5056 2413 5098 sorore
2437 5059 2555 5107 sua,
2576 5060 2697 5115 quae.
2721 5062 2827 5101 non
2844 5045 2945 5100 fuit
2961 5046 3078 5099 viro
3096 5084 3110 5110 ,
3130 5059 3190 5099 se
3208 5043 3431 5112 polluet.
3455 5043 3547 5096 26.

1968 5129 2033 5187 Et
2054 5143 2342 5205 postquam
2361 5137 2657 5193 mundatus
2680 5135 2864 5203 fuerit,
2880 5144 3084 5206 septem
3102 5135 3221 5190 dies
3241 5134 3556 5190 numerabit

1967 5225 2084 5295 ipse
2117 5226 2242 5282 sibi.
2277 5227 2367 5282 27.
2402 5230 2467 5284 Et
2488 5228 3082 5303 die‘quojngrcdiatur
3108 5228 3176 5295 >κ
3204 5225 3258 5280 in
3292 5224 3529 5282 Sanctua

1965 5318 2110 5373 rium
2167 5321 2189 5390 ζ
2245 5321 2301 5374 in
2340 5323 2540 5377 atrium
2588 5322 2858 5383 interius,
2903 5320 2970 5375 ad
3024 5320 3447 5375 ministrantium
3495 5321 3547 5374 in

1968 5409 2194 5478 Sancto,
2217 5413 2407 5470 offeret
2424 5415 2815 5486 expiationem,
2837 5412 2969 5466 dicit
2992 5411 3255 5469 Dominus
3277 5412 3353 5485 (lt)
3381 5412 3547 5476 Deus,

350 5532 429 5656 (Ns)
449 5532 729 5656 Completa
764 5547 897 5621 εει..
946 5540 1427 5625 (ω)8..νθεῑῑι›υιί.
1471 5550 1894 5622 (ῃ).ς,,ῃρι-νίρῃ

350 5610 358 5656 l
432 5641 469 5656 η
505 5615 559 5656 et
633 5615 788 5656 evnaa
810 5625 978 5656 enim-
1016 5628 1108 5656 nm
1139 5617 1326 5656 nrnmnl
1363 5618 1583 5656 fnmpnne
1614 5639 1643 5656 ιι
1672 5640 1758 5656 mn
1822 5643 1888 5656 ι...

1994 5557 2060 5629 ξι)
2082 5559 2163 5625 S.,
2189 5560 2311 5656 (1(ξὲΙ
2320 5560 2399 5656 ςρξ
2425 5560 2510 5623 S.,
2530 5573 2637 5656 Inon
2659 5572 2827 5639 purus
2844 5558 3340 5656 conlcnnecmpuru‘s

282 5600 358 5671 (θ)
384 5600 469 5668 δ’,
505 5615 559 5699 εξ
585 5600 788 5699 acritas
810 5600 978 5691 enim,
1005 5600 1597 5699 ’(ιμιζρτοριειήΐᾷθιδιῖίιῖ
1610 5600 1647 5677 3
1970 5600 2618 5691 éFéaiZn‘ivini‘iisEéiis,
2649 5600 2765 5699 qui
2795 5600 3052 5682 errarunt
3073 5644 3101 5680 a
3130 5600 3239 5688 m'c,
3274 5624 3548 5699 ut‘adhte-

279 5681 561 5727 rescerent
583 5674 748 5732 idolis
779 5681 916 5745 suis,
944 5674 1212 5751 accipie'nt
1243 5674 1584 5756 iniquitatem
1618 5674 1795 5752 suam.

280 5740 358 5807 (ά)
388 5742 606 5797 Αυιεῐη·
692 5746 762 5807 (ε)
798 5749 878 5807 8,.
921 5762 1244 5807 ornamenta
1277 5757 1374 5807 lini
1419 5771 1601 5807 erunt-
1680 5765 1748 5807 In

437 5758 606 5797 utem.

1879 5697 1926 5769 (c

692 5746 766 5835 ie).
798 5749 878 5832 ὃς,
921 5746 1244 5835 ornamenta
1277 5746 1374 5812 lini
1419 5771 1601 5835 erunt.

1932 5699 1949 5780 2
1974 5700 2062 5766 8.,
2090 5700 2343 5780 disposui.
2378 5713 2474 5780 eos
2499 5698 2645 5751 enim
2668 5696 2684 5699 “
2704 5698 2962 5780 custodes
3007 5699 3274 5780 custodiae
3303 5696 3539 5780 domus.

1932 5767 1985 5821 in
2028 5767 2247 5824 sudore.
2328 5770 2403 5835 (ῃ)
2436 5767 2520 5831 S.,
2579 5783 2688 5821 non
2748 5776 2930 5833 erunt,
2976 5767 3383 5823 sanetiflcautcs
3417 5779 3542 5817 cum

276 5819 806 5910 fgmbcnunlfﬁolmlo
839 5821 893 5875 in
924 5824 1261 5884 VCSlianliS
1285 5819 1791 5905 SﬂcularibUS,‘nec
2103 5819 2462 5908 relinquent,—
2508 5819 2642 5893 'sed‘
2967 5837 3159 5893 vadent
3204 5836 3387 5905 capita
3418 5846 3541 5889 sua.

279 5879 360 5947 Ut)
387 5879 625 5940 Adonai'.
