4064 6422
335 383 469 439 276i

1478 378 1887 436 HEZECIELIS
1909 377 2137 436 CAPUT
2177 373 2386 430 XLVII.

3445 376 3588 432 2762

334 495 528 550 oﬁ‘eret
566 494 674 549 dux
705 491 936 548 Domino
983 492 1036 547 in
1072 492 1159 547 die
1191 493 1566 559 sabbatorum,
1603 509 1694 548 sex
1728 509 1898 564 agnos
1929 502 1978 557 Α
2003 492 2068 548 ad
2106 506 2193 546 me
2232 509 2244 544 :
2282 487 2381 542 llic
2411 487 2566 540 locus
2601 493 2702 553 est,
2754 487 2845 542 ubi
2877 494 3116 557 coquent
3161 484 3234 541 ibi
3275 485 3587 542 sacerdotes

337 588 456 643 sine
491 586 723 651 macula,
755 593 810 640 et
840 585 1063 639 arietem
1096 586 1216 639 sine
1242 585 1479 650 macula,
1505 585 1559 638 5.
1591 583 1664 653 \k)
1703 595 1756 639 et
1787 599 1902 637 ma-

338 694 465 742 naa,
518 686 696 732 satum
744 676 919 743 arieti,
967 686 1020 731 et
1074 676 1231 748 agnis
1281 675 1649 743 sacriﬁcium,
1701 677 1904 731 donum

339 784 537 824 manus
569 784 701 832 suae,
749 777 802 824 et
831 768 893 839 (ι)
921 769 978 821 ln
1008 764 1120 822 olei
1160 775 1299 822 sato.
1335 767 1388 820 6.
1426 765 1491 821 Et
1536 768 1590 822 in
1625 769 1715 823 die
1748 769 1906 824 novi-

337 860 474 912 lunii
513 859 806 928 juvencum
841 860 909 926 Χ
942 857 1114 911 ﬁlium
1157 855 1316 911 bovis
1348 857 1372 925 ζ
1422 855 1541 911 sine
1583 857 1819 922 macula,
1856 868 1910 914 et

339 965 433 1005 sex
458 964 649 1019 agnos,
679 959 733 1004 et
757 948 904 1002 aries
936 949 1056 1003 sine
1088 945 1304 1002 macula
1333 955 1512 1011 erunt,
1543 946 1592 1000 7.
1635 957 1690 1002 et
1727 957 1908 1003 satum

338 1041 588 1111 juvenco,
627 1050 679 1096 et
709 1049 889 1096 satum
926 1038 1080 1094 arieti
1111 1037 1216 1092 erit
1247 1053 1458 1103 manaa,
1491 1048 1544 1093 et
1565 1041 1740 1110 agnis,
1769 1041 1910 1095 sicut

339 1132 619 1189 suffecerit
644 1147 845 1187 manus
868 1131 1012 1200 ejus,
1039 1138 1092 1184 et
1120 1129 1180 1182 ln
1209 1127 1327 1183 oleo
1361 1129 1485 1183 sati.
1518 1129 1572 1183 8.
1600 1127 1667 1183 Et
1691 1131 1910 1198 quando

342 1224 690 1294 ingredietur
720 1223 855 1286 dux,
885 1235 1049 1290 super
1080 1219 1166 1274 via
1220 1217 1400 1273 1E1am
1442 1228 1614 1288 porta:
1643 1219 1912 1289 ingredie-

341 1323 451 1380 tur,
477 1314 572 1384 (m)
603 1322 658 1368 et
684 1327 849 1382 super
869 1311 954 1364 via
981 1317 1151 1380 portae
1173 1309 1494 1378 egredietur.
1520 1309 1573 1364 9.
1609 1309 1910 1379 thuando

345 1405 678 1475 ingredietur
705 1403 937 1474 populus
974 1410 1130 1456 terra:
1160 1414 1344 1454 coram
1379 1400 1612 1456 Domino
1640 1402 1693 1455 in
1732 1401 1912 1456 solen-

345 1495 631 1561 nitatibus,
665 1495 760 1564 qui
812 1492 1110 1562 ingreditur
1140 1507 1306 1562 super
1337 1491 1426 1546 via
1469 1503 1662 1561 portae,
1697 1507 1816 1562 quae
1845 1493 1914 1548 ad

341 1585 782 1655 septentrionem,
846 1592 907 1638 ut
961 1583 1183 1651 adoret,
1244 1583 1553 1652 egredietur
1608 1599 1773 1650 super
1825 1584 1912 1639 via

338 1685 528 1745 portae,
569 1689 688 1744 quae
733 1677 800 1728 ad
844 1684 1092 1730 austrum
1130 1695 1145 1730 :
1192 1680 1247 1730 et
1273 1674 1366 1744 qui
1405 1674 1708 1743 ingreditur
1751 1690 1916 1744 super

337 1764 425 1818 via
457 1772 648 1832 portae,
685 1779 806 1833 quae
835 1765 903 1819 ad
954 1773 1227 1830 austrum,
1259 1762 1570 1832 egredietur
1620 1763 1915 1833 supervia

2010 599 2131 654 quae
2177 597 2276 652 pro
2309 579 2639 648 ignorantia,
2689 587 2744 632 et
2782 593 2902 648 quae
2951 595 3049 648 pro
3104 586 3352 647 peccato,
3409 585 3463 632 et
3514 579 3586 632 ibi

2012 675 2239 744 depsent
2287 687 2481 726 manaa
2541 670 2802 734 omnino,
2837 686 2963 750 ‘non
3005 670 3231 724 elferent
3280 671 3333 724 in
3384 670 3586 724 atrium

2014 760 2279 825 exterius,
2316 761 2380 814 ad
2413 759 2869 814 sanctiﬁcandum
2894 760 3176 828 populum.
3200 759 3291 812 21.
3317 761 3382 812 Et
3402 760 3590 812 eduxit

2016 865 2105 904 me
2151 851 2204 903 in
2257 850 2455 904 atrium
2490 850 2768 915 exterius,
2807 861 2862 904 et
2895 849 3262 904 circumduxit
3292 864 3379 903 mc
3425 865 3589 917 super

2016 950 2251 1010 quatuor
2268 950 2452 1010 partes
2471 941 2598 994 atrii
2624 959 2636 994 :
2664 951 2717 996 et
2742 956 2869 995 ecce
2893 940 3091 994 atrium
3128 937 3202 1009 (q)
3238 954 3400 1008 super
3421 939 3587 992 latera

2019 1033 2166 1096 atrii,
2202 1032 2294 1086 Ἡ.
2333 1047 2397 1088 -ι-
2429 1048 2590 1103 super
2621 1033 2764 1087 latus
2796 1032 2918 1086 atrii
2948 1032 2970 1101 ε
3009 1030 3231 1094 atrium,
3269 1045 3429 1100 super
3451 1045 3589 1098 qua-

2021 1134 2142 1178 tuor
2168 1123 2340 1177 latera
2372 1124 2497 1177 atrii
2527 1123 2595 1194 (r)
2625 1123 2824 1178 atrium
2856 1137 3108 1192 parvum,
3137 1120 3416 1190 longitudo
3447 1120 3595 1176 cubi-

2018 1223 2198 1269 torum
2229 1213 2611 1284 quadraginta,
2645 1221 2700 1268 et
2727 1213 2956 1268 latitudo
2988 1212 3301 1266 cubitorum
3346 1211 3590 1280 triginta,

2019 1321 2276 1361 mensura
2324 1305 2620 1377 [annm
2670 1319 2768 1374 pro
2823 1314 3060 1364 mnth
3099 1317 3231 1358 sane
3277 1301 3591 1374 legendum!

2020 1413 2129 1452 una
2157 1397 2291 1466 ipsis
2324 1407 2581 1467 quatuor.
2618 1395 2708 1450 25.
2747 1394 2814 1465 (ε)
2849 1393 2914 1448 Ει
2939 1394 3150 1449 cxedrae
3180 1409 3276 1463 per
3303 1393 3592 1448 circuitum

2020 1490 2077 1546 in
2107 1491 2208 1556 eis,
2233 1506 2328 1560 per
2358 1491 2650 1546 circuitum
2703 1489 2838 1560 ipsis
2881 1497 3117 1557 quatuor
3143 1505 3156 1541 :
3197 1487 3260 1557 (ι)
3291 1496 3344 1541 et
3377 1487 3593 1548 culinae,

2022 1599 2146 1653 quae
2191 1581 2349 1638 facta:
2378 1592 2559 1648 erant,
2613 1581 2717 1638 sub
2755 1580 2974 1636 exedris
3002 1594 3096 1649 per
3145 1577 3458 1633 circuitum.
3501 1577 3593 1630 24.

2021 1674 2090 1730 Ει
2123 1675 2261 1729 dixit
2286 1676 2352 1728 ad
2373 1690 2459 1729 me
2489 1693 2502 1730 :
2529 1671 2626 1729 Hae
2652 1673 2850 1728 domus
2881 1671 3212 1734 culinarum,
3249 1669 3339 1724 ubi
3363 1676 3598 1738 coquent

2022 1767 2120 1833 ibi,
2159 1767 2254 1836 qui
2281 1765 2596 1823 ministrant
2628 1766 2707 1835 (τι)
2738 1763 2929 1820 domui
2963 1761 3230 1818 sacriﬁcia
3265 1760 3473 1831 populi.
3543 1757 3556 1769 ’

337 1863 529 1924 portae,
561 1869 686 1923 qua:
712 1853 779 1907 ad
807 1853 1237 1921 septentrionem
1263 1869 1276 1904 :
1303 1865 1412 1904 non
1432 1860 1734 1906 revertetur
1757 1865 1922 1919 super
1954 1851 2000 1906 Β
2097 1853 2233 1923 Cap.
2275 1850 2486 1907 XLVII.
2514 1883 2581 1894 —
2615 1855 2665 1906 1.
2696 1852 2763 1907 Ει
2783 1851 3089 1907 introduxit
3121 1867 3204 1905 me
3235 1864 3399 1919 super
3428 1848 3597 1902 vesti-

339 1943 427 1997 via
445 1951 635 2012 portae,
659 1941 712 1996 in
741 1956 906 2010 quam
939 1941 1226 2012 ingressus
1256 1946 1360 2003 est,
1387 1939 1480 1993 sed
1506 1953 1538 1993 e
1564 1940 1783 2010 regione
1801 1940 1920 2008 ejus

338 2042 491 2088 recte
542 2031 873 2103 egredietur.
929 2032 1018 2086 10.
1073 2029 1140 2084 Ει
1185 2031 1297 2084 dux
1347 2030 1402 2084 in
1473 2031 1653 2084 medio
1707 2045 1922 2092 eorum,

341 2124 563 2194 quando
609 2122 1011 2192 ingredientur,
1058 2120 1396 2190 ingredietur
1424 2133 1485 2172 οε-
1514 2133 1638 2173 cum
1671 2118 1752 2172 eis
1789 2119 1837 2187 ζ,
1872 2126 1926 2174 et

343 2214 568 2284 quando
603 2212 975 2280 egredientur,
1011 2211 1324 2281 egredietur
1356 2213 1425 2280 Χ
1469 2226 1595 2266 cum
1638 2212 1719 2268 eis
1760 2213 1807 2283 ζ.
1836 2213 1923 2268 11.

347 2283 407 2358 1η
439 2283 882 2366 solennita-tibus,
908 2313 960 2356 et
993 2302 1047 2356 in
1088 2301 1245 2357 festis
1275 2302 1379 2358 erit
1406 2318 1604 2358 manaa
1635 2303 1710 2373 (η)
1744 2315 1925 2359 satum

348 2393 604 2462 iuvenco,
642 2399 696 2446 et
727 2400 902 2446 satum
938 2391 1118 2459 arieti,
1166 2401 1220 2447 et
1250 2392 1427 2462 agnis,
1481 2394 1624 2449 sicut
1653 2393 1932 2450 suffecerit.

350 2497 551 2537 manus
577 2483 717 2552 ejus,
756 2493 809 2536 et
838 2481 895 2536 In
942 2482 1045 2536 olei
1082 2491 1224 2537 sate.
1263 2482 1353 2537 12.
1392 2483 1450 2537 Si
1501 2493 1686 2538 autem
1736 2483 1936 2540 fecerit.

347 2573 460 2627 dux
518 2571 944 2635 confessionem,
987 2571 1363 2627 holocaustum
1427 2582 1523 2628 aut
1560 2573 1634 2643 (ο)
1668 2574 1930 2631 salutaris

350 2664 419 2729 )K
446 2661 817 2715 voluntarium
857 2662 880 2731 ζ
918 2660 1168 2725 Domino,
1198 2670 1252 2716 et
1285 2664 1495 2733 aperiet
1521 2664 1628 2720 sibi
1653 2665 1756 2734 ipsi
1794 2681 1922 2736 por-

345 2760 458 2806 tam
500 2750 882 2821 respicientem
917 2767 1110 2808 versus
1156 2754 1445 2821 orientem,
1481 2765 1536 2810 et
1575 2756 1738 2813 faciet
1770 2758 1925 2814 holo-

347 2851 599 2898 caestum
625 2858 809 2908 suum,
835 2852 889 2898 et
917 2851 1038 2914 quae
1067 2846 1262 2902 salutis
1297 2862 1430 2911 suae,
1465 2849 1924 2918 quemadmodum

348 2934 484 2990 facit
507 2936 560 2989 in
591 2935 680 2990 die
722 2936 1080 2992 sabbatorum
1127 2955 1141 2992 :
1178 2946 1232 2993 et
1269 2940 1601 3008 egredietur,
1630 2949 1694 2994 et.
1713 2940 1930 2998 claudet

347 3034 560 3095 portas,
611 3034 902 3096 postquam
947 3041 1203 3096 egressus
1252 3026 1438 3093 fuerit,
1493 3029 1581 3083 15.
1625 3037 1680 3083 et
1723 3045 1924 3100 agnum

349 3116 666 3170 anniculnm
698 3116 817 3172 sine
855 3117 1068 3172 macula
1100 3116 1263 3173 faciet
1291 3119 1345 3174 in
1378 3119 1758 3176 holocaustum
1786 3137 1926 3192 quo-

2021 1943 2211 1998 bulum
2249 1943 2468 2008 domus,
2525 1952 2582 1998 et
2623 1957 2748 1998 ecce
2796 1958 2937 2012 aqua
2982 1941 3359 2013 egrediebatur
3427 1940 3597 1996 desub

2024 2034 2261 2091 subdiali
2286 2034 2483 2090 domus
2506 2050 2702 2090 versus
2736 2035 3024 2098 orientem,
3059 2034 3186 2103 quia
3216 2033 3381 2088 facies
3401 2031 3598 2086 domus

2025 2125 2355 2194 respiciebat
2378 2140 2573 2180 versus
2595 2125 2884 2192 orientem,
2904 2134 3110 2193 etaqua
3143 2123 3502 2178 descendebat
3523 2121 3598 2191 (ας)

2027 2231 2057 2272 a
2079 2216 2256 2270 latere
2283 2217 2350 2284 )s(
2382 2215 2580 2272 domus
2619 2217 2642 2286 ζ
2676 2215 2891 2282 dextro,
2914 2217 2984 2271 ab
3010 2226 3196 2284 austro
3225 2229 3389 2284 super
3409 2214 3600 2267 altare.

2025 2304 2080 2359 ‘2.
2107 2304 2174 2359 Et
2205 2304 2394 2359 eduxit
2428 2319 2518 2360 me
2569 2319 2735 2374 super
2763 2306 2852 2359 via
2897 2312 3090 2375 portas,
3123 2319 3246 2375 quae
3290 2302 3358 2358 ad
3391 2301 3602 2372 aquilo-

2029 2410 2182 2461 nem,
2213 2402 2278 2449 et.
2317 2394 2688 2450 circumduxit
2724 2409 2814 2450 me
2853 2395 2922 2450 ad
2966 2395 3112 2450 viam
3146 2402 3316 2464 portae
3346 2391 3494 2448 foras
3535 2392 3601 2446 ad

2024 2494 2236 2555 portam
2270 2488 2336 2554 >ε<
2383 2485 2711 2541 exteriorem
2767 2486 2798 2555 :_
2845 2485 2972 2540 atrii
3019 2484 3358 2554 respicientis
3409 2498 3602 2537 versus

2025 2575 2290 2632 orientem
2325 2594 2337 2629 :
2362 2585 2416 2631 et
2441 2590 2570 2631 ecce
2591 2590 2733 2646 aqua
2755 2575 3125 2630 descendebat
3143 2590 3172 2628 a
3200 2575 3367 2629 latere
3387 2573 3602 2637 dextro,

2025 2665 2078 2722 5.
2105 2667 2181 2738 (y)
2208 2669 2351 2723 sicut
2379 2667 2561 2722 exitus
2597 2667 2702 2722 viri
2727 2683 2793 2722 ex
2832 2667 3062 2721 adverso
3103 2685 3116 2722 :
3149 2676 3202 2722 et
3231 2681 3508 2728 mensura,
3547 2665 3604 2718 in

2027 2773 2193 2812 manu
2216 2757 2355 2828 ejus,
2385 2767 2438 2812 et
2454 2773 2678 2816 mensus
2709 2765 2798 2812 est
2820 2757 2972 2811 mille
2997 2757 3050 2810 in
3072 2771 3329 2811 mensura
3356 2765 3409 2811 et
3432 2765 3606 2810 trans-

2029 2849 2091 2903 iit
2148 2849 2202 2902 in
2251 2864 2393 2918 aqua
2430 2848 2506 2919 (π.)
2551 2863 2750 2917 aquam
2789 2838 3154 2912 remissionis,
3197 2847 3253 2902 4.
3293 2854 3348 2901 et
3382 2860 3604 2900 mensus

2027 2948 2112 2996 est
2143 2939 2218 3010 (α)
2275 2940 2444 3006 mille,
2488 2947 2542 2994 et
2577 2939 2799 2995 transiit
2828 2939 2882 2992 in
2915 2953 3060 3009 aqua
3106 2951 3305 3007 aquam
3333 2951 3508 3006 usque
3536 2937 3604 2990 ad

2029 3031 2200 3086 latera
2236 3051 2248 3087 :
2273 3039 2328 3087 et
2355 3046 2579 3086 mensus
2602 3040 2686 3085 est
2710 3029 2877 3097 mille,
2901 3040 2956 3084 et
2983 3028 3236 3084 transivit
3263 3043 3403 3098 aqua
3433 3043 3612 3097 usque

2029 3121 2096 3175 ad
2131 3121 2398 3176 lumbum.
2424 3121 2478 3176 5.
2509 3121 2574 3174 Et
2592 3108 2817 3178 menSus
2843 3130 2928 3176 est
2946 3120 3114 3188 mille,
3138 3130 3192 3175 et
3209 3134 3339 3176 ecce
3370 3127 3606 3184 torrens,

349 3207 484 3263 tidie
529 3207 782 3275 Domino,
838 3224 999 3263 mane
1029 3224 1191 3264 mane
1235 3209 1401 3266 faciet
1438 3227 1586 3278 eum,
1630 3212 1718 3266 l4.
1754 3212 1830 3284 (p)
1875 3223 1928 3270 et
1955 3201 1998 3260 (Ξ
2031 3227 2191 3282 quem
2223 3227 2331 3267 non
2365 3211 2543 3281 potuit
2576 3211 2834 3277 transire,
2861 3210 2990 3281 quia
3037 3210 3111 3282 (ὁ)
3143 3210 3298 3281 pluit,
3333 3209 3609 3264 difﬂuebat

351 3313 547 3352 manaa
583 3297 744 3352 faciet
763 3313 929 3368 super
960 3313 1026 3354 eo
1059 3317 1072 3353 :
1118 3315 1278 3356 mane
1303 3316 1463 3358 mane
1486 3311 1693 3359 sextam
1719 3313 1926 3374 partem

355 3405 652 3456 mensurae,
685 3401 738 3445 et
765 3391 1194 3447 oleumtertiam
1239 3401 1448 3462 partem
1490 3393 1548 3448 In
1581 3396 1647 3450 ad
1689 3396 1926 3453 miscen-

353 3479 483 3534 dum
540 3481 775 3535 similam
813 3497 1008 3536 manaa
1045 3481 1299 3550 Domino,
1326 3493 1655 3556 praeceptum
1686 3490 1755 3557 Ἀ(
1784 3487 1929 3558 quod

356 3572 412 3626 in
442 3573 702 3627 saeculum
730 3574 752 3642 ζ
781 3572 985 3644 jugiter
1015 3575 1101 3628 15.
1136 3573 1352 3631 facietis
1373 3591 1608 3647 agnum:
1638 3588 1693 3633 et
1713 3594 1928 3646 manaa,

353 3671 409 3718 et
434 3663 613 3718 oleum
647 3662 862 3720 facietis
903 3681 1084 3730 mane,
1135 3666 1518 3723 holocaustum
1564 3668 1785 3740 jugiter.
1839 3669 1928 3726 16.

354 3753 485 3808 Haec
505 3753 636 3809 dicit
666 3753 878 3809 Adonai
908 3755 1168 3818 Dominus
1201 3775 1214 3811 :
1249 3757 1306 3812 Si
1337 3758 1547 3813 dederit
1576 3759 1683 3812 dux
1725 3760 1932 3817 donum

355 3847 452 3901 uni
484 3862 549 3900 ex
587 3846 714 3901 ﬁliis
759 3847 874 3902 suis
902 3847 968 3902 de
998 3848 1318 3905 haereditate
1345 3865 1465 3914 sua,
1505 3849 1611 3904 hoc
1642 3849 1769 3906 ﬁliis
1811 3851 1932 3922 ejus

355 3936 502 3991 erit:
533 3939 811 4007 possessio
843 3938 1132 4006 X'eorum
1167 3940 1283 4010 ipsa
1317 3941 1339 4008 ζ
1390 3941 1444 3994 in
1475 3941 1808 3996 haereditate.
1843 3943 1931 3996 17.

262 4054 269 4060 -
359 4026 416 4082 Si
446 4037 628 4082 autem
656 4027 865 4084 dederit
886 4031 1090 4086 donum
1127 4034 1192 4099 )K
1227 4031 1294 4086 de
1321 4031 1634 4086 haereditate
1659 4047 1757 4086 sua
1785 4031 1808 4101 ζ
1839 4031 1934 4087 uni

358 4132 429 4172 ex
464 4119 641 4173 servis
676 4119 814 4186 suis,
839 4129 894 4175 et
915 4121 1019 4177 erit
1051 4121 1101 4176 ei
1129 4136 1305 4191 usque
1330 4121 1396 4176 ad
1424 4136 1628 4176 annum
1659 4122 1936 4179 dimissio-

357 4205 468 4272 nis,
499 4199 566 4261 et‘
583 4208 782 4263 redibit
813 4209 881 4264 ad
913 4211 1127 4276 ducem,
1160 4219 1357 4281 praeter
1390 4211 1759 4268 haereditatem
1791 4214 1934 4269 ﬁlio-

358 4311 482 4350 rum
512 4297 631 4367 ejus
661 4298 741 4354 eis
777 4300 901 4355 erit.
935 4301 1024 4357 18.
1061 4302 1129 4357 Et
1162 4317 1270 4357 non
1304 4312 1483 4358 sumet
1526 4304 1636 4358 dux
1671 4305 1736 4359 de
1761 4306 1934 4361 haere-

359 4389 529 4444 ditate
559 4391 744 4460 populi
771 4393 854 4448 sui
886 4393 1403 4464 ad'opprimendum
1433 4411 1529 4452 eos
1567 4414 1581 4452 :
1614 4398 1681 4452 de
1716 4413 1937 4468 posses-

360 4481 515 4536 sione
561 4498 658 4537 sua
703 4486 771 4552 >ε<
815 4485 882 4540 de
925 4485 1240 4542 haereditate
1272 4503 1371 4543 sua
1422 4488 1445 4559 ζ
1497 4487 1740 4544 haeredes
1778 4489 1937 4545 faciet

359 4572 502 4628 ﬁlios
529 4589 683 4638 suos,
711 4587 772 4629 ut
815 4591 883 4630 ne
911 4577 1258 4647 dispergatur
1293 4579 1528 4648 populus
1566 4595 1720 4635 meus
1765 4597 1934 4636 unus-

2031 3317 2195 3372 aqua,
2225 3302 2367 3358 sicut
2391 3303 2626 3372 impetus
2649 3302 2928 3369 torrentis,
2962 3302 3054 3372 qui
3076 3316 3184 3357 non
3211 3304 3604 3373 poterittrans-

2031 3392 2121 3448 iri.
2156 3392 2209 3446 6.
2239 3391 2305 3446 Et
2340 3392 2479 3447 dixit
2508 3391 2576 3446 ad
2606 3405 2732 3465 me:
2758 3389 2814 3445 Si
2847 3390 3049 3457 vidisti,
3083 3391 3174 3445 ﬁli»
3220 3390 3496 3444 hominis?
3540 3388 3607 3441 Et

2033 3482 2192 3537 duxit
2218 3497 2328 3547 me,
2360 3483 2427 3550 )t(
2453 3490 2509 3536 et
2537 3481 2806 3538 convertit
2832 3495 2920 3536 me
2946 3482 2968 3551 ζ
2998 3496 3162 3551 super
3197 3481 3398 3535 labium
3435 3479 3604 3541 fluvii,

2032 3574 2090 3628 7.
2125 3573 2182 3628 in
2210 3573 2571 3628 conversione
2616 3587 2739 3628 mea
2775 3590 2789 3626 :
2823 3579 2878 3626 et
2918 3586 3045 3626 ecce
3081 3587 3244 3641 super
3274 3571 3419 3625 labio
3458 3571 3608 3623 fluvii

2035 3666 2262 3722 arbores
2289 3665 2476 3725 multa:
2501 3664 2796 3721 admodum
2819 3664 2945 3720 hinc
2968 3673 3022 3720 et
3054 3664 3195 3719 inde.
3221 3665 3270 3721 8.
3299 3662 3514 3718 Etilixit
3541 3659 3608 3716 ad

2035 3773 2124 3812 me
2154 3777 2168 3813 :
2200 3758 2355 3829 Aqua
2377 3759 2515 3824 haec,
2538 3775 2660 3829 quae
2683 3759 2959 3830 egreditur
2980 3759 3032 3814 in
3071 3759 3139 3832 (ε)
3168 3759 3466 3823 Galilzeam,
3489 3775 3610 3829 quae

2036 3848 2105 3907 ad
2127 3849 2411 3915 orientem,
2452 3859 2506 3905 et
2536 3850 2907 3906 descendebat
2930 3866 3095 3921 super
3129 3849 3408 3917 Arabiam,
3441 3859 3494 3903 et
3520 3865 3612 3902 ve-

2037 3939 2227 3994 niebat
2255 3954 2431 4008 usque
2454 3941 2520 3994 ad
2555 3956 2708 3995 mare
2745 3956 2909 4010 super
2939 3956 3136 4010 aquam
3178 3943 3354 3996 exitus
3383 3959 3396 3994 :
3426 3950 3478 3994 et
3519 3954 3610 3992 sa-

2037 4028 2191 4084 nabit
2231 4044 2405 4099 aquas
2445 4046 2458 4083 :
2492 4029 2556 4084 9..
2587 4041 2640 4084 et
2683 4030 2787 4085 erit
2832 4030 3014 4098 omnis
3061 4031 3241 4085 anima
3291 4029 3608 4084 animalium

2036 4119 2380 4191 leprosorum
2421 4120 2713 4186 factorum,
2763 4135 2927 4189 super
2978 4119 3183 4183 omnia,
3238 4135 3360 4190 quae
3402 4119 3614 4172 venerit

2037 4227 2202 4283 super
2221 4227 2283 4267 ea
2312 4212 2402 4268 ille
2426 4211 2645 4278 ﬂuvius,
2677 4211 2821 4266 vivet
2847 4229 2860 4266 :
2888 4219 2942 4266 et
2966 4219 3127 4285 erunt
3154 4210 3223 4264 ibi
3255 4211 3428 4279 pisces
3456 4209 3613 4262 multi

2038 4305 2358 4370 admodum,
2395 4305 2523 4374 quia
2553 4305 2736 4358 veniet
2775 4303 2904 4358 illuc
2928 4317 3070 4372 aqua
3116 4302 3251 4364 hate,
3286 4311 3340 4357 et
3375 4301 3610 4363 sanabit,

2038 4405 2094 4452 et
2134 4397 2298 4462 vivet,
2344 4396 2606 4468 quicquid
2637 4396 2847 4451 venerit
2893 4411 3058 4466 super
3107 4394 3238 4449 illud
3293 4393 3510 4454 ﬂuvius.
3547 4397 3614 4459 Χ

2040 4489 2114 4544 ibi
2148 4491 2171 4560 ζ
2209 4490 2374 4545 vivet.
2410 4489 2498 4544 10.
2533 4487 2599 4543 Et
2645 4488 2864 4544 stabunt
2891 4488 2968 4560 (ά)
3002 4503 3166 4558 super
3204 4503 3271 4544 eo
3312 4488 3615 4559 piscatores

2037 4585 2105 4653 x
2139 4583 2296 4638 multi
2333 4583 2356 4653 ζ
2401 4583 2470 4638 ab
2514 4581 2708 4652 In-god
2756 4590 2810 4638 et
2845 4599 3021 4653 usque
3072 4583 3138 4638 ad
3196 4581 3429 4653 ln-eglin
3486 4602 3498 4637 :
3544 4582 3614 4654 (ε)

359 4663 595 4733 quisque
629 4665 697 4719 de
736 4667 1085 4734 possessione
1115 4685 1236 4723 sua.
1285 4669 1373 4724 19.
1420 4668 1487 4723 Ει
1518 4671 1822 4726 introduxit
1850 4687 1937 4728 me
2032 4676 2294 4745 expansio
2315 4675 2513 4730 retium
2537 4675 2660 4740 erit,
2691 4691 2719 4729 a
2751 4691 2811 4731 se
2838 4685 2893 4731 et
2911 4676 3015 4732 sibi
3045 4677 3185 4731 erit:
3215 4684 3268 4731 et
3295 4677 3468 4745 pisces
3495 4676 3616 4744 ejus

361 4753 415 4806 ίη
441 4754 770 4823 ingressum.
813 4772 936 4826 quae
967 4767 1159 4812 contra
1191 4768 1464 4824 θυεινυηι,
1505 4772 1696 4830 porta}.
1730 4762 1784 4816 in
1811 4778 1938 4818 exeo
2034 4768 2178 4824 sicut
2216 4768 2396 4838 pisces
2430 4767 2599 4824 maris
2631 4769 2834 4840 magni,
2879 4769 3174 4824 multitudo
3221 4769 3392 4822 multa
3437 4767 3614 4823 valde.

360 4844 512 4899 dram
569 4845 899 4902 Sanctorum
923 4887 939 4912 ,
993 4850 1376 4917 sacerdotum,
1425 4854 1810 4922 respicientem
1871 4855 1938 4910 ad
2036 4859 2123 4913 11.
2159 4857 2224 4928 (ί)
2259 4859 2323 4912 Et
2345 4859 2399 4912 in
2425 4859 2578 4913 exitu
2604 4859 2746 4929 ejus,
2778 4874 2839 4915 -t—
2865 4869 2920 4916 et
2952 4861 3005 4915 in
3033 4859 3393 4915 conversione
3414 4857 3534 4926 ejus
3565 4857 3613 4924 ζ,

362 4937 669 5006 aquilonem
701 4957 715 4992 :
748 4947 803 4994 et
831 4955 960 4996 ecce
987 4941 1063 4996 ibi
1094 4942 1249 4998 locus
1273 4951 1583 5012 separatus,
1612 4946 1706 5000 20.
1729 4945 1942 5001 etdixit
2037 4959 2092 5004 et
2127 4951 2181 5004 in
2233 4950 2506 5019 superﬂua
2543 4952 2779 5008 elatione
2806 4952 2926 5024 ejus
2971 4969 3077 5008 non
3109 4952 3181 5024 (g)
3214 4951 3488 5006 sanabunt-
3521 4969 3532 5002 :
3562 4950 3614 5001 in

433 5111 792 5201 (ᾮΜΑΝᾹΑ-
870 5114 939 5201 (ιι)
974 5115 1087 5201 ill-ﬂ
1129 5117 1344 5201 ("9.8.3
1369 5129 1424 5176 et
1455 5136 1619 5201 super
1659 5124 1847 5201 eadem
1884 5124 1972 5180 via
1998 5125 2164 5201 eju_s._
2216 5128 2294 5196 (nl
2327 5126 2488 5201 Ophi.
2566 5127 2640 5201 (ο)
2669 5127 3010 5201 Ρπῑϋουηιη
3064 5128 3140 5199 (ρ)
3173 5127 3238 5181 Ει
3260 5128 3612 5201 sacriﬁcium.

363 5182 588 5270 (q)"!"h.,
635 5182 936 5270 iln\alngu_lo
963 5182 1146 5270 atriif
1185 5182 1266 5270 (ἢ
1404 5182 1616 5270 atrium
1651 5193 1956 5270 adhaerens.
2011 5182 2100 5270 λδ)
2125 5182 2501 5270 8.,Ῐοὴιὸᾝει·
2532 5182 2818 5270 circuitum
2845 5182 3196 5270 erait-infelis.
3273 5198 3336 5269 (ι)
3361 5197 3443 5263 8.,
3473 5182 3616 5269 δεῖρἰ

364 5253 566 5340 menta.
606 5331 618 5340 Α
643 5253 720 5340 (ιε)
866 5256 1117 5340 _Domino.
1194 5253 1377 5331 (m)S.,
1403 5260 1714 5327 Th.,desub
1731 5264 1965 5321 humero
1993 5253 2429 5325 dextro'domus:
2453 5253 2570 5340 "(9)
2594 5253 2995 5340 Egrediebatur
3015 5269 3098 5340 vir
3114 5253 3303 5324 versus
3320 5253 3612 5338 orientem,

363 5324 624 5411 coierat
655 5324 950 5411 "funiculus
998 5324 1264 5385 mensurae
1300 5324 1462 5402 super
1488 5324 1654 5411 manu
1708 5353 1722 5389 :
1757 5343 1972 5411 et_cu_m
2013 5351 2236 5393 mensus
2265 5324 2410 5395 esset
2441 5324 2587 5394 mille
2618 5324 2851 5411 c‘ubitos,
2882 5339 3122 5394 traduxit
3162 5355 3249 5392 me
3293 5353 3394 5408 per
3417 5324 3616 5411 aquarii

362 5406 538 5480 usque
555 5393 620 5480 ad
663 5395 846 5480 talos:
873 5405 1074 5452 etcum
1104 5415 1323 5456 mensus
1350 5393 1690 5480 essetmille,
1713 5405 1955 5480 traduxit
1977 5421 2064 5461 me
2097 5423 2190 5475 per
2212 5393 2410 5479 aquam
2435 5393 2610 5480 usque
2628 5393 2717 5480 ad
2735 5393 2916 5480 gen'ua
2943 5427 2956 5462 :
2979 5393 3041 5463 et
3074 5424 3194 5463 cum
3228 5393 3617 5467 mensusessEE

364 5463 536 5549 mille,
574 5465 818 5546 traduxit
844 5480 931 5520 me
958 5483 1050 5549 pici:
1079 5484 1277 5539 aquam
1312 5487 1483 5549 usque
1511 5474 1578 5549 a_d
1613 5463 1898 5549 lumbum:
1935 5484 1990 5530 et
2043 5463 2166 5532 etim
2213 5463 2438 5534 m'ensus
2471 5463 2615 5534 esset
2652 5463 2820 5549 milie,
2865 5479 3066 5543 rivum,
3110 5495 3271 5548 quem
3296 5463 3616 5549 'nbi’l'pailii

364 5537 632 5621 transire}.
649 5537 1284 5621 qgiaprzlevalebataqua
1311 5537 1580 5621 profunda
1608 5545 1738 5621 rivi,
1767 5547 1859 5615 qui
1901 5561 2008 5621 non
2039 5557 2252 5621 poterat
2277 5549 2521 5621 transiri.
2627 5549 2702 5621 (χ)
2732 5537 2912 5621 Usque
2938 5549 3002 5603 ad
3031 5537 3188 5604 talos.
3268 5549 3340 5621 (α)
3370 5551 3425 5603 ln
3461 5537 3616 5605 inen-

366 5614 521 5690 lel‘a;
542 5603 1102 5690 ἓξξρθτὺξςςιεςξ.
1139 5603 1518 5690 Fraag-lentes.
1599 5613 1667 5684 (c)
1699 5603 1797 5690 S._,'
1820 5603 2112 5672 terminum
2146 5618 2485 5690 oricplalem,
2517 5627 2571 5671 et
2609 5603 2890 5690 descendit
2921 5603 3614 5690 superiterranziqnaenon

381 5679 470 5763 est
497 5671 1122 5763 habitabilis.““(abibis
1159 5680 1253 5763 λε)
1284 5671 1875 5763 Extensiones'retium
1903 5671 2091 5742 erunt.
2159 5671 2335 5756 70778.,
2364 5671 2486 5741 cum
2516 5671 3020 5759 veroegredientui'
3036 5671 3616 5760 *ad’éa,11uis‘;ir‘b§iill

363 5751 497 5812 qua,
536 5758 644 5798 non
670 5744 1030 5802 sanabuntur.
1103 5746 1178 5818 (g)
1201 5744 1645 5809 Sanctificabunt.
