2032 3207
211 197 282 225 2'65

747 196 861 225 CODEX
882 196 923 223 SY
930 195 1207 224 RlACO-HESAPLA
1214 196 1279 224 RIS.

1768 197 1836 226 270i

213 257 254 283 sal
267 256 329 282 data
341 258 415 285 sunt,
433 254 477 281 l2.
491 258 516 281 et
532 241 613 289 super
625 253 708 280 fluvio
726 252 765 288 (h)
782 253 999 287 aseendetsuper
1013 254 1036 282 Α
1051 254 1088 279 ea'
1106 261 1167 287 qua:
1181 254 1212 280 ad
1229 261 1320 285 mare,
1340 253 1376 289 (0)
1399 259 1479 282 erunt
1494 255 1618 290 primitiae
1637 255 1816 290 separationis
1827 267 1837 282 ν

212 301 286 328 labio
298 300 357 335 ejus
380 299 444 326 hinc
461 303 488 327 et
507 300 569 327 inde
591 306 673 326 omne
692 299 796 334 lignum
818 299 997 328 eseulentutn,

212 353 267 373 non
281 350 433 373 veterascet
454 353 536 380 super
558 352 601 376 eo,
628 352 716 379 neque
743 345 850 372 deﬁciet
871 353 877 370 :
894 344 998 370 fructus

212 393 273 425 ejus
289 392 417 419 novitatis
434 391 569 426 primitias
581 391 665 422 dabit,
682 391 746 426 quia
763 397 840 424 aquae
854 397 949 416 eorum
965 395 997 414 ex

214 437 379 464 Sanctuario
403 438 444 464 hae
457 437 645 471 egrediuntur,
664 441 691 463 et
706 436 757 463 erit
774 436 880 462 fructus
903 442 997 461 eorum

213 481 238 506 in
253 479 356 513 cibum,
373 485 398 507 et
411 488 520 515 germen
541 488 636 507 eorum
652 481 679 507 in
702 480 857 508 sanitatem.
874 480 917 506 13.
937 479 998 506 llaec

211 526 278 553 dicit
300 526 430 553 Dominus
445 526 517 554 Dens
532 536 538 553 :
556 526 588 553 lli
606 531 669 553 sunt
688 526 796 553 termini
817 530 906 557 terrte,
928 533 998 559 quos

213 571 418 603 limreditabitis,
429 572 572 599 duodecim
585 572 710 599 tribubus
725 571 842 598 filiorum
851 570 957 598 lsraelis
966 570 997 605 (ἰ)

213 622 387 652 augmentum
416 617 541 645 funiculi.
574 618 617 644 M.
643 617 676 644 Et
711 616 907 644 hmreditabitis
936 624 996 643 eam

213 664 415 698 unusquisque,
435 668 504 691 srcut
528 664 613 690 frater
632 663 701 696 ejus,
718 671 799 698 super
813 670 895 698 quam
911 663 996 690 levavi

212 717 322 736 manum
340 717 438 741 meatu,
451 710 483 736 ad
500 709 620 736 dandum
633 717 692 737 eam
706 709 830 745 patribus
843 717 937 737 eorum
952 713 997 736 :et

212 754 289 781 cadet
309 759 381 781 terra
406 755 463 782 haec
484 755 560 782 vobis
581 755 608 782 in
633 756 830 782 haereditatem.
854 755 897 782 15.
921 754 954 781 Ει
969 755 996 781 hi

211 800 320 828 termini
341 806 431 833 terrae,
454 809 516 836 qua!
529 802 562 828 ad
589 801 754 836 aquilonem,
771 809 786 828 a
809 802 876 828 mari
898 808 997 836 magno

210 846 393 877 descendente
406 851 433 874 et
445 847 625 879 discindente,
644 847 771 875 introitus
786 848 883 880 Sedad,
898 848 941 875 16.
960 848 995 882 (lt)

211 891 340 924 llamath,
353 891 627 926 Berutlisepharvaim
643 893 712 920 inter
726 894 857 921 terminos
871 893 996 921 Damasci

210 941 237 964 et
254 937 324 964 inter
336 937 468 964 terminos
482 936 609 971 Hamath,
626 939 725 965 atrium
738 938 768 973 (Ι)
785 938 919 971 Tliichon,
935 946 996 974 qua:

211 986 366 1018 suntsupra
378 983 511 1010 terminos
528 982 651 1011 Hauran.
668 984 711 1010 lT.
722 984 871 1012 llitermini
883 992 898 1011 a
909 985 992 1011 mari:

210 1028 244 1056 ab
258 1029 328 1056 atrio
344 1029 445 1060 Euan,
465 1029 574 1056 termini
588 1029 724 1063 Damasci,
738 1035 764 1057 et
779 1031 824 1065 qui
840 1030 873 1058 ad
891 1031 996 1066 aquilo-

210 1082 272 1102 nem
289 1076 324 1109 Χ
345 1082 427 1109 super
448 1075 615 1109 aquilonem,
631 1080 657 1103 et
669 1076 803 1104 terminus
818 1076 866 1112 (m)
883 1078 917 1111 }s(
932 1077 995 1104 Asi-

210 1120 295 1153 moth,
310 1124 336 1147 et
351 1120 485 1147 terminus
500 1121 704 1155 septentrionis.
723 1121 768 1148 l8.
784 1120 886 1149 Versus
898 1121 995 1149 faciem

209 1165 323 1192 orientis
344 1165 355 1200 ζ
371 1165 441 1192 inter
457 1164 578 1198 llauran,
594 1171 621 1193 et
634 1166 705 1194 inter
721 1166 896 1200 Damascum,
911 1172 939 1195 et
955 1167 997 1194 in-

210 1213 250 1236 ter
263 1209 460 1243 Galaaditiden,
481 1214 509 1237 et
524 1211 595 1238 inter
609 1215 708 1239 terram
731 1211 848 1244 lsraelis,
869 1211 995 1239 Jordanis

212 1255 384 1283 disterminat
398 1263 479 1290 super
491 1264 578 1289 mare,
595 1257 667 1292 quod
678 1257 712 1284 ad
730 1259 863 1285 orientem
875 1258 992 1292 palmeti.

213 1300 246 1327 lli
260 1301 307 1336 qui
327 1302 358 1328 ad
373 1302 516 1331 orientem.
531 1303 574 1330 19.
596 1303 628 1330 Et
640 1304 686 1337 qui
702 1303 733 1330 ad
750 1308 874 1331 austrum
887 1307 913 1330 et
930 1302 995 1329 afri-

210 1353 271 1373 cum
289 1354 304 1373 a
331 1345 470 1381 Thaeman,
490 1355 519 1375 +
542 1353 568 1376 et
587 1349 706 1383 palmeto
727 1356 814 1383 usque
837 1349 870 1375 ad
895 1355 995 1381 aquam

209 1390 343 1419 Maribotii
364 1392 455 1426 Cadis,
469 1393 552 1429 (n).se
575 1394 725 1421 extendens
747 1401 829 1428 super
846 1400 920 1419 mare
938 1400 995 1419 ma-

210 1446 302 1472 gnum.
317 1438 362 1465 20.
378 1439 440 1467 llaec
453 1448 516 1474 pars
532 1440 616 1467 austri
632 1445 658 1467 et
670 1439 758 1470 africi,
772 1439 829 1466 lucc
840 1447 903 1473 pars
912 1438 995 1466 maris

209 1485 244 1519 Χ
260 1486 344 1513 maris
362 1486 372 1521 ζ
388 1487 478 1521 magni
494 1487 666 1513 disterminat
684 1493 772 1519 usque
790 1490 883 1512 contra
899 1485 996 1512 introi-

210 1537 266 1558 tum
280 1531 406 1564 Hamath,
423 1539 454 1559 -ι-
465 1540 551 1567 usque
563 1532 597 1559 ad
610 1532 751 1559 introitum
765 1531 824 1566 ejus
837 1532 859 1566 ζ.
873 1530 906 1558 Hi
921 1536 994 1563 sunt,

209 1577 256 1611 qui
277 1578 311 1605 ad
330 1586 407 1605 mare
422 1586 451 1605 ὴ
466 1578 582 1604 llamath
602 1579 626 1612 ζ.
643 1578 687 1605 21.
705 1577 737 1604 Et
753 1577 879 1605 dividetis
896 1581 994 1604 terram
1010 1586 1031 1616 ο

210 1624 280 1651 hanc
290 1625 340 1657 eis,
356 1624 482 1655 tribubus
496 1624 614 1650 lsraelis.
624 1623 668 1651 29..
681 1623 792 1651 lilittetis
807 1631 866 1650 eam
883 1623 910 1650 in
923 1626 996 1650 sorte

209 1670 297 1702 vobis,
316 1675 343 1697 et
362 1670 474 1697 advenis
494 1669 732 1696 commorantibns
748 1670 776 1695 in
792 1669 882 1696 medio
901 1668 995 1700 vestri,

209 1715 256 1750 qui
274 1719 427 1750 genuerunt
440 1714 509 1741 ﬁlios
524 1714 550 1740 in
566 1714 653 1740 medio
667 1713 762 1746 vestri,
782 1717 809 1740 et
826 1717 907 1740 erunt
919 1712 997 1739 vobis

210 1762 289 1796 quasi
306 1761 360 1788 nati
376 1760 494 1794 regionis
507 1759 534 1786 in
545 1759 605 1786 filiis
619 1758 727 1787 lsraelis
738 1768 745 1786 :
758 1767 820 1786 cum
831 1759 907 1785 vobis
917 1762 998 1785 erunt

210 1808 238 1833 in
254 1805 411 1833 hmreditate
422 1805 448 1831 in
462 1804 552 1830 medio
567 1804 685 1830 tribuum
695 1803 867 1837 lsraelis,25.
878 1807 904 1830 et
918 1806 999 1829 erunt

211 1853 239 1878 in
252 1851 325 1878 tribu
350 1850 516 1876 advenarum
535 1849 562 1876 in
586 1849 709 1881 advenis,
731 1849 778 1884 qui
796 1856 859 1876 cum
882 1848 921 1876 eis
938 1857 944 1875 :
961 1847 997 1875 ibi

211 1896 311 1923 dabitis
327 1895 512 1922 haereditatem
522 1894 571 1928 eis,
588 1895 654 1922 dicit
666 1894 799 1922 Dominus
811 1894 893 1921 Deus.

245 1942 310 1977 Cap.
326 1941 440 1969 )LVlll.
449 1956 484 1962 —-
498 1942 523 1969 1.
535 1941 568 1969 Ει
578 1943 635 1970 haec
647 1942 758 1969 nomina
771 1942 891 1969 tribuum
902 1941 935 1968 ab
948 1941 998 1968 ini-

211 1988 249 2014 tio
261 2008 269 2020 ,
286 1987 359 2022 quod
381 1988 414 2015 ad
434 1988 587 2022 aquilonem
601 2000 608 2020 ,
625 1995 706 2023 super
723 1993 827 2022 partem
850 1988 998 2015 descensus

211 2033 389 2061 discindentis
413 2041 494 2069 super
514 2034 657 2061 introitum
680 2033 796 2061 Hamatli
812 2034 873 2061 atrii
890 2033 998 2066 Elam,

212 2080 346 2107 terminus
361 2079 484 2108 Damasci
497 2080 530 2107 ad
542 2081 696 2115 aquilonem
716 2088 812 2107 versus
827 2084 930 2115 partem
945 2079 999 2106 lla-

212 2126 285 2154 math
297 2134 326 2154 —:—
337 2126 399 2165 atrii
412 2127 423 2161 ξ
437 2135 442 2151 :
456 2128 632 2160 eterunteis,
646 2134 706 2162 quae
721 2126 754 2154 ad
770 2126 902 2154 orientem
913 2133 1000 2160 usque

210 2172 243 2199 ad
257 2180 342 2204 mare,
361 2172 416 2199 Dan
431 2181 493 2200 una.
504 2173 530 2200 2.
546 2172 579 2200 Ει
592 2181 607 2200 a
620 2173 745 2200 terminis
759 2172 827 2205 Dan,
839 2173 873 2199 ab
889 2173 922 2200 iis
940 2179 1001 2207 qua:

211 2218 244 2244 ad
261 2219 392 2245 orientem
407 2226 494 2253 usque
510 2218 543 2245 ad
558 2226 589 2245 ea
606 2226 665 2253 qum
680 2218 713 2245 ad
727 2226 818 2250 mare,
838 2219 919 2245 Asser
934 2226 998 2245 una.

211 2264 239 2290 5.
257 2262 287 2290 Et
300 2271 315 2290 a
325 2264 447 2291 terminis
457 2264 549 2296 Asser,
563 2264 596 2290 ab
608 2264 641 2291 iis
653 2272 713 2298 quae
726 2263 758 2291 ad
768 2264 898 2290 orientem
914 2271 1000 2298 usque

213 2307 246 2335 ad
263 2316 294 2335 ea
310 2316 369 2343 qua:
382 2309 414 2336 ad
430 2317 515 2342 mare,
530 2309 673 2344 Nephthali
685 2318 749 2336 una.
762 2311 788 2336 4.
803 2310 836 2336 Et
849 2317 864 2336 a
879 2310 1000 2336 terminis

212 2353 372 2388 Neplithali,
396 2354 429 2381 ab
454 2355 559 2382 oriente
574 2363 660 2389 usque
676 2355 709 2382 ad
724 2362 756 2381 ea
774 2362 834 2389 qua:
852 2354 884 2381 ad
905 2362 998 2386 mare,

212 2399 337 2427 Manasse
351 2408 414 2426 una.
432 2400 458 2426 5.
477 2400 510 2427 Et
523 2409 537 2427 a
554 2401 677 2427 terminis
693 2400 826 2432 Manasse,
842 2400 875 2427 ab
891 2400 924 2427 iis
941 2408 1001 2435 qua:

212 2445 244 2472 ad
259 2446 391 2472 orientem
411 2454 496 2480 usque
510 2446 542 2472 ad
563 2454 593 2472 ea
620 2454 681 2480 quae
706 2445 738 2472 ad
763 2453 852 2478 mare,
875 2445 999 2480 Epln'aem

212 2499 276 2518 una.
297 2491 324 2519 6.
353 2491 385 2518 Et
411 2500 425 2518 a
449 2492 573 2519 terminis
599 2493 739 2527 liphrrcm,
766 2492 800 2519 ab
828 2492 861 2519 iis
883 2500 943 2526 qua:
968 2492 1000 2518 ad

212 2538 345 2565 orientem
364 2546 451 2573 usque
480 2539 512 2564 ad
531 2546 561 2565 ea
585 2544 645 2573 quae
669 2539 702 2565 ad
716 2546 807 2570 mare,
826 2537 910 2565 llubel
935 2545 999 2564 una.

213 2583 237 2609 'l.
263 2583 295 2611 Et
316 2591 331 2610 a
351 2583 474 2610 terminis
509 2583 594 2610 Rubel
620 2584 654 2610 ab
677 2583 710 2611 iis
728 2591 788 2618 qua:
812 2584 844 2610 ad
868 2583 1000 2610 orientem

213 2637 299 2662 usque
315 2629 348 2656 ad
363 2637 395 2656 ea
414 2637 475 2665 qua:
490 2629 523 2656 ad
540 2637 629 2661 mare,
643 2629 720 2656 Jndze
744 2637 808 2656 una.
827 2629 852 2656 8.
867 2629 899 2655 Et
914 2637 929 2656 a
945 2634 1000 2656 ter-

214 2673 296 2700 minis
322 2674 413 2703 .lndae.
445 2675 479 2700 ab
507 2675 539 2700 iis
565 2682 625 2708 quae
651 2675 684 2700 ad
705 2674 836 2700 orientem
853 2682 940 2709 usque
970 2675 1002 2701 ad

256 2752 294 2785 (h)
310 2751 352 2784 8.,
381 2754 504 2778 naturale
529 2752 589 2779 fuit.

647 2753 682 2795 (il
702 2752 744 2795 §.,
777 2753 877 2795 Joseph
906 2752 1042 2795 funiculus
1072 2756 1227 2795 protensns;

214 2788 249 2828 (ιλ
265 2787 372 2828 Ιξωψη.
390 2827 394 2828 ν
412 2787 606 2828 (u_t)'.llamath_.
647 2787 726 2828 (n)__S.
738 2789 946 2828 happrehcnsio
967 2790 1061 2828 sortis.

1051 299 1146 333 viginti
1170 303 1197 326 et
1225 299 1346 334 quinque
1373 300 1456 327 millia
1481 301 1616 332 latitudo,
1643 306 1670 328 et
1698 302 1837 336 longitudo

1050 344 1121 371 sicut
1148 352 1200 371 una
1222 353 1254 372 ex
1285 346 1407 380 partibus
1431 347 1464 373 ab
1483 347 1516 373 iis
1535 354 1595 381 qum
1618 347 1651 373 ad
1682 347 1834 379 orientem,

1050 393 1077 416 et
1100 398 1187 425 usque
1219 392 1251 418 ad
1274 399 1304 418 ea
1329 399 1389 426 qua:
1408 392 1441 419 ad
1460 400 1534 419 mare
1555 402 1560 419 :
1579 397 1606 419 et
1627 392 1679 418 erit
1702 392 1836 419 Sanctua-

1050 435 1120 462 rium
1137 436 1164 462 in
1189 437 1277 463 medio
1300 444 1407 464 eorum.
1426 437 1475 473 (9).
1494 437 1622 464 Primitiae
1635 457 1642 469 ,
1663 445 1731 471 quas
1756 446 1835 472 sepa-

1049 481 1149 509 rabunt
1165 481 1280 509 Domino
1292 502 1300 514 ,
1314 483 1454 517 longitudo
1473 483 1592 517 quinque
1611 488 1638 510 et
1666 484 1759 518 viginti
1775 484 1837 510 mil-

1049 525 1101 557 lia,
1118 531 1143 553 et
1164 526 1277 554 latitudo
1291 527 1327 562 (p)
1350 528 1443 554 decem
1458 529 1551 554 millia.
1575 528 1617 555 10.
1642 528 1743 555 llorum
1757 533 1836 555 erunt

1049 571 1175 606 primitiae
1208 572 1370 599 Sanctorum
1402 573 1573 600 sacerdotum
1608 573 1640 600 ad
1671 574 1836 608 septentrio—

1049 624 1110 643 nem
1134 617 1253 652 quinque
1272 622 1297 645 et
1317 619 1419 653 _viginti
1441 619 1523 645 millia
1537 639 1544 651 ,
1569 623 1596 646 et
1618 618 1651 645 ad
1678 627 1751 646 mare
1776 619 1837 645 lati-

1048 662 1114 689 tudo
1140 663 1232 690 decem
1259 664 1364 696 millia,
1390 665 1423 698 X
1457 670 1484 692 et
1504 665 1537 691 ad
1562 665 1694 691 orientem
1723 664 1839 691 latitudo

1048 707 1140 733 decem
1160 707 1242 734 millia
1261 708 1283 742 ζ,
1300 713 1327 735 et
1341 708 1373 735 ad
1394 713 1518 736 austrum
1541 708 1682 743 longitudo
1699 708 1792 742 viginti
1809 713 1838 735 et

1048 753 1167 787 quinque
1179 754 1273 786 millia,
1288 754 1323 789 (ᾳ)
1337 759 1363 781 et
1374 755 1426 781 erit
1437 762 1515 782 mons
1531 754 1693 782 Sanctorum
1708 755 1735 781 in
1748 754 1838 781 medio

1048 798 1107 833 ejus
1129 799 1170 825 11.
1194 800 1398 833 sacerdotibus,
1416 800 1592 828 sanetiticatis
1620 800 1683 827 filiis
1709 799 1835 832 Sadduc,

1048 843 1264 872 custodientibus
1285 846 1423 872 custodias
1438 845 1553 879 domus,
1571 846 1619 880 qui
1636 853 1690 873 non
1711 851 1838 873 errarunt

1049 889 1076 915 in
1094 895 1185 916 errore
1198 889 1316 916 ﬁliorum
1332 888 1448 922 lsraelis,
1464 890 1694 925 quemadmodum
1710 894 1837 916 errarunt

1047 935 1156 963 Levita.
1180 935 1223 962 l2.
1239 936 1273 963 Et
1286 940 1366 963 erunt
1387 936 1427 963 eis
1441 936 1569 970 primitiae
1580 936 1649 962 datae
1660 943 1692 962 ex
1708 934 1838 969 primitiis

1046 984 1135 1011 terrm,
1152 979 1282 1008 Sanctum
1301 981 1463 1008 Sanctorum
1478 981 1511 1008 de
1529 981 1652 1008 terminis
1666 980 1833 1007 Levitarum.

1046 1025 1089 1051 15.
1103 1024 1203 1053 Levitis
1217 1029 1306 1052 autem
1324 1033 1385 1060 qua:
1394 1026 1545 1060 propinqua
1571 1024 1696 1052 terminis
1709 1024 1840 1050 Sacerdo-

1046 1076 1114 1104 tum,
1122 1072 1272 1106 quinqueet
1285 1071 1380 1106 viginti
1391 1072 1474 1098 millia
1485 1071 1626 1106 longitudo
1634 1075 1660 1097 et
1670 1070 1785 1096 latitudo
1793 1069 1841 1096 de.

1045 1125 1104 1144 cem
1111 1117 1210 1144 millia:
1222 1118 1310 1144 omnis
1318 1117 1459 1151 longitudo
1468 1117 1589 1151 quinque
1600 1121 1627 1143 et
1639 1116 1733 1151 viginti
1742 1116 1836 1148 millia,

1046 1167 1073 1190 et
1083 1162 1197 1188 latitudo
1208 1162 1298 1188 decem
1311 1163 1405 1189 millia.
1422 1163 1463 1188 li.
1480 1162 1537 1188 Non
1552 1162 1684 1188 vendetur
1699 1169 1731 1188 ex
1746 1162 1794 1193 eis,
1810 1167 1838 1188 et

1047 1207 1081 1242 (r)
1094 1215 1145 1233 non
1158 1208 1396 1238 mensurabuntur,
1415 1214 1464 1233 nec
1480 1207 1682 1240 separabuntur
1697 1205 1730 1239 (δ)
1741 1206 1836 1239 primi-

1047 1253 1091 1278 tim
1107 1256 1288 1286 proventuum
1309 1257 1399 1281 terrae,
1415 1251 1478 1284 quia
1496 1251 1624 1276 Sanctum
1649 1255 1690 1276 est
1707 1249 1833 1276 Domino.

1047 1297 1090 1323 15.
1112 1296 1235 1329 Quinque
1249 1301 1338 1322 autem
1355 1296 1437 1322 millia
1452 1295 1587 1330 superﬂua
1604 1303 1664 1329 quae
1676 1302 1757 1329 super
1771 1294 1835 1321 lati—

1047 1341 1140 1368 tudine
1153 1348 1234 1375 super
1249 1340 1343 1375 viginti
1357 1345 1384 1368 et
1393 1341 1514 1375 quinque
1525 1340 1656 1372 millibus,
1669 1338 1838 1366 antemurale

1046 1387 1096 1414 erit
1111 1386 1172 1414 urbi
1188 1386 1214 1413 in
1237 1385 1423 1413 habitaculum
1437 1406 1446 1419 ,
1460 1390 1488 1413 et
1510 1386 1537 1412 in
1554 1385 1727 1412 intervallum
1750 1384 1811 1418 ejus
1829 1392 1836 1410 :

1046 1437 1073 1460 et
1090 1433 1143 1460 erit
1165 1432 1230 1460 urbs
1255 1432 1281 1459 in
1307 1432 1397 1459 medio
1419 1432 1490 1466 ejus.
1517 1431 1559 1458 16.
1581 1429 1615 1457 Et
1637 1431 1679 1457 lia:
1704 1436 1835 1456 mensura:

1046 1480 1105 1513 ejus
1124 1484 1132 1504 :
1150 1477 1184 1504 ab
1210 1477 1242 1512 (ι)
1264 1477 1297 1504 iis
1313 1485 1374 1511 qua:
1398 1477 1432 1503 ad
1449 1477 1604 1511 aquilonem
1616 1495 1624 1507 ,
1643 1475 1786 1510 quingenti
1809 1479 1836 1502 et

1047 1524 1121 1552 mille
1132 1527 1239 1558 quater,
1251 1527 1278 1550 et
1289 1523 1324 1550 ab
1337 1523 1370 1550 iis
1383 1530 1445 1557 quae
1460 1522 1493 1549 ad
1508 1526 1643 1554 austrum,
1657 1520 1796 1556 quingenti
1811 1525 1837 1546 et

1048 1570 1134 1597 millia
1147 1574 1276 1604 quatuor,
1291 1573 1317 1596 et
1330 1568 1364 1595 ab
1374 1569 1408 1596 iis
1421 1575 1482 1602 qua:
1495 1567 1528 1594 ad
1541 1568 1683 1600 orientem,
1696 1565 1837 1601 quingenti

1048 1621 1074 1644 et
1089 1615 1173 1643 millia
1184 1619 1311 1650 quatuor,
1328 1618 1355 1641 et
1372 1614 1406 1641 ab
1420 1614 1455 1641 iis
1469 1621 1529 1648 qua
1545 1613 1579 1640 ad
1594 1620 1680 1645 mare,
1698 1611 1839 1647 quingenti

1047 1665 1075 1688 et
1090 1660 1162 1688 mille
1184 1664 1290 1695 quater.
1314 1659 1358 1686 17.
1377 1659 1409 1686 Et
1424 1658 1476 1686 erit
1489 1658 1715 1697 (u)_intervallum
1730 1658 1790 1684 urbi
1804 1656 1838 1683 ad

1048 1706 1204 1741 aquilonem
1221 1704 1332 1731 ducenti
1353 1707 1380 1731 et
1394 1703 1603 1738 quinquaginta,
1622 1707 1648 1730 et
1663 1702 1696 1729 ad
1715 1705 1838 1729 austrum

1048 1751 1158 1779 ducenti
1171 1755 1198 1778 et
1211 1750 1411 1785 quinquaginta
1424 1769 1431 1782 ,
1447 1753 1475 1776 et
1490 1748 1523 1775 ad
1538 1748 1672 1775 orientem
1688 1747 1796 1774 ducenti
1813 1749 1840 1772 et

1049 1797 1257 1833 quinquaginta,
1272 1802 1298 1823 et
1315 1796 1348 1822 ad
1363 1802 1437 1821 mare
1459 1793 1569 1821 ducenti
1587 1798 1614 1820 et
1631 1792 1838 1828 quinquaginta.

1050 1844 1093 1871 18.
1115 1843 1149 1870 Et
1165 1841 1331 1877 superfluum
1353 1840 1541 1875 longitudinis,
1567 1839 1607 1874 (π)
1628 1839 1701 1873 quod
1726 1837 1839 1872 propin—

1049 1896 1133 1924 quum
1152 1887 1279 1922 primitiis
1296 1885 1452 1913 Sanctuarii
1463 1905 1471 1917 ,
1491 1885 1585 1912 decem
1602 1884 1688 1911 millia
1701 1884 1734 1910 ad
1749 1883 1841 1910 orien-

1050 1941 1103 1963 tem
1117 1955 1123 1967 ,
1139 1939 1166 1961 et
1180 1934 1273 1961 decem
1295 1932 1381 1959 millia
1402 1931 1435 1958 ad
1463 1938 1539 1957 mare
1553 1939 1560 1957 :
1578 1934 1605 1957 et
1619 1933 1701 1957 erunt
1714 1928 1841 1964 primitiae

1051 1981 1214 2013 Sanetuarii,
1230 1985 1257 2007 et
1271 1983 1351 2006 erunt
1361 1982 1509 2013 proventus
1522 1977 1582 2011 ejus
1596 1976 1622 2003 in
1638 1983 1723 2011 panes
1735 1976 1778 2008 iis,
1794 1974 1841 2009 qui

1050 2033 1198 2062 operantur
1220 2026 1291 2053 urbi.
1316 2025 1358 2052 19.
1382 2023 1433 2057 Qui
1459 2028 1550 2050 autem
1582 2026 1731 2057 operantur
1759 2020 1840 2050 urbi,

1050 2073 1236 2108 operabuntur
1255 2072 1280 2098 ei
1298 2078 1331 2098 ex
1355 2070 1483 2097 omnibus
1504 2069 1630 2096 tribubus
1654 2067 1771 2094 lsraelis.
1794 2066 1839 2092 20.

1051 2119 1152 2146 Omnes
1175 2117 1302 2152 primitim
1326 2117 1447 2151 quinque
1476 2119 1502 2142 et
1525 2115 1619 2149 viginti
1650 2114 1733 2140 millia
1760 2120 1842 2146 super

1051 2165 1171 2201 quinque
1184 2168 1211 2191 et
1227 2162 1321 2198 viginti
1343 2161 1446 2188 millia:
1464 2160 1502 2196 (y)
1526 2160 1745 2195 quadrangulum
1764 2166 1842 2192 sep-.r

1052 2211 1147 2238 rabilis
1159 2211 1219 2245 ejus
1233 2209 1260 2236 in
1273 2208 1410 2244 primitias
1424 2207 1579 2234 Sanctuarii
1592 2206 1628 2241 (τι)
1642 2213 1656 2232 a
1670 2205 1843 2240 possessione

1016 2253 1041 2282 D
1054 2258 1139 2285 urbis.
1155 2257 1200 2283 21.
1214 2256 1290 2289 Quod
1301 2260 1392 2282 autem
1404 2254 1584 2289 superﬂuum,
1596 2253 1658 2280 duci
1670 2260 1701 2278 ex
1713 2252 1765 2278 hoc
1774 2255 1799 2278 et
1811 2258 1842 2277 ex

1055 2305 1129 2331 hoca
1144 2302 1272 2338 primitiis
1284 2300 1451 2332 Sanctuarii,
1466 2304 1492 2327 et
1507 2300 1534 2326 in
1552 2297 1753 2334 possessionem
1767 2295 1844 2323 urbis

1056 2351 1089 2383 Χ
1105 2353 1197 2376 contra
1210 2347 1306 2375 faciem
1319 2347 1330 2381 ζ
1347 2346 1385 2382 (a)
1395 2353 1475 2380 super
1487 2345 1608 2380 quinque
1619 2343 1748 2378 etviginti
1761 2342 1844 2369 millia

1055 2394 1208 2431 longitudo,
1224 2401 1311 2428 usque
1322 2393 1355 2420 ad
1369 2392 1502 2420 terminos
1517 2398 1622 2422 eorum,
1636 2397 1696 2424 quae
1709 2389 1741 2416 ad
1754 2388 1842 2416 orien-

1054 2447 1108 2469 tem
1126 2446 1152 2467 et
1168 2440 1201 2467 ad
1219 2447 1294 2466 mare
1306 2459 1313 2471 ,
1331 2440 1364 2471 Χ
1380 2445 1460 2472 super
1478 2437 1488 2471 ζ
1514 2436 1609 2464 faciem
1625 2436 1747 2470 quinque
1762 2439 1789 2461 et
1804 2434 1843 2460 vi-

1055 2487 1122 2522 ginti
1135 2486 1228 2517 millia,
1241 2493 1328 2520 usque
1340 2484 1371 2511 atl
1383 2484 1514 2511 terminos
1524 2490 1630 2514 eorum,
1644 2489 1704 2516 quae
1714 2481 1745 2508 ad
1759 2488 1844 2511 mare,

1055 2535 1082 2561 in
1105 2533 1259 2567 propinquo
1281 2530 1399 2565 partium
1426 2530 1504 2556 ducis
1525 2538 1533 2556 -.
1559 2533 1586 2555 et
1610 2531 1691 2554 erunt
1717 2526 1844 2561 primitia:

1056 2580 1231 2609 Sanctorum,
1246 2582 1272 2604 et
1289 2576 1483 2603 Sanctuavium
1501 2575 1600 2602 domus
1617 2573 1644 2600 in
1662 2573 1750 2600 medio
1761 2572 1822 2606 ejus
1838 2580 1843 2596 :

1054 2626 1098 2652 22.
1119 2625 1191 2652 etde
1210 2622 1381 2658 possessione
1396 2621 1550 2648 Levitarum
1562 2642 1569 2653 ,
1585 2624 1612 2648 et
1625 2619 1659 2646 de
1672 2618 1844 2654 possessione

1057 2672 1132 2697 urbis
1148 2671 1174 2696 in
1189 2669 1277 2696 medio
1289 2689 1296 2700 ,
1314 2668 1391 2695 ducis
1405 2668 1457 2695 erit
1473 2667 1543 2693 inter
1563 2665 1695 2693 terminos
1712 2664 1803 2694 Judtc.
1820 2670 1844 2688 Cl

1278 2748 1436 2783 tijdmab
1469 2747 1576 2779 Thiras,
1607 2745 1717 2783 Eplirim
1746 2744 1842 2783 Aliam.

1100 2786 1189 2822 (o)§.,
1207 2781 1311 2811 dabitis
1322 2783 1465 2822 primitias.
1475 2815 1480 2822 Α
1494 2781 1661 2822 ‘(pLVigiuti
1672 2781 1842 2822 etquinque.

215 2815 252 2860 (ὁ)
265 2822 307 2860 $_.,
319 2823 354 2860 ita
366 2827 394 2860 ul
410 2815 654 2860 sit'Sanetuavinni
676 2815 808 2860 (Domini.
820 2823 845 2860 in
864 2824 952 2851 medio
964 2815 997 2858 ejt

1056 2815 1107 2858 '(rj
1128 2815 1206 2860 ’.Νοίὶ
1228 2815 1430 2860 ιηςιηυζξιὺεεῃι.
1470 2815 1582 2860 (ἠξΉιη
1597 2815 1736 2860 :pr'imitia:
1753 2820 1841 2860 terris.

266 2852 307 2890 8.,
320 2857 399 2884 facie.
440 2858 479 2893 (ιι)
495 2857 714 2893 T/t.,7distantia.

215 2897 339 2927 quartam
350 2898 463 2927 partem.

503 2894 539 2927 (a)
558 2892 598 2924 S.,
618 2893 677 2926 Th.,
703 2893 736 2920 ad
749 2895 952 2929 possessionem
971 2892 1056 2922 urbis.

753 2849 793 2893 (an
813 2849 1176 2893 $7.7,secundum?priuiltias
1190 2849 1355 2893 Sanctnarii.
1375 2853 1436 2892 Tlt.,
1454 2849 1710 2893 contraupriinitias.
1751 2850 1788 2886 (μ)
1801 2849 1842 2882 8.,

1097 2892 1134 2927 (a)
1153 2892 1196 2924 S.,
1214 2890 1307 2925 viginti
1324 2895 1350 2917 et
1367 2889 1488 2924 quinque
1518 2888 1645 2914 millium.
