4064 6404
409 330 555 385 2773

1515 334 1990 396 l‘lEXAPlﬂRUM
2028 339 2194 404 QUAE
2239 341 2677 400 SUPERSUNT.

3532 346 3678 401 2776

481 445 535 497 7.
581 444 643 498 Et
671 445 932 514 imposuit
954 446 1034 500 cis
1061 446 1315 517 princeps
1338 452 1716 506 cunuchorum
1734 453 1951 508 nomina
1979 472 1990 507 :

2169 455 2222 508 7.
2258 457 2369 510 Kal
2398 456 2670 526 ἐπέθηκεν
2708 457 2889 520 αὐτοῖς
2926 461 2952 515 ὁ
2993 459 3380 529 ἀρχιευνοῦχος
3416 459 3678 531 ὀνόματα,

411 535 618 590 Danieli
649 537 870 605 quidem
902 538 1172 603 Baltasar,
1210 539 1438 596 Ananiae
1487 541 1727 600 Sedrach
1749 585 1764 611 ,
1795 557 1849 600 et
1891 545 1995 599 Mi-

409 627 541 678 saeli
573 625 802 690 Misaeh,
837 636 892 681 et
917 630 1126 682 Azarize
1157 629 1473 702 Abdenago.

413 723 444 736 "
471 715 530 769 Β.
571 718 640 771 Et
671 719 927 787 cogitant
957 719 1145 775 Daniel
1188 722 1244 776 in
1282 727 1448 778 corde
1472 762 1489 788 ,
1541 740 1610 780 ne
1662 725 1997 794 pollueretur

2100 544 2179 616 τῷ
2230 547 2329 615 μὲν
2357 547 2557 616 Δανιὴλ
2598 547 2918 620 Βαλτάσαρ,
2958 549 3037 619 τῷ
3083 549 3140 601 δέ
3192 551 3412 620 Ἀνανίᾳ
3448 548 3676 624 mm,

2095 637 2199 690 καὶ
2232 637 2309 707 τῷ
2342 637 2560 709 Μισαὴλ
2590 640 2800 710 Μισὰχ,
2830 641 3026 712 καὶτῷ
3083 640 3310 713 Ἀζαρία
3353 641 3679 710 Ἀϐδεναγώ.

2174 728 2226 783 8.
2260 729 2371 782 Kal
2390 730 2698 801 ἐνεθυμήθη
2721 732 2921 804 Δανιὴλ
2951 734 3008 787 ἐν
3042 735 3107 804 τῇ
3152 734 3384 804 καρδία,
3425 734 3573 796 ὅπως
3605 733 3679 805 μὴ

406 807 461 860 in
494 809 618 864 cibo
657 810 820 880 regis,
873 823 929 866 et
975 828 1030 866 In
1069 813 1221 877 vino,
1266 815 1412 884 quod
1464 815 1598 870 bibit
1637 835 1650 869 :
1699 826 1755 870 et
1791 817 1990 886 rogavit

2098 820 2370 892 ἀλισγηθῇ
2405 822 2464 874 ἐν
2487 817 2564 892 τῷ
2585 823 2787 893 δείπνῳ
2811 822 2905 876 τοῦ
2931 824 3218 893 βασιλέως,
3239 826 3338 878 καὶ
3368 826 3428 877 ἐν
3455 818 3501 893 ᾧ
3533 823 3679 878 πίνει

401 900 716 971 principem
740 905 1156 971 cunuchorum,
1195 922 1264 962 ne
1292 909 1760 978 coinquinaretur.

477 1083 532 1138 9.
569 1083 632 1138 Et
662 1085 807 1141 dedit
833 1084 1097 1144 Dominus
1119 1083 1331 1144 ‘Danieli
1363 1091 1626 1146 honorem
1681 1100 1735 1146 et
1757 1094 1992 1164 gratiam

407 1173 462 1228 in
494 1185 788 1244 conspectu
821 1178 1084 1248 principis
1123 1181 1527 1236 cunuchorum.

473 1265 570 1321 10.
616 1268 679 1320 Et
705 1269 841 1321 dixit
865 1270 1115 1338 princeps
1141 1272 1518 1327 cunuchorum
1544 1273 1776 1339 Danieli,
1809 1277 1996 1344 Angor

408 1366 556 1411 metu
605 1359 946 1414 dominiamei
990 1362 1167 1432 regis,
1211 1363 1305 1433 qui
1348 1366 1620 1421 ordinavit
1667 1367 1851 1421 cibum
1901 1383 1996 1421 ve-

407 1459 581 1502 strum
605 1491 618 1514 ,
653 1459 706 1503 et
735 1459 922 1519 potum
951 1463 1191 1508 vestrum
1215 1494 1231 1518 ,
1265 1471 1333 1510 ne
1360 1457 1540 1511 videat
1571 1456 1736 1512 facies
1786 1469 1996 1515 vestras

407 1537 657 1594 diversas
706 1549 760 1595 et
807 1541 1055 1599 inllrmas
1085 1561 1196 1614 prae
1219 1547 1635 1602 adolescentulis
1654 1547 1996 1619 alienigena-

405 1647 548 1692 rum,
584 1633 676 1701 qui
708 1634 930 1690 aluntur
974 1637 1254 1692 vobiscum
1279 1681 1294 1705 ,
1325 1649 1392 1694 -οι
1431 1639 1738 1709 periculum
1785 1641 1991 1711 proprii

406 1725 532 1779 colli
574 1728 826 1780 subeam.

2098 911 2226 982 οίνῳ
2245 929 2260 942 ·
2287 912 2380 964 καὶ
2406 912 2605 984 ὴξίωσε
2635 913 2726 967 τὸν
2759 915 3146 987 ἁρχιευνοῦχον
3172 957 3186 983 ,
3235 917 3324 970 ἶνα
3361 916 3438 988 μὴ
3469 933 3680 987 cuppa-

2097 1000 2287 1070 λυνθῇ.

2170 1089 2222 1141 9.
2242 1088 2359 1142 Kal
2393 1089 2561 1144 ἔδωκε
2587 1091 2793 1164 Κύριος
2816 1093 2893 1163 τῷ
2920 1095 3116 1166 Δανιὴλ
3166 1097 3330 1168 τιμὴν
3392 1100 3484 1151 καὶ
3518 1098 3678 1168 χάριν

2093 1179 2340 1233 ἐναντίον
2363 1181 2458 1235 τοῦ
2475 1183 2890 1255 ἀρχιευνούχου.

2169 1268 2255 1322 10.
2286 1270 2395 1324 Kal
2420 1267 2571 1326 εἷπεν
2596 1275 2623 1326 ό
2649 1273 3033 1345 ἀρχιευνοῦχος
3070 1276 3148 1347 τῷ
3177 1277 3394 1349 Δανιὴλ,
3430 1276 3678 1346 Ἀγωνιῶ

2095 1356 2186 1411 τὸν
2217 1357 2407 1433 κύριόν
2441 1379 2542 1432 μου
2569 1362 2659 1416 τδν
2688 1363 2934 1432 βασιλέα,
2965 1366 3061 1419 τὸν
3083 1368 3386 1433 ἐκτάξαντα
3403 1367 3502 1440 τὴν
3537 1369 3677 1439 βρῶο

2097 1466 2180 1503 σιν
2211 1451 2386 1520 ὑμῶν,
2422 1455 2517 1506 καὶ
2549 1453 2646 1524 τὴν
2677 1456 2834 1510 πόσιν
2865 1457 3040 1527 ὑμῶν,
3073 1458 3158 1511 l’va
3195 1458 3269 1530 μὴ
3295 1459 3377 1531 ἴδῃ
3411 1461 3479 1514 τὰ
3507 1463 3679 1530 πρόσ-

2095 1558 2221 1595 ωπα
2264 1543 2419 1612 ὑμῶν
2467 1545 2909 1617 διατετραμμένα
2955 1547 3050 1601 καὶ
3112 1549 3316 1619 ἀσθενῆ
3363 1552 3519 1622 παρὰ
3549 1552 3678 1616 τοὺς

2097 1635 2559 1704 συντρεφομένους
2613 1637 2740 1707 ὑμῖν
2773 1638 2992 1703 νεανίας
3044 1640 3156 1693 τῶν
3182 1640 3486 1710 ἀλλογενῶν
3514 1684 3530 1710 ,
3580 1643 3678 1698 καὶ

2091 1724 2425 1779 κινδυνεύσω
2448 1725 2526 1797 τῷ
2556 1726 2672 1798 ίδίῳ
2693 1730 2973 1801 τραχήλῳ.

478 1817 566 1870 11.
611 1817 677 1872 Ει
707 1819 843 1873 dixit
874 1819 1059 1874 Daniel
1089 1821 1335 1878 Abiesdri
1356 1865 1371 1889 ,
1397 1824 1496 1894 ‘qui
1527 1823 1990 1880 declaratus'l'ue-

2165 1813 2254 1867 11.
2285 1815 2396 1868 Kal
2430 1811 2581 1870 εἶπεν
2633 1819 2832 1890 Δανιὴλ
2885 1820 3156 1894 ’Δ6ιεσδρὶ
3189 1821 3268 1894 τῷ
3305 1823 3674 1894 ἀναδειχθέντκ

406 1917 492 1962 rat
536 1910 984 1966 archieunuchus
1013 1928 1177 1983 super
1192 1914 1483 1970 Jlanielem
1508 1955 1523 1980 ,
1564 1915 1853 1982 Ananiam,
1877 1913 1990 1968 Mi-

407 2001 630 2065 saelem,
661 2001 940 2056 Azan-iam:

480 2091 570 2144 12.
611 2091 1236 2162 Tcnta,qua.~so,pueros
1260 2104 1525 2166 'tuosper
1551 2095 1666 2152 dies
1699 2097 1903 2158 decem.
1941 2101 1995 2152 et

407 2183 569 2238 detur
611 2185 770 2238 nobis
797 2185 864 2238 de
900 2185 1265 2256 leguminibus
1294 2196 1473 2255 terrae,
1506 2199 1565 2243 ut
1598 2191 1988 2253 comedamus,

407 2282 463 2327 et
497 2289 695 2342 aquam
730 2275 1005 2330 bibamus.

482 2366 570 2423 15.
611 2367 676 2422 Et
712 2368 757 2422 si
803 2379 1060 2437 appareat
1101 2380 1357 2439 aspectus
1399 2383 1585 2429 noster
1635 2375 1884 2430 diversus
1925 2376 1993 2427 ab

410 2457 533 2512 aliis
555 2459 977 2515 adolescentulis
997 2499 1012 2526 ,
1049 2460 1141 2530 qui
1173 2462 1343 2517 edunt
1371 2462 1436 2517 de
1469 2465 1615 2534 regia
1641 2480 1819 2528 cinna,
1851 2465 1994 2517 sicut

409 2552 674 2620 volueris,
702 2555 783 2611 sic
813 2564 965 2610 utere
994 2556 1169 2612 servis
1207 2559 1336 2613 tuis.

484 2736 568 2790 14.
609 2735 870 2807 Fecitque
899 2739 980 2794 eis
1017 2738 1121 2793 hoc
1149 2738 1351 2803 modo,
1379 2747 1436 2792 'et
1475 2734 1707 2790 tentavit
1735 2749 1835 2790 eos
1872 2733 1994 2788 die-

409 2827 514 2882 bus
545 2827 752 2882 decem.

481 2916 570 2971 15.
628 2915 759 2971 Post
801 2918 986 2972 decem
1039 2917 1157 2972 dies
1195 2913 1448 2986 apparuit
1493 2920 1748 2982 aspectus
1799 2927 1988 2970 eorum

411 3007 658 3077 pulcher,
690 3017 742 3061 et
769 3007 990 3063 habitus
1016 3007 1262 3074 corporis
1296 3005 1486 3058 melior
1512 3004 1638 3060 aliis
1667 3003 1989 3062 adolescen-

412 3097 560 3160 tulis,
595 3096 691 3164 qui
725 3095 959 3150 edebant
988 3095 1191 3163 regiam
1232 3108 1468 3148 caenam.

485 3187 572 3239 16.
613 3184 679 3239 Ει
716 3195 831 3240 erat
879 3187 1130 3240 Abiesdri
1178 3187 1375 3241 tollens
1409 3199 1620 3240 ccenam
1668 3201 1891 3250 eorum,
1939 3195 1994 3241 et

407 3276 598 3330 vinum
628 3289 838 3340 eorum,
864 3285 919 3331 et
946 3290 1045 3346 pro
1087 3274 1172 3330 his
1205 3275 1369 3331 dabat
1392 3275 1471 3331 eis
1499 3275 1565 3331 de
1599 3275 1986 3348 leguminibus.

483 3457 572 3512 17.
615 3455 682 3509 Et
721 3453 1138 3511 adolescentulis
1166 3453 1315 3509 dedit
1342 3454 1607 3509 Doinus
1655 3454 1942 3509 scientiam
1972 3493 1988 3519 ,

410 3556 467 3603 et
498 3547 928 3616 intelligentiam,
952 3553 1006 3600 et
1032 3545 1375 3612 prudenti-am
1403 3546 1456 3600 in
1483 3545 1632 3600 omni
1655 3555 1773 3599 arte
1798 3545 1988 3599 litera-

411 3638 494 3692 ria
519 3652 531 3687 :
562 3636 770 3689 Danieli
796 3650 923 3689 vero
941 3637 1088 3690 dedit
1111 3636 1520 3706 intelligentiam
1547 3637 1603 3690 in
1625 3636 1778 3689 omni
1799 3635 1989 3698 verbo,

410 3735 465 3782 et
491 3726 721 3789 visione,
753 3735 806 3778 et
833 3725 1082 3791 somniis,
1113 3733 1168 3778 et
1198 3727 1253 3779 in
1284 3726 1433 3780 omni
1456 3725 1747 3794 sapientia.

485 3814 571 3870 18.
611 3813 741 3869 Post
761 3823 940 3870 autem
959 3816 1076 3872 dies
1105 3817 1245 3880 istos,
1253 3816 1420 3886 jussit
1435 3832 1530 3872 rex
1551 3817 1822 3871 introduci
1849 3830 1986 3871 eos:

410 3916 464 3961 ct
488 3907 782 3960 introducti
810 3915 938 3960 sunt
964 3922 996 3960 a
1014 3907 1268 3976 principe
1296 3908 1677 3962 cunuchorum
1695 3907 1772 3960 rad
1803 3922 1986 3978 regem

410 3995 933 4052 Nabuchodonosor.

483 4087 567 4142 19.
645 4087 890 4157 Cumque
929 4088 1008 4142 eis
1038 4087 1342 4142 collocutus
1369 4095 1454 4141 est
1489 4101 1625 4153 rex;
1662 4097 1712 4142 et
1737 4101 1855 4142 non
1903 4089 1989 4142 in-

409 4188 602 4234 ventus
620 4189 703 4234 est
732 4179 784 4232 in
814 4179 1152 4248 sapientibus
1181 4178 1375 4232 similis
1402 4177 1636 4241 Danieli,
1659 4187 1714 4232 et
1738 4179 1987 4245 Ananiae,

408 4279 461 4324 et
482 4268 709 4333 Misaeli,
744 4277 798 4324 et
833 4269 1062 4333 Azariaz,
1090 4275 1354 4336 erantque
1379 4267 1523 4337 apud
1555 4283 1758 4336 regem.

475 4361 572 4416 20.
605 4363 670 4416 Et
699 4362 752 4415 in
800 4362 949 4416 omni
987 4361 1173 4425 verbo,
1216 4369 1272 4414 et
1309 4359 1666 4430 intelligentia
1688 4401 1706 4427 ,
1739 4369 1795 4415 et
1823 4359 1990 4415 disci-

2093 1903 2462 1976 ἀρχιευνούχῳ
2477 1907 2569 1960 ἐπὶ
2595 1906 2686 1960 τὸν
2702 1909 2922 1982 Δανιὴλ,
2955 1911 3222 1978 Ἀνανίαν,
3244 1914 3490 1986 Μισαὴλ,
3509 1914 3673 1978 ’Δζα-

2134 1994 2239 2048 ἰανο
3027 2018 3044 2050 ι

2134 2011 2239 2048 ιαν·
3027 2018 3044 2050 ι

2095 2011 2128 2066 ρ
2163 2087 2631 2161 12.·Πείρασον·δὴ
2657 2091 2790 2154 τοὺς
2819 2092 3137 2157 παῖδᾶςίσου
3169 2095 3254 2166 ἐφ’
3283 2096 3496 2168 ἡμέρας
3511 2098 3674 2166 δέκα,

2095 2181 2189 2232 καὶ
2247 2179 2453 2251 δοθήτω
2508 2183 2640 2253 ⁴ἡμῖν
2674 2183 2781 2236 ἀπὸ
2818 2183 2925 2239 τῶν
2951 2185 3192 2257 ὀσπρίων
3239 2188 3340 2258 τῆς
3365 2187 3491 2259 γῆς,
3530 2188 3672 2242 ὥστε

2095 2269 2350 2335 κάπτειν,
2381 2271 2473 2324 καὶ
2513 2271 2846 2340 ὑδροποτεῖν.
3179 2301 3188 2310 ·

2167 2357 2254 2410 15.
2307 2360 2416 2410 Kal
2460 2358 2554 2412 ἐὰν
2599 2365 2738 2430 φανῇ
2779 2364 2812 2432 ἡ
2857 2363 2978 2432 ὄψις
3029 2364 3183 2434 ἡμῶν
3230 2365 3669 2438 διατετραμμένη

2095 2449 2244 2518 παρὰ
2272 2449 2400 2510 τοὺς
2437 2449 2628 2511 ἄλλους
2655 2454 2971 2515 νεανίσκους
2994 2455 3121 2516 τοὺς
3158 2454 3434 2516 ἐσθίοντας
3454 2457 3671 2510 ἀπὸτοῦ

2095 2538 2375 2606 βασιλικοῦ
2415 2537 2652 2602 δείπνου,
2687 2539 2868 2602 καθὼς
2915 2541 3011 2594 ἐὰν
3053 2542 3242 2614 θέλῃς,
3285 2542 3426 2596 οὕτω
3468 2545 3670 2614 χρῆσαι

2089 2631 2206 2691 ,τοῖς
2234 2629 2391 2682 παισί
2419 2646 2535 2682 σου.

2163 2715 2253 2770 14.
2287 2717 2398 2770 Καὶ
2427 2719 2699 2790 ἐχρήσατο
2731 2719 2911 2783 αὐτοῖς
2956 2721 3048 2775 τὸν
3094 2722 3294 2792 τρόπον
3330 2724 3537 2790 τοῦτον,
3575 2727 3671 2778 καὶ

2094 2807 2383 2877 ἐπείρασεν
2408 2809 2602 2872 αὐτοὺς
2629 2812 2842 2881 ἡμέρας
2884 2812 3033 2866 δέκα.

2167 2898 2252 2954 15.
2288 2899 2444 2952 Μετὰ
2469 2899 2567 2963 τὰς
2595 2902 2728 2956 δέκα
2751 2903 3009 2973 ἡμέρας,
3057 2903 3229 2973 ἐφάνη
3265 2904 3298 2972 ή
3335 2903 3455 2971 ὄψις
3489 2905 3667 2958 αὐτῶν

2095 2990 2256 3060 καλὴ,
2286 2992 2380 3044 καὶ
2405 2993 2438 3062 ἡ
2476 2992 2586 3055 ἕξις
2616 2993 2708 3047 τοῦ
2757 2991 3010 3062 σώματος
3043 2993 3318 3064 κρείσσων
3346 2995 3455 3047 τῶν
3494 2995 3670 3051 ἄλλων

2017 3121 2065 3183 C
2096 3082 2394 3136 νεανίσκων
2429 3081 2539 3136 τῶν
2568 3082 2856 3136 ἐσθιόντων
2889 3083 2949 3136 τὸ
2985 3083 3258 3152 βασιλικὸν
3291 3084 3525 3140 δεῖπνον.

2165 3173 2251 3228 16.
2286 3173 2397 3227 Kal
2423 3169 2492 3245 ἦν
2530 3173 2798 3245 ’Δὸιεσδρὶ
2821 3175 3211 3247 ἀναιρούμενος
3241 3175 3301 3229 τὸ
3332 3177 3544 3231 δεῖπνον
3571 3178 3670 3230 αὖ-

2093 3263 2222 3329 τῶν,
2247 3263 2450 3316 καὶτὸν
2483 3257 2624 3317 οἶνον
2667 3264 2864 3331 αὐτῶν,
2907 3267 3001 3318 καὶ
3034 3267 3307 3320 ἀντεδίδου
3353 3270 3536 3331 αὐτοῖς
3562 3269 3670 3322 ἀπὸ

2096 3353 2203 3406 τῶν
2229 3353 2493 3425 ὀσπρίων.

2161 3442 2256 3496 17.
2293 3443 2402 3496 Kal
2430 3445 2539 3506 τοῖς
2561 3443 2862 3507 νεανίσκοις
2903 3444 3103 3499 ἔδωκεν
3135 3449 3164 3499 ὁ
3193 3447 3404 3517 ’Κύριος
3435 3451 3671 3520 ἐπιστή-

2101 3535 2345 3605 μην,καὶ
2371 3535 2606 3598 σύνεσιν,
2629 3539 2721 3590 καὶ
2759 3538 3105 3609 φρόνησιν·ἐν
3130 3541 3275 3611 πάσῃ
3309 3545 3667 3615 γραμματικῇ

2093 3625 2288 3697 τέχνῃ·
2322 3626 2415 3679 καὶ
2444 3625 2523 3696 τῷ
2555 3628 2753 3700 Δανιὴλ
2796 3629 2965 3682 ἔδωκε
2993 3629 3210 3684 σύνεσιν
3239 3633 3297 3684 ἐν
3350 3633 3514 3686 παντὶ
3567 3635 3667 3703 ῥή-

2099 3733 2228 3786 ματι
2243 3718 2342 3770 καὶ
2367 3718 2626 3789 ὁράματι,
2645 3721 2739 3774 καὶ
2768 3721 3173 3787 ἐνυπνίοις,καὶ
3194 3724 3254 3776 ἐν
3273 3723 3419 3795 πάσῃ
3439 3725 3600 3796 σοφίᾳ
3611 3727 3665 3794 /.

2163 3809 2254 3868 18.
2286 3810 2444 3864 Μετὰ
2463 3811 2518 3864 δὲ
2547 3812 2648 3876 τὰς
2676 3813 2890 3885 ἡμέρας
2915 3815 3138 3880 ταύτας,
3167 3816 3432 3880 ἐπέταξεν
3451 3820 3479 3869 ὁ
3509 3815 3670 3886 βασι-

2091 3901 2217 3965 λεὺς
2241 3904 2554 3971 εἰσαγαγεῖν
2582 3905 2800 3975 αὐτους,
2830 3906 2928 3958 καὶ
2957 3905 3298 3977 ἐἰσήχθησαν
3321 3907 3433 3960 ἀπὸ
3454 3907 3546 3960 τοῦ
3570 3910 3670 3977 ἀρ-

2092 3995 2403 4064 χιευνούχου
2429 3994 2566 4066 πρὸς
2601 3995 2693 4049 τὸν
2722 3996 2948 4066 βασιλέα
2979 3997 3469 4069 Ναϐουχοδονόσορ.

2167 4083 2254 4138 19.
2291 4084 2399 4136 Kal
2423 4084 2698 4156 ὡμίλησεν
2732 4087 2914 4150 αὐτοῖς
2945 4088 3246 4157 ὁβασιλεύς
3265 4105 3278 4120 ⁸
3320 4091 3416 4142 καὶ
3447 4090 3544 4161 οὐχ
3575 4091 3667 4144 εὐ-

2095 4171 2226 4242 ρέθη
2260 4173 2318 4224 ἐν
2345 4173 2459 4234 τοῖς
2485 4177 2668 4242 σοφοῖς
2691 4175 2872 4244 ὅμοιος
2902 4177 2979 4247 τῷ
3013 4179 3230 4250 Δανιὴλ,
3277 4181 3371 4233 καὶ
3425 4179 3663 4252 Ἀνανίᾳ,

2093 4263 2185 4316 καὶ
2207 4263 2444 4334 Μισαὴλ,
2470 4265 2564 4317 καὶ
2599 4266 2844 4338 Ἀζαρία,
2878 4269 2972 4322 καὶ
2990 4265 3130 4340 ἦσαν
3155 4271 3309 4342 παρὰ
3332 4271 3408 4342 τῷ
3434 4272 3661 4342 βασιλεῖ.

2159 4353 2250 4408 20.
2288 4355 2399 4406 Kal
2429 4357 2487 4406 ἐν
2518 4357 2868 4428 παντὶιλόγῳ,
2905 4359 3000 4412 καὶ
3039 4360 3272 4426 συνέσει,
3309 4363 3404 4416 καὶ
3427 4364 3663 4432 παιδείᾳ,

411 4454 565 4522 plina
589 4466 944 4521 quazcumque
979 4451 1291 4506 sciscitatus
1318 4459 1402 4507 est
1433 4451 1502 4504 ab
1538 4451 1764 4516 εἰει-εκ,
1795 4452 1990 4520 depre-

2094 4445 2192 4499 ὅσα
2219 4445 2452 4516 ἐζήτησε
2481 4449 2611 4518 παρ’
2633 4448 2812 4503 αὐτῶν
2842 4452 2869 4503 ό
2912 4450 3194 4520 βασιλεὺς,
3231 4453 3526 4506 κατέλαϐεν
3565 4455 3664 4507 αὐ-

414 4543 603 4596 hendit
633 4557 728 4596 eos
758 4543 1117 4611 sapientiores
1147 4541 1436 4612 decuplum
1478 4557 1640 4610 super
1667 4543 1944 4610 sophistas
1969 4582 1985 4608 ,

412 4641 466 4687 et
498 4633 870 4701 phil050phos,
896 4634 990 4702 qui
1011 4643 1168 4688 erant
1187 4633 1240 4687 in
1263 4633 1606 4701 omni-regno
1622 4632 1764 4698 ejus,
1791 4644 1844 4686 ct
1871 4633 1989 4704 glo-

413 4725 645 4780 riﬁcavit
672 4740 768 4780 eos
804 4740 937 4791 rex,
971 4734 1026 4780 et
1045 4726 1330 4781 constituit
1358 4739 1456 4781 eos
1488 4725 1782 4794 principes,
1802 4733 1871 4779 .et
1893 4726 1990 4779 de-

412 4817 640 4872 claravit
679 4817 1088 4887 eos-sapientes
1122 4832 1292 4888 super
1329 4831 1522 4872 omnes
1546 4855 1560 4880 ,
1603 4816 1698 4886 qui
1724 4824 1884 4870 erant
1930 4815 1988 4870 in

411 4908 645 4978 negotiis
684 4909 1191 4979 ejusinuniversa
1219 4921 1382 4965 .terra
1423 4908 1578 4979 ejus,
1609 4917 1666 4964 et
1711 4911 1767 4964 in
1815 4920 1989 4978 regno

410 5014 550 5069 eius.

479 5184 571 5239 21.
609 5183 674 5237 Et
701 5183 803 5238 fuit
830 5183 1216 5252 Daniel-usque
1237 5183 1310 5237 ad
1337 5183 1576 5254 primum
1598 5197 1807 5239 annum
1833 5182 1988 5254 regni

411 5274 540 5348 Cyri
576 5275 719 5345 regis
737 5276 1052 5331 Persarum.

1013 5386 1243 5443 CAPUT
1293 5387 1360 5442 ll.

483 5481 537 5536 1.
571 5478 640 5534 Et
677 5479 732 5534 in
784 5493 928 5533 anno
959 5481 1218 5552 .secundo
1271 5481 1422 5550 regni
1483 5479 1991 5536 Nabuchodonosor

415 5569 634 5635 accidit,
669 5577 728 5621 ut
753 5567 808 5619 in
839 5566 1078 5622 visiones
1123 5575 1179 5622 et
1217 5568 1446 5624 somnia
1496 5567 1762 5622 incideret
1789 5581 1908 5632 rex,
1938 5575 1992 5620 et

410 5657 1030 5713 tiu-hareturinsomnio
1055 5671 1177 5723 suo,
1217 5667 1273 5713 et
1307 5672 1537 5716 somnus
1571 5659 1694 5730 ejus
1742 5658 1884 5729 l‘ugit
1922 5655 1990 5711 ab

430 5763 517 5805 εο.

2089 4536 2216 4598 τοὺς
2254 4551 2315 4591 -ι-
2345 4537 2685 4608 σοφωτέρους
2708 4541 2765 4609 /.
2793 4540 3172 4606 δεκαπλασίως
3221 4543 3361 4616 ὑπὲρ
3396 4546 3521 4607 τοὺς
3571 4561 3667 4597 σο-

2091 4625 2308 4694 φιστὰς,
2343 4629 2434 4682 καὶ
2453 4630 2578 4693 τοὺς
2608 4632 2929 4701 φιλοσόφους
2952 4634 3082 4697 τοὺς
3116 4637 3175 4688 ἐν
3210 4637 3356 4706 πάσῃ
3390 4639 3456 4707 τῇ
3503 4637 3665 4708 βασι-

2089 4714 2208 4787 λείᾳ
2235 4716 2399 4770 αὑτοῦ
2423 4733 2489 4774 -ε-
2513 4720 2606 4774 καὶ
2649 4719 2898 4786 ἐδόξασεν
2943 4725 3138 4789 αὐτοὺς
3170 4726 3201 4778 ὁ
3250 4725 3500 4796 βασιλεὺς
3519 4769 3536 4793 ,
3569 4729 3666 4781 καὶ⁵

2097 4808 2150 4875 2
2190 4808 2522 4880 κατέστησεν
2545 4810 2744 4876 αὐτοὺς
2761 4813 3161 4884 ἄρχοντας,.καὶ
3172 4816 3447 4880 ἀνέδειξεν
3468 4817 3667 4880 αὐτοὺς

2096 4901 2150 4967 Ζ
2185 4900 2385 4969 σοφοὺς
2420 4901 2594 4974 ,παρὰ
2637 4903 2846 4966 πάντας
2875 4906 3000 4968 τοὺς
3033 4905 3203 4959 αὐτοῦ
3237 4908 3299 4959 ἐν
3337 4906 3664 4978 πράγμασιν
3695 4941 3699 4944 -

2095 4993 2150 5059 2
2190 5005 2252 5046 σι-
2285 4995 2343 5046 ὲν
2374 4993 2523 5064 πάσῃ
2545 4997 2609 5065 τῇ
2637 4998 2706 5066 γῇ
2741 4995 2928 5063 αὐτοῦ,
2964 4998 3060 5050 καὶ
3079 5001 3142 5051 ἐν
3183 5001 3248 5070 τῇ
3285 4998 3528 5070 βασιλείᾳ
3566 4999 3665 5052 αὐ-

2096 5085 2150 5150 z
2179 5083 2273 5136 τοῦ
2305 5084 2361 5154 /.

2157 5174 2248 5228 2|.
2283 5177 2394 5230 Kal
2415 5172 2484 5248 ἦν
2511 5178 2704 5250 Δανιὴλ
2736 5179 2840 5244 ’ἕως
2868 5181 2960 5234 τοῦ
2995 5181 3212 5253 πρώτου
3243 5184 3396 5249 ἐτους
3440 5187 3539 5256 τῆς
3569 5183 3663 5254 βα-

2092 5265 2295 5332 σιλείας
2322 5268 2506 5341 Κύρου
2542 5271 2808 5341 βασιλέως
2833 5272 3080 5343 Περσῶν.

2617 5381 3015 5436 ΚΕΦΑΛΑῙΟΝ
3033 5385 3119 5439 ’Β’.
3513 5399 3516 5402 ”

2164 5471 2217 5526 1.
2246 5471 2354 5523 Kal
2378 5471 2434 5522 ἐν
2471 5471 2546 5542 τῷ
2569 5472 2693 5526 -ἐτει
2726 5474 2805 5545 τῷ
2822 5474 3058 5547 δευτέρῳ
3093 5476 3195 5548 τῆς
3233 5476 3508 5548 βασιλείας
3544 5481 3657 5535 Na-

2092 5564 2492 5634 σουχοδονόσορ,
2522 5566 2716 5636 συνέϐη
2747 5569 2825 5630 εἰς
2840 5567 3095 5638 ὁράματα
3123 5571 3216 5622 καὶ
3243 5569 3468 5624 ἐνύπνια
3489 5574 3659 5642 ἐμπε-

2095 5658 2209 5709 σεῖν
2239 5656 2330 5708 τὸν
2377 5656 2633 5725 βασιλέα,
2683 5657 2777 5709 καὶ
2821 5659 3160 5731 ταραχθῆναι
3207 5662 3264 5713 ἐν
3310 5661 3387 5730 τῷ
3425 5662 3657 5732 ἐνυπνίῳ

2099 5747 2259 5802 αὑτοῦ
2281 5764 2292 5775 ·
2326 5749 2418 5802 καὶ
2445 5751 2472 5801 ό
2509 5749 2671 5812 ὕπνος
2709 5750 2870 5802 αὑτοῦ
2893 5753 3112 5820 ἐγένετο
3148 5752 3240 5804 ἀπ’
3271 5753 3461 5810 αὐτοῦ.
