4064 6430
397 384 529 444 ειη-Π

1705 365 1958 421 DANIEL
1996 332 2228 422 CAru'r
2273 369 2350 422 ιι.

3523 373 3662 427 Ξ7ἷ8

458 496 514 549 9.
546 493 657 549 Kal
707 488 968 556 ἐπέταξεν
1033 489 1061 542 6
1115 487 1365 558 βασιλεὺς
1428 482 1799 554 εἰσενεχθῆναι
1845 481 1972 543 τοὺς

2147 480 2199 535 2.
2237 480 2301 533 Et
2327 480 2489 550 jussit
2533 495 2649 545 rex,
2685 489 2741 534 ut
2775 481 3250 538 introducerentur
3286 484 3653 539 incantatores

407 586 707 649 ἐπαοιδοὺς,
735 583 973 646 καὶτοὺς
996 581 1223 652 μάγους,
1248 579 1342 633 καὶ
1367 577 1495 640 τοὺς
1525 574 1850 646 φαρμακοὺς
1865 572 1974 624 τῶν

400 677 698 739 Χαλδαίων,
723 674 1041 743 ἀναγγεῖλαι
1073 671 1152 744 τῷ
1187 669 1402 743 βασιλεῖ
1423 668 1492 721 τά
1513 669 1737 721 ἐνύπνια
1771 663 1935 720 αὑτοῦ
1956 677 1992 706 '-

395 765 491 821 καὶ
512 763 943 835 παραγενόμενοι
970 761 1206 829 ἔστησαν
1240 759 1392 830 παρὰ
1414 756 1493 827 τῷ
1519 756 1748 826 βασιλεῖ.

466 858 516 910 ’5.
546 857 657 910 Kal
689 851 841 908 εἶπεν
874 853 1060 916 αὐτοῖς
1084 855 1112 906 6
1137 850 1407 922 βασιλεύς
1428 849 1708 904 Ἐνύπνιον
1731 846 1972 918 ἑώρακα,

384 950 477 1001 καὶ
509 946 735 1018 ἐκινήθη
759 963 861 1016 μου
882 944 944 998 τὸ
974 941 1229 1015 πνεῦμα’
1266 940 1565 1010 ἐπιγνῶναι
1614 935 1706 993 οὖν
1741 938 1880 992 θέλω
1913 938 1974 990 τὸ

393 1041 668 1096 ἐνύπνιον.

462 1133 516 1187 4.
545 1132 656 1185 Kal
686 1131 953 1201 ἐλάλησαν
984 1130 1034 1182 οἱ
1055 1127 1311 1183 Χαλδαῖοι
1337 1124 1478 1197 πρὸς
1503 1123 1596 1177 τὸν
1623 1121 1846 1194 βασιλέα
1877 1138 1973 1175 συ-

400 1224 565 1292 ριστίο
597 1222 771 1291 Κύριε
795 1219 1037 1292 βασιλεῦ,
1077 1220 1164 1273 τὸν
1181 1218 1352 1273 αίῶνα
1373 1216 1498 1285 ζῆθι
1518 1232 1534 1246 ο
1559 1213 1878 1282 ἁνάγγειλον
1911 1212 1974 1266 τὸ

395 1314 644 1370 ἐνύπνιόν
674 1330 766 1366 σου
793 1316 904 1376 τοῖς
928 1311 1084 1366 παισί
1115 1327 1229 1376 σου,
1265 1311 1359 1362 καὶ
1391 1309 1554 1379 ἡμεῖς
1581 1307 1665 1359 σοὶ
1690 1305 1972 1377 φράσομεν

396 1407 496 1477 τὴν
524 1406 809 1475 σύγκρισιν
833 1402 1018 1457 αὐτοῦ.

469 1498 520 1552 5.
566 1496 906 1566 Ἀποκριθεὶς
929 1493 984 1547 δὲ
1017 1495 1045 1546 6
1084 1493 1334 1562 βασιλεὺς
1367 1487 1489 1544 εἷπε
1527 1492 1641 1555 τοῖς
1681 1490 1972 1555 Χαλδαίοις

400 1587 469 1653 χ(
499 1587 559 1638 Ὀ
591 1586 745 1652 λόγος
767 1585 861 1637 ἀπ’
900 1583 1032 1653 ἐμοῦ
1061 1583 1271 1653 ἀπέστη
1297 1582 1353 1651 /.
1385 1579 1519 1633 διότι
1553 1579 1649 1633 ἐὰν
1681 1578 1755 1650 μὴ
1787 1580 1970 1647 ἀπαγ-

391 1674 605 1744 γείλητέ
641 1692 730 1745 μοι
759 1676 844 1726 ἐπ’
878 1673 1134 1744 ἀληθείας
1155 1673 1216 1725 τὸ
1241 1671 1509 1734 ἐνύπνιον,
1541 1672 1635 1723 καὶ
1658 1670 1757 1739 τὴν
1779 1668 1986 1722 τούτου-

2079 581 2132 625 et
2166 572 2328 641 magi,
2357 585 2410 626 et
2444 571 2675 626 maleﬁci
2697 571 3071 628 Chaldaeorum
3105 575 3172 628 ad
3212 576 3653 628 annuntiandum
3685 569 3688 584 ξ

2081 665 2195 734 ι·εεί
2232 667 2442 720 somnia
2476 665 2637 734 ejus:
2685 675 2737 719 et
2780 665 3128 721 advenientes
3180 675 3447 722 steterunt
3469 675 3654 722 c‘oram

2077 772 2224 826 rege.

2146 847 2200 899 5.
2239 847 2304 899 Et
2340 845 2476 899 dixit
2507 845 2586 900 eis
2618 861 2712 900 rex
2739 844 3056 899 :Somnium
3077 844 3206 908 vidi,
3231 855 3283 900 et
3308 848 3556 904 turbatus
3578 858 3661 904 est

2075 936 2307 1004 Spiritus
2337 951 2528 989 meus:
2551 935 2676 990 volo
2706 935 2872 1005 igitur
2904 934 3044 989 scire
3073 936 3374 990 somnium.

2147 1025 2202 1079 4.
2242 1027 2310 1080 Et
2341 1026 2505 1081 locuti
2531 1035 2660 1079 sunt
2682 1008 2924 1080 Chaldaei
2951 1025 3018 1078 ad
3050 1040 3232 1094 regem
3253 1025 3505 1097 Syriace:
3539 1023 3653 1080 Do-

2074 1116 2224 1170 mine
2272 1131 2388 1182 rex,
2417 1117 2472 1170 in
2526 1117 2919 1186 sempiternum
2960 1116 3123 1171 vive:
3169 1118 3347 1171 indica
3378 1117 3653 1172 somnium

2076 1213 2229 1260 tuum
2258 1208 2434 1264 servis
2464 1210 2596 1276 tuis,
2631 1217 2686 1264 et
2718 1222 2820 1262 nos
2851 1207 2947 1263 tibi
2977 1208 3223 1265 dicemus
3244 1209 3653 1280 interpretatio-

2074 1313 2198 1352 nem
2231 1299 2375 1368 ejus.

2142 1482 2194 1537 5.
2234 1481 2588 1552 Respondens
2625 1491 2806 1538 autem
2867 1499 2964 1538 rex
3005 1483 3139 1539 dixit
3178 1483 3490 1539 Chaldaeis:
3528 1484 3654 1540 Ser-

2072 1588 2162 1627 mo
2217 1589 2245 1626 a
2307 1590 2395 1628 me
2475 1575 2720 1630 recessit.
2799 1573 3034 1644 Ideoque
3093 1575 3199 1629 nisi
3275 1576 3652 1632 indicaveritis

2072 1665 2206 1720 mihi
2239 1665 2292 1718 in
2320 1665 2547 1718 veritate
2580 1664 2877 1728 somnium,
2917 1674 2972 1719 et
3004 1666 3506 1734 interpretationem
3533 1665 3654 1734 ejus

391 1766 679 1836 σύγκρισιν
700 1764 978 1836 δηλώσητέ
1007 1781 1117 1834 μοι,
1145 1759 1846 1834 παραδειγματισθήσεσθε,
1871 1758 1967 1812 καὶ

2078 1755 2424 1811 ostenderitis
2449 1756 2605 1822 mihi,
2639 1755 2898 1811 omnibus
2927 1750 3174 1826 exemplo
3203 1756 3379 1822 eritis,
3409 1765 3465 1811 et
3502 1757 3653 1812 redi-

391 1819 830 1924 ὰνάληφθήσεται
857 1819 1117 1924 ὑμῶντὰ,
1135 1819 1447 1922 ὑπάρχοντα
1468 1854 1546 1915 είς
1580 1819 1966 1921 τὸιβασιλικόν.

2079 1855 2274 1914 gentur
2307 1848 2625 1903 substantiae
2649 1857 2843 1903 vestrae
2873 1849 2926 1902 in
2964 1849 3169 1918 regium
3201 1847 3416 1903 ﬁscum.

461 1945 514 1999 6.
561 1946 686 1998 Ἐὰν
716 1945 772 1998 δὲ
793 1944 854 1997 τὸ
885 1944 1133 1997 ἐνύπνιον
1167 1942 1539 2012 διασαφήσητέ
1578 1959 1700 2012 μοι,
1736 1941 1832 1999 καὶ
1870 1939 1967 2010 τὴν

391 2036 580 2090 τούτου
617 2035 902 2105 σύγκρισιν
930 2032 1310 2103 άναγγείλητε,
1343 2031 1577 2102 λήψεσθε
1599 2031 1808 2099 δόματα
1832 2046 1970 2082 παν-

391 2130 532 2189 τοῖα,
566 2128 661 2180 καὶ
693 2125 1092 2195 δοξασθήσεσθε
1135 2124 1227 2178 ὑπ’
1261 2125 1396 2194 ἐμοῦ
1421 2141 1434 2152 ·
1471 2121 1751 2192 δηλώσατέ
1790 2137 1883 2190 μοι
1910 2118 1972 2173 τὺ

392 2216 666 2277 ἐνύπνιον,
701 2217 795 2268 καὶ
829 2216 1072 2284 κρίνατε.

467 2307 520 2358 7.
566 2305 966 2376 Ἀπεκρίθησαν
988 2306 1044 2358 δὲ
1065 2307 1128 2358 ἐκ
1142 2305 1393 2376 δευτέρου
1416 2303 1689 2374 λέγοντες·
1717 2303 1968 2370 Βασιλεῦ,

396 2396 459 2450 τὸ
499 2397 680 2467 ὅραμα
724 2392 900 2464 εἷπον,
949 2397 1042 2450 καὶ
1086 2399 1135 2451 οἱ
1165 2397 1351 2462 παῖδές
1399 2414 1495 2450 σου
1537 2398 1782 2468 κρίνουσι
1833 2396 1972 2469 πρὸς

397 2503 587 2540 ταυτα.

466 2576 521 2631 8.
549 2577 653 2630 Καὶ
680 2573 832 2630 εἶπεν
847 2578 1029 2641 αὐτοῖς
1054 2581 1084 2631 6
1110 2579 1383 2648 βασιλεὺς,
1402 2582 1520 2634 Ἐπ’
1549 2580 1807 2652 ἀληθείας
1827 2578 1967 2647 οῖδα,

393 2667 478 2721 ὅτι
511 2667 699 2738 καιρὸν
744 2669 902 2738 ὑμεῖς
940 2668 1329 2740 ὲξαγοράζετεο
1374 2673 1626 2745 καθάπερ
1659 2674 1966 2744 ἑωράκατε,

393 2758 477 2812 ὅτι
524 2759 733 2828 ἀπέστη
768 2759 861 2811 ἀπ’
904 2758 1039 2830 ἐμοῦ
1077 2760 1136 2814 τὸ
1175 2763 1431 2833 πρᾶγμα·
1471 2777 1536 2818 ιε-
1581 2762 1831 2834 καθάπερ
1875 2759 1968 2816 οὖν

397 2861 461 2903 -ἑ-
495 2848 859 2918 προστέταχα,
891 2848 1063 2912 οὕτως
1092 2849 1243 2903 ἔσται

464 2937 519 2993 9.
565 2938 692 2993 Ἐὰν
725 2939 799 3010 μὴ
826 2939 886 2992 τὸ
918 2939 1167 2996 ἐνύπνιον
1195 2941 1569 3014 ἀπαγγείλητὲ
1595 2958 1684 3013 μοι
1713 2943 1802 2996 ἐπ’
1835 2941 1970 3014 ἁλη-

395 3026 547 3092 θείας
580 3044 641 3085 -:—-
671 3031 764 3083 xal
799 3029 898 3102 τὴν
919 3031 1111 3086 τούτου
1153 3031 1438 3102 σύγκρισιν
1481 3031 1758 3104 δηλώσητε
1785 3032 1843 3103 /.
1876 3033 1973 3086 0a-

394 3119 542 3190 νάτῳ
573 3122 985 3192 περιπεσεῖσθε’
1021 3124 1347 3177 συνείπασθε
1377 3123 1486 3197 γάρ
1526 3125 1717 3193 λόγου-ς
1757 3124 1972 3194 ψευδεῖς

397 3211 727 3281 ποιήσασθαι
757 3213 844 3265 ἐπ’
869 3212 1026 3282 ἐμοῦ,
1049 3214 1154 3278 ἕως
1183 3213 1249 3268 ἂν
1273 3216 1302 3266 6
1328 3215 1518 3286 καιρὸς
1543 3215 1829 3287 ἀλλοιωθῇ.
1855 3214 1971 3268 Νῦν

395 3293 490 3353 οῦν
514 3299 609 3352 ἐὰν
638 3300 697 3353 τὸ
724 3301 877 3372 ῥῆμα
899 3303 1092 3372 εἴπητέ
1116 3321 1206 3374 μοι
1227 3318 1286 3359 -ε-
1307 3304 1336 3357 ὃ
1363 3304 1462 3373 τὴν
1491 3304 1661 3358 νύκτα
1681 3304 1974 3378 ἑώρακα

396 3389 698 3462 γνώσομαι,
732 3393 814 3446 ὅτι
839 3393 934 3446 καὶ
953 3395 1052 3465 τὴν
1088 3395 1280 3450 τούτου
1319 3394 1501 3467 κρίσιν
1530 3395 1831 3467 δηλώσητε.

467 3571 554 3628 10.
587 3571 698 3626 Kal
743 3574 1117 3646 ἀπεκρίθησαν
1163 3578 1213 3629 οἱ
1257 3575 1510 3632 Χαλδαῖοι
1548 3579 1642 3633 ἐπὶ
1699 3578 1792 3634 τοῦ
1827 3580 1979 3650 βασι-

396 3662 551 3727 λέως,
586 3663 666 3716 ὅτι
691 3664 876 3728 Οὐδεὶς
904 3665 1011 3720 τῶν
1035 3667 1129 3720 ἐπὶ
1146 3667 1245 3738 τῆς
1274 3670 1375 3739 γῆς
1399 3669 1684 3741 δυνήσεται
1709 3671 1883 3727 εἰπεῖν
1901 3670 1978 3742 τῷ

401 3755 608 3824 βασιλεῖ
636 3754 664 3807 ὃ
694 3755 933 3825 ἓωρακε,
973 3758 1225 3829 καθάπερ
1253 3760 1318 3812 σὺ
1343 3761 1582 3831 ἐρωτᾷς·
1609 3760 1704 3812 καὶ
1735 3761 1843 3822 πᾶς
1881 3759 1980 3828 βα-

403 3847 605 3911 σιλεὺς,
636 3847 732 3899 καὶ
762 3848 872 3910 πᾶς
903 3848 1170 3921 δυνάστης
1205 3849 1414 3904 τοιοῦτο
1456 3852 1690 3920 πρᾶγμα
1735 3851 1833 3903 οὐκ
1881 3851 1981 3903 ἐπ-

398 3939 580 4009 ερωτᾷ
611 3937 791 3990 πάντα
817 3938 998 4006 σοφὸν,
1032 3940 1127 3994 καὶ
1154 3941 1348 4011 μάγον,
1372 3941 1468 3993 καὶ
1495 3940 1778 3994 Χαλδαῖον.

473 4051 559 4104 Η.
591 4051 704 4104 Kal
726 4052 754 4103 6
784 4051 960 4120 λόγος,
986 4052 1044 4106 ὃν
1075 4054 1257 4122 ζητεῖς
1277 4092 1292 4118 ,
1341 4053 1560 4124 βασιλεῦ
1586 4096 1602 4121 ,
1643 4054 1816 4127 βαρύς
1861 4057 1978 4111 ἐστι

403 4155 467 4198 οῦ-
499 4141 594 4195 καὶ
618 4141 862 4207 ἐπίδοξος
885 4143 942 4213 /.
976 4145 1070 4197 καὶ
1091 4145 1264 4208 οὐδεῖς
1280 4143 1438 4198 ἔστιν
1459 4145 1519 4210 ὃς
1539 4144 1769 4217 δηλώσει
1806 4147 1978 4201 ταῦτα

399 4232 477 4302 τῷ
501 4231 729 4301 βασιλεῖ,
755 4235 805 4286 εί
835 4235 910 4305 μή
950 4252 1035 4299 τις
1062 4235 1309 4304 ἄγγελος,
1337 4231 1398 4290 οὗ
1430 4238 1530 4291 οὐκ
1555 4237 1671 4291 ἔστι
1717 4255 1980 4311 κατοικηο

398 4325 585 4393 τήριον
619 4325 758 4396 μετὰ
794 4328 977 4398 πάσης
1033 4329 1268 4401 σαρκός·
1316 4328 1440 4383 ὅθεν
1491 4331 1592 4384 οὐκ
1643 4331 1713 4386 ἂν
1759 4331 1977 4402 δέχεται

399 4416 673 4484 γενέσθαι,
715 4419 964 4491 καθάπερ
1001 4421 1123 4476 οἴει.

2151 1938 2205 1991 6.
2242 1937 2298 1992 Si
2325 1949 2507 1992 autem
2537 1940 2810 1995 somnium
2861 1941 3210 1995 manifestum
3231 1941 3468 1996 feceritis
3495 1940 3654 2004 mihi,

2082 2037 2136 2082 et
2168 2029 2670 2098 interpretationem
2721 2031 2841 2099 ejus
2896 2030 3268 2086 indicaveritis
3299 2072 3314 2098 ,
3377 2031 3655 2100 accipietis

2081 2120 2302 2188 praemia
2330 2135 2493 2173 omne
2520 2136 2713 2190 genus,
2755 2130 2810 2174 et
2843 2123 3103 2176 honorem
3157 2138 3188 2177 a
3243 2138 3328 2177 me
3350 2146 3361 2178 :
3387 2122 3657 2178 ostendite

2082 2209 2216 2263 mihi
2246 2210 2544 2275 somnium,
2576 2221 2738 2281 atque
2765 2211 3077 2266 discernite.

2152 2298 2206 2350 7.
2246 2297 2661 2369 Responderunt
2698 2311 2876 2355 autem
2932 2301 3172 2356 secundo
3203 2301 3444 2356 dicentes
3474 2320 3486 2356 :
3515 2301 3654 2368 llex,

2081 2391 2346 2446 visionem
2373 2392 2462 2447 die
2491 2410 2506 2459 ;
2540 2402 2593 2448 et
2623 2394 2778 2464 pueri
2811 2395 2887 2448 tui
2937 2394 3163 2464 posthac
3217 2394 3657 2464 interpretabun—

2083 2489 2191 2536 tur.

2150 2575 2202 2630 8.
2232 2577 2296 2630 Et
2328 2577 2464 2632 dixit
2495 2577 2571 2632 eis
2596 2592 2691 2632 rex
2717 2594 2732 2633 :
2757 2576 2815 2631 ln
2837 2578 3064 2634 veritate
3093 2579 3238 2646 novi,
3268 2579 3653 2650 quodtempus

2081 2681 2178 2722 vos
2206 2667 2492 2735 redimitis,
2529 2678 2692 2738 prout
2718 2669 2968 2734 vidistis,
3009 2671 3156 2740 quod
3185 2670 3477 2726 recesserit
3497 2685 3529 2724 a
3568 2685 3657 2724 me

2078 2771 2188 2812 res.
2212 2756 2683 2824 Quemadmodum
2716 2759 2881 2830 igitur
2910 2762 3162 2830 praecepi,
3192 2762 3273 2816 sic
3315 2762 3439 2816 erit.

2150 2932 2206 2988 9.
2237 2933 2350 2990 Nisi
2375 2935 2650 2992 somnium
2687 2936 3058 2993 indieaveritis
3086 2939 3218 2993 mihi
3260 2939 3314 2994 in
3345 2941 3571 2998 veritate
3601 2951 3659 2999 et

2083 3021 2584 3093 interpretationem
2616 3024 2734 3094 ejus
2772 3027 3148 3093 ostenderitis,
3196 3040 3370 3084 morte
3403 3030 3651 3088 cadetis:

2083 3112 2224 3167 inter
2247 3128 2345 3168 vos
2376 3113 2520 3168 enim
2547 3114 2857 3184 loquimini,
2889 3126 2948 3171 ut
2993 3120 3155 3175 verba
3190 3122 3469 3177 mendacia
3499 3139 3657 3179 com-

2078 3203 2292 3272 ponatis
2318 3204 2372 3257 in
2402 3219 2504 3271 me,
2528 3204 2702 3261 donec
2745 3216 2958 3278 tempus
2987 3219 3343 3279 pertranseat.
3377 3211 3532 3270 Nunc
3555 3216 3661 3288 igi-

2079 3298 2168 3347 tur
2196 3293 2498 3349 si~verbum
2550 3296 2798 3350 dixeritis
2846 3298 2978 3353 mihi
3014 3301 3159 3370 quod
3182 3312 3342 3358 nocte
3382 3303 3511 3370 vidi,
3558 3320 3658 3360 co-

2078 3399 2360 3455 gnoscam,
2388 3387 2534 3456 quod
2552 3387 2716 3442 etiam
2749 3391 3254 3460 interpretationem
3283 3393 3447 3464 hujus
3468 3405 3657 3450 osten-

2077 3475 2240 3532 detis.

2148 3567 2237 3622 10.
2266 3566 2335 3620 Ει
2375 3568 2772 3637 responderunt
2815 3570 3051 3626 Chaldaei
3098 3587 3283 3627 coram
3325 3575 3658 3644 regezquod

2077 3657 2248 3714 Nemo
2269 3675 2337 3714 ex
2366 3660 2452 3715 his
2496 3661 2590 3731 qui
2630 3671 2759 3717 sunt
2789 3663 2844 3717 in
2903 3673 3067 3731 terra,
3095 3667 3292 3735 poterit
3319 3668 3499 3722 dicere
3543 3670 3654 3738 regi

2079 3751 2225 3819 quod
2253 3751 2406 3817 vidit,
2443 3753 2585 3807 sicut
2615 3762 2671 3807 tu
2721 3755 3020 3811 seiscitaris
3072 3773 3088 3810 :
3142 3767 3196 3812 et
3219 3759 3400 3832 omnis
3448 3774 3562 3825 rex,
3601 3771 3658 3815 et

2079 3841 2260 3894 omnis
2285 3842 2512 3911 dynasta
2543 3844 2922 3915 hujuscemodi
2953 3862 3065 3902 rem
3089 3847 3315 3904 minime
3342 3849 3657 3906 sciscitatur

2079 3929 2149 3984 ab
2177 3933 2323 3985 omni
2365 3933 2627 4003 sapiente,
2653 3946 2704 3990 et
2723 3952 2901 4008 mago,
2925 3947 2978 3992 et
3008 3938 3284 3996 Chaldaeo.

2150 4043 2238 4097 ll.
2276 4043 2341 4099 Et
2367 4059 2569 4108 sermo,
2610 4062 2772 4116 quem
2806 4049 3036 4119 quaeris,
3093 4066 3210 4116 rex,
3265 4055 3448 4121 gravis
3475 4063 3559 4110 est
3597 4063 3658 4110 et

2079 4135 2354 4202 sublimis,
2402 4144 2457 4190 et
2485 4138 2667 4208 nullus
2690 4147 2776 4193 est
2803 4141 2897 4210 qui
2933 4144 3187 4196 ostendet
3211 4143 3336 4198 haec
3370 4146 3506 4214 regi,
3545 4147 3656 4201 nisi

2079 4230 2278 4300 aliquis
2315 4231 2540 4300 angelus
2571 4271 2585 4296 ,
2619 4231 2778 4302 cujus
2833 4248 2942 4288 non
2977 4242 3062 4288 est
3119 4237 3476 4290 commoratio
3527 4253 3655 4292 cum

2077 4323 2226 4377 omni
2255 4336 2439 4386 carne,
2473 4322 2617 4376 unde
2643 4339 2753 4377 non
2782 4332 2964 4393 potest
3010 4324 3146 4392 ﬁeri,
3197 4327 3655 4396 quemadmodum

2080 4427 2338 4484 Optnarts.

471 4503 558 4558 12.
588 4506 722 4560 Τότε
753 4509 781 4560 6
809 4485 1062 4576 βασιλεὺς
1090 4510 1322 4579 στυγνὸς
1352 4511 1666 4582 γενόμενος,
1699 4511 1794 4565 καὶ
1816 4512 1944 4584 περί
1955 4543 1973 4554 -

2152 4505 2236 4560 l2.
2280 4505 2438 4560 Tunc
2456 4521 2554 4561 rex
2594 4515 2862 4573 moestus,
2903 4515 2958 4562 et
2989 4523 3152 4577 supra
3203 4509 3424 4564 modum
3452 4511 3658 4566 dolore

398 4591 566 4657 λυπος
589 4595 924 4664 προσέταξεν
955 4597 1245 4670 ἐξαγαγεῖν
1271 4600 1480 4664 πάντας
1507 4600 1634 4664 τοὺς
1663 4600 1860 4670 σοφοὺς
1877 4603 1975 4671 τῆς

399 4681 767 4746 Βαϐυλωνίας.

471 4775 556 4830 15.
587 4777 698 4829 Kal
727 4775 1091 4848 ὲδογματίσθη
1115 4778 1324 4843 πάντας
1349 4779 1670 4834 ἀποκτεῖναι
1693 4796 1707 4810 ο
1735 4780 1974 4852 ὲζητήθη

398 4864 457 4919 δὲ
482 4867 509 4920 6
534 4868 733 4940 Δανιὴλ
754 4869 848 4922 καὶ
875 4868 1077 4933 πάντες
1109 4870 1159 4922 οἱ
1182 4872 1301 4940 μετ’
1331 4869 1500 4923 αὑτοῦ
1539 4871 1700 4941 χάριν
1720 4869 1814 4923 τοῦ
1849 4888 1976 4924 συν-

401 4956 714 5012 απολέσθαι.
1548 4985 1556 4989 ·

475 5067 559 5124 M.
585 5066 721 5122 Τότε
739 5067 937 5140 Δανιὴλ
951 5063 1077 5122 «εἷπε
1101 5068 1296 5140 βουλὴν
1323 5068 1418 5124 καὶ
1447 5068 1695 5140 γνώμην,
1717 5066 1788 5141 ἦν
1807 5065 1975 5140 εἶχεν,

413 5157 644 5233 ’Δριωχῇ
671 5161 759 5232 τῷ
778 5163 1161 5235 ἀριχιμαγείρῳ
1183 5163 1279 5218 τοῦ
1306 5163 1590 5234 βασιλέως,
1629 5157 1675 5231 ᾧ
1713 5165 1980 5236 προσέτα-

402 5249 489 5315 ξεν
517 5251 805 5322 ἐξαγαγεῖν
836 5256 962 5319 τοὺς
999 5256 1258 5326 σοφιστάς
1291 5256 1392 5327 τῆς
1423 5256 1798 5322 Βαΰυλωνίας.

470 5365 558 5420 l5.
586 5366 697 5420 Kal
743 5367 1073 5424 ἐπυνθάνετο
1102 5369 1266 5424 αὐτοῦ
1307 5368 1502 5438 λέγων,
1525 5373 1591 5440 >ε<
1612 5371 1832 5442 ’Ἄρχων
1879 5370 1974 5424 τοῦ

401 5455 666 5526 βασιλέως
684 5460 724 5528 /
783 5460 913 5530 περὶ
955 5460 1099 5523 τίνος
1136 5460 1522 5532 δογματιξεται
1561 5463 1776 5532 πικρῶς
1815 5462 1975 5533 παρὰ

397 5548 491 5603 τοῦ
524 5549 784 5619 βασιλέως
807 5565 821 5616 ;
849 5552 983 5604 Τότε
1002 5552 1064 5606 τὸ
1090 5551 1422 5626 πρόσταγμα
1437 5553 1542 5623 -ὲσή
1552 5570 1720 5624 μανεν
1734 5555 1763 5607 6
1783 5552 1980 5624 Ἀριώ-

399 5655 501 5711 χης
525 5639 602 5710 τῷ
629 5643 849 5712 Δανιήλ.

469 5753 558 5807 16.
598 5755 660 5807 ὐ
681 5753 735 5806 δὲ
778 5755 973 5827 Δανιὴλ
1010 5754 1223 5826 εἰσῆλθε
1252 5755 1461 5828 ταχέως
1505 5756 1643 5826 πρὸς
1685 5757 1778 5812 τὸν
1813 5763 1974 5832 βασι-

2081 4594 2306 4651 aﬁectus
2357 4597 2630 4668 praecepit,
2686 4605 2748 4652 ut
2798 4598 3097 4655 educerent
3137 4613 3328 4656 omnes
3385 4602 3659 4671 sapientes

2081 4685 2418 4755 Babyloniae.

2157 4777 2236 4830 15.
2272 4776 2338 4830 Ει
2367 4777 2603 4832 edictum
2634 4777 3040 4850 promulgatum
3078 4788 3184 4848 est,
3233 4789 3292 4835 ut
3352 4794 3540 4838 omnes
3571 4779 3658 4836 in-

2080 4871 2488 4924 terﬁcerentur:
2527 4871 2791 4940 quaesitus
2816 4880 2901 4927 est
2931 4884 3113 4927 autem
3140 4872 3351 4940 Daniel,
3376 4883 3432 4930 et
3462 4889 3657 4931 omnes

2079 4963 2174 5032 qui
2204 4977 2326 5018 cum
2355 4977 2421 5018 eo
2448 4973 2625 5027 erant,
2657 4974 2715 5020 ut
2745 4965 2910 5020 simul
2934 4965 3207 5036 perirent.
3239 4994 3256 5010 α

2149 5077 2238 5133 14.
2280 5079 2434 5134 Tunc
2453 5078 2644 5134 Daniel
2682 5081 2820 5135 dixit
2867 5080 3184 5145 consilium,
3219 5089 3274 5135 et
3305 5085 3652 5149 sententiam,

2080 5184 2243 5240 quam
2267 5169 2520 5237 habebat,
2543 5171 2782 5226 Ariocho
2814 5171 3044 5241 principi
3106 5171 3316 5227 militiae
3366 5174 3529 5242 regis,
3565 5175 3657 5234 cui

2080 5260 2450 5326 mandaverat,
2483 5268 2543 5315 ut
2573 5260 2828 5316 educeret
2857 5260 3133 5331 sophistas
3160 5259 3477 5334 Babylonis.

2154 5373 2240 5428 15.
2285 5373 2350 5428 Ει
2381 5375 2760 5430 sciscitabatur
2783 5375 2852 5429 ab
2880 5390 2946 5431 eo
2970 5373 3180 5442 dicens,
3204 5376 3466 5448 Princeps
3490 5382 3656 5451 regis,

2081 5480 2250 5535 quare
2267 5466 2584 5521 decernitur
2627 5479 2816 5520 severe
2849 5481 2879 5519 a
2917 5465 3085 5536 rege?
3119 5467 3294 5524 "lianc
3336 5469 3657 5526 mandatum

2081 5551 2340 5607 indicavit
2361 5552 2646 5608 .Arioehus
2681 5550 2913 5607 Danieli.

2153 5753 2240 5810 16.
2279 5752 2468 5810 Daniel
2501 5760 2682 5810 autem
2729 5751 3142 5836 ingressusest
3188 5752 3440 5810 celeriter
3471 5761 3538 5812 ad
3574 5771 3663 5812 re-
