4064 6408
376 309 441 363 2¹7
454 307 519 362 79
1455 300 1940 360 HEXAPLOBUM
1977 302 2141 368 QUAS
2183 304 2616 363 SUPERSU‘NT.
3504 306 3645 365 2780

375 437 520 493 gem,
547 431 599 473 et
631 419 861 487 rogavit,
894 426 948 472 ut
976 418 1198 473 daretur
1231 417 1335 473 sibi
1386 428 1596 491 tempus
1640 435 1669 473 a
1701 436 1825 490 rege
1852 434 1867 483 ;
1902 429 1946 473 et

2055 416 2170 482 λέα,
2204 420 2298 471 καὶ
2335 417 2589 490 ἠεῖωσεν,
2648 419 2734 471 ἵνα
2766 417 2892 488 δοθῇ
2942 416 3089 489 αὐτῷ
3115 415 3304 488 χρόνος
3349 417 3501 491 παρά
3547 419 3645 476 τοῦ

375 512 685 568 ostenderet
706 510 889 564 omnia
922 524 1108 564 coram
1141 525 1288 582 rege.

444 604 532 656 l7.
578 601 731 656 Tunc
753 611 1030 657 revertens
1058 600 1247 657 Daniel
1280 603 1333 657 in
1358 602 1580 658 domum
1610 618 1790 669 suam,
1809 603 1957 658 Ana-

375 696 498 758 nire,
538 703 593 748 et
623 693 853 761 Misaeli,
881 704 936 749 et
978 696 1190 751 Azarize
1217 696 1493 752 consociis
1545 695 1819 751 enarravit
1844 711 1959 750 om-

373 786 488 840 nia.

446 876 532 931 18.
578 876 644 932 Ει
694 879 891 934 indixit
947 879 1262 950 jejunium,
1313 889 1369 936 et
1429 880 1863 952 deprecationem
1903 888 1958 935 et

374 1019 723 1093 alliietionem
756 1041 823 1094 ad
856 1043 1209 1110 quaerendum
1252 1058 1281 1096 a
1317 1041 1551 1095 Domino
1588 1040 1862 1096 altissimo
1889 1042 1958 1097 de

376 1132 639 1201 mysterio
668 1133 791 1197 hoc,
820 1144 877 1186 ut
899 1149 1007 1187 non
1039 1134 1383 1188 traderentur
1401 1133 1606 1198 Daniel,
1640 1144 1692 1188 et
1713 1136 1804 1204 qui
1831 1150 1954 1191 cum

374 1236 460 1287 eo,
484 1222 536 1276 in
565 1224 920 1297 perditionem
952 1224 1116 1280 simul
1145 1240 1271 1280 cum
1311 1226 1574 1296 sophistis
1604 1224 1918 1297 Babylonis.

448 1400 537 1454 l9.
580 1399 735 1455 Tunc
766 1400 975 1456 Danieli
1031 1402 1086 1455 in
1120 1402 1331 1482 visione
1380 1404 1432 1459 in
1472 1404 1585 1475 ipsa
1621 1378 1791 1462 nocte.
1836 1423 1955 1479 my-

375 1492 602 1545 sterium
659 1493 804 1561 regis
844 1491 1174 1561 patefactum
1209 1505 1292 1550 est
1338 1496 1485 1552 clare
1528 1517 1541 1553 :
1600 1507 1731 1554 tunc
1765 1498 1955 1555 Daniel

373 1583 649 1638 benedixit
670 1584 903 1640 Domino
932 1587 1222 1653 altissimo,
1254 1597 1309 1644 et
1334 1591 1647 1647 exclamans
1675 1591 1845 1646 dixit:

439 1768 531 1823 20.
576 1767 660 1823 Sit
688 1786 884 1824 nomen
914 1770 1128 1826 Domini
1161 1772 1344 1843 magni
1374 1771 1718 1827 benedictum
1758 1773 1811 1828 in
1836 1789 1953 1829 Ste-

372 1861 580 1925 culum,
616 1862 744 1931 quia
804 1863 1071 1933 sapientia
1112 1872 1168 1918 et
1216 1863 1619 1935 magniﬁcentia
1644 1865 1763 1935 ejus
1802 1875 1951 1921 sunt.

439 2046 530 2099 21.
573 2045 639 2100 Et
666 2047 780 2115 ipse
805 2054 979 2099 mutat
1008 2053 1251 2116 tempora
1274 2054 1328 2101 et
1351 2055 1560 2111 aetates,
1622 2048 1956 2105 transferens

372 2152 547 2207 reges,
580 2147 632 2192 et
657 2138 1032 2192 constituens:
1061 2137 1198 2191 dans
1245 2139 1581 2207 sapientibus
1609 2141 1953 2211 sapientiam,

371 2239 424 2283 et
452 2219 861 2299 intelligentiam
896 2229 1001 2291 his,
1032 2229 1125 2299 qui
1160 2237 1289 2282 sunt
1314 2229 1368 2283 in
1396 2231 1645 2285 scientia.

440 2317 531 2373 22.
576 2319 841 2373 llewlans
895 2317 1158 2387 profunda
1214 2325 1268 2372 et
1320 2318 1554 2374 obscura
1588 2359 1603 2384 ,
1650 2330 1702 2373 et
1748 2336 1952 2391 cogno-

372 2424 531 2464 scens
550 2424 672 2478 qua:
699 2409 751 2462 in
778 2409 1042 2475 tenebris,
1092 2419 1147 2463 et
1177 2422 1301 2478 quae
1340 2407 1397 2461 in
1428 2409 1633 2462 lumine
1668 2424 1683 2473 ;
1725 2420 1777 2462 et
1810 2409 1952 2477 apud

372 2503 549 2572 ipsum
578 2510 662 2555 est
695 2501 917 2555 solutio.

438 2592 530 2646 25.
553 2589 694 2658 Tibi,
728 2589 953 2645 Domine
971 2596 1183 2659 patrum
1212 2601 1482 2655 meorum,
1509 2587 1799 2652 contineor,
1819 2596 1951 2644 acte

371 2684 555 2748 laudo,
579 2682 705 2753 quia
739 2681 1059 2752 sapientiam
1104 2686 1157 2734 et
1196 2676 1945 2748 prudentiam'dedistimibi:

369 2786 424 2832 et
453 2793 598 2831 nunc
626 2773 916 2831 declarasti
946 2772 1081 2827 mihi
1110 2786 1232 2841 quae
1254 2771 1474 2841 rogavi,
1512 2779 1572 2825 ut
1602 2769 1947 2825 ostenderem

369 2868 483 2939 regi
508 2876 715 2938 postea.
1569 2934 1575 2941 ο

437 2958 530 3014 24.
571 2957 854 3030 Ingressus
884 2964 1066 3011 autem
1098 2952 1284 3007 Daniel
1333 2949 1401 3005 ad
1439 2949 1663 3013 Arioch,
1700 2949 1790 3020 qui
1816 2965 1947 3005 con-

370 3049 595 3107 stitutus
637 3047 812 3102 fuerat
842 3061 872 3099 a
904 3060 1052 3114 rege,
1081 3051 1139 3097 ut
1167 3040 1488 3096 interﬁceret
1524 3052 1716 3093 omnes
1759 3038 1947 3108 sophi-

2060 506 2345 577 βασιλέως,
2372 511 2467 563 καὶ
2490 510 2705 580 δηλώσῃ
2735 510 2914 563 πάντα
2943 510 3035 563 ἐπὶ
3059 509 3153 562 τοῦ
3184 509 3468 580 βασιλέως.

2133 597 2217 650 l7.
2247 599 2381 651 Τότε
2410 596 2662 652 ἀπελθὼν
2690 598 2890 670 Δανιὴλ
2918 600 2995 662 είς
3023 597 3115 653 τὸν
3160 596 3308 653 οἶκον
3343 598 3532 666 αὐτοῦ,
3569 599 3647 672 τῷ

2071 687 2311 758 Ἀνανίᾳ,
2341 690 2435 743 καὶ
2461 689 2701 762 Μισαὴλ,
2732 691 2825 744 καὶ
2878 690 3108 763 Ἀζαρία
3151 695 3264 756 τοῖς
3307 691 3644 763 συνεταίροις

2059 779 2309 845 ὑπέδειξε
2333 784 2530 837 πάντα.

2131 871 2218 958 li}.
2265 874 2377 928 Καὶ
2430 877 2769 947 παρήγγειλε
2815 877 3067 947 νηστείαν
3117 879 3211 933 καὶ
3240 879 3425 950 δέησιν
3458 893 3517 935 -ε-
3550 880 3645 933 καὶ

2056 987 2333 1073 τιμωρίαν
2362 1005 2674 1078 ζητῆσαι
2709 1008 2863 1079 παρά
2898 1007 2991 1062 τοῦ
3036 1009 3244 1078 Κυρίου
3287 1011 3383 1064 τοῦ
3417 1010 3641 1080 ὑψίστου

2057 1096 2301 1166 περὶτοῦ
2327 1098 2629 1168 μυστηρίου
2658 1098 2851 1152 τούτου
2871 1138 2888 1166 ,
2932 1101 3083 1165 ὅπως
3128 1102 3200 1172 μὴ
3236 1101 3493 1155 ἐκδοθῶσι
3535 1104 3642 1157 Δα-

2054 1185 2175 1257 νιὴλ
2201 1186 2297 1239 καὶ
2326 1188 2375 1240 οί
2414 1191 2534 1258 μετ’
2560 1189 2728 1243 αὐτοῦ
2760 1192 2841 1253 είς
2867 1191 3146 1245 ἀπώλειαν
3183 1194 3300 1261 ἅμα
3337 1194 3450 1257 τοῖς
3487 1205 3636 1263 σοφι-

2058 1281 2210 1342 σταῖς
2238 1279 2577 1346 Βαϐυλῶνος.

2128 1372 2212 1427 19.
2246 1374 2380 1427 Τότε
2405 1375 2482 1445 τῷ
2515 1375 2717 1448 Δανιὴλ
2758 1378 2817 1431 ὲν
2846 1378 3082 1450 ὁράματι
3115 1380 3173 1430 ἐν
3212 1379 3348 1449 αὐτῇ
3380 1380 3447 1450 τῇ
3487 1380 3641 1434 νυκτὶ

2053 1463 2116 1516 τὸ
2153 1467 2454 1536 μυστήριον
2476 1467 2571 1520 τοῦ
2609 1467 2876 1537 βασιλέως
2908 1469 3177 1540 ἐξεφάνθη
3212 1471 3486 1541 εὐσήμωςο
3518 1472 3653 1525 τότε

2053 1554 2254 1625 Δανιὴλ
2280 1556 2575 1631 εὐλόγησεν
2607 1560 2698 1613 τὸν
2720 1559 2925 1631 Κύριον
2945 1561 3037 1614 τὸν
3072 1560 3317 1629 ὕψιστον,
3349 1562 3442 1615 καὶ
3469 1563 3642 1633 ἐκφω-

2056 1646 2224 1716 νήσας
2252 1643 2409 1701 εἶπεν
2433 1665 2449 1680 ο

1982 1772 2027 1830 Β
2123 1738 2213 1793 20.
2253 1741 2437 1795 Ἔστω
2458 1741 2519 1795 τὸ
2543 1742 2716 1812 ὄνομα
2739 1741 2835 1795 τοῦ
2856 1742 3064 1814 Κυρίου
3093 1741 3189 1797 τοῦ
3217 1742 3455 1813 μεγάλου
3483 1746 3638 1799 εὐλο-

2058 1830 2297 1900 γημένον
2330 1834 2410 1895 είς
2442 1833 2536 1886 τὸν
2575 1833 2768 1901 αἰῶνα,
2800 1835 2883 1888 ὅτι
2921 1837 2954 1906 ἡ
3006 1834 3166 1905 σοφία
3198 1835 3291 1889 καλ⁸
3318 1838 3351 1908 ή
3389 1836 3637 1907 μεγαλω-

2060 1919 2193 1991 σύνη
2231 1922 2397 1976 αὑτοῦ
2442 1925 2582 1977 ἐστι.

2127 2012 2216 2067 21.
2256 2014 2367 2067 Καὶ
2394 2015 2557 2079 αὐτὸς
2591 2015 2798 2069 ἀλλοιοῖ
2846 2018 3074 2089 καιροὺς
3106 2018 3202 2072 καὶ
3242 2020 3503 2089 χρόνους,
3538 2036 3635 2090 με-

2058 2102 2255 2158 θιστῶν
2283 2104 2541 2176 βασιλεῖς,
2575 2110 2670 2161 καὶ
2695 2109 2988 2175 καθιστῶν,
3016 2109 3191 2174 διδοὺς
3217 2114 3401 2180 σοφοῖς
3423 2111 3634 2180 σοφίαν,

2059 2196 2152 2248 καὶ
2174 2196 2391 2251 σύνεσιν
2421 2202 2534 2263 τοῖς
2564 2201 2622 2254 ἐν
2649 2203 2928 2273 ἐπιστήμῃ
2963 2199 3133 2256 οὖσιν.

2126 2285 2215 2339 22.
2257 2289 2679 2346 Ἀνακαλύπτων
2709 2291 2778 2345 τὰ
2812 2292 2982 2362 βαθέα
3012 2293 3106 2347 καὶ
3131 2293 3400 2357 σκοτεινὰ,
3426 2294 3520 2346 καὶ
3552 2309 3637 2361 γι-

2056 2375 2281 2431 νώσκων
2305 2380 2374 2433 τὰ
2408 2382 2466 2434 ἐν
2497 2381 2576 2450 τῷ
2616 2384 2827 2448 σκότει,
2870 2384 3060 2438 καὶτὰ
3102 2386 3160 2437 ὲν
3203 2384 3281 2453 τῷ
3325 2386 3495 2452 φωτὶ,
3545 2387 3636 2438 καὶ
3696 2412 3701 2417 ·

2055 2468 2186 2536 παρ’
2219 2468 2367 2539 αὐτῷ
2406 2471 2720 2533 κατάλυσις.

2121 2558 2214 2612 23.
2250 2560 2362 2621 Σοὶ,
2405 2562 2577 2630 Κύριε
2604 2562 2714 2614 τῶν
2742 2562 2995 2632 πατέρων
3032 2581 3153 2634 μου,
3187 2564 3630 2635 ἐξομολογοῦμαί,

2054 2649 2149 2703 καὶ
2170 2650 2325 2714 αἰνῶ,
2350 2651 2435 2705 ὅτι
2471 2652 2662 2721 σοφίαν
2698 2653 2791 2706 καὶ
2840 2654 3101 2726 φρόνησιν
3145 2657 3351 2721 ἔδωκάς
3395 2675 3506 2728 μοι,
3542 2658 3635 2709 καὶ

2052 2738 2148 2793 νῦν
2178 2739 2461 2813 ἐσήμᾳνάς
2494 2759 2585 2814 μοι
2614 2743 2713 2798 ὅσα
2746 2744 2973 2815 ἠξίωσα,
2996 2747 3093 2801 τοῦ
3125 2748 3362 2819 δηλῶσαι
3384 2749 3460 2818 τῷ
3485 2748 3637 2817 βασι-

2050 2832 2135 2887 λεῖ
2156 2834 2295 2906 πρὸς
2325 2833 2519 2889 ταῦτα.

2118 2924 2210 2980 24.
2247 2924 2518 2979 Είσελθὼν
2545 2925 2601 2979 δὲ
2639 2926 2838 2998 Δανιὴλ
2872 2928 3010 2998 πρὸς
3040 2928 3132 2982 τὸν
3193 2929 3393 3001 Ἀριὼχ
3421 2930 3513 2984 τὸν
3534 2946 3634 2984 κα-

2047 3017 2386 3072 τασταθέντα
2412 3017 2517 3072 ὑπὸ
2532 3018 2624 3071 τοῦ
2651 3018 2915 3087 βασιλέως
2932 3020 3253 3075 ἀποκτείναι
3276 3022 3486 3086 πάντας
3508 3028 3633 3088 τοὺς

367 3105 481 3194 stas
513 3135 826 3207 Babylonis,
852 3105 997 3186 dixit
1021 3105 1070 3186 εί
1102 3145 1118 3184 ε
1153 3128 1443 3201 Suphistas
1473 3128 1691 3199 quidem
1714 3105 1946 3200 Babylo-

2053 3108 2312 3178 σοφιστὰς
2338 3110 2440 3181 τῆς
2470 3108 2837 3176 Βαϐυλωνίας,
2872 3105 3025 3164 εἶπεν
3047 3111 3216 3182 αὐτῷ,
3235 3114 3374 3177 Τοὺς
3404 3114 3504 3185 μὲν
3540 3132 3629 3169 σο-

366 3231 454 3284 nis
481 3244 549 3282 ne
577 3227 775 3296 perdas
807 3242 823 3278 :
848 3224 943 3280 sed
970 3222 1225 3278 introduc
1256 3238 1343 3277 me
1373 3221 1441 3277 ad
1465 3236 1675 3293 regem,
1728 3228 1789 3300 et
1831 3220 1947 3275 sin-

365 3318 490 3388 gula
513 3316 623 3387 regi
656 3314 919 3386 aperiam.

435 3404 526 3462 25.
590 3407 746 3460 Tunc
795 3404 997 3459 Arioch
1050 3419 1174 3459 cum
1241 3403 1591 3459 festinatione
1645 3402 1949 3459 introduxit

366 3498 645 3555 Danielcm
674 3498 741 3553 ad
772 3512 975 3568 regem,
1004 3504 1059 3552 et
1113 3497 1252 3552 dixit
1300 3497 1390 3551 ei:
1451 3497 1636 3551 Inveni
1671 3495 1946 3552 hominem

366 3593 663 3661 sapientem
702 3589 768 3643 de
803 3588 1116 3657 captivitate
1158 3589 1397 3645 ﬁliorum
1453 3587 1674 3656 Judazaa,
1702 3589 1796 3660 qui
1837 3587 1948 3658 regi

366 3682 570 3751 aperiet
603 3681 836 3748 singula.

434 3767 525 3825 26.
568 3769 925 3839 Respondeas
953 3778 1132 3824 autem
1159 3784 1251 3824 rex
1278 3768 1413 3823 dixit
1448 3768 1676 3836 Danieli,
1698 3770 1791 3841 qui
1817 3786 1946 3842 cog-

367 3861 753 3915 nominabatur
792 3858 1084 3939 Chaldaice
1126 3859 1376 3915 Baltasar
1416 3876 1430 3914 :
1464 3860 1678 3915 Poteris
1705 3859 1947 3917 indicare

365 3952 498 4004 mihi
562 3951 861 4017 visionem,
915 3966 1079 4021 quam
1125 3950 1271 4017 vidi,
1329 3958 1385 4005 et
1440 3950 1942 4021 interpretationem

365 4042 518 4113 eius?

432 4134 524 4187 27.
566 4131 891 4189 Exelamans
935 4143 1117 4190 autem
1173 4133 1360 4189 Daniel
1408 4149 1594 4189 coram
1650 4148 1774 4203 rege
1824 4132 1938 4187 ait:

364 4225 624 4299 Mysten-ii,
661 4226 806 4297 quod
831 4226 963 4281 vidit
994 4243 1110 4294 rex,
1139 4242 1249 4282 non
1277 4234 1361 4281 est
1394 4229 1723 4297 sapientum,
1753 4234 1805 4280 et
1825 4241 1941 4278 ma-

364 4316 664 4384 leticorum,
692 4327 747 4372 et
774 4319 1199 4383 incantatorum,
1252 4326 1308 4372 et
1350 4331 1745 4389 gazarenorum
1769 4314 1943 4385 expli-

362 4408 528 4462 catio.

434 4501 526 4554 28.
569 4498 673 4554 Sed
700 4508 783 4554 est
808 4499 953 4556 Deus
990 4501 1045 4555 in
1072 4501 1212 4556 cosio
1242 4500 1490 4555 revelans
1525 4500 1804 4571 mysteria,
1845 4498 1940 4567 qui

364 4591 693 4665 significavit
743 4594 855 4662 regi
885 4592 1391 4649 Nabuchodonosor
1428 4609 1551 4664 qua:
1589 4602 1804 4662 oportet
1825 4593 1940 4647 tieri

364 4685 421 4737 in
452 4682 764 4737 novissimis
793 4682 1006 4737 diebus.
1636 4698 1643 4705 ο

428 4776 523 4831 29.
563 4775 625 4830 Ει
664 4777 755 4844 qui
802 4777 1007 4831 revelat
1060 4775 1318 4847 mysteria
1343 4816 1358 4840 ,
1400 4773 1639 4830 ostendit
1681 4774 1775 4829 tibi
1818 4790 1941 4844 qua:

362 4877 577 4939 oportet
606 4868 741 4922 ﬁeri.
1666 4934 1687 4953 Ι

432 4964 522 5019 30.
563 4960 692 5015 Mihi
728 4974 857 5015 vero
911 4974 1018 5014 non
1058 4967 1281 5029 prepter
1337 4956 1678 5028 sapientiam,
1710 4973 1833 5029 quae
1870 4959 1941 5013 sit

365 5055 417 5115 in
450 5071 538 5112 me
576 5068 742 5122 super
781 5067 975 5107 omnes
1001 5052 1271 5117 homines,
1309 5048 1625 5120 mysterium
1658 5050 1763 5104 hoc
1790 5064 1943 5118 aper-

364 5160 480 5204 tum
512 5155 615 5213 est,
647 5146 740 5201 sed
771 5146 1126 5214 explanatum
1154 5152 1239 5197 est
1279 5143 1438 5208 mihi,
1478 5151 1537 5196 ut
1579 5151 1706 5196 nota
1750 5140 1942 5196 tierent

368 5241 500 5308 regi,
533 5253 654 5307 quae
687 5237 981 5307 concepisti
1011 5236 1198 5291 animo
1232 5243 1328 5290 tuo
1354 5236 1409 5289 in
1435 5233 1763 5306 cognitione.

428 5418 521 5475 Si.
563 5419 629 5475 Et
665 5428 744 5481 tu,
774 5435 892 5487 rex,
923 5419 1130 5482 vidisti,
1155 5428 1209 5474 et
1235 5434 1361 5475 ecce
1384 5419 1564 5490 imago
1594 5432 1722 5482 una,
1745 5426 1800 5474 et
1823 5426 1942 5473 erat

365 5516 541 5584 imago
576 5513 664 5567 illa
692 5527 886 5583 magna
916 5513 1099 5577 nimis,
1128 5520 1182 5567 et
1207 5522 1460 5582 aspectus
1483 5513 1659 5581 ipsius
1688 5512 1941 5568 sublimis

365 5602 542 5656 stabat
573 5613 764 5659 contra
791 5609 864 5669 te,
894 5611 949 5658 et
974 5601 1116 5659 visio
1145 5602 1398 5674 imaginis
1431 5603 1712 5661 terribilis.

2052 3202 2250 3269 φιστάς
2267 3201 2370 3271 τῆς
2398 3200 2747 3266 Βαϐυλωνίας
2773 3203 2847 3275 μὴ
2869 3203 3162 3277 ἀπολέσῃς,
3192 3207 3450 3277 είσάγαγε
3481 3209 3538 3262 δέ
3563 3227 3631 3281 με

2053 3292 2190 3364 πρὸς
2214 3293 2306 3347 τὸν
2336 3291 2582 3363 βασιλέα,
2628 3294 2723 3346 καὶ
2760 3294 2966 3348 ἕκαστα
3006 3296 3083 3366 τῷ
3113 3296 3325 3367 βασιλεῖ
3347 3297 3591 3371 δηλώσω.

2120 3385 2212 3440 25.
2238 3385 2372 3438 Τότε
2411 3385 2612 3456 Ἀριὼχ
2640 3387 2782 3441 κατὰ
2814 3388 3051 3459 σπουδὴν
3091 3391 3357 3461 εἰσήγαγε
3391 3392 3484 3445 τὸν
3521 3393 3629 3445 Δα-

2051 3476 2169 3547 νιὴλ
2200 3476 2336 3549 πρὸς
2379 3476 2471 3530 τὸν
2504 3476 2749 3546 βασιλέα,
2777 3479 2871 3531 καὶ
2899 3473 3052 3531 εἶπεν
3076 3479 3247 3550 αὐτῷ,
3292 3482 3373 3535 ὅτι
3407 3480 3632 3553 Εὖρηκα

2050 3568 2333 3639 ἄνθρωπον
2364 3567 2526 3636 σοφὸν
2583 3569 2647 3621 ἐκ
2687 3569 2786 3639 τῆς
2816 3569 3193 3640 αἰχμαλωσίας
3229 3571 3336 3625 τῶν
3362 3572 3495 3626 υίῶν
3532 3575 3632 3643 τῆς

2062 3659 2340 3723 Ἰουδαίας,
2364 3657 2424 3721 ὃς
2456 3657 2533 3725 τῷ
2564 3658 2772 3729 βασιλεῖ
2791 3659 3018 3729 δηλώσει
3047 3648 3273 3715 ἕκαστα.

2116 3750 2207 3805 26.
2255 3750 2603 3824 Ἀποκριθεὶς
2653 3752 2709 3805 δὲ
2760 3753 2789 3804 ὁ
2839 3752 3093 3822 βασιλεὺς
3120 3748 3240 3805 εἷπε
3289 3752 3365 3822 τῷ
3408 3752 3625 3823 Δανιὴλ,

2048 3843 2466 3915 ἐπικαλουμένῳ
2492 3844 2549 3897 δὲ
2580 3844 2877 3897 Χαλδαῖστὶ
2919 3843 3237 3914 Βαλτάσσρσ
3279 3845 3494 3916 Δυνήσῃ
3536 3845 3632 3915 δη-

2049 3935 2221 3989 λῶσαί
2248 3950 2341 4006 μοι
2375 3935 2438 3989 τὸ
2467 3936 2649 4006 ὅραμα
2677 3934 2707 3987 ὃ
2729 3930 2889 4002 εἶδον,
2919 3935 3012 3987 καὶ
3039 3934 3137 4007 τὴν
3165 3935 3356 3989 τούτου
3403 3935 3630 4010 σύγκριο

2052 4045 2137 4082 σιν
2159 4043 2174 4097 ;

2121 4124 2213 4191 27.
2259 4121 2615 4193 Ἐκφωνήσας
2647 4121 2706 4173 δὲ
2744 4123 2777 4173 ὁ
2824 4118 3021 4191 Δανιὴλ
3072 4119 3164 4173 ἐπὶ
3201 4120 3296 4174 τοῦ
3338 4121 3623 4192 βασιλέως.

2049 4212 2204 4269 εἷπε·
2233 4215 2308 4268 Τὸ
2343 4215 2639 4286 μυστήριον
2672 4214 2701 4267 δ
2727 4213 2971 4284 ἑώρακεν
3010 4215 3039 4266 ὁ
3067 4214 3341 4284 βασιλεὺς,
3383 4217 3484 4269 οὐκ
3510 4216 3624 4268 ἐστι

2050 4306 2231 4376 σοφῶν
2255 4306 2349 4359 καὶ
2379 4303 2711 4376 φαρμακῶν,
2738 4305 2834 4358 καὶ
2858 4304 3141 4370 ὲπαοιδῶν,
3179 4306 3272 4358 καὶ
3299 4304 3626 4378 γαζαρηνῶν

1974 4444 2021 4500 D
2049 4398 2082 4469 ἡ
2108 4396 2359 4498 δήλωσις.

2114 4489 2207 4544 28.
2253 4487 2391 4541 Ἀλλ’
2425 4487 2540 4540 ἐστι
2569 4487 2703 4552 Θεὸς
2733 4490 2791 4543 ὲν
2827 4488 3042 4559 οὐρανῷ
3092 4487 3484 4542 ἀνακαλύπτων
3518 4506 3621 4560 μυ-

2048 4584 2268 4653 στήρια,
2309 4581 2368 4642 ὃς
2396 4579 2629 4649 ἐδήλωσε
2680 4579 2758 4650 τῷ
2794 4579 3004 4650 βασιλεί
3054 4578 3545 4652 Ναϐουχοδονόσορ,
3586 4580 3623 4635 ἃ

2042 4674 2125 4726 δεῖ
2153 4671 2407 4740 γενέσθαι
2440 4671 2530 4723 ἐπ’
2557 4670 2801 4739 ἐσχάτων
2840 4669 2949 4722 τῶν
2981 4669 3223 4741 ἡμερῶν.

2112 4764 2199 4818 29.
2235 4765 2343 4817 Kal
2370 4763 2766 4817 ἀνακαλύπτων
2796 4764 3073 4835 μυστήρια
3106 4760 3343 4834 ἐδήλωσέ
3377 4781 3458 4818 σοι
3488 4764 3624 4821 ἃδεῖ

2041 4856 2314 4927 γενέσθαι.

2114 4950 2202 5004 ⁸50.
2238 4949 2423 5020 Κᾲμοὶ
2456 4947 2513 5001 δὲ
2558 4948 2619 5001 οὐ
2668 4945 2819 5018 παρὰ
2858 4947 2957 5017 τὴν
2992 4946 3204 5017 σοφίαν,
3239 4947 3336 5019 τὴν
3368 4943 3533 5003 οὖσαν
3563 4952 3621 5003 ἐν

2042 5043 2166 5113 ἐμοὶ
2206 5042 2346 5112 ὑπὲρ
2396 5041 2607 5104 πάντας
2656 5042 2783 5103 τοὺς
2834 5038 3178 5111 ἀνθρώπους,
3211 5041 3273 5093 τὸ
3318 5044 3620 5129 μυστήριον

2041 5133 2199 5189 τοῦτο
2233 5131 2524 5203 ἐξεφάνθη,
2555 5132 2670 5186 ἀλλ’
2699 5132 2885 5185 ἕνεκεν
2908 5131 3000 5185 τοῦ
3026 5131 3332 5202 δηλωθῆναι
3362 5134 3440 5206 τῷ
3469 5136 3621 5206 βασι-

2042 5226 2127 5280 λεί
2145 5224 2426 5297 ἐσημάνθη
2462 5241 2572 5295 μοι,
2599 5224 2635 5279 ἃ
2673 5223 2944 5287 ὑπέλασες
2970 5227 3035 5295 τῇ
3071 5225 3269 5298 καρδία
3290 5242 3385 5281 σου
3405 5229 3463 5280 ἐν
3482 5229 3623 5298 γνώ.

2045 5339 2146 5375 σει.

2113 5416 2202 5472 51.
2230 5414 2339 5467 Καὶ
2356 5413 2441 5477 σὺ,
2476 5410 2719 5483 βασιλεῦ,
2747 5408 3021 5481 ἑώρακας,
3048 5413 3143 5465 καὶ
3172 5411 3282 5466 ίδοὺ
3308 5413 3472 5467 εἰκὼν
3498 5415 3618 5484 μία,

2043 5509 2138 5563 καὶ
2170 5503 2239 5580 ἦν
2266 5509 2301 5578 ἡ
2326 5503 2490 5558 εἰκὼν
2512 5502 2691 5573 ἐκείνη
2720 5501 2934 5573 μεγάλη
2985 5502 3210 5574 σφόδρα,
3249 5505 3342 5557 καὶ
3375 5506 3408 5577 ἡ
3458 5506 3624 5577 πρόσι-

2042 5601 2163 5670 οψις
2195 5597 2368 5667 αὐτῆς
2391 5594 2709 5666 ὑπερφερης
2744 5595 2970 5665 ἑστήκει
3004 5595 3245 5650 ἐναντίον
3295 5613 3412 5663 σου,
3457 5598 3553 5653 καὶ
3583 5599 3616 5655 ἡ

2047 5689 2305 5765 πρόσοψις
2336 5688 2434 5758 τῆς
2468 5687 2673 5749 εἰκόνος
2708 5686 2934 5755 φοϐερά.
