4064 6424
366 417 502 476 2781·

1610 400 1858 458 DANIEL
1890 397 2122 455 CAPUT
2158 399 2225 452 ll.

3469 410 3609 464 278‘?

434 537 523 590 32;
559 535 668 589 Kal
693 529 762 606 ἦν
793 527 1000 602 κεφαλὴ
1032 531 1201 600 αὐτῆς
1252 530 1359 583 άπὸ
1400 526 1624 599 χρυσίου
1669 521 1927 595 χρηστοῦ,

2110 519 2197 572 52.
2239 517 2304 575 Ει
2327 530 2444 576 erat
2474 534 2632 591 caput
2665 527 2785 593 ejus
2816 540 2881 580 ex
2939 542 3076 582 auro
3135 530 3362 600 optimo,
3420 543 3608 601 pectus

363 631 425 683 τὸ
465 627 660 698 στῆθος
689 626 784 679 καὶ
809 628 856 679 οἱ
893 624 1170 695 βραχίονες
1204 623 1457 693 ἀργυροῖ,
1489 621 1522 690 ἡ
1555 618 1732 674 κοιλία
1762 619 1855 672 καὶ
1885 619 1933 670 οἰ

369 721 535 792 μηροὶ
558 721 768 790 χαλκοῖ.

553 814 632 866 Τὰ
651 813 708 865 δὲ
733 812 897 882 σκέλη
921 812 1137 882 σιδηρᾶ,
1173 810 1222 862 οἱ
1257 809 1416 871 πόδες
1453 806 1617 878 μέρος
1651 805 1748 875 μέν
1777 821 1830 857 τι
1856 819 1937 856 σι-

363 909 551 978 δήρου,
583 907 744 977 μέρος
772 905 829 958 δέ
854 923 906 957 τι
937 904 1228 974 ὀστράκου.

430 1000 518 1053 54.
572 998 855 1070 Ἑώρακας
904 997 1010 1058 ἕως
1060 997 1184 1048 ὅτου
1231 993 1441 1064 ἐτμήθη
1479 991 1624 1053 λίθος
1671 990 1730 1052 ἐξ
1775 989 1934 1060 ὄρους

360 1089 487 1144 ἄνευ
520 1090 742 1160 χειρῶν,
767 1090 862 1142 καὶ
889 1087 1126 1151 ἐπάταξε
1157 1087 1254 1158 τὴν
1279 1085 1462 1138 εἰκόνα
1492 1084 1586 1136 ἐπὶ
1614 1083 1740 1144 τοὺς
1771 1080 1936 1142 πόδας

361 1183 485 1244 τοὺς
517 1180 790 1252 σιδηροῦς,
808 1182 903 1233 καὶ
936 1179 1308 1250 ὀστρακίνους,
1331 1177 1425 1231 καὶ
1457 1175 1752 1246 κατήλεσεν
1771 1173 1930 1228 αὑτά.

431 1275 520 1329 55.
541 1275 674 1326 Τότε
699 1273 873 1327 λεπτὰ
890 1273 1104 1341 ἐγένετο
1124 1271 1238 1341 ἅμα
1262 1271 1290 1323 ὀ
1308 1269 1525 1340 σίδηρος
1542 1269 1634 1320 καὶ
1657 1266 1717 1320 τὸ
1736 1266 1934 1331 ὀστρακ-

364 1382 480 1429 κον,
512 1365 608 1417 καὶ
642 1367 670 1416 ό
700 1364 917 1434 χαλκὸς,
938 1363 1028 1416 καὶ
1056 1365 1085 1415 6
1129 1363 1398 1432 ἄργυρος,
1435 1358 1529 1412 καὶ
1568 1359 1629 1412 τὸ
1677 1359 1927 1429 χρυσίονο

366 1457 458 1509 καὶ
486 1455 699 1522 ἐγένετο
726 1454 857 1506 ὡσεὶ
889 1453 1210 1525 λεπτότερον
1254 1449 1461 1521 ἀχύρου
1499 1451 1559 1503 ὲν
1591 1449 1758 1504 ἃλωνι
1781 1467 1795 1481 ο
1837 1450 1934 1505 καὶ

360 1547 645 1618 ὲῤῥίπισεν
678 1545 818 1599 αὐτά
843 1548 870 1598 6
890 1546 1109 1615 ἄνεμος,
1135 1543 1277 1597 ὥστε
1310 1543 1476 1613 μηδὲν
1504 1542 1932 1612 καταλειφθῆναι

357 1636 419 1701 ἐξ
455 1636 655 1699 αὐτῶν,
689 1637 782 1690 καὶ
814 1638 842 1689 6
877 1635 1024 1699 λίθος
1044 1636 1072 1688 ὁ
1093 1634 1344 1700 πατάξας
1370 1634 1468 1705 τὴν
1502 1633 1688 1688 εἰκόνα
1717 1634 1934 1703 ἐγένετο

355 1727 479 1800 δρος
507 1727 670 1797 μέγα,
688 1727 784 1780 καὶ
803 1725 1038 1792 ἐπάταξε
1073 1727 1254 1779 πᾶσαν
1281 1725 1380 1796 τὴν
1418 1725 1544 1795 γῆν.

427 1817 517 1870 56.
550 1816 722 1869 Τοῦτο
758 1817 820 1868 τὸ
863 1817 1067 1886 ὅραμα,
1099 1815 1194 1868 καὶ
1245 1814 1341 1884 τὴν
1381 1813 1562 1884 κρίσιν
1611 1811 1667 1864 δὲ
1699 1811 1932 1884 ἐροῦμεν

357 1908 449 1961 ἐπὶ
476 1907 570 1960 τοῦ
607 1906 892 1977 βασιλέως.

427 1999 515 2052 57.
549 1997 642 2062 Σὺ,
676 1994 918 2066 βασιλεῦ,
948 1994 1200 2065 βασιλεὺς
1228 1991 1512 2063 βασιλέων,
1543 1993 1635 2046 καὶ
1666 1993 1746 2047 σοὶ
1771 1993 1798 2044 6
1818 1992 1933 2045 K6.

359 2105 474 2160 ριος
492 2089 586 2142 τοῦ
611 2086 842 2159 οὐρανοῦ
884 2086 983 2157 τὴν
1012 2085 1204 2157 ἀρχὴν,
1238 2085 1334 2138 καὶ
1365 2085 1464 2156 τὴν
1495 2085 1789 2154 βασιλείαν,
1839 2086 1934 2137 καὶ

356 2181 454 2252 τὴν
481 2181 656 2250 ἰσχὺν,
709 2181 802 2231 καὶ
825 2178 924 2247 τὴν
965 2178 1150 2248 τιμὴν,
1175 2168 1279 2230 ’καί⁵
1309 2175 1406 2246 τὴν
1442 2175 1599 2242 δόξαν
1632 2176 1833 2230 ἔδωκεν
1877 2179 1934 2229 ὲν

359 2270 512 2340 πάσῃ
548 2271 616 2338 τῇ
643 2269 962 2338 οἰκουμένῃ.

431 2359 520 2413 58.
565 2359 697 2412 ’Λπὺ
720 2358 1042 2430 ἀνθρώπων,
1067 2358 1160 2412 καὶ
1185 2358 1390 2431 θηρίων
1423 2359 1631 2430 ἀγρίων
1652 2403 1666 2426 ,
1713 2362 1806 2414 καὶ
1838 2377 1933 2414 πε-

358 2449 551 2503 τεινῶν
571 2448 800 2520 οὐρανοῦ
826 2463 886 2503 σι-
917 2449 1012 2502 καὶ
1033 2450 1142 2501 τῶν
1159 2463 1216 2504 -ι-
1242 2449 1435 2518 ἰχθύων
1458 2451 1558 2520 τῆς
1588 2450 1860 2519 θαλάσσης
1870 2452 1929 2521 /.

362 2539 670 2609 παρέδωκεν
696 2539 800 2591 ὑπὸ
820 2539 917 2601 τὰς
935 2540 1123 2610 χεῖράς
1157 2557 1252 2592 σου
1279 2539 1552 2610 κυριεύειν
1578 2543 1793 2595 πάντων
1813 2557 1825 2570 ·
1864 2541 1929 2594 σὺ

357 2626 408 2681 εἷ
430 2631 462 2698 ή
497 2629 705 2700 κεφαλὴ
730 2631 761 2697 ἡ
784 2629 991 2699 χρυσῆ.

427 2719 515 2774 59.
545 2719 657 2771 Καὶ
714 2721 851 2790 μετὰ
893 2721 951 2772 σὲ
985 2721 1349 2792 ἀναστήσεται
1393 2721 1642 2792 βασιλεία
1692 2723 1930 2779 ἐλάττων

357 2828 475 2873 σου,
535 2813 628 2864 καὶ
675 2812 833 2883 τρίτη
867 2812 1111 2882 βασιλεία
1161 2814 1296 2884 ἄλλη
1340 2814 1550 2885 χαλκῆ,
1583 2816 1617 2885 ἢ
1654 2817 1931 2888 κυριεύσει

353 2903 536 2974 πάσης
562 2907 662 2974 τῆς
691 2904 819 2973 γῆς.

424 2973 513 3029 40⁷.
543 2973 653 3027 καὶ
686 2973 930 3045 βασιλεία
945 2974 1180 3046 τετάρτη
1208 2976 1326 3046 ἰσχυ
1337 2974 1402 3047 ρὰ
1420 2979 1486 3046 ὶε(
1502 2976 1577 3041 ὡς
1603 2979 1630 3030 6
1651 2978 1928 3052 σίδηροςχ,

349 3062 543 3136 ὥσπερ
563 3068 590 3120 6
621 3066 839 3137 σίδηρος
874 3067 901 3119 6
932 3066 1188 3137 δαμάξων
1227 3068 1426 3133 πάντα,
1461 3069 1558 3124 καὶ
1589 3071 1658 3138 Χ
1679 3070 1754 3134 ὡς
1791 3071 1819 3123 ὀ
1849 3072 1931 3126 σί-

348 3161 513 3230 δηρος
535 3161 643 3213 πᾶν
673 3159 887 3231 δένδρον
913 3159 1194 3214 ἐκκόπτων
1215 3176 1228 3190 ·
1260 3162 1356 3215 καὶ
1401 3160 1748 3232 σεισθήσεται
1781 3165 1928 3218 πᾶσα

412 3269 504 3320 γη-

352 3254 388 3324 ﬂ
544 3342 652 3395 Kal
673 3341 748 3404 ὡς
769 3339 1021 3412 ἑώρακας
1047 3341 1170 3402 τοὺς
1202 3341 1370 3406 πόδας
1398 3343 1568 3414 αὐτῆς
1600 3347 1669 3414 Ἀ(
1690 3346 1932 3411 καὶτοὺς

353 3434 672 3497 δακτύλους,
705 3434 873 3504 μέρος
894 3435 1000 3502 ,μέν
1026 3451 1078 3487 τι
1098 3435 1366 3506 ὀστράκου
1410 3436 1735 3507 κεραμικοῦ,
1764 3438 1932 3509 μέρος

350 3524 409 3580 δέ
437 3545 487 3579 τι
523 3525 766 3598 σιδήρου,
795 3524 1043 3596 βασιλεία
1064 3524 1197 3596 άλλη
1225 3525 1454 3599 διμερὴς
1487 3525 1640 3581 ἔσται
1681 3530 1738 3581 ὲν
1768 3529 1927 3601 αὐτῇ,

355 3617 608 3688 καθάπερ
644 3613 780 3680 εἶδες
829 3617 922 3671 τὸν
967 3616 1186 3688 σίδηρον
1224 3619 1671 3689 ἀναμεμιγμένον
1703 3621 1820 3690 ἃμα
1851 3620 1931 3692 τῷ

353 3709 559 3782 πηλίνῳ
587 3709 859 3780 ὀστράκῳ.

421 3827 510 3880 42.
546 3824 655 3877 Καὶ
682 3826 731 3877 οἰ
754 3822 1008 3877 δάκτυλοι
1036 3823 1144 3876 τῶν
1176 3824 1354 3878 ποδῶν
1387 3826 1550 3896 μέρος
1579 3827 1679 3895 μέν
1705 3844 1757 3879 τι
1783 3827 1930 3898 σιδη-

354 3916 503 3988 ροῦν,
541 3915 704 3985 μέρος
727 3914 785 3966 δέ
811 3931 867 3967 τι
889 3914 1206 3984 ὀστράκινον
1228 3931 1240 3944 ·
1278 3916 1443 3986 μέρος
1467 3915 1524 3968 δέ
1571 3933 1624 3968 τι
1651 3917 1748 3986 τῆς
1780 3917 1932 3986 βασι-

349 4008 499 4070 λείας
522 4007 673 4060 ἔσται
707 4007 946 4077 ἰσχυρὸν,
972 4007 1065 4061 καὶ
1084 4006 1254 4077 μέρος
1279 4023 1330 4060 τι
1362 4007 1512 4060 ἔσται
1541 4011 1931 4080 συντετριμμέ-

350 4118 439 4155 νον
448 4139 462 4153 .

422 4215 510 4268 45.
545 4213 656 4266 Καὶ
682 4212 756 4276 ὡς
784 4208 924 4276 εἶδες
946 4212 1038 4266 τὸν
1066 4212 1280 4283 σίδηρον
1325 4214 1770 4286 ἀναμεμιγμένον
1814 4216 1928 4288 ἅμα

355 4304 434 4374 τῷ
463 4305 673 4376 πηλίνῳ
702 4305 954 4376 ὀστράκῳ
973 4343 988 4369 ,
1028 4307 1321 4376 συμμιγεῖς
1350 4305 1563 4360 ἔσονται
1595 4309 1674 4371 εἰς
1717 4307 1930 4376 γένεσιν

355 4394 678 4466 ἀνθρώπων,
702 4395 803 4447 οὐκ
825 4394 1037 4448 ἔσονται
1062 4395 1118 4448 δὲ
1139 4396 1505 4466 ὁμονοοῦντες,
1532 4396 1657 4450 οὔτε
1683 4399 1930 4453 εὐνοοῦν-

2035 619 2084 664 et
2117 611 2333 665 brachia
2364 622 2640 682 argentea,
2677 627 2864 671 venter
2894 628 2947 673 et
2979 619 3184 676 femora
3208 639 3368 679 terea.

2106 795 2196 850 55.
2236 793 2408 849 Crura
2464 806 2642 851 autem
2703 798 2876 856 ferrea
2909 842 2924 866 ,
2961 803 3124 870 pedes
3182 820 3308 873 pars
3360 809 3605 877 quaedam

2039 883 2188 952 ferri,
2225 903 2348 954 pars
2389 896 2568 944 autem
2607 898 2778 947 testae.

2105 978 2193 1030 54.
2228 976 2417 1032 Vidisti
2446 981 2802 1049 quoadusque
2817 982 3024 1036 scissus
3039 993 3124 1038 est
3155 984 3292 1055 lapis
3330 988 3396 1041 de
3427 1001 3608 1043 monte

2037 1067 2155 1122 sine
2196 1069 2486 1124 manibus:
2521 1080 2574 1125 et
2602 1073 2874 1141 percussit
2908 1075 3196 1144 imaginem
3223 1092 3386 1146 super
3442 1080 3606 1148 pedes

2039 1159 2268 1223 ferreos,
2309 1171 2363 1215 et
2396 1171 2682 1227 testaeeos,
2705 1175 2759 1218 et
2779 1165 3070 1221 demolitus
3102 1180 3184 1222 est
3212 1185 3295 1223 ea.

2107 1251 2196 1304 55.
2218 1250 2373 1306 Tunc
2393 1255 2729 1308 comminuta
2763 1265 2890 1309 sunt
2922 1258 3086 1312 simul
3118 1257 3344 1326 ferrum,
3375 1267 3606 1326 ettesta,

2036 1352 2092 1395 et
2126 1357 2222 1405 ωδ,
2251 1352 2304 1397 et
2333 1354 2637 1414 argentum,
2671 1355 2724 1400 et
2754 1363 2970 1414 aurum,
3001 1359 3054 1403 et
3090 1352 3226 1404 facta
3275 1361 3403 1406 sunt
3452 1355 3607 1422 quasi

2036 1432 2302 1488 minutius
2349 1437 2514 1503 palea:
2561 1439 2614 1490 in
2655 1453 2814 1504 area,
2873 1449 2928 1494 et
2971 1440 3250 1508 dispersit‘
3279 1459 3342 1496 ea
3393 1455 3605 1508 ventus.

2034 1524 2109 1578 ita
2163 1533 2220 1578 ut
2271 1527 2403 1580 nihil
2428 1528 2673 1582 relictum
2716 1532 2787 1585 sit
2823 1547 2886 1585 ex
2910 1534 2996 1588 eis
3030 1553 3044 1588 :
3085 1544 3137 1587 et
3178 1536 3313 1604 lapis
3345 1535 3439 1604 qui
3493 1551 3610 1606 per-

2034 1626 2281 1672 cusserat
2335 1618 2645 1690 imaginem,
2705 1620 2879 1679 factus
2920 1633 3004 1679 est
3050 1640 3207 1680 mens
3261 1641 3507 1698 tiiagnus,
3554 1637 3629 1684 et-

2032 1709 2304 1775 percussit
2334 1711 2646 1766 universam
2681 1723 2908 1773 terram.
3620 1775 3626 1782 ,

2103 1798 2192 1854 56.
2227 1799 2353 1855 Haec
2409 1812 2492 1858 est
2517 1804 2820 1861 visio:se.l
2881 1807 3046 1862 etiam
3105 1808 3605 1882 interpretationem

2039 1889 2283 1944 dicemus
2313 1907 2497 1947 coram
2539 1910 2686 1964 rege.

2108 1981 2197 2034 57.
2234 1981 2338 2050 Τιι,
2376 1997 2545 2050 orex,
2593 2002 2688 2040 rex
2740 2003 2928 2059 regum
2965 2007 3064 2048 es:
3105 2003 3161 2049 et
3199 1995 3292 2050 tibi
3343 1996 3609 2054 Dominus

2039 2072 2163 2127 οωὶὶ
2201 2074 2584 2144 principatum,
2633 2086 2690 2132 et
2728 2093 2976 2149 regnum,
3016 2094 3072 2138 et
3123 2087 3512 2152 fortitudinem.
3552 2103 3610 2146 et

2041 2162 2324 2226 honorem.
2364 2174 2418 2221 et
2467 2167 2694 2237 gloriam
2730 2169 2879 2225 dedit.
2923 2173 2978 2228 in
3028 2177 3283 2233 universo
3336 2189 3608 2236 terrarum

2040 2254 2194 2309 orbe.

2109 2343 2199 2398 58.
2234 2343 2514 2414 Homines,
2553 2356 2608 2402 et
2644 2349 2847 2406 bestias
2892 2351 3058 2420 feras,
3079 2367 3132 2411 et
3165 2359 3413 2418 volucres
3459 2366 3607 2432 caeli,

2037 2441 2092 2487 et
2119 2436 2296 2504 pisces
2324 2440 2491 2495 maris
2530 2441 2750 2496 tradidit
2790 2443 2894 2498 sub
2946 2461 3141 2505 manus
3176 2459 3316 2518 tuas,
3348 2464 3412 2510 ut
3431 2456 3611 2513 domi-

2037 2525 2185 2581 neris
2205 2528 2451 2584 omnium
2481 2548 2495 2584 :
2528 2540 2582 2585 tu
2613 2546 2673 2586 es
2708 2543 2872 2601 caput
2900 2549 3147 2595 aureum.

2072 2710 2193 2766 -59.
2229 2709 2295 2766 Ει
2331 2722 2454 2783 post
2485 2722 2535 2770 te
2562 2727 2856 2788 consurget
2901 2736 3125 2792 regnum
3179 2731 3360 2784 minus
3384 2741 3478 2789 tuo
3506 2753 3520 2790 :
3551 2747 3610 2791 et

2040 2803 2259 2858 tertium
2281 2819 2506 2876 regnum
2537 2808 2685 2863 aliud
2725 2824 2947 2878 aereum,
2988 2817 3130 2885 quod
3164 2819 3449 2890 imperabit
3481 2827 3607 2881 uui~

2036 2907 2208 2948 νθΐὸω
2231 2904 2277 2950 te
2285 2911 2408 2954 me.

2107 3007 2199 3062 40.
2237 3007 2304 3063 Et
2351 3024 2576 3079 regnum
2624 3024 2876 3083 quartum
2909 3017 3047 3075 forte
3093 3033 3151 3078 ut
3198 3024 3430 3092 ferrum,
3467 3029 3608 3085 sicut

2039 3096 2242 3154 ferrum
2305 3101 2533 3159 domans
2584 3107 2788 3173 omnia,
2841 3119 2895 3163 et
2959 3111 3101 3167 sicut
3148 3114 3348 3170 ferrum
3389 3135 3605 3176 omnem

1958 3201 2006 3265 ο
2035 3189 2285 3245 arborem
2302 3192 2600 3279 excideris,-
2630 3205 2684 3252 et
2713 3197 3022 3256 turbabitur
3039 3204 3292 3261 universa
3333 3213 3499 3266 terra.

2101 3371 2281 3428 4|.Et
2320 3383 2381 3429 ut
2431 3376 2612 3432 vidisti
2669 3380 2834 3449 pedes
2885 3381 3003 3450 ejus
3033 3393 3087 3439 et
3111 3385 3330 3455 digitos.
3393 3399 3610 3458 partem-

2032 3465 2248 3532 quidcm
2286 3467 2527 3538 aliquam
2564 3479 2715 3525 testa:
2741 3473 2942 3539 lictilis,
2978 3482 3186 3543 partem
3214 3493 3342 3532 vero
3366 3479 3602 3550 aliquam

2032 3554 2192 3625 ferri;
2264 3575 2490 3630 regnum
2555 3562 2702 3617 aliud
2768 3563 3004 3620 divisum
3053 3567 3151 3621 erit
3181 3567 3236 3621 in
3269 3569 3407 3638 ipso,
3443 3584 3602 3642 prout

2030 3647 2214 3704 vidisti
2252 3648 2460 3706 ferrum
2500 3653 2802 3710 admixtum
2830 3655 2992 3712 simul
3026 3657 3182 3715 littere
3223 3665 3403 3716 testae.

2103 3854 2192 3907 42.
2226 3855 2292 3910 Et
2320 3857 2473 3928 digiti
2509 3860 2707 3929 pedum
2748 3877 2876 3932 pars
2917 3865 3140 3934 quidem
3191 3867 3376 3939 aliqua
3406 3868 3617 3934 ferrea,-

2031 3957 2159 4012 pars
2189 3959 2319 3999 vero
2379 3948 2560 4016 aliqua
2591 3959 2760 4004 testea
2795 3970 2810 4004 :
2854 3969 2979 4022 pars
3003 3958 3251 4025 quaedam
3299 3961 3452 4032 regni
3501 3961 3605 4018 erit

2032 4033 2208 4104 fuitis,
2227 4049 2289 4092 et
2309 4053 2435 4107 pars
2468 4040 2838 4108 quaedam-erit
2865 4047 3118 4100 contrita.

2099 4223 2189 4277 45.
2231 4223 2298 4278 Et
2333 4224 2478 4281 sicut
2546 4227 2728 4284 vidisti
2789 4227 2996 4284 ferrum
3071 4230 3373 4285 admixtum
3439 4233 3603 4288 simul

2029 4313 2189 4370 luti-1e
2225 4325 2395 4384 teste,
2430 4321 2708 4376 commixti
2763 4331 2920 4377 erunt
2945 4322 3002 4376 in
3049 4323 3400 4393 generatione
3427 4324 3605 4380 homi-

2030 4420 2182 4472 num,
2213 4408 2307 4463 sed
2334 4423 2442 4464 non
2471 4420 2633 4465 erunt
2675 4414 3100 4479 consentientes,
3155 4427 3330 4483 neque
3372 4416 3603 4472 invicem

345 4503 438 4550 τες
473 4486 745 4557 ἀλλήλοις,
771 4487 961 4557 ὥσπερ
990 4486 1114 4541 οὐδὲ
1138 4489 1167 4540 6
1191 4487 1408 4559 σίδηρος
1430 4487 1652 4542 δύναται
1683 4505 1925 4562 συγκρα-

2029 4499 2436 4568 convenientes,
2489 4503 2632 4558 sicut
2680 4519 2856 4575 neque
2905 4505 3110 4561 ferrum
3169 4516 3349 4577 potest
3377 4512 3606 4566 commi-

347 4578 506 4648 θῆναι
528 4577 608 4647 τῷ
635 4578 906 4648 ὀστράκῳ.

415 4694 504 4748 Μ.
532 4693 642 4747 Καὶ
667 4694 725 4745 ὲν
756 4694 869 4756 τοῖς
891 4691 1104 4763 χρόνοις
1136 4692 1243 4745 τῶν
1269 4692 1533 4762 βασιλέων
1559 4693 1764 4748 τούτων
1795 4693 1924 4763 στὴ-

347 4787 475 4839 σειό
501 4785 632 4848 Θεὸς
653 4783 748 4836 τοῦ
771 4782 1004 4854 οὐρανοῦ
1035 4783 1316 4853 βασιλείαν
1346 4783 1512 4854 άλλην
1531 4826 1546 4851 ,
1580 4785 1617 4855 ἥ
1647 4803 1729 4849 τις
1768 4786 1922 4840 ἔσται

345 4880 424 4941 εἰς
453 4878 581 4940 τοὺς
602 4875 824 4940 αἰῶνας,
860 4875 954 4929 καὶ
978 4876 1037 4927 οὐ
1069 4873 1431 4947 φθαρήσεται,
1464 4875 1556 4927 καὶ
1579 4874 1717 4944 αὕτη
1757 4878 1789 4946 ἡ
1825 4877 1922 4946 βα-

347 4970 520 5024 σιλεία
549 4969 676 5024 ἄλλο
713 4969 863 5032 ἔθνος
879 4969 942 5021 οὐ
971 4968 1044 5039 μὴ
1079 4968 1235 5040 ἐάσῃ,
1269 4967 1499 5034 πατάξει
1525 4967 1581 5021 δὲ
1611 4969 1706 5021 καὶ
1729 4969 1919 5038 ἀφανί-

346 5077 430 5113 σει
465 5059 565 5123 τὰς
595 5058 871 5129 βασιλείας
895 5057 1118 5122 ταύτας,
1147 5057 1239 5110 καὶ
1269 5055 1408 5127 αὑτὴ
1437 5057 1691 5126 στήσεται
1726 5059 1804 5121 εἰς
1825 5059 1918 5110 τὸν

343 5151 534 5207 αἰῶνα.

413 5242 504 5297 45.
536 5240 801 5313 Καθάπερ
831 5239 1083 5314 ἑώρακας
1132 5238 1193 5306 ἐξ
1244 5239 1404 5310 ὅρους
1453 5239 1728 5311 τμηθῆναι
1769 5241 1916 5295 λίθον

342 5335 469 5390 ἄνευ
492 5332 716 5404 χειρῶν,
754 5333 849 5386 καὶ
878 5331 1196 5402 συνηλοίησε
1217 5330 1277 5384 τὸ
1308 5329 1572 5401 ὄστρακον
1592 5369 1608 5396 ,
1639 5332 1729 5384 τὸν
1770 5331 1917 5403 σίδηο

344 5442 458 5496 ρον,
487 5425 581 5478 καὶ
603 5424 695 5478 τδν
728 5423 949 5495 χαλκὸν,
979 5423 1073 5476 καὶ
1111 5423 1202 5475 τὸν
1241 5421 1500 5492 ἄργυρον,
1543 5421 1748 5476 καὶτὸν
1779 5441 1912 5494 χρυ-

344 5517 436 5570 σόν
455 5533 468 5547 ·
496 5520 524 5570 6
549 5517 679 5580 Θεὸς
711 5519 738 5570 6
775 5516 947 5586 μέγας
967 5515 1207 5585 ὲσήμανε
1241 5513 1317 5586 τῷ
1347 5513 1557 5585 βασιλεί
1586 5515 1653 5568 τὰ
1682 5516 1914 5586 ἐσόμενα

341 5609 425 5661 in”
454 5609 696 5678 ἐσχάτων
724 5607 833 5660 τῶν
859 5604 1084 5676 ἡμερῶν
1108 5622 1121 5637 ·
1144 5605 1237 5658 καὶ
1263 5605 1490 5677 ἀκριϐὲς
1516 5605 1576 5658 τὸ
1592 5605 1793 5676 ὅραμα,
1821 5608 1916 5659 καὶ

341 5698 508 5770 πιστὴ
530 5700 564 5769 ή
585 5697 774 5750 τούτου
800 5697 999 5767 κρίσις.

409 5789 498 5846 46.
534 5790 665 5843 Τότε
716 5787 1185 5858 Ναϐουχοδονόσορ
1231 5789 1259 5840 ὁ
1307 5787 1558 5858 βασιλεὺς
1605 5787 1786 5842 πεσὼν
1819 5789 1912 5843 ἐπὶ

666 5883 934 5946 Ριτιιοι.
989 5882 1103 5942 Gn.
1167 5881 1339 5945 XVI.

2029 4590 2169 4645 sceri
2200 4597 2370 4646 testae.

2093 4701 2184 4754 Η.
2248 4701 2315 4758 Et
2355 4703 2412 4756 in
2464 4706 2803 4775 temporibus
2855 4723 3042 4775 regum
3107 4710 3336 4764 istorum
3404 4720 3608 4766 statuet

2025 4789 2168 4846 Deus
2195 4792 2316 4846 σω.Ιί
2347 4809 2572 4863 regnum
2604 4797 2776 4862 aliud,
2798 4799 2942 4866 quod
2968 4799 3070 4853 erit
3097 4799 3150 4852 in
3176 4801 3393 4865 saecula,
3421 4810 3474 4854 ct
3499 4818 3603 4854 non

2023 4882 2405 4953 dissipabitur,
2446 4887 2627 4942 ethoc
2652 4904 2877 4960 regnum
2919 4891 3081 4944 aliam
3109 4899 3321 4959 gentem
3359 4907 3466 4945 non
3513 4909 3609 4962 pa-

2023 4974 2228 5027 tietur:
2267 4977 2534 5043 percutiet
2566 4989 2769 5045 autem,
2805 4989 2860 5034 et
2881 4981 3145 5036 dcsolabit
3177 4997 3340 5051 regna
3365 4982 3501 5050 haec,
3553 4991 3608 5041 et

2026 5064 2206 5133 ipsum
2232 5067 2402 5122 stabit
2434 5069 2486 5123 in
2520 5079 2808 5125 aeternum.

2092 5251 2188 5305 45.
2221 5249 2694 5317 Quemadmodum
2748 5251 2927 5306 vidisti
2987 5253 3054 5306 dc
3121 5263 3306 5310 monte
3372 5254 3605 5312 scissum

2021 5342 2254 5413 lapidem
2309 5343 2428 5397 sine
2484 5342 2756 5405 manibus,
2779 5351 2833 5395 et
2861 5342 3186 5398 comminuit
3226 5355 3446 5416 testam,
3499 5347 3607 5403 fer-

2018 5451 2163 5499 rum,
2191 5446 2247 5490 et
2283 5451 2379 5502 $5,
2419 5443 2476 5489 et
2503 5441 2812 5504 argentum,
2843 5443 2896 5486 Cl.
2934 5449 3128 5488 aurum
3157 5453 3172 5503 ς
3199 5435 3343 5494 Deus
3371 5455 3600 5508 magnus

2019 5527 2354 5598 signiﬁcavit
2387 5525 2498 5594 regi
2528 5539 2650 5593 quae
2688 5521 2870 5577 futura
2900 5533 3029 5578 sunt
3055 5526 3108 5579 in
3133 5529 3447 5584 novissimis
3478 5530 3598 5584 die-

2021 5615 2125 5669 bus
2185 5632 2200 5666 :
2259 5621 2493 5667 ct'certa
2531 5620 2614 5665 est
2654 5611 2813 5676 visio,
2868 5621 2922 5666 et
2948 5611 3119 5670 ﬁdelis
3149 5617 3313 5688 hujus
3338 5619 3606 5694 interpre-

2023 5705 2177 5758 talio.
3553 5769 3567 5781 γ

2086 5787 2354 5844 bii-Tunc
2397 5785 2908 5845 Nabuchodonosor
2947 5805 3042 5847 rex
3077 5793 3278 5850 cadens
3309 5794 3366 5848 ir.
3409 5795 3604 5850 faciem

3191 5880 3304 5946 ⁴88
