4064 6406
451 392 590 449 9⁸755
1493 398 1966 459 HEXAPLORUM

2105 399 2169 457 ΛΕ
2209 401 2644 459 SUPERSUNT.
3561 400 3701 455 87M

448 512 623 575 humi,
666 510 913 565 adoravit
952 509 1247 579 Danielem,
1274 523 1325 567 et
1355 516 1629 583 pracepit,
1657 525 1715 568 ut
1758 516 2000 569 sacritlci:

2127 515 2417 585 πρόσωπον
2453 514 2649 585 χαμαὶ,
2685 514 3057 587 προσεκύνησα
3102 514 3180 585 τῷ
3223 512 3444 586 Δανιὴλ,
3480 515 3575 567 καὶ
3613 516 3700 569 ιπ-

443 613 496 658 et
531 603 787 658 libamina
821 602 1062 661 facerent
1099 605 1171 660 ei.

512 694 601 746 47.
636 693 702 748 Ει
727 694 1042 750 exclamans
1072 711 1163 750 rex
1218 695 1285 750 ad
1344 695 1619 753 Danielem
1665 699 1843 754 dixit:
1882 697 2017 754 Vere

438 794 522 840 est
542 784 685 842 Deus
724 794 903 842 vester
950 786 1094 844 Deus
1128 788 1377 853 deorum,
1406 799 1459 844 et
1499 790 1759 846 Dominus
1804 806 2013 861 regum,

437 876 532 947 qui
572 875 831 947 patefacit
882 879 1138 949 mysteria
1194 879 1514 934 abscondita
1556 881 1727 946 solus,
1767 882 1893 951 quia
1920 897 2013 951 po-

438 970 590 1024 tuisti
620 969 974 1025 manifestare
997 970 1316 1041 mysterium
1358 971 1479 1026 hoc.

507 1060 596 1115 48.
642 1058 796 1116 Tunc
822 1076 914 1116 rex
944 1059 1448 1117 Nabuchodonosor
1470 1060 1746 1117 Danielem
1767 1062 2015 1133 magniﬁ-

433 1165 585 1216 cans,
604 1162 659 1208 et
684 1153 821 1208 dans
846 1152 985 1208 dona
1011 1168 1203 1223 magna
1245 1162 1299 1209 et
1327 1154 1520 1219 multa,
1538 1155 1822 1210 constituit
1847 1169 2014 1225 super

435 1241 653 1309 negotia
693 1240 1003 1310 Babylonis,
1029 1249 1083 1294 et
1110 1241 1403 1296 declaravit
1459 1257 1583 1296 eum
1617 1242 1918 1312 principem
1959 1253 2014 1298 et

433 1330 626 1387 ducem
661 1334 904 1388 omnium
941 1333 1311 1403 sophistarum
1348 1332 1655 1404 Babylonis.

499 1511 589 1568 ιο.
621 1511 688 1567 Et
716 1511 904 1568 Daniel
958 1514 1169 1583 rogavit
1216 1529 1421 1585 regem,
1464 1524 1524 1569 ut
1546 1514 2010 1570 constituerentur

430 1618 597 1675 super
648 1606 864 1676 negotia
921 1604 1215 1677 Babylonis
1256 1605 1521 1669 Sedrach,
1573 1607 1798 1673 Misach,
1838 1608 2009 1663 Abde-

433 1709 572 1765 nago
603 1713 616 1748 :
645 1704 698 1750 et
732 1695 917 1750 Daniel
957 1706 1073 1751 erat
1105 1696 1158 1751 in
1196 1698 1342 1767 regia
1364 1699 1508 1752 aula.

1028 1926 1253 1984 CAPUT
1296 1929 1388 1984 lll.

499 2045 552 2100 1.
590 2045 748 2099 Anno
784 2044 1158 2099 decimoctavo
1211 2044 1719 2101 Nabuchodonosor
1768 2062 1859 2103 rex
1901 2064 2001 2120 gu-

429 2134 667 2192 bernans
713 2135 993 2196 civitates,
1054 2142 1109 2190 et
1174 2136 1447 2206 regiones,
1508 2146 1561 2194 et
1618 2152 1811 2196 omnes
1849 2140 2002 2196 habb-

429 2235 607 2283 tantes
636 2242 798 2296 super
822 2238 1020 2281 terram
1050 2227 1119 2282 ab
1152 2226 1330 2283 Indica
1368 2245 1542 2299 usque
1575 2231 1641 2284 ad
1665 2230 2001 2303 Ethiopiam

427 2319 554 2375 fecit
588 2319 878 2388 imaginem
934 2335 1158 2375 auream
1196 2340 1208 2376 :
1252 2321 1482 2377 altitudo
1526 2322 1646 2392 ejus
1693 2324 2000 2379 cubitorum

426 2426 521 2467 sex
559 2430 572 2466 :
614 2420 663 2465 et
700 2412 888 2467 statuit
926 2427 1047 2468 eam
1079 2413 1132 2466 in
1163 2426 1356 2481 campo
1387 2413 1577 2467 vivarii
1635 2415 1872 2484 regionis
1901 2413 2006 2467 Ba-

427 2501 662 2573 bylonis.

496 2642 551 2696 2.
581 2640 646 2697 Et
698 2641 1201 2699 Nabuchodonosor
1250 2659 1342 2698 rex
1397 2659 1584 2713 regum
1632 2652 1684 2696 et
1727 2644 2000 2714 imperans

428 2732 548 2789 orbi
589 2742 856 2789 terrarum
888 2736 1011 2800 toti,
1040 2734 1188 2790 misit
1216 2734 1283 2789 ad
1310 2734 1749 2805 congregandum
1782 2732 2000 2789 univer-

428 2844 518 2883 sas
551 2838 766 2899 gentes,
806 2837 860 2883 et
901 2827 1093 2891 tribus,
1134 2838 1188 2883 et
1227 2828 1460 2896 linguas,
1503 2834 1769 2896 satrapas,
1811 2827 1997 2894 duces,

427 2921 738 2990 toparchas,
797 2930 851 2975 et
918 2920 1191 2983 consules,
1230 2917 1533 2987 praefectos,
1564 2927 1616 2972 et
1643 2934 1758 2983 eos,
1812 2920 1905 2989 qui
1945 2920 1997 2974 in

424 3014 784 3082 potestatibus
834 3011 1118 3068 constituti
1147 3025 1242 3080 per
1273 3009 1568 3080 regionem,
1598 3019 1651 3066 et
1691 3014 1995 3077 universos,

423 3104 517 3171 qui
544 3111 700 3157 erant
727 3117 820 3171 per
848 3101 1034 3156 orbem
1063 3108 1353 3165 terrarum,
1384 3106 1443 3153 ut
1473 3100 1719 3156 venirent
1749 3102 1817 3156 ad
1846 3102 1999 3157 dedi-

2122 604 2276 671 ἐταξε
2304 603 2495 669 θυσίας
2521 605 2614 658 καὶ
2637 605 2868 670 σπονδὰς
2893 606 3114 676 ποιῆσαι
3145 605 3317 675 αὐτῷ.

2190 696 2279 750 47.
2316 697 2428 750 Kal
2461 697 2781 770 ὲκφωνήσας
2817 700 2846 751 6
2876 697 3126 767 βασιλεὺς
3172 698 3307 766 πρὸς
3361 697 3453 751 τὸν
3496 697 3687 768 Δανιὴλ

2118 781 2269 839 εἶπεν
2290 806 2302 818 ·
2335 787 2452 840 Ἐπ’
2465 787 2656 858 ἀληθεῖ
2675 790 2822 842 ἐστὶν
2852 790 2879 842 6
2900 788 3031 853 Θεὸς
3055 789 3208 860 ὑμῶν
3236 788 3368 851 Θεὸς
3390 789 3500 842 τῶν
3533 789 3690 854 θεῶν,

2118 878 2210 930 καὶ
2239 877 2443 948 Κύριος
2472 878 2579 932 τῶν
2610 879 2891 948 βασιλέων,
2922 882 2951 934 6
2973 879 3247 950 ἑκφαίνων
3271 881 3547 951 μυστήρια
3567 898 3700 952 κρυ-

2119 968 2227 1022 πτὰ
2246 970 2427 1039 μόνος,
2449 971 2531 1023 ὅτι
2552 969 2849 1041 ἐδυνάσθης
2865 970 3104 1041 δηλῶσαι
3124 971 3184 1024 τὸ
3207 971 3503 1044 μυστήριον
3520 973 3696 1027 τοῦτο.

2187 1059 2276 1114 48.
2307 1060 2441 1113 Τότε
2468 1063 2497 1114 6
2523 1060 2778 1131 βασιλεὺς
2809 1078 2868 1117 -ι-
2903 1061 3369 1134 Ναϐουχοδονόσορ
3401 1066 3454 1132 /.
3499 1065 3697 1135 Δανιὴλ

2118 1152 2448 1222 μεγαλύνας,
2487 1155 2580 1208 καὶ
2612 1154 2737 1218 δοὺς
2775 1153 2983 1226 δωρεὰς
3033 1155 3279 1223 μεγάλας
3325 1156 3420 1209 καὶ
3449 1156 3647 1219 πολλὰς
3678 1198 3695 1221 ι

2116 1245 2451 1313 κατέστησεν
2498 1246 2591 1299 ἐπὶ
2627 1245 2737 1299 τῶν
2789 1247 3134 1317 πραγμάτων
3160 1248 3257 1316 τῆς
3306 1248 3653 1311 Βαϐυλωνὶας
3679 1291 3695 1315 ,

2114 1336 2206 1389 καὶ
2232 1336 2517 1403 ἀπέδειξεν
2545 1337 2708 1392 αὑτὸν
2736 1339 2975 1408 ἄρχοντα
3008 1338 3102 1391 καὶ
3145 1339 3446 1409 ἡγούμενον
3478 1340 3700 1393 πάντων

2111 1426 2221 1480 τῶν
2257 1428 2527 1495 σοφιστῶν
2557 1428 2922 1493 Βαϐυλωνίας.

2182 1518 2270 1573 49.
2304 1520 2417 1572 Καὶ
2444 1520 2640 1592 Δανιὴλ
2675 1520 2873 1591 ἠξίωσε
2904 1523 2995 1575 τὸν
3025 1521 3273 1592 βασιλέα,
3310 1523 3398 1576 ἵνα
3430 1538 3699 1576 καταστα-

2111 1608 2278 1664 θῶσιν
2308 1613 2401 1665 ἐπὶ
2431 1612 2540 1666 τῶν
2570 1614 2916 1685 πραγμάτων
2947 1615 3045 1685 τῆς
3076 1614 3421 1678 Βαϐυλωνίας
3464 1616 3693 1686 Σεδρά,ι,

2109 1700 2327 1772 Μισάχ,
2372 1704 2676 1775 Ἀϐδεναγώ
2698 1723 2711 1737 ·
2755 1706 2848 1762 καὶ
2886 1706 3084 1775 Δανιὴλ
3114 1702 3182 1777 ἦν
3232 1708 3291 1760 ιν
3321 1709 3385 1777 τῇ
3440 1706 3689 1778 βασιλικῇ

2111 1793 2268 1865 αὐλῇ.

2650 1940 3041 1994 ΚΕΦΑΛΑΙΟΝ
3079 1941 3149 1994 Γ.

2182 2048 2233 2101 1.
2291 2063 2353 2105 -t-
2396 2050 2589 2115 Ἐτους
2628 2053 3096 2109 ὀκτωκαιδεκάτου
3133 2057 3190 2126 /.
3224 2055 3695 2126 Ναϐουχοδονόσορ

2112 2136 2363 2209 βασιλεὺς
2394 2155 2455 2227 τι-
2475 2142 2693 2198 διοικῶν
2717 2145 2898 2209 πόλεις
2924 2160 2987 2201 +
3017 2147 3112 2200 καὶ
3138 2146 3344 2218 χώρας,
3369 2147 3462 2199 καὶ
3484 2146 3695 2210 πάντας

2109 2272 2235 2334 τοὺς
2273 2256 2661 2337 κατοικοῦντας
2679 2275 2772 2329 ἐπὶ
2799 2278 2898 2348 τῆς
2928 2279 3033 2348 γῆς
3060 2277 3167 2330 ἀπὸ
3208 2277 3435 2345 Ἰνδικῆς
3469 2277 3574 2341 ἓως
3594 2278 3694 2329 Αἰ-

2112 2359 2330 2425 θιοπίας
2365 2364 2423 2434 /.
2456 2365 2714 2434 ἐποίησεν
2763 2366 2947 2418 εἰκόνα
2983 2366 3191 2435 χρυσῆν
3217 2382 3231 2395 ·
3265 2368 3326 2419 τὸ
3356 2366 3488 2433 ὕψος
3520 2366 3694 2432 αὐτῆς

2111 2451 2303 2521 πηχῶν
2329 2452 2389 2517 ἓξ
2408 2469 2423 2483 ⁸
2450 2454 2543 2505 καὶ
2570 2454 2799 2524 ἔστησεν
2828 2456 2998 2526 αὐτὴν
3041 2457 3100 2507 ὲν
3134 2456 3304 2523 πεδίῳ
3338 2455 3431 2506 τοῦ
3467 2457 3692 2524 περιϐό-

2109 2541 2200 2593 λου
2227 2541 2410 2613 χὼρας
2438 2542 2805 2606 Βαϐυλωνίας.

2178 2631 2233 2685 2.
2264 2631 2375 2685 Καὶ
2416 2632 2886 2705 Ναϐουχοδονόσορ
2940 2633 3192 2705 βασιλεὺς
3233 2649 3290 2689 οι-
3330 2633 3593 2702 βασιλέων
3623 2648 3679 2687 -ιν

2109 2722 2202 2775 καὶ
2232 2721 2501 2793 κυριεύων
2536 2723 2637 2792 τῆς
2664 2724 2987 2795 οἰκουμένης
3023 2740 3084 2779 -ε-
3111 2724 3242 2795 ὅλης
3284 2725 3339 2794 /.
3368 2722 3690 2775 ἀπέστειλεν

2108 2816 2531 2884 ἐπισυναγαγεῖν
2570 2831 2626 2870 -ιρ
2673 2817 2853 2870 πάντα
2896 2817 2964 2869 τὰ
2995 2816 3145 2886 ἔθνη,
3178 2816 3273 2869 καὶ
3321 2813 3561 2883 φυ-ι-λὰς
3594 2816 3686 2868 καὶ

2106 2906 2356 2975 γλώσσας
2381 2908 2437 2977 /.
2496 2909 2800 2977 σατράπας,
2854 2908 3213 2979 στρατηγοὺς,
3263 2905 3564 2976 τοπάρχας,
3594 2906 3683 2957 καὶ

2113 2998 2367 3061 ὑπάτους,
2402 2999 2701 3062 διοικητάς,
2737 2999 2831 3052 καὶ
2862 2998 2988 3062 τοὺς
3018 2998 3106 3050 ἐπ’
3133 2994 3390 3061 ἐξουσιῶν
3415 2995 3556 3049 κατὰ
3580 2995 3683 3064 xvir-

2109 3104 2228 3159 ραν,
2270 3088 2365 3140 καὶ
2400 3087 2607 3151 πάντας
2640 3088 2764 3152 τοὺς
2800 3087 2942 3140 κατὰ
2988 3086 3088 3158 τὴν
3135 3085 3481 3156 οἰκουμένην,
3514 3085 3685 3138 ἐλθεῖν

425 3194 693 3249 cationem
726 3193 979 3263 imaginis
1001 3206 1201 3258 aureae,
1238 3208 1401 3263 quam
1424 3200 1688 3249 statuerat
1706 3190 1971 3249 Nabucho

2105 3180 2186 3242 εἰς
2220 3179 2311 3233 τὸν
2336 3178 2688 3250 ὲγκαινισμὸν
2710 3179 2809 3249 τῆς
2835 3179 3039 3243 εἰκόνος
3064 3178 3164 3249 τῆς
3182 3179 3406 3250 χρυσῆς,
3441 3180 3506 3250 ἣν
3528 3179 3686 3246 ἔστη-

425 3286 666 3341 donosor
686 3301 800 3341 rex.

494 3375 547 3430 5.
578 3372 735 3431 Tunc
765 3375 1077 3446 congregati
1135 3383 1263 3431 sunt
1294 3375 1569 3442 consules,
1610 3375 1800 3440 duces,
1831 3385 2003 3447 topar-

424 3469 559 3533 chaa,
607 3476 887 3538 praetores,
947 3466 1187 3539 tyranni.
1233 3465 1418 3536 magni
1453 3466 1505 3520 in
1533 3468 1918 3535 potestatibus,
1949 3478 2003 3523 et

424 3575 617 3617 omnes
662 3559 936 3630 principes
983 3557 1291 3628 regionum.
1333 3568 1392 3612 ut
1418 3558 1663 3614 venirent
1688 3558 1753 3613 ad
1778 3560 2001 3614 dedica-

422 3652 627 3706 tionem
672 3649 949 3720 imaginis,
995 3663 1161 3720 quam
1203 3655 1465 3703 statuerat
1493 3646 2002 3705 Nabuchodonosor

422 3755 542 3805 rex,
560 3748 614 3796 et
628 3748 893 3796 steterunt
911 3741 1001 3811 qui
1019 3740 1278 3810 adscripti
1302 3749 1460 3795 erant
1479 3742 1530 3794 in
1551 3753 1842 3813 conspectu
1861 3742 2000 3797 ima-

424 3832 566 3903 ginis
587 3848 752 3902 quam
791 3840 1057 3888 statuerat
1091 3830 1615 3888 Nabuchodonosor.

491 4013 548 4066 4.
575 4010 643 4067 Et
678 4026 853 4082 praeco
886 4011 1248 4081 promulgavit
1278 4010 1453 4068 turbis
1484 4028 1497 4075 ;
1544 4011 1710 4068 Vobis
1745 4013 1995 4071 edicitur.

421 4115 608 4175 gentes
646 4113 700 4159 et
723 4104 995 4176 regiones,
1022 4103 1231 4174 populi,
1259 4111 1309 4158 et
1338 4103 1555 4174 linguae.

491 4196 545 4252 5.
580 4194 648 4252 Ut
674 4211 799 4253 cum
867 4194 1151 4252 audieritis
1208 4208 1395 4249 vocem
1454 4194 1621 4261 tubas,
1677 4194 1892 4262 fistulae,
1944 4205 1996 4250 et

417 4289 664 4353 cithara,
726 4288 1025 4351 sambucas,
1087 4294 1143 4341 et
1202 4284 1467 4355 psalterii,
1520 4285 1882 4356 symphoniae,
1943 4297 1997 4341 et

416 4382 657 4439 universi
715 4380 929 4452 generis
985 4378 1327 4435 musicorum
1358 4414 1375 4443 ,
1440 4376 1697 4432 cadentes
1759 4377 1999 4433 adoretis

419 4472 715 4543 imaginem
753 4484 997 4533 auream,
1037 4481 1199 4538 quam
1258 4466 1451 4522 statuit
1487 4464 1997 4523 Nabuchodonosor

417 4576 535 4617 rex.

486 4650 541 4706 6.
583 4647 925 4718 Quicumque
984 4654 1165 4702 autem
1229 4663 1339 4703 non
1393 4646 1596 4703 cadens
1668 4644 1995 4711 adoraverit,

415 4746 606 4804 eadem
660 4741 794 4797 hora
833 4739 1078 4812 injicient
1109 4755 1232 4795 eum
1274 4740 1327 4795 in
1371 4739 1647 4795 fornacem
1709 4738 1849 4807 ignis
1902 4752 1994 4791 ar-

415 4836 636 4982 «sic;
658 4924 712 4978 in
740 4931 983 4993 tempore
1036 4922 1149 4987 illo,
1199 4923 1420 4994 quando
1459 4923 1750 4979 audierunt
1801 4940 1992 4979 omnes

413 5032 600 5092 gentes
637 5032 828 5074 vocem
851 5018 1016 5083 tubae,
1043 5016 1258 5085 fistulae,
1282 5026 1337 5071 et
1363 5016 1608 5089 citharae,
1648 5017 1921 5072 sambucze
1940 5028 1993 5071 et

413 5108 653 5179 psalterii
687 5114 741 5161 et
782 5105 962 5161 omnis
1017 5105 1233 5161 sonitus
1295 5105 1632 5160 musicorum
1665 5145 1678 5167 ,
1737 5106 1992 5160 cadentes

411 5215 605 5255 omnes
638 5206 850 5271 gentes,
881 5197 1079 5263 tribus,
1111 5204 1165 5250 et
1192 5195 1394 5268 linguae
1434 5195 1798 5251 adoravcrunt
1852 5197 1990 5250 ima-

412 5291 596 5360 ginem
615 5304 861 5354 auream,
874 5304 1039 5358 quam
1065 5296 1330 5345 statuerat
1347 5286 1854 5343 Nabuchodonosor
1873 5303 1989 5351 rex,

418 5380 474 5435 in
501 5388 798 5449 conspectu
830 5378 972 5447 ejus.

480 5554 536 5610 8.
570 5553 629 5610 In
654 5554 749 5611 illo
804 5562 1046 5623 tempore
1098 5556 1420 5614 accedentes
1472 5557 1573 5611 viri
1634 5556 1989 5612 Chaldzeica-

409 5649 658 5704 lumniati
683 5658 812 5705 sunt
847 5646 1087 5706 Judaeos.

480 5741 532 5796 9.
561 5741 628 5796 Et
642 5741 999 5811 suscipientes
1026 5740 1282 5796 dixerunt
1308 5740 1821 5815 Nabuchodonosor.
1838 5743 1948 5812 regi
1973 5762 1985 5797 :

411 5834 640 5891 Domine
662 5848 780 5898 rex,
814 5832 870 5888 in
891 5840 1151 5889 azternum
1180 5833 1321 5891 vive.

2106 3288 2197 3324 σεν
2230 3270 2703 3341 Ναϐουχοδονόσορ
2736 3270 2765 3322 6
2790 3269 3065 3339 βασιλεύς.

2172 3365 2225 3418 3.
2261 3365 2328 3431 Ἀ(
2356 3361 2488 3415 Τότε
2521 3361 2866 3434 συνήχθησαν
2896 3360 3112 3429 ὓπατοι,
3139 3363 3455 3433 στρατηγοὶ,
3491 3361 3686 3431 sonip-

2104 3459 2171 3523 x
2201 3472 2313 3526 χαι,
2333 3454 2649 3524 ἡγούμενοι,
2685 3453 2975 3525 τύραννοι,
3028 3454 3251 3524 μεγάλοι
3288 3455 3375 3506 ἐπ’
3403 3452 3682 3518 ἐξουσιῶν,

2103 3552 2169 3616 κ(
2197 3548 2291 3601 καὶ
2325 3547 2523 3610 πάντες
2556 3549 2603 3600 οἰ
2627 3545 2885 3618 ἄρχοντες
2911 3546 3019 3602 τῶν
3043 3548 3258 3620 χωρῶν,
3288 3544 3381 3599 τοῦ
3409 3545 3581 3599 ἐλθεῖν
3605 3546 3686 3609 εἰς

2104 3642 2171 3708 )K
2197 3639 2288 3692 τὸν
2314 3636 2667 3709 ὲγκαινισμὺν
2693 3637 2792 3709 τῆς
2824 3636 3048 3701 εἰκόνος,
3083 3632 3152 3708 ἦς
3181 3636 3377 3708 ἔστησε
3404 3634 3685 3704 Ναϐουχο-

2101 3733 2171 3799 )K
2203 3730 2421 3801 δονόσορ
2443 3731 2473 3781 6
2512 3729 2765 3800 βασιλεὺς
2800 3728 2855 3798 /.
2891 3743 2949 3783 -ι-
2982 3729 3075 3782 καὶ
3100 3729 3334 3799 ἔστησαν
3367 3730 3414 3780 οἰ
3450 3744 3685 3796 προσγε-

2099 3822 2411 3893 γραμμένοι
2441 3820 2731 3876 κατέναντι
2755 3819 2853 3890 τῆς
2878 3820 3086 3883 εἰκόνος
3127 3822 3193 3887 χ
3227 3814 3295 3890 ἦς
3329 3818 3522 3888 ἔστησε
3572 3817 3685 3871 Να-

2101 3911 2480 3982 ϐουχοδονόσορ
2510 3912 2568 3982 /.

2169 4004 2223 4058 4.
2256 4004 2367 4058 Καὶ
2394 4006 2423 4057 6
2446 4003 2620 4076 κήρυξ
2649 4000 2884 4073 ἐκήρυξε
2900 4004 3008 4065 τοῖς
3030 4001 3207 4071 ὄχλοις
3228 4016 3242 4032 ’
3285 4001 3446 4071 Ὑμῖν
3473 4018 3687 4072 παραγε-

2098 4096 2368 4166 γέλλεται,
2393 4095 2543 4167 ἔθνη,
2570 4094 2664 4149 καὶ
2689 4092 2884 4166 χῶραι,
2920 4093 3061 4160 λαοὶ,
3092 4095 3186 4147 καλ¹
3216 4092 3477 4161 γλῶσσαι.

2170 4187 2224 4243 5.
2263 4188 2381 4241 "01.“
2407 4186 2476 4242 ἂν
2523 4186 2794 4256 ἀκούσητε
2841 4187 2943 4257 τῆς
2990 4186 3173 4258 φωνῆς
3226 4186 3326 4255 τῆς
3359 4184 3680 4253 σάλπιγγος,

2100 4279 2380 4351 σύριγγος,
2403 4277 2499 4332 καὶ
2526 4276 2794 4349 κιθάρας,
2843 4276 3165 4348 σαμϐύκης,
3209 4276 3303 4330 καὶ
3341 4275 3642 4347 ψαλτηρίου
3663 4313 3678 4339 ,

2100 4369 2439 4442 συμφωνίας,
2473 4368 2569 4422 καὶ
2598 4367 2800 4431 παντὸς
2833 4366 3024 4437 γένους
3065 4367 3362 4436 μουσικῶν,
3423 4366 3679 4431 πεσόντες

2098 4458 2516 4530 προσκυνήσατε
2545 4458 2611 4527 τῇ
2636 4456 2806 4510 εἰκόνι
2833 4459 2901 4528 τῇ
2924 4458 3120 4528 χρυσῇ,
3153 4457 3218 4528 ἣν
3243 4455 3437 4527 ἔστησε
3468 4457 3682 4510 Ναϐου-

2028 4522 2074 4578 D
2101 4522 2381 4616 χοδονόσορ
2412 4522 2687 4615 βασιλεύς.

2173 4637 2224 4691 6.
2257 4638 2365 4691 Καὶ
2403 4639 2511 4703 πᾶς
2541 4638 2601 4701 ὃς
2628 4637 2694 4692 ἂν
2720 4637 2794 4709 μὴ
2833 4638 3014 4693 πεσὼν
3056 4642 3408 4711 προσκυνήσῃ
3448 4643 3507 4707 χ
3542 4639 3677 4709 αὐτῇ

2095 4728 2161 4802 τῇ
2187 4731 2305 4802 ῶρᾳ
2334 4730 2662 4800 ἐμϐαλοῦσιν
2683 4729 2845 4784 αὑτὸν
2877 4731 2958 4794 εἰς
2987 4731 3083 4802 τὴν
3111 4732 3343 4801 κάμινον
3380 4731 3474 4784 τοῦ
3510 4731 3679 4802 πυρὸς

2095 4824 2193 4895 τὴν
2224 4824 2541 4893 καιομένην.

2168 4915 2219 4968 7.
2247 4915 2356 4967 Kal
2386 4916 2442 4967 ὲν
2474 4915 2549 4983 τῷ
2571 4914 2749 4985 καιρῷ
2775 4914 2990 4987 ἐκείνῳ,
3016 4916 3105 4968 ὅτε
3144 4916 3382 4987 ἥκουσαν
3404 4914 3582 4968 πάντα
3607 4913 3678 4967 τὰ

2095 5005 2221 5077 ἔθνη
2251 5006 2349 5076 τῆς
2384 5008 2565 5077 φωνῆς
2595 5006 2695 5076 τῆς
2741 5006 3041 5075 σάλπιγγος
3082 5010 3150 5076 >ε<
3191 5006 3451 5078 σύριγγός
3494 5023 3551 5059 τε
3580 5007 3678 5060 καὶ

2094 5099 2346 5171 κιθάρας,
2383 5096 2670 5169 σαμϐύκης
2698 5100 2764 5165 ῖς(
2788 5115 2846 5150 τε
2876 5098 2970 5152 καὶ
2993 5098 3292 5169 ψαλτηρίου
3322 5101 3376 5167 /.
3411 5097 3505 5152 ml
3536 5116 3672 5152 παν-

2093 5192 2183 5255 τδς
2207 5192 2338 5263 ήχου
2374 5190 2670 5262 μουσικῶν,
2714 5188 2981 5243 πίπτοντα
3009 5189 3187 5243 πάντα
3210 5189 3278 5243 τὰ
3305 5189 3455 5260 ἔθνη,
3488 5189 3673 5258 φυλαὶ,

2094 5285 2189 5337 καὶ
2220 5282 2464 5351 γλῶσσαι
2501 5280 2915 5353 προσεκύνησαν
2948 5282 3013 5352 τῇ
3044 5280 3214 5334 εἰκόνι
3262 5283 3326 5353 τῇ
3373 5282 3571 5353 χρυσῇ,
3609 5280 3676 5351 ἦν

2092 5374 2288 5444 ἔστησε
2333 5371 2806 5443 Ναϐουχοδονόσορ
2856 5374 2923 5439 Β(
2975 5374 3001 5425 6
3041 5371 3297 5442 βασιλεὺς
3321 5413 3336 5437 ,
3387 5372 3677 5426 κατέναντι

2093 5464 2306 5519 τούτου.

2164 5558 2217 5613 8.
2262 5558 2349 5612 Ἐν
2373 5557 2566 5629 ἐκείνῳ
2595 5557 2671 5628 τῷ
2696 5557 2873 5630 καιρῷ
2903 5557 3288 5631 προσελθόντες
3311 5556 3504 5627 ἄνδρες
3531 5553 3676 5606 Χαλ-

2091 5649 2229 5703 δαῖοι
2255 5648 2498 5703 διέϐαλον
2523 5651 2647 5713 τοὺς
2684 5646 2990 5713 Ἰουδαίους.

2162 5740 2216 5796 9.
2247 5742 2359 5797 Καὶ
2384 5740 2741 5803 ὑπολαϐόντες
2769 5737 2920 5797 εἷπον
2967 5746 3035 5812 χ
3078 5736 3549 5812 Ναϐουχοδονόσορ
3595 5736 3675 5810 τῷ

2097 5832 2320 5902 βασιλεῖ’
2364 5831 2533 5904 Κύριε
2572 5830 2812 5902 βασιλεῦ,
2846 5832 2924 5896 εἰς
2955 5832 3047 5886 τὸν
3077 5832 3247 5886 αἰῶνα
3276 5830 3420 5903 ζῆθι.
