4064 6450
377 447 523 504 2785

1655 421 1908 479 ῡΑΝιει.
1945 418 2176 472 CAPUT
2208 418 2296 474 Ill.

3422 432 3423 435 η
3506 412 3646 468 2785

444 555 532 611 10.
560 555 656 620 Σὺ,
691 552 931 625 βασιλεῦ,
957 549 1295 622 προσέταξας
1313 547 1409 601 καὶ
1446 546 1688 619 ἔκρινας,
1720 544 1809 598 ινα
1846 542 1953 606 πᾶς

2129 537 2218 592 10.
2251 538 2355 601 Τυ,
2383 554 2500 601 rex,
2531 537 2798 594 mandasti
2822 546 2877 591 et
2899 537 3211 600 decrevisti,
3247 542 3305 588 ut
3336 531 3515 588 omnis
3549 530 3647 583 ho-

372 645 679 717 ἅνθρωπος,
718 644 776 708 ὃς
801 643 866 698 ἂν
906 643 1115 714 ἀκούσῃ
1154 642 1257 711 τῆς
1290 638 1474 709 φωνῆς
1504 636 1603 706 τῆς
1656 636 1954 703 σάλπιγγος

374 739 443 804 χ
472 735 730 807 σύριγγός
769 752 831 788 τε
875 738 972 789 καὶ
1013 732 1304 804 σαμϐύκης
1338 733 1407 799 x
1443 726 1708 799 κιθάρας,
1745 724 1955 795 ψαλτη-

374 827 493 897 ρίου
528 827 585 897 /.
621 827 716 881 xui.
745 826 944 890 παντὸς
986 825 1123 897 ἧχου
1173 822 1470 896 μουσικῶν,
1512 818 1694 874 πεσὼν
1718 833 1960 890 προσκυ-

375 919 512 991 νήσῃ
540 921 607 990 τῇ
647 920 815 972 εικόνι
838 921 906 989 τῇ
938 919 1138 988 χρυσῇ.

446 1008 534 1061 11.
573 1007 679 1063 Καὶ
712 1007 770 1071 ὃς
793 1006 860 1061 ἂν
894 1007 969 1077 μὴ
1002 1004 1187 1059 πεσὼν
1208 1003 1584 1077 προσκυνήσῃ,
1612 999 1957 1072 ἔμϐληθήσε-

370 1115 459 1153 ται
486 1101 566 1162 εἰς
592 1098 690 1170 τὴν
708 1100 940 1169 κάμινον
972 1096 1066 1150 τοῦ
1096 1096 1269 1167 πυρὸς
1301 1090 1401 1166 τὴν
1423 1091 1740 1163 καιομένην.

447 1191 537 1245 12.
568 1191 690 1244 Εἰσὶ
717 1190 775 1244 δέ
804 1207 948 1253 τινες
975 1189 1167 1261 ἄνδρες
1199 1187 1463 1250 Ἰουδαῖοι,
1492 1183 1587 1248 οὒς
1615 1182 1958 1252 κατέστησας

376 1283 472 1336 ἐπὶ
495 1282 596 1353 τῆς
628 1281 813 1354 χώρας
856 1282 957 1351 τῆς
998 1277 1341 1342 Βαϐυλωνίας
1366 1316 1381 1343 ,
1439 1275 1649 1348 Σεδρὰχ
1674 1317 1691 1342 ,
1745 1273 1955 1345 Μισὰχ,

391 1372 718 1442 Ἀϐδεναγώ,
750 1375 797 1426 oi
835 1372 1109 1443 ἄνθρωποι
1138 1372 1334 1424 ἐκεῖνοι
1368 1369 1469 1422 οὐκ
1489 1367 1838 1440 εφοϐήθησαν
1860 1383 1956 1421 σου

381 1462 480 1533 τὴν
499 1462 735 1534 ἐντολὴν,
767 1465 862 1516 καὶ
884 1461 960 1531 τῷ
991 1460 1192 1531 είδώλῳ
1220 1476 1313 1513 σου
1343 1460 1443 1513 οὐκ
1471 1457 1822 1530 ἐλάτρευσαν,
1861 1458 1958 1512 καὶ

375 1555 444 1623 τῇ
475 1553 642 1606 εικόνι
665 1570 756 1606 σου
782 1555 844 1624 τῇ
867 1554 1064 1624 χρυσῇ,
1157 1550 1412 1622 ἐστησας,
1430 1552 1494 1605 οὐ
1520 1550 1953 1623 προσεκύνησαν.

445 1721 531 1776 15.
562 1723 693 1776 Τότε
723 1723 1193 1796 Ναϐουχοδονόσορ
1221 1723 1497 1795 θυμωθεὶς
1523 1727 1659 1798 ὀργῇ
1690 1726 1959 1797 προσέτα-

371 1810 463 1877 ξεν
494 1812 723 1880 ἀγαγεῖν
747 1814 837 1869 τὸν
867 1815 1096 1886 Σεδρὰχ,
1124 1816 1332 1888 Μισὰχ,
1377 1814 1700 1886 Ἀϐδεναγώ.
1746 1814 1884 1872 Τότε
1906 1818 1957 1872 οἱ

372 1901 651 1974 ἄνθρωποι
688 1905 935 1975 ἤχθησαν
969 1906 1104 1977 πρὸς
1136 1907 1227 1963 τὸν
1261 1908 1506 1978 βασιλέα.

445 1994 532 2049 ﬂ.
565 1994 675 2059 Οὓς
722 1997 816 2049 καὶ
855 1997 1080 2051 συνιδὼν
1132 1998 1607 2072 Ναδουχοδονόσορ
1641 2002 1669 2054 ὁ
1708 1998 1961 2070 βασιλεὺς

370 2079 527 2141 εἷπεν
557 2087 762 2153 αὐτοῖς,
795 2087 966 2154 Διατί,
990 2089 1221 2160 Σεδρὰχ.
1243 2090 1430 2161 Μισὰχ
1449 2129 1464 2153 ,
1488 2090 1814 2159 Ἀϐδεναγώ,
1849 2092 1963 2155 τοῖς

368 2177 520 2242 θεοῖς
566 2196 666 2250 μου
694 2181 756 2233 οὐ
797 2180 1111 2252 λατρεύετε,
1144 2182 1236 2234 καὶ
1258 2184 1324 2254 τῇ
1355 2183 1525 2237 είκόνι
1566 2185 1632 2255 τῇ
1672 2185 1873 2254 χρυσῇ,
1897 2182 1965 2254 ἣν

375 2264 603 2334 ἔστησα,
622 2268 684 2319 ού
721 2272 1078 2337 προσκυνεῖτε
1093 2285 1109 2335 ;

452 2357 542 2411 15.
572 2357 684 2411 Καὶ
704 2356 798 2411 νῦν
821 2360 869 2411 εί
902 2359 1001 2430 μὲν
1022 2359 1175 2432 ἔχετε
1204 2363 1439 2434 ἑτοίμως
1473 2363 1590 2435 ἅμα
1625 2361 1704 2435 τῷ
1733 2362 1965 2419 ἀκοῦσαι

376 2446 477 2517 τῆς
512 2447 810 2516 σάλπιγγος
838 2452 905 2520 >ί<
935 2451 1194 2522 σύριγγός
1229 2471 1288 2506 τε
1328 2455 1422 2507 καὶ
1466 2455 1721 2526 κιθάρας,
1756 2454 1967 2525 σαμδύσ-

374 2540 448 2605 χ
471 2555 575 2608 κης
597 2555 678 2602 τε,
704 2542 798 2594 καὶ
819 2540 1121 2613 ψαλτηρίου
1150 2544 1244 2597 καὶ
1280 2544 1600 2615 συμφωνίας
1624 2544 1681 2616 /.
1710 2546 1805 2598 mi.
1826 2563 1963 2598 παν-

371 2630 465 2693 τὸς
492 2631 627 2701 ἦχον
659 2630 956 2701 μουσικῶν,
993 2632 1254 2696 πεσόντες
1295 2636 1677 2706 προσκυνῆσαι
1702 2637 1769 2709 τῇ
1796 2635 1965 2690 εἰκόνι

369 2725 438 2792 τῇ
461 2724 635 2794 χρυσῇ
674 2722 717 2776 /.
806 2723 1039 2794 ἐστησα·
1068 2724 1196 2779 εἰδὲ
1230 2727 1395 2797 μήγε,
1423 2725 1741 2793 γινώσκετε,
1777 2728 1861 2781 ὅτι
1888 2730 1964 2801 μὴ

371 2814 875 2883 προσκυνησάντων
923 2814 1114 2885 ὑμῶν,
1162 2815 1376 2888 αὐθωρὶ
1425 2817 1835 2890 ὲμὸληθήσεσθε
1885 2821 1966 2882 είς

367 2901 469 2972 τὴν
497 2901 730 2972 κάμινον
775 2902 871 2957 τοῦ
923 2905 1097 2974 πυρὸς
1142 2905 1244 2977 τὴν
1298 2908 1631 2980 καιομένην⁸
1674 2910 1772 2963 καὶ
1817 2911 1967 2972 ποῖος

366 2990 505 3056 Θεὸς
546 2993 806 3061 ὲξελεῖται
841 2995 988 3064 ὑμᾶς
1019 2996 1086 3048 ὲκ
1111 2994 1220 3049 τῶν
1270 2997 1472 3068 χειρῶν
1506 3016 1648 3069 μους

443 3083 530 3138 16.
577 3083 993 3155 Ἀποκριθέντες
1015 3082 1072 3138 δὲ
1104 3082 1334 3156 zeum,
1366 3086 1577 3157 Μισάχ,
1636 3086 1946 3158 ’Δόδεναγὼ

368 3170 535 3229 εἶπαν
557 3173 635 3245 τῷ
656 3148 869 3244 βασιλεῖ
885 3148 1379 3247 Ναϐουχοδονόσορ-
1410 3148 1659 3244 Βασίλεῦ,
1682 3180 1744 3232 ού
1779 3148 1969 3250 xpeto;

369 3266 567 3337 ἔχομεν
601 3267 763 3335 ἡμεῖς
788 3264 881 3319 ἐπὶ
899 3268 966 3337 τῇ
994 3267 1232 3339 ὲπιταγῇ
1265 3266 1437 3340 ταύτῃ
1459 3268 1827 3341 ἀποκριθῆναί
1855 3288 1958 3325 σοι.

443 3358 534 3411 17.
575 3358 733 3411 Ἐστι
764 3357 875 3429 γὰρ
908 3357 1040 3421 Θεὸς
1079 3372 1139 3413 -ιν
1175 3359 1233 3411 ἐν
1265 3356 1517 3431 οὐρανοῖς
1550 3355 1632 3425 εἷς
1678 3361 1959 3434 Κύριος

365 3449 551 3521 ήμῶν,
584 3448 644 3504 ὃν
671 3448 1010 3521 φοϐούμεθα,
1033 3451 1093 3515 ὃς
1125 3452 1243 3505 ἐστι
1264 3451 1485 3516 δυνατὸς
1512 3452 1791 3519 ἐξελέσθαι
1813 3453 1964 3526 ἡμᾶς

366 3541 439 3594 ἐκ
474 3540 576 3610 τῆς
613 3541 844 3611 καμίνου
873 3543 970 3597 τοῦ
1001 3541 1175 3612 πυρὸς
1215 3543 1283 3613 χ
1318 3543 1420 3614 τῆς
1453 3544 1752 3616 καιομένης
1776 3545 1832 3615 /.
1870 3547 1963 3601 καὶ

375 3633 446 3685 ἐκ
472 3630 582 3685 τῶν
605 3631 804 3703 χειρῶν
831 3648 948 3699 σου,
983 3630 1228 3701 βασιλεύ,
1275 3633 1541 3700 ὲξελεϊται
1575 3638 1744 3706 ἡμᾶς.

453 3745 543 3802 18.
571 3747 683 3801 Καὶ
704 3746 826 3800 τότε
859 3749 1094 3822 φανερόν
1135 3765 1218 3802 σοι
1252 3748 1405 3803 ἔσται
1431 3753 1500 3819 Ἀ(
1530 3750 1752 3822 βασιλεῦ
1784 3750 1841 3821 /.
1881 3751 1965 3805 ὅτι

368 3836 498 3892 οὔτε
539 3836 619 3909 τῷ
654 3837 860 3910 εἰδώλῳ
891 3857 985 3893 σου
1011 3838 1373 3912 λατρεύομεν,
1409 3840 1534 3895 οὔτε
1572 3843 1638 3912 τῇ
1668 3842 1837 3896 εἰκόνι
1872 3857 1963 3895 σου

370 3930 441 4000 τῇ
470 3931 671 4000 χρυσῇ,
712 3930 780 4000 ἣν
811 3929 1067 4001 ἔστησας,
1102 3932 1163 3984 οὐ
1190 3930 1620 4003 προσκυνοῦμεν.

448 4041 534 4096 19.
569 4042 704 4095 Τότε
732 4041 1204 4116 Ναόουχοδονόσορ
1241 4043 1491 4116 ἐπλήσθη
1547 4040 1745 4116 θυμοῦ,
1782 4045 1881 4101 ,καὶ
1929 4046 1964 4117 ἡ

368 4133 562 4204 μορφὴ
607 4132 703 4186 τοῦ
752 4133 1046 4203 προσώπου
1078 4134 1243 4189 αὑτοῦ
1299 4134 1568 4208 ἠλλοιώθη
1600 4137 1695 4190 ἐπὶ
1731 4136 1961 4211 Σεδράχ,

371 4224 580 4296 Μισὰχ,
606 4225 701 4279 καὶ
745 4224 1076 4295 Ἀὁδεναγὼ,
1109 4227 1203 4280 καλ⁵
1235 4225 1466 4292 ἐπέταξε
1494 4223 1697 4298 καῆναι
1733 4227 1833 4300 τὴν
1865 4226 1966 4283 κά-

372 4331 527 4384 μινον
555 4313 965 4381 ἐπταπλασίως,
999 4315 1131 4388 παρ’
1152 4316 1181 4369 ὃ
1200 4317 1307 4370 ἔδει
1335 4316 1506 4389 αὐτὴν
1540 4317 1762 4388 καῆναι.

442 4489 534 4547 20.
565 4490 677 4544 Καὶ
714 4488 914 4560 ἄνδρας
961 4492 1348 4564 ἰσχυροτάτους
1387 4493 1497 4546 τῶν
1533 4495 1590 4548 ὲν
1624 4496 1690 4566 τῇ
1734 4493 1964 4566 δυνάμει

2063 644 2176 694 mo,
2207 630 2302 700 qui
2336 630 2570 684 audierit
2602 644 2791 685 vocem
2827 628 2993 693 tubae,
3025 627 3240 694 fistula},
3270 633 3324 682 et
3348 623 3641 684 sambucw,

2062 720 2306 786 citharae,
2341 719 2583 790 psalterii
2614 728 2670 774 et
2694 719 2876 774 omnis
2904 716 3120 773 sonitus
3154 715 3518 777 musicorum,
3549 726 3642 765 ca-

2064 813 2200 870 dens
2227 814 2420 869 adoret
2449 812 2738 884 imaginem
2769 824 3014 866 auream.

2138 992 2226 1048 il.
2258 992 2323 1047 Ει
2347 993 2437 1063 qui
2473 1008 2581 1048 non
2641 991 2933 1062 prouidens
2985 989 3316 1050 adoraverit.
3363 987 3649 1067 immissus

2063 1086 2137 1141 sit
2176 1086 2229 1139 in
2265 1084 2546 1141 fornacem
2580 1086 2724 1156 ignis
2755 1084 3059 1141 ardentem.

2141 1178 2232 1233 12.
2267 1177 2408 1235 Sunt
2471 1187 2650 1233 autem
2704 1177 2925 1248 quidam
2960 1176 3059 1230 viri
3093 1172 3286 1237 Judaei,
3327 1186 3467 1241 quos
3512 1186 3649 1225 con-

2067 1271 2289 1327 stituisti
2308 1285 2470 1339 super
2492 1268 2769 1340 regionem
2788 1266 3099 1339 Babylonis,
3137 1264 3399 1327 Sedrach,
3418 1261 3646 1325 Misach,

2066 1360 2396 1430 Abdenago:
2431 1358 2679 1415 homines
2710 1358 2801 1412 isti
2830 1372 2938 1411 non
2992 1355 3293 1410 timuerunt
3349 1362 3501 1406 tuum
3553 1351 3649 1405 de-

2065 1458 2295 1511 cretum.
2335 1460 2387 1505 et
2410 1449 2614 1505 idolum
2668 1460 2823 1517 tuum.
2875 1461 2980 1501 non
3041 1443 3647 1508 coluerunt,etimagi-

2067 1560 2190 1600 nem
2254 1554 2402 1600 tuam
2465 1558 2709 1607 auream,
2765 1556 2929 1612 quam
2982 1538 3244 1605 statuisti,
3290 1552 3401 1593 non
3454 1536 3649 1591 adora-

2066 1643 2280 1691 verunt.

2136 1724 2223 1779 15.
2259 1722 2415 1779 Tunc
2454 1721 2965 1780 Nabuchodonosor
2990 1734 3292 1778 succensus
3315 1719 3418 1784 ira,
3442 1730 3649 1786 praece—

2064 1813 2163 1885 pit,
2184 1825 2242 1870 ut
2258 1814 2589 1870 adducerent
2622 1813 2886 1878 Sedrach,
2909 1812 3138 1877 Misach,
3163 1809 3459 1877 Abdenago
3480 1826 3492 1861 :
3516 1815 3649 1860 tunc

1991 1889 2038 1952 Β
2069 1907 2323 1963 homines
2355 1906 2574 1962 adducti
2612 1914 2739 1962 sunt
2777 1906 2847 1961 ad
2875 1921 3080 1976 regem.

2141 1997 2233 2053 14.
2290 1998 2443 2063 Quos
2500 1998 2663 2052 etiam
2737 1998 3086 2066 conspicatus
3144 1991 3651 2049 Nabuchodonosor

2069 2101 2164 2143 rex
2199 2087 2337 2143 dixit
2367 2088 2449 2143 eis
2476 2103 2489 2138 :
2522 2086 2724 2153 Quare,
2760 2085 3024 2151 Sedtach,
3079 2085 3305 2149 Misach,
3331 2083 3649 2152 Abdenago,

2071 2178 2204 2234 deos
2232 2192 2385 2233 meos
2422 2191 2532 2233 non
2566 2177 2768 2244 colitis,
2790 2188 2847 2233 et
2880 2176 3176 2248 imaginem
3208 2188 3451 2240 auream,
3484 2188 3649 2245 quam

2073 2270 2262 2338 statui,
2299 2285 2408 2324 non
2438 2270 2723 2325 adoratis?

2146 2363 2235 2419 i5.
2274 2363 2339 2420 Et
2368 2380 2515 2421 nunc
2547 2362 2816 2434 siquidem
2849 2360 2981 2418 estis
3008 2360 3203 2430 parati,
3238 2357 3420 2414 statim
3448 2368 3512 2414 ac
3544 2374 3652 2413 au-

2070 2453 2287 2513 dieritis
2316 2458 2530 2522 tubam,
2571 2455 2834 2518 fistulam,
2881 2462 2933 2508 et
2983 2452 3275 2515 citharam,
3309 2450 3653 2515 sambucam,

2072 2558 2126 2604 et
2177 2549 2519 2621 psalterium,
2571 2557 2625 2602 ct
2665 2545 3044 2617 symphoniam
3072 2552 3360 2599 etomnem
3413 2539 3652 2598 sonitum

2073 2642 2436 2705 musicorum,
2475 2639 2819 2711 procidentes
2847 2636 3079 2692 adorate
3107 2634 3396 2704 imaginem
3430 2647 3652 2688 auream

2073 2750 2238 2806 quam
2264 2734 2472 2788 statui:
2505 2733 2551 2787 si
2596 2745 2729 2786 vero
2768 2743 2900 2795 non,
2946 2729 3161 2792 scitote,
3196 2726 3339 2796 quod
3382 2740 3487 2779 non
3524 2724 3655 2779 ado-

2078 2838 2261 2883 rantes
2300 2838 2417 2891 vos,
2450 2824 2638 2880 eadem
2691 2821 2823 2877 hora
2878 2819 3244 2874 immittemini
3291 2818 3344 2871 in
3378 2817 3650 2870 fornacem

2076 2918 2220 2988 ignis
2286 2916 2568 2971 ardentem
2600 2932 2612 2970 :
2636 2913 2840 2984 etquis
2868 2910 3011 2966 Deus
3033 2910 3227 2980 eripiet
3255 2924 3353 2963 vos
3384 2909 3451 2963 de
3478 2907 3653 2965 mani.

2077 3010 2180 3066 bus
2200 3008 2336 3063 meis
2352 3009 2381 3061 εἰ

2151 3099 2238 3155 16.
2275 3097 2685 3168 Respondentes
2737 3103 2919 3151 autem
2947 3092 3210 3156 Sedrach,
3238 3089 3463 3155 Misaeh,
3487 3090 3654 3145 Abdo-

2079 3204 2216 3260 nago
2233 3190 2492 3246 dixerunt
2514 3190 2622 3260 regi
2639 3185 3187 3243 Nabuchodonosor:
3218 3185 3351 3246 Rex,
3381 3197 3487 3237 non
3518 3195 3655 3252 opus

2074 3284 2337 3339 habemus
2365 3297 2465 3337 nos
2487 3283 2540 3337 in
2585 3280 2842 3336 mandato
2876 3278 2980 3334 hoc
3005 3277 3331 3347 respondere
3357 3276 3475 3331 tibi.

2141 3377 2231 3432 17.
2259 3374 2355 3431 Est
2376 3375 2522 3431 enim
2554 3373 2698 3430 Deus
2728 3375 2783 3428 in
2810 3371 2965 3427 caelis
2994 3385 3136 3425 unus
3160 3367 3423 3423 Dominus
3443 3375 3656 3435 noster,

2067 3482 2230 3542 quem
2268 3468 2552 3529 timemus.
2586 3465 2679 3536 qui
2711 3473 2796 3519 est
2824 3473 3015 3534 potens
3051 3461 3263 3530 eripere
3302 3474 3401 3514 nos
3439 3459 3505 3513 de
3538 3458 3655 3513 for-

2067 3575 2205 3616 nace
2232 3559 2372 3631 ignis
2398 3555 2793 3623 ardente,etde
2823 3554 3076 3610 manibus
3100 3554 3229 3620 tuis,
3262 3566 3378 3618 rex,
3404 3549 3657 3607 liberabit

2071 3664 2194 3706 nos.
2691 3694 2696 3699 .

2141 3743 2227 3799 18,
2259 3741 2326 3796 Et
2361 3754 2492 3800 tunc
2514 3739 2866 3797 manifestum
2886 3738 2984 3795 tibi
3007 3739 3134 3803 erit,
3167 3754 3283 3804 rex,
3320 3736 3449 3806 quia
3481 3746 3658 3805 neque

2069 3833 2276 3888 idolum
2311 3845 2465 3890 tuum
2495 3836 2754 3901 colimus,
2815 3846 2993 3903 neque
3044 3831 3336 3902 imaginem
3368 3837 3522 3886 tuam
3559 3842 3663 3883 au—

2067 3940 2242 3990 ream,
2270 3942 2434 3996 quam
2473 3926 2734 3991 statuisti,
2774 3925 3089 3980 adoramus.

2142 4037 2231 4093 19.
2261 4037 2415 4091 Tunc
2472 4034 2980 4090 Nabuchodonosor
3023 4033 3261 4103 repletus
3318 4040 3403 4086 est
3450 4004 3656 4096 furore,

2062 4140 2122 4185 et
2143 4138 2396 4200 aspectus
2421 4126 2574 4183 faciei
2614 4125 2735 4196 ejus
2754 4116 3071 4180 immutatus
3089 4132 3175 4180 est
3197 4138 3361 4192 super
3392 4120 3657 4184 Sedrach,

2068 4221 2297 4286 Misach,
2332 4229 2386 4277 et
2411 4220 2709 4289 Abdenago
2732 4236 2753 4274 .:
2787 4225 2844 4273 et
2877 4215 3129 4287 praecepit
3153 4223 3213 4268 ut
3237 4212 3660 4269 succenderetur

2068 4311 2265 4367 fornax
2306 4310 2616 4383 septuplum
2656 4310 2800 4363 ultra
2830 4307 2979 4379 quod
3012 4306 3300 4378 oportebat
3332 4306 3503 4374 ipsam
3532 4317 3664 4360 suc-

2064 4402 2250 4458 cendi.

2136 4493 2228 4550 20.
2264 4493 2331 4548 Ει
2360 4494 2491 4551 viris
2527 4492 2849 4550 fortissimis
2881 4504 3096 4559 eorum,
3120 4488 3214 4558 qui
3244 4496 3399 4544 erant
3420 4486 3477 4541 in
3500 4502 3661 4542 exer-

366 4580 600 4649 ὲπέταξε
626 4623 642 4647 ,
704 4582 1143 4652 συμποδίσαντας
1192 4586 1261 4653 >4<
1312 4586 1406 4638 τὸν
1463 4584 1710 4658 Σεδρὰχ,
1756 4586 1962 4657 Μισάχ¹

2075 4590 2185 4644 citu
2205 4589 2480 4659 praecepit,
2500 4597 2560 4644 ut
2585 4585 2857 4659 colligatis
2880 4584 3109 4657 pedibus
3139 4580 3403 4647 Sedrach,
3425 4567 3656 4651 Misach,

384 4671 692 4741 ’Δόδεναγὼ
731 4681 789 4745 /.
831 4673 1095 4745 ἐμϐαλεῖν
1126 4675 1222 4737 ἐίς
1249 4674 1349 4747 τὴν
1380 4675 1613 4746 κάμινον
1646 4677 1741 4731 τοῦ
1795 4677 1968 4749 πυρὸς

370 4764 471 4838 τὴν
503 4766 821 4838 καιομένην.

442 4876 535 4932 21.
565 4877 699 4932 Τότε
723 4879 771 4932 oi
796 4878 991 4958 άνδρες
1010 4881 1207 4935 ἐκείνοι
1238 4880 1718 4953 συνεποδίσθησαν,
1752 4882 1968 4954 ἔχοντες

370 4969 444 5024 τὰ
476 4970 804 5042 ὑποδήματα
824 4970 1027 5038 αὐτῶν,
1058 4972 1155 5026 καὶ
1183 4973 1286 5036 τὰς
1311 4973 1507 5045 τιάρας
1534 4974 1714 5029 αὐτῶν
1743 4976 1969 5032 ἐπὶτῶν

373 5060 630 5131 κεφαλῶν
659 5060 843 5117 αὐτῶν
872 5063 972 5118 σὺν
1003 5063 1086 5132 τῷ
1124 5063 1409 5135 ἱματισμῷ
1434 5064 1653 5131 αὐτῶν,
1686 5066 1782 5120 καὶ
1809 5066 1970 5140 ἐϐλή-

368 5153 549 5226 θησαν
587 5157 668 5219 εἰς
696 5154 799 5225 τὴν
831 5154 1065 5225 κάμινον
1096 5158 1163 5225 Χ
1191 5155 1286 5210 τοῦ
1316 5157 1487 5230 πυρὸς
1517 5158 1617 5231 τὴν
1646 5161 1963 5233 καιομένην.

444 5243 536 5299 22.
574 5244 795 5318 Ἐπειδὴ
827 5245 890 5299 τὸ
920 5245 1253 5321 πρόσταγμα
1292 5247 1390 5301 τοῦ
1432 5246 1698 5319 βασιλέως
1725 5251 1921 5323 ἤπειγε
1948 5268 1963 5285 ο

376 5334 470 5387 καὶ
498 5335 531 5406 ή
562 5336 795 5405 κάμινος
826 5335 1093 5408 ἐξεκαύθη
1128 5336 1271 5409 ὑπὲρ
1308 5336 1368 5390 τὸ
1401 5338 1660 5412 πρότερον
1686 5341 1966 5396 ἑπταπλα·

378 5422 530 5490 σίως,
570 5424 665 5479 καὶ
694 5425 746 5478 οἱ
773 5424 966 5496 ἄνδρες
985 5426 1036 5479 oi
1067 5426 1562 5500 προχειρισθέντες,
1596 5431 1966 5499 συμποδίσανη

2074 4681 2370 4752 Abdenago
2394 4681 2680 4752 injicerent
2702 4680 2757 4734 in
2790 4678 3069 4735 fornacem
3101 4677 3242 4749 ignis
3262 4678 3566 4732 ardentem.

2146 4883 2240 4940 21.
2281 4880 2439 4940 Tunc
2468 4881 2575 4938 viri
2594 4882 2673 4937 illi
2690 4879 3052 4951 compedibus
3073 4877 3241 4934 vineti
3272 4884 3426 4945 sunt,
3451 4877 3663 4937 haben.

2075 4986 2158 5032 tes
2187 4977 2556 5031 calceamenta
2593 4989 2716 5038 sua,
2755 4982 2811 5031 et
2863 4972 3031 5029 tiaras
3064 4985 3197 5026 suas
3251 4985 3415 5042 super
3468 4973 3658 5043 capita

2075 5084 2174 5125 sua
2205 5083 2333 5125 cum
2364 5070 2694 5126 vestimento
2717 5080 2843 5137 suo,
2865 5074 2922 5122 et
2948 5064 3100 5121 missi
3136 5072 3264 5121 sunt
3292 5064 3350 5120 in
3371 5062 3656 5120 fornacem

2072 5162 2218 5232 ignis
2252 5162 2555 5218 ardentem.

2143 5253 2238 5308 22.
2276 5252 2418 5322 Quia
2472 5252 2789 5310 mandatum
2836 5255 2983 5321 regis
3013 5247 3241 5321 urgebat
3281 5265 3296 5304 :
3361 5258 3418 5306 et
3458 5248 3659 5307 fornax

2068 5360 2342 5402 succensa
2375 5353 2495 5401 erat
2519 5346 2644 5416 plus
2668 5357 2831 5415 quam
2864 5350 3026 5396 antea
3057 5342 3401 5413 septuplum;
3446 5350 3503 5398 et
3526 5343 3656 5409 viri,

2074 5439 2168 5508 qui
2192 5436 2334 5508 iussi
2366 5436 2583 5493 fuerant
2606 5450 2736 5493 cum
2759 5431 3127 5490 revinxissent
3165 5449 3284 5504 eos,
3315 5446 3370 5494 et
3397 5435 3662 5495 adduxis-

375 5531 468 5579 τες
500 5516 699 5581 αὐτοὺς
726 5517 820 5571 καὶ
844 5519 1288 5595 προσαγαγόντες
1309 5523 1376 5594 τῇ
1404 5521 1620 5594 καμίνῳ
1639 5522 1962 5581 ἐνεϐάλοσαυ

2072 5540 2196 5588 sent
2217 5532 2285 5587 ad
2314 5530 2615 5599 fornacem,
2643 5530 2991 5587 immiserunt
3036 5528 3092 5585 in
3122 5542 3270 5588 eam.

376 5606 458 5668 τίς
483 5607 675 5677 αὑτήν.

448 5714 542 5774 23.
577 5718 716 5784 Τοὺς
743 5719 842 5792 μὲν
867 5713 963 5777 οὖν
991 5719 1191 5793 ἄνδρας
1223 5722 1350 5789 τοὺς
1372 5702 1965 5796 συμποδίσαντας-τοὺς

381 5810 512 5882 περὶ
534 5809 624 5865 τὸν
658 5810 918 5885 Ἀζαρίαν
948 5811 1238 5878 ιξελθοῢσα
1268 5817 1302 5886 ἡ
1334 5815 1466 5885 φλὸξ
1494 5818 1558 5872 ἐκ
1578 5816 1680 5889 τῆς
1708 5818 1963 5890 καμίνου,

2143 5728 2235 5783 25.
2278 5723 2442 5783 Viros
2464 5727 2654 5801 igitur,
2688 5734 2785 5804 qui
2812 5726 3175 5797 compedibus
3220 5727 3512 5787 vinxerant
3541 5744 3661 5797 eos.

2074 5817 2169 5893 qui
2200 5827 2355 5875 erant
2383 5831 2510 5874 cum
2539 5818 2763 5895 Azaria,
2811 5832 3037 5894 egressa
3072 5821 3294 5879 ﬂamma
3330 5821 3403 5881 de
3448 5822 3673 5879 fornace
