4064 6426
417 411 555 472 2787
1475 419 1947 482 HEXAPLORUM
1987 425 2153 492 QUIE
2193 427 2624 485 SUPERSUNT.
3533 436 3676 491 9788
3735 500 3738 504 η

414 523 705 587 incendit,
789 535 842 580 et
916 527 1208 597 interfecit,
1270 529 1375 600 Ipsi
1428 543 1608 590 autem
1681 549 1959 594 conserml

2094 542 2381 613 ἐνεπύρισε
2415 544 2506 596 καὶ
2537 543 2872 610 ἀπέκτεινεν,
2909 545 3066 600 αὐτοὶ
3105 545 3160 600 δὲ
3201 548 3672 622 συνετηρήθησαν.

413 623 564 669 sum.

480 707 569 759 Ἡ.
615 706 708 763 Sic
737 725 867 781 ergo
899 725 1153 781 precatus
1182 727 1266 771 est
1293 717 1558 783 Ananias,
1581 731 1634 774 ct
1660 723 1903 789 Azan-ias,
1933 739 1959 778 ε

2163 718 2252 772 24.
2290 720 2476 784 Οὕτως
2495 717 2589 775 οὖν
2613 725 2956 794 προσηύξατο
2991 725 3258 790 Ἁνανίας,
3283 728 3670 798 καὶἊζαρίας,

414 792 621 864 Misael,
671 809 724 854 et
752 801 1112 859 laudaverunt
1145 806 1454 876 Dominum,
1497 813 1715 880 quando
1754 829 1850 867 cos
1887 830 1959 868 rc:

2095 813 2187 863 καὶ
2209 813 2458 884 Μισαήλ·
2502 815 2599 868 καὶ
2636 792 2889 887 ὕμνησαν
2933 817 3012 887 τῷ
3044 819 3268 889 Κυρίῳ,
3303 820 3392 872 ὅτε
3424 792 3674 884 αὐτοὺςὸ

411 885 570 952 iussit
601 888 820 944 immitti
853 893 905 944 iu
944 891 1242 950 fornacem.

2094 899 2343 968 βασιλεὺς
2369 903 2697 974 προσέταξεν
2715 885 3052 978 ἐμϐληθῆναι
3079 885 3158 971 είς
3186 885 3283 977 τὴν
3313 909 3564 978 κάμινον.

481 996 570 1051 25.
613 998 777 1056 Stans
805 1012 983 1059 autem
1011 1006 1234 1064 Azarias
1261 1022 1514 1080 precatus
1539 1023 1620 1068 est
1651 1015 1752 1080 sic,
1783 1026 1836 1072 et
1856 1034 1959 1087 ape

2159 1012 2248 1068 25.
2279 1014 2418 1077 Στὰς
2433 1015 2490 1068 δὲ
2523 1015 2779 1088 Ἀζαρίας
2809 1018 3157 1089 προσηύξατο
3177 1019 3372 1083 οὓτως,
3409 1022 3503 1075 καὶ
3527 1023 3670 1075 ἀνοί-

413 1089 559 1143 riens
614 1106 676 1146 os
732 1107 914 1157 suum,
957 1100 1317 1154 conlitebatur
1368 1101 1598 1157 Domino
1637 1105 1801 1161 simul
1857 1124 1959 1163 cun

2089 1105 2185 1170 ξας
2212 1106 2273 1158 τὸ
2298 1106 2472 1176 στόμα
2519 1107 2707 1173 αὑτοῦ,
2764 1109 3152 1180 ἐξωμολογεῖτο
3199 1110 3280 1180 τῷ
3316 1112 3504 1181 Κυρίῳ
3553 1114 3667 1180 ἅμα

410 1180 688 1238 sodalibus
736 1185 850 1239 suis
897 1187 949 1240 in
989 1191 1169 1245 medio
1213 1193 1335 1262 igne
1373 1192 1613 1253 fornacis
1645 1213 1959 1256 succensae:

2085 1200 2196 1260 τοῖς
2227 1199 2564 1271 συνεταίροις
2598 1201 2786 1270 αὐτοῦ,
2809 1205 2868 1256 ἐν
2897 1203 3048 1274 μέσῳ
3073 1205 3151 1273 τῷ
3179 1207 3310 1275 πυρὶ
3341 1180 3666 1274 ὑποκαιομὲ-

408 1267 674 1328 Chaldzeis
708 1275 1072 1343 vehementer,
1101 1289 1154 1333 et
1181 1282 1435 1339 dixerunt
1470 1301 1483 1338 :

2086 1308 2183 1362 νης
2213 1293 2316 1362 τῆς
2366 1267 2600 1364 καμίνου
2660 1267 2779 1348 ὑπὸ*
2806 1267 2915 1350 τῶν
2953 1267 3234 1352 Χαλδαίων
3257 1267 3509 1370 ’σφόδρα,
3569 1267 3665 1351 διαὶ

2085 1377 2266 1436 εἶπαν·

474 1449 563 1506 26.
604 1452 928 1512 Benedictus
963 1468 1043 1525 es,
1082 1458 1310 1518 Demine
1336 1461 1479 1520 Deus
1503 1475 1732 1535 “patrum
1759 1478 1959 1525 nostro

2151 1470 2242 1526 26.
2274 1474 2670 1546 Εὐλογητὸςεῖ,
2687 1480 2858 1548 Κύριε
2885 1481 2914 1534 ὁ
2933 1478 3063 1543 Θεὸς
3077 1479 3186 1532 τῶν
3213 1480 3464 1550 πατέρων
3481 1479 3657 1552 ἡμῶν,

404 1552 524 1592 rum
557 1580 571 1604 ,
616 1550 671 1595 et
725 1544 996 1600 laudabile
1069 1557 1124 1601 et
1167 1549 1466 1619 gloriosum
1515 1566 1710 1610 nomen
1736 1568 1886 1613 tuum
1921 1561 1959 1614 ir

2082 1561 2174 1614 καὶ
2203 1564 2411 1618 αἱνετὸν
2439 1544 2533 1620 καὶ
2552 1544 2942 1640 δεδοξασμένον
2979 1568 3038 1622 τὸ
3074 1569 3247 1640 ὅνομά
3286 1544 3378 1622 σου
3420 1544 3664 1632 εἰς’-τοὺς

402 1632 602 1688 saecula
613 1672 627 1687 .

468 1746 558 1802 27.
602 1746 737 1815 Quia
760 1750 944 1818 justus
967 1767 1027 1806 es
1067 1753 1120 1807 in
1153 1756 1775 1830 οιηιιὶὺυενιιυωίεοίειί
1793 1754 1970 1832 nobis,

2081 1650 2304 1717 αίῶνας.

2148 1766 2242 1821 27.
2267 1768 2390 1823 Ὅτι
2417 1764 2626 1835 δίκαιος
2657 1768 2709 1824 εἷ
2729 1773 2821 1825 ἐπὶ
2848 1774 3034 1837 πᾶσιν,
3065 1769 3146 1837 οἷς
3188 1773 3452 1843 ἐποίησας
3499 1773 3655 1842 ἡμῖν.

399 1845 454 1890 et
481 1839 667 1893 omnia
693 1854 857 1910 Opera
895 1851 983 1896 tua
1023 1859 1170 1912 vera,
1195 1849 1250 1901 et
1281 1843 1379 1904 vite
1403 1859 1506 1906 tua:
1543 1862 1720 1920 rectas,
1763 1865 1959 1912 etom-

401 1926 486 1953 ..2-
520 1927 716 1953 ε..,1;-ε,
752 1939 838 1953 ι---
870 1947 989 1953 ---__

2079 1845 2174 1909 καὶ
2206 1858 2382 1913 πάντα
2401 1860 2470 1913 τά
2501 1861 2636 1933 ἔργα
2663 1880 2756 1916 σου
2788 1864 3039 1934 ἀληθινὰ,
3079 1866 3172 1918 καὶ
3210 1867 3265 1918 αἱ
3295 1839 3403 1918 ὁδοί
3428 1839 3658 1918 σου-*εὐε-

400 1926 489 1980 nia
513 1927 722 1997 judicia
752 1939 844 1985 tua
870 1947 1019 1987 vera.

466 2042 558 2097 ‘28.
601 2042 670 2097 Et
695 2041 898 2112 judicia
931 2047 1177 2103 veritatis
1202 2048 1375 2106 fecisti
1427 2056 1726 2111 secundum
1764 2063 1971 2130 omnia,

395 2144 519 2203 quae
545 2135 815 2190 adduxisti
850 2139 1031 2205 nobis,
1065 2147 1120 2194 et
1155 2156 1319 2212 super
1344 2145 1620 2201 civitatem
1661 2158 1810 2206 tuam
1845 2170 1975 2209 san-

394 2234 537 2278 ctam
572 2235 786 2295 patrum
837 2239 1152 2285 nostrorum
1205 2231 1554 2291 Jerusalem:
1605 2242 1869 2316 quoniam.
1915 2245 1970 2300 in

394 2315 621 2371 veritate
679 2325 735 2373 et
761 2318 971 2389 judicio
996 2320 1174 2378 fecisti
1208 2327 1390 2381 omnia
1423 2327 1536 2382 haec
1571 2340 1790 2400 pmpter
1844 2315 1973 2403 pec-

393 2417 512 2462 cata
553 2417 761 2464 nostra.

461 2499 554 2553 29.
597 2498 871 2564 Quoniam
901 2504 1250 2571 peccavimus
1291 2505 1345 2560 in
1392 2509 1674 2577 omnibus,
1703 2524 1756 2569 et
1787 2515 1971 2586 inique

391 2588 603 2658 egimus
641 2589 971 2646 discedendo
999 2607 1030 2647 a
1067 2603 1118 2650 te
1147 2633 1163 2659 ,
1210 2605 1278 2652 et.
1305 2600 1654 2668 peccavimus
1700 2603 1753 2658 in
1792 2607 1968 2661 omni-

393 2678 522 2734 bus.

460 2769 554 2827 30.
595 2770 663 2826 Et
688 2773 957 2829 mandatis
979 2767 1119 2845 legis
1151 2777 1266 2832 tua:
1303 2785 1409 2834 non
1449 2768 1849 2852 obaudivinius,
1873 2801 1966 2845 ne-

390 2875 498 2930 que
522 2861 955 2932 observavimus,
990 2882 1164 2936 neque
1197 2868 1428 2927 fecimus
1467 2873 1612 2929 sicut
1660 2882 1963 2950 praecepisti

390 2951 571 3017 nobis,
605 2962 663 3006 ut
691 2953 828 3008 bene
857 2957 1016 3011 nobis
1049 2969 1216 3015 esset.

457 3042 546 3099 51.
586 3043 654 3099 Et
681 3061 828 3101 nunc
873 3051 1057 3103 omnia
1089 3066 1451 3125 quaecumque
1482 3058 1638 3114 nobis
1678 3060 1958 3132 induxisti,

2080 1946 2241 2012 θεῖαι,
2281 1949 2374 2002 καὶ
2407 1952 2581 2006 πᾶσαι
2612 1954 2668 2005 αἱ
2703 1953 2910 2025 κρίσεις
2941 1970 3035 2006 σου
3066 1955 3335 2025 ἀληθιναί.

2133 2058 2230 2115 -28,
2258 2063 2368 2115 Kal.
2405 2064 2647 2135 κρίματα
2689 2065 2948 2137 ἀληθείας
3001 2068 3265 2139 ἐποίησας
3302 2068 3446 2122 κατά
3477 2067 3653 2122 πάντα

2073 2148 2109 2202 ἃ
2132 2151 2410 2224 ἐπήγαγες
2432 2157 2591 2227 ἡμῖν,
2617 2157 2712 2210 καὶ
2737 2159 2830 2212 ἐπὶ
2874 2159 2974 2227 τὴν
3021 2161 3176 2214 πόλιν
3221 2177 3313 2214 σου
3344 2161 3442 2232 τὴν
3476 2160 3653 2227 ἁγίαν

2072 2240 2170 2312 τὴν
2202 2243 2310 2297 τῶν
2339 2245 2590 2318 πατέρων
2635 2249 2792 2319 ἡμῶν
2827 2249 3198 2323 Ἰερουσαλήμ.
3243 2252 3386 2304 Διότι
3433 2252 3491 2304 ἐν
3520 2250 3653 2322 ἀληο

2075 2330 2196 2403 θείᾳ
2244 2333 2337 2386 καὶ
2361 2335 2540 2407 κρίσει
2557 2337 2819 2409 ἐποίησας
2837 2341 3013 2394 πάντα
3043 2342 3212 2397 ταῦτα
3233 2341 3321 2395 διὰ
3352 2343 3448 2406 τὰς
3469 2343 3650 2411 ἀμαρο

2071 2423 2186 2487 τίας
2219 2425 2250 2495 ἡ
2259 2428 2394 2494 μῶν.

2141 2514 2229 2568 29.
2264 2517 2385 2570 Ὀτι
2439 2519 2760 2589 ἡμάρτομεν
2813 2521 2870 2572 ἐν
2914 2521 3089 2584 πᾶσι,
3154 2520 3246 2572 καὶ
3289 2522 3645 2590 ήνομήσαμεν

2069 2608 2370 2681 ἀποστῆναι
2399 2611 2508 2664 ἀπό
2542 2628 2633 2664 σου
2688 2612 2779 2664 καὶ
2816 2611 3198 2682 ἐξημάρτομεν
3225 2613 3284 2665 ὲν
3315 2614 3472 2668 πᾶσι.

2133 2780 2226 2845 50.
2266 2790 2374 2844 Καὶ
2400 2791 2505 2844 τῶν
2533 2791 2762 2844 ἐντολῶν
2793 2791 2886 2846 τοῦ
2921 2795 3087 2862 νόμου
3122 2809 3217 2846 σου
3253 2795 3355 2862 οὐχ
3400 2792 3642 2862 ὑπηκού-

2067 2897 2260 2951 σαμεν,
2284 2881 2404 2933 οὐδὲ
2445 2883 2908 2952 συνετηρήσαμεν,
2931 2882 3050 2934 οὐδὲ
3076 2884 3430 2953 ἐποιήσαμεν,
3455 2877 3634 2948 καθὼς

2065 2970 2311 3024 ἐνετείλω
2343 2971 2492 3041 ἡμῖν,
2523 2971 2613 3025 ἵνα
2647 2967 2706 3024 εὖ
2739 2973 2871 3042 ἡμῖν
2897 2971 3145 3041 γένηται.

2129 3061 2219 3114 51.
2255 3061 2364 3113 Ka‘t
2395 3060 2488 3114 νῦν
2513 3063 2689 3115 πάντα
2720 3063 2821 3116 ὅσα
2847 3062 2977 3132 ἡμῖν
3002 3063 3305 3133 ἐπήγαγες,
3341 3064 3436 3118 καὶ
3460 3063 3637 3119 πάντα

387 3143 441 3188 et
461 3135 644 3190 omnia
671 3151 1029 3210 qumcumque
1056 3139 1234 3197 fecisti
1278 3147 1432 3201 nobis
1487 3149 1540 3204 in
1589 3167 1718 3208 vero
1751 3155 1959 3223 judicio

2065 3152 2161 3204 ὅσα
2195 3151 2458 3223 ἐποίησας
2477 3154 2702 3224 ἡμῖν,ἐν
2732 3153 2961 3226 ἀληθινῇ
2993 3158 3174 3224 κρίσει
3207 3155 3488 3228 ἐποίησας.

393 3224 594 3280 fecisti.

458 3317 548 3371 5‘2.
590 3314 658 3372 Et
693 3318 960 3376 tradidisti
1010 3339 1111 3380 nos
1160 3327 1211 3382 in
1262 3342 1454 3386 manus
1479 3332 1838 3392 inimicorum
1867 3353 1960 3392 no-

387 3415 629 3462 strorum
657 3409 970 3480 iniquorum
992 3451 1007 3476 ,
1048 3421 1104 3468 et
1130 3409 1646 3478 inimiciSSiorum
1679 3434 1956 3494 apostata-

387 3512 531 3563 rum,
560 3507 616 3554 et
639 3501 754 3571 regi
785 3501 977 3572 iniquo
1058 3514 1112 3560 et
1160 3511 1494 3578 nequissimo
1540 3531 1704 3586 supra
1737 3531 1954 3575 omnem

388 3598 589 3645 terram
601 3631 616 3646 .

456 3681 547 3737 55.
588 3681 655 3736 Et
683 3699 830 3739 nunc
857 3700 961 3741 non
991 3687 1115 3745 licet
1138 3691 1296 3749 nobis
1340 3696 1552 3766 aperire
1589 3713 1709 3755 os:
1759 3702 1955 3759 confu-

386 3771 472 3826 sio
497 3781 550 3828 et
599 3776 944 3845 exprobratio
971 3780 1108 3836 facta
1143 3794 1224 3838 est
1269 3799 1552 3842 servorum
1622 3799 1862 3861 tuorum,
1902 3806 1958 3853 et

385 3864 683 3920 colentium
713 3876 786 3925 te.

456 3955 546 4009 54.
587 3955 665 4012 Ne
687 3958 872 4016 tradas
903 3977 1003 4018 nos
1026 3963 1079 4018 iu
1111 3965 1276 4022 finem
1303 3978 1525 4041 propter
1560 3988 1757 4031 nomen
1778 3987 1930 4032 tuum

385 4054 439 4101 et
461 4062 528 4102 ne
549 4048 782 4120 dissipes
802 4060 1188 4111 testamentum
1224 4067 1400 4117 tuum.

455 4136 544 4191 55.
587 4136 654 4193 Et
679 4154 746 4194 ne
766 4152 990 4197 avertas
1047 4145 1482 4204 misericordiam
1538 4162 1686 4207 tuam
1739 4154 1956 4210 anobis

386 4239 603 4299 propter
625 4230 898 4305 Abraham
929 4235 1185 4292 dilectum
1208 4255 1239 4294 a
1266 4249 1337 4304 te,
1360 4251 1414 4295 et
1429 4252 1649 4313 propter
1667 4241 1818 4298 Isaac
1839 4260 1957 4300 ser-

384 4334 510 4373 vum
546 4328 722 4386 tuum,
749 4330 803 4375 et
833 4323 996 4378 Israel
1021 4337 1271 4380 sanctum
1297 4337 1470 4381 tuum.

452 4411 540 4464 56.
583 4409 1046 4482 Quemadmodum
1094 4417 1352 4487 loquutus
1391 4433 1450 4474 es
1482 4418 1547 4472 ad
1595 4433 1712 4486 eos,
1742 4419 1954 4485 dicens,

384 4499 530 4568 quod
550 4501 1002 4571 multiplicaretur
1027 4520 1212 4561 semen
1238 4521 1428 4563 eorum
1460 4509 1617 4577 quasi
1646 4508 1813 4563 stella:
1829 4511 1950 4564 ωςιί

387 4592 752 4660 multitudine,
783 4604 837 4651 et
868 4597 1026 4668 quasi
1044 4613 1238 4665 arena,
1279 4613 1400 4669 quae
1427 4599 1609 4654 estad
1651 4615 1803 4655 oram
1839 4616 1952 4652 ma-

384 4683 482 4738 ris.

455 4773 546 4828 57.
585 4772 746 4843 Quia,
777 4776 1024 4844 Domine,
1055 4778 1312 4834 minorati
1339 4794 1532 4835 sumus
1567 4796 1675 4850 prae
1698 4781 1953 4836 omnibus

385 4866 726 4934 gentibus,et
747 4883 939 4924 sumus
970 4869 1202 4926 humiles
1235 4871 1454 4924 in-omni
1479 4877 1622 4926 terra
1641 4871 1797 4926 hodie
1826 4887 1953 4941 pro-

388 4966 507 5026 pter
534 4968 757 5027 peccata
789 4968 996 5014 nostra.

454 5049 542 5105 58.
583 5048 650 5104 Et
683 5064 792 5105 non
824 5059 909 5104 est
939 5051 992 5104 in
1023 5058 1266 5121 tempore
1297 5053 1398 5109 hoc
1440 5055 1711 5124 princeps,
1745 5063 1801 5108 et
1829 5070 1955 5122 ιιι-ο-

386 5141 568 5211 pheta,
593 5155 769 5211 neque
797 5140 928 5208 dux,
960 5158 1135 5212 neque
1157 5143 1558 5211 holocaustum,
1576 5161 1746 5215 neque
1785 5146 1955 5200 sacri-

388 5231 595 5300 ticium,
619 5248 796 5304 neque
819 5234 1238 5307 oblatio,neque
1268 5239 1569 5306 incensum,
1602 5252 1778 5308 neque
1807 5237 1956 5292 locus

388 5320 646 5376 offerendi
679 5325 731 5378 in
765 5335 1054 5396 conspectu
1088 5339 1200 5384 tuo.

459 5412 548 5468 59.
591 5411 656 5467 Et
682 5415 980 5472 inveniendi
1017 5419 1446 5477 misericordiam
1486 5441 1501 5477 :
1550 5420 1643 5474 scd
1688 5420 1742 5473 in
1771 5418 1955 5473 anima

385 5505 771 5570 contribulata,
803 5517 857 5562 et
886 5511 1079 5578 spiritu
1122 5513 1402 5569 humiliato
1434 5512 1814 5582 suscipiamur.

459 5641 549 5694 ιυ.
589 5640 756 5707 Quasi
788 5643 842 5698 in
874 5645 1201 5703 holocaustis
1223 5650 1474 5716 arietum,
1497 5655 1551 5704 et
1585 5658 1885 5711 taurorum,
1906 5655 1961 5701 et

390 5732 546 5800 quasi
577 5733 631 5786 in
661 5735 899 5792 millibus
927 5751 1187 5806 agnorum
1217 5741 1495 5808 pinguium
1525 5759 1539 5794 :
1568 5740 1645 5795 sic
1673 5741 1765 5794 llat
1788 5741 1960 5795 sacri-

393 5820 573 5879 ficium
605 5835 848 5882 nostrum
873 5827 928 5881 ia
962 5826 1253 5899 conspectu
1280 5841 1372 5886 tuo
1390 5831 1569 5897 hodie,
1595 5840 1648 5885 et
1681 5830 1957 5902 prOpitiari

2129 3330 2219 3386 52.
2246 3332 2356 3385 Kal.
2382 3331 2702 3404 παρέδωκας
2723 3336 2869 3408 ἡμᾶς
2903 3334 2984 3396 εἰς
3013 3335 3205 3405 χεῖρας
3233 3335 3447 3406 ἐχθρῶν
3477 3339 3637 3408 ἡμῶν

2060 3417 2298 3488 ἀνόμων,
2332 3419 2428 3474 καὶ
2454 3420 2716 3490 ἐχθίστων
2739 3421 3082 3487 ἀποστατῶν,
3114 3423 3208 3476 καὶ
3234 3424 3446 3494 βασιλεῖ
3464 3428 3635 3499 ἀδίκῳ

2060 3506 2154 3588 καὶ
2181 3508 2534 3580 πονηροτάτῳ
2557 3509 2706 3578 παρὰ
2739 3509 2919 3563 πᾶσαν
2947 3510 3055 3580 τὴν
3086 3510 3191 3580 γῆν

2132 3692 2220 3746 55.
2253 3686 2363 3745 Kal.
2392 3689 2486 3744 νῦν
2514 3676 2614 3742 οὐκ
2636 3689 2781 3744 ἐστιν
2818 3695 2950 3764 ἡμῖν
2979 3683 3186 3759 ἀνοῖξαι
3221 3696 3281 3750 τὲ
3317 3697 3517 3768 στόμαο
3543 3698 3632 3752 αἰ-

2062 3785 2226 3855 σχύνη
2256 3786 2350 3838 καὶ
2380 3783 2580 3848 ὄνειδος
2604 3784 2834 3857 ἐγενήθη
2863 3785 2971 3840 τῶν
3006 3785 3208 3840 δούλων
3252 3804 3346 3840 σου
3391 3789 3496 3842 -καὶ
3523 3788 3636 3843 τῶν

2060 3875 2367 3944 σεϐομένων
2395 3892 2475 3930 σε.

2127 3967 2217 4021 54.
2247 3966 2338 4038 Μή
2367 3966 2622 4039 παραδῷς
2647 3969 2796 4039 ἡμᾶς
2819 3974 2900 4034 εἰς
2922 3965 3068 4034 τέλος
3105 3971 3195 4025 διὰ
3228 3971 3486 4044 τοῦνομά
3516 3981 3633 4037 σου,

2059 4058 2152 4110 καὶ
2183 4057 2258 4129 μὴ
2287 4059 2644 4132 διασκεδάσῃς
2674 4077 2768 4112 σου
2794 4061 2893 4132 τὴν
2920 4061 3207 4133 διαθήκην.

2129 4151 2218 4204 55.
2252 4151 2359 4204 Ka‘t
2386 4151 2462 4223 μὴ
2501 4152 2814 4224 ἀποστήσῃς
2848 4147 2910 4206 τὸ
2940 4153 3089 4217 ἔλεός
3113 4171 3205 4207 σου
3234 4154 3328 4223 ἀφ’
3355 4155 3515 4226 ήμῶν
3546 4153 3634 4208 διά

2071 4239 2320 4310 ’Λϐραὰμ
2366 4241 2459 4294 τὸν
2511 4243 2868 4314 ἠγαπημένον
2907 4245 3013 4298 ὑπό
3044 4262 3159 4310 σου,
3193 4246 3287 4298 καὶ
3311 4245 3398 4299 διὰ
3448 4245 3634 4300 Ἰσαὰκ

2058 4331 2148 4385 τὸν
2177 4331 2360 4385 δοῦλόν
2396 4348 2514 4395 σου,
2548 4333 2641 4386 καὶ
2672 4333 2889 4404 Ἰσραὴλ
2917 4337 3007 4388 τὸν
3033 4335 3189 4403 ἅγιόν
3223 4351 3336 4392 σου.

2131 4423 2219 4478 56.
2261 4423 2348 4486 Ὧς
2375 4423 2643 4494 ἐλάλησας
2668 4425 2804 4496 πρὸς
2833 4425 3030 4485 αὐτοὺς
3063 4427 3258 4496 λέγων,
3295 4428 3631 4499 πολυπληθῶ

2059 4533 2147 4568 ναι
2171 4515 2232 4568 τὸ
2259 4515 2480 4586 σπέρμα
2511 4516 2690 4570 αὐτῶν
2737 4511 2812 4580 ὧς
2845 4516 2914 4571 τὰ
2941 4517 3116 4589 ἄστρα
3154 4519 3247 4573 τοῦ
3277 4521 3507 4592 οὐρανοῦ
3556 4521 3634 4591 τῷ

2060 4605 2276 4676 πλήθει,
2309 4606 2402 4658 καὶ
2425 4605 2499 4669 ὡς
2520 4605 2619 4675 τὴν
2643 4606 2826 4678 ἅμμον
2853 4607 2950 4680 τὴν
2973 4609 3121 4679 παρά
3142 4609 3199 4663 τὸ
3219 4611 3391 4682 χεῖλος
3412 4613 3512 4684 τῆς
3536 4612 3636 4667 θα-

2059 4694 2127 4748 λά
2137 4711 2282 4765 ςσης.

2130 4786 2216 4839 57.
2252 4786 2395 4850 Ὅτι,
2421 4785 2688 4852 Δέσποτα,
2711 4787 3153 4860 ἐσμικρύνθημεν
3181 4789 3334 4860 παρά
3358 4793 3533 4846 πάντα
3563 4794 3630 4848 τὰ

2059 4876 2210 4946 ἔθνη,
2262 4877 2357 4930 καὶ
2412 4877 2580 4948 ἐσμὲν
2622 4881 2867 4932 ταπεινοὶ
2894 4880 2953 4932 ἐν
2983 4880 3134 4953 πάσῃ
3176 4884 3243 4953 τῇ
3286 4885 3356 4954 γῇ
3391 4885 3632 4956 σήμερον

2060 4971 2148 5024 διὰ
2165 4969 2264 5034 τὰς
2287 4971 2568 5042 ἁμαρτίας
2597 4971 2776 5042 ἡμῶν.

2132 5062 2220 5116 58.
2250 5062 2360 5114 Καὶ
2379 5063 2479 5115 οὐκ
2508 5061 2656 5115 ἔστιν
2690 5065 2747 5116 ὲν
2775 5062 2854 5134 τῷ
2893 5065 3071 5136 καιρῷ
3116 5065 3292 5136 τούτῳ
3321 5068 3505 5138 ἄρχων
3540 5070 3636 5123 καὶ

2064 5151 2367 5220 προφήτης,
2385 5151 2516 5202 Ὀὐδὲ
2549 5150 2883 5221 ἡγούμενος,
2911 5153 3034 5206 οὐδὲ
3080 5153 3465 5220 ὁλοκαύτωσις,
3513 5158 3636 5209 οὐδὲ

2065 5236 2245 5299 θυσία,
2275 5239 2394 5290 οὐδὲ
2422 5240 2727 5311 προσφορὰ,
2754 5240 2874 5293 οὐδὲ
2896 5241 3166 5313 θυμίαμα,
3191 5244 3308 5297 οὐδὲ
3342 5247 3505 5309 τόπος
3542 5247 3636 5300 τοῦ

2065 5327 2356 5398 καρπῶσαι
2379 5331 2610 5384 ἐνώπιόν
2641 5348 2752 5385 σου.

2137 5420 2224 5475 59.
2256 5423 2366 5474 Καὶ
2382 5423 2570 5494 εὑρεῖν
2587 5422 2736 5486 ἔλεος
2752 5439 2766 5456 °
2797 5425 2912 5478 ἀλλ’
2934 5427 2992 5480 ἐν
3013 5410 3158 5499 ψυχῇ
3182 5431 3636 5502 συντετριμμένῃ,

2067 5513 2158 5566 καὶ
2192 5515 2459 5585 πνεύματι
2490 5519 2942 5588 τεταπεινωμένῳ
2976 5521 3456 5592 προσδεχθείημεν.

2137 5647 2225 5701 40.
2263 5649 2352 5711 Ὦς
2391 5651 2448 5701 ἐν
2479 5649 2894 5723 ὀλοκαυτώμασι
2924 5654 3094 5726 κριῶν
3140 5656 3233 5707 καὶ
3263 5655 3501 5727 ταύρων.
3545 5651 3642 5710 καὶ

2065 5735 2140 5800 ὡς
2177 5738 2235 5791 ἐν
2269 5740 2527 5810 μυριάσιν
2559 5739 2739 5814 ἀρνῶν
2783 5743 3011 5798 πιόνων·
3043 5744 3183 5797 οὕτω
3213 5746 3451 5811 γενέσθω
3483 5746 3646 5826 ἡμῶν¹

2069 5831 2101 5900 ή
2137 5828 2296 5884 θυσία
2322 5831 2551 5889 ἐνώπιόν
2591 5853 2683 5890 σου
2717 5837 2976 5910 σήμερον,
3008 5836 3103 5892 καὶ
3147 5837 3388 5903 ἐξιλᾶσαι
3423 5839 3640 5893 ὄπισθέν
