4064 6468
426 419 567 476 2789

1686 414 1934 472 DANIEL
1988 413 2216 473 CAPUT
2258 413 2351 469 lll.

3547 413 3689 470 2790

429 557 547 605 σου,
582 539 663 592 ὅτι
690 535 793 590 ούκ
833 534 977 589 ἔστιν
1006 533 1235 605 αἰσχύνη
1271 533 1384 597 τοῖς
1429 529 1746 586 πεποιθόσιν
1790 533 1881 587 ἐπί
1916 550 1984 587 σοι

2101 541 2223 603 post
2247 540 2318 597 te,
2350 530 2476 601 quia
2506 540 2611 584 non
2647 535 2729 585 est
2752 528 3429 599 confusioconﬂdentibus
3456 529 3511 583 in
3543 537 3597 584 te
3627 538 3684 584 et

427 634 482 672 ’τ’
525 630 621 683 καὶ
645 626 926 682 τελειῶσαι
965 624 1188 680 ὖπισθέν
1218 641 1314 678 σου
1339 624 1397 694 /.

386 717 398 769 ἰ
496 718 586 773 ιι.
617 716 728 771 Kal.
762 714 858 771 νῦν
881 714 1344 786 ὲξακολουθοῦμεν
1377 713 1572 788 ἐνρδλῃ
1603 714 1801 787 καρδίᾳ
1822 715 1997 785 ἡμῶν,

426 809 521 866 καί
551 807 866 880 φοδούμεθά
891 824 973 873 σε,
1012 808 1108 861 καί
1147 805 1419 878 ζητοῦμεν
1445 806 1818 878 τὸκπρόσωπόν
1847 824 1961 859 σου.

499 901 591 964 43.
617 901 709 973 Μὴ
748 897 1119 970 καταισχύνῃς
1178 898 1369 968 ἡμᾶς,
1417 894 1553 951 άλλά
1606 896 1831 967 ποίησον
1879 895 1999 966 μεθ’

426 993 581 1064 ἡμῶν
608 997 758 1057 ἔλεος
792 992 837 1047 /.
869 990 1021 1048 κατὰ
1040 990 1140 1062 τὴν
1159 989 1461 1045 ἐπιείκειάν
1496 1005 1613 1055 σου,
1652 989 1745 1042 καὶ
1775 988 1912 1043 κατὰ
1938 988 1999 1041 τὸ

424 1080 629 1151 πλῆθος
659 1081 754 1135 τοῦ
789 1080 976 1142 ὲλέους
1002 1095 1118 1132 σου.

491 1172 584 1227 45.
608 1172 718 1226 Kal.
756 1170 940 1237 ἑξελοῦ
966 1172 1114 1242 ἡμᾶς
1139 1170 1283 1224 κατά
1321 1167 1390 1223 τά
1420 1167 1698 1240 θαυμάσιά
1741 1184 1855 1232 σου,
1905 1169 2001 1223 καί

410 1262 510 1325 ,δὸς
537 1261 696 1327 δόξαν
722 1261 803 1333 τῷ
828 1262 1052 1333 ὀνόματί
1075 1278 1192 1325 σου,
1222 1259 1420 1331 Κύριε.

492 1352 582 1407 ﬂ.
607 1354 718 1408 Kal
742 1353 1140 1424 ὲντραπείησαν
1164 1352 1364 1414 πάντες
1388 1351 1436 1404 οἰ
1466 1350 1864 1421 ἐνδεικνύμενοι
1885 1352 1997 1414 τοῖς

422 1443 630 1507 δούλοις
655 1460 750 1498 σου
779 1443 943 1508 κακά,
972 1442 1065 1495 καὶ
1094 1438 1626 1511 καταισχυνθείησαν
1668 1438 1776 1494 άπὸ
1816 1440 1997 1508 πάσης

351 1588 362 1597 _
422 1534 760 1599 δυναστείας,
785 1534 881 1587 καὶ
906 1534 939 1602 ἡ
973 1532 1128 1603 ἰσχὺς
1165 1530 1347 1586 αὐτῶν
1378 1529 1714 1603 συντριϐείη.

488 1626 575 1681 45.
603 1624 901 1679 Γνώτωσαν
934 1624 1018 1678 ὃτι
1056 1626 1123 1677 σὺ
1153 1618 1208 1677 εἷ
1248 1621 1409 1695 μόνος
1448 1621 1652 1693 Κύριος
1676 1623 1704 1677 ό
1725 1621 1879 1690 Θεὸς,
1902 1623 1999 1677 καί

418 1715 627 1783 ἔνδοξος
650 1717 736 1787 ἐφ’
764 1714 894 1787 ὅλην
916 1713 1014 1786 τὴν
1037 1714 1381 1786 οἰκουμένην.

2100 620 2359 691 perlicere
2388 627 2510 689 post
2538 626 2609 673 te.

2171 712 2262 766 4H.
2301 710 2367 766 Et
2388 727 2535 766 nunc
2562 710 2916 780 exsequimur
2952 710 3004 764 in
3038 720 3154 767 toto
3183 713 3348 768 corde
3386 718 3594 776 nostra,
3626 720 3681 766 et

2102 805 2357 858 timemus
2394 810 2466 867 te,
2493 810 2547 857 et
2574 802 2872 872 qumrimus
2900 800 3092 857 faciem
3124 812 3296 857 tuam.

2174 896 2260 951 ιε.
2302 894 2380 950 Ne
2415 893 2720 950 confundas
2751 909 2873 957 nos,
2926 893 3020 972 sed
3068 891 3154 949 fac
3194 894 3481 949 nobiscum
3507 893 3677 948 mise-

2102 985 2393 1040 ricordiam
2423 983 2723 1040 secundum
2766 984 3240 1038 mansuetudinem
3290 991 3462 1049 tuam,
3498 993 3552 1038 et
3586 998 3675 1039 sco

2099 1075 2340 1129 cundum
2369 1073 2770 1129 multitudinem
2805 1073 3181 1129 miserationis
3214 1087 3341 1128 tuae.

2167 1167 2257 1220 45.
2300 1164 2366 1220 Et
2391 1165 2561 1221 libera
2597 1180 2699 1222 nos
2720 1163 3019 1221 secundum
3063 1164 3333 1220 mirabilia
3388 1172 3501 1229 tua,
3529 1175 3581 1220 et
3607 1166 3676 1226 da

2098 1256 2325 1326 gloriam
2358 1255 2567 1311 nomini
2597 1265 2713 1320 tuo,
2743 1252 3001 1315 Domine._

2166 1347 2257 1404 44.
2297 1347 2364 1402 Ει
2390 1346 2801 1407 confundantur
2822 1361 3034 1414 omnes,
3057 1347 3151 1417 qui
3184 1347 3474 1412 ostendunt
3503 1348 3677 1402 servis

2097 1438 2208 1495 tuis
2231 1439 2397 1504 mala,
2455 1447 2511 1497 et
2557 1437 2969 1503 confundantur
3015 1440 3085 1508 ab
3140 1439 3290 1495 omni
3334 1440 3596 1511 potentia,
3622 1449 3672 1496 et

2097 1526 2356 1583 fortitudo
2384 1543 2574 1584 eorum
2609 1536 2945 1593 conteratur.

2165 1619 2257 1676 45.
2296 1620 2952 1693 ϐοεηοεεαιιῐ,,(ιυοηίυηι
2992 1628 3049 1675 ιιι
3109 1635 3169 1676 es
3216 1621 3367 1677 solus
3408 1620 3674 1676 Dominus

2096 1710 2258 1778 Deus,
2282 1719 2334 1766 et
2363 1710 2636 1782 gloriosus
2693 1724 2859 1786 super
2904 1710 3236 1779 universum.
3281 1712 3468 1781 orbem
3502 1721 3673 1768 terra-

2096 1817 2243 1856 rum.

485 1899 574 1953 46.
604 1898 714 1952 Kal
740 1897 803 1951 ού
832 1896 1068 1950 διέλιπον
1091 1896 1140 1948 οἰ
1171 1893 1529 1965 ἐμϐάλλοντες
1561 1894 1757 1960 αὐτοὺς
1782 1896 1984 1968 ὑπηρέ-

2164 1892 2251 1948 46.
2295 1891 2361 1948 Et
2389 1909 2496 1949 non
2532 1893 2845 1960 cessabant,
2874 1895 2968 1965 qui
3019 1893 3340 1966 injiciebant
3362 1909 3479 1961 eos,
3513 1893 3641 1949 min’

415 2007 505 2044 ται
537 1987 642 2054 ,τοῦ
673 1988 959 2060 βασιλέως,
991 1985 1234 2049 καίοντες
1272 1985 1373 2056 τὴν
1410 1986 1673 2057 κάμινονο
1708 1988 1802 2040 καὶ
1831 1988 1994 2060 ἡνίκα

415 2077 739 2134 ὲνεὸάλοσαν
772 2077 898 2141 τοὺς
943 2078 1093 2147 τρεῖς
1120 2076 1353 2140 εἰσάπαξ
1383 2076 1462 2140 εἰς
1486 2077 1585 2147 τὴν
1628 2077 1882 2147 κάμινον,
1903 2081 1994 2133 καὶ

402 2172 452 2240 ,ἡ
478 2171 708 2240 κάμινος
743 2165 813 2239 ἦν
855 2168 1119 2240 διάπυρος
1153 2168 1296 2222 κατὰ
1340 2168 1439 2239 τὴν
1488 2168 1791 2240 θερμασίαν
1827 2171 1996 2240 αὐτῆς

418 2261 803 2324 ἐπταπλασίως
828 2278 841 2290 ·
880 2261 977 2313 καὶ
1028 2260 1120 2314 ὅτε
1174 2260 1370 2324 αὐτοὺς
1415 2260 1759 2327 ὲνεδάλοσαν,
1812 2264 1862 2317 οἰ
1897 2264 1996 2334 μὲν

408 2351 779 2423 ἐμϐάλλοντες
811 2353 1010 2416 αὑτοὺς
1037 2347 1180 2424 ἦσαν
1207 2351 1463 2423 ὑπεράνω
1499 2351 1702 2418 αὐτῶν,
1729 2354 1781 2405 οἰ
1805 2353 1863 2407 δὲ
1893 2355 1995 2406 ὑπ-

418 2442 605 2497 έκαιον
629 2442 979 2498 ὑποκάτωθεν
1006 2442 1187 2496 αὐτῶν
1206 2441 1436 2512 νάφθαν,
1474 2445 1568 2497 καὶ
1616 2442 1860 2511 στυπίον,
1899 2445 1993 2499 καὶ

306 2548 313 2553 '
419 2532 641 2599 πίσσαν,
670 2532 767 2587 καὶ
793 2532 1119 2604 κληματίδα.

481 2619 575 2674 47.
605 2622 715 2675 Kal.
757 2621 985 2693 διεχεῖτο
1022 2625 1058 2694 ἡ
1110 2622 1245 2693 φλὸξ
1273 2622 1458 2679 ἐπάνω
1487 2625 1587 2695 τῆς
1632 2624 1859 2695 καμίνου
1898 2625 1990 2679 ἐπὶ

416 2712 612 2783 πήχεις
630 2714 1218 2785 τεσσαρακονταεννέα.

480 2799 571 2856 48.
596 2801 707 2854 Kal
729 2801 1101 2869 διεξώδευσεν,
1125 2802 1222 2858 καί
1244 2805 1562 2876 ἐνεπύρισεν
1583 2804 1678 2869 οὓς
1708 2800 1837 2876 εὗρε
1860 2805 1989 2875 περὶ

411 2889 511 2963 τὴν
539 2890 769 2963 κάμινον
796 2894 905 2948 τῶν
939 2892 1244 2949 Χαλδαίων.

481 2979 571 3036 49.
616 2981 878 3051 Ἀγγελος
907 2982 965 3037 δὲ
990 2982 1196 3054 Κυρίου
1228 2983 1540 3053 συγκατέϐη
1578 2985 1694 3055 ἃμα
1719 2986 1830 3050 τοῖς
1859 2986 1990 3058 περί

412 3070 504 3124 τὸν
550 3070 807 3143 Ἀζαρίαν
865 3072 945 3136 εἰς
1000 3072 1099 3142 τὴν
1141 3072 1393 3143 κάμινον,
1434 3073 1529 3127 καὶ
1580 3073 1847 3143 ὲεετίναξε
1891 3075 1988 3146 τὴν

411 3162 586 3234 φλόγα
603 3162 696 3217 τοῦ
723 3163 898 3236 πυρὸς
928 3166 994 3218 ὲκ
1020 3164 1122 3235 τῆς
1152 3163 1407 3235 καμίνου.
1428 3198 1447 3233 κ

482 3254 569 3311 50.
603 3254 712 3320 Kal.
743 3254 970 3325 ἐποίησε
998 3252 1062 3306 τὸ
1095 3254 1258 3325 μέσον
1279 3254 1377 3324 τῆς
1399 3255 1630 3324 καμίνου
1659 3256 1791 3315 ῶσεί
1820 3256 1978 3310 πνεϋ⁸

411 3360 488 3415 μα
517 3345 713 3417 δρόσου
733 3343 1066 3416 διασυρίζον,
1094 3345 1192 3398 καὶ
1222 3346 1321 3415 οὑχ
1343 3345 1519 3416 ἥψατο
1544 3346 1727 3409 αὑτῶν
1756 3346 1984 3408 καθόλου

407 3435 472 3490 τὸ
506 3434 636 3510 πῦρ,
662 3438 756 3493 καὶ
782 3437 882 3499 οὑκ
903 3436 1163 3508 ἐλύπησε,
1191 3438 1300 3500 καὶ,
1326 3439 1395 3499 οὑκ
1429 3438 1857 3514 παρηνώχλησεν
1887 3441 1985 3495 αὑ-

405 3543 553 3591 τους.

477 3619 566 3674 51.
611 3619 994 3685 ’Δναλαϐόντες
1025 3621 1083 3675 δὲ
1109 3622 1159 3676 οἰ
1187 3625 1334 3694 τρεῖς
1364 3623 1439 3687 ὠς
1480 3622 1538 3689 ἐξ
1567 3600 1685 3686 ἑνὸς
1717 3623 1983 3694 στόματος

409 3711 632 3782 ὕμνουν,
663 3711 757 3771 καί
778 3712 1053 3779 ἐδόξαζον.
1079 3714 1173 3777 καὶ
1200 3714 1456 3782 εὐλόγουν
1477 3727 1539 3776 αις
1563 3714 1656 3767 καὶ
1675 3713 1904 3783 secem
1922 3716 1979 3784 /.

405 3800 497 3855 τὸν
525 3800 656 3856 Θεὸν
676 3802 736 3861 ὲν
761 3804 829 3874 τῇ
851 3802 1393 3874 καμίνῳ,,λέγοντεςο

474 3894 564 3948 52.
624 3894 930 3965 Εὐλογητὸς
974 3890 1045 3961 εἷ,
1090 3894 1264 3965 Κύριε
1311 3896 1340 3947 ό
1385 3893 1519 3957 Θεὸς
1569 3893 1677 3948 τῶν
1730 3894 1982 3965 πατέρων

404 3983 585 4054 ἡμῶν,
614 3984 706 4038 καὶ
739 3984 969 4049 αἰνετὸς,
998 3984 1094 4048 καὶ
1127 3982 1573 4054 ὑπερυψούμενος
1602 3984 1683 4047 εἰς
1708 3983 1834 4048 τοὺς
1859 3985 1984 4037 αἰῶ.

407 4089 526 4137 νας’
580 4075 676 4128 καὶ
728 4074 1093 4146 εὐλογημένον
1123 4074 1184 4128 τὸ
1209 4074 1381 4143 ὄνομα
1425 4073 1526 4143 τῆς
1583 4073 1742 4144 δόξης
1793 4091 1889 4128 σου
1922 4075 1984 4128 τὸ

406 4164 584 4232 ἅγιον,
614 4165 710 4219 καὶ
739 4163 1113 4238 ὑπεραινετὸν.
1144 4163 1238 4218 καί
1276 4165 1705 4236 ὑπερυψωμένον
1737 4169 1817 4231 εἰς
1847 4166 1983 4221 πάν-

403 4274 500 4321 τας
519 4259 645 4321 τοὺς
668 4256 892 4321 αἰῶνας.

475 4346 564 4402 55.
596 4346 974 4419 Εὐλογημένος
1002 4340 1056 4400 εῐ
1097 4348 1156 4401 ὲν
1204 4343 1282 4417 τῷ
1322 4346 1435 4418 ναῷ
1464 4346 1562 4417 τῆς
1612 4347 1773 4417 ἁγίας
1822 4347 1981 4420 δόξης

402 4451 521 4507 σου,
543 4439 639 4495 καὶ
666 4439 1072 4512 ὑπερυμνητὸς,
1093 4439 1188 4496 καὶ
1215 4438 1571 4510 ὑπερένδοξος
1593 4441 1674 4504 εἰς
1694 4441 1820 4506 τοὺς
1849 4440 1982 4495 αἰῶ-

401 4547 518 4594 νας.

382 4655 389 4667 1
473 4620 562 4676 54.
596 4621 901 4694 Εὐλογητὸς
931 4617 983 4676 si
1017 4623 1110 4676 ἐπὶ
1152 4622 1342 4694 θρόνου
1379 4624 1539 4696 δόξης
1568 4625 1669 4695 τῆς
1704 4624 1980 4695 βασιλείας

406 4729 519 4777 σου,
550 4714 643 4766 καὶ
668 4713 926 4784 ὑμνητὸς,
945 4714 1040 4766 καὶ
1055 4714 1480 4786 ὑπερυψωμένος
1500 4718 1580 4780 εἰς
1598 4720 1724 4782 τοὺς
1753 4718 1976 4782 αἰῶνας.

473 4805 563 4867 55.
596 4804 901 4875 Εὐλογητὸς
934 4800 986 4857 εἶ
1010 4805 1038 4857 ὁ
1072 4804 1284 4876 βλέπων
1325 4806 1597 4871 ἀϐύσσους
1619 4848 1636 4876 ,
1670 4809 1980 4881 καθήμενος

404 4898 498 4950 ἐπὶ
522 4897 821 4970 Χερουϐὶμ,
846 4897 940 4951 καὶ
966 4896 1199 4965 αἰνετὸς,
1230 4897 1325 4951 καὶ
1344 4898 1726 4970 δεδοξασμένος
1756 4903 1835 4966 εἰς
1852 4901 1981 4964 τοὺς

404 4985 627 5049 αἰῶνας.

473 5077 563 5132 56.
592 5076 900 5149 Εὐλογητὸς
927 5072 979 5131 εἴ
1010 5080 1068 5133 ἐν
1099 5076 1178 5149 τῷ
1211 5076 1553 5150 στερεώματι
1585 5083 1652 5150 3s;
1681 5080 1776 5134 τοῦ
1817 5081 1980 5153 ούραο

366 5170 371 5173 ’
402 5166 517 5233 νοῦ,
546 5167 639 5221 καί
666 5167 927 5239 ὑμνητὸς,
963 5168 1058 5221 καὶ
1084 5167 1471 5240 δεδοξασμένος
1498 5171 1578 5234 εἰς
1601 5171 1726 5234 τοὺς
1752 5172 1973 5236 αἰῶνας.

472 5259 560 5314 57.
594 5259 884 5329 Εὑ).ογεῖτε
909 5260 1089 5331 πάντα
1117 5260 1187 5314 τά
1217 5262 1354 5332 ἔργα
1389 5260 1483 5315 τοῦ
1516 5262 1724 5334 Κυρίου
1757 5262 1848 5316 τὸν
1873 5263 1980 5317 Κύ-

404 5366 539 5420 ριον,
566 5349 808 5420 ὑμνεῖτε,
826 5349 924 5402 καὶ
947 5348 1287 5420 ὑπερυψοῦτε
1310 5350 1476 5404 αὑτὸν
1496 5352 1574 5413 εἰς
1598 5351 1725 5414 τοὺς
1752 5351 1973 5414 αἰῶνας.

365 5479 369 5483 ι
469 5440 558 5497 58.
580 5439 867 5509 Εὑλογεῖτε
893 5440 1114 5509 ἄγγελοι
1130 5442 1336 5513 Κυρίου
1364 5442 1454 5496 τὸν
1476 5441 1704 5514 Κύριον,
1732 5444 1972 5514 ὑμνεῖτε,

405 5533 495 5587 καί
515 5531 858 5605 ύπερυψοῦτε
887 5532 1048 5586 αὑτὸν
1081 5533 1162 5597 εἰς
1192 5534 1318 5597 τοὺς
1341 5533 1561 5597 αἰῶνας.

366 5656 373 5665 -
466 5625 553 5679 59.
589 5625 878 5692 Εὑλογείτε
915 5625 1136 5696 οὐρανοὶ
1171 5625 1261 5679 τὸν
1287 5625 1493 5696 Κύριον
1514 5666 1529 5692 ,
1578 5629 1797 5696 ὑμνεῖτε
1819 5668 1834 5694 ,
1884 5629 1976 5681 καὶ

365 5742 373 5748 ο
400 5715 742 5787 ὑπερυψοῦτε
768 5717 933 5772 αὑτὸν
959 5719 1038 5779 εἰς
1061 5717 1186 5781 τοὺς
1220 5718 1439 5782 αἰῶνας.

473 5809 557 5864 ϐυ.
594 5809 875 5881 Εὐλογείτε
898 5811 1082 5878 ὕδατα,
1111 5811 1200 5866 καί
1233 5813 1404 5868 πάντα
1435 5812 1501 5867 τὰ
1530 5814 1712 5869 ἐπάνω
1747 5813 1844 5873 τοῦ
1880 5814 1970 5867 ού-

2096 1986 2195 2041 stri
2232 1984 2372 2055 regis
2395 1986 2791 2043 succendentes
2819 1986 3095 2043 fornacem
3126 2006 3140 2043 :
3172 1995 3233 2048 et.
3253 1989 3472 2058 quando
3494 1988 3646 2042 immr

2096 2080 2286 2127 serunt
2316 2081 2426 2129 tres
2453 2073 2617 2129 simul
2654 2075 2709 2129 in
2769 2076 3071 2143 fornacem,
3123 2077 3287 2132 etiam
3337 2076 3675 2143 fornaxwerat

2097 2176 2362 2219 succensa
2408 2164 2707 2219 secundum
2748 2163 3231 2223 inflammationem
3282 2182 3437 2222 suam
3484 2179 3671 2240 septu-

2095 2253 2267 2322 plum,
2290 2263 2345 2310 et
2364 2256 2587 2324 quando
2616 2255 2920 2325 injecerunt
2941 2271 3060 2324 eos,
3087 2259 3179 2328 qui
3206 2259 3426 2329 quidem
3457 2260 3671 2330 injicie-

2096 2343 2228 2398 bant
2257 2357 2374 2412 eos,
2404 2352 2563 2399 erant
2594 2360 2760 2414 supra
2788 2360 2882 2401 eos
2907 2362 2923 2413 ;
2977 2346 3071 2401 alii
3107 2362 3235 2402 vero
3265 2349 3672 2403 succendebant

2094 2434 2285 2488 subter
2311 2449 2407 2490 eos
2439 2434 2759 2508 naphtbam,
2798 2444 2854 2492 et
2876 2447 3110 2508 stupam,
3162 2447 3216 2493 et
3240 2438 3439 2510 picem,
3466 2449 3518 2494 et
3545 2454 3667 2495 sar-

2094 2534 2297 2579 menta.

2161 2615 2252 2670 47.
2299 2613 2365 2670 Et
2391 2614 2772 2672 effundebatur
2824 2618 3042 2675 flamma
3089 2636 3254 2693 super
3296 2621 3571 2685 fornacem
3600 2625 3669 2680 ad

2091 2704 2309 2762 cubitus
2338 2707 2697 2778 quadraginta
2724 2724 2944 2765 novem.

2162 2796 2252 2852 48.
2295 2796 2362 2852 Ει
2418 2808 2712 2869 pervagata
2743 2809 2848 2865 est,
2892 2807 2950 2868 et
3006 2799 3247 2857 incendit
3305 2817 3443 2873 quos
3471 2803 3672 2873 reperit

2091 2885 2234 2945 circa
2267 2883 2542 2942 fornacem
2563 2887 2632 2942 de
2657 2888 2948 2944 Chaldaeis.

2160 2974 2250 3031 49.
2296 2977 2532 3048 Angelus
2563 2986 2745 3033 autem
2780 2976 2995 3034 Domini
3026 2977 3311 3035 descendit
3346 2981 3511 3049 simul
3541 2996 3667 3041 cum

2091 3067 2191 3131 eis,
2216 3068 2307 3139 qui
2337 3079 2494 3124 erant
2517 3084 2640 3125 cum
2666 3070 2862 3125 Azaria
2893 3071 2949 3126 in
2999 3071 3315 3149 fornacem”
3355 3075 3669 3144 eLerIISSit

2092 3157 2365 3213 ﬂammam
2393 3158 2531 3229 ignis
2555 3159 2621 3214 de
2641 3158 2883 3216 fornace.

2160 3250 2249 3305 50.
2292 3250 2358 3305 Et
2385 3249 2512 3306 fecit
2542 3252 2783 3307 medium
2820 3252 3063 3311 fornacis
3106 3255 3264 3329 quasi
3294 3257 3553 3331 spiritum
3575 3274 3665 3313 rc-

2088 3342 2165 3396 ris
2198 3340 2442 3408 flantem,
2472 3351 2526 3397 et
2548 3358 2655 3398 non
2695 3344 2867 3415 tetigit
2902 3360 2999 3402 eos
3032 3361 3259 3416 prorsus
3293 3348 3458 3420 ignis,
3492 3366 3667 3427 neque

2086 3432 2450 3501 contristavit,
2485 3449 2661 3506 neque
2695 3438 3004 3493 molestiam
3036 3438 3221 3503 intulit
3249 3441 3353 3497 eis.
3378 3500 3397 3509 ,η

2152 3613 2243 3669 51.
2285 3615 2640 3672 Assumentes
2696 3625 2878 3672 autem
2943 3625 3055 3675 tres
3106 3619 3263 3690 quasi
3315 3634 3383 3676 ex
3420 3636 3531 3691 uno
3570 3638 3666 3679 ore

2086 3702 2351 3776 hymnum
2377 3707 2629 3763 dicebant
2651 3716 2705 3764 et
2736 3700 3214 3781 gloriﬁcabam,_.et
3240 3710 3661 3782 berledieebaut,

2084 3797 2469 3853 ctexaltabant
2503 3798 2671 3855 Deum
2700 3801 2756 3855 in
2788 3800 3013 3858 fornace
3044 3801 3287 3876 dicentes
3328 3822 3341 3858 :

2154 3884 2243 3937 52.
2285 3885 2610 3944 Benedictus
2641 3905 2722 3957 es,
2758 3888 2991 3949 Domine
3014 3890 3166 3965 Deus
3177 3903 3408 3964 patrum
3439 3907 3660 3951 nostru-

2085 3989 2233 4040 rum,
2269 3985 2323 4030 et
2351 3977 2662 4044 laudabilis,
2704 3990 2760 4035 et
2786 3985 3222 4054 super-exaltatus
3242 3986 3309 4054 Ain
3338 3988 3534 4043 saecula
3561 4004 3577 4042 :
3608 3998 3664 4044 et

2084 4064 2430 4122 benedictum
2463 4083 2664 4123 nomen
2699 4070 2885 4139 gloriae
2929 4082 3344 4142 tuaa‘sanctum,
3372 4084 3425 4143 et
3469 4058 3660 4147 super-

2085 4157 2374 4225 laudabile,
2406 4168 2459 4215 ct
2484 4160 2947 4230 superexaltatum
2980 4163 3050 4232 in,
3073 4165 3259 4234 omnia
3282 4167 3497 4235 ,steeula

2152 4340 2251 4401 53.,
2310 4341 2641 4398 Benedictus
2720 4357 2795 4409 es.
2834 4344 2897 4411 in
2950 4345 3175 4417 templo,
3213 4355 3417 4413 sancta:
3474 4349 3660 4422 gloria:
3738 4328 3741 4329 ν

2086 4441 2212 4499 tuae,
2257 4443 2313 4491 et
2372 4435 2845 4505 super-laudabilis,
2877 4445 2929 4510 et
2975 4439 3411 4511 supergloriosus
3452 4445 3508 4501 in
3556 4460 3651 4500 sie-

2012 4550 2056 4605 D
2085 4526 2226 4579 cula.

2154 4617 2243 4671 54.
2286 4616 2696 4685 Benedictuses
2718 4620 2776 4688 in
2799 4681 2804 4686 ,
2830 4624 3030 4687 throno
3056 4623 3251 4695 gloriae,
3286 4628 3437 4699 regni
3473 4629 3574 4695 tui,
3609 4640 3663 4685 et

2082 4708 2395 4778 laudabilis,
2422 4723 2477 4768 et
2507 4715 2946 4783 superexaltatus
2991 4716 3047 4772 in
3086 4720 3326 4783 saecula!

2154 4805 2245 4860 55.
2270 4803 2599 4873 Benedictus
2642 4822 2703 4863 es
2730 4809 2830 4879 qui
2860 4812 3041 4872 cernis
3059 4811 3318 4882 abyssos,
3349 4812 3544 4869 sedens
3569 4828 3654 4868 su-

2083 4912 2179 4967 per
2230 4897 2571 4968 Cberubima
2607 4908 2665 4958 et
2707 4901 3035 4969 laudabilis,
3073 4914 3128 4961 et
3182 4903 3452 4973 gloriosus
3481 4904 3535 4958 in
3559 4920 3660 4958 sat:-

2083 4990 2224 5044 cula.

2154 5080 2244 5136 56.
2284 5080 2619 5143 Benedictus
2635 5086 2791 5141 es.in.
2815 5084 3159 5143 ﬁrmamento
3199 5084 3349 5153 coeli,
3387 5096 3441 5140 et
3472 5084 3662 5139 lauda—

2082 5172 2231 5240 bilis,
2255 5181 2308 5228 et
2338 5174 2619 5245 gloriosus
2649 5176 2704 5231 in
2733 5177 2956 5232 saecula.

2151 5268 2240 5324 57.
2281 5268 2611 5336 Benedicile,
2662 5270 2846 5326 omnia
2895 5283 3058 5338 opera
3106 5267 3342 5333 Domini,
3408 5269 3657 5333 Domino,

2082 5363 2346 5435 hymnum
2369 5364 2552 5429 dicite,
2586 5374 2641 5419 et
2664 5364 3064 5433 superexaltate
3104 5376 3231 5415 eum
3263 5362 3318 5414 in
3353 5363 3574 5417 saecula.

2152 5453 2241 5508 58.
2282 5453 2613 5516 Benedicite,
2645 5452 2819 5521 angeli
2853 5450 3087 5517 Domini,
3123 5450 3377 5521 Domino,
3397 5453 3658 5522 hymnum

2079 5547 2263 5619 dicite,
2288 5559 2341 5600 et
2367 5545 2768 5613 superexaltate
2795 5560 2920 5598 eum
2961 5545 3015 5599 in
3048 5544 3266 5600 saecula.

2153 5638 2239 5690 '59.
2278 5632 2607 5695 Benedicitc,
2643 5635 2787 5698 coeli,
2822 5632 3073 5699 Domino,
3104 5635 3365 5703 hymnum
3396 5630 3580 5698 dicite,
3606 5640 3662 5685 et

2081 5725 2479 5796 super-exaltate
2503 5739 2629 5776 eum
2662 5726 2717 5779 in
2740 5727 2965 5782 saecula.

2151 5814 2238 5868 60.
2280 5808 2606 5874 Bcncdicitc,
2633 5825 2807 5889 aquae,
2827 5819 2877 5867 et
2906 5811 3110 5878 omnia,
3138 5820 3258 5881 qua:
3282 5823 3443 5878 super
3461 5810 3655 5871 omium
