4064 6406
430 375 560 428 2791

1513 377 1980 434 sannosum
2017 377 2182 446 QUAE
2225 377 2650 436 SUPERSUNT.

3535 377 3678 434 279i

431 503 580 558 sunt,
642 494 891 561 Domino,
932 499 1190 570 hymnum
1248 495 1430 558 dicite,
1488 505 1542 550 et
1603 496 1997 566 superexaltate

2102 498 2264 568 ρανοῦ
2313 497 2404 550 τὸν
2454 497 2678 566 Κύριον,
2728 494 2965 566 ὑμνεῖτε,
2999 497 3092 548 καὶ
3123 493 3467 564 ὑταερυψοῦτε
3511 497 3674 550 αὑτὸν

431 595 555 635 cum
595 580 647 632 in
677 582 888 635 saecula.

498 674 589 730 61.
629 673 957 744 Benedicitc,
991 691 1181 734 omnes
1213 677 1441 735 virtutes
1474 678 1712 744 Domini,
1745 677 1986 748 Domino,

431 766 690 836 hymnum
719 767 898 830 dicite,
931 776 984 820 et
1017 768 1411 837 superexaltate
1431 783 1553 821 cum
1587 768 1639 821 in
1671 768 1888 822 szecula.

497 855 587 910 62.
631 856 956 923 Benedicitc,
987 857 1089 921 sol,
1117 869 1172 912 et
1206 859 1351 922 luna,
1383 857 1630 923 Domino,
1676 858 1910 919 laudate,
1945 874 1996 912 et

429 951 827 1018 superexaltate
859 965 983 1004 eum
1021 951 1072 1003 in
1114 951 1330 1004 smcula.

501 1037 588 1091 65.
623 1037 952 1102 Benedicitc,
981 1040 1149 1093 stellae
1178 1039 1324 1105 coeli,
1351 1039 1599 1103 Domino,
1628 1039 1887 1110 hymnum
1909 1040 1992 1093 di-

427 1126 553 1187 cite,
584 1136 637 1181 et
664 1129 1064 1198 superexaltate
1089 1145 1211 1184 eum
1237 1132 1290 1182 in
1323 1129 1541 1186 saecula.

500 1219 588 1272 64.
623 1220 948 1285 Benedicitc,
972 1223 1150 1274 omnis
1172 1221 1343 1276 imber
1371 1234 1423 1276 et
1462 1238 1574 1288 ros,
1607 1221 1992 1289 Domino,lau-

427 1311 571 1370 date,
609 1320 662 1363 et
687 1313 1082 1380 superexaltate
1108 1328 1229 1366 eum
1267 1313 1318 1366 in
1354 1314 1575 1368 saecula.

496 1399 583 1453 65.
628 1399 952 1467 Benedicite,
980 1418 1172 1459 omnes
1199 1404 1446 1472 Spiritus,
1469 1403 1724 1470 Domino,
1753 1405 1990 1471 laudate,

426 1504 479 1544 et
512 1492 908 1560 supercxaltate
946 1509 1070 1548 eum
1097 1494 1152 1546 in
1183 1493 1404 1548 saecula.

493 1583 580 1637 66.
620 1582 949 1648 Benedicitc,
982 1585 1121 1655 ignis
1151 1595 1205 1640 et
1234 1595 1421 1651 aestus,
1455 1586 1718 1652 Domino,
1752 1585 1988 1658 laudate,

421 1684 476 1728 et
504 1676 896 1744 supcrexaltate
922 1691 1046 1730 cum
1086 1677 1137 1730 in
1171 1677 1392 1731 saecula.

492 1764 580 1820 67.
626 1764 955 1832 Benedicite,
993 1767 1112 1838 gelu
1141 1777 1194 1821 et
1223 1768 1416 1838 frigus,
1449 1766 1712 1832 Domino,
1745 1769 1984 1835 laudate,

421 1865 476 1911 ct
500 1857 896 1926 superexaltate
925 1873 1048 1912 eum
1078 1859 1130 1912 in
1158 1859 1374 1914 sa-cula.

491 1945 580 1998 68.
625 1943 957 2010 Benedicitc,
989 1961 1142 2001 rores
1165 1957 1216 2000 et
1245 1947 1417 2010 nives,
1453 1943 1713 2012 Domino,
1746 1947 1984 2018 laudate,

421 2044 468 2088 cl
506 2037 907 2105 superexaltate
935 2052 1056 2091 enm
1091 2038 1144 2092 in
1176 2039 1395 2093 szecula.

489 2125 580 2180 69.
620 2126 948 2194 Benedicite,
984 2129 1182 2198 glacies
1233 2141 1286 2185 et
1350 2131 1543 2202 frigus,
1579 2132 1826 2196 Domino.
1867 2136 1987 2189 lau-

422 2217 564 2280 date,
589 2226 643 2270 et
667 2219 1059 2287 superexaltate
1085 2235 1207 2275 eum
1241 2222 1294 2276 in
1331 2225 1545 2278 s'ecula.

490 2307 578 2362 70.
621 2307 966 2376 Benedicitc,
999 2311 1210 2380 pruinae
1249 2322 1303 2366 et
1350 2313 1538 2382 nives,
1570 2313 1834 2381 Domino,
1868 2317 1985 2371 lau-

419 2400 565 2466 date,
592 2408 646 2453 et
678 2402 1078 2469 superexaltate
1107 2417 1231 2458 eum
1264 2403 1317 2457 in
1344 2405 1563 2459 saecula.

491 2492 580 2547 7i.
620 2492 947 2561 Benedicitc,
976 2501 1162 2551 nectes
1193 2506 1248 2550 et
1291 2498 1428 2563 dies,
1457 2497 1718 2568 Domino,
1745 2502 1980 2568 laudate,

422 2593 475 2636 ct
507 2587 907 2653 superexaltate
932 2602 1056 2641 eum
1083 2588 1137 2642 in
1173 2591 1393 2643 saecula.

494 2673 580 2728 72.
624 2673 952 2744 Benedicitc,
982 2677 1074 2732 lux
1101 2687 1154 2734 et
1182 2680 1440 2746 tenebrae,
1459 2681 1710 2749 Domino,
1744 2683 1982 2747 laudate,

419 2773 470 2818 ct
494 2765 890 2834 superexaltate
920 2783 1044 2822 eum
1087 2770 1139 2823 in
1175 2773 1395 2826 szccula.

489 2853 579 2907 75.
621 2852 955 2919 Benedicitc,
999 2856 1209 2927 fulgura
1244 2871 1298 2914 et
1349 2861 1542 2926 nubes,
1589 2861 1840 2925 Domino,
1875 2864 1986 2916 lauc

419 2946 560 3010 date,
589 2953 643 2997 et
671 2945 1069 3013 superexaltate
1093 2963 1218 3002 eum
1258 2949 1312 3002 in
1345 2953 1562 3004 saecula.

492 3036 579 3090 74.
622 3036 913 3092 Benedicat
959 3047 1104 3094 terra.
1149 3038 1405 3109 Domino,
1461 3043 1665 3106 laudet,
1693 3055 1744 3096 et
1795 3059 1983 3112 supcr-

420 3128 618 3182 exaltet
643 3143 766 3184 eum
795 3129 847 3184 in
879 3133 1096 3186 saacula.

490 3218 580 3274 75.
624 3218 949 3287 Benedicitc,
975 3231 1186 3278 montes
1224 3232 1278 3277 et
1313 3225 1510 3290 colles,
1548 3226 1795 3287 Domino,
1828 3225 1982 3294 hym-

422 3326 552 3365 num
587 3312 780 3378 dicite,
816 3323 869 3368 et
897 3315 1294 3384 superexaltate
1321 3330 1444 3369 eum
1479 3318 1530 3369 in
1571 3318 1787 3371 saecula.

491 3402 580 3457 76.
625 3404 949 3472 Benedicitc,
967 3405 1148 3460 omnia
1172 3407 1444 3460 nascentia
1465 3407 1517 3460 in
1546 3417 1712 3474 terra,
1735 3407 1985 3475 Domino,

423 3488 683 3560 hymnum
716 3492 902 3558 dicite,
931 3503 983 3546 et
1017 3493 1412 3562 superexaltate
1442 3510 1564 3548 eum
1601 3497 1653 3548 in
1695 3498 1913 3552 saecula.

493 3673 578 3728 77.
601 3673 926 3739 Benedicitc,
943 3669 1136 3741 pluviae
1153 3679 1206 3725 et
1228 3670 1426 3736 fontes,
1449 3671 1696 3739 Domino,
1726 3675 1983 3748 hymnum

423 3767 607 3832 dicito,
642 3776 694 3820 et
717 3763 1113 3833 superexaltate
1139 3779 1260 3817 cum
1287 3765 1339 3816 in
1364 3766 1580 3819 smeula.

495 3855 582 3910 '28.
624 3853 948 3919 Benedicitc,
983 3854 1153 3906 maria
1177 3864 1230 3908 et
1259 3853 1508 3920 ﬂumina,
1538 3857 1790 3924 Domino,
1830 3860 1984 3930 hym-

424 3962 552 4003 num
579 3945 762 4008 dicite,
792 3953 846 3998 et
879 3946 1276 4014 superexaltate
1308 3961 1430 4001 eum
1474 3948 1527 4002 in
1554 3951 1773 4006 saecula.

496 4034 586 4089 7.9.
626 4032 952 4100 Benedicite,
979 4041 1096 4088 cete
1131 4044 1185 4089 et
1212 4036 1416 4100 omnia,
1449 4053 1572 4107 quae
1603 4049 1888 4093 moventur
1931 4040 1984 4093 in

423 4123 597 4193 aquis,
653 4121 900 4189 Domino,
945 4124 1205 4195 hynmum
1249 4127 1410 4182 dicite
1438 4167 1453 4192 ,
1493 4138 1547 4183 et
1589 4132 1988 4200 superexaltate

423 4230 544 4270 eum
567 4215 620 4269 in
648 4216 865 4270 saecula.

493 4304 582 4359 80.
623 4304 961 4375 Benedicitc,
1004 4324 1194 4365 omnes
1241 4311 1488 4366 volucres
1531 4311 1687 4379 caeli,
1718 4312 1948 4369 Domino

426 4394 685 4464 hymnum
719 4396 903 4461 dicite,
937 4406 992 4452 et
1023 4400 1426 4469 superexaltatc
1451 4416 1577 4456 eum
1612 4403 1664 4456 in
1704 4404 1925 4460 sazcula.

492 4575 582 4631 81.
625 4575 950 4644 Benedicitc,
991 4592 1184 4634 omnes
1227 4579 1353 4635 fera:
1380 4590 1435 4634 et
1459 4580 1706 4650 jumenta
1746 4584 1990 4652 quadru-

426 4667 582 4735 peda,
616 4677 670 4722 et
701 4668 889 4722 bestiae
929 4677 1105 4734 terrae,
1139 4669 1391 4737 Domino,
1419 4671 1679 4741 hymnum
1719 4671 1902 4739 dicite,
1937 4682 1990 4727 ct

426 4759 824 4828 superexaltate
856 4774 980 4814 eum
1013 4761 1065 4814 in
1091 4763 1308 4816 sarcula.

492 4848 582 4904 82.
621 4849 954 4915 Benedicitc,
984 4851 1078 4906 lilii
1108 4852 1415 4915 hominum.
1449 4852 1704 4919 Domino,
1728 4855 1990 4925 hymnum

424 4940 610 5008 dicite,
635 4950 690 4996 et
711 4941 1109 5010 superexaltate
1151 4956 1276 4996 eum
1305 4942 1360 4994 in
1387 4942 1610 4996 sacula.

496 5033 586 5086 83.
627 5032 950 5099 Benedicite,
968 5031 1152 5098 Israel,
1175 5032 1430 5098 Domino,
1451 5034 1711 5104 hymnum
1733 5034 1916 5100 dicite,
1939 5045 1996 5091 et

426 5126 822 5193 snperexaltate
843 5139 968 5180 eum
993 5126 1044 5178 in
1075 5127 1293 5180 saecula.

497 5216 586 5269 84.
629 5217 953 5284 Benedicitc,
971 5217 1283 5271 sacerdotes
1316 5215 1454 5271 servi
1475 5215 1712 5282 Domini,
1740 5217 1993 5282 Domino,

431 5311 695 5376 hymnum
720 5309 905 5373 dicite,
929 5318 984 5364 et
1022 5309 1424 5380 superexaltate
1451 5324 1577 5364 eum
1615 5309 1671 5364 in
1704 5311 1922 5366 saecula.

502 5399 593 5453 85.
633 5398 962 5464 Benedicitc,
988 5400 1152 5464 servi,
1177 5399 1425 5462 Domino,
1453 5400 1717 5470 hymnum
1739 5401 1925 5467 dicite,
1943 5411 1997 5458 ct

432 5491 832 5560 superexaltate
856 5506 982 5545 eum
1020 5491 1074 5545 in
1105 5491 1322 5547 saecula.

504 5582 594 5638 86.
635 5582 963 5649 Benedicitc,
993 5583 1238 5653 spiritus,
1263 5591 1318 5639 et
1343 5583 1537 5638 anima:
1561 5582 1858 5654 justorum,
1890 5583 1995 5639 Do-

436 5673 604 5737 mino,
635 5674 893 5745 hymnum
925 5673 1110 5739 dicite,
1141 5683 1193 5730 et
1217 5676 1612 5745 supercxaltatc
1639 5691 1763 5732 cum
1795 5676 1848 5731 in
1890 5691 1995 5731 δίο·
2027 5730 2030 5734 .

435 5766 577 5822 cuia.

2099 589 2180 650 εἰς
2210 589 2335 648 τοὺς
2358 585 2579 649 αἰῶνας.

2175 676 2258 734 61.
2293 675 2580 740 Εὑλογεῖτε
2603 675 2776 727 πᾶσαι
2798 676 2854 728 αἰ
2907 672 3166 741 δυνάμεις
3211 674 3418 744 Κυρίου
3439 675 3529 728 τὸν
3561 676 3673 727 Κύ-

2099 782 2237 834 ριον,
2271 765 2513 833 ὑμνεῖτε,
2543 764 2637 816 καὶ
2656 762 2999 833 ὑπερυψοῦτε
3020 763 3181 815 αὑτὸν
3203 765 3280 825 εἰς
3311 765 3436 826 τοὺς
3450 763 3668 826 αἰῶνας.

2167 855 2254 910 62.
2283 855 2565 922 Εὑλογεῖτε
2593 855 2764 925 ἣλιος,
2797 855 2891 907 καὶ
2909 854 3108 924 σελήνη
3125 855 3216 906 τὸν
3238 855 3462 928 Κύριον,
3489 855 3671 924 ὑμνεῖο

2095 964 2174 1010 τε,
2207 948 2299 999 καὶ
2327 947 2661 1017 ὑπερυψοῦτε
2688 947 2851 1000 αὑτὸν
2876 949 2957 1010 εἰς
2984 949 3110 1010 τοὺς
3140 947 3358 1008 αἰῶνας.

2167 1036 2256 1089 65.
2296 1035 2581 1104 Εὑλογεῖτε
2631 1037 2806 1106 ἄστρα
2854 1035 2948 1088 τοῦ
3003 1036 3234 1108 οὑρανοῦ
3284 1036 3372 1090 τὸν
3425 1035 3667 1108 Κύριον,

2096 1126 2334 1195 ὑμνεῖτε,
2370 1127 2466 1178 καὶ
2493 1125 2834 1196 ὑπερυψοῦτε
2866 1127 3025 1179 αὑτὸν
3059 1127 3140 1189 εἰς
3177 1129 3301 1190 τοὺς
3333 1126 3556 1190 αἰῶνας.

2165 1217 2253 1270 64.
2287 1217 2568 1284 Εὑλογεῖτε
2603 1218 2708 1280 πᾶς
2729 1217 2954 1288 ὄμϐρος,
2983 1218 3078 1270 καὶ
3109 1218 3296 1288 δρόσος
3319 1217 3410 1270 τὸν
3442 1217 3666 1290 Κύριον,

2096 1309 2333 1378 ὑμνεῖτε,
2375 1311 2468 1362 καὶ
2498 1309 2837 1382 ὑπερυψοῦτε
2865 1311 3028 1362 αὑτὴν
3047 1311 3127 1373 εἰς
3153 1312 3278 1375 τοὺς
3303 1311 3523 1374 αἰῶνας.

2163 1401 2252 1456 65.
2307 1402 2592 1470 Εὑλογεῖτε
2632 1402 2810 1456 πάντα
2852 1402 2920 1456 τὰ
2965 1403 3251 1472 πνεύματα
3299 1403 3388 1456 τὸν
3441 1405 3662 1476 Κύριον,

2094 1492 2334 1562 ὑμνεῖτε,
2365 1492 2458 1546 καί¹
2488 1491 2828 1564 ὑπερυψοῦτε
2858 1493 3018 1545 αὑτὸν
3042 1495 3120 1556 εἰς
3151 1493 3278 1556 τοὺς
3303 1493 3521 1556 αἰῶνας.

2164 1586 2252 1640 66.
2287 1585 2569 1652 Εὑλογεῖτε
2601 1583 2734 1655 πῦρ,
2776 1585 2871 1638 καὶ
2903 1585 3089 1654 καῦμα
3119 1584 3207 1636 τὸν
3229 1584 3452 1656 Κύριον,
3479 1585 3666 1656 ὑμνεῖ-

2092 1689 2174 1736 τε,
2205 1672 2298 1725 καί⁵
2323 1670 2664 1741 ὑπερυψοῦτε
2691 1672 2854 1726 αὑτὸν
2886 1674 2966 1735 εἰς
2992 1673 3117 1737 τοὺς
3159 1673 3384 1736 αἰῶνας.

2163 1763 2250 1817 67.
2287 1763 2570 1831 Εὑλοτεῖτε
2599 1763 2772 1835 ρἰος,
2806 1763 2898 1816 καὶ
2921 1763 3089 1834 ψύχος
3109 1763 3198 1817 τὸν
3231 1763 3455 1835 Κύριον,
3477 1765 3660 1834 ὑμνεῖο

2019 1847 2062 1902 Β
2090 1874 2172 1922 τε,
2202 1857 2296 1908 καὶ
2320 1854 2659 1927 ὑπερυψοῦτε
2690 1855 2850 1910 αὑτὸν
2878 1857 2957 1919 εἰς
2991 1857 3115 1918 τοὺς
3144 1856 3364 1918 αἰῶνας.

2164 1946 2250 2000 68.
2286 1946 2572 2014 Εὑλογεῖτε
2623 1946 2823 2017 δρόσοι,
2883 1947 2976 1999 καὶ
3028 1946 3234 2015 νιφετοὶ
3287 1945 3376 1999 τὸν
3427 1946 3660 2018 Κύριον,

2092 2039 2330 2111 ὑμνεῖτε,
2365 2041 2456 2094 καὶ
2487 2039 2827 2110 ὑπερυψοῦτε
2860 2039 3020 2093 αὑτὸν
3054 2042 3133 2102 εἰς
3165 2039 3289 2101 τοὺς
3318 2039 3536 2103 αἰῶνας.

2158 2129 2248 2186 69.
2275 2131 2559 2199 Εὑλογεῖτε
2587 2132 2773 2198 πάγοι,
2797 2129 2892 2183 καὶ
2911 2130 3080 2201 ψύχος
3105 2130 3195 2184 τὸν
3219 2131 3439 2202 Κύριον,
3474 2133 3662 2203 ὑμνεῖ-

2090 2239 2170 2285 τε,
2200 2224 2294 2276 καὶ
2317 2221 2658 2294 ὑπερυψοῦτε
2693 2221 2855 2274 αὑτὸν
2884 2224 2964 2286 εἰς
2984 2223 3110 2286 τοὺς
3147 2223 3370 2286 αἰῶνας.

2162 2312 2247 2367 70.
2289 2313 2574 2379 Εὑλογεῖτε
2630 2312 2854 2382 πάχναι,
2903 2314 2996 2365 καὶ
3049 2314 3222 2384 χιόνες
3272 2314 3363 2366 τὸν
3421 2312 3660 2384 Κύριον,

2091 2407 2328 2477 ὑμνεῖτε,
2360 2404 2453 2456 καὶ
2480 2403 2819 2474 ὑπερυψοῢτε
2848 2403 3008 2457 αὑτὸν
3033 2407 3113 2466 εἰς
3140 2405 3266 2466 τοὺς
3295 2404 3516 2466 αἰῶνας.

2159 2497 2248 2551 71.
2283 2496 2566 2563 Εὑλογεῖτε
2603 2494 2833 2557 νύκτες,
2889 2495 2981 2546 καὶ
3028 2494 3234 2564 ἡμέραι
3285 2493 3377 2548 τὸν
3431 2493 3658 2563 Κύριον,

2091 2589 2327 2658 ὑμνεῖτε,
2353 2586 2447 2639 καί
2475 2584 2817 2656 ὑπερυψοῦτε
2842 2583 3004 2636 αὑτὸν
3035 2585 3114 2646 εἰς
3143 2583 3269 2646 τοὺς
3303 2583 3524 2646 αἰῶνας.

2161 2678 2246 2730 72.
2273 2678 2557 2745 Εὐλογεῖτε
2584 2675 2718 2744 φῶς,
2742 2676 2836 2728 καὶ
2855 2674 3043 2736 σκότος
3063 2675 3155 2726 τὸν
3177 2674 3399 2744 Κύριον,
3418 2675 3658 2743 ὑμνεῖτε,

2091 2768 2184 2822 καὶ
2224 2767 2563 2838 ὑπερυψοὺτε
2597 2766 2758 2818 αὑτὸν
2781 2767 2861 2829 εἰς
2895 2767 3021 2829 τοὺς
3054 2766 3272 2827 αἰῶνας.

2159 2859 2249 2913 75.
2281 2858 2564 2926 Εὑλογεῖτε
2592 2859 2899 2930 ἀστραπαὶ,
2940 2859 3033 2911 καὶ
3059 2857 3276 2926 νεφέλαι
3300 2856 3391 2908 τὸν
3431 2853 3650 2926 Κύριον,

2091 2954 2328 3021 ὑμνεῖτε,
2365 2951 2457 3004 καὶ
2481 2949 2822 3022 ὑπερυψοῦτε
2860 2949 3022 3002 αὑτὸν
3050 2950 3128 3010 εἰς
3159 2949 3282 3009 τοὺς
3307 2945 3530 3009 αἰῶνας.

2161 3043 2248 3097 71.
2290 3042 2596 3110 Εὑλογείτω
2647 3040 2785 3111 ὴγῆ
2834 3040 2925 3092 τὸν
2977 3038 3219 3108 Κύριον,
3252 3037 3512 3106 ὑμνείτω,
3564 3033 3658 3088 καὶ

2091 3133 2448 3206 ὑπερυψούτω
2481 3131 2641 3186 αὑτὸν
2672 3133 2752 3193 εἰς
2786 3133 2910 3193 τοὺς
2941 3130 3165 3192 αἰῶνας.

2159 3229 2246 3283 75.
2284 3226 2566 3293 Εὑλογεῖτε
2590 3225 2711 3294 ὅρη,
2739 3223 2830 3275 καὶ
2851 3222 3028 3291 βουνοί
3043 3221 3132 3274 τὸν
3158 3221 3379 3293 Κύριον,
3416 3219 3653 3290 ὑμνεῖτε,

2088 3322 2180 3374 καὶ
2205 3315 2543 3389 ὑπερυψοῦτε
2567 3312 2727 3367 αὑτὸν
2748 3313 2828 3375 εἰς
2862 3314 2988 3376 τοὺς
3014 3312 3234 3376 αἰῶνας.

2158 3411 2244 3464 76.
2269 3408 2552 3474 Εὑλογεῖτε
2577 3406 2755 3458 πάντα
2786 3402 2853 3456 τὰ
2877 3403 3118 3472 φυόμενα
3161 3402 3256 3455 ἐπὶ
3299 3405 3400 3472 τῆς
3430 3400 3530 3471 γῆς
3567 3401 3662 3455 τὸν

2087 3500 2313 3569 Κύριον,
2340 3501 2577 3569 ὑμνεῖτε,
2607 3495 2698 3549 καὶ
2721 3492 3057 3564 ὑπερυψοῦτε
3089 3493 3247 3546 αὑτὸν
3275 3495 3352 3556 εἰς
3376 3493 3501 3556 τοὺς
3528 3492 3660 3546 αἰῶ-

2086 3610 2203 3656 νας.

2159 3684 2246 3738 77.
2280 3683 2564 3750 Εὑλογεῖτε
2599 3681 2815 3752 ὀμϐροι,
2848 3680 2943 3733 καὶ
2984 3679 3041 3732 αἰ
3094 3681 3270 3750 πηγαὶ
3307 3678 3401 3731 τὸν
3433 3676 3658 3749 Κύριον,

2087 3779 2324 3850 ὑμνεῖτε,
2348 3775 2444 3830 καὶ
2481 3772 2822 3844 ὑπερυψοῦτε
2847 3771 3009 3826 αὑτὸν
3038 3772 3116 3834 εἰς
3141 3772 3269 3832 τοὺς
3296 3769 3517 3832 αἰῶνας.

2156 3871 2247 3924 78.
2273 3869 2558 3937 Εὑλογεῖτε
2592 3866 2876 3931 θάλασσαι,
2906 3865 3002 3919 καὶ
3033 3866 3266 3936 ποταμοὶ
3310 3863 3401 3917 τὸν
3432 3861 3657 3943 Κύριον,

2088 3964 2326 4033 ὑμνεῖτε,
2351 3960 2443 4015 καὶ
2472 3957 2811 4029 ὑπερυψοῦτε
2844 3955 3006 4010 αὑτὸν
3037 3959 3116 4020 εἰς
3143 3957 3268 4019 τοὺς
3294 3954 3518 4019 αἰῶνας.

2158 4049 2246 4104 79.
2277 4049 2564 4117 Εὑλογεῖτε
2608 4047 2774 4117 κήτη,
2819 4047 2914 4099 καὶ
2950 4046 3123 4100 πάντα
3159 4046 3226 4100 τὰ
3265 4044 3560 4115 κινούμενα
3601 4044 3660 4096 ὲν

2088 4141 2199 4202 τοῖς
2230 4137 2384 4191 ὕδασι
2406 4137 2495 4190 τὸν
2524 4136 2751 4206 Κύριον,
2782 4136 3022 4206 ὑμνεῖτε,
3057 4135 3154 4190 καὶ
3179 4133 3521 4206 ὑπερυψοὺτε
3558 4132 3660 4187 αὑ-

2087 4228 2177 4280 τὸν
2207 4229 2287 4290 εἰς
2310 4227 2437 4290 τοὺς
2468 4227 2687 4289 αἰῶνας.

2158 4319 2246 4374 80.
2286 4317 2570 4386 Εὐλογεῖτε
2600 4317 2779 4370 πάντα
2813 4316 2882 4370 τὰ
2917 4317 3137 4371 πετεινὰ
3175 4318 3271 4370 τοῦ
3301 4315 3531 4388 οὐρανοῦ
3567 4315 3662 4369 τὸν

2089 4411 2322 4482 Κύριον,
2373 4411 2623 4482 ὑμνεῖτε,
2665 4408 2760 4462 καὶ
2805 4407 3146 4480 ὑπερυψοῦτε
3191 4409 3352 4463 αὑτὸν
3399 4411 3481 4472 εἰς
3533 4406 3661 4471 τοὺς

2017 4515 2062 4567 ι)
2089 4504 2309 4566 αἰῶνας.

2161 4592 2250 4645 81.
2289 4591 2574 4658 Εὑλογεῖτε
2605 4589 2782 4643 πάντα
2817 4589 2886 4643 τὰ
2916 4589 3109 4661 θηρία,
3155 4591 3252 4644 καὶ
3277 4588 3344 4643 τὰ
3368 4589 3538 4660 κτήνη
3567 4605 3659 4641 τε·

2091 4679 2354 4750 τράποδα,
2407 4678 2504 4732 καὶ
2535 4677 2702 4748 Θηρία
2737 4676 2836 4746 τῆς
2883 4679 2985 4748 γῆς
3026 4680 3115 4730 τὸν
3162 4677 3392 4748 Κύριον,
3418 4677 3658 4746 ὑμνεῖτε,

2093 4767 2186 4820 καὶ
2217 4763 2559 4835 ὑπερυψοῦτε
2589 4764 2750 4818 αὑτὸν
2780 4766 2860 4828 εἰς
2889 4767 3013 4829 τοὺς
3041 4765 3263 4828 αἰῶνας.

2161 4856 2251 4911 82.
2279 4856 2563 4924 Εὑλογεῖτε
2592 4857 2640 4909 οἰ
2669 4855 2774 4909 uiui.
2797 4856 2907 4909 τῶν
2949 4855 3254 4926 ἀνθρώπων
3295 4855 3389 4910 τὸν
3436 4857 3662 4927 Κύριον,

2095 4950 2334 5018 ὑμνεῖτε,
2359 4948 2452 5002 καὶ
2475 4945 2813 5018 ὑπερυψοῦτε
2841 4945 3002 4999 αὑτὸν
3029 4948 3108 5008 εἰς
3133 4945 3257 5008 τοὺς
3295 4945 3516 5009 αἰῶνας.

2163 5039 2251 5096 85.
2287 5039 2568 5108 Εὑλογεῖτε
2627 5037 2842 5108 Ἰσραὴλ
2866 5037 2956 5090 τὸν
3001 5035 3236 5107 Κύριον,
3278 5037 3496 5108 ὑμνεῖτε
3521 5078 3537 5105 ,
3574 5041 3668 5092 καὶ

2097 5130 2436 5204 ὑπερνψοῦτε
2455 5129 2615 5185 αὑτὸν
2634 5130 2716 5192 εἰς
2745 5129 2870 5191 τοὺς
2897 5126 3121 5190 αἰῶνας.

2166 5221 2256 5276 81.
2295 5220 2580 5288 Εὑλογεῖτε
2634 5219 2798 5289 ἱερεῖς
2845 5215 3021 5269 δοῦλοι
3061 5216 3269 5288 Κυρίου
3307 5218 3398 5272 τὸν
3444 5218 3664 5290 Κύριον,

2098 5311 2337 5381 ὑμνεῖτε,
2368 5310 2460 5362 καὶ
2493 5306 2833 5378 ὑπερυψοῦτε
2857 5307 3016 5361 αὑτὸν
3043 5308 3122 5370 εἰς
3154 5308 3280 5370 τοὺς
3302 5308 3522 5372 αἰῶνας.

2167 5398 2256 5453 85.
2288 5398 2574 5466 Εὑλογεῖτε
2625 5395 2804 5450 δοῦλοι
2846 5396 2937 5450 τὸν
2991 5396 3198 5469 Κύριον
3225 5438 3241 5464 ,
3278 5399 3520 5470 ὑμνεῖτε,
3575 5398 3669 5452 καὶ

2101 5489 2441 5563 ὑπερυψοῦτε
2480 5489 2642 5544 αὑτὸν
2668 5491 2748 5554 εἰς
2783 5491 2912 5552 τοὺς
2938 5489 3162 5552 αἰῶνας.

2170 5582 2259 5636 86.
2294 5580 2576 5651 Εὑλογεῖτε
2624 5579 2930 5650 πνεύματα,
2964 5581 3060 5634 καὶ
3087 5579 3261 5651 ψυχαὶ
3303 5579 3526 5636 δικαίων
3577 5581 3669 5633 τὸν

2103 5673 2322 5746 Κύριον.
2353 5675 2590 5744 ὑμνεῖτε,
2626 5672 2717 5726 καὶ
2744 5671 3084 5744 ὑπερυψοὺτε
3105 5671 3268 5728 αὑτὸν
3292 5674 3373 5738 εἰς
3396 5674 3519 5736 τοὺς
3539 5669 3669 5726 αἰῶ-

2103 5783 2216 5829 νας.
