4064 6450
409 381 550 438 9795

1705 372 1956 428 υΑΝιΕι.
2002 370 2227 428 CAPUT
2273 369 2357 424 Ill.

3563 382 3665 438 79$

477 495 564 547 87.
601 493 877 562 Εὑλογεττε
911 492 1066 551 ὅσιοι,
1103 489 1192 543 καὶ
1220 492 1466 544 ταπεινοὶ
1503 488 1698 560 καρδία
1739 488 1828 541 τὸν
1864 486 1980 539 Κύ-

2152 483 2238 537 87.
2281 481 2612 548 Benedicite,
2641 485 2837 552 sancti,
2859 495 2912 541 et
2940 486 3174 544 humiles
3199 491 3384 556 corde,
3412 491 3664 562 Domino,

412 601 545 656 ριον,
573 585 806 652 ὑμνεῖτε,
829 581 921 634 καὶ
944 579 1286 650 ὑπερυψοῦτε
1316 579 1478 633 αὑτὸν
1505 581 1584 642 είς
1616 579 1740 639 τοὺς
1761 575 1979 639 αἰῶνας.

480 669 566 723 88.
606 667 887 736 Εὺλογεῖτε
936 665 1172 730 ’Δνανία,
1210 667 1437 740 ’Λζαρία
1459 707 1474 733 ,
1505 664 1724 733 Μισαὴλ
1753 664 1842 716 τὸν
1874 664 1987 716 Κύ-

414 777 546 833 ριον,
579 760 796 828 ὑμνεῖτε
817 799 831 822 ,
889 759 982 810 καὶ
1014 757 1358 828 ὑπερυψοῦτε
1389 759 1551 811 αὑτὸν
1581 759 1660 820 είς
1705 757 1828 818 τοὺς
1855 755 1987 808 αίῶ-

412 870 525 916 νας.
558 853 679 905 Ὅτι
708 850 943 916 ἐξείλετο
964 852 1113 920 ἡμᾶς
1143 850 1202 916 ἐξ
1232 849 1382 920 ᾅδου,
1407 850 1501 902 καὶ
1529 848 1730 901 ἔσωσεν
1754 849 1898 917 ἡμᾶς
1923 847 1988 898 ὲκ

410 944 590 1015 χειρὸς
626 944 854 997 θανάτου
881 982 894 1006 ,
929 943 1025 994 καὶ
1046 940 1319 1011 ὲρῤύσατο
1349 941 1493 1009 ἡμᾶς
1526 941 1589 990 ἐκ
1626 938 1789 1008 μέσου
1837 953 1986 990 καιο-

414 1035 582 1106 μένης
615 1034 830 1104 φλογὸς,
858 1031 954 1085 καὶ
977 1033 1040 1084 ὲκ
1068 1031 1160 1084 τοῦ
1193 1031 1361 1102 πυρὸς
1387 1028 1725 1100 ὲλυτρὼσατο
1755 1030 1920 1098 ἡμᾶς.

481 1125 567 1181 89.
607 1123 1046 1194 Ἐξομολογεῖσθε
1077 1121 1155 1192 τῷ
1176 1123 1386 1192 Κυρίῳ,
1410 1121 1490 1174 ὅτι
1522 1119 1777 1192 χρηστὸς,
1803 1120 1886 1172 ὅτι
1909 1121 1988 1182 εἰς

409 1218 500 1268 τὸν
536 1216 708 1268 αίῶνα
738 1215 798 1267 τὸ
821 1214 966 1275 ἔλεος
995 1213 1179 1265 αὑτοῦ.

481 1307 571 1362 90.
599 1307 884 1374 Εὑλογεῖτε
912 1305 1111 1366 πάντες
1139 1305 1189 1355 οί
1218 1303 1494 1373 σεϐόμενοι
1537 1302 1630 1356 τὸν
1663 1302 1864 1372 Κύριον
1899 1301 1988 1354 τὸν

413 1401 546 1452 Θεὸν
575 1398 682 1451 τῶν
711 1397 868 1460 θεῶν,
901 1399 1136 1466 ὑμνεῖτε,
1165 1395 1258 1447 καὶ
1297 1393 1732 1465 ἐξομολογεῖσθε,
1780 1395 1864 1447 ὅτι
1908 1395 1989 1456 είς

415 1494 504 1542 τὸν
526 1487 692 1541 αἰῶνα
717 1488 774 1540 τὸ
801 1487 944 1548 ἔλεος
961 1485 1124 1538 αὑτοῦ
1162 1497 1222 1539 σε-
1260 1485 1352 1538 καὶ
1381 1487 1462 1548 είς
1487 1485 1574 1538 τὸν
1597 1499 1659 1540 -ι-
1681 1484 1853 1538 αἰῶνα
1879 1485 1988 1538 τῶν

411 1577 643 1632 αἰώνων.

478 1667 564 1725 91.
599 1668 706 1720 Καὶ
728 1666 1017 1734 ὲγέ-ι-νετο
1053 1667 1113 1720 ἐν
1149 1666 1227 1737 τῷ
1265 1665 1495 1719 ἀκοῦσαι
1534 1667 1626 1720 τὸν
1663 1666 1887 1736 βασιλέα
1923 1683 1986 1724 σί-

2088 575 2348 645 hymnum
2377 572 2558 638 dicite,
2583 583 2636 628 et
2668 578 3065 646 superexaltate
3097 596 3218 634 eum
3268 583 3321 635 in
3352 583 3571 640 saecula.

2159 668 2248 723 88.
2292 666 2622 734 Benedicite,
2653 669 2884 734 Anania,
2933 671 3149 736 Azaria,
3176 673 3383 740 Misael,
3415 674 3660 745 Domino,

2090 759 2350 830 hymnum
2383 759 2546 814 dicite
2583 800 2596 826 ,
2633 768 2686 812 et
2723 762 3125 830 superexaltate
3162 780 3286 817 eum
3337 765 3388 818 in
3447 768 3664 822 saecula.

2089 849 2356 914 Quoniam
2387 848 2588 918 eripuit
2613 863 2712 904 nos
2742 850 2809 904 de
2839 848 3047 915 inferis,
3103 862 3156 905 et
3201 853 3383 908 salvos
3411 854 3536 908 fecit
3570 872 3666 912 nos

2089 941 2155 993 de
2182 955 2344 994 manu
2377 941 2594 1005 mortis,
2626 948 2679 996 et
2709 942 2958 996 liberavit
2993 956 3091 996 nos
3128 949 3193 998 de
3235 943 3414 998 medio
3437 945 3670 1001 ﬂammae

2089 1032 2348 1095 ardentis,
2377 1040 2432 1085 et
2459 1032 2524 1087 de
2550 1033 2673 1103 igne
2702 1035 2934 1088 redemit
2960 1050 3080 1088 nos.

2160 1121 2249 1175 89.
2288 1121 2636 1176 Conﬁtemini
2673 1122 2903 1177 Domino
2956 1123 3212 1194 quoniam
3269 1125 3481 1193 bonus,
3531 1142 3669 1196 quo-

2091 1213 2237 1265 niam
2271 1213 2324 1266 in
2354 1214 2612 1268 saeculum
2635 1213 3005 1270 misericordia
3035 1217 3173 1285 ejus.

2159 1302 2248 1358 90.
2291 1304 2633 1370 Benedicite,
2663 1318 2853 1360 omnes
2893 1307 3134 1361 colentes
3164 1305 3455 1362 Dominum
3497 1305 3666 1362 Deum

2088 1395 2336 1460 deorum,
2375 1396 2608 1460 laudate,
2638 1406 2692 1451 et
2721 1395 3079 1458 conﬁtemini,
3109 1396 3368 1464 quoniam
3407 1396 3464 1450 in
3495 1411 3667 1452 saecu-

2091 1487 2200 1540 lum
2228 1488 2596 1543 misericordia
2623 1488 2744 1557 ejus
2783 1499 2836 1544 et
2871 1487 2923 1540 in
2962 1489 3223 1542 saeculum
3277 1489 3624 1544 saeculorum.
3650 1491 3667 1557 ξ

2160 1671 2248 1725 91.
2290 1669 2354 1725 Ει
2382 1671 2582 1726 factum
2616 1681 2731 1735 est,
2788 1686 2914 1726 cum
2961 1671 3175 1726 audiret
3221 1687 3318 1726 rex
3383 1671 3667 1725 laudantes

405 1759 716 1832 ὑμνούντων
745 1757 922 1811 αὐτῶν
951 1772 1012 1812 αε-
1041 1757 1135 1811 καὶ
1163 1756 1334 1820 ἑστὼς
1361 1756 1584 1828 ἐθεώρει
1622 1759 1819 1822 αὑτοὺς
1848 1759 1984 1823 ζῶν-

2091 1763 2212 1820 illos
2240 1771 2294 1818 et
2317 1772 2468 1818 stans
2497 1765 2700 1819 videret
2733 1779 2828 1819 eos
2873 1766 3132 1818 viventes.
3172 1765 3326 1819 Tunc
3372 1762 3666 1818 Nabucho-

406 1868 502 1916 τας
529 1852 585 1922 /.
621 1851 753 1902 Τότε
801 1849 1272 1919 Ναὸουχοδονόσορ
1312 1851 1341 1901 6
1375 1849 1630 1918 βασιλεὺς
1683 1850 1981 1920 ἐθαύμασε,

2089 1855 2327 1910 donosor
2353 1871 2444 1910 rex
2474 1855 2776 1924 obstupuit,
2806 1863 2860 1909 et
2895 1856 3132 1910 surrexit
3169 1855 3422 1920 festinus,
3447 1863 3502 1910 et
3530 1855 3668 1908 dixit

411 1944 504 1996 καὶ
539 1941 736 2010 ἀνέστη
769 1939 1029 2002 σπεύσας,
1066 1941 1162 1990 καὶ
1211 1935 1364 1990 εἶπεν
1395 1943 1505 2001 τοῖς
1546 1939 1719 2007 φίλοις
1748 1941 1982 1997 αὑτοῦ-ι-

412 2033 614 2102 κούχὶ
632 2030 826 2100 ἄνδρας
844 2032 994 2100 τρεῖς
1013 2029 1278 2099 ὲὸάλομεν
1301 2031 1378 2093 εἰς
1405 2031 1566 2099 μέσον
1587 2033 1680 2084 τοῦ
1706 2035 1874 2103 πυρὸς
1893 2050 1986 2084 πε-

409 2124 742 2196 πεδημένους
763 2166 775 2187 ,
809 2125 912 2175 Καὶ
927 2118 1082 2175 εἷπον
1100 2122 1176 2190 τῷ
1199 2122 1425 2192 βασιλεῖ·
1459 2123 1718 2193 Ἀληθῶς,
1741 2125 1982 2194 βασιλεῦ.

479 2217 567 2270 9‘2.
604 2217 711 2268 Καὶ
739 2211 890 2266 εἶπεν
919 2216 948 2266 ὁ
982 2213 1234 2284 βασιλεὺς
1251 2214 1307 2282 /.
1339 2215 1471 2267 Ἰδοὺ
1496 2214 1607 2282 ἐγὼ
1646 2215 1756 2286 ὁρῶ
1786 2217 1984 2287 ἄνδρας

410 2305 682 2374 τέσσαρας
711 2304 1033 2373 λελυμένους
1055 2305 1489 2374 περιπατοῦντας
1521 2308 1577 2360 ἐν
1599 2305 1675 2376 τῷ
1716 2307 1868 2376 πυρὶ,
1894 2307 1988 2360 καὶ

415 2394 588 2465 φθορὰ
615 2394 839 2462 οὐδεμία
879 2395 1109 2465 ἐγενήθη
1133 2397 1190 2448 ὲν
1220 2397 1423 2462 αὑτοῖς,
1458 2397 1553 2450 καὶ
1587 2400 1619 2466 ἡ
1661 2398 1850 2467 ὅρασις
1894 2397 1986 2452 τοῦ

411 2487 671 2556 τετάρτου
695 2485 945 2555 ὁμοίωμα
975 2486 1205 2554 ἀγγέλου
1229 2487 1385 2540 Θεοῦ.

478 2577 565 2630 95.
601 2577 708 2627 Καὶ
729 2575 1040 2645 προσελθὼν
1067 2579 1095 2629 6
1117 2577 1372 2645 βασιλεὺς
1405 2581 1540 2650 πρὸς
1573 2581 1668 2650 τὴν
1693 2580 1861 2650 Θὺραν
1888 2582 1984 2649 τῆς

411 2667 639 2738 καμίνου
665 2667 961 2736 καιομένης
986 2666 1062 2736 τῷ
1092 2667 1246 2737 πυρὶ,
1286 2669 1542 2723 ἐκάλεσεν
1572 2672 1767 2734 αὑτοὺς
1793 2671 1852 2737 ἐξ
1872 2672 1985 2725 ὀνό-

411 2773 614 2827 ματο;’
657 2757 884 2828 Σεδρὰχ,
935 2759 1143 2828 Μισὰχ,
1205 2761 1532 2830 Ἀϐδεναγὼ,
1581 2765 1631 2816 οἱ
1674 2765 1864 2828 παῖδες
1890 2764 1982 2817 τοῦ

408 2849 549 2902 Θεοῦ.
569 2849 676 2902 τῶν
706 2849 843 2902 θεῶν
884 2849 975 2902 τοῦ
1011 2851 1233 2918 ὑψίστου
1253 2891 1268 2914 ,
1300 2852 1542 2918 ὲξέλθετε
1571 2855 1636 2908 ἐκ
1667 2855 1758 2908 τοῦ
1792 2856 1982 2926 πυρός.

409 2939 593 3003 Οὕτως
612 2936 705 2994 οὖν
745 2939 968 3008 ἐξῆλθον
999 2942 1048 2993 οἱ
1082 2941 1273 3012 ἄνδρες
1305 2945 1371 2998 ὲκ
1402 2945 1568 3015 μέσου
1595 2946 1690 2999 τοῦ
1723 2948 1912 3016 πυρός.

480 3035 567 3089 94.
601 3035 712 3087 Καὶ
741 3034 1088 3104 συνήχθησαν
1119 3037 1166 3088 οἱ
1196 3035 1412 3104 ὕπατοι,
1436 3040 1726 3110 τοπάρχαι,
1769 3040 1862 3093 καὶ
1891 3041 1988 3110 ἁρ-

2087 1947 2280 2000 amicis
2309 1946 2425 2000 suis
2455 1964 2468 1998 :
2496 1943 2686 2000 Nonne
2709 1947 2858 2000 viros
2919 1958 3027 2001 tres
3063 1947 3314 2000 misimus
3342 1945 3396 1999 iu
3427 1945 3664 1999 medium

2089 2037 2229 2107 ignis
2259 2036 2512 2091 vinctos?
2540 2034 2603 2087 Et
2630 2036 2887 2090 dixerunt
2921 2037 3031 2106 regi
3064 2053 3076 2087 :
3107 2035 3261 2100 Vere,
3291 2052 3405 2089 rex.

2159 2208 2248 2264 92.
2291 2207 2356 2262 Et
2381 2207 2516 2262 dixit
2550 2222 2642 2261 rex
2678 2223 2692 2258 :
2724 2206 2862 2262 Ecce
2898 2223 2997 2277 ego
3042 2211 3200 2263 video
3232 2210 3379 2265 viros
3430 2220 3666 2281 quatuor

2091 2298 2301 2354 solutos
2331 2296 2743 2353 deambulantes
2773 2298 2828 2352 in
2888 2299 3029 2368 igne,
3089 2308 3143 2352 et
3189 2301 3468 2369 corruptio
3516 2301 3663 2356 nulla

2089 2393 2232 2447 facta
2260 2401 2346 2445 est
2374 2392 2428 2444 in
2461 2389 2572 2452 eis,
2624 2399 2678 2444 et
2708 2399 2960 2460 aspectus
3010 2393 3190 2460 quarti
3228 2392 3532 2448 similitudo
3569 2410 3667 2448 an-

2089 2482 2190 2552 geli
2218 2480 2331 2534 Dei.

2159 2570 2248 2625 93.
2291 2569 2499 2623 Etcum
2535 2569 2863 2625 accessisset
2920 2584 3014 2624 rex
3045 2572 3112 2625 ad
3173 2572 3376 2627 ostium
3428 2572 3667 2631 fornacis

2087 2663 2333 2719 ardentis
2361 2663 2508 2733 igne.
2567 2663 2783 2718 vocavit
2831 2677 2927 2718 eos
2980 2677 3045 2718 ex
3095 2666 3350 2721 nomine:
3403 2664 3664 2732 Sedrach,

2088 2754 2317 2821 Misacb,
2349 2754 2668 2824 Abdenago,
2697 2755 2842 2809 servi
2872 2753 2969 2808 Dei
2997 2755 3228 2811 deorum
3258 2758 3482 2823 excelsi,
3519 2773 3670 2827 egre-

2087 2847 2278 2900 dimini
2315 2845 2383 2898 de
2415 2845 2555 2916 igne.
2593 2843 2683 2901 Sic
2714 2845 2874 2916 igitur
2907 2847 3112 2917 egressi
3155 2856 3285 2902 sunt
3313 2849 3416 2901 viri
3447 2849 3515 2902 de
3552 2861 3669 2904 me-

2089 2938 2180 2992 dio
2209 2937 2374 3008 ignis.

2161 3030 2251 3084 94.
2292 3029 2360 3084 Et
2414 3027 2730 3099 congregati
2783 3036 2911 3084 sunt
2973 3030 3248 3095 consules,
3286 3028 3578 3098 toparchae,
3613 3037 3670 3084 et

407 3127 794 3199 χιπατριῶται,
823 3131 916 3180 καὶ
935 3129 982 3180 οἱ
1010 3128 1150 3196 φίλοι
1170 3127 1262 3181 τοῦ
1287 3129 1567 3199 βασιλέως,
1601 3133 1695 3185 καὶ
1721 3131 1984 3202 ἐθεώρουν

2094 3120 2367 3190 principes
2411 3119 2765 3184 familiarum,
2812 3127 2867 3174 et
2910 3119 3073 3173 amici
3122 3121 3287 3190 regis,
3334 3128 3388 3176 et
3419 3132 3667 3175 contem-

405 3220 531 3282 τοὺς
554 3219 875 3290 ἀνθρώπους
900 3218 1162 3283 ἐκείνους,
1187 3220 1270 3273 ὅτι
1313 3222 1406 3291 οὐχ
1444 3222 1622 3292 ἥψατο
1647 3223 1708 3275 τὸ
1760 3223 1867 3293 πῦρ
1895 3222 1986 3276 τοῦ

409 3311 656 3380 σώματος
686 3313 888 3375 αὑτῶν,
908 3312 1000 3365 καὶ
1025 3313 1079 3364 αἱ
1107 3311 1289 3382 τρίχες
1319 3314 1494 3368 αὑτῶν
1524 3316 1582 3368 οὐ
1619 3317 1986 3387 κατεκαησαν,

409 3402 500 3456 καὶ
534 3403 602 3455 τὰ
626 3402 914 3474 σαράϐαρα
936 3402 1112 3456 αὐτῶν
1147 3404 1247 3457 οὑκ
1274 3405 1667 3477 ἡλλοιώΟησαν,
1697 3407 1816 3460 οὑδὲ
1843 3407 1986 3476 ὀσμὴ

407 3492 501 3547 τοῦ
541 3492 709 3564 πυρὸς
735 3490 803 3564 ἦν
837 3494 894 3546 ὲν
919 3494 1123 3558 αὑτοῖς.

477 3583 565 3638 93.
613 3585 931 3638 Ὑπολαϐὼν
963 3585 1019 3638 δὲ
1059 3585 1524 3657 Ναϐουχοδονόσορ
1559 3591 1586 3640 ὁ
1627 3587 1881 3656 βασιλεὺς
1912 3584 1989 3641 εἷ-

411 3692 540 3730 πεν·
578 3675 882 3746 Εὐλογητὸς
929 3677 1132 3747 Κύριος
1161 3679 1253 3730 τοῦ
1279 3679 1504 3748 Σεδρὰχ,
1536 3679 1720 3748 Μισὰχ
1738 3720 1751 3743 ,
1805 3679 1989 3732 ’Λὸδε-

410 3765 576 3835 ναγὼ,
618 3766 677 3829 ὃς
721 3767 1005 3819 ἀπέστειλε
1045 3771 1136 3820 τὸν
1179 3767 1408 3834 ἄγγελον
1455 3767 1642 3830 αὑτοῦ,
1683 3769 1778 3820 καὶ⁸
1818 3768 1987 3820 ἔσωσε

408 3862 533 3923 τοὺς
562 3861 756 3922 παῖδας
789 3861 975 3922 αὑτοῦ,
1021 3862 1149 3920 τοὺς
1193 3861 1519 3920 ἐλπίσαντας
1546 3861 1632 3910 ἐπ’
1661 3859 1843 3912 αὐτόν.
1879 3859 1988 3929 Τὴν

409 3950 520 4020 γὰρ
544 3951 856 4020 προσταγὴν
897 3949 988 4001 τοῦ
1026 3949 1290 4018 βασιλέως
1323 3949 1631 4018 ἠθέτησαν,
1673 3949 1766 4001 καὶ
1812 3950 1984 4018 παρέ-

409 4041 590 4094 δωκαν
626 4039 694 4092 τὰ
735 4039 963 4108 σώματα
1013 4039 1192 4091 αὑτῶν
1238 4053 1300 4093 -εν
1331 4041 1410 4101 είς
1443 4041 1592 4109 ὲμπυ
1620 4053 1678 4094 ~2-
1709 4040 1904 4109 ρνσμὸν
1929 4040 1983 4110 /.

411 4130 498 4184 ἴνα
523 4130 596 4199 μὴ
625 4130 984 4200 λατρεὺσωσι,
1023 4129 1154 4200 μηδὲ
1191 4133 1610 4200 προσκυνήσωσι
1639 4130 1758 4201 Θεῷ
1795 4133 1986 4203 ἑτέρῳ,

409 4220 524 4273 ἀλλ’
559 4220 588 4290 ἦ
619 4219 696 4290 τῷ
733 4219 852 4290 Θεῷ
874 4220 1070 4273 αὑτῶν.

477 4311 564 4367 96.
603 4313 712 4365 Καὶ
737 4312 833 4365 νῦν
864 4312 974 4380 ἐγὼ
1005 4311 1194 4383 κρίνω,
1230 4313 1316 4366 ἵνα
1347 4315 1455 4366 πᾶν
1492 4313 1662 4380 ἔθνος,
1695 4315 1786 4368 καὶ
1813 4317 1985 4368 πᾶσαι

410 4405 610 4474 φυλαὶ,
660 4405 754 4458 καὶ
784 4405 954 4457 πᾶσαι
992 4405 1258 4472 γλῶσσαι,
1302 4403 1356 4467 ὂς
1398 4404 1463 4457 ἂν
1509 4404 1876 4476 βλασφημήσῃ
1906 4407 1985 4469 είς

2091 3210 2378 3279 plabantur
2410 3209 2658 3265 homines
2685 3210 2828 3276 illos,
2859 3210 3119 3279 quoniam
3178 3225 3284 3264 non
3333 3211 3505 3280 tetigit
3527 3209 3668 3281 ignis

2091 3315 2288 3370 corpus
2319 3316 2530 3367 eorum,
2563 3310 2617 3356 et
2648 3300 2824 3371 capilli
2855 3316 3045 3356 eorum
3072 3315 3178 3355 non
3221 3301 3397 3357 adusti
3435 3309 3582 3364 sunt,
3612 3310 3669 3355 et

2089 3393 2348 3447 sarabara
2378 3408 2566 3448 eorum
2601 3407 2708 3447 non
2775 3392 3060 3447 immutata
3108 3401 3258 3455 sunt,
3317 3407 3492 3462 neque
3529 3392 3667 3446 odor

2090 3485 2236 3555 ignis
2270 3485 2466 3538 eratin
2496 3485 2598 3538 eis.

2159 3575 2250 3632 95.
2322 3575 2679 3644 Respondens
2739 3585 2920 3628 autem
2986 3570 3498 3626 Nabuchodonosor
3567 3585 3666 3626 rex

2088 3668 2268 3723 dixit:
2304 3666 2628 3721 Benedictus
2688 3665 2953 3719 Dominus
2997 3664 3262 3728 Sedrach,
3303 3662 3665 3725 Misach,Ab—

2089 3754 2322 3821 deuago,
2347 3753 2438 3820 qui
2471 3753 2620 3807 misit
2654 3752 2908 3822 angelum
2939 3753 3444 3816 sutumetsalvavit
3469 3765 3666 3820 pueros

2091 3857 2240 3905 suos,
2297 3842 2391 3909 qui
2439 3853 2798 3910 speraverunt
2837 3844 2892 3898 in
2942 3859 3107 3909 cum;
3155 3843 3470 3899 mandatum
3519 3842 3665 3896 enim

2091 3931 2232 4000 regis
2289 3942 2632 3999 spreverunt,
2683 3943 2736 3987 et
2793 3934 3132 3992 tradiderunt
3186 3949 3414 4004 corpora
3470 3950 3568 3987 sua
3609 3933 3666 3988 in

2090 4019 2522 4076 combustionem
2551 4036 2617 4075 ne
2649 4022 2909 4089 colerent,
2960 4039 3136 4094 neque
3184 4025 3476 4081 adorarent
3504 4026 3664 4080 deum

2089 4109 2254 4166 alium
2280 4121 2478 4181 prater
2513 4110 2682 4166 Deum
2724 4128 2903 4167 suum.

2161 4312 2250 4368 96.
2300 4311 2364 4366 Et
2389 4328 2537 4368 nunc
2569 4327 2672 4383 ego
2702 4312 2958 4376 decerno,
2989 4319 3048 4366 ut
3079 4312 3259 4367 omnis
3285 4326 3439 4380 gens,
3478 4319 3532 4366 et
3555 4327 3670 4367 om-

2091 4420 2188 4460 nes
2220 4405 2418 4470 tribus,
2444 4413 2497 4459 et
2546 4419 2738 4460 omnes
2779 4404 2997 4475 lingua},
3041 4402 3373 4473 quicumque
3411 4403 3664 4473 blasphe-

409 4495 498 4547 τὸν
528 4493 730 4564 Κύριον
757 4493 848 4547 τὸν
870 4493 1002 4548 Θεὸν
1023 4493 1249 4566 Σεδρὰχ,
1268 4496 1475 4565 Mra-ix,
1515 4495 1842 4564 Ἀϐδεναγὼ,
1867 4496 1982 4550 δια-

2089 4497 2384 4551 maveritin
2419 4496 2710 4551 Dominum
2741 4495 2908 4550 Deum
2937 4494 3198 4561 Sedrach,
3233 4495 3461 4560 Misach,
3487 4495 3667 4552 Abde-

413 4585 818 4657 μελισθήσεται,
837 4587 929 4639 καὶ
950 4587 982 4656 ἡ
1007 4587 1154 4639 οίκία
1192 4586 1356 4639 αὑτοῦ
1389 4588 1450 4658 δη
1462 4587 1790 4656 μευθήσεται
1809 4605 1820 4618 ·
1850 4588 1983 4642 διότι

410 4679 508 4731 οὑκ
532 4677 645 4730 ἔστι
673 4677 805 4739 Θεὸς
830 4676 1036 4746 ἕτερος,
1065 4678 1123 4740 ὃς
1154 4678 1436 4749 δυνήσεται
1473 4680 1751 4745 ἐξελέσθαι
1788 4679 1979 4744 οὕτως.

479 4771 568 4826 97.
601 4769 787 4833 Οὕτως
821 4765 912 4822 οὖν
942 4769 1193 4838 βασιλεὺς
1223 4771 1300 4840 τῷ
1327 4771 1551 4842 Σεδρὰχ,
1576 4774 1985 4844 Μισὰχ,Ἀ6δε-

409 4861 579 4931 ναγὼ,
615 4861 862 4925 ἐξουσίαν
889 4860 1012 4924 δοὺς
1040 4862 1123 4928 ἐφ’
1153 4861 1280 4930 ὅλης
1299 4862 1394 4931 τῆς
1421 4863 1622 4932 χώρας,
1653 4866 1984 4934 κατέστησεν

411 4954 606 5017 αὑτοὺς
632 4954 896 5024 ἄρχοντας
935 4955 1022 5020 )k.

479 5064 584 5129 98.3
597 5064 650 5115 Ἀ
661 5064 764 5134 ρχὴ
791 5064 890 5134 τῆς
933 5065 1250 5136 Ἐπιστολῆς
1264 5070 1329 5134 )K
1344 5066 1390 5118 Ν
1394 5067 1982 5122 ΑΒΟΥΧΟΔΟΝΟΣΟΡ

518 5155 545 5207 ὁ
584 5153 854 5223 βασιλεὺς,
897 5157 1034 5208 πᾶσι
1069 5157 1180 5219 τοῖς
1214 5156 1397 5222 λαοῖς,
1437 5156 1649 5225 φυλαῖς,
1683 5160 1778 5210 καὶ
1811 5159 1985 5226 γλώσ‹

415 5248 480 5312 5K
511 5261 652 5308 σαις,
686 5249 797 5307 τοῖς
831 5245 1068 5299 οἰκοῦσιν
1112 5248 1168 5298 ἐν
1211 5247 1358 5318 πάσῃ
1382 5251 1448 5319 τῇ
1474 5251 1542 5319 γῇ
1563 5263 1578 5278 ’
1629 5249 1818 5318 εἰρήνη
1853 5251 1982 5319 ὑμῖν

416 5339 480 5402 ὶεί
512 5335 860 5406 πληθυνθείη.

482 5447 571 5503 99.
607 5450 674 5515 ξε(
697 5448 780 5501 Τὰ
813 5453 1011 5519 σημεῖα
1050 5451 1141 5503 καὶ
1177 5451 1245 5504 τὰ
1280 5451 1480 5522 τέρατα
1523 5452 1558 5506 ἃ.
1606 5455 1831 5526 ἐποίησε
1866 5459 1984 5527 μετ’

416 5544 482 5606 γ(
510 5538 642 5610 ἐμοῦ
677 5541 704 5592 6
730 5539 860 5602 Θεὸς
879 5542 908 5592 6
937 5539 1177 5609 ὕψιστος,
1197 5542 1392 5613 ἧρεσεν
1421 5545 1663 5600 ἐναντίον
1697 5563 1798 5616 μου
1816 5549 1984 5617 ἀναγ-

417 5638 483 5701 >λ<
511 5637 688 5705 γεῖλαι
718 5637 866 5709 ὑμῖν,
901 5635 976 5700 ὡς
1012 5637 1221 5706 μεγάλα
1248 5637 1340 5692 καὶ
1367 5640 1580 5710 ἰσχυρά.

493 5748 608 5804 100.
647 5773 699 5815 τι
751 5747 842 5811 Ὣς
859 5747 1068 5821 μεγάλη
1086 5749 1180 5803 καὶ
1208 5751 1402 5821 ισχυρὰ
1422 5753 1453 5820 ἡ
1474 5751 1716 5821 βασιλεία
1735 5752 1901 5806 αὑτοῦ
1921 5755 1978 5825 /.

2091 4602 2250 4658 nago,
2283 4587 2625 4642 membratim
2659 4588 2995 4654 concidatur,
3025 4597 3077 4641 ct
3104 4586 3301 4643 domus
3339 4588 3458 4656 ejus
3487 4586 3667 4658 publi-

2089 4689 2261 4742 cctur,
2294 4680 2422 4750 quia
2449 4695 2556 4733 non
2594 4687 2680 4734 est
2711 4677 2854 4734 Deus
2885 4679 3048 4744 alius,
3087 4679 3180 4750 qui
3213 4679 3386 4749 possit
3429 4680 3502 4734 ita
3535 4681 3666 4737 libe-

2091 4786 2229 4825 rare.

2159 4881 2248 4936 97.
2293 4879 2386 4936 Sic
2415 4881 2576 4951 igitur
2599 4897 2712 4950 rex,
2748 4882 3011 4948 Sedrach,
3065 4881 3292 4945 Misacb,
3344 4881 3662 4953 Abdenago,

2091 4979 2412 5040 potestatem
2438 4972 2574 5028 dans
2599 4988 2762 5043 super
2790 4973 3100 5028 universam
3124 4972 3421 5042 regionem,
3455 4975 3662 5029 consti-

2091 5059 2195 5113 tuit
2224 5075 2320 5115 cos
2348 5061 2639 5130 principes.

2163 5169 2252 5224 98.
2289 5169 2503 5225 Initium
2552 5171 2824 5240 Epistolas.
2861 5168 3513 5225 NABUCHODONOSOR
3568 5187 3664 5228 rex

2089 5257 2344 5312 omnibus
2371 5259 2607 5328 papillis,
2636 5259 2904 5321 tribubus,
2957 5267 3011 5312 et
3043 5257 3240 5325 linguis
3296 5257 3666 5316 habitantibus

2089 5350 2142 5403 in
2176 5350 2427 5405 universa
2459 5359 2632 5416 terra;
2650 5365 2756 5419 pax
2787 5350 2939 5404 vobis
2969 5349 3377 5418 multiplicetur.

2158 5462 2247 5517 99.
2293 5461 2480 5532 Signa,
2519 5471 2573 5516 et
2599 5471 2833 5526 ostenta,
2863 5474 2986 5530 quae
3017 5457 3144 5515 fecit
3172 5476 3383 5517 mecum
3410 5459 3549 5516 Deus
3569 5475 3667 5517 ex-

2088 5552 2290 5617 celsus,
2320 5553 2523 5621 placuit
2556 5553 2610 5605 in
2641 5560 2932 5620 conspectu
2978 5566 3099 5606 meo
3133 5552 3460 5607 annuntiare
3487 5551 3662 5617 vobis,

2089 5660 2154 5701 eo
2194 5643 2338 5714 quod
2376 5657 2592 5712 magna,
2622 5649 2677 5697 et
2704 5641 2886 5700 fortia.

2162 5753 2281 5809 £00.
2321 5753 2495 5818 Qum
2531 5768 2788 5828 magnum
2814 5766 2868 5812 et
2897 5765 3086 5826 potens
3110 5768 3333 5829 regnum
3387 5753 3506 5821 elus
3529 5795 3546 5825 ,
3565 5768 3669 5835 Iro-
