4064 6424
427 357 576 415 2795
1494 367 1967 427 IIEXAPLORUM
2010 371 2174 439 QU/E
2218 373 2656 437 SUPERSUNT.
3541 384 3690 442 2796

421 492 588 549 gnum
623 479 764 548 ejus,
799 468 1024 549 regnum
1062 481 1478 552 sempiternum,
1514 497 1757 559 potestas
1790 491 1909 560 ejus
1942 494 1954 546 i

2064 537 2072 556 ι
2102 500 2171 564 Ξ(
2196 499 2228 567 ἡ
2260 496 2507 565 βασιλεία
2529 498 2729 564 αὐτοῦ,
2746 499 2992 570 βασιλεία
3021 502 3258 568 αἰώνιος,
3292 505 3329 575 ἡ
3351 503 3570 570 ἐξουσία
3592 506 3685 558 αὐσ-

419 570 819 640 generationem
855 581 908 626 et
926 575 1353 643 generationem.

2098 592 2166 656 >κ
2196 590 2290 642 τοῦ
2326 592 2405 654 εἰς
2437 593 2630 661 γενεὰν
2669 594 2762 646 καὶ
2787 595 3000 662 γενεάν.
3114 599 3116 601 ’

1017 690 1250 747 CAPUT
1288 692 1373 748 IV.

2693 709 2945 764 ΚΕΦΛΔ.
2995 709 3069 766 Δ⁹.

484 777 538 833 1.
574 778 1175 838 Annodccimooctavo
1244 786 1392 854 regni
1473 787 1953 860 Nabuchodvonoso

2163 799 2213 852 1.
2250 813 2311 854 ~2—
2342 801 2536 865 Ἕτους
2558 802 3027 856 ὀκτωκαιδεκάτου
3050 805 3147 875 τῆς
3169 805 3447 874 βασιλείας
3478 805 3536 876 ,’.
3563 805 3677 860 Να-

410 871 547 926 dixit
581 889 596 926 :
629 871 901 929 Paciflcus
947 889 1096 928 eram
1144 877 1197 931 in
1246 877 1409 932 domo
1450 894 1591 944 nica,
1641 889 1695 934 et
1749 879 1874 937 felix
1931 881 1954 932 in

2090 889 2472 964 ὅουχοδονόσορ
2520 889 2704 946 εἶπεν·
2750 896 3061 966 Εἱρηνεύων
3102 871 3250 968 ἢμην
3301 897 3358 954 ἐν
3542 898 3675 968 οἴκῳ

412 964 613 1017 throno
643 979 786 1018 meo.

2089 996 2214 1048 μου,
2244 983 2338 1034 καὶ
2366 984 2610 1054 εύθηνῶν
2638 986 2732 1039 ἐπὶ
2759 964 2853 1041 τοῦ
2889 989 3080 1058 θρόνου

479 1057 535 1111 2.
563 1055 849 1114 Somnium
871 1060 1010 1124 vidi,
1039 1070 1092 1115 et
1110 1062 1316 1117 verit-us
1342 1077 1486 1126 sum,
1515 1071 1568 1116 et
1593 1062 1759 1117 timor
1787 1065 1954 1119 cecidi

2156 1070 2212 1124 2.
2253 1073 2535 1129 Ἐνύπνιον
2555 1072 2713 1143 εἶδον,
2745 1078 2837 1130 καὶ
2873 1055 3216 1151 εύλαϐήθην.
3252 1082 3347 1135 καὶ
3382 1079 3547 1150 φόϐος
3579 1097 3668 1149 μοι

407 1163 575 1218 super
610 1165 718 1205 me.

2085 1161 2375 1218 ἐπέπεσεν.

476 1238 532 1293 7.
591 1237 647 1292 ln
688 1239 856 1294 cubili
914 1255 1037 1294 meo
1096 1241 1431 1297 dormiebam
1473 1261 1486 1296 :
1538 1254 1590 1298 et
1641 1260 1768 1300 ecce
1817 1247 1952 1300 arbo

2156 1253 2208 1306 7.
2250 1254 2373 1309 Ἐπὶ
2397 1259 2497 1328 τῆς
2517 1259 2703 1330 κοίτης
2730 1279 2832 1331 μου
2859 1263 3170 1327 ἐκάθευδον,
3199 1265 3294 1318 καὶ
3318 1265 3426 1318 ἰδοὺ
3451 1265 3667 1337 δένδρον

405 1332 646 1398 excelsa,
680 1347 804 1402 qua“:
836 1332 1166 1387 nascebatur
1188 1347 1355 1403 super
1385 1345 1610 1397 terram,
1639 1346 1694 1390 et
1726 1346 1949 1408 aspectu

2083 1341 2285 1412 ὑψηλὸν
2312 1347 2582 1417 φυόμενον
2609 1351 2702 1403 ἐπὶ
2733 1353 2830 1423 τῆς
2869 1353 2977 1424 γῆς
3001 1395 3016 1418 ,
3046 1357 3144 1408 καὶ
3174 1356 3208 1426 ἡ
3253 1357 3444 1425 ὅρασις
3495 1332 3663 1412 αὐτοῦ

403 1423 526 1493 ejus
559 1437 813 1493 magnus,
846 1433 902 1480 et
931 1439 1036 1476 non
1064 1433 1185 1479 erat
1216 1426 1321 1479 alia
1357 1427 1556 1482 similis
1589 1429 1661 1482 ei.

2083 1433 2317 1506 μεγάλη,
2344 1439 2438 1492 καὶ
2466 1439 2567 1492 οὐκ
2597 1435 2665 1512 ἦν
2695 1441 2822 1496 ἄλλο
2844 1423 3029 1515 ὅμοιον
3066 1423 3236 1516 αὐτῷ.

472 1513 525 1566 9.
575 1511 735 1566 Rami
776 1512 897 1582 ejus
949 1513 1289 1583 longitudine
1320 1516 1476 1583 quasi
1527 1518 1831 1574 stadiorum
1879 1521 1948 1574 tri

2150 1524 2198 1578 9.
2228 1527 2289 1579 Οἱ
2321 1527 2502 1582 κλάδοι
2532 1533 2696 1585 αὐτοῦ
2725 1534 2802 1602 τῷ
2838 1511 3004 1606 μηκει
3038 1537 3115 1600 ὡς
3142 1511 3374 1592 σταδίων
3401 1539 3659 1610 τρι-ἀκονι-

400 1604 573 1674 ginta,
603 1613 658 1659 et
682 1605 873 1658 subter
894 1621 1013 1659 eam
1035 1606 1355 1664 habitabant
1377 1622 1570 1664 omnes
1589 1609 1770 1666 bestia:
1797 1619 1954 1670 terrae

2075 1631 2167 1680 τα,
2202 1618 2294 1671 καὶ
2321 1620 2579 1676 ὑποκάτω
2609 1625 2774 1679 αὐτοῦ
2799 1604 3052 1690 ἐσκίαζον
3073 1632 3250 1683 πάντα
3272 1629 3343 1684 τά
3367 1604 3533 1702 θηρία
3561 1631 3662 1700 τῆς

399 1703 454 1749 et
493 1695 548 1749 in
596 1711 662 1750 ea
695 1695 950 1750 volucres
983 1697 1106 1750 coeli
1155 1698 1547 1765 uidiﬁcabaut;
1599 1700 1808 1758 fructus
1854 1704 1954 1772 ejus

2075 1707 2200 1778 γῆς,
2237 1713 2330 1764 καὶ
2358 1715 2588 1786 ἐναύτῷ
2613 1717 2685 1770 τὰ
2709 1720 2929 1775 πετεινά
2954 1720 3051 1773 τοῦ
3078 1721 3310 1792 ούρανοῦ
3339 1722 3622 1775 ἐνόσσευον
3641 1735 3654 1750 ·

398 1786 629 1851 multus,
665 1794 720 1842 et
752 1785 960 1846 bonus,
988 1796 1039 1840 et
1074 1787 1529 1846 subministrabat
1561 1792 1818 1848 omnibus
1849 1794 1954 1848 aui-

2073 1797 2102 1848 ὁ
2130 1800 2342 1870 καρπὸς
2393 1785 2568 1858 αὑτοῦί
2620 1807 2811 1873 πολὺς,
2848 1809 2942 1862 καὶ
2989 1785 3213 1880 ἀγαθός,
3266 1811 3360 1864 καὶ
3404 1813 3658 1883 ἐχορήγει

398 1879 654 1933 malibus.

467 1972 518 2024 8.
564 1969 629 2023 Et
668 1969 891 2037 species
922 1969 1042 2036 ejus
1097 1987 1316 2038 magna,
1359 1983 1542 2028 vertex
1589 1975 1734 2032 illius
1775 1993 1970 2048 appr-o-

394 2062 696 2131 pinquabat
727 2077 898 2130 usque
942 2063 1006 2115 ad
1039 2063 1262 2124 malum,
1295 2074 1348 2116 et
1382 2072 1608 2121 truncus
1645 2068 1765 2137 ejus
1795 2085 1968 2140 usque

393 2153 460 2206 ad
497 2153 692 2213 nubes,
740 2152 955 2220 replens
987 2167 1072 2214 ea,
1116 2153 1457 2221 quae-subter
1485 2156 1684 2210 caelum
1733 2177 1761 2212 :-
1801 2161 1881 2214 sol
1915 2171 1969 2215 et

393 2242 521 2297 luna
555 2252 731 2308 erant,
773 2243 826 2295 in
857 2258 932 2297 ea.
955 2243 1297 2309 habitabant,
1341 2255 1394 2301 et
1421 2246 1803 2306 illuminabant
1843 2254 1961 2307 uni-

391 2349 602 2389 versam
629 2341 852 2388 terram.

461 2425 548 2480 10.
586 2424 1012 2495 Contemplabar
1042 2425 1095 2480 in
1114 2442 1308 2484 somno
1330 2444 1474 2493 meo,
1499 2437 1554 2486 et
1577 2445 1703 2487 ecce
1726 2432 1964 2502 Angelus

390 2517 594 2573 missus
625 2527 710 2571 est
739 2517 792 2570 in
827 2515 1146 2574 fortitudine
1167 2520 1234 2575 de
1259 2521 1420 2579 caelo.

461 2607 549 2662 1|.
580 2606 646 2661 Et
675 2607 952 2673 clamavit,
996 2619 1052 2664 et
1087 2611 1226 2664 dixit
1272 2611 1322 2665 ei
1355 2630 1380 2667 :-
1413 2613 1691 2669 Succidite
1731 2629 1875 2679 eam,
1911 2628 1966 2672 et

386 2699 656 2756 destruite
682 2715 802 2756 eam
842 2720 857 2758 :
890 2702 1206 2757 mandatum
1255 2703 1403 2759 enim
1440 2713 1525 2759 est
1553 2705 1622 2760 ab
1655 2706 1960 2774 Altissimo,

386 2802 444 2848 ut
479 2792 807 2860 eradiectur,
843 2804 896 2849 et
937 2795 1145 2851 inutilis
1169 2797 1261 2848 fiat
1301 2796 1436 2865 ipsa.

457 2886 544 2941 12.
586 2885 654 2941 Et
691 2888 770 2942 sic
799 2888 935 2942 dixit
972 2906 985 2941 :
1022 2888 1278 2944 Radicem
1320 2905 1482 2944 uuam
1513 2891 1633 2960 ejus
1671 2893 1962 2961 relinquite

383 2981 438 3034 in
477 2990 642 3046 terra,
685 2989 746 3036 ut
786 2997 910 3036 cum
944 2982 1134 3038 bestiis
1177 2990 1336 3037 terrae
1375 2983 1430 3046 iu
1483 2984 1763 3040 montibus
1813 2985 1961 3039 fumo

382 3073 527 3129 sicut
557 3073 654 3128 bos
691 3083 973 3143 pascatur.

2073 1894 2208 1947 πᾶσι
2240 1898 2354 1959 τοῖς
2383 1897 2543 1962 ζώοις
2578 1913 2665 1954 -ῑ-.

2141 1984 2196 2038 8.
2240 1987 2293 2053 2
2321 1988 2430 2040 Καὶ
2458 1989 2490 2059 ἡ
2516 1990 2705 2060 ὅρασις
2735 1991 2899 2045 αὐτοῦ
2935 1991 3169 2063 μεγάλη,
3192 1995 3225 2063 ἡ
3250 1993 3464 2064 κορυφὴ
3489 1992 3672 2046 αὐτοῦ.

2077 2075 2130 2141 κ
2162 2074 2390 2143 ἤγγισεν
2427 2077 2532 2141 ἕως
2560 2079 2654 2132 τοῦ
2681 2079 2936 2152 ούρανοῦ,
2965 2082 3060 2135 καὶ
3087 2081 3147 2136 τὸ
3177 2081 3338 2145 κύτος
3359 2081 3526 2135 αὐτοῦ
3551 2081 3655 2142 ἕως

2076 2169 2129 2233 κ
2161 2167 2271 2223 τῶν
2299 2169 2560 2239 νεφελῶν,
2589 2171 2832 2243 πληροῦν
2865 2173 2932 2226 τὰ
2962 2174 3222 2228 ὑποκάτω
3256 2175 3348 2228 τοῦ
3381 2174 3613 2245 ούρανοῦ
3637 2191 3650 2204 ·

2075 2260 2127 2326 '2,
2163 2262 2191 2313 ὁ
2217 2261 2370 2330 ἥλιος
2400 2264 2495 2316 καὶ
2518 2267 2550 2334 ἡ
2579 2265 2779 2337 σελήνη
2807 2261 2898 2336 ἦν,
2926 2267 2984 2320 ἐν
3011 2267 3161 2335 αὐτῷ
3181 2266 3359 2338 ᾤκουν
3385 2269 3480 2321 καὶ
3509 2266 3654 2336 ἐφώρ-

2075 2355 2127 2419 2
2161 2353 2310 2417 τιζον
2345 2357 2526 2411 πᾶσαν
2553 2358 2653 2428 τὴν
2682 2359 2806 2428 γῆν.

2138 2444 2225 2498 1θ.
2269 2445 2569 2518 Ἐθεώρουν
2601 2451 2657 2500 ἐν
2679 2450 2756 2520 τῷ
2779 2450 2934 2519 ὕπνῳ
2965 2468 3087 2520 μου,
3116 2451 3211 2502 καὶ
3252 2450 3363 2503 ἰδοὺ
3421 2449 3655 2516 ἄγγελος

2065 2535 2348 2606 ἀπεστάλη
2369 2541 2427 2590 ἐν
2470 2538 2615 2607 ἰσχύϊ
2643 2540 2708 2592 ἐκ
2734 2539 2828 2592 τοῦ
2861 2539 3116 2608 οὐρανοῦ.

2139 2629 2226 2683 11.
2243 2631 2351 2682 Καὶ
2377 2629 2648 2700 ἐφώνησε,
2673 2631 2766 2682 καὶ
2792 2627 2944 2682 εἶπεν
2978 2629 3146 2700 αὐτῷ’
3177 2628 3476 2698 Ἐκκόψατε
3496 2629 3648 2690 αὐτὸ,

2065 2721 2158 2773 καὶ
2187 2721 2588 2792 καταφθείρατε
2622 2721 2787 2773 αὐτό⁹
2837 2722 3238 2792 προστέτακται
3278 2721 3383 2791 γὰρ
3419 2722 3526 2773 ἀπὸ
3555 2718 3651 2772 τοῦ

2075 2812 2331 2882 Ὑψίστου
2365 2811 2668 2883 ἐκριζῶσαι
2697 2814 2796 2866 καὶ
2823 2813 3122 2884 άχρειῶσαι
3150 2813 3306 2866 αὐτό.

2136 2905 2220 2958 12.
2261 2905 2371 2957 Καὶ
2403 2903 2578 2967 οὕτως
2610 2901 2750 2958 εἴπεο
2799 2905 2983 2970 Ῥίζαν
3022 2906 3152 2976 μίαν
3184 2905 3354 2973 ἄφετε
3387 2903 3553 2958 αὑτοῦ
3590 2906 3644 2957 ἐν

2061 2999 2126 3065 τῇ
2153 2999 2246 3067 γῇ,
2276 2997 2425 3059 ὅπως
2456 2996 2595 3067 μετὰ
2617 2997 2727 3048 τῶν
2749 2995 2954 3067 Θηρίων
2975 2997 3074 3066 τῆς
3120 2997 3225 3066 γῆς
3268 2998 3470 3060 ἐντοῖς
3499 2997 3647 3065 ὄρεσι

2063 3089 2256 3159 χόρτον
2287 3089 2362 3152 ὡς
2390 3089 2514 3158 βοῦς
2546 3089 2802 3160 νέμηται.

455 3165 546 3224 15.
586 3164 653 3219 Et
677 3166 746 3219 de
793 3181 918 3221 rore
969 3165 1093 3222 caeli
1123 3181 1324 3236 corpus
1370 3167 1488 3235 ejus
1530 3166 1864 3230 immutetur,
1905 3177 1954 3222 et

2137 3181 2225 3236 15-.
2260 3182 2369 3234 Καὶ
2396 3181 2505 3234 άπὺ
2537 3180 2636 3250 τῆς
2653 3180 2847 3251 δρόσου
2875 3179 2975 3232 τοῦ
2996 3179 3230 3252 οὐρανοῦ
3264 3180 3326 3234 τὸ
3367 3181 3528 3250 σῶμα
3549 3180 3647 3233 αύ-

380 3266 588 3326 septem
623 3257 784 3312 annis
817 3266 1077 3328 pascatur
1115 3273 1240 3313 cum
1271 3258 1373 3313 eis.

453 3349 540 3405 11.
583 3350 764 3407 Donec
811 3351 1130 3422 cognoverit
1155 3349 1448 3404 Dominum
1480 3351 1958 3421 caalipotcstatvm

383 3441 581 3495 habere
625 3441 893 3504 omnium,
936 3454 1059 3509 qua:
1102 3447 1231 3494 sunt
1287 3439 1340 3492 in
1385 3441 1546 3503 caelo,
1590 3450 1646 3495 et
1684 3443 1956 3506 omnium,

377 3549 503 3603 quaa
526 3549 692 3603 super
733 3541 954 3596 terram,
1001 3539 1057 3585 et
1086 3546 1444 3602 qumcumque
1480 3533 1721 3587 voluerit-
1750 3532 1954 3599 facere,

377 3623 506 3678 facit
546 3623 601 3678 in
629 3624 731 3677 eis.

449 3714 536 3768 15.
582 3715 640 3768 In
672 3723 979 3783 conspectu—
1003 3731 1125 3770 meo
1157 3717 1372 3770 succisa
1413 3727 1495 3771 est
1525 3717 1578 3770 in
1609 3718 1699 3773 die
1739 3735 1867 3783 una,
1904 3729 1958 3774 et

376 3805 678 3860 destructio
712 3805 832 3874 ejus
860 3805 913 3860 in
957 3807 1092 3862 hora
1120 3823 1226 3862 una
1263 3808 1394 3875 diei,
1427 3817 1483 3864 et
1520 3811 1658 3864 rami
1703 3812 1822 3880 ejus
1842 3813 1952 3867 dati

376 3905 506 3950 sunt
537 3896 604 3952 ad
640 3911 856 3952 omnem
885 3908 1128 3965 ventum,
1158 3908 1213 3954 et
1235 3908 1476 3954 extracta
1507 3911 1612 3968 est,
1634 3911 1685 3956 et
1715 3905 1953 3972 projecta

374 3995 458 4043 est
491 4007 506 4042 :
558 3997 612 4042 et
647 3988 853 4045 ftenum
905 3999 1064 4046 terrae
1095 3991 1438 4055 comedebat,
1473 4002 1535 4047 et-
1558 3993 1612 4046 in
1648 3995 1950 4050 custodiam

374 4082 573 4136 tradita
596 4093 700 4146 est,
731 4091 786 4137 et
827 4083 879 4136 in
923 4084 1302 4152 compedibus,
1337 4093 1388 4138 et
1428 4083 1482 4138 in
1524 4086 1758 4142 manicis
1795 4088 1954 4144 aereis

375 4175 540 4245 ligata
575 4184 659 4229 est
685 4174 754 4229 ab
783 4175 884 4229 eis.
911 4172 1276 4229 Vehementer
1307 4176 1610 4232 admiratus
1641 4193 1763 4232 sum
1790 4193 1952 4248 super

374 4266 483 4330 his,
515 4275 569 4320 et
616 4281 860 4322 somnus.
891 4281 1048 4321 meus
1090 4270 1318 4323 recessit
1349 4270 1418 4322 ab
1449 4269 1626 4324 oculis
1659 4272 1796 4326 meis
1843 4289 1856 4325 :
1899 4279 1954 4326 et

379 4375 608 4428 surgens
648 4375 808 4414 mane
833 4360 900 4414 de
929 4360 1094 4415 cubili
1127 4376 1249 4416 meo
1272 4377 1460 4416 vocari
1497 4360 1770 4416 Danielem
1799 4363 1951 4431 prin-

373 4447 552 4516 cipem
622 4450 1018 4518 sophistarum,
1078 4460 1133 4504 ct
1203 4451 1398 4505 ducem
1471 4452 1946 4520 interpretantium

2061 3273 2155 3326 τοῦ
2181 3274 2469 3346 ἀλλοιωθῇ,
2506 3275 2600 3327 καὶ
2621 3275 2761 3329 ἐπτά
2781 3273 2876 3343 ἐτη
2908 3272 3148 3345 βοσκηθῇ
3191 3274 3288 3327 σὺν
3315 3273 3519 3336 αὐτοῖς.

2134 3365 2222 3421 14.
2254 3365 2401 3428 Ἕως
2425 3365 2492 3418 ἂν
2508 3364 2623 3434 γνῷ
2665 3364 2756 3418 τὸν
2782 3365 2986 3436 Κύριον
3008 3363 3105 3418 τοῦ
3135 3364 3367 3436 ούρανοῦ
3396 3363 3648 3429 ἐξουσίαν

2061 3453 2206 3525 ἔχειν
2239 3456 2458 3508 πάντων
2505 3455 2612 3508 τῶν
2664 3457 2720 3507 ἐν
2764 3456 2842 3526 τῷ
2870 3454 3108 3527 οὐρανῷ,
3151 3456 3246 3509 καὶ
3283 3453 3392 3507 τῶν
3420 3455 3516 3507 ἐπὶ
3547 3455 3647 3523 τῆς

2061 3545 2185 3612 γῆς.
2214 3546 2308 3598 καὶ
2342 3545 2442 3598 ὅσα
2470 3543 2535 3598 ἃν
2566 3543 2695 3615 Θέλῃ
2730 3547 2924 3611 ποιεῖν,
2953 3546 3096 3599 ποιεῖ
3123 3545 3412 3608 ἐν-αύτοῖς.

2134 3701 2221 3756 13.
2275 3701 2549 3760 Ἑνὼπιόν.
2593 3721 2693 3772 μου
2723 3703 2964 3770 ἐξεκόπη
2997 3702 3054 3754 ἐν
3080 3702 3263 3772 ἡμέρᾳ
3308 3703 3425 3771 μιᾷ,
3479 3703 3573 3755 καὶ
3613 3701 3644 3770 ἡ

2058 3795 2380 3866 καταφθορά
2426 3795 2591 3852 αὑτοῦ
2644 3797 2702 3848 ἐν
2737 3795 2858 3865 ὥρᾳ.
2906 3796 3006 3866 μιᾷ
3038 3797 3135 3865 τῆς
3185 3793 3418 3864 ἡμέρας,
3470 3793 3563 3844 καὶ
3594 3795 3644 3844 οἱ

2058 3885 2241 3939 κλάδοι
2275 3887 2441 3940 αὐτοῦ
2472 3886 2734 3958 ἐδόθησαν
2765 3888 2845 3949 εἰς
2875 3887 3050 3940 πάντα
3076 3885 3294 3956 ἄνεμον,
3331 3884 3427 3938 καὶ
3461 3882 3646 3936 εἱλκύο

2059 3979 2182 4048 σθη,
2221 3980 2313 4032 καὶ
2343 3979 2566 4051 ἐρρίφη.
2595 3980 2705 4037 Καὶ
2732 3979 2821 4033 τὸν
2853 3978 3046 4049 χόρτον
3085 3980 3184 4048 τῆς
3217 3978 3318 4046 γῆς
3345 3976 3522 4048 ἧσθιε,
3550 3975 3646 4028 καὶ

2058 4073 2137 4133 εἰς
2166 4069 2416 4141 φυλακὴν
2455 4071 2752 4142 παρεδόθη,
2790 4071 2886 4123 καὶ
2924 4072 2981 4122 ὲν
3009 4069 3222 4129 πέδαις,
3253 4067 3347 4120 καὶ
3377 4069 3434 4117 ἐν
3463 4079 3644 4134 χειρο-

2058 4161 2244 4223 πέδαις
2274 4161 2505 4230 χαλκαῖς
2543 4161 2699 4231 ἐδέθη
2745 4162 2838 4214 ὑπ’
2870 4143 3081 4213 αὐτῶν.
3103 4158 3316 4227 Σφόδρα
3354 4155 3648 4224 ἐθαύμασα

2056 4253 2148 4304 ἐπὶ
2168 4251 2400 4315 τούτοις,
2433 4251 2528 4304 καὶ
2554 4253 2582 4303 ὁ
2607 4251 2773 4314 ὕπνος
2803 4268 2911 4320 μου,
2938 4249 3150 4320 ἀπέστη
3181 4247 3288 4300 ἀπὸ
3310 4246 3418 4298 τῶν
3441 4243 3643 4313 ὀφθαλ-

2059 4341 2177 4410 μῶν
2213 4357 2337 4411 μου,
2369 4342 2462 4394 καὶ
2491 4340 2730 4403 ἀναστάς
2763 4340 2824 4392 τὸ
2863 4338 3008 4410 πρωῒ
3040 4339 3104 4392 ἐκ
3134 4337 3232 4406 τῆς
3277 4335 3466 4403 κοίτης
3515 4349 3639 4403 μου.

2056 4433 2294 4489 ἐκάλεσα
2318 4433 2408 4487 τὸν
2433 4432 2630 4504 Δανιὴλ
2662 4433 2753 4485 τὸν
2787 4433 3022 4502 ἄρχοντα
3060 4430 3168 4483 τῶν
3217 4426 3507 4497 σοφιστῶν,
3547 4425 3642 4477 καὶ

377 4537 612 4598 somnia,
649 4547 704 4591 et
741 4539 1006 4592 enarravi!
1029 4539 1077 4592 ci
1110 4541 1408 4607 somnium,
1451 4551 1507 4596 et
1556 4541 1952 4599 demonstravit

2064 4527 2145 4580 τὸν
2177 4525 2479 4598 ἡγούμενον
2508 4525 2618 4578 τῶν
2651 4526 2943 4596 κρινόντων
2965 4523 3033 4577 τὰ
3056 4522 3302 4584 ἐνύπνια,
3333 4519 3426 4573 καὶ
3447 4518 3640 4587 διηγη-

376 4627 511 4682 mihi
545 4641 761 4682 omnem
789 4628 1293 4698 interpretationem
1311 4631 1451 4701 ejus.

449 4829 535 4884 16.
579 4829 903 4902 Magnopere
935 4847 1064 4887 vero
1105 4832 1384 4904 obstupuit
1418 4831 1626 4897 Daniel,
1658 4842 1711 4886 et
1762 4833 1952 4902 conje-

374 4929 529 4977 ctura
581 4924 947 4978 conturbabat
999 4939 1161 4991 eum;
1223 4934 1278 4978 et
1327 4936 1727 4994 expavescens,
1779 4939 1948 4992 quum

375 5027 580 5072 tremor
623 5017 1073 5088 apprehendisset
1118 5033 1267 5083 eum,
1319 5026 1374 5070 et
1423 5016 1745 5070 immutatus
1805 5023 1953 5070 esset

375 5116 630 5178 aspectus
654 5108 798 5178 ejus,
827 5123 1060 5163 movens
1084 5117 1268 5177 caput,
1313 5107 1446 5162 hora
1489 5121 1595 5160 una
1626 5107 1950 5172 admiratus,

373 5200 658 5270 respondit
694 5201 828 5255 mihi
858 5216 993 5257 voce
1020 5201 1126 5255 leni
1159 5219 1173 5255 :
1205 5199 1342 5265 Rex,
1367 5201 1641 5254 somnium
1669 5198 1815 5253 istud
1845 5198 1949 5263 his,

373 5289 466 5360 qui
498 5300 550 5344 te
601 5293 854 5358 oderunt,
899 5304 954 5347 et
1005 5291 1382 5361 interpretatio
1406 5290 1526 5360 ejus
1569 5305 1733 5359 super
1769 5290 1953 5345 hostes

373 5391 501 5439 tuos
539 5383 740 5438 veniat.

450 5497 539 5556 17.
577 5496 776 5564 Arbor,
811 5513 932 5567 quae
968 5497 1022 5552 in
1047 5507 1188 5553 terra
1221 5505 1347 5554 nata
1380 5505 1485 5565 est,
1513 5496 1675 5566 cujus
1701 5505 1954 5567 aspectus

373 5601 452 5644 est
487 5605 741 5661 magnus,
780 5599 836 5644 tu
869 5606 948 5654 es,
975 5606 1093 5644 rex.

450 5700 538 5761 18.
581 5699 647 5753 Et
675 5715 868 5754 omnes
893 5701 1151 5755 volucres
1183 5703 1328 5766 cceli,
1356 5718 1479 5772 quae
1516 5703 1870 5760 nidificabant
1898 5703 1951 5757 in

375 5807 462 5854 ea,
491 5791 752 5846 fortitudo
784 5803 964 5859 terrae,
1003 5801 1051 5846 et
1103 5795 1366 5859 gentium.
1392 5804 1445 5849 et
1487 5795 1800 5865 linguarum
1836 5810 1952 5850 om-

2056 4619 2240 4690 σάμην
2261 4618 2409 4689 αὐτῴ
2441 4619 2502 4671 τὸ
2524 4617 2794 4680 ἐνύπνιον,
2825 4618 2919 4672 καὶ
2947 4615 3191 4679 ὑπέδειξέ
3226 4632 3317 4684 μοι
3341 4615 3521 4665 πᾶσαν
3541 4610 3641 4679 τὴν

2058 4711 2343 4779 σύγκρισιν
2365 4708 2550 4765 αὐτοῦ.

2130 4822 2215 4877 16.
2257 4823 2527 4892 Μεγάλως
2547 4821 2605 4876 δὲ
2642 4821 2954 4893 ἐθαύμασεν
2985 4825 3013 4876 ὁ
3045 4822 3262 4892 Δανιὴλ,
3287 4825 3379 4877 καὶ
3412 4825 3640 4878 ὑπόνοια

2057 4917 2426 4969 κατέσπευδεν
2452 4915 2635 4969 αὐτόν·
2681 4917 2774 4969 καὶ
2808 4914 3102 4984 φοϐηθεὶς,
3141 4916 3344 4985 τρόμου
3381 4916 3638 4979 λαϐόντος

2056 5010 2238 5074 αὑτὸν,
2263 5008 2357 5062 καὶ
2377 5007 2764 5078 ἀλλοιωθείσης
2793 5009 2892 5079 τῆς
2919 5009 3163 5079 ὁράσεως
3187 5007 3376 5070 αὐτοῦ,
3411 5011 3638 5080 κινήσας
3664 5083 3670 5097 ο

2057 5100 2155 5171 τὴν
2184 5099 2428 5170 κεφαλὴν
2453 5141 2470 5165 ,
2505 5101 2654 5170 ὦραν
2703 5099 2834 5169 μίαν
2869 5099 3269 5168 ἁποθαυμάσας
3292 5142 3308 5166 ,
3361 5099 3636 5169 ἀπεκρίθη

2061 5212 2151 5265 μοι
2188 5197 2354 5268 φωνῇ,
2375 5194 2576 5266 πραείᾳ
2595 5213 2608 5224 ·
2631 5192 2862 5246 Βασιλεῦ
2885 5231 2902 5257 ,
2947 5192 3008 5245 τὸ
3037 5193 3289 5250 ἐνύπνιον
3329 5192 3490 5247 τοῦτο
3525 5197 3637 5258 τοῖς

2060 5287 2278 5358 μισοῦσί
2309 5305 2390 5354 σε,
2427 5288 2522 5341 καὶ
2553 5289 2587 5357 ἡ
2623 5287 2908 5358 σύγκρισις
2947 5286 3111 5340 αὑτοῦ
3151 5288 3261 5350 τοῖς
3303 5287 3516 5358 ἐχθροῖς
3546 5304 3640 5340 σου

2055 5379 2292 5434 ἐπέλθοι.

2132 5496 2215 5549 17.
2241 5497 2314 5549 Τὸ
2345 5495 2582 5566 δένδρον,
2619 5494 2680 5547 τὸ
2723 5495 2782 5547 ἐν
2821 5496 2884 5564 τῇ
2920 5497 2991 5564 γῇ
3034 5494 3444 5564 πεφυτευμένον
3465 5531 3482 5559 ,
3515 5487 3576 5546 οὗ
3609 5493 3641 5563 ἠ

2057 5589 2246 5660 ὅρασις
2271 5586 2505 5657 μεγάλη,
2540 5587 2604 5640 σὺ
2639 5579 2710 5653 εἴ,
2745 5585 2983 5655 βασιλεῦ.

2129 5699 2215 5754 18.
2245 5699 2355 5756 Καὶ
2385 5699 2561 5752 πάντα
2601 5699 2676 5753 τὰ
2715 5699 2937 5754 πετεινὰ
2970 5698 3065 5753 τοῦ
3096 5697 3328 5770 οὐρα.νοῦ
3395 5697 3465 5752 τὰ
3513 5714 3638 5750 νοσ-

2058 5792 2286 5846 σεύοντα
2313 5792 2372 5845 ἐν
2401 5789 2572 5862 αὐτῷ,
2595 5791 2627 5862 ἡ
2649 5790 2800 5862 ἰσχὺς
2823 5791 2921 5861 τῆς
2942 5790 3067 5861 γῆς,
3090 5789 3182 5845 καὶ
3207 5789 3315 5844 τῶν
3329 5789 3518 5846 ἐθνῶν.
3543 5785 3638 5841 καὶ
