4064 6422
387 380 519 438 980i

1722 372 1977 429 DANEL
2016 373 2247 430 CAPUT
2290 373 2348 426 γ.

3498 371 3642 430 28ίῖ

391 514 518 569 μου,
550 495 644 548 καὶ
676 495 772 563 τῆς
805 491 1051 557 ἐξουσίας
1075 506 1200 560 μου,
1230 488 1326 544 καὶ
1362 488 1462 558 τῆς
1498 487 1775 557 βασιλείας
1821 504 1924 558 μου
1947 503 1959 515 ·

2076 495 2121 542 et
2155 495 2474 556 potestatem
2517 500 2716 549 meam,
2749 494 2804 539 et
2829 500 3057 555 regnum
3092 499 3309 551 meum;
3345 483 3400 538 in
3441 486 3641 552 pepqu

389 589 446 640 ἐν
464 585 542 656 τῷ
561 583 672 653 λαῷ
696 601 794 654 μου
817 583 1115 656 ἐκράτησα,
1147 580 1298 650 καὶὴ
1327 577 1686 649 μεγαλωσύνη
1712 595 1814 648 μου
1837 579 1967 630 ἁπο-

389 674 694 745 κατεστάθη
731 691 841 743 μοι.

460 763 931 834 Ναϐουχοδονόσορ
982 761 1236 831 βασιλεὺς
1279 762 1414 815 πᾶσι
1466 762 1576 823 τοῖς
1620 758 1816 825 ἔθνεσι,
1875 759 1968 812 καὶ

391 857 590 915 πάσαις
618 859 734 918 ταῖς
771 854 1011 926 χώραις,
1059 856 1152 909 καὶ
1192 856 1328 909 πᾶσι
1360 856 1470 917 τοῖς
1503 852 1742 908 οἰκοῦσιν
1771 853 1830 904 ἐν
1870 852 1969 904 αὑυ

389 949 526 1009 ταῖς·
568 947 771 1016 Εἰρήνη
804 948 932 1015 ὑμῖν
961 944 1286 1016 πληθυνθείη
1325 947 1381 1000 ἐν
1426 944 1589 998 παντὶ
1639 943 1833 1014 καιρῷ.
1859 942 1970 997 Καὶ

389 1037 482 1090 νῦν
513 1037 776 1104 ὑποδείξω
803 1037 930 1107 ὑμῖν
955 1037 1053 1101 τὰς
1080 1037 1328 1107 πράξεις,
1360 1036 1424 1099 ἃς
1449 1035 1671 1104 ἐποίησε
1698 1034 1811 1104 μετ’
1833 1031 1968 1102 ἐμοῦ

388 1129 417 1180 ό
446 1130 577 1190 θεὸς
607 1133 633 1183 6
665 1131 837 1198 μέγας
862 1147 874 1159 ·
907 1128 1054 1193 ἔδοξε
1083 1130 1138 1184 δέ
1163 1147 1252 1199 μοι
1268 1127 1544 1191 ἀποδεῖξαι
1567 1128 1716 1195 ὑμῖν,
1745 1125 1970 1186 καὶτοῖς

395 1220 676 1284 σοφισταῖς
700 1217 874 1285 ὑμῶν,
908 1217 990 1268 ὅτι
1023 1216 1136 1270 ἔστι
1165 1217 1316 1280 Θεὸς,
1344 1216 1440 1269 καὶ
1469 1216 1536 1268 τὰ
1567 1213 1845 1284 θαυμάσια
1877 1213 1972 1266 αύ-

394 1307 488 1360 τοῦ
528 1307 738 1376 μεγάλα
761 1325 773 1337 '
802 1309 864 1360 τὸ
898 1307 1164 1378 βασίλειον
1213 1307 1374 1361 αὑτοῦ
1403 1347 1416 1371 ,
1456 1307 1724 1376 βασίλειον
1771 1308 1848 1371 είς
1881 1307 1971 1360 τὸν

397 1400 599 1452 αίῶνα·
631 1402 662 1470 ἡ
693 1400 907 1466 ἐξουσία
940 1399 1103 1452 αὑτοῦ
1133 1400 1240 1453 ἀπὸ
1270 1399 1473 1469 γενεῶν
1500 1403 1578 1460 εἰς
1610 1399 1821 1468 γενεάς.
1864 1400 1972 1452 Καλ⁸

400 1489 718 1543 ἀπέστειλεν
761 1489 1046 1553 ἐπιστολὰς
1083 1489 1209 1559 περὶ
1236 1490 1454 1544 πάντων
1484 1490 1590 1543 τῶν
1632 1488 1971 1558 γενηθέντων

398 1581 544 1651 αύτῷ
575 1585 634 1634 ἐν
675 1585 738 1652 τῇ
786 1582 1033 1654 βασιλείᾳ
1081 1583 1280 1646 αὐτοῦ,
1331 1585 1465 1638 πᾶσι
1496 1587 1608 1646 τοῖς
1651 1581 1830 1637 ἔθνεσι
1860 1584 1972 1645 τοῖς

393 1667 542 1726 οὖσιν
573 1673 676 1726 ὑπὸ
701 1673 798 1744 τὴν
834 1673 1114 1744 βασιλείαν
1147 1675 1333 1730 αὐτοῦ.

993 1768 1222 1821 ΚΕΦᾹΛ
1233 1807 1246 1820 .
1297 1767 1352 1823 Ε⁹

470 1859 519 1913 1.
562 1857 852 1928 Βαλτάσαρ
885 1860 913 1911 6
939 1857 1188 1926 βασιλεὺς
1210 1859 1435 1928 ἐποίησε
1456 1857 1616 1929 δοχὴν
1646 1857 1888 1927 μεγάλην
1921 1858 1977 1909 ἐν
2008 1833 2050 1892 Β

397 1947 578 2018 ἡμέρᾳ
621 1947 978 2017 ἐγκαινισμοῦ
1016 1946 1124 1999 τῶν
1160 1946 1442 2016 βασιλειῶν
1489 1947 1653 2001 αὐτοῦ
1675 1963 1689 1977 ·
1723 1946 1976 2000 ἐκάλεσεν

393 2039 591 2110 ἄνδρας
625 2038 940 2109 δισχιλίους.

465 2131 520 2188 4.
573 2132 664 2189 Ἐν
711 2133 780 2202 τῇ
831 2132 1015 2204 ἡμέρᾳ
1065 2131 1250 2203 ἐκείνῃ
1279 2131 1564 2202 Βαλτάσαρ
1615 2129 1979 2200 ἐνυψούμενος

397 2222 506 2275 ἀπὸ
538 2221 632 2274 τοῦ
672 2221 839 2284 οἴνου,
866 2222 961 2274 καὶ⁷
988 2221 1338 2292 καυχώμενος
1367 2222 1600 2291 ἐπῄνεσε
1629 2223 1836 2282 πάντας
1856 2221 1981 2284 τοὺς

399 2311 555 2376 θεοὺς
580 2312 687 2365 τῶν
719 2311 909 2377 ἐθνῶν,
941 2313 1067 2374 τοὺς
1111 2314 1434 2382 χωνευτοὺς,
1470 2313 1562 2366 καὶ
1607 2313 1879 2381 γλυπτοὺς
1922 2313 1982 2366 ἐν

399 2402 479 2473 τῷ
511 2403 661 2474 τόπῳ
693 2404 880 2468 αὐτοῦ,
921 2405 1013 2458 καὶ
1042 2404 1118 2474 τῷ
1140 2404 1260 2474 Θεῷ
1290 2404 1366 2476 τῷ
1410 2405 1616 2475 ὑψίστῳ
1659 2405 1759 2459 οὐκ
1781 2404 1980 2458 ἔδωκεν

399 2497 624 2549 αἴνεσιν.

467 2584 521 2637 5.
568 2585 654 2636 ’Ev
682 2584 820 2654 αὐτῇ
861 2587 926 2655 τῇ
957 2585 1112 2636 νυκτὶ
1147 2584 1370 2654 ἐξῆλθον
1417 2585 1668 2638 δάκτυλοι
1714 2585 1848 2638 ὡσεὶ
1886 2585 1979 2638 ἁν-

397 2673 636 2743 θρὼπου,
674 2674 768 2726 καὶ
800 2675 1119 2744 ἐπέγραψαν
1157 2679 1248 2728 ἐπὶ
1277 2675 1370 2729 τοῦ
1397 2677 1574 2747 τοίχου
1622 2678 1770 2731 οἴκου
1812 2676 1975 2730 αὑτοῦ

397 2767 490 2818 ἐπὶ
528 2765 621 2818 τοῦ
655 2767 981 2837 κονιάματος
1017 2768 1304 2820 κατέναντι
1347 2769 1440 2822 τοῦ
1485 2769 1732 2840 λύχνους.
1776 2768 1972 2836 Mar-1‘1,

395 2857 606 2925 Φάρες,
638 2859 843 2913 Θεκέλ.
891 2860 1125 2913 Ἐστιδέ
1163 2863 1194 2931 ή
1229 2861 1493 2930 ἑρμηνεία
1532 2861 1731 2916 αὐτῶν·
1774 2863 1978 2916 ΜΑΝΗ

397 2951 721 3021 ὴρίθμηται,
756 2951 976 3005 ΦΑΡΕΣ
1007 2953 1259 3022 ἐξῆρται,
1291 2954 1523 3006 ΘΕΚΕΛ
1555 2953 1800 3007 ἓσταται.

468 3042 521 3095 1.
551 3043 840 3113 Βαλτάσαρ
866 3046 893 3096 ό
925 3043 1180 3113 βασιλεὺς
1219 3045 1474 3115 ἐποίησεν
1506 3047 1851 3117 ἐστιατορίαν
1884 3064 1978 3116 με·

396 3132 568 3205 γάλην
589 3137 700 3196 τοῖς
728 3135 966 3206 ἑταίροις
1005 3137 1191 3191 αὐτοῦ.

469 3222 521 3275 2.
555 3223 664 3276 Καὶ
690 3223 873 3275 ἔπινεν
899 3220 1058 3286 οἶνον,
1086 3224 1178 3277 καὶ
1208 3225 1466 3298 ἁνυψ-ώθη
1503 3229 1536 3297 ή
1565 3228 1762 3297 καρδία
1788 3227 1975 3292 αὐτοῦ,

398 3315 491 3367 καὶ
514 3309 665 3367 εἴπεν
691 3316 911 3383 ἐνέγκαι
932 3317 1000 3370 τὰ
1032 3318 1198 3388 σκεύη
1224 3317 1292 3370 τὰ
1320 3322 1514 3388 χρυσᾶ,
1549 3320 1730 3373 καὶτὰ
1762 3322 1978 3390 ἀργυρᾶ

398 3404 492 3458 τοῦ
523 3405 672 3458 οἴκου
703 3404 796 3457 τοῦ
825 3405 983 3468 Θεοῦ,
1006 3404 1042 3459 ἃ
1065 3407 1264 3475 ἤνεγκε
1306 3407 1776 3479 Ναϐουχοδονόσορ
1816 3413 1843 3463 ό
1875 3426 1978 3462 πα-

397 3494 502 3564 τὴρ
525 3495 690 3549 αὐτοῦ
721 3495 830 3548 ἀπὸ
859 3495 1235 3568 Ἰερουσαλὴμ,
1259 3498 1351 3550 καὶ
1371 3499 1679 3570 οἰνοχοῆσαι
1709 3501 1768 3552 ἐν
1793 3501 1977 3563 αὐτοῖς

397 3590 511 3651 τοῖς
545 3589 782 3660 ἑταίροις
814 3588 1000 3646 αὐτοῦ.

472 3679 528 3733 5.
552 3680 662 3732 Καὶ
693 3677 916 3750 ἠνέχθη,
957 3679 1051 3732 καὶ
1082 3680 1265 3734 ἔπινον
1281 3683 1340 3736 ἐν
1366 3683 1570 3749 αὐτοῖς,
1602 3685 1693 3735 καὶ
1711 3683 1978 3751 ηὐλόγουν

398 3771 470 3825 τὰ
499 3771 695 3824 εἴδωλα
726 3771 794 3823 τὰ
819 3770 1174 3841 χειροποίητα
1200 3772 1397 3826 αὐτῶν.

469 3864 522 3921 4.
564 3867 674 3919 Καὶ
707 3865 798 3917 τὸν
831 3865 962 3917 Θεὸν
1007 3865 1100 3918 τοῦ
1134 3865 1330 3928 αἰῶνος
1364 3865 1464 3918 οὐκ
1509 3863 1844 3931 εὐλόγησαν,
1887 3861 1978 3913 τὸν

399 3953 594 4024 ἔχοντα
623 3954 722 4023 τὴν
762 3953 1007 4019 ἐξουσίαν
1027 3954 1120 4006 τοῦ
1155 3954 1462 4024 πνεύματος
1486 3951 1687 4005 αὐτῶν.

473 4045 527 4100 5.
581 4045 667 4097 Ἐν
693 4045 828 4115 αὐτῇ
860 4048 925 4115 τῇ
953 4043 1072 4115 ὥρᾳ.
1091 4045 1275 4115 ἐκείνῃ
1308 4045 1527 4116 ἐξῆλθον
1547 4046 1821 4106 δάκτυλοι,
1848 4044 1978 4098 ὡσεὶ

401 4136 583 4208 χειρὸς
621 4136 932 4204 ἀνθρώπου,
967 4138 1062 4189 καὶ
1107 4137 1352 4208 ἔγραψαν
1393 4139 1484 4190 ἐπὶ
1517 4138 1611 4191 τοῦ
1655 4138 1836 4208 τοίχου
1883 4137 1977 4191 τοῦ

397 4229 549 4282 οἴκου
572 4227 736 4282 αὑτοῦ
766 4229 858 4280 ἐπὶ
889 4230 983 4281 τοῦ
1018 4229 1343 4299 κονιάματος
1366 4231 1654 4284 κατέναντι
1678 4231 1771 4283 τοῦ
1800 4230 1977 4300 φωτὸς

400 4314 582 4368 ἔναντι
614 4313 707 4368 τοῦ
742 4314 1003 4384 βασιλέως
1034 4316 1344 4390 Βαλτάσαρ,
1380 4321 1472 4372 καὶ
1503 4315 1609 4372 εἶδε
1649 4321 1807 4390 χεῖρα
1841 4320 1978 4392 γρά-

399 4423 626 4475 φουσαν.

2069 594 2188 632 τηου
2238 577 2478 646 regnavi,
2528 585 2581 631 et
2621 576 3023 645 magniﬁcentia
3091 591 3210 630 mea
3259 574 3508 633 restituta
3560 581 3642 628 est

2070 669 2222 724 mihi.

2137 758 2641 816 Nabuchodonosor
2665 774 2757 815 rex
2780 759 3039 813 omnibus
3065 759 3338 827 gentibus,
3359 769 3414 814 et
3432 757 3643 814 cunctis

2072 851 2407 919 regionibus,
2449 860 2502 904 et
2536 849 2809 903 universis
2863 849 3238 904 habitantibus
3292 850 3344 902 in
3387 849 3488 905 eis.
3531 848 3644 904 Pax

2074 942 2228 995 vobis
2259 941 2654 1010 multiplicetur
2686 940 2738 993 in
2767 941 2916 994 omni
2953 947 3216 1007 tempore.
3249 937 3314 990 Et
3350 954 3496 994 nunc
3526 954 3644 993 nia-

2073 1032 2344 1087 nifestabu
2382 1031 2537 1085 vobis
2571 1046 2754 1099 opera,
2785 1047 2903 1098 quae
2939 1029 3065 1084 fecit
3095 1044 3308 1082 meeum
3355 1027 3497 1083 Deus
3531 1045 3646 1083 ma-

2074 1141 2212 1195 gnus
2255 1125 2474 1179 :visum
2518 1137 2602 1181 est
2644 1135 2824 1179 autem
2873 1122 3007 1177 mihi
3058 1123 3346 1176 ostendere
3384 1121 3558 1184 vobis,
3593 1129 3648 1177 et

2074 1217 2336 1287 sophistis
2363 1218 2580 1282 vestris,
2620 1218 2748 1286 quia
2775 1226 2858 1270 est
2895 1215 3053 1275 Deus.
3107 1223 3161 1267 et
3215 1213 3487 1267 mirabilia
3526 1213 3646 1280 ejus

2074 1326 2268 1380 magna
2303 1329 2316 1365 :
2355 1327 2584 1380 regnum
2615 1311 2736 1378 ejus
2788 1324 3012 1378 regnum
3044 1307 3096 1360 in
3141 1315 3404 1360 :eternum
3445 1324 3456 1358 :
3503 1314 3648 1372 pote.

2074 1411 2188 1458 stas
2217 1403 2339 1472 ejus
2370 1418 2398 1456 a
2426 1401 2873 1471 generationibus
2907 1402 2956 1454 in
2985 1400 3386 1470 generationes.
3417 1398 3650 1453 Etmisit

2073 1497 2334 1564 epistolas
2369 1497 2435 1550 de
2462 1497 2740 1559 omnibus,
2767 1511 2890 1565 qua:
2913 1502 3209 1550 evenerant
3242 1495 3342 1548 sibi
3383 1494 3438 1548 in
3484 1507 3650 1562 regno

2074 1603 2176 1642 suo
2207 1590 2462 1644 omnibus
2489 1589 2762 1660 gentibus,
2797 1601 2919 1656 qum
2945 1596 3104 1641 erant
3130 1586 3234 1640 sub
3263 1601 3428 1656 regno
3463 1585 3602 1652 ejus.

2697 1768 2930 1825 CAPUT
2966 1768 3029 1820 ν.

2153 1867 2203 1917 1.
2247 1865 2492 1920 Baltasar
2537 1879 2630 1917 rex
2669 1861 2793 1916 lccit
2825 1860 3142 1916 convivium
3181 1873 3439 1927 magnum
3483 1857 3536 1910 in
3566 1854 3656 1910 die

2080 1959 2438 2013 dedicationis
2478 1972 2770 2026 regnorum
2818 1969 3083 2019 suorum;
3131 1952 3338 2007 vocavit
3383 1951 3533 2003 viros
3572 1947 3656 2002 bis

2082 2047 2250 2100 mille.

2152 2137 2206 2190 4.
2238 2135 2294 2190 In
2321 2136 2410 2190 die
2450 2136 2540 2190 illa
2589 2134 2832 2188 Baltasar
2861 2133 3038 2188 elatus
3067 2148 3098 2187 a
3131 2132 3256 2186 vino
3277 2173 3291 2195 ,
3322 2139 3378 2185 ct
3415 2129 3658 2196 glorians

2081 2229 2322 2284 laudavit
2359 2243 2553 2283 omnes
2601 2228 2737 2282 deos
2777 2227 3020 2297 gentium
3063 2224 3386 2285 conﬂatiles.
3425 2231 3480 2277 et
3509 2220 3658 2276 scul—

2084 2322 2239 2390 ptiles
2281 2321 2333 2373 in
2376 2321 2494 2374 loco
2535 2334 2671 2384 suo,
2705 2326 2759 2373 et
2797 2317 2908 2373 Deo
2954 2317 3170 2372 excelso
3205 2332 3312 2370 non
3355 2313 3501 2368 dedit
3545 2311 3661 2366 lau-

2081 2413 2235 2467 dem.

2150 2597 2204 2650 5.
2246 2597 2304 2650 ln
2337 2595 2526 2650 eadem
2562 2605 2720 2650 nocte
2750 2595 3003 2650 exierunt
3025 2592 3180 2663 digiti
3203 2591 3360 2663 quasi
3394 2590 3657 2654 hominis,

2079 2699 2133 2744 et
2179 2689 2516 2757 scripserunt
2555 2688 2606 2740 in
2656 2701 2816 2740 muro
2849 2685 3048 2738 dooms
3085 2685 3205 2754 ejus
3247 2699 3413 2752 super
3450 2682 3662 2736 albario

2080 2780 2304 2849 parietis
2336 2795 2364 2832 e
2394 2781 2618 2847 regione
2652 2777 2887 2831 lucerna:
2923 2793 2934 2825 :
2975 2775 3154 2834 Mane,
3188 2773 3410 2836 Phares,
3450 2771 3658 2826 Thecel.

2081 2868 2178 2924 Est
2210 2879 2388 2921 autem
2415 2867 2786 2934 interpretatio
2817 2880 3004 2918 eorum
3045 2882 3058 2914 :
3086 2863 3281 2916 MANE
3313 2871 3660 2917 numeratum

2079 2972 2187 3022 est,
2212 2959 2484 3013 PllARES
2509 2960 2747 3013 ablatum
2790 2969 2892 3020 est,
2915 2957 3192 3012 THECEL
3228 2969 3530 3025 appensum
3551 2962 3656 3008 est.

2154 3051 2204 3103 1.
2250 3049 2494 3104 Baltasar
2536 3066 2628 3103 rex
2671 3049 2798 3104 fecit
2828 3048 3136 3104 convivium
3181 3061 3437 3117 magnum
3467 3044 3660 3100 amicis

2006 3178 2048 3234 ο
2082 3143 2220 3234 suis.

2150 3231 2200 3282 2.
2238 3229 2301 3283 Et
2329 3231 2544 3286 bibebat
2575 3230 2785 3293 viuum,
2813 3238 2866 3283 et
2892 3230 3163 3284 elevatum
3195 3235 3280 3282 est
3307 3242 3402 3281 cor
3433 3225 3574 3294 ejus,
3605 3233 3660 3278 et

2079 3319 2216 3375 dixit
2246 3321 2421 3376 afferri
2449 3339 2574 3376 vasa
2601 3337 2790 3383 aurea,
2817 3330 2871 3375 et
2902 3330 3157 3390 argentea
3181 3318 3378 3374 domus
3397 3317 3513 3378 Dei,
3539 3333 3660 3386 qua

2080 3425 2456 3484 asportaverat
2489 3415 3004 3468 Nabuchodonosor
3056 3419 3208 3480 pater
3237 3409 3356 3476 ejus
3394 3407 3461 3461 de
3493 3405 3658 3461 Jeru-

2077 3506 2269 3568 salem,
2310 3515 2363 3560 et
2394 3506 2693 3560 ministrari
2731 3505 2784 3559 in
2815 3504 2895 3558 eis
2929 3505 3116 3558 vinum
3150 3500 3344 3554 amicis
3375 3499 3513 3554 suis.

2149 3681 2202 3733 3.
2249 3679 2316 3734 Et
2343 3681 2505 3734 allata
2549 3689 2703 3746 sunt;
2737 3689 2790 3736 et
2831 3679 3091 3733 bibebant
3125 3678 3178 3731 in
3206 3676 3310 3736 eis,
3346 3682 3401 3729 et
3431 3673 3660 3729 benedi-

2080 3771 2277 3824 ccbant
2309 3772 2470 3826 idolis
2493 3773 2606 3826 suis
2645 3771 2994 3826 manufactis.

2150 3861 2203 3914 4.
2252 3863 2312 3914 lit
2347 3861 2456 3916 Deo
2483 3865 2663 3918 saeculi
2701 3879 2809 3917 non
2847 3863 3262 3923 benedixerunt,
3295 3861 3390 3932 qui
3425 3857 3658 3916 habebat

2080 3961 2402 4021 potcStatem
2439 3953 2666 4021 spiritus
2707 3969 2919 4006 eorum.

2150 4043 2204 4096 5.
2256 4040 2310 4095 In
2344 4043 2457 4110 ipsa
2500 4043 2628 4096 hora
2677 4044 2763 4096 illa
2797 4043 3048 4097 exierunt
3079 4043 3232 4112 digiti
3268 4042 3424 4110 quasi
3463 4055 3660 4094 manus

2081 4132 2348 4194 hommis,
2391 4143 2444 4187 ct
2466 4135 2805 4204 scripserunt
2843 4134 2897 4186 iu
2927 4149 3084 4186 muro
3113 4133 3313 4185 domus
3345 4132 3464 4199 ejus
3493 4146 3659 4199 super

2080 4227 2290 4281 albario
2333 4226 2556 4296 parietis
2615 4243 2646 4281 e
2694 4227 2916 4296 regione
2971 4225 3194 4279 luminis
3249 4227 3303 4277 in
3361 4233 3658 4292 conspccm

2081 4318 2223 4388 regis
2253 4319 2536 4384 Baltasar;
2576 4328 2628 4373 et
2659 4319 2790 4372 vidit
2826 4333 3045 4372 manum
3087 4316 3438 4374 scribentem.

473 4496 528 4552 6.
562 4499 672 4552 Καὶ
703 4499 736 4569 ἡ
778 4499 982 4567 ὅρασις·
1011 4499 1178 4554 αὑτοῦ
1219 4501 1507 4573 ἠλλοιώθη,
1545 4503 1640 4556 καὶ
1684 4503 1833 4571 φόϐοι
1882 4502 1976 4557 καὶ

2150 4496 2205 4551 6.
2242 4497 2304 4552 Et
2327 4505 2584 4568 aspectus
2610 4499 2729 4566 ejus
2761 4499 3084 4553 immutatus
3107 4506 3217 4561 est,
3249 4507 3301 4553 et
3326 4498 3552 4552 timores
3605 4507 3662 4555 et.

401 4589 648 4643 ὑπόνοιαι
672 4589 836 4642 αὑτὸν
859 4591 1250 4646 κατέσπευδον.
1296 4593 1603 4648 Ἐσπευσεν
1633 4591 1725 4647 οὖν
1765 4597 1793 4648 ὁ
1816 4593 1974 4665 βασι-

402 4681 548 4744 λεὺς,
590 4682 684 4732 καὶ
717 4679 998 4750 ἐξανέστη,
1039 4683 1133 4734 καὶ
1177 4681 1325 4753 ἐώρα
1368 4684 1467 4754 τὴν
1494 4685 1712 4756 γραφὴν
1735 4685 1972 4758 ἐκείνην,

403 4771 495 4824 καὶ
526 4771 575 4822 οἱ
606 4771 908 4840 συνεταῖροι
927 4769 1113 4838 κύκλῳ
1133 4770 1296 4822 αὑτοῦ
1339 4772 1674 4842 ἐκαυχῶντο.

473 4862 527 4916 7.
560 4863 668 4916 Καὶ⁵
697 4863 725 4913 ὀ
756 4860 1008 4931 βασιλεὺς
1039 4859 1285 4931 ἐφώνησε
1307 4865 1458 4932 φωνῇ
1495 4865 1726 4935 μεγάλῃ,
1748 4865 1974 4918 καλέσαι

399 4955 525 5016 τοὺς
549 4952 850 5017 ἐπαοιδοὺς,
886 4952 981 5005 καὶ
1008 4953 1334 5022 φαρμακοὺς
1353 4995 1367 5018 ,
1403 4954 1495 5006 καὶ
1534 4955 1854 5019 Χαλδαίους,
1882 4956 1977 5009 καὶ

401 5043 763 5114 γαζαρηνοὺς,
817 5045 1148 5112 ἀπαγγεῖλαι
1197 5045 1257 5097 τὸ
1289 5044 1565 5116 σύγκριμα
1591 5047 1692 5116 τῆς
1733 5049 1972 5119 γραφῆς.

401 5134 512 5188 Καὶ
550 5134 960 5206 εἰσεπορεύοντο
991 5135 1085 5188 ἐπὶ
1114 5135 1366 5209 θεωρίαν,
1426 5138 1554 5192 ἰδεῖν
1597 5140 1696 5211 τὴν
1730 5142 1972 5214 γραφὴν,

401 5229 497 5282 καὶ¹
520 5229 583 5281 τὸ
619 5229 900 5300 σύγκριμα
931 5229 1027 5300 τῆς
1048 5229 1266 5300 γραφῆς
1288 5230 1388 5282 οὐκ
1417 5229 1668 5286 ἐδύναντο
1689 5235 1974 5304 συγκρίναι

399 5321 479 5390 τῷ
515 5320 743 5389 βασιλεῖ.
787 5320 921 5374 Τότε
968 5322 997 5374 ό
1043 5319 1298 5389 βασιλεὺς
1338 5321 1564 5392 ἐξέθηκε
1616 5324 1968 5396 πρόσταγμα.

399 5412 575 5480 λέγων
595 5431 608 5445 ο
655 5413 770 5475 Πᾶς
821 5411 958 5482 ἀνὴρ
984 5411 1042 5475 ὃς
1069 5412 1134 5464 ἂν
1168 5412 1424 5483 ὑποδείξῃ
1473 5413 1535 5466 rb
1563 5415 1842 5487 σύγκριμα
1873 5419 1974 5488 τῆς

401 5504 638 5573 γραφῆς,
662 5502 862 5555 στολιεῖ
894 5501 1055 5555 αὑτὸν
1087 5504 1396 5576 πορφύραν,
1427 5507 1519 5559 καὶ
1545 5509 1816 5578 μανιάκην
1841 5528 1963 5580 χρυ.-

405 5587 530 5646 σοῦν
549 5591 832 5663 περιθήσει
855 5589 1022 5661 αύτῷ,
1044 5593 1138 5644 καὶ
1158 5592 1441 5662 δοθήσεται
1465 5594 1612 5664 αύτῷ
1640 5593 1856 5661 ἐξουσία
1877 5599 1979 5652 τοῦ.

403 5683 584 5750 τρίτου
612 5681 812 5752 μέρους
840 5680 940 5750 τῆς
967 5678 1263 5749 βασιλείας.

472 5775 526 5826 8.
561 5771 670 5826 Καὶ
699 5770 1106 5840 εἰσεπορεύοντο
1125 5771 1173 5824 ol
1198 5771 1437 5826 ἐπαοιδοὶ
1471 5774 1563 5827 καὶ
1584 5776 1630 5828 οί
1661 5775 1966 5848 φαρμακοὶ,

2080 4591 2424 4659 suspiciones
2448 4606 2571 4644 eum
2620 4591 2938 4644 incitabant.
2978 4589 3273 4644 Festinavit
3315 4589 3498 4660 itaque
3536 4603 3656 4647 rex.

2075 4689 2132 4734 et
2171 4679 2428 4744 surrexit,
2463 4688 2516 4733 et
2548 4680 2760 4734 videbat
2795 4685 3127 4749 scripturam
3189 4681 3336 4734 illam
3367 4697 3382 4744 ;
3412 4691 3462 4733 et
3493 4679 3657 4734 amici

2079 4771 2130 4824 in
2166 4771 2398 4826 circuitu
2438 4771 2560 4840 ejus
2595 4772 2992 4841 gloriabantur.

2149 4862 2200 4915 7.
2239 4861 2304 4916 Et
2356 4879 2446 4916 rex
2514 4879 2645 4916 voce
2685 4880 2880 4933 magna
2935 4864 3224 4925 clamavit,
3277 4871 3336 4916 ut
3395 4869 3655 4915 vocarent

2079 4956 2470 5020 incantatores,
2505 4964 2557 5008 et
2588 4957 2886 5018 maleﬁcos,
2929 4965 2980 5007 et
3018 4953 3322 5014 Chaldaeos,
3354 4959 3408 5005 et
3432 4967 3654 5020 gazare-

2079 5062 2180 5100 nos
2217 5046 2280 5099 ad
2323 5047 2753 5100 aununtiandam
2801 5045 3300 5113 interpretationem
3342 5043 3647 5110 scripturae.

2077 5136 2141 5192 Et
2171 5137 2395 5204 ingressi
2423 5151 2551 5192 sunt
2577 5138 2641 5192 ad
2669 5137 3061 5206 spectaculum,
3098 5143 3157 5188 ut
3199 5133 3441 5186 viderent
3482 5133 3654 5202 scrip-

2078 5239 2276 5297 turam,
2301 5241 2353 5286 et
2376 5230 2874 5300 interpretationem
2917 5229 3202 5294 scriptura:
3228 5238 3334 5276 non
3358 5233 3652 5293 potuerunt

2076 5321 2422 5391 interpretari
2449 5321 2580 5390 regi.
2612 5319 2767 5373 Tunc
2809 5334 2906 5371 rex
2947 5315 3115 5369 edidit
3143 5314 3379 5368 edictum
3414 5315 3602 5370 dicens
3632 5331 3643 5364 :

2075 5414 2264 5470 Omnis
2294 5414 2375 5467 vir
2394 5414 2727 5482 quicumque
2751 5406 3211 5462 demonstraverit
3239 5407 3647 5477 interpretatio-

2077 5521 2197 5559 nem
2233 5505 2546 5572 scripturae,
2583 5499 2847 5554 vestietur
2891 5497 3006 5567 ipse
3034 5513 3276 5568 purpura
3297 5538 3311 5561 ,
3344 5506 3398 5553 et
3428 5508 3648 5568 torques

2074 5611 2274 5650 aureus
2319 5595 2764 5660 circumponetur
2801 5588 2872 5653 ei,
2926 5597 2980 5644 et
3021 5589 3241 5645 dabitur
3277 5590 3325 5643 ei
3408 5598 3647 5660 potestas

2078 5687 2250 5742 tertiae
2297 5683 2464 5753 partis
2501 5681 2675 5752 regni.

2147 5777 2200 5828 8.
2231 5773 2294 5826 Et
2318 5773 2613 5827 introibant
2637 5771 3002 5827 ineantatores
3021 5813 3035 5840 ,
3062 5781 3115 5827 et
3138 5769 3390 5838 mali-ﬁci,
3418 5777 3469 5825 et
3497 5786 3650 5841 gan-
