4064 6430
405 369 549 426 2803

1463 368 1942 434 HEXAPLORUM
1983 367 2154 436 QUAE
2198 366 2633 426 SUPERSUNT.

3518 372 3659 430 280$

407 491 557 557 reni,
591 499 646 545 et
685 505 844 547 nemo
888 501 1098 564 poterat
1137 493 1640 562 interpretationem
1680 492 1969 560 scripturae

2074 488 2166 541 καὶ
2191 488 2515 558 γαζαρηνοὶ,
2546 486 2642 541 καὶ
2676 485 2777 541 οὐκ
2801 486 3033 557 ἠδύνατο
3065 486 3238 552 οὐδεὶς
3283 486 3344 542 τὸ
3378 488 3657 562 σύγκριμα

405 578 752 632 annuntiare.

474 668 525 722 9.
557 667 710 724 Tunc
734 686 824 724 rex
854 674 1065 727 vocavit
1094 673 1334 743 reginam
1357 682 1575 743 propter
1601 673 1704 727 hoc
1732 671 1971 742 signum,

400 767 455 813 et
494 762 731 816 ostendit
767 764 847 829 ei,
883 779 1047 833 quam
1084 780 1339 835 magnum
1373 773 1541 827 esset,
1582 773 1639 818 et
1667 764 1813 834 quod
1847 764 1974 817 nul-

404 851 488 904 lus
532 852 696 906 homo
745 863 926 923 posset
953 854 1279 910 aununtiare
1320 854 1443 925 regi
1472 854 1971 924 interpretationem

404 941 707 1009 scriptum.
1628 1002 1633 1007 .

477 1032 563 1087 10.
607 1033 810 1090 Eodem
865 1045 1105 1108 tempore
1136 1039 1333 1108 regina-
1365 1036 1692 1092 mentionem
1737 1035 1974 1090 Danielis

402 1122 543 1190 apud
589 1138 714 1177 eum
752 1124 911 1187 fecit,
947 1126 1041 1195 qui
1075 1136 1193 1181 erat
1229 1127 1297 1181 de
1348 1126 1663 1194 captivitate
1710 1123 1934 1178 Judaeze.

475 1210 560 1264 11.
607 1211 669 1266 Et
695 1214 833 1268 dixit
875 1217 984 1284 regi
1028 1234 1042 1269 :
1075 1215 1249 1270 Homo
1282 1216 1510 1271 scientia
1546 1214 1806 1285 praeditus
1830 1223 1969 1279 erat,

400 1308 457 1352 et
486 1301 726 1369 sapiens,
756 1314 811 1358 et
839 1319 1105 1374 superans
1130 1320 1323 1360 omnes
1350 1307 1625 1375 sapientes
1655 1303 1970 1375 Babylonis,

401 1400 457 1442 et
481 1387 721 1459 Spiritus
757 1402 982 1449 sanctus
1009 1395 1064 1449 in
1105 1409 1185 1450 eo
1216 1406 1300 1451 cst
1338 1414 1351 1450 :
1382 1407 1437 1450 et
1476 1396 1532 1449 in
1562 1396 1758 1450 diebus
1798 1395 1971 1464 patris

402 1480 480 1534 tui
529 1482 672 1550 regis
733 1483 1206 1555 interpretationes
1255 1487 1519 1541 sublimes
1571 1486 1968 1541 demonstravit

399 1566 903 1631 Nabuchodonosor
930 1577 1068 1647 patri
1098 1586 1231 1641 tuo.‘

473 1664 561 1719 15.
598 1663 752 1720 Tunc
796 1665 982 1721 Daniel
1022 1668 1368 1724 introductus
1410 1676 1492 1724 est
1531 1668 1597 1723 ad
1645 1683 1825 1740 regem
1851 1708 1866 1733 ,
1917 1677 1973 1723 ct

400 1760 740 1829 respondens
772 1776 866 1815 rex
894 1759 1035 1815 dixit
1061 1760 1109 1814 ei
1142 1779 1156 1813 :

2075 580 2176 648 τῆς
2209 580 2423 650 γραφῆς
2442 579 2796 647 ἀπαγγεῖλαι.

2147 672 2199 726 9.
2235 671 2370 725 Τότε
2420 673 2448 725 ὁ
2482 670 2736 741 βασιλεὺς
2775 670 3003 726 ἐκάλεσε
3034 671 3135 743 τὴν
3181 672 3496 743 βασίλισσαν
3528 675 3656 747 περὶ

2074 765 2264 817 τούτου
2287 762 2538 834 σημείου,
2573 762 2669 817 καὶ
2697 762 2976 829 ὑπέδειξεν
3009 764 3181 835 αὐτῇ,
3218 763 3294 826 ὡς
3329 763 3476 833 μέγα
3513 765 3655 831 ἐστὶ,

2076 855 2175 907 καὶ⁵
2199 855 2280 907 ὅτι
2306 856 2414 917 πᾶς
2439 854 2726 924 ἄνθρωπος
2756 853 3068 908 ούδύναται
3094 854 3432 923 ἀπαγγεῖλαι
3460 854 3538 927 τῷ
3560 855 3657 926 βα-

1977 975 1982 980 -
2078 945 2215 998 σιλεῖ
2243 944 2305 998 τὸ
2331 946 2615 1016 σύγκριμα
2636 944 2738 1014 τῆς
2765 945 3008 1018 γραφῆς.

2148 1035 2236 1090 1ο.
2271 1035 2402 1090 Τότε
2447 1038 2481 1108 ή
2507 1036 2794 1107 βασίλισσα
2842 1038 3092 1110 ἐμνήσθη
3146 1040 3284 1112 πρὸς
3330 1044 3494 1098 αὐτὸν
3526 1047 3655 1115 περὶ

2074 1126 2170 1180 τοῦ
2198 1128 2412 1198 Δανιὴλ,
2442 1128 2501 1192 ὃς
2527 1123 2596 1199 ἦν
2625 1128 2690 1181 ἐκ
2710 1129 2812 1197 τῆς
2826 1130 3208 1199 αἰχμαλωσίας
3232 1132 3332 1202 τῆς
3367 1135 3650 1199 Ἰουδαίας.

2147 1220 2234 1273 11.
2273 1221 2384 1273 Kal
2409 1215 2530 1273 εἶπε
2548 1219 2631 1290 τῷ
2675 1219 2886 1290 βασιλεῖ
2906 1240 2918 1251 ·
2939 1222 2998 1275 '0
3020 1222 3307 1293 ἄνθρωπος
3335 1227 3654 1297 ἐπιστήμων

2074 1304 2151 1379 ἦν
2170 1311 2261 1362 καὶ
2284 1311 2465 1380 σοφὸς,
2497 1312 2588 1364 καὶ
2621 1312 2907 1383 ὑπερέχων
2934 1315 3144 1377 πάντας
3176 1316 3303 1379 τοὺς
3333 1318 3531 1385 σοφοὺς
3551 1319 3652 1372 Βα-

2075 1399 2335 1465 ϐυλῶνος,
2367 1402 2460 1454 καὶ
2483 1402 2707 1473 Πνεῦμα
2727 1402 2880 1471 ἆγιον
2909 1404 2967 1457 ἐν
2994 1403 3141 1474 αὐτῷ
3169 1405 3303 1471 ἐστι,
3337 1407 3435 1460 καὶ
3456 1408 3513 1460 ἐν
3534 1411 3653 1471 ταῖς

2075 1490 2311 1560 ἡμέραις
2347 1493 2440 1545 τοῦ
2488 1494 2694 1564 πατρός
2735 1511 2828 1547 σου
2862 1496 2956 1548 τοῦ
2998 1496 3261 1565 βασιλέως
3307 1500 3654 1569 συγκρίματα

2075 1578 2355 1647 ὑπέρογκα
2388 1581 2632 1648 ὑπέδειξε
2657 1583 3130 1657 Ναϐουχοδονόσορ
3157 1584 3236 1656 τῷ
3266 1588 3435 1657 πατρί
3462 1606 3578 1642 σου.

2146 1670 2229 1724 13.
2264 1671 2397 1724 Τότε
2426 1674 2627 1744 Δανιὴλ
2679 1675 2910 1746 εἰσήχθη
2960 1678 3097 1747 πρὸς
3136 1679 3229 1731 τὸν
3260 1678 3505 1749 βασιλέα·
3559 1682 3655 1734 καὶ

2074 1760 2392 1833 ἀποκριθεὶς
2426 1766 2454 1816 ὁ
2481 1763 2747 1833 ’βασιλεὺς
2779 1763 2937 1821 εἶπεν
2955 1768 3124 1838 αὐτῷ·

473 1851 559 1904 it.
590 1850 858 1916 ODaniel,
887 1861 1039 1922 potes
1068 1851 1452 1907 indicaremihi
1471 1850 1969 1921 interpretationem

2148 1850 2234 1905 M.
2267 1847 2337 1904 Ὦ
2388 1852 2610 1925 Δανιὴλ,
2639 1853 2774 1928 δύνῃ
2823 1872 2912 1927 μοι
2962 1833 3239 1924 ὑποδεῖξαι
3278 1857 3339 1913 τὸ
3372 1858 3651 1932 σύγκριμα

398 1942 506 1999 seri
516 1953 688 2011 βίω-αξ
703 1943 739 1997 ἲε

474 2034 556 2089 16.
591 2034 655 2089 Ει
690 2035 914 2090 vestiam
958 2044 1009 2089 te
1044 2050 1305 2105 purpura,
1342 2043 1397 2089 et
1432 2043 1625 2104 torque
1659 2048 1831 2088 aureo
1863 2034 1972 2087 cir-

397 2129 686 2183 cumdabo-
719 2138 769 2183 te
791 2169 807 2194 ,
848 2139 909 2183 et
943 2128 1170 2183 habebis
1207 2136 1552 2198 potestatem.
1583 2126 1760 2180 tertia:
1793 2125 1970 2197 partis

399 2218 549 2284 regni
575 2217 701 2272 mei.

468 2306 557 2362 17.
594 2305 748 2361 Tunc
796 2305 982 2361 Daniel
1030 2307 1179 2362 stetit
1223 2320 1253 2361 ε
1295 2306 1519 2376 regione
1563 2304 1886 2372 scriptura},
1917 2313 1972 2358 et

398 2395 546 2466 legit,
585 2406 639 2450 et
678 2398 759 2451 sic
807 2397 1088 2466 respondit
1125 2398 1238 2467 regi
1277 2415 1289 2450 :
1342 2396 1467 2451 Haec
1512 2407 1594 2451 est
1644 2397 1913 2465 scriptura
1953 2412 1966 2449 τ

398 2488 755 2544 Numeratum
787 2498 896 2551 est,
930 2499 1306 2560 computatum
1338 2498 1441 2553 est,
1483 2489 1724 2543 ablatum
1754 2495 1838 2542 est
1871 2504 1885 2541 :
1918 2494 1974 2540 et

399 2580 553 2635 stetit
580 2594 787 2637 manus
814 2581 1093 2649 scribens,
1129 2588 1184 2637 et
1214 2582 1331 2636 haec
1360 2590 1443 2637 est
1482 2579 1854 2650 interpretatio
1879 2592 1970 2632 eo-

398 2686 425 2724 Ι·
429 2686 518 2725 um
526 2710 542 2726 ο

465 2763 555 2818 95.
598 2761 747 2830 Rex,
789 2773 846 2820 tu
885 2763 1063 2820 fecisti
1114 2764 1424 2821 convivium
1476 2763 1672 2818 amicis
1724 2764 1833 2816 tuis
1860 2802 1876 2826 ,
1918 2769 1972 2815 et

395 2851 621 2909 bibebas
650 2855 836 2908 vinum
862 2897 880 2923 ,
911 2864 968 2909 et
1004 2870 1133 2911 vasa
1175 2855 1373 2910 domus
1408 2852 1502 2908 Dei
1542 2853 1781 2908 viventis
1809 2852 1970 2908 allata

396 2953 524 2999 sunt
553 2944 744 3011 tibi,et
769 2946 1039 3003 bibebatis
1064 2948 1117 3002 in
1150 2948 1250 3013 eis,
1296 2954 1367 3000 tu.
1384 2954 1435 3000 et
1463 2946 1754 3014 optimates
1788 2942 1887 3006 tui,
1918 2950 1974 2997 et

394 3035 661 3092 lnudastis
693 3038 878 3094 omnia
910 3039 1050 3093 idola
1080 3038 1364 3094 hominum
1397 3038 1709 3092 manulacta
1730 3075 1745 3099 ,
1775 3042 1829 3089 et
1866 3034 1972 3087 Deo

2071 1943 2170 2013 τῆς
2196 1944 2452 2014 γραφῆςς

2144 2035 2230 2090 16.
2264 2036 2374 2088 Καὶ
2420 2036 2616 2091 στολιῶ
2643 2055 2702 2091 σε
2752 2040 3059 2111 πορφύραν,
3087 2042 3182 2095 καὶ
3216 2041 3491 2114 μανιάκην
3520 2058 3653 2114 xpu-

2074 2124 2202 2179 σοῦν
2235 2125 2521 2198 περιθήσω
2566 2146 2671 2191 σοι.
2721 2132 2815 2184 καὶ
2869 2130 3011 2198 ἱξεις
3054 2130 3302 2196 ἐξουσίαν
3346 2131 3443 2188 τοῦ
3465 2133 3651 2206 τρίτου

2075 2219 2275 2289 μέρους
2301 2218 2401 2289 τῆς
2439 2218 2720 2289 βασιλείας
2748 2239 2873 2293 μου.

2146 2309 2231 2362 17.
2270 2309 2404 2362 Τότε
2443 2311 2642 2382 Δανιὴλ
2669 2311 2800 2382 ἔστη
2846 2313 3136 2368 κατέναντι
3159 2316 3258 2386 τῆς
3286 2315 3528 2386 γραφῆς,
3559 2317 3654 2370 καὶ

2071 2400 2321 2468 ἀνέγνω,
2370 2403 2464 2455 καὶ
2500 2402 2673 2468 οὕτως
2703 2404 2976 2476 ἀπεκρίθη
3018 2405 3097 2476 τῷ
3152 2406 3392 2475 βασιλεῖ’
3423 2407 3572 2479 Αὕτη
3615 2411 3648 2481 ἡ

2073 2493 2283 2565 γραφὴ,
2301 2493 2656 2567 Ἠρίθμηται,
2677 2497 3056 2566 κατελογίσθη,
3080 2497 3321 2567 ἐξῆρται,
3335 2498 3430 2550 καὶ
3459 2499 3594 2565 ἔστη
3610 2504 3652 2569 ή

2072 2587 2332 2658 γράψασα
2362 2589 2507 2659 χεὶρ,
2544 2589 2638 2642 καὶ
2666 2588 2804 2659 αὕτη
2845 2590 2877 2660 ή
2911 2587 3197 2658 σύγκρισις
3231 2587 3431 2642 αὐτῶν.

2140 2768 2230 2822 25.
2266 2767 2515 2834 Βασιλεῦ,
2549 2766 2613 2821 σὺ
2646 2767 2889 2838 ἐποιήσω
2934 2766 3283 2838 ἐστιατορίαν
3317 2766 3429 2827 τοῖς
3478 2764 3650 2833 φίλοις

2075 2879 2191 2927 σου,
2228 2863 2322 2914 καὶ
2366 2860 2549 2923 ἔπινες
2598 2854 2740 2913 οἶνον
2762 2898 2779 2926 ,
2814 2859 2913 2913 καὶ
2944 2858 3013 2913 τὰ
3048 2858 3218 2928 σκεύη
3252 2856 3347 2910 τοῦ
3375 2855 3522 2909 οἴκου
3551 2855 3642 2907 τοῦ

2073 2951 2207 3005 Θεοῦ
2240 2950 2333 3006 τοῦ
2368 2951 2570 3017 ζῶντος
2603 2950 2808 3022 ἠνέχθη
2852 2968 2954 3012 σοι,
2988 2950 3085 3003 καλ⁸
3122 2949 3337 3003 ἐπίνετε
3354 2950 3412 3001 ἐν
3444 2947 3643 3008 αὐτοῖς,

2072 3043 2138 3096 σὺ
2185 3044 2278 3096 καὶ
2305 3043 2361 3096 οἰ
2382 3043 2713 3113 μεγιστᾶνές
2742 3057 2857 3108 σου,
2890 3042 2985 3095 καὶ
3005 3041 3235 3113 ῂνέσατε
3265 3039 3441 3092 πάντα
3471 3036 3538 3089 τὰ
3575 3036 3651 3090 εί-

396 3129 600 3182 vivcnti
640 3145 747 3184 non
779 3130 1163 3195 benedixistis,
1212 3140 1265 3185 et
1294 3130 1524 3201 spiritus
1559 3139 1686 3185 tuus
1717 3128 1771 3183 in
1805 3142 1969 3182 manu

2074 3133 2216 3187 δωλα
2240 3132 2309 3186 τὰ
2337 3134 2695 3205 χειροποίητα
2716 3133 2823 3187 τῶν
2860 3131 3184 3221 ἀνθρώπων,
3212 3128 3401 3221 καὶτῷ
3427 3127 3546 3193 Θεῷ
3576 3127 3654 3195 τῷ

395 3218 539 3285 ejus.
563 3226 613 3273 et
649 3233 875 3289 regnum
910 3230 1062 3274 tuum
1104 3221 1219 3290 ipse
1245 3221 1403 3277 dedit
1423 3221 1518 3276 tibi
1538 3261 1559 3287 ,ν
1587 3230 1639 3276 et
1663 3235 1775 3276 non
1807 3219 1968 3273 bene-

392 3309 584 3367 dixisti
613 3312 687 3379 ci,
711 3327 887 3384 neque
911 3313 1147 3369 laudasti
1177 3328 1323 3370 eum.

467 3488 556 3545 26.
593 3488 720 3547 Haec
743 3499 829 3547 est
855 3492 1231 3562 interpretatio
1262 3492 1542 3563 scripturae
1571 3510 1584 3546 :
1616 3489 1969 3545 Numeratnm

396 3590 482 3634 est
521 3589 735 3650 tempus
766 3583 918 3651 regni
960 3582 1059 3636 tui.

468 3672 559 3726 ‘31.
601 3671 747 3728 Finit
787 3689 1012 3742 regnum
1062 3684 1247 3741 tuum;
1291 3674 1573 3743 praecisum
1605 3686 1721 3742 est,
1754 3684 1807 3729 et
1843 3688 1970 3730 cen-

398 3776 463 3815 δυ
473 3777 520 3814 m
530 3777 613 3815 ma
623 3772 637 3814 ι
647 3777 735 3815 um
763 3772 867 3816 ρει.

466 3852 558 3910 9.8.
599 3851 847 3924 Regnum
883 3865 1033 3908 tuum
1067 3853 1234 3909 Medis
1259 3864 1317 3909 et
1337 3854 1518 3911 Persis
1552 3857 1733 3911 datur.

468 4029 559 4085 2i).
586 4030 739 4086 Tunc
770 4029 1017 4087 Baltasar
1058 4048 1153 4087 rex
1183 4033 1361 4088 induit
1396 4032 1672 4091 Danielem
1694 4046 1961 4103 purpura,

397 4132 451 4175 et
475 4131 719 4191 torquem
752 4138 979 4178 aureum
1019 4124 1418 4195 circumposuit
1448 4127 1495 4181 ei
1517 4159 1546 4186 ..
1566 4136 1619 4180 et
1642 4125 1790 4179 dedit
1818 4131 1966 4192 pote-

395 4220 590 4270 statem
615 4217 662 4270 ei
698 4217 866 4272 tertiae
903 4217 1071 4287 partis
1093 4219 1243 4289 regni
1268 4219 1373 4277 sui.

470 4390 562 4446 30.
596 4390 662 4445 Et
691 4393 1064 4463 interpretatio
1096 4396 1241 4451 venit
1275 4411 1439 4466 super
1476 4395 1722 4449 Baltasar
1749 4408 1925 4462 regem
1954 4409 1966 4444 :

2074 3223 2238 3288 ζῶντι
2261 3223 2362 3277 οὐκ
2384 3222 2741 3295 εὐλογήσατε,
2772 3219 2950 3274 καὶτὸ
2976 3215 3189 3285 πνεῦμά
3218 3230 3310 3267 σου
3345 3215 3401 3266 ἐν
3420 3216 3487 3284 τῇ
3510 3216 3656 3285 χειρὶ

2074 3316 2262 3380 αὐτοῦ,
2299 3315 2392 3369 καὶ
2420 3315 2483 3368 τὸ
2511 3312 2780 3385 βασίλειόν
2810 3326 2903 3361 σου
2943 3308 3104 3369 αὐτὸς
3133 3305 3302 3359 ἔδωκέ
3334 3322 3417 3359 σοι
3437 3308 3491 3344 ιι-
3514 3321 3530 3337 '
3555 3309 3655 3360 καὶ

2070 3408 2171 3461 οὐκ
2198 3406 2497 3475 εύλὸγησας
2520 3405 2701 3466 αὑτὸν,
2723 3399 2845 3452 οὐδὲ
2866 3398 3064 3469 ᾔνεσας
3096 3395 3261 3467 αὐτῷ.

2142 3498 2234 3552 26.
2270 3496 2441 3549 Τοῦτο
2468 3494 2530 3546 τὸ
2557 3494 2835 3560 σύγκριμα
2862 3492 2958 3560 τῆς
2980 3488 3200 3560 γραφῆς
3219 3503 3233 3518 ·
3269 3487 3600 3558 Ἦρίθμηται
3618 3491 3653 3543 ὸ

2073 3588 2265 3660 χρόνος
2300 3602 2391 3638 σου
2421 3583 2523 3652 τῆς
2559 3579 2860 3651 βασιλείας.

2140 3676 2231 3730 27.
2278 3671 2569 3742 Ἀπολήγει
2597 3672 2632 3741 ἡ
2667 3667 2915 3740 βασιλεία
2953 3684 3044 3720 σου
3065 3682 3079 3697 ·
3109 3665 3506 3736 συντέτμηται,
3555 3662 3653 3717 καὶ

2075 3764 2502 3821 συντετέλεσται.

2138 3856 2231 3910 9.8.
2271 3856 2337 3909 'H
2367 3852 2614 3925 βασιλεία
2641 3870 2734 3906 σου
2784 3853 2895 3916 τοῖς
2919 3850 3124 3921 Μήδοις
3148 3847 3244 3901 καὶ
3270 3849 3383 3909 τοῖς
3414 3845 3652 3915 Πέρσαις

2071 3948 2294 4001 δίδοται.

2141 4039 2233 4096 29.
2270 4040 2404 4093 Τότε
2436 4037 2725 4107 Βαλτάσαρ
2748 4035 2778 4087 ὁ
2820 4033 3069 4105 βασιλεὺς
3093 4030 3310 4085 ἐνέδυσε
3332 4028 3422 4083 τὸν
3454 4026 3651 4097 Δανιὴλ

2073 4129 2385 4203 πορφύραν,
2414 4131 2511 4184 καὶ
2552 4128 2826 4197 μανιάκην
2863 4124 3098 4195 χρυσοῦν
3131 4120 3455 4191 περιέθηκεν
3479 4118 3647 4187 αὐτῷ,

2073 4224 2169 4278 καὶ
2196 4223 2401 4278 ἔδωκεν
2453 4219 2703 4286 ἐξουσίαν
2751 4216 2902 4287 αὐτῷ
2948 4213 3043 4269 τοῦ
3086 4214 3274 4285 τρίτου
3328 4211 3528 4282 μέρους
3552 4210 3652 4279 τῆς

2076 4315 2352 4385 βασιλείας
2375 4312 2561 4367 αὑτοῦ.

2148 4407 2237 4459 50.
2275 4406 2383 4457 Kal
2411 4403 2471 4457 τὸ
2501 4401 2780 4471 σύγκριμα
2809 4396 3012 4466 ἐπῆλθε
3055 4393 3343 4463 Βαλτάσαρ
3387 4392 3464 4463 τῷ
3495 4392 3646 4462 βασι-

396 4494 451 4537 ct
484 4498 713 4552 regnum
764 4485 1003 4539 ablatum
1039 4499 1125 4542 est
1156 4503 1187 4542 α
1227 4487 1497 4544 Chaldaeis
1519 4527 1543 4553 ι
1573 4495 1632 4542 et
1665 4485 1852 4539 datum
1890 4494 1969 4538 est

2074 4497 2186 4550 λεῖα
2232 4498 2327 4550 καὶ
2375 4496 2435 4548 τὸ
2475 4492 2744 4565 βασίλειον
2788 4490 3012 4560 ἐξῆρται
3069 4485 3178 4540 ἀπὸ
3209 4483 3317 4538 τῶν
3346 4482 3647 4544 Χαλδαίων.

400 4572 594 4640 Medis,
618 4584 673 4629 et
707 4574 908 4632 Persis.

470 4667 559 4721 '51.
598 4668 675 4733 Et,
720 4669 1048 4726 Artaxerxes
1091 4670 1281 4727 Medus
1335 4672 1546 4739 accepit
1600 4682 1863 4738 regnum,
1921 4675 1974 4720 et

402 4753 598 4814 Darius
627 4760 819 4830 plenus
850 4762 1063 4818 dierum
1083 4802 1099 4829 ,
1126 4772 1180 4819 et
1212 4764 1495 4833 gloriosus
1515 4762 1571 4814 in
1599 4768 1898 4814 senectute.

1000 4987 1229 5044 CAPUT
1272 4985 1356 5041 Vl.

477 5102 528 5155 1.
570 5101 633 5155 Ει
667 5104 957 5159 constituit
1000 5113 1250 5173 satrapas
1278 5111 1496 5158 centum
1541 5102 1728 5173 viginti
1766 5113 1972 5172 septem

401 5208 565 5265 super
592 5195 902 5250 universum
932 5210 1155 5265 regnum
1192 5209 1372 5249 suum.

473 5286 526 5339 2.
569 5284 635 5340 Et
668 5302 832 5357 super
858 5302 985 5351 eos,
1018 5287 1164 5342 viros
1202 5296 1309 5342 tres
1333 5286 1500 5339 duces
1522 5302 1710 5339 eorum
1742 5301 1753 5335 :
1790 5296 1841 5340 et
1875 5285 1974 5340 Dn—

404 5378 511 5433 niel
546 5395 685 5435 unus
710 5389 829 5433 erat
852 5396 915 5434 ex
956 5380 1130 5435 tribus
1155 5381 1314 5449 vinis,

472 5470 527 5524 5.
568 5468 742 5540 Super
777 5487 969 5527 outnes
1003 5472 1207 5527 habens
1239 5479 1559 5541 potestatem
1593 5470 1646 5525 in
1683 5486 1865 5540 regno.

475 5558 528 5613 4.
572 5556 757 5615 Daniel
781 5568 959 5615 autem
989 5563 1345 5617 eratindutns
1382 5576 1642 5631 purpura,
1668 5569 1720 5615 et
1748 5575 1977 5630 magnus

404 5660 460 5702 et
494 5649 790 5705 honoratus
836 5650 889 5704 in
930 5660 1227 5721 conspectu
1277 5652 1422 5706 Darii
1464 5651 1609 5722 regis
1634 5692 1649 5716 ,
1691 5660 1977 5721 propterea

411 5740 551 5809 quod
573 5749 715 5796 esset
740 5742 967 5800 celebris
990 5782 1004 5809 ,
1047 5751 1099 5798 et
1135 5743 1361 5800 scicntia
1393 5744 1669 5815 prmditus,
1700 5749 1753 5797 et
1780 5737 1980 5796 intelli'

2076 4587 2170 4641 καὶ
2195 4585 2349 4655 ἐδόθη
2382 4586 2495 4647 τοὶς
2520 4581 2729 4653 Μήδοις
2759 4580 2852 4633 καὶ
2882 4581 2993 4642 τοῖς
3022 4577 3278 4648 Πέρσαις.

2145 4680 2233 4733 3i.
2272 4677 2384 4731 Kal
2430 4673 2794 4747 ’Δρταξέρξης
2818 4674 2846 4724 ὁ
2873 4671 2987 4724 τῶν
3020 4670 3220 4739 Μήδων
3249 4666 3532 4737 παρέλαϐε
3551 4665 3651 4735 τὴν

2077 4767 2376 4839 βασιλείαν,
2395 4766 2490 4818 καὶ
2522 4761 2985 4834 Δαρεῖος-πλήρης
3014 4758 3125 4812 τῶν
3168 4755 3417 4827 ἡμερῶν,
3448 4755 3540 4808 καὶ
3567 4756 3653 4806 ἕνα

2074 4859 2224 4928 δοξος
2254 4860 2312 4911 ἐν
2334 4858 2513 4928 γήρει.

2676 4988 2925 5047 ΚΕΦΑΑ.
2969 4988 3060 5053 ς’.

2150 5106 2200 5158 1.
2234 5103 2342 5156 Kal
2380 5102 2683 5171 κατέστησε
2726 5099 3014 5170 σατράπας
3058 5096 3250 5153 ἐκατὸν
3292 5097 3465 5149 εἴκοσι
3511 5094 3652 5151 ἑπτὰ

2078 5198 2170 5249 ἐπὶ
2201 5196 2379 5263 πάσης
2408 5194 2507 5263 τῆς
2542 5192 2819 5262 βασιλείας
2845 5189 3034 5244 αὐτοῦ.

2146 5289 2200 5341 2.
2240 5287 2349 5339 Kal
2372 5285 2458 5337 ἐπ’
2486 5283 2666 5337 αὐτῶν
2694 5281 2893 5352 ἄνδρας
2918 5282 3065 5352 τρεῖς
3091 5279 3422 5349 ἡγουμένους
3446 5278 3646 5332 αὐτῶν·

2082 5384 2173 5435 καὶ
2201 5378 2396 5448 Δανιὴλ
2419 5374 2496 5439 εἷς
2522 5373 2589 5446 ἦν
2626 5375 2736 5428 τῶν
2766 5375 2933 5446 τριῶν
2964 5373 3191 5444 ἀνδρῶν.

2151 5471 2204 5525 5.
2249 5470 2421 5539 ’Υπὲρ
2461 5467 2668 5529 πάντας
2703 5464 2840 5534 ἔχων
2874 5464 3122 5529 ἐξουσίαν
3156 5466 3213 5518 ἐν
3253 5467 3317 5533 τῇ
3348 5462 3614 5533 βασιλείᾳ.

2149 5563 2206 5619 4.
2232 5562 2341 5615 Καὶ
2363 5559 2561 5631 Δανιὴλ
2587 5554 2654 5627 ἦν
2680 5556 3027 5627 ἐνδεδυμένος
3078 5554 3362 5627 πορφύραν
3386 5597 3402 5622 ,
3437 5554 3527 5607 καὶ
3553 5553 3650 5623 μὲ-

2079 5670 2178 5720 γας
2228 5651 2319 5704 καὶ
2342 5648 2549 5713 ἔνδοξος
2580 5647 2756 5701 ἔναντι
2778 5646 3003 5715 Δαρείου
3032 5647 3125 5700 τοῦ
3159 5644 3444 5714 βασιλέως,
3463 5642 3651 5696 καθότι

2079 5742 2144 5816 ἦν
2177 5740 2405 5807 ἔνδοξος,
2439 5741 2530 5794 καὶ
2555 5739 2893 5811 ἐπιστήμων,
2921 5739 3013 5792 καὶ
3045 5736 3285 5799 συνετὸς,
3313 5737 3404 5790 καὶ
3427 5733 3653 5805 Πνεῦμα
