4064 6424
365 412 507 468 2805

1619 412 1871 469 DANIEL
1909 412 2136 469 CAI’UT
2172 414 2261 468 Vl.

3476 412 3618 468 2806

368 533 523 602 ἅγιον
553 535 609 588 ὲν
638 535 784 605 αὐτῷ
818 548 904 601 σε’,
924 533 1015 588 καὶ
1039 534 1463 605 εὐ-ι-οδούμενος
1502 536 1561 588 ὲν
1600 538 1718 600 ταῖς
1757 551 1936 606 πραγ-

2048 548 2201 602 gens,
2227 544 2279 588 et
2311 533 2545 605 Spiritus
2565 543 2785 590 sanctus
2809 536 2861 589 in
2889 551 2972 600 eo,
3000 544 3052 589 et
3085 548 3342 605 prospere
3367 548 3532 604 agens
3563 534 3617 586 in

374 624 629 695 ματείαις
656 639 719 680 -t-
748 625 843 679 τοῦ
874 625 1164 696 βασιλέως,
1194 620 1283 689 αἷς
1318 626 1583 698 ἔπρασσε.

443 712 577 765 Τότε
601 715 630 767 6
654 712 905 784 βασιλεὺς
956 714 1315 769 ἐϐουλεύσατο
1357 719 1696 788 καταστῆσαι
1717 719 1809 771 τὸν
1839 721 1943 771 Δα-

378 802 494 873 νιὴλ
539 804 630 857 ἐπὶ
675 804 856 876 πάσης
886 809 984 877 τῆς
1030 805 1308 876 βασιλείας
1352 806 1538 872 αὐτοῦ,
1572 809 1663 860 καὶ
1691 810 1818 871 τοὺς
1850 809 1946 862 δύο

375 893 592 961 ἄνδρας,
630 892 724 958 οὓς
769 898 1075 967 κατέστησε
1128 897 1247 967 μετ’
1278 895 1444 950 αὑτοῦ
1469 935 1485 961 ,
1525 898 1621 950 καὶ
1661 899 1945 969 σατράπας

376 982 567 1037 ἕκατον
597 982 774 1037 εἴκοσι
796 985 961 1041 ἑπτά.
996 986 1128 1039 Ὅτε
1148 985 1205 1039 δὲ
1232 986 1589 1039 ἐϐουλεύσατο
1631 989 1659 1040 6
1693 986 1944 1057 βασιλεὺς

377 1074 713 1144 καταστῆσαι
734 1076 826 1128 τὸν
860 1076 1060 1148 Δανιὴλ
1088 1078 1180 1130 ἐπὶ
1207 1077 1387 1147 πάσης
1422 1077 1521 1148 τῆς
1550 1078 1829 1147 βασιλείας
1857 1081 1946 1133 αὐ-

375 1179 491 1221 του.

446 1254 499 1308 5.
533 1255 894 1330 Τότεβουλὴν
946 1259 1040 1313 καὶ
1068 1260 1291 1331 γνώμην
1313 1259 1697 1315 ἐϐουλεύσαντο
1739 1262 1797 1314 ὲν
1822 1263 1947 1316 eau-

379 1347 492 1409 τοῖς
521 1348 570 1399 oi
596 1346 690 1400 δύο
724 1349 991 1403 νεανίσκοι
1038 1350 1176 1420 πρὸς
1223 1351 1487 1421 ἀλλήλους
1518 1352 1768 1421 λέγοντες
1799 1353 1947 1425 (ἐπεὶ

381 1435 633 1504 οὐδεμίαν
661 1438 932 1510 ἁμαρτίαν
969 1440 1089 1493 οὐδὲ
1116 1441 1337 1509 ἄγνοιαν
1369 1441 1632 1514 ηὕρισκον
1668 1445 1810 1499 κατὰ
1849 1446 1944 1499 τοῦ

380 1525 593 1596 Δανιὴλ,
628 1530 753 1599 περὶ
780 1524 847 1600 ἧς
879 1534 1340 1603 κατηγορήσουσιν
1372 1534 1537 1589 αὐτοῦ
1561 1535 1699 1606 πρὸς
1728 1537 1817 1590 τὸν
1845 1538 1944 1609 βα-

379 1615 577 1687 σιλέα),
602 1619 693 1672 καὶ
711 1613 891 1677 εἷπαψ
912 1622 1099 1688 Δεῦτε,
1123 1626 1792 1699 στήσωμενόρισμὸνικαθ
1815 1631 1946 1684 ἐαυ-

374 1705 505 1771 τῶν,
536 1707 617 1761 ὅτι
646 1712 755 1774 πᾶς
779 1711 1065 1784 ἄνθρωπος
1096 1717 1196 1770 οὐκ
1221 1716 1446 1782 ἀξιώσει
1476 1719 1714 1790 ἀξίωμα,
1749 1723 1854 1775 καὶ
1884 1722 1946 1775 οὑ

379 1793 457 1865 μὴ
481 1794 708 1867 εὔξηται
730 1799 895 1871 εὐχὴν
916 1803 1027 1855 ἀπὸ
1045 1806 1244 1868 παντὸς
1272 1805 1398 1859 θεοῦ
1424 1806 1580 1878 Ξωςή
1588 1808 1772 1880 μερῶν
1794 1810 1948 1881 τριά-

2048 626 2278 691 negotiis
2311 627 2452 694 regis
2474 641 2595 695 quae
2619 626 2860 694 gerebat.

2119 717 2272 773 Tunc
2310 736 2404 775 rex
2441 719 2681 774 decrevit
2732 720 3069 773 constituere
3120 719 3397 773 Danielem
3452 732 3617 787 super

2048 811 2356 865 universum
2397 824 2620 880 regnum
2657 825 2840 875 suum,
2872 819 2925 864 et
2962 809 3101 863 duos
3128 809 3293 873 viros,
3322 824 3460 877 quos
3483 823 3615 862 con-

2047 902 2229 957 stituit
2257 917 2382 956 cum
2422 916 2510 967 eo,
2550 910 2603 955 et
2633 908 2881 970 satrapas
2905 905 3123 954 centum
3152 899 3343 968 viginti
3381 907 3611 967 septem.

2048 991 2278 1058 Quando
2307 1000 2483 1046 autem
2521 991 2839 1046 deliberavit
2876 1005 2970 1046 rex
3018 990 3354 1045 constituere
3413 988 3611 1042 Danie-

2050 1088 2152 1139 lem
2195 1099 2358 1154 super
2384 1098 2545 1138 omne
2571 1099 2796 1153 regnum
2831 1097 3014 1137 suum.

2116 1259 2166 1312 5.
2211 1257 2366 1313 Tunc
2412 1257 2699 1313 consilium
2771 1266 2826 1311 et
2874 1256 3201 1312 sententiam
3252 1254 3494 1309 inierunt
3537 1251 3611 1305 illi

2046 1348 2156 1404 duo
2197 1348 2570 1404 ado'escentcs
2605 1349 2742 1402 inter
2772 1362 2832 1404 se
2873 1349 3158 1417 loquentes
3185 1347 3415 1400 invicem
3449 1346 3615 1415 (quo-

2048 1443 2193 1496 niam
2221 1442 2430 1496 nullum
2461 1442 2739 1507 delictum,
2770 1455 2947 1510 neque
2982 1439 3343 1508 ignorantiam
3369 1436 3612 1491 invenie-

2047 1533 2177 1589 bant
2237 1542 2428 1588 eontra
2487 1533 2802 1597 Danielem,
2856 1533 2924 1586 de
2968 1546 3075 1600 qua
3133 1538 3453 1585 accusarent
3488 1543 3611 1582 eum

2049 1626 2190 1694 apud
2222 1624 2441 1696 regem)
2488 1633 2542 1679 et
2585 1624 2841 1679 dixerunt
2875 1642 2888 1677 :
2923 1620 3152 1684 Venite,
3186 1630 3490 1676 statuamus
3527 1618 3617 1672 de-

2049 1718 2254 1772 ﬁnitam
2304 1717 2475 1789 legem
2533 1726 2725 1773 contra
2780 1714 3184 1785 nosmetipsos,
3230 1713 3373 1783 quod
3432 1710 3615 1765 nullus

2049 1809 2212 1863 homo
2244 1810 2459 1879 rogabit
2490 1810 2829 1878 petitionem,
2855 1823 3031 1877 neque
3063 1803 3446 1875 deprecabitur
3473 1818 3615 1873 qua-

376 1901 561 1953 κοντα,
587 1887 704 1942 ἀλλ’
732 1889 766 1960 ἢ
800 1869 955 1961 παρὰ
982 1894 1208 1964 Δαρείου
1241 1894 1336 1949 τοῦ
1368 1869 1630 1964 βασιλέως
1650 1869 1740 1952 ’.εί
1766 1869 1941 1970 δὲ’μὴς

2049 1899 2378 1967 lemcunque
2409 1898 2573 1954 deum
2616 1914 2792 1968 usque
2825 1903 2889 1951 ait
2943 1898 3059 1954 dies
3088 1896 3305 1967 triginta
3328 1936 3344 1961 ,
3395 1902 3618 1964 pratter-

374 1978 760 2033 ἀποθανεῖται·
796 1980 882 2034 ῐνα
912 1983 1187 2053 ὴττήσωσι
1222 1984 1314 2038 τὸν
1346 1986 1544 2058 Δανιὴλ
1586 1989 1828 2041 ἐναντίον
1854 1989 1947 2043 τοῦ

374 2068 662 2140 βασιλέως,
706 2073 802 2126 καὶ
852 2076 983 2146 ῥιφῇ
1017 2077 1096 2139 εἰς
1141 2076 1233 2130 τὸν
1284 2077 1485 2132 λάκκον
1538 2078 1647 2133 τῶν
1694 2079 1947 2134 λεόντων.

378 2161 639 2231 ’τῌδεισαν
667 2163 799 2233 γὰρ,
840 2166 923 2218 ὅτι
959 2166 1157 2237 Δανιὴλ
1203 2169 1597 2239 προσεύχεται,
1640 2170 1737 2223 καὶ
1762 2170 1950 2224 δεῖται

377 2250 588 2322 Κυρίου
621 2252 715 2306 τοῦ
738 2253 873 2307 Θεοῦ
900 2255 1062 2309 αὑτοῦ
1087 2256 1206 2327 τρὶς
1232 2256 1332 2328 τῆς
1361 2258 1596 2329 ἡμέρας.

449 2429 504 2486 6.
521 2432 657 2519 Τότε
679 2434 1055 2505 προσήλθοσαν
1073 2437 1121 2491 oi
1143 2436 1418 2510 ἄνθρωποι
1435 2441 1650 2507 ἐκεῖνοι,
1677 2443 1769 2495 καὶ
1789 2439 1948 2498 εἶπαν

374 2523 617 2577 ἔναντίον
643 2523 738 2576 τοῦ
769 2525 1051 2595 βασιλέως.

440 2613 499 2667 7.
542 2613 797 2686 Ὀρισμὺν
848 2617 944 2671 καὶ
962 2617 1152 2672 στάσιν
1165 2620 1492 2692 ἐστήσαμεν,
1514 2622 1596 2677 ὃτι
1623 2625 1731 2689 πᾶς
1743 2625 1948 2697 ἀνθρω-

368 2711 506 2770 avoc,
538 2703 597 2768 ὃς
626 2705 691 2760 ἂν
719 2705 940 2778 εὔξηται
969 2709 1153 2781 εὐχὴν,
1179 2710 1212 2781 ἢ
1239 2710 1444 2783 ἀξιώσῃ
1468 2711 1686 2784 ἀξίωμά
1713 2733 1763 2770 τι
1797 2717 1948 2788 παρά

372 2797 575 2861 παντὸς
606 2797 756 2852 θεοῦ
798 2799 903 2863 ἓως
942 2801 1165 2875 ἡμερῶν
1206 2803 1500 2873 τριάκοντα
1521 2845 1536 2871 ,
1571 2805 1686 2859 ἀλλ’
1731 2806 1765 2878 ἢ
1796 2808 1944 2880 παρά

367 2887 598 2960 Δαρείου
614 2889 715 2943 τοῦ
739 2889 1023 2960 βασιλέως.
1787 2919 1792 2925 ’

439 2977 495 3035 8.
532 2980 844 3051 Ῥιφήσεται
871 2984 951 3045 εἰς
976 2983 1068 3035 τὸν
1099 2983 1301 3039 λάκκον
1328 2985 1435 3039 τῶν
1458 2986 1709 3040 λεόντων.

439 3067 494 3126 9.
522 3070 635 3124 Kal
664 3071 836 3135 οὕτως
862 3074 891 3125 6
920 3071 1174 3143 βασιλεὺς
1193 3076 1418 3146 Δαρεῖος
1449 3075 1667 3147 ἔστησε,
1694 3076 1789 3130 καὶ
1814 3077 1948 3130 ὲκύ-

364 3177 568 3233 κρωσεν.

442 3252 528 3307 10.
572 3252 856 3320 Ἐπιγνοὺς
876 3252 943 3307 -δὲ
969 3253 1169 3327 Δανιὴλ
1212 3255 1302 3309 τὸν
1334 3255 1598 3327 ὁρισμὸν,
1645 3260 1705 3312 δν
1746 3257 1942 3329 ἔστησε

366 3341 491 3395 κατ’
550 3341 738 3403 αὑτοῦ,
773 3341 993 3414 θυρίδας
1031 3340 1240 3415 ὴνοιξεν
1277 3344 1336 3397 ὲν
1368 3343 1447 3415 τῷ
1496 3345 1726 3418 ὑπερῴῳ
1774 3344 1943 3398 αὐτοῦ

369 3431 655 3487 κατέναντι
699 3433 1055 3506 Ἰερουσαλήμ
1079 3450 1092 3462 ·
1150 3436 1242 3487 καὶ
1272 3434 1502 3489 ἔπιπτεν
1533 3435 1623 3488 ὲπὶ
1653 3435 1944 3506 πρόσωπον

369 3523 533 3579 αὐτοῦ
563 3523 683 3595 τρὶς
709 3528 809 3597 τῆς
835 3526 1065 3598 ἡμέρας,
1089 3527 1272 3591 καθὼς
1301 3527 1473 3581 ἐποίει
1497 3527 1827 3599 ἔμπροσθεν,
1848 3527 1943 3582 καὶ

369 3615 560 3670 ἰδεῖτο.

432 3708 528 3763 41.
560 3708 671 3762 Kal
710 3708 865 3763 αὐτοὶ
903 3709 1179 3781 ἐτήρησαν
1205 3708 1298 3762 τὸν
1331 3708 1552 3781 Δανιὴλ,
1585 3709 1680 3762 καὶ
1709 3709 1942 3764 κατελά-

354 3800 532 3855 ’6οσαν
555 3802 718 3856 αὐτὸν
741 3802 1032 3873 εὐχόμενον
1056 3805 1176 3874 τρὶς
1197 3802 1298 3873 τῆς
1324 3801 1538 3873 ἡμέρας
1561 3801 1684 3855 καθ’
1706 3802 1943 3871 ἑκάστην

354 3892 602 3963 ’ἡμέρανο

441 4006 528 4060 42.
571 4001 879 4060 Τότεοῦτοι
905 4007 960 4058 οἱ
1003 4005 1282 4076 ἄνθρωποι
1324 4003 1573 4073 ἐνέτυχον
1605 4002 1684 4074 τῷ
1712 4002 1942 4074 βασιλεῖ,

365 4098 463 4154 ’καὶ
489 4094 671 4151 εἴπανο
704 4099 917 4169 Δαρεῖε.
946 4095 1191 4167 βασιλεῦ,
1221 4097 1320 4167 οὐχ
1339 4096 1567 4167 ὁρισμὸν
1613 4097 1821 4167 ὡρίσω,
1858 4097 1944 4150 ἵνα

362 4192 475 4254 ’πᾶς
505 4188 788 4260 ἄνθρωπος
821 4188 895 4260 μὴ
921 4187 1145 4255 εὔξηται
1170 4187 1354 4260 εὐχὴν,
1379 4187 1511 4259 μηδὲ
1542 4186 1748 4260 ἀξιώσῃ
1776 4188 1941 4253 ἀξίω-

360 4299 445 4354 μα
472 4282 624 4353 παρὰ
649 4282 849 4344 παντὸς
887 4281 1024 4336 Θεοῦ
1059 4282 1174 4345 νέως
1196 4281 1422 4353 ήμερῶν
1458 4281 1770 4354 τριάκοντα,
1805 4282 1942 4338 ἀλλὰ

360 4375 520 4447 ηταρά
542 4373 659 4442 σοῦ,
693 4373 949 4445 βασιλεῦ;
984 4374 1033 4428 εί
1064 4373 1122 4428 δὲ
1154 4373 1249 4445 μὴ,
1275 4375 1562 4445 ῥιφήσεται
1593 4375 1675 4439 είς
1694 4372 1786 4428 τὸν
1803 4372 1941 4428 λάκ⁵

356 4479 462 4523 κον
484 4467 594 4520 τῶν
617 4465 870 4521 λεόντων.

435 4581 519 4636 15.
550 4579 891 4651 Ἀποκριθεὶς
919 4578 976 4633 δὲ
1005 4580 1033 4632 6
1052 4578 1306 4649 βασιλεὺς
1332 4574 1486 4634 εἶπεν
1516 4580 1725 4645 αὐτοῖς,
1746 4581 1938 4653 Ἀκρι-

365 4671 465 4745 εὴς
492 4673 522 4727 6
548 4672 725 4743 λόγος,
750 4673 842 4726 καὶ
879 4676 1031 4743 μενεῖ
1052 4676 1080 4726 6
1126 4673 1372 4744 ὁρισμός.
1425 4674 1536 4727 Καὶ
1583 4669 1737 4728 εἷπον
1763 4674 1934 4746 αὐτῷ’

376 4765 698 4839 Ὀρκίζομέν
716 4782 774 4818 σε
798 4768 908 4827 τοῖς
936 4764 1137 4835 Μήδων
1181 4765 1276 4818 καὶ
1298 4764 1524 4837 Περσῶν
1543 4766 1827 4835 δόγμασιν,
1854 4767 1941 4820 ἵνα

371 4854 445 4926 μὴ
473 4853 773 4927 ἀλλοιώσῃς
805 4853 865 4908 τὸ
894 4852 1245 4925 πρόσταγμα,
1281 4853 1415 4923 μηδὲ
1450 4853 1735 4926 θαυμάσῃς
1771 4856 1938 4927 πρός.

365 4961 515 4999 ωπον
533 4959 547 4972 ⁸
583 4945 676 4998 καὶ
697 4944 785 4998 ἵνα
816 4942 890 5015 μὴ
920 4942 1226 5016 ὲλαττώσῃς
1254 4958 1306 4995 τι
1325 4941 1433 4996 τῶν
1448 4943 1773 5014 εἰρημένων,
1803 4944 1939 4998 ἀλλά

367 5037 461 5091 καὶ
493 5035 731 5109 κολάσῃς
758 5036 850 5089 τὸν
887 5033 1194 5106 ἄνθρωπον,
1227 5033 1286 5098 ὃς
1310 5034 1411 5087 οὐκ
1433 5034 1676 5105 ἐνέμεινε
1708 5036 1788 5107 τῷ
1827 5039 1938 5108 ὁρι-

367 5126 490 5198 σμῷ
509 5126 700 5195 τούτῳ.
722 5127 833 5180 Καὶ
851 5122 1023 5181 εἶπεν
1052 5126 1237 5191 Οὕτως
1255 5127 1484 5197 ποιήσω,
1516 5125 1698 5191 καθὼς
1726 5124 1934 5197 λέγετε,

364 5215 460 5269 καὶ
478 5216 674 5289 ἕστηκέ
700 5232 790 5288 μοι
819 5212 994 5272 τοῦτο.

437 5327 523 5381 Η.
551 5326 658 5380 Kal
689 5321 882 5380 εἴπανο
915 5325 1044 5381 Ἰδοὺ
1067 5322 1302 5398 εὕρομεν
1330 5319 1528 5396 Δανιὴλ
1556 5324 1646 5379 τὸν
1676 5323 1825 5395 φίλον
1842 5340 1934 5379 σου

366 5416 656 5487 εὐχόμενον
689 5416 784 5469 καὶ
806 5415 1058 5485 δεόμενον
1079 5414 1174 5469 τοῦ
1205 5410 1497 5488 προσώπου
1536 5415 1631 5469 τοῦ
1676 5414 1810 5469 Θεοῦ
1839 5419 1938 5470 αῦ-

364 5504 459 5560 ,τυῡ
501 5506 624 5577 τρὶς
667 5508 768 5577 τῆς
793 5505 1022 5577 ἡμέρας.
1065 5504 1174 5559 Kal
1219 5503 1557 5576 λυπούμενος
1599 5505 1628 5559 6
1658 5505 1932 5576 βασιλεὺς,

363 5595 518 5650 εἶπεν
551 5597 772 5666 ῥιφῆναι
798 5595 891 5649 τὸν
919 5594 1120 5666 Δανιὴλ
1148 5596 1227 5659 είς
1260 5594 1353 5649 τὸν
1385 5596 1587 5650 λάκκον
1630 5597 1739 5649 τῶν
1784 5597 1934 5653 λεόν-

363 5707 492 5753 των,
520 5688 661 5742 κατά
685 5689 775 5743 τὸν
794 5687 1017 5761 ὁρισμὸν
1047 5688 1108 5743 ὃν
1137 5688 1330 5759 ἔστησε
1366 5689 1487 5743 κατ’
1521 5689 1711 5745 αὐτοῦ.
1742 5690 1873 5745 Τότε
1904 5694 1934 5746 6

364 5780 615 5848 βασιλεὺς
651 5780 854 5852 σφόδρα
877 5780 1120 5852 ἐλυπήθη
1144 5779 1235 5835 ἐπὶ
1270 5779 1361 5835 τὸν
1394 5781 1612 5854 Δανιὴλ,
1636 5781 1736 5838 καὶ
1768 5782 1930 5856 ἐϐοή-

1971 3191 2018 3251 C

2047 2005 2213 2059 quam
2249 1990 2467 2045 Darium
2522 2005 2742 2059 regem:
2784 1989 2927 2058 quod
2974 1989 3031 2042 ni
3072 1986 3266 2049 iaciat,
3314 1987 3612 2051 morietur;

2049 2089 2109 2135 ut
2135 2080 2415 2136 vincerent
2446 2080 2720 2135 Danielem
2766 2070 3143 2148 inconspeetu
3193 2079 3357 2148 regis,
3396 2085 3450 2131 et
3483 2091 3614 2146 pro-

2042 2169 2309 2238 jiceretur
2347 2170 2402 2225 in
2447 2170 2625 2226 lacum
2670 2171 2912 2226 leonum.
2945 2167 3222 2224 Noverant
3254 2168 3431 2231 enim,
3467 2168 3612 2235 quod

2052 2259 2239 2316 Daniel
2290 2271 2495 2326 oraret.
2543 2269 2599 2318 et
2660 2260 3045 2331 deprecaretur
3096 2260 3384 2316 Dominum
3442 2258 3614 2313 Deum

2047 2367 2208 2406 suum
2235 2361 2315 2407 ter
2346 2354 2400 2407 in
2425 2353 2532 2409 die.

2111 2441 2172 2499 6.
2205 2442 2359 2501 Tunc
2408 2454 2759 2503 accesserunt
2806 2445 3062 2501 homines
3102 2444 3180 2499 illi
3206 2485 3222 2509 ,
3255 2452 3310 2498 et
3356 2442 3614 2498 dixerunt

2043 2547 2230 2589 coram
2263 2549 2410 2605 rege.

2117 2625 2167 2681 7.
2206 2626 2490 2685 Deﬁnitam
2515 2629 2708 2702 legem,
2741 2638 2795 2686 et
2817 2628 3260 2686 constitutionem
3297 2627 3612 2686 statuimus.

2043 2719 2191 2788 quod
2226 2720 2406 2777 omnis
2431 2723 2597 2777 homo
2636 2723 2970 2792 quicumque
2998 2722 3273 2784 oraverit,
3301 2727 3354 2774 et
3385 2733 3615 2788 rogave-

2044 2811 2119 2866 rit
2146 2813 2460 2881 petitionem
2488 2814 2727 2883 aliquam
2764 2814 2835 2867 ab
2872 2811 3020 2867 omni
3050 2812 3153 2866 deo
3190 2824 3367 2879 usque
3391 2809 3458 2863 ad
3486 2807 3605 2861 dies

2043 2903 2289 2974 triginta,
2318 2903 2423 2958 nisi
2458 2919 2487 2958 a
2534 2902 2695 2958 Dario
2724 2918 2884 2974 rege,

2116 2993 2170 3047 8.
2200 2993 2527 3064 Projicietur
2553 2994 2607 3046 in
2638 2994 2812 3048 lacum
2846 2992 3084 3048 leonum.

2115 3084 2170 3140 9.
2208 3085 2274 3139 Et
2302 3086 2372 3140 ita
2400 3100 2493 3141 rex
2525 3086 2719 3142 Darius
2747 3087 2957 3148 statuit,
2985 3093 3035 3140 ct
3063 3095 3237 3138 ratum
3260 3082 3410 3139 fecit.

2118 3263 2205 3318 l0.
2242 3261 2380 3318 Cum
2409 3270 2586 3317 autem
2638 3260 2827 3317 Daniel
2869 3258 3214 3331 cognovisset
3266 3255 3614 3313 constitutio-

2045 3369 2167 3408 nem
2197 3391 2213 3418 ,
2243 3369 2407 3424 quam
2439 3362 2706 3409 statuerat
2752 3360 2945 3407 contra
2982 3367 3062 3417 se,
3097 3350 3363 3406 fenestras
3401 3349 3615 3419 aperuit

2043 3443 2097 3498 in
2136 3460 2352 3499 summa
2383 3445 2581 3500 aedium
2615 3459 2840 3498 suarum
2881 3450 3037 3513 parte
3063 3448 3253 3496 contra
3280 3439 3611 3504 Jerusalem,

2042 3544 2097 3590 et
2133 3536 2447 3606 procidebat
2480 3550 2644 3607 super
2676 3534 2876 3591 {aciem
2922 3550 3079 3589 suam
3111 3544 3193 3589 ter
3224 3533 3277 3586 iu
3316 3531 3438 3597 die,
3470 3531 3612 3585 sicut

2045 3625 2275 3683 faciebat
2300 3636 2478 3693 antea,
2512 3637 2563 3683 et
2601 3627 3013 3698 deprecabatur.

2064 3765 2071 3770 .
2116 3718 2202 3774 ll.
2240 3718 2308 3774 Et
2343 3720 2444 3790 ipsi
2483 3720 2849 3776 observarunt
2882 3718 3193 3783 Danielem,
3225 3727 3280 3773 et
3314 3715 3613 3788 deprehen-

2043 3810 2239 3867 derunt
2260 3827 2386 3867 eum
2413 3821 2660 3868 orantem
2686 3823 2768 3868 ter
2796 3812 2850 3866 in
2886 3811 2972 3868 die
2993 3810 3256 3883 quotidie.

2118 4010 2203 4064 l2.
2244 4008 2399 4064 'l‘unc
2437 4008 2527 4064 isti
2574 4009 2827 4065 homines
2866 4017 3241 4066 convenerunt
3286 4024 3506 4081 regem,
3557 4016 3615 4063 et

2044 4101 2302 4157 dixerunt
2336 4119 2348 4155 :
2390 4100 2551 4155 Darie
2577 4115 2696 4167 rex,
2736 4114 2918 4154 nonne
2943 4101 3113 4171 legem
3138 4099 3464 4165 statuisti,ut
3493 4114 3613 4153 om-

2043 4193 2129 4249 nis
2149 4194 2312 4247 ltomo
2331 4207 2437 4247 non
2471 4200 2613 4257 oret,
2637 4206 2815 4259 neque
2836 4197 2988 4260 roget
3016 4189 3334 4258 petitionem
3361 4190 3431 4243 ab
3460 4188 3609 4242 omni

2042 4281 2154 4337 Deo
2183 4297 2360 4353 usque
2401 4281 2467 4336 ad
2507 4281 2625 4337 dies
2653 4279 2875 4351 triginta
2900 4320 2916 4345 ,
2955 4278 3060 4333 nisi
3095 4292 3126 4331 a
3168 4285 3241 4342 te,
3277 4292 3407 4332 rex:
3452 4291 3614 4332 secus

2041 4388 2194 4439 vero,
2218 4371 2541 4443 projiciatur
2570 4371 2622 4425 in
2657 4370 2831 4424 lacum
2872 4368 3123 4423 leonum?

2115 4574 2198 4632 l3.
2239 4573 2597 4646 Respondeas
2627 4582 2806 4627 autem
2851 4589 2945 4628 rex
2973 4571 3111 4627 dixit
3154 4570 3271 4628 eis:
3306 4573 3500 4631 Certus
3530 4583 3614 4631 est

2041 4683 2242 4733 sermo,
2271 4676 2326 4722 et
2368 4664 2613 4720 manebit
2642 4664 2748 4719 lex.
2779 4662 2843 4717 Et
2873 4663 3129 4718 dixerunt
3155 4662 3205 4716 ei
3239 4679 3260 4717 :.
3280 4662 3613 4734 Adjuramus

2040 4767 2092 4813 te
2122 4773 2219 4826 per
2251 4757 2528 4812 Medorum
2581 4764 2635 4810 et
2671 4753 2957 4809 Persarum
2986 4753 3222 4815 decreta,
3260 4760 3318 4807 ut
3348 4769 3453 4806 non
3488 4768 3613 4822 per-

2040 4860 2219 4904 mutes
2245 4856 2574 4919 prmceptum
2596 4887 2611 4913 ,
2645 4861 2820 4916 neque
2859 4846 3149 4901 admireris
3179 4858 3469 4914 personam
3509 4860 3523 4898 :
3557 4851 3613 4897 et

2040 4949 2238 4993 utnon
2278 4938 2536 4992 detrahas
2585 4935 2883 5006 quidquam
2936 4950 3001 4989 ex
3055 4934 3174 4998 his,
3221 4948 3344 5002 qua:
3393 4932 3610 4988 decreta

2038 5039 2201 5096 sunt;
2234 5029 2365 5099 quin
2408 5029 2519 5083 imo
2556 5028 2755 5099 punias
2784 5025 3097 5087 hominem,
3125 5025 3457 5092 quicumque
3480 5030 3609 5077 'non

2038 5120 2248 5174 steterit
2292 5120 2668 5176 constitutioni
2717 5119 2866 5173 huic.
2935 5115 3001 5170 Et
3048 5114 3228 5170 dixit:
3290 5114 3364 5168 Ita
3389 5112 3606 5183 faciam,

2038 5209 2496 5279 quemadmodum
2527 5208 2731 5273 dicitis,
2754 5215 2810 5262 et
2829 5214 3003 5260 ratum
3031 5213 3115 5259 est
3144 5202 3276 5258 mihi
3299 5202 3465 5259 istud.

2108 5321 2195 5376 14.
2233 5323 2297 5375 Et
2321 5323 2611 5377 dixerunt:
2647 5318 2788 5375 Ecce
2827 5317 3136 5372 invenimus
3169 5315 3442 5374 Danielem
3476 5320 3613 5376 ami-

2037 5430 2160 5468 cum
2200 5422 2352 5468 tuum
2382 5421 2650 5477 orantem,
2680 5419 2733 5465 et
2764 5409 3144 5472 deprecantem
3188 5411 3377 5466 faciem
3404 5410 3493 5466 Dei
3523 5412 3609 5467 sui

2037 5515 2120 5560 ter
2162 5505 2215 5559 in
2266 5505 2377 5559 die.
2415 5503 2478 5558 Et
2508 5502 2866 5558 contristatus
2917 5516 3032 5567 rex,
3086 5500 3224 5556 dixit
3263 5510 3320 5555 ut
3375 5501 3605 5571 projice-

2036 5606 2186 5652 rctur
2216 5594 2401 5650 Daniel
2425 5594 2478 5646 in
2510 5593 2688 5646 lacum
2718 5591 2932 5646 leonum
2960 5591 3115 5661 juxta
3146 5591 3607 5659 constitutionem,

2035 5705 2197 5759 quam
2229 5692 2492 5743 statuerat
2529 5684 2791 5739 adversus
2816 5698 2963 5737 cum.
3001 5682 3151 5739 Tunc
3176 5698 3263 5737 rex
3306 5680 3609 5739 vehementi

2035 5780 2224 5836 dolore
2256 5776 2483 5832 affectus
2527 5784 2612 5829 est
2660 5790 2824 5847 super
2870 5773 3168 5839 Danie'em,
3219 5778 3274 5827 et
3322 5770 3617 5840 adiuvabat
