4064 6418
439 383 584 441 2807

1521 390 1993 450 ιιΕΧΑριοῐιυΜ
2032 391 2200 458 ΟυιλΒ
2245 391 2675 453 SUPERSUNT.

3545 405 3682 462 2808

433 516 606 569 usque
633 502 699 556 ad
722 515 976 558 occasum
1005 506 1158 570 solis,
1180 516 1237 560 ut
1264 508 1491 577 eriperet
1516 524 1637 563 eum
1662 511 1728 564 de
1753 512 1998 564 manibus

2111 506 2189 560 Οει
2215 509 2310 562 τοῦ
2334 511 2610 573 ἐξελέσθαι
2640 513 2801 565 αὑτὸν
2831 512 2934 579 lto;
2977 516 3197 587 δυσμῶν
3244 517 3389 586 ἡλίου
3439 517 3546 570 ἀπὸ
3572 518 3681 570 τῶν

432 604 795 661 satraparum.

499 684 586 738 15.
613 685 677 740 Et
701 703 808 742 non
847 691 1019 758 potuit
1055 691 1282 745 liberare
1307 709 1429 746 eum
1459 694 1526 748 ab
1550 695 1642 748 eis.

499 779 586 833 l6.
619 778 942 836 Exclamans
992 792 1171 836 autem
1229 783 1423 840 Darius
1459 801 1550 839 rex
1578 785 1713 839 dixit
1745 784 1949 840 Danieli
1985 803 1998 839 :

431 867 573 924 Deus
623 880 769 934 tuus,
831 888 990 942 quem
1025 884 1076 926 tu
1118 875 1251 929 colis
1271 875 1473 944 jugiler
1519 885 1599 929 ter
1638 879 1690 930 in
1721 876 1828 940 die,
1883 878 1999 946 ipse

429 962 651 1031 erripiet
683 972 733 1016 te
758 964 825 1017 de
867 978 1030 1019 manu
1072 967 1314 1032 leonum;
1361 982 1533 1037 usque
1583 983 1741 1024 mane
1769 970 1998 1025 conﬁde.

505 1140 588 1193 l7.
633 1138 785 1194 Tunc
811 1138 995 1194 Daniel
1037 1143 1310 1211 projectus
1345 1153 1424 1198 est
1454 1144 1506 1198 in
1545 1145 1721 1200 lacum
1757 1148 1996 1200 leonum.

430 1226 492 1284 Et
533 1231 726 1285 allatus
755 1243 835 1286 est
861 1233 1018 1301 lapis,
1048 1243 1100 1287 et
1122 1235 1330 1299 positus
1371 1243 1455 1289 est
1483 1252 1647 1307 super
1677 1254 1741 1292 os
1770 1239 1869 1293 laci
1899 1257 1912 1305 ;
1946 1250 1999 1294 et

427 1323 731 1393 obsignavit
763 1338 853 1377 rex
885 1326 1086 1379 annulo
1102 1341 1221 1393 suo,
1236 1337 1290 1382 et
1311 1330 1526 1383 annulis
1542 1331 1861 1398 optimatum
1880 1347 2000 1387 suo.

428 1431 571 1480 rum,
594 1427 648 1468 ut
678 1431 782 1469 non
812 1417 880 1470 ah
911 1417 1016 1472 illis
1046 1418 1323 1473 tolleretur
1347 1419 1554 1487 Daniel,
1594 1431 1792 1478 autrex
1811 1433 1997 1479 exlra-

429 1506 579 1562 heret
605 1523 726 1562 cum
752 1511 816 1563 de
842 1510 983 1565 lacu.

499 1685 584 1739 l8.
619 1683 769 1740 Tunc
825 1701 1077 1742 reversus
1117 1695 1200 1742 est
1239 1703 1337 1742 rex
1385 1689 1438 1742 in
1463 1689 1662 1760 regiam
1713 1705 1889 1754 suam,
1943 1697 1997 1744 et

427 1778 761 1845 pernocmvit
794 1779 1037 1847 jejunus,
1066 1789 1120 1834 et
1144 1789 1260 1834 erat
1297 1790 1525 1836 moestus
1555 1792 1772 1852 propter
1797 1783 1992 1838 Danie-

2109 602 2307 672 χειρῶν
2337 605 2444 656 τῶν
2478 603 2792 674 σατραπῶν.

2183 694 2265 748 15.
2302 694 2408 747 Καὶ
2437 694 2536 747 ούκ
2560 696 2788 764 ἠδύνατο
2812 697 3086 764 ἐξελέσθαι
3117 700 3278 754 αὐτὸν
3299 699 3394 755 ἀπ’
3411 701 3608 754 αὐτῶν.

2181 784 2266 838 16.
2314 786 2645 854 ’Δναϐοήσας
2675 787 2730 839 δὲ
2755 791 2979 858 Δαρεῖος
3006 791 3034 843 6
3064 790 3314 860 βασιλεὺς
3335 789 3456 844 εἷπε
3483 792 3559 862 τῷ
3579 799 3680 845 Δα-

2107 878 2248 947 νιὴλ”
2284 877 2344 928 ὐ
2390 878 2520 940 Θεός
2552 895 2664 940 σου,
2711 871 2755 947 ᾧ
2783 880 2847 933 σὺ
2889 881 3170 953 λατρεύεις
3215 883 3524 953 ἐνδελεχῶς,
3560 885 3678 954 τρὶς

2105 969 2204 1038 τῆς
2229 969 2462 1039 ἡμέρας.
2494 970 2654 1032 αὐτὸς
2688 971 2950 1033 ὲξελεῖταί
2980 989 3037 1024 σε
3067 976 3130 1026 ἐκ
3175 973 3356 1044 χειρὸς
3403 973 3512 1026 τῶν
3533 974 3678 1029 λεόν-

2107 1079 2232 1126 των,
2265 1062 2367 1124 ἕως
2389 1060 2532 1131 πρωῒ
2562 1062 2772 1132 θὰρῤει.

2181 1152 2265 1203 17.
2295 1151 2426 1202 Τότε
2458 1151 2654 1221 Δανιὴλ
2680 1153 2879 1222 ipsum
2911 1153 2986 1215 εις
3015 1153 3106 1206 16v
3152 1151 3352 1206 λάκκον
3390 1153 3499 1205 τῶν
3532 1152 3677 1206 λεόνο

2104 1259 2244 1306 των,
2295 1243 2387 1293 καὶ
2413 1242 2611 1312 ὴνέχθη
2643 1241 2809 1306 λίθος,
2846 1244 2939 1297 καὶ
2977 1243 3134 1315 ἐτέθη
3167 1245 3246 1307 εἰς
3273 1244 3331 1297 τδ
3381 1245 3555 1314 στόμα
3583 1243 3672 1298 τοῦ

2104 1330 2328 1397 λάκκου,
2360 1333 2456 1385 καὶ
2484 1331 2854 1402 ὲσςρραγίσατο
2878 1339 2906 1387 6
2935 1334 3183 1404 βασιλεὺς
3218 1337 3276 1388 ὲν
3301 1335 3378 1406 τῷ
3409 1335 3674 1406 δακτυλίῳ

2104 1423 2318 1487 ἑαυτοῦ,
2351 1427 2446 1476 καὶ
2482 1427 2540 1477 ὲν
2570 1428 2680 1486 τοῖς
2717 1427 3020 1490 δακτυλίοις
3059 1428 3166 1479 τῶν
3197 1428 3533 1497 μεγιστάνων
3573 1429 3670 1479 αὐ-

2101 1513 2217 1578 τοῦ,
2247 1515 2394 1576 ὅπως
2429 1515 2502 1585 μὴ
2531 1515 2624 1568 ἀπ’
2652 1517 2830 1570 αὐτῶν
2858 1516 2996 1589 ἀρθῇ
3018 1519 3046 1570 6
3079 1519 3274 1586 Δανιὴλ
3311 1518 3449 1587 εικῆ
3477 1520 3503 1570 6
3531 1518 3675 1586 βασι-

2103 1603 2226 1668 λεὺς
2259 1605 2420 1658 αὑτὸν
2445 1606 2738 1679 ἀνασπάσῃ
2770 1609 2832 1660 ἐκ
2857 1608 2950 1660 τοῦ
2973 1608 3174 1662 λάκκου
3197 1607 3233 1678 /

2181 1698 2262 1752 l8.
2300 1700 2432 1752 Τότε
2480 1699 2820 1770 ὑπέστρεψεν
2857 1705 2886 1755 6
2936 1701 3187 1772 βασιλεὺς
3234 1703 3313 1763 εις
3341 1701 3410 1754 τὰ
3431 1700 3671 1773 βασίλεια

2102 1787 2266 1844 αὑτοῦ
2291 1833 2306 1856 ,
2340 1793 2434 1844 καὶ
2467 1791 2694 1863 ηὐλίσθη
2717 1794 2938 1864 νήστης,
2969 1794 3063 1845 καὶ
3092 1789 3159 1862 ἦν
3189 1791 3522 1861 λυπούμενος
3548 1791 3674 1860 περὶ

428 1870 553 1922 l:-m.
577 1869 727 1926 Tunc
755 1871 896 1925 Deus
926 1871 1181 1940 Danielis,
1210 1889 1397 1928 curam
1427 1875 1634 1930 habens
1671 1876 1834 1938 illius,
1862 1891 1995 1930 con-

2103 1883 2197 1936 τοῦ
2228 1886 2446 1954 Δανιὴλ.
2477 1884 2608 1937 Τότε
2628 1888 2656 1937 6
2687 1855 2816 1949 9:6;
2843 1855 2936 1938 τοῦ
2955 1886 3175 1956 Δανιὴλ,
3207 1885 3464 1955 πρόνοιαν
3499 1886 3673 1940 ποιού-

427 1961 590 2017 clusit
637 1978 731 2017 ora
779 1964 1017 2032 leonum,
1071 1973 1126 2020 et
1174 1965 1479 2022 molestiam
1545 1981 1651 2021 non
1703 1971 2000 2024 attulerunt

426 2051 657 2108 Danieli.

498 2143 584 2200 l9.
611 2143 677 2198 Et
707 2160 801 2199 rex
849 2144 1042 2201 Darius
1097 2148 1332 2203 surrexit
1369 2149 1627 2214 diluculo,
1655 2160 1707 2206 et
1733 2151 2026 2220 assumpsit

427 2248 611 2290 secum
678 2247 944 2307 satrapas,
997 2247 1052 2293 et
1107 2239 1296 2295 abiens
1359 2242 1512 2296 stetit
1553 2257 1718 2312 super
1774 2258 1836 2297 os
1896 2243 1996 2296 laci

427 2326 668 2384 leonum.

493 2419 583 2475 20.
613 2420 804 2476 Postea
830 2437 919 2476 rex
951 2423 1164 2477 vocavit
1188 2422 1460 2478 Danielem
1492 2438 1626 2478 voce
1652 2438 1844 2493 magna
1870 2437 1992 2478 cum

427 2513 552 2566 lletu
591 2514 777 2568 dicens
807 2532 820 2568 :
855 2514 898 2568 Ο
930 2514 1134 2582 Daniel,
1163 2515 1208 2570 si
1239 2515 1376 2570 forte
1407 2514 1560 2578 vivis,
1593 2524 1648 2569 et
1677 2513 1819 2570 Deus
1849 2525 1993 2578 tuus,

426 2619 585 2673 quem
627 2605 762 2661 colis
793 2621 1026 2676 semper,
1063 2608 1297 2663 servavit
1324 2615 1378 2662 te
1415 2607 1486 2661 de
1509 2606 1777 2673 leonibus,
1798 2612 1852 2661 et
1887 2621 1993 2660 non

426 2697 798 2751 contriverunt
824 2699 916 2752 te?

493 2790 584 2843 21.
619 2787 772 2844 Tunc
795 2790 979 2844 Daniel
1009 2789 1264 2844 clamavit
1295 2805 1427 2846 voce
1449 2805 1664 2861 magna,
1697 2787 1922 2844 ctdixit:

491 2881 582 2937 22.
611 2881 745 2948 Rex,
783 2883 959 2937 adhuc
981 2898 1099 2938 sum
1140 2883 1345 2949 vivens,
1385 2894 1440 2938 ct
1467 2882 1717 2937 liberavit
1745 2897 1828 2935 me
1857 2880 1996 2934 Deus

424 2975 491 3029 de
513 2975 780 3041 leonibus,
803 2989 868 3030 co
885 2975 1027 3045 quod
1048 2975 1258 3044 justitia
1281 2975 1332 3028 in
1351 2991 1438 3030 me
1462 2976 1680 3029 inventa
1705 2983 1788 3028 est
1808 2987 1992 3027 coram

426 3083 528 3134 eo;
569 3069 662 3122 sed
693 3079 746 3122 et
781 3067 834 3122 in
869 3078 1157 3137 conspectu
1183 3076 1295 3131 tuo,
1321 3082 1434 3130 rex,
1469 3080 1644 3134 neque
1667 3061 1993 3134 ignorantia,

2103 1992 2262 2044 μενος
2285 1976 2469 2038 αὐτοῦ,
2500 1975 2789 2030 ἀπέκλεισε
2815 1977 2880 2029 τὰ
2909 1978 3152 2048 στόματα
3174 1977 3280 2029 τῶν
3307 1977 3558 2036 λεόντων,
3582 1972 3673 2027 καὶ

2099 2069 2157 2120 οὗ
2201 2068 2634 2138 παρηνώχλησαν
2661 2069 2738 2140 τῷ
2759 2070 2981 2139 Δανιὴλ.

2170 2158 2256 2212 19.
2289 2161 2396 2213 Καὶ
2441 2162 2468 2211 6
2501 2160 2753 2230 βασιλεὺς
2806 2163 3028 2231 Δαρεῖος
3075 2158 3309 2230 ὥρθρισε
3360 2155 3525 2228 πρωϊ,
3579 2153 3672 2208 καὶ

2099 2251 2376 2318 παρέλαϐε
2405 2252 2522 2322 μεθ’
2553 2252 2748 2306 ἑαυτοῦ
2779 2255 2903 2317 τοὺς
2935 2253 3237 2326 σατράπας.
3271 2252 3364 2306 καὶ
3392 2247 3673 2320 πορευθεὶς

2097 2341 2226 2411 ἔστη
2258 2345 2349 2395 ἐπὶ
2372 2343 2463 2396 τοῦ
2508 2345 2774 2414 στόματος
2801 2344 2894 2397 τοῦ
2921 2346 3122 2398 λάκκου
3145 2345 3252 2396 τῶν
3280 2344 3530 2395 λεόντων.

2167 2433 2260 2489 20.
2295 2434 2427 2486 Τότε
2461 2437 2488 2487 6
2521 2434 2776 2503 βασιλεὺς
2805 2435 3027 2487 ἐκάλεσε
3057 2435 3146 2486 τὸν
3171 2432 3367 2501 Δανιὴλ
3397 2434 3545 2499 φωνῇ
3578 2447 3675 2498 με·

2098 2525 2236 2594 γάλῃ
2271 2524 2410 2593 μετὰ
2447 2524 2746 2592 κλαυθμοῦ,
2772 2525 2942 2589 λέγων
2963 2539 2975 2550 ·
3003 2519 3072 2573 Ὦ
3094 2521 3312 2590 Δανιὴλ,
3341 2521 3388 2571 εἰ
3420 2519 3526 2587 ἄρα
3550 2518 3671 2587 ζῇς,

2096 2617 2191 2669 καὶ
2222 2618 2250 2668 6
2274 2614 2405 2677 Θεός
2452 2632 2565 2680 σου,
2601 2610 2644 2681 ᾧ
2683 2612 2966 2678 λατρεύεις
3012 2611 3320 2680 ἐνδελεχῶς,
3356 2609 3562 2662 σέσωκέ
3613 2625 3671 2659 σε

2097 2707 2204 2762 ἀπὸ
2232 2707 2341 2760 τῶν
2363 2707 2615 2769 λεόντων,
2644 2705 2738 2758 καὶ
2760 2705 2861 2757 οὐκ
2883 2703 3191 2774 ὴχρεὲωκάν
3225 2719 3281 2754 σε
3302 2717 3316 2764 ;

2165 2799 2255 2853 21.
2285 2798 2417 2850 Τότε
2441 2796 2640 2866 Δανιὴλ
2663 2796 2931 2865 ἐπήχουσε
2952 2797 3101 2863 φωνῇ
3124 2790 3354 2861 μεγάλῃ,
3375 2787 3467 2841 καὶ
3493 2777 3665 2838 εἶπεν·

2165 2891 2258 2944 22.
2286 2888 2536 2953 Βασιλεῦ,
2567 2888 2648 2940 ἔτι
2678 2887 2794 2955 εἰμὶ
2827 2885 2956 2948 ζῶν,
2994 2885 3086 2937 καὶ
3134 2881 3341 2935 σέσωκέ
3375 2895 3441 2948 με
3487 2879 3515 2929 6
3541 2876 3662 2938 Θεὸς

2096 2982 2204 3037 ἀπὸ
2236 2981 2342 3034 τῶν
2369 2980 2617 3044 λεόντων,
2650 2978 2771 3031 καθ’
2801 2978 2879 3030 ὄτι
2912 2974 3223 3044 δικαιοσύνη
3251 2973 3306 3024 ἐν
3333 2971 3454 3040 ἐμοὶ
3475 2967 3668 3040 εὑρέθη

2097 3072 2338 3127 ἐναντίον
2373 3070 2568 3124 αὑτοῦ·
2615 3069 2707 3122 καὶ
2752 3065 2992 3118 ἐναντίον
3022 3063 3080 3116 δέ
3117 3080 3232 3128 σου,
3263 3059 3504 3131 βασιλεύ,
3548 3057 3670 3109 οὕτε

428 3175 603 3229 neque
640 3159 898 3215 delictum
927 3160 1321 3229 deprehensum
1362 3167 1445 3212 est
1476 3157 1527 3210 in
1557 3172 1642 3210 me
1678 3175 1691 3209 :
1735 3164 1788 3209 tu
1813 3162 1990 3209 autem

2103 3163 2310 3233 ἄγνοια,
2343 3161 2466 3215 οὒτε
2488 3162 2732 3232 ἁμαρτία
2766 3157 2962 3228 εὑρέθη
2991 3159 3047 3208 ὲν
3075 3155 3194 3226 ἐμοί
3213 3169 3225 3184 τ
3257 3155 3320 3206 σὺ
3351 3153 3406 3205 δὲ
3435 3153 3670 3246 ἤκουσας

426 3252 625 3306 audisti
657 3252 923 3318 homines,
943 3252 1032 3318 qui
1057 3251 1323 3307 seducunt
1347 3262 1518 3319 reges,
1541 3257 1593 3302 et
1612 3245 1884 3318 proiecisti
1911 3262 1996 3303 me

427 3345 481 3399 in
524 3345 700 3398 lacum
733 3343 946 3399 leonum
976 3343 1040 3397 ad
1063 3341 1437 3412 perditionem.

495 3436 585 3490 25.
611 3435 810 3489 Eodem
841 3444 1079 3502 tempore
1101 3429 1411 3498 congregati
1436 3437 1562 3482 sunt
1587 3441 1778 3481 omnes
1828 3425 1997 3494 magi-

427 3536 650 3592 stratus,
678 3536 731 3580 et
775 3526 1122 3579 intuebantur
1151 3522 1458 3586 Danielem,
1487 3519 1764 3591 quomodo
1793 3520 1993 3573 nullam

427 3620 730 3673 molestiam
753 3617 1063 3671 attulissent
1090 3617 1137 3668 ei
1161 3615 1364 3669 leones.

494 3711 584 3764 24.
611 3709 764 3762 Tunc
802 3707 911 3761 duo
941 3707 1190 3761 homines
1239 3707 1336 3768 illi,
1378 3706 1470 3775 qui
1502 3705 1766 3762 adversus
1801 3702 1996 3758 Danie-

427 3799 530 3852 lem
556 3797 924 3851 testimonium
975 3797 1245 3864 dixerant,
1283 3797 1408 3866 ipsi,
1436 3805 1490 3850 et
1529 3810 1725 3851 uxores
1780 3806 1993 3856 eorum,

426 3901 482 3944 ct
511 3891 603 3944 ﬁlii
643 3905 832 3945 eorum
887 3889 1113 3960 projecti
1157 3899 1286 3944 sunt
1335 3889 1603 3951 leonibus,
1631 3897 1684 3942 et
1712 3887 1896 3942 leones
1922 3885 1999 3939 in-

428 3980 764 4039 terfecerunt
789 3997 902 4047 eos,
937 3990 989 4036 et
1011 3982 1450 4036 comminuerunt
1477 3995 1601 4035 ossa
1624 3991 1834 4034 eorum.

492 4160 585 4216 23.
619 4159 772 4216 Tunc
819 4159 1010 4215 Darius
1059 4160 1276 4230 scripsit
1328 4159 1584 4214 omnibus
1638 4157 1911 4228 gentibus,
1946 4164 1999 4210 et

428 4254 646 4323 linguis,
693 4263 746 4308 et
796 4253 1128 4324 regionibus,
1155 4262 1206 4307 et
1247 4252 1620 4306 habitantibus
1664 4251 1716 4304 in
1744 4250 2000 4304 universa

425 4354 567 4398 terra
597 4345 733 4412 ejus,
761 4343 948 4397 dicens
979 4361 994 4396 :

494 4434 584 4486 26.
620 4436 822 4486 Omnes
845 4433 1114 4496 homines,
1155 4432 1248 4501 qui
1284 4435 1486 4487 suntin
1517 4448 1683 4503 regno
1711 4447 1853 4497 meo,
1893 4431 2003 4484 sint

2101 3252 2404 3325 ἀνθρώπων
2447 3251 2774 3306 πλανώντων
2807 3249 3064 3319 βασιλεῖς,
3100 3247 3196 3301 καὶ
3225 3244 3452 3318 ἔρριψας
3495 3259 3561 3313 με
3593 3242 3671 3303 εις

2100 3347 2191 3400 τὸν
2216 3346 2417 3399 λάκκον
2439 3345 2545 3398 τῶν
2573 3343 2801 3397 λεόντων
2822 3341 2900 3405 εἰς
2921 3338 3215 3393 ἀπώλειαν.

2171 3439 2260 3493 25.
2293 3438 2426 3490 Τότε
2449 3435 2796 3507 συνήχθησαν
2821 3433 2990 3485 πᾶσαι
3021 3432 3078 3484 at!
3109 3429 3384 3500 δυνάμεις,
3416 3425 3510 3478 καὶ
3537 3418 3674 3475 εἶδον

2101 3529 2192 3583 τὸν
2220 3527 2440 3598 Δανιὴλ,
2479 3528 2553 3590 ὼς
2585 3525 2646 3579 οὐ
2679 3523 3118 3596 παρηνώχλησαν
3157 3519 3304 3588 αὑτῷ
3336 3518 3383 3570 ei
3407 3516 3636 3575 λέοντες.

2173 3710 2263 3764 24.
2294 3708 2428 3761 Τότε
2463 3707 2512 3758 οἱ
2545 3704 2640 3759 δύο
2667 3703 2946 3774 ἅνθρωποι
2986 3701 3181 3754 ἐκεῖνοι
3227 3698 3276 3750 oi
3324 3705 3677 3763 καταμαρτυ-

2108 3803 2368 3874 ρήσαντες
2391 3797 2486 3852 τοῦ
2513 3795 2732 3867 Δανιὴλ,
2773 3794 2945 3861 αὐτοὶ,
2986 3793 3080 3846 καὶ
3100 3792 3156 3845 αἱ
3193 3790 3448 3858 γυναῖκες
3475 3784 3674 3845 αὐτῶν,

2102 3896 2198 3946 καὶ
2227 3891 2294 3945 τὰ
2320 3891 2483 3942 τέκνα
2528 3887 2703 3941 αὐτῶν
2731 3886 3037 3957 ἐρρίφησαν
3093 3883 3203 3944 τοῖς
3244 3880 3464 3942 λέουσι,
3510 3875 3603 3930 καὶ
3629 3874 3677 3926 οἱ

2102 3985 2315 4048 λέοντες
2334 3982 2663 4036 ἀπέκτειναν
2692 3977 2908 4040 αὐτοὺς,
2938 3975 3033 4028 καὶ
3061 3971 3294 4026 ἕθλασαν
3326 3967 3396 4022 τά
3414 3967 3550 4020 ὀστᾶ
3585 3964 3676 4018 αύ-

2103 4075 2232 4129 τῶν.

2176 4164 2267 4217 25.
2316 4163 2448 4216 Τότε
2477 4163 2701 4232 Δαρεῖος
2744 4157 2951 4228 ἔγραψε
2998 4159 3132 4211 πᾶσι
3175 4157 3290 4218 τοῖς
3337 4151 3533 4210 ἔθνεσι,
3588 4149 3679 4200 καὶ

2105 4255 2397 4326 γλώσσαις,
2430 4256 2524 4307 καὶ
2547 4253 2772 4324 χώραις,
2808 4254 2921 4315 τοῖς
2956 4249 3197 4305 οἰκοῦσιν
3239 4249 3296 4299 ὲν
3322 4245 3472 4314 πάσῃ
3511 4243 3578 4311 τῇ
3607 4243 3675 4310 γῇ

2107 4349 2293 4413 αὐτοῦ,
2324 4349 2518 4416 λέγων’

2176 4440 2266 4495 26.
2303 4439 2511 4500 Πάντες
2550 4438 2597 4488 οἱ
2636 4433 2933 4504 ἄνθρωποι,
2962 4433 3011 4485 οἱ
3057 4431 3208 4492 ὅντες
3252 4430 3309 4481 ἐν
3335 4428 3401 4496 τῇ
3437 4419 3681 4494 βασιλείᾳ.

424 4523 769 4588 adoratores,
816 4533 868 4577 et
909 4524 1145 4578 cultores
1203 4524 1296 4578 Dei
1351 4524 1585 4579 Danielis
1617 4543 1632 4578 νε
1677 4525 1790 4593 ipse
1858 4524 1998 4577 enim

2111 4550 2238 4603 μου,
2274 4531 2514 4584 εστωσαν
2549 4525 2981 4599 προσκυνοῦντες
3051 4523 3146 4576 καὶ
3198 4517 3552 4590 λατρεύοντες
3604 4511 3680 4581 τῷ

429 4626 518 4670 cst
543 4613 683 4668 Deus
709 4630 955 4680 manens,
989 4623 1040 4669 et
1069 4616 1255 4670 vivens
1281 4616 1330 4670 in
1363 4616 1734 4687 generationes
1778 4629 2003 4685 genera-

425 4709 638 4763 tionum
679 4722 851 4776 usque
875 4708 928 4760 in
954 4718 1239 4762 internum.

497 4799 587 4852 27.
631 4799 741 4869 Ego
792 4799 988 4855 Darius
1040 4815 1136 4854 ero
1188 4800 1421 4854 adorans
1473 4816 1619 4865 eum,
1670 4811 1720 4855 et
1762 4800 2003 4855 serviens

430 4893 645 4946 cunctis
692 4893 884 4948 diebus
935 4892 1090 4947 meis.
1141 4890 1283 4946 Idola
1338 4893 1482 4946 enim
1544 4892 1856 4948 maiiulacla
1893 4908 2002 4947 non

431 4993 662 5052 possunt
701 4999 938 5048 servare,
1000 4985 1143 5040 sicut
1186 4985 1428 5039 liberavit
1470 4985 1611 5039 Deus
1645 4984 1879 5039 Danielis
1906 4981 2004 5036 Da—

432 5078 650 5131 liielem.

497 5171 567 5226 28
599 5171 662 5225 Et
698 5187 788 5225 rex
835 5170 1028 5226 Darius
1063 5171 1343 5240 appositus
1377 5182 1458 5226 est
1491 5173 1554 5226 ad
1591 5186 1760 5242 genus
1817 5186 2000 5230 suum,

431 5271 484 5314 et
537 5260 719 5315 Daniel
777 5264 1107 5317 constitutus
1159 5275 1238 5318 est
1291 5279 1453 5332 super
1479 5279 1703 5334 regnum
1745 5261 1908 5316 Darii.
1938 5259 2005 5314 Et

424 5353 604 5413 (Zvrns
626 5349 788 5404 Pri-sa
821 5354 1056 5423 suscepit
1081 5370 1302 5424 regnum
1335 5355 1471 5423 ejus.

1025 5572 1252 5628 CAPUT
1294 5573 1404 5628 Vll.

506 5686 554 5738 1.
602 5687 755 5739 Ληιιο
830 5688 1006 5756 primo
1063 5689 1360 5754 imperante
1409 5688 1647 5741 Baltasar
1695 5684 2004 5755 regionibus

433 5773 747 5848 Balslonis,
777 5778 964 5832 Daniel
1017 5777 1278 5833 visionem
1340 5778 1471 5832 vidit
1531 5794 1693 5848 supra
1754 5787 1912 5846 caput
1951 5778 2000 5828 in

2108 4623 2226 4694 Θεῷ
2280 4622 2374 4675 τοῦ
2409 4618 2638 4689 Δανιὴλ·
2677 4617 2838 4679 αὐτὸς
2863 4617 2971 4686 γάρ
3011 4617 3128 4668 ὲστι
3157 4611 3290 4674 Θεὸς
3337 4609 3532 4680 μένων,
3591 4603 3683 4656 καὶ

2110 4713 2217 4777 ζῶν
2239 4713 2319 4776 εἰς
2347 4711 2539 4780 γενεὰς
2571 4707 2772 4776 γενεῶν
2795 4705 2900 4768 ἓως
2937 4704 3028 4758 τοῦ
3053 4703 3269 4763 αἰῶνος.

2177 4805 2267 4858 27.
2312 4801 2454 4872 Ἐγὼ
2498 4802 2721 4872 Δαρεῖος
2764 4798 2959 4867 ἔσομαι
3004 4793 3149 4865 αὐτῷ
3203 4786 3548 4861 προσκυνῶν,
3588 4784 3684 4837 καὶ

2106 4896 2370 4951 δουλεύων
2391 4895 2569 4956 πάσας
2597 4892 2694 4955 τὰς
2725 4889 2938 4960 ἡμέρας
2967 4905 3068 4958 μου
3090 4902 3102 4914 ·
3143 4883 3210 4936 τὰ
3241 4883 3349 4954 γὰρ
3392 4877 3585 4933 εἴδωλα
3616 4875 3681 4928 11

2109 4988 2460 5059 χειροποίητα
2508 4987 2567 5038 ού
2603 4985 2855 5038 δύνανται
2907 4979 3100 5041 σῶσαι,
3151 4977 3227 5040 ὡς
3271 4971 3614 5043 ὲλυτρώσατο
3656 4969 3683 5017 6

2110 5077 2240 5140 Θεὸς
2265 5076 2356 5130 τοῦ
2385 5075 2602 5146 Δανιὴλ,
2632 5073 2721 5126 τὸν
2753 5069 2971 5140 Δανιὴλ.

2179 5168 2270 5223 28.
2310 5168 2418 5220 Καὶ
2447 5170 2474 5220 6
2506 5165 2755 5236 βασιλεὺς
2801 5165 3023 5234 Δαρεῖος
3078 5157 3380 5229 προσετέθη
3435 5154 3573 5224 πρὸς
3627 5151 3686 5205 16

2110 5261 2265 5328 γένος
2298 5256 2458 5310 αὐτοῦ
2486 5258 2673 5323 σιπκαὶ
2695 5253 2894 5324 Δανιὴλ
2919 5267 2978 5308 οι-
3005 5250 3314 5319 κατεστάιθη
3340 5247 3434 5301 ἐπὶ
3463 5247 3563 5314 τῆς
3594 5243 3686 5314 βας

2113 5351 2314 5412 σιλείας
2337 5348 2564 5419 Δαρείου
2583 5348 2638 5416 /.
2681 5347 2772 5399 καὶ
2794 5344 2973 5415 Κύρος
2996 5344 3023 5394 ό
3043 5341 3259 5413 Πέρσης
3283 5336 3558 5408 παρέλαϐε
3587 5334 3683 5402 τὴν

2111 5441 2383 5514 βασιλείαν
2410 5435 2597 5498 αὑτοῦ.

2718 5572 2965 5627 ΚΕΦΑΛ.
3009 5575 3082 5628 Ζ’.

2185 5695 2233 5745 1.
2265 5692 2458 5752 Ἔτους
2493 5684 2710 5756 πρώτου
2743 5683 3118 5756 βασιλεύοντος
3168 5673 3450 5747 Βαλτᾶιταρ
3500 5680 3683 5748 χωρας

2116 5779 2483 5845 Βαϐυλωνίας,
2534 5777 2736 5850 Δανιὴλ
2767 5777 2949 5849 ὅραμα
2983 5773 3085 5831 εἶδε
3140 5775 3286 5846 παρὰ
3323 5770 3562 5844 κειξαλὴν
3584 5771 3683 5825 ut
3715 5846 3723 5851 ρ
