4064 6418
353 409 493 466 2809

1637 415 1882 471 DANIEL
1919 417 2152 477 CAPUT
2187 420 2297 476 VII.

3488 426 3627 483 2310

350 521 453 592 τῆς
487 522 672 594 κοίτης
711 524 896 582 αὑτοῦ.
948 527 1079 579 Τότε
1128 526 1329 598 Δανιὴλ
1373 532 1431 580 τὸ
1456 528 1664 599 ὅραμα,
1695 527 1723 581 δ
1752 524 1892 582 εἶδεν
1920 571 1926 595 ι

2042 526 2207 581 cubili
2234 542 2356 583 suo.
2396 526 2552 585 Tune
2584 531 2773 587 Daniel
2804 534 3093 602 visionem,
3121 553 3289 609 quam
3323 538 3477 604 vidit,
3502 541 3629 595 scri-

356 614 594 685 ῐγραψεν
620 616 698 678 είς
725 615 995 684 κεφάλαια
1021 617 1221 686 λόγων.

427 704 483 757 2.
531 703 654 757 Ἐπὶ
685 708 782 776 τῆς
807 706 993 777 κοίτης
1023 724 1127 776 μου
1164 705 1435 778 ἐθεώρουν
1463 706 1585 763 καθ’
1626 709 1826 773 ῦπνους
1848 726 1939 763 νυ-

360 794 488 859 κτός
507 813 520 826 ·
551 796 647 848 καὶ
673 796 781 851 ἰδοὺ
802 798 1069 869 τέσσαρες
1099 800 1291 870 ἄνεμοι
1311 799 1408 853 τοῦ
1427 800 1660 872 οὐρανοῦ
1685 801 1941 855 ἐνέπεσον

356 887 438 951 εἰς
457 887 557 957 τὴν
591 888 867 943 θάλασσαν
894 890 994 961 τὴν
1024 892 1291 962 μεγάλην.

426 978 480 1035 3.
506 979 614 1032 Καὶ
633 980 878 1052 τέσσαρα
906 981 1074 1053 θηρία
1101 983 1387 1038 ἀνέϐαινον
1424 985 1487 1038 ἐκ
1513 986 1612 1056 τῆς
1640 984 1937 1055 θαλάσσης,

353 1070 679 1141 διαφέροντα
703 1070 762 1124 ἓν
799 1072 951 1144 παρὰ
976 1073 1037 1127 τὸ
1068 1073 1147 1128 ἓν.

424 1160 479 1214 4.
506 1161 548 1213 Τ
551 1161 581 1213 ὸ
609 1161 831 1231 πρῶτον
855 1162 987 1217 ὡσεὶ
1012 1163 1198 1217 λέαινα
1227 1164 1423 1234 ἔχουσα
1453 1167 1631 1236 πτερὰ
1668 1169 1801 1223 ὡσεὶ
1831 1171 1940 1224 ἀε-

352 1249 470 1302 τοῦ.
519 1248 822 1321 Ἐθεώρουν
850 1251 959 1314 ἕως
983 1253 1107 1306 ὅτου
1136 1252 1283 1323 ἐτίλη
1306 1254 1375 1307 τά
1415 1256 1590 1326 πτερὰ
1622 1257 1812 1326 αὐτῆς,
1844 1261 1938 1313 καὶ

356 1337 497 1413 ᾗρθη
516 1341 626 1394 ἀπὸ
641 1342 742 1412 τῆς
763 1344 886 1414 γῆς,
911 1342 1003 1396 καὶ
1019 1344 1110 1396 ἐπὶ
1137 1344 1311 1397 ποδῶν
1332 1345 1693 1417 ἀνθρωπίνων
1709 1350 1935 1423 ἐστάθη,

358 1430 456 1483 καὶ⁵
484 1431 797 1503 ἀνθρωπίνη
825 1434 1022 1503 καρδία
1043 1434 1199 1505 ἐδόθη
1240 1435 1404 1507 αὐτῇ.

427 1521 481 1575 5.
515 1523 625 1576 Kal.
648 1522 757 1577 ίδοὺ
791 1526 908 1592 μετ’
936 1524 1104 1596 αὐτὴν
1123 1526 1252 1580 ἄλλο
1285 1527 1474 1599 θηρίον
1509 1531 1770 1602 ὁμοίωσιν
1813 1535 1936 1606 ἔχον

350 1611 541 1680 ἄρκου,
594 1612 686 1665 καὶ
717 1615 809 1668 ἐπὶ
852 1614 947 1668 τοῦ
977 1617 1096 1681 ἑνὸς
1141 1619 1378 1686 πλευροῦ
1409 1622 1635 1695 ἐστάθη.
1679 1626 1776 1680 καὶ
1808 1629 1936 1699 τρία

349 1700 561 1773 πλευρὰ
589 1698 659 1774 ἦν
691 1703 749 1758 ἐν
771 1705 849 1776 τῷ
876 1706 1109 1776 στόματι
1141 1710 1315 1781 αὐτῆς
1350 1713 1418 1779 >κ
1444 1714 1500 1766 ὲν
1524 1715 1675 1787 μέσῳ
1708 1698 1938 1773 ὀδόντων

347 1792 518 1863 αὐτῆς
546 1794 604 1863 /.
632 1796 727 1849 καί
748 1795 921 1863 οὕτως
945 1796 1120 1854 εἶπεν·
1139 1803 1394 1866 Ἀνάστα,
1415 1808 1700 1878 κατάφαγε
1724 1810 1938 1881 σάρκας

347 1884 572 1949 πολλάς.

420 1977 475 2030 6.
508 1977 619 2030 Καὶ
673 1978 813 2049 μετὰ
845 1978 1018 2036 ταῦτα
1066 1983 1339 2057 ἐθεώρουν
1371 1987 1563 2060 θηρίον
1615 1992 1746 2046 ἄλλο
1802 1993 1935 2047 ὡσεὶ

349 2066 634 2139 πάρδαλιν,
652 2071 747 2124 καὶ
775 2073 952 2143 πτερά
969 2074 1212 2145 τέσσαρα
1232 2078 1512 2133 ἐπέτεινον
1537 2082 1722 2136 ὲπάνω
1746 2084 1935 2151 αὐτοῦ,

348 2160 446 2213 καὶ
467 2160 737 2231 τέσσαρες
761 2164 999 2232 κεφαλαὶ
1032 2166 1110 2237 τῷ
1131 2167 1353 2240 θηρίῳ..

419 2250 477 2305 7.
506 2251 663 2304 Μετὰ
684 2252 741 2305 δὲ
770 2255 950 2309 ταῦτα
974 2258 1240 2330 ἐθεώρουν
1266 2262 1323 2316 ὲν
1350 2261 1592 2333 ὁράματι
1620 2266 1721 2335 τῆς
1743 2269 1938 2334 νυκτὸς

350 2339 540 2412 θηρίον
572 2340 832 2414 τέταρτον
855 2347 1105 2419 φοϐερὸν,
1130 2353 1224 2405 καὶ
1251 2354 1280 2407 ό
1306 2353 1471 2423 φόϐος
1493 2356 1658 2410 αὐτοῦ
1691 2359 1935 2431 ὑπερφέ-

352 2448 464 2501 ρων
500 2432 665 2503 ίσχύῖ,
710 2434 833 2507 ἔχον
866 2438 1086 2503 ὀδόντας
1122 2443 1378 2514 σιδηροῦς
1413 2447 1704 2516 μεγάλους,
1753 2451 1934 2506 ἐσθίον

346 2522 443 2573 καὶ
469 2522 781 2588 κοπανίζον,
815 2525 999 2597 κύκλῳ
1024 2530 1136 2592 τοῖς
1159 2532 1290 2585 ποσὶ
1317 2537 1668 2590 καταπατοῦν
1689 2576 1702 2600 ,
1741 2538 1931 2608 διαφό-

339 2626 458 2682 ρως
486 2612 768 2684 χρώμενον
789 2615 939 2687 παρὰ
962 2619 1139 2672 πάντα
1164 2622 1232 2675 τὰ
1260 2623 1364 2693 πρὸ
1392 2626 1560 2680 αὑτοῦ
1585 2627 1749 2700 θηρία
1774 2649 1788 2663 ·
1817 2625 1932 2703 εἶχε

339 2700 399 2754 δὲ
432 2703 638 2771 κέρατα
676 2705 842 2772 δέκα,
891 2709 987 2762 καὶ
1024 2710 1213 2780 βουλαὶ
1242 2714 1437 2770 πολλαὶ
1468 2721 1529 2772 ἐν
1559 2722 1672 2786 τοῖς
1705 2700 1930 2795 κέρασιν

340 2795 528 2851 αὑτοῦ.

410 2888 466 2944 8.
492 2890 602 2945 Καὶ
644 2891 755 2947 ίδοὺ
783 2894 912 2949 ἄλλο
938 2894 995 2950 ἓν
1019 2895 1188 2970 κέρας
1219 2901 1429 2974 άνεφύη
1449 2903 1723 2975 άναμέσον
1748 2909 1930 2965 αὐτῶν

341 2979 540 3051 μικρὸν
571 2983 628 3036 ὲν
660 2985 777 3049 τοῖς
809 2986 1034 3057 κέρασιν
1050 2990 1238 3056 αὑτοῦ,
1268 2994 1365 3047 καὶ
1382 2995 1510 3067 τρία
1534 2996 1643 3051 τῶν
1681 3001 1932 3070 κεράτων

335 3071 449 3125 τῶν
477 3072 709 3143 πρώτων
736 3076 1119 3149 ὲξηράνθησαν
1141 3083 1209 3136 δι’
1241 3085 1408 3139 αὐτοῦ
1435 3102 1453 3118 ⁸
1475 3089 1571 3141 καὶ
1597 3089 1707 3143 ἰδοὺ
1730 3090 1930 3159 ὀφθαλ-

339 3163 434 3235 μοὶ
453 3163 644 3238 ὥσπερ
665 3168 998 3240 ἀνθρώπινοι
1027 3174 1084 3227 ἐν
1106 3174 1184 3247 τῷ
1209 3178 1400 3249 κέρατι
1421 3180 1616 3253 τούτῳ,
1637 3182 1730 3236 καὶ
1754 3184 1931 3254 στόμα

2045 618 2153 687 psit
2185 619 2237 673 in
2259 619 2534 689 capitibus
2560 637 2901 679 sermonum.

2110 711 2165 765 2.
2194 710 2251 765 In
2282 712 2448 769 cubili
2488 728 2609 768 meo
2633 714 2881 770 videbam
2918 731 3014 786 per
3055 732 3280 777 somnos
3309 722 3488 777 noctis
3525 741 3539 776 :
3574 731 3626 776 et

2042 813 2169 856 ecce
2189 810 2428 871 quatuor
2453 802 2600 858 venti
2625 804 2749 859 caeli
2778 804 3053 861 irruerunt
3090 807 3147 862 in
3172 823 3321 864 mare
3341 824 3628 880 magnum.

2111 980 2164 1033 5.
2209 979 2274 1034 Ει
2305 989 2541 1050 quatuor
2569 982 2758 1038 bestia:
2776 984 3145 1038 ascendebant
3173 985 3238 1038 de
3275 985 3435 1048 mari,
3469 985 3623 1040 dim--

2040 1079 2222 1126 rentes
2249 1086 2356 1132 una
2380 1072 2450 1126 ab
2468 1072 2595 1127 alia.

2112 1162 2166 1214 4.
2206 1161 2390 1218 Prima
2423 1165 2579 1234 quasi
2608 1165 2777 1220 leaena
2809 1165 3019 1221 habens
3058 1165 3174 1220 alas
3224 1166 3366 1221 sicut
3400 1164 3617 1236 aquilzc.

2040 1253 2387 1321 Aspiciebam
2425 1257 2597 1312 donec
2629 1257 2834 1313 evulsa:
2865 1266 2996 1312 sunt
3019 1259 3118 1312 alae
3141 1257 3283 1327 ejus,
3325 1264 3380 1313 et
3409 1257 3618 1321 sublata

2039 1352 2123 1399 est
2151 1344 2217 1399 de
2239 1354 2402 1410 terra,
2437 1355 2493 1402 et
2516 1362 2679 1416 super
2706 1348 2872 1418 pedes
2922 1348 3194 1404 humanos
3226 1349 3395 1413 stetit,
3441 1360 3495 1403 et
3521 1348 3621 1402 Int-

2040 1450 2261 1490 manum
2287 1452 2383 1492 cor
2415 1438 2603 1493 datum
2631 1448 2714 1495 est
2735 1441 2804 1494 ei.
3314 1498 3317 1501 ,

2107 1524 2162 1579 5.
2204 1526 2268 1580 Et
2297 1542 2427 1583 ecce
2478 1539 2600 1599 post
2654 1545 2775 1585 eam
2819 1530 2926 1584 alia
2985 1530 3154 1585 bestia
3206 1530 3617 1586 similitudinem

2039 1615 2248 1674 habens
2283 1620 2418 1684 ursi,
2449 1629 2502 1675 et
2542 1621 2593 1675 in
2623 1621 2793 1676 latere
2837 1633 2946 1677 uno
2967 1623 3117 1678 stetit
3146 1638 3160 1673 :
3207 1633 3262 1677 et
3311 1623 3414 1678 tria
3447 1624 3621 1678 latera

2037 1716 2194 1763 erant
2221 1708 2274 1763 in
2298 1725 2394 1766 ore
2416 1711 2536 1782 ejus
2560 1714 2614 1768 in
2631 1713 2814 1769 medio
2841 1714 3083 1770 dentium
3107 1715 3306 1786 ejus,et
3337 1716 3417 1771 sic
3444 1715 3615 1771 dixit:

2041 1795 2237 1868 Surge,
2279 1801 2548 1858 manduca
2582 1819 2777 1861 carnes
2801 1806 3022 1861 multas.

2110 1974 2164 2029 6.
2206 1974 2272 2031 Et
2323 1988 2447 2048 post
2477 1980 2593 2035 haec
2642 1983 2969 2052 aspicieham
3007 1986 3235 2042 bestiam
3275 1988 3438 2044 aliam
3478 1989 3621 2045 sicut

2039 2066 2292 2133 pardum,
2328 2078 2381 2123 et
2413 2071 2514 2125 ala:
2541 2082 2781 2142 quatuor
2811 2078 3247 2134 extendebantur
3278 2094 3444 2150 super
3470 2097 3614 2144 eam,

2039 2164 2093 2209 ct
2116 2164 2353 2225 quatuor
2385 2162 2562 2231 capita
2596 2164 2803 2220 bestiae.

2112 2246 2160 2300 7.
2208 2247 2335 2304 Post
2358 2259 2540 2307 autem
2579 2254 2695 2309 haec
2736 2255 3064 2323 aspiciebam
3113 2259 3170 2315 in
3212 2263 3419 2320 visione
3442 2268 3625 2323 noctis

2036 2336 2265 2392 bestiam
2295 2352 2544 2409 quartam
2579 2344 2899 2413 terribilem,
2934 2357 2988 2403 et
3023 2360 3198 2406 terror
3225 2354 3345 2423 ejus
3388 2360 3617 2414 excede-

2034 2428 2512 2488 batfortitudinc:
2584 2450 2709 2506 quae
2753 2439 2983 2495 habebat
3031 2442 3220 2500 dentes
3270 2445 3476 2504 ferreos
3504 2465 3618 2506 ma-

2032 2536 2191 2591 gnos,
2242 2525 2623 2594 manducans,
2679 2538 2734 2584 et
2787 2533 3169 2592 comntinuens
3204 2576 3219 2601 ,
3271 2538 3325 2592 in
3383 2541 3615 2596 circuitu

2033 2611 2263 2681 pedibus
2290 2617 2643 2682 conculcans,
2671 2619 2887 2676 diverse
2931 2637 3166 2693 operans
3213 2627 3283 2681 ab
3333 2629 3612 2695 omnibus,

2031 2718 2153 2774 quae
2180 2703 2403 2761 fuerunt
2427 2718 2554 2763 ante
2582 2725 2723 2776 eam,
2759 2712 2985 2781 bestiis;
3024 2715 3261 2771 habebat
3294 2730 3473 2775 autem
3489 2736 3612 2776 cor-

2032 2807 2141 2846 nua
2174 2793 2382 2861 decem,
2417 2807 2471 2852 et
2504 2801 2734 2855 consilia
2764 2804 2937 2858 multa
2964 2805 3018 2858 in
3050 2808 3310 2861 cornibus
3333 2809 3472 2878 ejus.

2101 2882 2155 2938 8.
2198 2883 2264 2939 Et
2294 2900 2422 2943 ecce
2452 2888 2603 2944 aliud
2637 2904 2804 2946 unum
2830 2906 3003 2949 cornu
3029 2905 3278 2951 renatum
3305 2910 3389 2954 est
3416 2900 3470 2953 in
3501 2916 3613 2956 me-

2030 2972 2124 3028 dio
2148 2989 2336 3031 eorum
2369 2993 2597 3047 parvum
2656 2983 2712 3037 in
2768 2985 3029 3040 cornibus
3080 2987 3241 3056 ejus:
3288 2999 3342 3044 et
3400 2992 3502 3046 tria
3546 2991 3616 3047 de

2031 3067 2291 3124 cornibus
2318 3071 2513 3139 primis
2547 3086 2882 3131 exaruerunt
2909 3088 3137 3147 prepter
3163 3080 3291 3136 illud
3320 3099 3336 3136 :
3386 3092 3439 3137 ct
3487 3094 3615 3138 ecca

2031 3157 2195 3220 oculi,
2223 3158 2367 3213 sicut
2392 3163 2535 3217 oculi
2570 3165 2795 3219 humani
2824 3166 2878 3221 in
2926 3183 3099 3224 cornu
3156 3171 3283 3240 isto,
3330 3183 3385 3228 et
3426 3186 3490 3229 os
3530 3174 3611 3228 lo.

339 3225 354 3235 .
610 3225 623 3238 .
769 3225 781 3240 .
1035 3225 1074 3227 η
1118 3225 1178 3247 -τ
1211 3225 1399 3249 ---ι--τ--
1432 3225 1616 3253 --ννισν
1639 3225 1730 3236 ην·-
1757 3225 1926 3254 "ww"-

337 3257 534 3312 λαλοῦν
578 3262 791 3331 μεγάλα
827 3278 889 3320 -ι-
938 3268 1035 3321 καὶ
1084 3269 1258 3324 ἐποίει
1315 3272 1554 3345 πόλεμον
1612 3275 1748 3348 πρὸς
1798 3280 1926 3342 τοὺς

2030 3263 2203 3318 quens
2227 3265 2444 3320 magna,
2469 3262 2526 3308 et
2547 3252 2785 3311 faciebat
2812 3256 3010 3314 bellum
3038 3225 3302 3318 adversus
3330 3275 3572 3321 sanctos.

338 3363 406 3408 ’θ’
446 3353 631 3420 ἁγίους
656 3356 712 3425 /.

410 3444 463 3499 9.
505 3444 807 3518 Ἐθεώρουν
830 3448 934 3514 ἓως
952 3451 1040 3505 ὅτε
1062 3453 1239 3525 θρόνοι
1264 3457 1549 3530 ἐτέθησαν,
1572 3461 1668 3515 καὶ
1686 3461 1925 3531 Παλαιὸς

336 3538 369 3605 ὴ
380 3536 563 3607 μερῶν
593 3539 849 3612 ἐκάθητο,
884 3540 1022 3612 ἔχων
1051 3546 1346 3617 περιϐολὴν
1377 3549 1509 3603 ὡσεὶ
1536 3552 1712 3621 χιόνα,
1742 3555 1836 3608 καὶ
1862 3558 1927 3608 τὸ

335 3627 591 3699 τρίχωμα
613 3630 714 3701 τῆς
736 3633 981 3705 κεφαλῆς
1006 3636 1193 3701 αὐτοῦ,
1224 3638 1358 3693 ὡσεὶ
1399 3641 1548 3712 ἔριον
1596 3644 1791 3699 λευκὸν
1822 3664 1922 3701 κα-

338 3717 527 3790 θαρὸν,
577 3723 605 3776 ό
632 3722 823 3795 θρόνος
851 3725 986 3779 ὡσεὶ
1041 3727 1171 3796 aliis
1217 3732 1392 3801 πυρὸς
1444 3738 1513 3799 >εί
1536 3737 1723 3806 τροχοὶ
1757 3736 1923 3790 αὐτοῦ

336 3809 450 3882 πῦρ
484 3813 794 3884 καιόμενον.

410 3902 496 3956 ίθ.
527 3905 594 3969 »ζ
635 3904 888 3974 Ποταμὸς
929 3909 1104 3981 πυρὸς
1154 3910 1330 3966 ἕλκων
1355 3953 1372 3979 ,
1419 3915 1514 3967 καὶ
1565 3914 1923 3989 ἐξεπορεύετο

337 3988 481 4043 κατὰ
513 3991 804 4060 πρόσωπον
831 3996 998 4049 αὐτοῦ
1029 4000 1274 4070 ποταμὸς
1304 4004 1475 4071 πυρός
1496 4018 1511 4033 ⁸
1551 4005 1714 4075 χίλιαι
1750 4008 1924 4077 χιλιά-

334 4077 426 4140 δες
464 4077 798 4149 ἐθεράπευον
836 4085 1021 4148 αὐτὸν,
1063 4090 1158 4141 καὶ
1187 4088 1379 4161 μύριαι
1426 4096 1684 4166 μυριάδες
1726 4113 1921 4172 παρει-

335 4172 634 4241 στήκεισαν
665 4174 835 4247 αὐτῷ,
867 4177 962 4231 καὶ
1006 4180 1290 4251 κριτήριον
1319 4182 1541 4240 ὲκάθισε
1562 4227 1577 4252 ,
1616 4189 1709 4242 καὶ
1745 4188 1920 4261 βίϐλοι

333 4262 706 4333 ἠνεῴχθησαν.

406 4354 491 4411 ﬂ.
537 4355 840 4449 Ἱξθεώρουν
863 4361 985 4414 τότε
1015 4362 1118 4433 τὴν
1143 4365 1329 4437 φωνὴν
1360 4368 1468 4423 τῶν
1497 4369 1674 4442 λόγων
1692 4375 1801 4430 τῶν
1825 4396 1921 4449 με·

333 4444 538 4515 γάλων,
564 4440 640 4503 ὧν
672 4450 733 4504 τὸ
761 4453 930 4522 κέρας
953 4453 1138 4508 ἐλάλει
1158 4472 1172 4487 θ
1196 4455 1419 4531 θεωρῶν
1455 4440 1626 4537 ήμην,
1674 4468 1769 4522 καὶ
1806 4440 1915 4524 άπ-

2096 3432 2149 3487 9.
2187 3432 2471 3502 Videbam,
2531 3440 2894 3509 quoadusque
2930 3441 3110 3496 throni
3154 3443 3317 3512 positi
3350 3454 3477 3500 sunt
3501 3483 3517 3509 ,
3557 3455 3613 3501 et

2026 3522 2288 3582 Yetustus
2316 3528 2528 3583 dierum
2552 3531 2796 3599 sedebat,
2821 3532 3029 3588 habens
3068 3533 3331 3588 amictum
3357 3535 3500 3590 sicut
3526 3538 3610 3591 nio

2024 3631 2167 3680 vem,
2191 3630 2245 3673 et
2265 3621 2582 3689 capillitium
2606 3625 2802 3695 capitis
2819 3626 2904 3680 sui
2929 3625 3071 3681 sicut
3109 3626 3288 3681 lanam
3319 3627 3606 3684 candidam

2024 3709 2318 3779 mundam;
2367 3714 2605 3770 thronus
2649 3717 2795 3773 sicut
2821 3716 3042 3773 ﬂamma
3092 3718 3259 3789 ignis,
3288 3727 3424 3775 rotae
3483 3719 3606 3791 ejus

2024 3796 2167 3866 ignis
2194 3802 2412 3856 ardens.

2097 3886 2182 3940 10.
2220 3887 2446 3947 Flumen
2506 3894 2648 3964 ignis
2676 3897 2938 3966 traltens,
2973 3909 3028 3954 et
3077 3902 3455 3971 egrediebatur
3480 3911 3609 3961 ante

2024 3976 2219 4034 faciem
2248 3981 2369 4049 ejus
2392 3982 2591 4039 ﬂuvius
2615 3987 2795 4056 ignis;
2821 3990 2969 4045 mille
2992 3992 3160 4047 millia
3187 3996 3497 4051 serviebant
3531 3999 3605 4063 ei,

2023 4079 2079 4126 et
2108 4071 2247 4127 dena
2281 4073 2449 4131 millia
2476 4077 2677 4132 denum
2704 4079 2934 4134 millium
2969 4083 3305 4139 assistebant
3336 4086 3407 4152 ei,
3430 4095 3485 4142 et
3512 4087 3604 4157 ju-

2022 4165 2230 4223 dicium
2256 4169 2419 4237 sedit,
2449 4179 2505 4225 et
2526 4170 2649 4226 libri
2673 4170 2846 4241 aperti
2865 4181 3013 4227 sunt.

2094 4347 2178 4404 ii.
2223 4347 2648 4420 Contemplabar
2706 4361 2834 4407 tunc
2886 4362 3077 4408 vocem
3138 4365 3456 4409 sermonum
3486 4366 3603 4412 ms-

2021 4454 2278 4509 gnorum.
2310 4457 2451 4511 quos
2484 4459 2655 4499 cornu
2689 4444 3054 4514 loquebatur:
3104 4445 3377 4516 aspiciens
3421 4460 3601 4517 eram,

333 4540 711 4613 ετυμπανίσθη
735 4543 796 4595 τὸ
819 4544 1028 4615 θηρίον,
1055 4548 1151 4602 καὶ
1172 4548 1421 4606 ἀπώλετο
1444 4531 1509 4608 =8
1533 4531 1692 4629 σῶμα
1721 4560 1912 4629 αὑτοῦ,

2028 4541 2073 4588 et
2098 4531 2337 4590 fustibus
2366 4550 2505 4591 caesa
2540 4548 2624 4593 est
2642 4537 2839 4601 bestia,
2872 4547 2927 4593 et
2948 4539 3109 4608 periit
3139 4554 3339 4610 corpus
3381 4539 3524 4612 ejus,
3548 4549 3603 4597 et

332 4627 426 4679 καὶ
446 4626 604 4698 ὲδόθη
634 4632 713 4693 εἰς
738 4631 936 4685 καῦσιν
965 4636 1156 4706 πυρός.

403 4719 493 4774 12.
526 4722 640 4774 Καὶ
669 4724 795 4786 τοὺς
824 4724 1011 4794 κύκλῳ
1033 4728 1199 4782 αὐτοῦ
1229 4732 1504 4806 ἀπέστησε
1538 4739 1637 4809 τῆς
1664 4741 1915 4809 ἔξουσίας

331 4812 550 4879 αὐτῶν,
597 4815 693 4868 καὶ
733 4817 924 4886 χρόνος
958 4817 1106 4891 ζωῆς
1139 4821 1298 4901 ἐδόθη
1342 4824 1529 4893 αὐτοῖς
1573 4832 1683 4889 ἕως
1718 4836 1913 4905 χρόνου

330 4905 425 4957 καὶ
458 4905 676 4977 καιροῦ.

401 4996 491 5052 15.
525 4997 824 5070 Ἐθεώρουν
848 5003 906 5055 ἐν
931 5004 1173 5076 ὁράματι
1189 5008 1289 5081 τῆς
1313 5012 1528 5079 νυκτὸς,
1553 5016 1650 5070 καὶ
1681 5018 1791 5073 ἰδοὺ
1819 5021 1914 5075 ἐπὶ

329 5086 441 5142 τῶν
474 5090 713 5159 νεφελῶν
736 5092 831 5146 τοῦ
855 5096 1108 5168 οὐρανοῦ,
1132 5098 1208 5165 ὡς
1228 5102 1344 5167 υίὸς
1372 5104 1662 5177 ἀνθρώπου
1689 5110 1909 5182 ἤρχετο,

331 5178 428 5233 καὶ⁷
459 5181 537 5244 ὠς
563 5182 801 5249 Παλαιὸς
835 5188 1058 5259 ἡμερῶν
1094 5193 1271 5264 παρῆν
1291 5233 1306 5259 ,
1354 5196 1446 5250 καὶ
1486 5199 1537 5251 οἱ
1570 5178 1913 5275 παρεστηκόέ

329 5287 421 5336 τες
448 5273 702 5345 παρῆσαν
730 5304 804 5318 --—
831 5280 1000 5351 αὐτῷ.

401 5365 492 5420 14.
520 5368 632 5422 Καὶ
656 5370 815 5441 ἐδόθη
848 5372 997 5445 αὐτῷ
1024 5376 1241 5442 ἐξουσία
1269 5383 1338 5452 κ
1371 5385 1465 5437 καὶ
1498 5386 1568 5456 ῖς(
1595 5388 1728 5460 τιμὴ
1758 5389 1912 5460 βασι-

330 5456 456 5529 λικὴ
486 5459 546 5529 /.
593 5462 690 5514 καὶ
724 5464 902 5518 πάντα
928 5468 998 5521 τά
1026 5466 1154 5541 ἔθνη
1192 5471 1292 5543 τῆς
1326 5475 1429 5545 γῆς
1454 5478 1598 5532 κατὰ
1620 5456 1786 5552 γένη,
1818 5484 1914 5537 καὶ

330 5551 484 5607 πᾶσα
516 5552 646 5618 δόξα
674 5555 824 5627 αὐτῷ
855 5557 1214 5629 λατρεύουσα,
1259 5566 1354 5619 καὶ
1382 5567 1415 5638 ἠ
1450 5567 1670 5635 ἐξουσία
1718 5551 1909 5639 αὐτοῦ,

330 5643 551 5711 ἐξουσία
571 5645 808 5715 αἰώνιος,
834 5649 958 5721 ὴτις
976 5652 1037 5705 οὐ
1063 5654 1138 5725 μὴ
1167 5655 1331 5729 ἀρθῇ,
1359 5659 1452 5713 καὶ
1477 5661 1509 5732 ὴ
1535 5659 1785 5732 βασιλεία
1808 5667 1907 5720 αὺ-

330 5736 448 5802 τοῦ,
484 5739 607 5810 ἥτις
642 5741 704 5794 οὐ
741 5738 818 5814 μὴ
850 5740 1055 5818 φθαρῇ.

405 5828 488 5882 t5.
526 5829 635 5883 Kal
667 5830 967 5902 ἀκηδιάσας
1002 5836 1112 5905 ἐγὼ
1144 5839 1341 5911 Δανιὴλ
1383 5844 1442 5898 ἐν
1483 5844 1695 5912 τούτοις
1735 5849 1794 5903 ἐν
1827 5848 1907 5920 τῷ

2019 4625 2210 4682 datum
2234 4637 2320 4684 est
2344 4628 2398 4683 in
2433 4630 2867 4687 combustionem
2901 4631 3064 4703 ignis.

2090 4719 2178 4774 i2.
2221 4717 2288 4774 Et
2308 4720 2486 4788 abiis,
2511 4724 2605 4794 qui
2628 4725 2683 4779 in
2711 4726 2947 4781 circuitu
2999 4726 3119 4797 ejus
3167 4734 3344 4789 erant.
3379 4726 3605 4783 abstulit

2018 4821 2340 4882 potestatem
2363 4831 2578 4883 eorum,
2625 4826 2680 4874 et
2731 4830 2946 4889 tempus
3002 4820 3123 4875 vita:
3175 4819 3361 4873 datum
3408 4829 3493 4876 εει
3521 4821 3603 4876 eis

2017 4919 2192 4976 usque
2224 4908 2290 4962 ad
2317 4916 2530 4981 tempus
2558 4921 2612 4967 et
2633 4914 3113 4983 opportunitatem.

2088 4997 2176 5053 15.
2218 4996 2477 5056 Videbam
2503 5002 2558 5057 in
2589 5003 2803 5059 visione
2829 5005 3028 5069 noctis,
3066 5014 3118 5060 et
3145 5020 3273 5061 ecce
3311 5020 3478 5076 super
3505 5020 3607 5064 uu-

2018 5086 2113 5143 bes
2141 5090 2265 5144 coeli
2295 5092 2440 5147 sicut
2478 5092 2623 5150 ﬁlius
2650 5095 2890 5151 hominis
2931 5096 3202 5161 veniebat,
3241 5106 3295 5152 et
3322 5098 3466 5154 sicut
3490 5094 3600 5155 νε·-

2017 5187 2197 5239 tustus
2222 5183 2435 5241 dierum
2465 5187 2678 5256 aderat,
2706 5199 2762 5245 et
2783 5189 3062 5246 adstantes
3088 5189 3313 5246 aderant
3348 5193 3420 5248 ei.

2087 5361 2175 5417 ιι.
2216 5361 2431 5422 Etdata
2463 5375 2549 5422 est
2600 5366 2649 5421 ei
2706 5375 2950 5436 potestas
2992 5378 3046 5424 et
3085 5368 3264 5426 honor
3313 5374 3518 5447 regius,
3549 5386 3604 5432 ct

2015 5466 2211 5510 omnes
2240 5466 2433 5527 gentes
2473 5465 2631 5512 terrae
2681 5457 2983 5514 secundum
3034 5474 3230 5531 genera
3256 5501 3272 5528 ,
3325 5475 3380 5522 et
3421 5469 3603 5524 omnis

2013 5545 2186 5617 gloria
2217 5549 2461 5604 serviens
2488 5548 2578 5603 ei:
2624 5557 2679 5604 et
2722 5558 2972 5620 potestas
3018 5552 3161 5622 ejus,
3192 5563 3441 5625 potestas
3477 5574 3604 5631 per-

2014 5649 2197 5708 petua,
2237 5654 2360 5709 quae
2392 5654 2500 5694 non
2532 5637 2831 5709 auferetur,
2867 5649 2924 5698 et
2970 5658 3199 5717 regnum
3260 5647 3404 5716 ejus,
3452 5656 3601 5726 quod

2014 5743 2121 5787 non
2147 5733 2479 5788 destruetur.

2086 5822 2172 5877 15.
2218 5824 2284 5878 Et
2309 5838 2433 5878 cum
2464 5838 2701 5883 interere
2728 5827 2880 5900 gravi
2900 5827 3127 5892 affectus
3157 5850 3334 5893 essem
3369 5842 3473 5914 ego
3495 5839 3604 5897 Da-
