4064 6426
397 411 533 470 2811

1421 399 1895 457 ιιιιλιιιίιυῆυᾶί
1935 398 2102 468 QUAE
2146 396 2227 452 δι]
2239 394 2580 454 PERSUNT.

3531 397 3677 456 2812

403 525 508 578 niel
537 536 700 592 super
729 521 811 574 bis
871 520 922 572 in
967 519 1176 574 visione
1219 517 1397 573 noctis
1446 519 1847 573 conturbabant
1893 532 1978 571 me

2099 512 2325 584 ὂράματι
2343 513 2444 583 τῆς
2465 511 2658 575 νυκτὸς
2695 514 2755 580 >κ
2786 511 3160 583 ἐτά>κρασσόν
3183 528 3248 582 με
3268 511 3315 564 οί
3338 511 3677 584 διαλογισμοί

403 611 761 682 cogitationes
795 625 948 663 mete.

479 703 561 756 l6.
605 701 827 757 Accessi
850 699 919 755 ad
943 715 1111 754 unum
1139 699 1424 762 stantium,
1465 709 1514 752 et
1534 698 1814 752 veritatem
1836 709 1986 764 quae-

405 797 588 848 rebam
621 794 691 848 ab
718 809 783 848 eo
815 808 980 862 super
1003 792 1260 845 omnibus
1290 791 1395 842 bis.
1420 789 1776 858 Respondens
1802 797 1984 840 autem

403 886 537 938 dicit
566 886 720 949 mibi,
753 895 806 937 et
843 883 1345 954 interpretationem
1391 893 1710 936 sermonum
1739 876 1987 931 declara-

405 979 482 1029 vit
504 975 658 1027 mibi.

481 1068 566 1121 l7.
611 1067 701 1120 llae
732 1066 920 1120 bestia:
955 1080 1164 1135 magna:
1194 1071 1321 1120 sunt
1363 1073 1602 1134 quatuor
1649 1077 1836 1132 regna,
1869 1077 1991 1131 qua:

407 1161 663 1229 peribUnt
696 1159 762 1211 de
796 1168 958 1210 terra.

481 1247 571 1302 18.
613 1247 681 1302 Ει
710 1247 978 1316 accipient
1009 1260 1236 1315 regnum
1270 1243 1447 1301 sancti
1476 1244 1764 1311 Altissimi,
1809 1253 1864 1300 et
1893 1244 1990 1299 οι)⁸

407 1342 659 1398 tinebuut
694 1355 926 1411 regnum
957 1353 1133 1408 usque
1167 1338 1221 1393 in
1273 1338 1535 1393 smculum
1567 1337 1916 1394 saeculorum.

483 1522 570 1575 l9.
615 1519 816 1573 Eodem
851 1527 1096 1588 tempore
1127 1518 1276 1572 volui
1317 1533 1563 1587 quaerere
1607 1518 1898 1588 diligenter
1923 1518 1993 1572 de

409 1614 581 1670 bestia
620 1617 818 1680 quarta
840 1609 1156 1663 destruente
1184 1609 1391 1674 omnia,
1432 1618 1486 1663 et
1517 1609 1764 1663 horribili
1804 1611 1988 1664 valde:

408 1715 464 1760 et
491 1719 622 1759 ecce
649 1705 839 1757 dentes
873 1701 992 1771 ejus
1028 1699 1208 1765 ferrei,
1239 1708 1294 1752 et
1324 1715 1531 1770 ungues
1550 1699 1672 1768 ejus
1700 1700 1848 1764 terei,
1871 1715 1992 1767 quae

411 1795 712 1852 devorabat
743 1808 936 1848 omnes
968 1792 1022 1845 in
1054 1788 1312 1856 circuitu,
1353 1800 1408 1844 ct
1435 1792 1796 1846 conculcabat
1841 1790 1993 1862 pedi-

410 1890 533 1944 bus.

478 1977 570 2031 20.
615 1976 681 2030 Ει
713 1975 780 2030 de
811 1975 999 2029 decem
1023 1974 1287 2029 cornibus
1314 1975 1456 2044 ejus,
1493 1988 1616 2043 quae
1641 1981 1801 2028 erant
1828 1989 1992 2042 super

410 2077 596 2137 caput,
629 2075 687 2121 et
710 2067 777 2120 de
809 2081 920 2119 uno
949 2065 1078 2130 alio,
1103 2065 1248 2134 quod
1271 2065 1529 2118 adnatum
1583 2063 1785 2128 fuerat,
1817 2073 1870 2117 et
1893 2065 1989 2117 de-

411 2158 656 2210 ciderant
691 2166 916 2224 propter
946 2155 1074 2208 illud
1112 2153 1212 2207 tria
1241 2193 1254 2215 ,
1304 2163 1357 2208 et
1395 2169 1567 2208 cornu
1603 2155 1732 2207 illud
1760 2155 1992 2208 habebat

411 2249 624 2314 oculos,
657 2257 709 2302 et
743 2263 805 2302 os
839 2247 1068 2317 loquens
1103 2261 1322 2317 magna,
1353 2255 1406 2301 et
1457 2259 1711 2317 aspectus
1741 2248 1857 2316 ejus
1897 2264 1991 2302 su-

411 2341 638 2410 perabat
663 2340 793 2394 alia.

482 2433 572 2484 21.
614 2429 680 2484 Ει
729 2428 1143 2484 considerabam
1198 2443 1370 2484 cornu
1419 2429 1572 2495 illud,
1608 2428 1752 2499 quod
1789 2427 1989 2483 bellum

424 2521 665 2576 faciebat
697 2522 959 2574 adVersus
989 2528 1233 2583 sanctos,
1262 2530 1315 2572 et
1348 2519 1568 2588 fugabat
1595 2536 1708 2574 eos.

484 2612 575 2667 22.
620 2610 990 2681 Quoadusque
1019 2612 1167 2665 venit
1202 2609 1456 2666 Vetustus
1503 2611 1738 2675 dierum,
1777 2619 1831 2664 et
1854 2610 1994 2679 judi-

414 2705 559 2760 cium
594 2703 742 2758 dcdit
772 2704 979 2759 sanctis
1015 2702 1305 2769 Altissimi,
1336 2709 1390 2758 et
1424 2714 1636 2774 tempus
1665 2704 1852 2758 datum
1886 2712 1990 2771 est,

418 2801 475 2848 et
508 2808 736 2862 regnum
765 2794 1123 2848 obtinuerunt
1161 2794 1358 2849 sancti.

483 2885 574 2940 25.
610 2884 674 2940 Et
699 2885 904 2940 dictum
947 2879 1032 2940 est
1077 2885 1211 2940 mibi
1253 2888 1322 2942 de
1375 2897 1569 2958 quarta
1627 2885 1823 2953 bestia,
1864 2886 1992 2955 quia

415 2993 642 3048 regnum
671 2987 929 3047 quartum
960 2978 1066 3032 erit
1093 2993 1256 3047 super
1295 2986 1519 3044 terram,
1545 2979 1688 3048 quod
1733 2979 1996 3032 eminebit

417 3086 580 3140 supra
613 3085 828 3125 omnem
857 3078 1078 3137 terram,
1111 3079 1160 3127 et
1187 3071 1472 3126 devorabit
1506 3086 1728 3124 omnem
1763 3081 1987 3136 terram,

417 3171 472 3217 et
499 3162 780 3219 subvertet
807 3177 949 3227 eam,
981 3170 1034 3216 et
1061 3164 1312 3217 concidet
1337 3178 1479 3216 eam.

489 3252 579 3306 21.
605 3251 670 3305 Ει
697 3254 881 3308 decem
903 3226 1111 3308 cornua
1144 3253 1317 3322 regni,
1340 3253 1524 3306 decem
1552 3267 1706 3321 reges
1733 3251 1954 3305 stabunt
1979 3269 1992 3304 :
2023 3226 2066 3249 ν

418 3353 473 3397 et
502 3343 642 3398 alius
671 3358 766 3398 rex
797 3351 922 3413 post
952 3359 1047 3399 eos
1075 3343 1262 3407 stabit,
1293 3352 1347 3396 et
1380 3344 1496 3412 ipse
1531 3343 1690 3398 malis
1721 3344 1998 3413 superabit

419 3437 650 3506 primos,
686 3444 738 3491 et
769 3445 879 3492 tres
911 3451 1064 3506 reges
1103 3435 1431 3488 bumiliabit.

489 3615 581 3669 25.
623 3614 691 3668 Et
743 3613 905 3668 verba
941 3621 1131 3666 contra
1190 3613 1528 3668 Altissimum
1590 3614 1887 3684 loquetur,
1947 3625 2001 3670 ct

421 3715 648 3762 sanctos
706 3703 977 3757 Altissimi
1034 3713 1278 3758 conteret
1327 3722 1341 3757 :
1399 3715 1454 3759 et
1491 3717 1735 3761 assumet
1789 3717 2002 3762 mutare

423 3803 688 3865 tempora,
717 3805 771 3848 et
795 3795 991 3865 legem,
1015 3804 1068 3849 et
1099 3796 1380 3850 tradentur
1417 3798 1601 3852 omnia
1653 3799 1706 3852 in
1750 3801 2002 3855 manibus

423 3885 543 3954 ejus
575 3901 747 3954 usque
771 3887 836 3939 ad
894 3895 1130 3955 tempus,
1185 3895 1238 3941 et
1291 3886 1556 3958 tempora,
1618 3898 1670 3944 et
1723 3905 1897 3960 usque
1933 3890 2000 3944 ad

423 3978 703 4032 dimidium
731 3977 1008 4046 temporis.

492 4067 582 4123 26.
628 4069 689 4120 Ει
711 4067 980 4137 judicium
1013 4069 1245 4137 sedebit,
1277 4078 1331 4124 ct
1349 4080 1672 4140 potestatem
1694 4072 1997 4138 destruent,

423 4168 476 4213 et
511 4160 891 4214 deliberabunt
917 4161 1313 4229 contaminare,
1359 4173 1413 4218 et
1445 4165 1669 4233 perdere
1713 4181 1888 4236 usque
1944 4168 1997 4221 in

419 4251 604 4306 ﬁnem.

489 4342 577 4397 27.
623 4340 690 4396 Et
723 4358 974 4411 regnum,
1001 4352 1054 4398 et
1089 4351 1434 4414 potestatem,
1462 4357 1516 4400 et
1540 4348 1998 4418 magniﬁcentiam

421 4447 633 4497 eorum,
674 4441 726 4484 et
758 4433 1119 4500 principatum
1180 4434 1424 4487 omnium
1482 4437 1585 4489 sub
1633 4437 1772 4491 coelo
1803 4451 2000 4506 regno-

2089 621 2191 673 μου
2202 648 2213 657 .

2165 696 2248 748 l6.
2286 693 2597 765 Προσῆλθον
2652 694 2784 766 πρὸς
2831 694 2928 748 ἕνα
2967 695 3076 748 τῶν
3121 694 3396 758 ἑστώτων,
3435 694 3529 748 καὶ
3575 696 3643 768 τὴ

2090 787 2379 858 ἀκρίϐειαν
2409 786 2638 855 ἐζήτουν
2671 787 2804 857 παρ’
2833 785 2999 839 αὐτοῦ
3024 787 3164 858 ὑπὲρ
3195 789 3414 842 πάντων
3443 788 3652 842 τούτων

2089 878 2412 950 ἀποκριθεὶς
2440 877 2495 931 δὲ
2527 877 2674 947 λέγει
2703 895 2814 949 μοι,
2859 879 2965 954 καὶ,
2985 879 3082 949 τὴν
3117 879 3299 950 κρίσιν
3344 879 3446 932 τῶν
3499 879 3660 948 λόγωι

2090 967 2324 1038 ἐδήλωσέ
2355 985 2466 1038 μοι.
2926 953 2937 965 ’
2955 987 2963 993 ·

2165 1061 2252 1113 17.
2286 1060 2475 1115 Ταῦτα
2503 1061 2571 1116 τά
2601 1061 2764 1133 θηρία
2792 1063 2860 1116 τά
2899 1062 3113 1133 μεγάλα
3153 1064 3258 1116 elei
3288 1065 3553 1136 τέσσαρες
3581 1065 3674 1137 βαι

2094 1151 2310 1215 σιλεῖαι,
2349 1153 2404 1204 αἶ
2433 1153 2763 1207 ἀπολοῦνται
2788 1153 2897 1207 ἀπὸ
2919 1155 3018 1225 τῆς
3038 1154 3162 1223 γῆς.

2165 1243 2252 1296 18.
2285 1245 2397 1297 Καὶ
2437 1245 2854 1317 παραλήψονται
2884 1245 2984 1316 τὴν
3022 1245 3299 1315 βασιλείαν
3335 1248 3480 1314 ἆγιοι
3514 1248 3670 1317 Ὑψί-

2093 1353 2220 1388 στου
2243 1375 2257 1400 ,
2299 1337 2394 1389 καὶ
2438 1336 2729 1402 καθέξουσι
2768 1339 2868 1410 τὴν
2910 1337 3189 1408 βασιλείαν
3217 1339 3323 1402 ἕως
3360 1338 3455 1392 τοῦ
3479 1341 3673 1404 αίῶνος

2090 1423 2200 1477 τῶν
2227 1423 2459 1479 αἰώνων.

2166 1516 2251 1569 19.
2283 1517 2418 1569 Τότε
2449 1517 2642 1588 ἧθελον
2669 1518 3148 1587 ἐξακριϐὠσασθαι
3193 1522 3322 1591 περὶ
3364 1519 3459 1574 τοῦ
3485 1521 3673 1592 θηρίου

2093 1605 2186 1658 τοῦ
2218 1607 2505 1677 τετάρτου,
2544 1609 2640 1662 τοῦ
2674 1610 3081 1684 διαφθείροντος
3121 1615 3320 1677 πάντα,
3373 1614 3466 1666 καὶ
3508 1613 3675 1686 ὑπερ-

2095 1698 2260 1765 φόϐου
2282 1715 2296 1728 ·
2341 1699 2433 1753 καὶ
2465 1701 2575 1753 ίδοὺ
2600 1703 2647 1754 oi
2674 1702 2885 1766 ὀδόντες
2906 1704 3070 1757 αὐτοῦ
3109 1705 3336 1775 σιδηροῖ,
3370 1706 3462 1756 καὶ
3486 1707 3534 1757 oi
3553 1706 3674 1758 6w-

2092 1807 2186 1858 χες
2217 1789 2380 1843 αύτοῦ
2402 1791 2609 1859 χαλκοῖ,
2642 1794 3018 1860 κατεσθίοντος
3045 1797 3252 1860 πάντας
3278 1799 3562 1866 κυκλόθεν,
3584 1800 3676 1851 καὶ

2098 1882 2538 1946 καταπατοῦντος
2566 1887 2678 1948 τοῖς
2713 1887 2860 1942 ποσί.

2161 1973 2251 2027 20.
2280 1975 2390 2027 Καὶ
2421 1992 2487 2027 πε
2499 1976 2552 2046 ρὶ
2585 1978 2692 2032 τῶν
2720 1979 2850 2032 δέκα
2877 1979 3123 2049 κεράτων
3145 1979 3308 2032 αὐτοῦ
3333 1980 3441 2032 τῶν
3470 1982 3560 2033 ἐπὶ
3580 1980 3677 2050 τῆς

2094 2066 2370 2134 κεφαλῆς,
2404 2069 2498 2120 καὶ
2537 2069 2631 2121 τοῦ
2675 2070 2792 2133 ἐνὸς
2820 2070 2913 2123 τοῦ
2945 2069 3106 2124 ἄλλου
3143 2069 3238 2123 τοῦ
3289 2072 3676 2141 προσφυέντος,

2094 2157 2185 2208 καὶ
2212 2157 2473 2223 ἐξέπεσαν
2496 2158 2562 2211 δι’
2587 2160 2752 2212 αὑτοῦ
2773 2159 2916 2231 τρία,
2945 2160 3040 2212 καὶ
3063 2160 3123 2212 τὺ
3147 2160 3312 2230 κέρας
3335 2163 3509 2213 ἐκεῖνο
3537 2157 3680 2231 εἶχεν

2092 2247 2421 2319 ὀφθαλμοὺς,
2457 2251 2550 2304 καὶ
2585 2251 2762 2322 στόμα
2812 2251 3004 2305 λαλοῦν
3036 2252 3282 2322 μεγάλω
3331 2254 3426 2306 καὶ
3451 2254 3484 2323 ή
3508 2253 3678 2324 πρόσ-

2093 2339 2215 2408 οψις
2235 2341 2401 2393 αὐτοῦ
2433 2341 2739 2414 ὑπερέφερε
2763 2341 2833 2396 τὰ
2862 2343 3019 2398 ἄλλα.

2164 2431 2252 2483 21.
2287 2431 2395 2483 Καὶ
2431 2433 2716 2484 κατενόουν
2768 2433 2830 2484 τὸ
2861 2433 3030 2501 κέρας
3059 2432 3236 2484 ἐκεῖνο
3289 2431 3527 2498 πόλεμον
3557 2448 3686 2489 συν-

2098 2522 2386 2590 ιστάμενον
2413 2521 2549 2590 πρὸς
2568 2521 2691 2582 τοὺς
2714 2521 2922 2589 ἁγίους,
2954 2521 3046 2572 καὶ
3069 2519 3268 2590 τροπού
3277 2537 3438 2588 μενον
3459 2522 3679 2583 αὐτούς.

2163 2611 2254 2664 22.
2285 2612 2431 2673 Ἕως
2458 2611 2554 2663 τοῦ
2584 2610 2756 2663 ἐλθεῖν
2785 2611 2876 2663 τὸν
2902 2611 3136 2663 Παλαιὸν
3176 2610 3421 2680 ἡμερῶν,
3449 2610 3546 2664 καὶ
3581 2611 3681 2680 τὴν

2096 2700 2277 2768 κρίσ;ν
2301 2700 2468 2751 ἔδωκε
2495 2702 2612 2763 τοῖς
2641 2699 2817 2768 ἁγίοις
2845 2699 2940 2753 τοῦ
2993 2699 3250 2769 Ὑψίστου
3277 2717 3293 2730 ·
3319 2701 3412 2751 καὶ
3440 2701 3468 2750 ό
3491 2698 3680 2768 καιρὸς

2095 2789 2272 2859 ἐδόθη,
2298 2790 2392 2842 καὶ
2425 2789 2488 2842 τὸ
2521 2787 2788 2858 βασίλειον
2823 2789 3086 2858 κατέσχον
3108 2790 3157 2841 οί
3193 2789 3355 2856 ἅγιοι.

2167 2879 2254 2932 25.
2286 2880 2392 2931 Kal.
2418 2879 2621 2951 ἐρρέθη
2657 2897 2746 2948 μοι
2777 2881 2905 2950 περὶ
2929 2879 3024 2932 τοῦ
3055 2878 3242 2949 θηρίου
3271 2876 3364 2930 τοῦ
3395 2877 3667 2946 τετάρτου,

2098 2967 2177 3020 ’ὁτι
2209 2966 2454 3036 βασ.λεία
2479 2969 2712 3039 τετάρτη
2734 2968 2886 3022 ἔσται
2917 2971 3008 3022 ἐπὶ
3029 2972 3128 3040 τῆς
3154 2972 3287 3041 γῆς,
3332 2971 3454 3040 ἣτις
3491 2970 3674 3022 διοίσει

2097 3060 2248 3129 παρὰ
2283 3060 2465 3114 πᾶσαν
2503 3059 2601 3130 τὴν
2625 3061 2826 3131 γῆνχ,
2845 3061 2940 3114 καὶ
2969 3061 3345 3132 καταφάγεται
3376 3065 3556 3116 πᾶσαν
3582 3061 3678 3132 τὴν

2099 3150 2203 3218 γῆν
2214 3149 2273 3220 /.
2293 3149 2386 3202 καὶ
2406 3149 2782 3204 άναστατώσει
2821 3151 3011 3222 αὐτὴν,
3033 3153 3128 3205 καὶ
3151 3151 3470 3206 καταλεανεῖ
3491 3153 3678 3224 αὐτὴν.

2170 3243 2259 3298 24.
2293 3244 2402 3297 Καὶ
2431 3244 2500 3299 τά
2524 3244 2656 3299 δέκα
2678 3245 2881 3316 κέρατα
2913 3245 3014 3316 τῆς
3042 3244 3338 3314 βασιλείας,
3370 3244 3500 3298 δέκα
3531 3243 3682 3314 βασι·

2101 3335 2214 3398 λεῖς
2245 3337 2562 3406 στήσονται*
2602 3337 2696 3390 καὶ
2723 3339 2751 3389 ὁ
2778 3336 2936 3400 ἄλλος
2976 3336 3231 3406 βασιλεὺς
3282 3335 3422 3407 μετὰ
3461 3335 3684 3401 τούτους

2104 3429 2382 3500 στήσεται,
2415 3430 2511 3484 καὶ
2550 3430 2711 3494 αὐτὸς
2733 3430 2924 3484 διοίσει
2959 3432 3150 3494 κακοῖς
3184 3430 3324 3501 ὑπὲρ
3368 3429 3494 3493 τοὺς
3534 3430 3672 3500 πρώ-

2102 3538 2249 3585 τους,
2289 3525 2382 3576 καὶ
2421 3525 2568 3594 τρεῖς
2603 3523 2841 3592 βασιλεῖς
2880 3522 3227 3576 ταπεινώσει.

2173 3613 2264 3668 25.
2298 3614 2409 3666 Καὶ
2459 3615 2677 3686 ῥήματα
2733 3616 2814 3678 είς
2866 3614 2957 3666 τὸν
2989 3613 3253 3682 ’Ὕψιστον
3302 3613 3549 3684 λαλήσει,
3593 3613 3689 3666 καὶΙ

2103 3702 2229 3764 τοὺς
2264 3700 2452 3768 ἁγίους
2473 3702 2566 3755 τοῦ
2613 3702 2870 3771 Ὑψίστου
2906 3702 3250 3772 κατατρίψει,
3285 3703 3378 3755 καὶ
3398 3702 3690 3774 προσδέξε-

2103 3809 2194 3846 ται
2225 3793 2518 3847 ἀλλοιῶσαι
2558 3796 2784 3862 καιροὺς
2818 3793 2912 3846 καὶ
2946 3794 3132 3864 νόμον,
3163 3793 3258 3846 καὶ
3310 3793 3689 3865 παραδοθήσε-

2102 3897 2195 3933 ται
2228 3880 2404 3934 πάντα
2432 3883 2512 3945 εἰς
2541 3882 2640 3946 τὰς
2673 3886 2859 3955 χεῖρας
2883 3882 3047 3935 αὐτοῦ
3074 3881 3176 3945 ἕως
3208 3883 3400 3954 καιροῦ
3434 3885 3527 3938 καὶ
3565 3902 3687 3938 και-

2105 3973 2238 4044 ρῶν,
2264 3973 2357 4027 καὶ
2390 3975 2494 4037 ἕως
2529 3973 2761 4044 ἡμίσους
2793 3974 3006 4046 καιροῦ.

2174 4064 2264 4120 26.
2301 4066 2413 4118 Καὶ
2445 4067 2477 4136 ἡ
2506 4065 2687 4136 κρίσις
2710 4066 3016 4131 καθίσεται,
3040 4069 3132 4122 καὶ
3159 4069 3258 4138 τὴν
3279 4067 3526 4132 ἐξουσίαν
3556 4068 3689 4120 ἀπο-

2104 4155 2276 4221 λοῦσι,
2324 4157 2419 4210 καὶ
2454 4157 2832 4227 βουλεύσονται
2875 4161 3063 4230 μιᾶναι
3117 4160 3212 4212 καὶ
3265 4159 3530 4213 ἀπολέσαι
3581 4159 3687 4222 ἐως

2101 4248 2310 4311 τέλους.

2174 4342 2267 4395 27.
2301 4341 2412 4395 Καὶ
2442 4342 2540 4414 τὴν
2571 4341 2870 4412 βασιλείαν,
2903 4345 2996 4398 καὶ
3027 4345 3123 4416 τὴν
3162 4346 3428 4413 ἐξουσίαν,
3465 4349 3558 4401 καὶ
3593 4347 3691 4418 τὴν

2111 4435 2510 4506 μεγαλειότητα
2532 4435 2735 4499 αὐτῶν,
2766 4437 2862 4489 καὶ
2903 4437 3001 4508 τὴν
3029 4438 3204 4508 ἀρχὴν
3235 4437 3422 4490 πασῶν
3448 4438 3556 4491 τῶν
3584 4438 3691 4490 ὑπὸ

424 4537 570 4587 rum,
607 4521 754 4574 dedit
789 4522 989 4590 pepulo
1040 4531 1232 4576 saneto
1281 4522 1503 4577 excelso
1548 4525 1615 4578 ad
1665 4527 1998 4596 regnandum

2105 4526 2197 4577 τὸν
2244 4525 2472 4596 οὐρανὸν
2522 4525 2843 4595 βασιλειῶν,
2890 4526 3059 4581 ἔδωκε
3117 4526 3232 4597 λαῷ
3282 4527 3424 4599 ἁγίῳ
3479 4529 3692 4599 ὑψίστῳ

424 4626 592 4680 regno
622 4611 975 4678 sempiterno,
1004 4621 1058 4666 et
1090 4627 1280 4667 omnes
1311 4621 1606 4680 potestates
1629 4617 1678 4670 ci
1707 4617 2004 4687 subjicien-

427 4713 536 4770 tur,
575 4711 628 4756 et
648 4702 903 4756 obedient
932 4703 981 4756 ei
1019 4718 1190 4773 usque
1218 4705 1285 4759 ad
1315 4705 1474 4759 linem
1498 4707 1790 4763 sermonis.

494 4880 584 4934 ‘2'8.
628 4877 737 4947 Ego
775 4878 957 4932 Daniel
997 4877 1166 4933 multo
1210 4889 1433 4951 stupore
1463 4893 1748 4953 correptus
1774 4900 1917 4951 snm,
1951 4895 2005 4941 et

426 4971 603 5028 forma
629 4987 747 5026 mea
781 4971 1068 5025 immutata
1099 4984 1177 5026 est
1207 4991 1371 5044 super
1425 4992 1530 5041 me,
1581 4986 1633 5030 et
1686 4978 1908 5032 verbum
1948 4980 2003 5032 in

427 5066 589 5121 corde
615 5081 738 5120 meo
773 5067 999 5121 ﬁrmiter
1034 5068 1221 5122 statui.

1008 5218 1236 5275 CAPUT
1277 5218 1413 5274 Vlll.

505 5332 557 5385 1.
599 5333 756 5385 Anno
803 5333 962 5386 tertio
1022 5343 1282 5402 regnante
1326 5333 1594 5399 Baltasar,
1644 5337 1802 5400 visio,
1839 5353 2003 5407 quam

429 5425 538 5481 vidi
572 5437 674 5492 ego
706 5422 890 5478 Daniel
916 5464 930 5488 ,
962 5433 1248 5494 postquam
1283 5425 1540 5479 vidissem
1572 5426 1825 5494 primam.

495 5517 552 5571 2.
595 5516 658 5569 Et
691 5516 794 5570 vidi
823 5516 874 5568 in
903 5516 1112 5571 visione
1142 5517 1341 5570 somnii
1368 5517 1500 5581 mei,
1550 5533 1674 5570 cum
1706 5534 1805 5589 ego
1826 5536 2003 5576 essem

431 5609 485 5660 in
507 5608 661 5660 Susis
697 5607 936 5674 civitate,
971 5622 1090 5675 qua:
1139 5619 1222 5662 est
1259 5608 1310 5661 in
1361 5608 1644 5679 Elymaide
1675 5611 1921 5683 regione,
1954 5624 2006 5668 et

427 5696 539 5750 vidi
581 5697 636 5750 in
687 5698 919 5757 visione.
951 5713 1076 5753 cum
1132 5699 1311 5753 adhuc
1358 5715 1533 5755 essem
1584 5701 1738 5772 juxta
1793 5714 2002 5774 portam

428 5785 638 5842 Aelam.

2107 4616 2425 4688 βασιλεῦσαι
2475 4617 2754 4687 βασιλείαν
2800 4617 3037 4685 αἰώνιον,
3093 4621 3186 4672 καὶ
3229 4621 3400 4672 πᾶσαι
3448 4618 3690 4684 ἐξουσίαι

2105 4708 2254 4778 αὐτῷ
2285 4710 2741 4779 ὑποταγήσονται,
2775 4711 2868 4764 καὶ
2912 4711 3372 4784 πειθαρχήσουσιν
3411 4711 3560 4784 αύτῷ
3587 4712 3692 4775 ἓως

2106 4804 2491 4872 καταστροφῆς
2519 4803 2612 4855 τοῦ
2652 4801 2835 4873 λόγου.

2177 4893 2266 4947 28.
2312 4893 2453 4962 Ἐγὼ
2508 4896 2705 4966 Δανιὴλ
2740 4896 2946 4968 σφόδρα
3000 4897 3256 4950 ἐκστάσει
3310 4896 3690 4968 περιειχόμην,

2107 4988 2202 5042 καὶ
2230 4989 2396 5058 ήέξις
2427 5006 2529 5059 μου
2564 4988 2850 5059 διήνεγκεν
2889 4991 3033 5060 ἐμοὶ,
3059 4991 3156 5044 καὶ
3192 4990 3252 5042 τὸ
3288 4991 3434 5060 ῥῆμα
3469 4992 3526 5042 ἐν
3557 5005 3692 5061 καρο

2106 5079 2194 5149 δίᾳ
2229 5095 2332 5149 μου
2360 5079 2638 5149 ἐστήριξα.
3690 5076 3699 5107 ³

2708 5235 2958 5293 ΚΕΦᾹΛ.
3004 5237 3063 5289 H'

2181 5350 2233 5405 1.
2269 5350 2461 5413 ’Έτους
2493 5353 2676 5420 τρίτου
2719 5351 3093 5421 βασιλεύοντος
3139 5351 3448 5422 Βαλτάσαρ,
3485 5351 3692 5422 ὅρασις,

2108 5441 2174 5511 ἢν
2200 5437 2338 5493 εἶδον
2360 5440 2470 5509 ἐγὼ
2500 5442 2722 5512 Δανιὴλ,
2757 5443 2895 5513 μετὰ
2921 5444 2982 5496 τὸ
3016 5445 3142 5496 ίδεῖν
3185 5461 3251 5514 με
3277 5446 3376 5515 τὴν
3411 5442 3656 5514 πρώτην.

2177 5529 2230 5584 2.
2262 5532 2371 5583 Καὶ
2394 5527 2531 5584 εἶδον
2554 5534 2610 5587 ἐν
2641 5532 2719 5603 τῷ
2740 5534 2978 5606 ὁράματι
3008 5535 3100 5589 τοῦ
3125 5535 3376 5588 ἐνυπνίου
3407 5553 3532 5606 μου,
3560 5533 3695 5604 ἐμοῦ

2107 5620 2257 5684 ὄντος
2291 5623 2349 5674 ἐν
2381 5622 2602 5686 Σούσοις
2654 5627 2715 5695 τῇ
2767 5624 2942 5688 πόλει,
2965 5625 3089 5696 ἥτις
3129 5627 3277 5679 ἐστὶν
3304 5628 3362 5678 ἐν
3416 5625 3694 5696 Ἐλυμαΐδι

2107 5709 2262 5781 χώρᾳ
2291 5713 2356 5778 >κ
2391 5712 2484 5764 καὶ
2509 5710 2648 5766 εἶδον
2680 5716 2737 5767 ἐν
2767 5714 3007 5787 δράματι
3035 5716 3091 5786 /.
3129 5714 3205 5768 ἔτι
3237 5715 3388 5780 ὄντος
3423 5733 3525 5787 μου
3559 5713 3691 5788 πρὺς

2109 5804 2173 5873 τῇ
2209 5801 2351 5874 πύλῃ
2384 5804 2422 5856 Λ
2435 5803 2582 5875 ἰλὰμ.
