4064 6418
377 356 516 417 2815

1605 350 1859 407 DANIEL
1898 350 2126 406 CAPUT
2163 352 2297 406 l'lll.
3509 359 3646 413 2814

451 474 505 531 5.
564 472 880 543 Δναϐλέψας
908 466 1046 527 εἶδον
1082 471 1233 543 κριὸν
1259 468 1356 523 ἕνα
1392 471 1563 542 μέγαν
1593 471 1802 524 ἑστῶτα
1852 473 1959 524 ἀπ-

2137 470 2189 525 3.
2236 469 2557 538 Suspiciens
2589 471 2695 525 vidi
2727 471 2951 526 arietem
2984 490 3153 528 unum
3197 490 3449 545 magnum
3487 485 3640 528 stan-

378 569 558 622 έναντι
583 566 683 637 τῆς
711 564 885 637 πύλης
901 582 915 596 ·
946 564 1039 619 καὶ
1054 557 1168 635 εἶχε
1193 563 1424 635 κέρατα.
1442 565 1511 632 χ
1536 563 1629 616 καὶ
1652 563 1720 617 τά
1748 562 1957 635 κέρατα

377 660 447 728 Χ
478 656 679 728 ὑψηλὰ,
704 657 796 710 καὶ⁵
832 655 893 709 τὸ
938 654 997 710 ἓν
1025 654 1358 726 ὑψηλάτερον
1387 653 1482 707 τοῦ
1509 654 1695 725 ἐτέρου
1715 694 1730 718 ,
1765 654 1858 707 καὶ
1898 653 1959 705 τὸ

381 747 707 820 ὑψηλότερον
737 746 1009 803 ἀνέϐαινε.

446 838 501 894 4.
531 839 686 894 Μετά
704 839 760 892 δὲ
782 838 954 893 ταῦτα
976 831 1117 890 εἶδον
1145 837 1238 892 τὸν
1260 836 1417 908 κριὸν
1442 854 1500 891 κε
1511 837 1795 906 ρατίςοντα
1825 835 1958 907 πρὸς

378 930 660 995 ἀνατολὰς,
706 929 801 983 καὶ
850 929 990 1000 πρὸς
1022 928 1245 1001 βορρᾶν,
1274 927 1371 981 καὶ
1414 927 1552 998 πρὸς
1593 926 1825 997 δυσμὰς.
1864 924 1959 979 καὶ

382 1022 729 1094 μεσημϐρίαν
752 1038 767 1051 ο
799 1021 896 1075 καὶ
915 1019 1096 1074 πάντα
1121 1020 1189 1074 τὰ
1213 1018 1378 1090 θηρία
1400 1019 1502 1071 οὐκ
1530 1016 1764 1086 ἔστησαν
1782 1017 1958 1070 ὀπίσω

379 1113 565 1179 αὑτοῦ,
600 1114 694 1166 καὶ
712 1113 812 1166 οὐκ
855 1107 924 1183 ἦν
953 1113 981 1164 6
1015 1110 1273 1183 ῥυόμενος
1294 1112 1356 1163 ὲκ
1384 1108 1491 1161 τῶν
1540 1107 1737 1178 χειρῶν
1766 1104 1955 1172 αὑτοῦ,

379 1206 473 1262 καὶ
502 1205 677 1260 ἐποίει
702 1205 779 1270 ὡς
808 1202 988 1276 ήθελε,
1016 1202 1112 1256 καὶ
1131 1200 1335 1273 ὑψώθη.

454 1389 507 1447 5.
546 1388 656 1442 Kal
700 1386 810 1457 ἐγὼ
860 1384 1196 1455 διενοούμην,
1244 1382 1338 1437 καὶ
1379 1381 1488 1435 ἰδοὺ
1536 1382 1736 1452 τράγος
1785 1382 1956 1450 αἰγῶν

386 1483 582 1551 ἤρχετο
606 1479 712 1533 ἀπὸ
739 1478 958 1548 δυσμῶν
986 1476 1078 1528 ἐπὶ
1128 1473 1418 1544 προσώπου
1453 1474 1552 1540 τῆς
1598 1474 1730 1544 γῆς’
1770 1475 1864 1526 καὶ
1888 1469 1956 1544 ἧν

383 1570 473 1624 τοῦ
504 1572 707 1640 τράγου
758 1569 923 1640 κέρας
970 1567 1028 1622 ἓν
1060 1571 1127 1636 ὶε(
1162 1567 1435 1639 θεωρητὸν
1457 1567 1515 1636 /.
1547 1566 1819 1639 ἀναμέσον
1849 1567 1955 1622 τῶν

378 1658 673 1728 ὀφθαλμῶν
702 1657 886 1711 αὐτῶν
916 1659 974 1728 /.

444 1747 499 1802 6.
524 1749 634 1803 Kal
669 1745 835 1820 ἦλθεν
855 1750 949 1802 ἐπὶ
974 1750 1070 1802 τὸν
1098 1749 1249 1820 κριὸν
1279 1749 1370 1803 τὸν
1395 1752 1462 1803 τά
1500 1749 1709 1822 κέρατα
1742 1749 1952 1821 ἔχοντα,

2061 568 2165 612 tem
2207 574 2237 614 e
2273 559 2493 629 regione
2528 570 2717 630 portae,
2754 570 2807 616 et
2832 562 3067 618 habebat
3101 580 3331 630 cornua,
3354 575 3408 618 et
3433 579 3637 619 cornua

2061 653 2274 707 excelsa
2305 691 2321 718 ,
2372 660 2427 707 et
2451 667 2618 707 unum
2674 654 2944 709 excelsius
2996 656 3207 721 altero,
3267 669 3314 712 et
3371 658 3640 713 execlsius

2063 744 2414 799 ascendebat.

2132 837 2187 890 4.
2230 835 2360 892 Post
2394 846 2574 892 autem
2608 838 2727 893 haec
2786 835 2894 891 vidi
2937 838 3159 891 aria-tem
3215 838 3475 893 cornibus
3505 856 3639 894 ven-

2060 926 2308 982 tilantem
2341 929 2407 984 ad
2440 929 2729 995 orientem,
2759 937 2813 983 et
2848 928 2914 983 ad
2943 929 3255 998 aquilonem
3278 969 3293 995 ,
3320 939 3373 983 et
3396 930 3458 983 ad
3488 931 3636 985 occi-

2059 1016 2297 1085 dentem,
2328 1028 2381 1073 et
2406 1020 2470 1074 ad
2507 1020 2789 1076 meridiem
2829 1040 2840 1074 :
2895 1029 2949 1075 et
3014 1030 3226 1075 cuncta:
3294 1020 3483 1075 bestia:
3528 1036 3637 1077 non

2059 1116 2330 1163 steterunt
2371 1119 2495 1179 post
2530 1126 2689 1174 enm,
2718 1119 2771 1165 et
2816 1125 2924 1165 non
2974 1120 3091 1165 erat
3130 1110 3224 1181 qui
3264 1109 3520 1164 liberaret
3571 1110 3641 1165 de

2060 1200 2313 1255 manibus
2346 1201 2485 1271 ejus,
2522 1211 2575 1256 et
2603 1200 2856 1269 faciebat,
2896 1201 3039 1257 sicut
3068 1202 3303 1267 volebat,
3355 1210 3409 1255 et
3439 1201 3640 1255 exalta-

2060 1301 2152 1345 lllS
2190 1299 2294 1346 est.

2130 1382 2184 1436 5.
2226 1380 2294 1436 Et
2322 1397 2425 1454 ego
2479 1384 2976 1439 animadvertebam
3008 1402 3022 1438 :
3051 1390 3104 1439 et
3155 1400 3282 1441 ecce
3333 1386 3518 1441 hircus
3548 1402 3641 1443 ca-

2059 1489 2281 1543 prarum
2314 1476 2564 1530 veniebat
2589 1478 2657 1529 ah
2680 1477 2962 1532 occidente
3006 1492 3171 1547 super
3206 1475 3398 1532 faciem
3444 1485 3639 1542 terrm;

2058 1573 2112 1620 et
2141 1574 2259 1620 erat
2287 1566 2420 1623 hirci
2455 1583 2626 1621 cornu
2660 1583 2827 1622 unum
2884 1568 3178 1637 spectabile
3209 1569 3263 1622 in
3305 1567 3484 1624 medio
3507 1584 3639 1623 ocu-

2060 1658 2240 1713 lorum
2266 1673 2518 1714 suorum.

2129 1751 2183 1806 6.
2216 1750 2280 1807 Et
2306 1753 2455 1807 venit
2478 1753 2545 1806 ad
2576 1752 2824 1818 arietem,
2846 1753 2938 1823 qui
2968 1769 3175 1808 cornua
3205 1754 3456 1818 habebat,
3478 1769 3642 1824 quem

378 1840 438 1892 ὂν
466 1836 605 1894 εἶδον
630 1840 843 1894 ἑστῶτα
875 1841 1011 1911 πρὸς
1040 1844 1106 1912 τῇ
1141 1840 1302 1912 πύλη,
1337 1843 1432 1895 καὶ
1468 1841 1669 1913 έδραμε
1694 1842 1830 1913 πρὸς
1856 1841 1955 1895 αὑ-

2061 1841 2302 1896 videram
2340 1851 2579 1897 stantem
2607 1844 2760 1910 juxta
2794 1852 3034 1913 portam,
3090 1852 3143 1899 et
3178 1846 3420 1901 cucurrit
3456 1855 3640 1900 contra

377 1929 468 1984 τὸν
491 1930 549 1985 ἑν
577 1929 733 2001 θυμῷ
758 1931 964 2004 ὀργῆς.

450 2019 505 2077 ’1.
535 2021 646 2077 Kal
671 2015 811 2077 εἶδον
835 2021 998 2076 αὐτὸν
1026 2021 1369 2093 προσάγοντα
1388 2021 1527 2093 πρὸς
1549 2021 1639 2077 τὸν
1667 2021 1843 2094 κριὸν,
1864 2021 1961 2076 καὶ

377 2111 634 2184 ἰθυμώθη
674 2114 763 2166 ἐπ’
797 2113 982 2177 αὑτὸν,
1024 2114 1117 2166 καὶ
1149 2110 1387 2177 ἐπάταξε
1416 2114 1483 2181 Χ
1519 2113 1612 2166 τὸν
1647 2111 1823 2183 κριὸν,
1866 2110 1961 2164 καὶ

382 2204 667 2274 συνέτριψε
696 2203 764 2257 τά
782 2203 876 2257 δύο
902 2204 1104 2274 κέρατα
1131 2201 1318 2267 αὐτοῦ,
1355 2203 1451 2257 καὶ
1478 2203 1578 2257 οὐκ
1602 2203 1682 2256 ἔτι
1711 2198 1780 2274 ἦν
1807 2202 1961 2273 ίσχὺς

383 2297 442 2348 ὲν
461 2292 538 2364 τῷ
566 2293 707 2364 κριῷ
740 2294 930 2364 στῆναι
959 2294 1247 2349 κατέναντι
1273 2293 1368 2347 τοῦ
1397 2294 1601 2366 τράγου
1620 2336 1636 2360 ,
1670 2295 1762 2349 καὶ
1791 2295 1962 2349 ἐσπά-

388 2385 547 2456 ραξεν
572 2385 732 2439 αὐτὸν
759 2387 851 2440 ἐπὶ
877 2387 976 2458 τὴν
1005 2386 1133 2456 γῆν,
1181 2388 1274 2440 καὶ
1302 2385 1619 2456 συνέτριψεν
1648 2386 1830 2452 αὐτὸν,
1869 2387 1961 2439 καὶ

382 2479 481 2531 οὐκ
507 2473 576 2548 ἦν
608 2479 636 2530 ὁ
666 2477 929 2548 ῥυόμενος
953 2477 1043 2529 τὸν
1068 2478 1221 2549 κριὸν
1245 2477 1353 2531 ἀπὸ
1383 2477 1477 2532 τοῦ
1516 2477 1741 2548 τράγου.

449 2568 499 2621 8.
543 2569 652 2621 Kal
688 2570 716 2621 6
737 2569 940 2637 τράγος
966 2568 1074 2621 τῶν
1100 2569 1270 2638 αἰγῶν
1291 2568 1584 2640 κατίσχυσε
1612 2569 1838 2640 σφόδρα,
1862 2570 1958 2623 καὶ

377 2659 465 2712 ὅτε
498 2659 817 2730 κατίσχυσε,
872 2660 1165 2732 συνετρίϐη
1204 2659 1367 2715 αὐτοῦ
1399 2662 1461 2714 τὸ
1490 2662 1660 2732 κέρας
1693 2662 1754 2715 τὸ
1789 2662 1954 2731 μέγα,

381 2751 472 2804 καὶ
498 2751 664 2822 ἀνέϐη
705 2751 868 2824 ἕτερα
899 2751 1141 2822 τέσσαρα
1187 2752 1394 2824 κέρατα
1422 2750 1754 2807 κατόπισθεν
1793 2751 1955 2805 αὐτοῦ

380 2843 459 2905 είς
484 2842 609 2905 τοὺς
636 2842 907 2911 τέσσαρας
933 2843 1171 2913 ἀνέμους
1192 2843 1284 2898 τοῦ
1309 2844 1566 2916 οὐρανοῦ.

332 2932 345 2943 “
450 2932 504 2986 9.
535 2932 644 2985 Kal
675 2933 735 2996 ἐξ
774 2932 893 2997 ἑνὸς
938 2931 1117 2988 αὐτῶν
1166 2933 1377 3005 ἀνεφύη
1406 2934 1574 3006 κέρας
1613 2934 1831 3005 ἰσχυρὸν
1877 2933 1960 2996 ἓν.

380 3020 477 3077 καὶ
510 3020 829 3091 κατίσχυσε,
857 3024 954 3077 καὶ
998 3023 1269 3089 ἐπάταξεν
1307 3023 1401 3077 ἐπὶ
1451 3024 1819 3097 μεσημϐρίαν,
1868 3024 1960 3078 ἐπὶ

378 3112 555 3179 νότον,
596 3115 798 3167 κα“ιὲπ’
825 3114 1112 3179 ἀνατολὰς,
1150 3117 1244 3168 καὶ
1279 3116 1372 3169 ἐπὶ
1406 3115 1632 3187 βορρᾶν.

2059 1949 2185 1989 eum
2224 1935 2279 1988 in
2312 1933 2496 1990 lurore
2534 1935 2648 1991 iraa.

2135 2025 2185 2077 7.
2229 2023 2296 2079 Et
2328 2025 2439 2079 vidi
2469 2040 2595 2079 eum
2627 2027 2974 2082 accedentem
3006 2027 3073 2082 ad
3117 2027 3366 2091 arietem.
3414 2037 3469 2083 et
3495 2027 3641 2085 indi-

2062 2125 2263 2185 gnatus
2290 2126 2372 2171 est
2395 2125 2581 2170 contra
2609 2131 2756 2180 eum,
2787 2109 2847 2173 'et
2874 2118 3144 2188 percussit
3171 2120 3420 2185 arietem,
3442 2129 3645 2177 etcon-

2063 2205 2212 2261 trivit
2240 2206 2348 2259 duo
2379 2220 2585 2261 cornua
2607 2206 2726 2276 ejus
2754 2245 2769 2268 .
2809 2216 2865 2261 et
2907 2223 3017 2262 non
3066 2209 3303 2278 amplius
3339 2220 3457 2266 erat
3488 2210 3646 2265 forti-

2066 2295 2201 2349 tudo
2241 2296 2298 2350 in
2335 2296 2506 2352 ariete
2542 2299 2719 2353 standi
2748 2313 2933 2353 coram
2987 2299 3185 2355 hirco:
3247 2309 3302 2354 et
3362 2300 3647 2358 dilaniat-it

2060 2399 2183 2438 eum
2223 2399 2390 2453 super
2416 2392 2641 2452 terram,
2672 2393 2727 2440 et
2759 2388 3018 2442 contrivit
3067 2401 3227 2452 enm,
3269 2397 3325 2444 et
3380 2404 3488 2445 non
3527 2400 3646 2444 erat

2060 2475 2151 2545 qui
2193 2476 2447 2531 liberaret
2476 2477 2701 2531 arietem
2730 2479 2799 2532 ab
2830 2478 3003 2533 hirco.

2128 2565 2181 2621 8.
2224 2565 2290 2621 Et
2325 2567 2514 2622 hircus
2548 2583 2839 2637 caprarum
2878 2568 3162 2639 praevaluit
3193 2569 3369 2637 valde,
3400 2581 3453 2627 et
3490 2582 3645 2642 post-

2059 2670 2223 2725 quam
2259 2656 2549 2713 roboratus
2580 2657 2705 2721 fuit,
2725 2660 3021 2714 contritum
3051 2668 3137 2715 est
3173 2660 3292 2730 ejus
3318 2676 3486 2717 cornu
3522 2677 3643 2717 ma-

2062 2762 2253 2817 gnum,
2294 2757 2349 2801 et
2400 2748 2765 2802 ascenderunt
2823 2750 2930 2804 alia
2989 2766 3196 2805 cornua
3257 2761 3495 2820 quatuor
3523 2762 3644 2822 post

2061 2840 2193 2894 illud
2222 2840 2277 2893 in
2313 2848 2551 2908 quatuor
2581 2850 2771 2895 ventos
2806 2841 2951 2896 cmli.

2132 2927 2185 2982 9.
2228 2926 2294 2980 Et
2335 2931 2399 2982 de
2434 2944 2543 2982 uno
2587 2929 2805 2984 illorum
2850 2940 3101 2985 renatum
3159 2941 3243 2987 cst
3286 2947 3457 2988 cornu
3504 2932 3645 2989 forte

2061 3034 2254 3085 unum,
2287 3027 2341 3074 et
2365 3020 2667 3088 praevaluit,
2717 3028 2771 3075 et
2800 3023 3072 3091 percussit
3117 3024 3182 3078 ad
3220 3025 3499 3079 meridiem
3522 3067 3538 3090 ,
3574 3026 3641 3080 ad

2062 3116 2335 3171 austrum,
2371 3110 2437 3162 ad
2478 3111 2769 3174 orientem,
2801 3119 2853 3166 et
2890 3111 2957 3165 ad
2981 3113 3318 3181 aquilonem.

451 3201 538 3255 10.
573 3202 683 3255 Kal
718 3201 907 3274 ὑψώθη
944 3204 1048 3267 ἕως
1088 3204 1197 3257 τῶν
1246 3180 1633 3276 ἀστέρωνυτοῦ
1689 3205 1920 3276 οὐρανοῦ
1942 3222 1954 3236 °

2134 3200 2223 3254 l0.
2266 3198 2329 3253 Et
2353 3203 2625 3255 elevatum
2653 3213 2737 3256 est
2769 3218 2941 3272 usque
2966 3180 3249 3260 adistellas
3281 3205 3425 3273 εωιί,
3460 3217 3513 3262 et
3549 3208 3644 3263 dc-

268 3332 273 3335 -
380 3292 476 3349 καὶ
497 3292 744 3366 ἐρράχθη
768 3295 861 3347 ἐπὶ
886 3296 987 3367 τὴν
1025 3295 1129 3365 γῆν
1156 3296 1265 3348 ἀπὸ
1295 3295 1405 3349 τῶν
1439 3296 1708 3366 ἀστέρων,
1735 3298 1827 3351 καὶ
1851 3298 1959 3351 ἀπὸ

379 3385 559 3440 αὐτῶν
583 3387 957 3458 κατεπατήθη.

453 3477 539 3532 ll.
580 3476 725 3540 Ἕως
765 3479 793 3529 6
826 3478 1265 3549 ἀρχιστράτηγος
1292 3479 1514 3550 ῥύσεται
1554 3479 1652 3552 τὴν
1682 3480 1958 3552 αἰχμαλω-

382 3564 535 3617 σίαν·
559 3566 654 3619 καὶ
692 3566 758 3618 δι’
782 3566 947 3620 αὐτὸν
976 3568 1044 3621 τὰ
1064 3567 1165 3639 ὅρη
1203 3570 1274 3622 τὰ
1299 3569 1396 3624 ἀπ’
1440 3570 1636 3634 αἰῶνος
1682 3572 1953 3644 ἐρῤάχθηο

382 3655 477 3711 καὶ
509 3655 711 3729 ἐξήρθη
733 3660 761 3711 6
789 3657 954 3722 τόπος
991 3659 1168 3713 αὐτῶν
1188 3700 1203 3724 ,
1253 3661 1348 3714 καὶ
1397 3661 1591 3715 θυσίαν
1635 3665 1730 3717 καὶ
1761 3662 1959 3734 έθηκεν

379 3746 549 3818 αὐτὴν
578 3748 683 3812 ἕως
713 3749 889 3819 χαμαὶ
920 3750 1015 3803 ἐπὶ
1035 3750 1135 3821 τήν
1166 3751 1291 3822 γῆν,
1326 3751 1419 3804 καὶ
1450 3751 1834 3822 εὐωδώθησαν,
1867 3754 1961 3807 καὶ

380 3839 613 3912 ἐγενήθη
633 3857 646 3870 ·
679 3840 777 3894 καὶ
797 3841 857 3893 τὸ
886 3841 1043 3910 ἀγιον
1071 3842 1508 3914 ἐρημωθήσεται.

455 4022 542 4078 l2.
581 4022 690 4076 Kal.
713 4021 1051 4093 ἐγενήθησαν
1076 4022 1168 4074 ἐπὶ
1190 4026 1254 4095 τῇ
1286 4022 1447 4096 θυσίᾳ
1476 4024 1532 4076 αἱ
1555 4023 1845 4094 ἁμαρτίαι,
1872 4026 1962 4078 καὶ

382 4112 583 4184 ὲρρίφη
618 4111 793 4181 χαμαὶ
824 4113 858 4181 ή
886 4110 1202 4181 δικαιοσύνη
1226 4129 1239 4142 ·
1276 4113 1372 4167 καὶ
1411 4114 1633 4185 ἐποίησε
1657 4157 1671 4179 ,
1714 4115 1808 4168 καὶ
1870 4117 1962 4168 εὑ-

381 4208 594 4281 ωδὼθη.

454 4302 541 4356 15.
580 4302 688 4356 Kal
719 4304 915 4375 ήκουον
941 4301 1128 4373 ἐτέρου
1152 4302 1308 4371 ἁγίου
1331 4301 1619 4368 λαλοῦντος
1639 4321 1651 4335 ·
1685 4306 1778 4358 καὶ
1809 4301 1963 4360 εἶπεν

381 4392 608 4466 ὁὲτερος
630 4394 842 4466 ἅγιοςί.
864 4394 943 4465 τῷ
964 4394 1232 4466 Φελμουνὶ
1258 4394 1335 4466 τῷ
1356 4395 1622 4449 λαλοῦντι·
1650 4394 1794 4460 Ἕως
1817 4397 1964 4462 τίνος

2061 3293 2223 3346 traxit
2256 3307 2420 3362 super
2448 3302 2648 3349 terram
2689 3309 2721 3348 e
2755 3295 2950 3362 stellis,
2977 3305 3140 3366 atque
3161 3298 3228 3353 de
3253 3299 3333 3353 eis
3354 3301 3644 3356 conculca-

2060 3383 2157 3438 vit.

2130 3473 2218 3528 ll.
2262 3472 2445 3530 Donec
2495 3477 2749 3547 princeps
2796 3477 3004 3533 militiae
3060 3478 3317 3535 liberabit
3355 3481 3644 3552 captivita-

2060 3575 2189 3629 tem,
2241 3576 2295 3621 et
2337 3582 2435 3637 per
2472 3569 2653 3638 ipsum
2693 3582 2947 3635 montes,
3004 3571 3098 3642 qui
3162 3586 3192 3626 a
3233 3575 3432 3629 saeculo
3493 3585 3642 3638 sunt.
3744 3610 3751 3617 -

2058 3656 2265 3713 effracti
2301 3668 2430 3714 sunt
2462 3682 2473 3715 :
2503 3671 2556 3716 et
2583 3662 2801 3717 ablatus
2829 3674 2911 3717 est
2939 3664 3095 3719 locus
3140 3678 3356 3731 eorum,
3392 3674 3444 3721 et
3475 3665 3647 3720 sacri-

2062 3753 2291 3807 licium:
2331 3764 2385 3809 et
2437 3757 2622 3827 posuit
2685 3757 2819 3812 illud
2859 3774 3035 3828 usque
3084 3759 3151 3814 ad
3206 3759 3435 3815 humum
3481 3774 3647 3832 super

2064 3851 2286 3908 terram,
2319 3853 2375 3900 et
2405 3861 2670 3916 prospere
2724 3857 3048 3915 evenerunt,
3103 3859 3159 3904 et
3212 3849 3354 3906 facta
3405 3861 3554 3917 sunt,
3593 3861 3649 3908 et.

2065 3935 2436 3989 sanctuarium
2461 3936 2817 3992 desolahitur.

2136 4026 2225 4081 12.
2271 4026 2338 4081 Et
2363 4026 2589 4083 fuerunt
2612 4028 2666 4083 in
2696 4030 2968 4087 sacriﬁcio
2991 4042 3247 4103 peccata,
3299 4044 3355 4090 ct
3403 4037 3646 4106 projecta

2063 4128 2147 4172 est
2174 4117 2228 4172 in
2258 4127 2401 4174 terra
2424 4118 2661 4188 justitia,
2691 4129 2746 4176 et
2772 4120 2917 4187 fecit,
2949 4133 3004 4179 et
3030 4139 3289 4193 prospere
3315 4129 3500 4182 cessit.

2137 4304 2227 4359 15.
2267 4304 2335 4381 Et
2354 4304 2535 4360 audivi
2565 4306 2736 4362 alium
2772 4317 3021 4364 sanctum
3049 4310 3357 4382 loquentem
3388 4331 3399 4365 :
3427 4324 3479 4369 et
3513 4316 3649 4371 dix‘t

2066 4395 2208 4452 alius
2260 4408 2482 4453 sanctus
2520 4399 2809 4455 Phelmuni
2852 4401 3094 4471 loquenti
3134 4424 3148 4459 :
3190 4403 3484 4476 Usquequo
3508 4410 3647 4466 visio

382 4485 444 4540 τὸ
478 4487 662 4557 ὅραμα
703 4490 982 4559 στήσεται,
1019 4488 1112 4541 καὶ
1144 4474 1176 4560 ἦ
1212 4488 1374 4543 θυσία
1420 4490 1453 4559 ή
1506 4490 1756 4560 ἀρθεῖσα,
1808 4493 1959 4564 καὶὴ

2066 4488 2256 4554 stabit,
2284 4498 2340 4543 et
2369 4490 2727 4558 sacriﬁcium,
2761 4494 2905 4561 quod
2938 4495 3178 4552 ablatum
3209 4474 3330 4565 est,
3371 4474 3425 4554 et
3459 4517 3649 4569 pecca-

383 4581 628 4652 ἀμαρτία
647 4581 981 4652 ἐρημώσεως
1010 4583 1042 4653 ἡ
1072 4581 1307 4650 δοθεῖσα,
1336 4584 1429 4637 καὶ
1469 4584 1537 4636 τὰ
1571 4584 1703 4653 ἆγια
1741 4587 1961 4657 ἐρημω-

382 4671 607 4744 θήσεται
633 4674 712 4735 εξς
746 4675 1151 4744 καταπάτημα;

454 4763 539 4818 14.
573 4765 679 4818 Kal
696 4759 850 4818 εἶπεν
870 4763 1039 4835 αὐτῷ’
1065 4765 1203 4828 Ἕω,
1228 4765 1486 4837 ἑσπέρας,
1513 4768 1607 4821 καὶ
1631 4768 1795 4841 πρωῒ,
1828 4771 1963 4841 ἡμέ-

386 4874 476 4927 ραι
517 4856 773 4926 δισχίλιαι
830 4856 1178 4926 τριακόσιαι,
1238 4858 1331 4910 καὶ
1393 4859 1858 4932 καθαρισθήσεται
1903 4864 1962 4916 τὸ

382 4947 556 5017 ἅγιον.

366 5074 369 5077 -
454 5038 541 5092 l5.
569 5038 678 5091 Kal
715 5038 932 5107 ἐγένετο
957 5040 1014 5091 ἐν
1042 5037 1121 5108 τῷ
1150 5036 1378 5110 θεωρεῖν
1421 5055 1490 5108 με
1523 5040 1634 5109 ἐγὼ
1676 5042 1874 5114 Δανιὴλ
1902 5042 1963 5096 τὸ

382 5128 587 5200 ὅραμα,
611 5127 840 5198 ἐζήτουν
874 5128 1246 5201 διανοηθῆναι,
1276 5131 1369 5183 καὶ
1404 5130 1513 5186 ἰδοὺ
1544 5130 1673 5204 ἔστη
1701 5150 1960 5187 κατεναν-

379 5218 492 5273 τίον
517 5236 641 5291 μου,
673 5219 749 5282 ὼς
783 5219 972 5291 ὅρασις
1004 5220 1318 5293 ἀνθρώπου.

452 5310 542 5365 16.
574 5312 685 5364 Kal
721 5311 929 5381 ἥκουσα
979 5309 1163 5383 φωνὴν
1215 5312 1504 5384 ἀνθρώπου
1548 5315 1828 5387 ἀναμέσον
1865 5316 1961 5371 τοῦ

380 5401 580 5456 οὐλατι
612 5402 705 5456 καὶ
742 5402 989 5466 ἐκάλεσε,
1021 5404 1114 5457 καὶ
1143 5400 1297 5459 εἶπεν
1319 5420 1336 5436 ο
1387 5406 1644 5479 Γαϐριὴλ,
1688 5409 1962 5463 συνέτισον

378 5495 586 5549 ὲκεῖνον
617 5495 716 5565 τὴν
749 5496 941 5567 ὅρασιν
972 5509 1035 5549 αε-
1071 5497 1161 5550 καὶ
1183 5497 1496 5569 ἀναϐοήσας
1519 5495 1674 5554 εἶπεν
1703 5501 1731 5554 6
1751 5498 1961 5570 ἀνθρω-

381 5601 482 5649 πος
510 5600 569 5641 -ι-
602 5588 696 5641 ἐπὶ
722 5587 783 5642 τδ
806 5588 1131 5659 πρόσταγμα
1154 5592 1331 5644 ἐκεῖνο
1355 5593 1388 5662 ή
1415 5592 1608 5664 ὅρασις
1626 5593 1684 5662 /.

452 5677 540 5731 17.
568 5677 674 5733 Kal
701 5674 855 5749 ἦλθε.
884 5680 979 5735 καὶ
1002 5682 1131 5754 ἔστη
1160 5682 1420 5754 ὲχόμενός
1440 5701 1544 5765 μου
1569 5683 1671 5756 τῆς
1692 5685 1958 5751 στάσεως,

383 5765 475 5821 καὶ
498 5767 555 5822 ὲν
583 5766 656 5837 τῷ
690 5769 942 5847 ἔρχεσθαι
969 5771 1132 5829 αὐτὸν
1156 5771 1515 5847 ἐθορυϐήθην,
1545 5778 1637 5829 καὶ
1673 5776 1843 5831 ἔπεσα
1868 5778 1961 5831 ἐπὶ

703 5846 969 5920 ΡᾸΤΠΟΙ..
1019 5862 1138 5921 (in.
1189 5865 1238 5922 Χ
1254 5864 1356 5924 Vl.

2068 4586 2179 4633 tum
2213 4581 2590 4647 desolationis,
2623 4585 2768 4654 quod
2798 4586 2985 4641 datum
3020 4598 3125 4654 est,
3176 4600 3229 4645 ct
3255 4603 3442 4648 sancta
3487 4595 3649 4651 deso-

2065 4660 2324 4728 Iabuntur
2358 4676 2410 4730 in
2456 4680 2968 4736 conculcationem?

2137 4766 2223 4820 14.
2267 4766 2331 4821 Ει
2377 4769 2513 4824 dixit
2550 4771 2597 4824 ei
2654 4789 2670 4845 ς
2719 4770 2900 4843 Usque
2944 4774 3011 4829 ad
3047 4790 3350 4846 vesperam,
3381 4786 3433 4830 ct
3466 4792 3645 4844 mane,

2065 4858 2183 4915 dies
2205 4862 2317 4916 duo
2351 4863 2521 4916 millia
2547 4868 2797 4935 tercenli,
2827 4877 2881 4922 et
2913 4869 3267 4923 mundabitur
3301 4880 3573 4925 sanctum.

2139 5044 2227 5100 15.
2270 5044 2496 5102 Factum
2533 5058 2619 5105 est
2649 5061 2857 5117 autem,
2890 5065 3017 5104 cum
3054 5051 3291 5106 \iderem
3326 5069 3424 5122 ego
3459 5053 3647 5112 Daniel

2065 5135 2357 5205 visionem,
2386 5144 2699 5208 quaerebam
2731 5144 3036 5215 intelligere
3074 5163 3088 5196 :
3136 5154 3191 5198 et
3216 5159 3345 5203 ecce
3374 5149 3523 5201 stetit
3552 5164 3639 5203 co-

2065 5243 2180 5282 ram
2210 5245 2296 5284 me
2321 5233 2483 5289 veluti
2510 5246 2764 5305 aspectus
2794 5235 3053 5291 hominis.
3348 5252 3354 5257 ·

2139 5319 2225 5377 16.
2270 5321 2336 5376 Et
2361 5326 2544 5379 audivi
2575 5342 2763 5382 vocem
2810 5328 2912 5381 viri
2952 5328 3094 5382 inter
3125 5327 3245 5385 Ulai
3278 5349 3291 5386 :
3322 5340 3377 5387 et
3412 5337 3646 5399 vocavit,

2065 5417 2119 5464 et
2148 5411 2285 5467 dixit
2313 5414 2588 5480 :Gabriel,
2619 5417 2705 5471 l‘ae
2735 5417 2888 5471 illum
2925 5418 3224 5492 intelligere
3267 5424 3557 5490 visionem,
3595 5440 3650 5482 et

2064 5505 2379 5576 exclamans
2412 5509 2489 5564 ait
2515 5510 2699 5576 homo,
2726 5511 2793 5566 ad
2822 5513 3138 5569 mandatum
3173 5517 3302 5572 illud
3344 5516 3505 5572 visio.

2139 5688 2228 5744 l7.
2267 5687 2335 5743 Et
2359 5689 2525 5753 venit,
2551 5703 2606 5745 et
2634 5693 2783 5747 stetit
2812 5710 2980 5767 prope
3010 5698 3301 5753 stationem
3336 5708 3545 5752 meam.
3584 5700 3653 5755 Ει

2065 5796 2191 5836 cum
2221 5781 2309 5837 ille
2361 5782 2619 5851 venisset,
2654 5789 3002 5856 perturbatus
3042 5805 3192 5850 sum.
3253 5800 3310 5842 et.
3359 5798 3550 5844 corrui
3599 5793 3657 5844 in

3202 5880 3280 5941 89
