4064 6412
411 382 552 440 ⁸3815

1453 371 1927 429 ΗΕλΑΡιυῐιυΜ
1967 368 2134 435 ρυλε
2178 363 2614 425 SUPERSUNT.

3537 354 3680 411 2816

415 501 605 554 faciem
636 512 831 562 meam,
861 505 913 548 et
940 495 1074 550 dixit
1107 493 1238 549 mibi
1262 512 1275 547 :
1300 490 1702 560 Animadverte,
1725 491 1796 544 fili
1818 490 1996 544 liomi-

2104 486 2389 554 πρόσωπόν
2419 501 2521 553 μου
2543 524 2556 547 ,
2597 482 2689 534 καὶ
2729 477 2878 533 εἶπέν
2921 495 3043 549 μοι·
3077 477 3422 546 Διανοήθητι,
3457 477 3541 532 υίὲ
3580 476 3677 528 ἀν-

415 595 520 651 nis.
557 591 732 644 adhuc
769 590 914 642 enim
945 588 1010 642 ad
1043 587 1232 642 horam
1260 583 1518 654 temporis
1549 583 1648 637 ista
1690 581 1846 636 visio.

483 683 570 736 18.
616 681 863 749 Cumque
893 680 1210 748 loqueretur
1244 675 1357 744 ipse
1396 689 1642 737 mecum,
1683 672 1874 727 culiavi
1901 688 1994 724 su-

417 789 509 842 per
549 773 740 826 faciem
787 772 970 837 humi;
1001 780 1055 825 et
1087 785 1206 825 cum
1235 769 1499 838 tetigisset
1531 782 1615 821 me
1639 806 1653 830 ,
1709 766 1879 820 erexit
1911 781 1996 820 me

415 879 580 931 super
610 862 812 927 locum,
843 871 897 914 et
925 860 1063 914 dixit
1097 859 1228 912 mihi
1275 875 1287 909 :

494 953 577 1005 19.
625 951 762 1006 Ecce
825 965 925 1021 ego
967 949 1237 1003 annuntio
1297 948 1413 1006 libi,
1449 963 1569 1016 qua:
1619 953 1779 1000 erunt
1812 946 1863 998 in
1896 961 1992 1000 no-

417 1046 644 1100 vissimo
673 1046 768 1097 ἰνιε
805 1042 930 1096 filiis
959 1040 1139 1110 populi
1180 1039 1254 1091 tui
1289 1057 1301 1091 :
1334 1038 1512 1091 adhuc
1552 1037 1694 1091 enim
1736 1037 1800 1091 ad
1832 1037 1996 1092 horas

422 1134 684 1204 ιριιιρυιὶε
715 1131 1208 1188 consummationis
1239 1129 1553 1182 manebunt.

488 1225 577 1277 :20.
619 1223 797 1285 Aries,
865 1237 1022 1290 quem
1080 1221 1258 1273 vidisti
1304 1221 1588 1274 habentem
1643 1235 1870 1283 cornua,
1904 1235 1995 1273 rex

417 1313 693 1369 MClizll‘lllll
730 1323 784 1368 et
812 1315 1100 1368 Persarum
1153 1325 1255 1366 est.

489 1411 575 1463 21.
623 1408 686 1462 Et
714 1409 900 1462 hircus
935 1423 1260 1476 caprarum,
1320 1422 1410 1459 rex
1465 1405 1780 1460 Graecorum
1810 1415 1912 1473 est,
1946 1417 1998 1462 et

419 1519 590 1555 cornu
621 1501 824 1572 grande
847 1541 860 1564 ,
887 1501 1030 1571 quod
1055 1513 1173 1556 erat
1205 1502 1346 1554 inter
1377 1501 1567 1554 oculos
1604 1499 1742 1569 ejus,
1776 1501 1888 1569 ipse
1917 1509 2000 1555 est

417 1612 506 1649 rex
536 1596 763 1664 primus.

486 1685 576 1737 9.2.
619 1685 776 1750 Quod
812 1693 991 1738 autem
1024 1681 1307 1737 eonfracto
1365 1682 1480 1745 illo,
1522 1681 1684 1736 etiam
1737 1682 1998 1736 ascende-

418 1787 548 1831 runt
577 1785 700 1846 post
732 1775 862 1830 illud
895 1784 1135 1845 quatuor
1189 1790 1394 1828 cornua
1417 1813 1432 1838 ,
1481 1782 1715 1842 quatuor
1745 1789 1900 1841 reges
1934 1773 2000 1828 de

419 1881 578 1936 gente
630 1868 752 1938 ejus
818 1875 1168 1936 consurgent,
1236 1882 1342 1921 non
1403 1865 1556 1935 juxta
1619 1864 1995 1920 fortitudinem

419 1976 600 2015 suam.

489 2053 578 2106 23.
624 2050 691 2105 Et
741 2051 794 2105 in
859 2051 1160 2106 novissimo
1220 2050 1369 2119 regni
1423 2065 1652 2114 eorum,
1711 2049 1996 2118 completis

419 2145 653 2212 peccatis
683 2143 926 2214 ipsorum
955 2151 1211 2212 exsurget
1236 2158 1326 2196 rex
1359 2141 1642 2208 impudens
1667 2139 1823 2206 facie,
1843 2155 2001 2194 exco-

420 2236 599 2307 gitans
623 2237 932 2303 aenigmata.

490 2326 580 2380 24.
627 2326 689 2380 Et
712 2326 1060 2382 roborabitur
1095 2325 1352 2379 fortitudo
1380 2324 1756 2394 ejus.sednon
1794 2325 1847 2378 in
1884 2326 1998 2381 vir-

425 2429 538 2474 tute
571 2435 670 2473 sua
699 2434 714 2472 :
747 2428 801 2474 et
830 2418 1152 2472 mirabiliter
1179 2419 1442 2479 destruet,
1483 2429 1535 2470 et
1566 2416 1995 2486 prosperabilur,

421 2522 476 2566 et
522 2511 705 2575 faciet,
763 2519 818 2565 et
848 2510 1236 2564 exterminabit
1293 2509 1567 2578 principes
1639 2517 1692 2562 et
1738 2509 1997 2578 populum

422 2613 762 2658 sanctorum.

494 2695 585 2750 25.
630 2697 881 2764 Etsuper
913 2705 1131 2748 sanctos
1165 2693 1420 2763 cogitatio
1447 2691 1565 2761 ejus
1614 2710 1626 2746 :
1686 2701 1740 2746 et
1772 2706 1998 2762 prospe-

419 2785 631 2841 rabitur
664 2785 1006 2838 mendacium
1041 2785 1092 2836 in
1132 2783 1383 2836 manibus
1430 2783 1584 2852 ejus,
1643 2793 1696 2836 et
1750 2798 1846 2837 cor
1882 2783 2001 2852 ejus

422 2878 742 2945 elevabitur,
779 2885 834 2930 et
864 2876 990 2930 dolo
1025 2875 1298 2944 disperdet
1329 2875 1530 2929 multos
1567 2892 1581 2940 ;
1617 2884 1670 2928 et
1723 2875 1775 2929 in
1813 2874 1999 2944 perdi-

424 2971 572 3024 tione
593 2972 837 3024 virorum
870 2969 1056 3031 stabit,
1113 2977 1166 3022 et
1193 2967 1548 3038 congregabit
1592 2967 1911 3032 exercitum,
1947 2978 2001 3023 et

425 3062 682 3117 retribuet
698 3100 710 3114 .

493 3154 582 3207 26.
628 3151 801 3217 Visio,
829 3167 950 3222 quae
976 3162 1058 3206 est
1083 3167 1325 3221 vespere,
1357 3161 1411 3205 et
1456 3165 1635 3217 mane,
1675 3150 1891 3206 inventa
1917 3159 2001 3205 est
2028 3179 2070 3236 ο

426 3243 479 3296 in
518 3242 746 3297 veritate
771 3261 784 3296 :
816 3243 909 3297 sed
938 3257 1084 3297 nunc
1119 3243 1337 3297 occlusa
1362 3251 1444 3298 est
1472 3241 1629 3307 visio,
1658 3240 1836 3298 adhuc
1855 3243 1999 3296 enim

424 3335 489 3390 ad
530 3335 647 3389 dies
673 3334 896 3389 multos.

491 3425 583 3480 9.7.
627 3423 738 3496 Ego
767 3423 955 3478 Danlel
983 3424 1242 3494 aegrotavi
1284 3423 1476 3479 diebus
1503 3424 1688 3479 multis
1725 3438 2003 3492 :cumque

423 3517 806 3583 surrexissem,
838 3515 1289 3572 administrabam
1340 3530 1534 3570 rursus
1566 3516 1713 3586 regia
1763 3515 1998 3586 negotia,

420 3619 476 3664 et
509 3607 825 3663 deficiebam
864 3621 1028 3678 super
1058 3607 1289 3673 visione,
1323 3617 1375 3661 et
1405 3622 1564 3663 nemo
1619 3615 1736 3662 erat
1787 3606 1880 3676 qui
1910 3605 1999 3659 in-

413 3699 712 3769 'telligcret.

1023 3832 1252 3889 CAPUT
1305 3835 1396 3891 IX.

495 3946 550 4000 1.
590 3946 750 4001 Anno
776 3945 951 4018 primo
980 3947 1083 4003 sub
1108 3947 1266 4002 Dario
1291 3947 1488 4003 Xerxis
1543 3947 1656 4001 tilio
1700 3945 1769 4000 de
1804 3961 2002 4016 genere

423 4036 726 4105 Medorum,
761 4037 854 4109 qui
889 4048 1186 4108 regnarunt
1215 4040 1268 4094 in
1303 4038 1531 4109 imperio
1561 4036 1962 4092 Chaldmorum.

494 4219 548 4272 2.
591 4219 753 4274 Anno
778 4220 957 4290 primo
987 4221 1137 4290 regni
1167 4220 1286 4291 ejus
1323 4237 1422 4291 ego
1465 4219 1654 4274 Daniel
1694 4221 2000 4292 excogitavi

425 4311 478 4364 in
528 4310 683 4366 libris
730 4327 1022 4366 numerum
1071 4329 1363 4379 annorum,
1396 4313 1616 4384 quando
1677 4311 1882 4368 factum
1919 4321 2005 4369 est

423 4402 703 4457 decretum
739 4411 896 4458 terra!
928 4404 995 4459 ad
1020 4403 1312 4460 Jeremiam
1335 4406 1681 4476 prophetam,
1727 4414 1787 4460 ut
1821 4407 2002 4461 susci-

2099 576 2320 646 θρώπον
2340 593 2352 604 ·
2387 575 2465 627 ἔτι
2495 574 2602 642 γὰρ
2629 575 2708 636 είς
2735 571 2882 642 ὥραν
2913 569 3105 640 καιροῦ
3131 570 3290 623 τοῦτο
3324 571 3386 621 τὸ
3416 569 3616 640 ὅραμα.

2170 665 2252 718 18.
2300 664 2410 717 Kal
2465 662 2754 724 λαλοῦντος
2809 661 2977 715 αὑτοῦ
3021 660 3138 730 μετ’
3189 660 3346 731 ἐμοῦ,
3380 659 3681 730 ἐκοιμήθη-λ

2099 755 2192 807 ἐπὶ
2224 755 2517 826 πρόσωπον
2555 753 2753 824 χαμαὶ,
2790 753 2886 805 καὶ
2918 752 3197 822 ἁψάμενός
3239 768 3343 821 μου
3393 750 3581 820 ἧγειρέ
3614 765 3680 818 με

2099 846 2189 898 ἐπὶ
2211 844 2304 899 τοῦ
2339 845 2526 906 τόπου,
2560 845 2654 897 καὶ
2685 840 2805 896 εἶπέ
2840 859 2950 910 μοι·

2172 937 2256 992 19.
2294 936 2422 990 Ἰδοὺ
2447 933 2556 1004 ἐγὼ
2581 933 2912 1002 ἀπαγγέλλω
2940 948 3021 985 σοι
3057 931 3092 985 ἃ
3121 932 3274 986 ἔσται
3323 935 3412 984 ὲπ*
3448 932 3681 1004 ἐσχάτου

2099 1029 2198 1099 τῆς
2225 1028 2395 1100 ὀργῆς
2417 1031 2529 1090 τοῖς
2559 1028 2694 1089 υἱοῖς
2725 1024 2818 1078 τοῦ
2841 1025 2973 1079 λαοῦ
3002 1042 3095 1078 σου
3119 1042 3132 1056 '
3160 1025 3240 1078 ἔτι
3279 1025 3388 1096 γὰρ
3425 1027 3504 1088 είς
3535 1025 3682 1096 ὥρας

2102 1121 2293 1192 καιροῦ
2321 1121 2630 1182 συντελείας
2656 1121 2824 1188 μενεῖ.

2170 1215 2261 1268 20.
2301 1214 2404 1266 Τὸν
2427 1213 2598 1284 κριὸν,
2620 1212 2678 1264 ὃν
2709 1208 2871 1273 εἶδες,
2903 1211 2993 1264 τὸν
3011 1211 3202 1280 ἔχοντα
3231 1209 3302 1262 τά
3329 1209 3557 1280 κέρατα,
3588 1206 3682 1278 βα-

2102 1305 2282 1368 σιλεὺς
2309 1305 2508 1374 Μήδων
2545 1305 2637 1357 καὶ
2671 1303 2902 1375 Περσῶν
2940 1302 3078 1356 ἐστι.

2170 1399 2258 1452 2|.
2287 1399 2395 1450 Kal
2425 1399 2453 1449 6
2479 1398 2680 1466 τράγος
2711 1395 2821 1450 τῶν
2845 1396 3039 1463 αίγῶν,
3069 1393 3323 1464 βασιλεὺς
3347 1393 3455 1446 τῶν
3495 1391 3684 1461 Ἑλλή-

2101 1507 2207 1542 νων
2259 1489 2408 1542 ἐστί’
2469 1489 2564 1542 καὶ
2595 1488 2656 1540 τὸ
2684 1488 2856 1558 κέρας
2893 1487 2954 1540 τὸ
2983 1487 3125 1556 μέγα
3162 1486 3223 1538 τὸ
3278 1486 3551 1556 ἀνάμεσον
3577 1483 3684 1535 τῶν

2101 1578 2398 1648 όιρθαλμῶν
2423 1577 2609 1642 αὑτοῦ,
2651 1577 2814 1641 αὑτὸς
2849 1579 2876 1629 6
2915 1577 3167 1647 βασιλεὺς
3189 1578 3218 1630 6
3251 1575 3486 1648 πρῶτος.

2170 1670 2260 1723 22.
2310 1671 2420 1722 Καὶ
2463 1669 2560 1722 τοῦ
2596 1669 2990 1740 συντριϐέντος,
3041 1668 3138 1721 καὶ
3193 1667 3471 1722 ἀναϐάντα
3512 1665 3687 1720 ὀπίσω

2103 1758 2266 1812 αὑτοῦ
2295 1760 2536 1830 τέσσαρα
2560 1760 2768 1830 κέρατα
2794 1776 2806 1788 ’
2837 1760 3101 1830 τέσσαρες
3129 1759 3367 1829 βασιλεῖς
3385 1757 3480 1811 τοῦ
3502 1757 3687 1818 ἔθνους

2102 1853 2266 1906 αὑτοῦ
2301 1853 2718 1924 ἀναστήσονται,
2759 1852 2818 1905 οὑ
2851 1850 2992 1904 κατά
3023 1851 3121 1922 τὴν
3156 1851 3308 1920 ἰσχὺν
3343 1849 3542 1903 αὑτῶν.

2172 2039 2263 2094 25.
2300 2037 2411 2092 Καὶ
2437 2038 2523 2090 ἐπ’
2547 2035 2776 2107 ἐσχάτου
2801 2034 2899 2105 τῆς
2922 2032 3200 2105 βασιλείας
3219 2032 3420 2098 αὑτῶν,
3448 2029 3690 2100 πληρου-

2105 2131 2283 2202 μένων
2301 2129 2411 2184 τῶν
2447 2127 2731 2200 ἁμαρτιῶν
2758 2127 2962 2192 αὐτῶν,
3019 2126 3381 2196 ἀναστήσεται
3414 2121 3687 2193 βασιλεὺς,

2102 2223 2326 2294 ἀναιδής
2357 2221 2656 2294 προσώπῳ,
2687 2219 3065 2292 διανοούμενος
3108 2219 3432 2289 αἰνίγματα.

2172 2319 2262 2372 24.
2303 2318 2413 2369 Kal
2440 2315 2929 2388 στερεωθήσεταιή
2963 2316 3118 2386 ἰσχὺς
3159 2315 3344 2381 αὑτοῦ,
3378 2312 3470 2367 καὶ
3505 2313 3604 2365 οὑκ
3633 2313 3690 2362 ὲν

2101 2411 2168 2480 τῇ
2207 2410 2350 2479 ἰσχύϊ
2382 2407 2570 2472 αὑτοῦ,
2606 2409 2699 2461 καὶ
2729 2407 3060 2478 θαυμαστῶς
3092 2406 3319 2475 φθερεῖ,
3373 2405 3467 2458 καὶ
3497 2404 3693 2456 εὑοδω-

2104 2502 2352 2573 θήσεται,
2377 2502 2472 2555 καὶ
2497 2502 2730 2572 ποιήσει,
2757 2501 2852 2552 καὶ
2872 2500 3062 2568 φθερεῖ
3089 2497 3358 2559 δυνάστας
3399 2495 3491 2547 καὶ
3517 2494 3691 2565 δῆμον

2105 2595 2295 2663 ἁγίων.

2179 2687 2270 2741 25.
2304 2687 2413 2740 Kal
2439 2684 2532 2737 ἐπὶ
2575 2683 2701 2746 τοὺς
2733 2682 2921 2750 ἁγίους
2951 2681 3013 2733 τὸ
3044 2680 3312 2750 διανόημα
3357 2677 3521 2732 αὑτοῦ
3549 2721 3562 2744 ,
3598 2679 3695 2732 καὶ

2104 2777 2496 2845 εὑοδωθήσεται
2531 2774 2592 2826 τὸ
2632 2771 2826 2842 ψεῦδος
2872 2775 2927 2826 ὲν
2951 2776 3071 2835 ταῖς
3097 2773 3285 2841 χερσὶν
3311 2770 3499 2833 αὑτοῦ,
3533 2771 3627 2824 καὶ
3658 2774 3688 2843 ή

2106 2868 2300 2940 καρδία
2327 2866 2492 2918 αὑτοῦ
2517 2866 2885 2938 ὑψωθήσεται,
2919 2866 3012 2918 καὶ
3037 2865 3174 2934 δόλῳ
3195 2865 3417 2931 ἀφανιεῖ
3439 2863 3684 2926 πολλοὺς,

2104 2961 2200 3014 καὶ
2227 2958 2321 3011 ἐπὶ
2351 2959 2626 3024 ἀπωλείας
2648 2959 2857 3033 ἀνδρῶν
2884 2962 3173 3031 στήσεται·
3204 2959 3297 3011 καὶ
3320 2959 3534 3027 ποιήσει
3569 2974 3690 3010 συν-

2104 3055 2328 3124 αγωγὴν
2361 3055 2564 3126 χειρὸς,
2597 3053 2693 3108 καὶ
2729 3053 3071 3108 ἀποδώσεται
3101 3058 3152 3093 -'—-

2174 3147 2262 3200 26.
2299 3147 2371 3199 Τὸ
2393 3147 2574 3217 ὅραμα
2604 3147 2664 3200 τὸ
2713 3148 2951 3218 ἑσπέρας
3004 3150 3100 3203 καὶ
3155 3149 3323 3220 πρωῒ,
3349 3145 3560 3220 ηὑρέθη
3602 3148 3691 3200 ἐπ’

2105 3237 2397 3308 ἀληθείας,
2451 3239 2542 3291 καὶ
2590 3237 2684 3291 νῦν
2719 3239 3110 3309 πεφραγμένον
3137 3239 3196 3292 τὸ
3229 3241 3434 3311 ὅραμα·
3469 3238 3548 3290 ἔτι
3579 3237 3692 3308 γὰρ

2106 3334 2183 3396 είς
2221 3332 2436 3402 ἡμέρας
2470 3331 2691 3393 πολλάς.

2175 3422 2266 3476 27.
2314 3421 2456 3490 Ἐγὼ
2498 3422 2699 3492 Δανιὴλ
2750 3422 3055 3493 ἀσθενήσας
3095 3423 3308 3495 ἡμέρας
3348 3423 3566 3487 πολλὰς,
3600 3424 3695 3476 καὶ

2105 3510 2344 3575 ἀναστὰς
2393 3513 2903 3584 ἐπραγματευόμην
2942 3513 3102 3566 πάλιν
3129 3513 3382 3583 βασιλικᾶι
3412 3553 3426 3576 ,
3480 3513 3575 3565 καὶ
3607 3511 3697 3577 ἐξ-

2105 3604 2343 3676 ελυόμην
2385 3605 2480 3657 ἐπὶ
2522 3604 2600 3676 τῷ
2638 3605 2900 3676 ὁράματι,
2948 3607 3042 3660 καὶ
3068 3606 3246 3670 οὐδεὶς
3281 3601 3348 3677 ἦν
3387 3609 3415 3659 6
3453 3603 3694 3658 διανοού-

2109 3710 2288 3765 μενος.

2719 3834 2976 3888 ΚΕΦΛΛ.
3021 3834 3098 3890 Θ⁹.

2176 3948 2228 4002 1.
2270 3949 2466 4011 Ἐτους
2493 3948 2713 4019 πρώτου
2747 3949 2837 4001 ἐπὶ
2863 3948 3087 4018 Δαρείου
3118 3947 3212 4001 τοῦ
3242 3945 3442 4020 Ξέρξου
3465 3947 3571 4001 ἀπὸ
3593 3946 3694 4016 τῆς

2103 4041 2297 4109 γενεᾶς
2331 4039 2432 4110 τῆς
2460 4040 2745 4111 Μηδικῆς,
2785 4039 2832 4092 οἳ
2867 4039 3219 4093 ἐϐασίλευσαν
3260 4039 3356 4093 ἐπὶ
3398 4039 3496 4112 τὴν
3535 4039 3693 4112 βασι-

2103 4132 2253 4186 λείαν
2282 4132 2390 4185 τῶν
2423 4132 2727 4187 Χαλδαίων.

2175 4225 2232 4279 2.
2261 4225 2350 4295 Τῷ
2379 4224 2584 4295 πρώτῳ
2612 4225 2721 4277 ἔτει
2759 4225 2860 4296 τῆς
2888 4224 3165 4294 βασιλείας
3202 4223 3366 4278 αὑτοῦ
3389 4266 3403 4288 ,
3450 4225 3562 4292 ἐγὼ
3588 4226 3693 4278 Δα·

2105 4318 2227 4390 νιὴλ
2248 4318 2536 4388 διενοήθην
2561 4320 2618 4369 ἐν
2644 4320 2762 4382 ταῖς
2796 4317 3000 4386 βίϐλοις
3030 4317 3120 4370 τον
3146 4317 3378 4388 ἀριθμον
3399 4317 3504 4369 τῶν
3529 4316 3690 4381 ἐτῶν,

2105 4410 2194 4462 ὅτε
2225 4409 2445 4478 ἐγένετο
2473 4409 2892 4486 πρόσταγματῇ
2914 4411 2986 4479 γῇ
3009 4408 3100 4461 ἐπὶ
3139 4408 3410 4480 Ἱερεμίαν
3441 4407 3530 4460 τὸν
3558 4424 3690 4481 προ-

423 4504 672 4549 tarentur
701 4495 768 4550 ad
801 4498 1222 4568 completionem
1249 4499 1530 4569 opprobrii
1580 4499 1880 4554 Jerusalem
1913 4513 2000 4553 se-

2108 4504 2324 4574 φήτην,
2367 4503 2576 4573 ἐγεῖραι
2613 4501 2691 4564 είς
2729 4501 3116 4572 ἀναπλήρωσιν
3142 4499 3449 4571 ὀνειδισμοῦ
3489 4500 3692 4571 Ἰερου-

424 4590 708 4658 ιιιυκείηιο
738 4589 889 4644 anni.

493 4683 544 4734 5.
581 4681 650 4736 Ει
678 4681 802 4737 dedi
835 4681 1028 4740 faciem
1058 4701 1234 4742 meam
1263 4687 1329 4740 ad
1375 4683 1667 4739 Dominum
1704 4683 1898 4751 Deum,
1939 4693 2001 4740 ut

424 4773 728 4829 invenirem
781 4776 1221 4845 deprecationem
1259 4816 1276 4842 ,
1337 4787 1391 4831 et
1452 4775 1886 4830 misericordiam
1947 4777 2002 4831 in

410 4863 662 4934 jejuniis,
692 4873 748 4920 et
773 4881 954 4935 sacco,
973 4876 1028 4923 et
1058 4868 1262 4922 cinere.

493 4957 546 5012 4.
591 4956 658 5012 Et
681 4969 937 5028 precatus
987 4975 1109 5015 sum
1173 4960 1238 5014 ad
1281 4958 1570 5013 Dominum
1619 4959 1786 5018 Deum
1815 5005 1828 5029 ,
1872 4979 2002 5019 con—

415 5047 604 5103 fessus
626 5063 770 5116 sum,
795 5059 850 5105 et
883 5051 994 5105 dixi
1023 5069 1035 5104 :
1071 5049 1228 5116 Ecce,
1263 5051 1506 5118 nomine,
1541 5060 1594 5106 tu
1616 5067 1676 5109 es
1704 5053 1848 5111 Deus
1885 5071 2010 5110 ma-

419 5154 588 5208 guns,
618 5149 673 5196 et
701 5139 877 5207 fortis,
908 5151 963 5197 et
992 5141 1249 5196 terribilis
1271 5185 1285 5208 ,
1329 5158 1554 5201 servans
1590 5156 1999 5211 testamentum,

420 5246 480 5286 et
512 5233 948 5290 misericordiam
974 5233 1326 5307 diligentibus
1365 5247 1444 5302 te,
1473 5249 1526 5294 et
1562 5239 2002 5296 custodientibus

423 5324 683 5381 mandata
713 5337 822 5382 tua.

493 5412 548 5467 5.
590 5411 962 5483 Peccavimus,
997 5415 1336 5488 iniquitatem
1387 5419 1634 5487 fecimus,
1695 5421 1857 5492 impie
1887 5423 2002 5489 egi-

424 5519 570 5572 mus,
604 5515 659 5561 et
679 5508 1032 5573 recessimus,
1065 5519 1119 5564 et
1143 5512 1472 5581 transgressi
1505 5526 1698 5566 sumus
1744 5513 2001 5566 mandata

424 5605 517 5651 tua
545 5607 601 5652 et
623 5599 826 5667 judicia
861 5607 976 5654 tua.

496 5687 551 5743 6.
589 5686 657 5741 Et
687 5705 796 5744 non
829 5691 1140 5746 audivimus
1164 5707 1362 5761 pueros
1397 5703 1522 5749 tuos
1560 5699 1872 5766 prophetas,
1903 5697 1996 5767 qui

425 5773 591 5834 locuti
623 5791 750 5837 sunt
782 5782 834 5835 in
869 5783 1092 5836 nomine
1120 5791 1212 5837 tuo
1243 5785 1308 5839 ad
1347 5802 1499 5855 reges
1532 5799 1769 5853 nostros,
1803 5799 1857 5843 et
1883 5805 1991 5842 ma-

2109 4597 2294 4666 σαλὴμ
2327 4595 2699 4666 ἑϐδομήκοντα
2729 4595 2845 4666 ἔτη.

2177 4689 2231 4744 5.
2262 4689 2371 4741 Kal
2406 4686 2579 4741 ἔδωκα
2619 4687 2680 4740 τὸ
2711 4688 3002 4763 πρόσωπόν
3048 4707 3150 4760 μου
3199 4689 3290 4743 ἐπὶ
3338 4688 3542 4758 Κύριον
3597 4687 3692 4740 τὸν

2105 4779 2258 4844 Θεὸν,
2289 4780 2472 4851 εὑρεῖν
2503 4781 2834 4852 προσευχὴν,
2871 4781 2966 4833 καὶ
3001 4779 3147 4844 ἔλεος
3177 4782 3234 4833 ἐν
3264 4781 3562 4850 νηστείαις,
3596 4781 3692 4834 καὶ

2107 4874 2316 4942 σάκκῳ,
2349 4871 2445 4925 καὶ
2472 4871 2672 4939 σποδῷ.

2178 4965 2232 5017 4.
2261 4964 2372 5017 Καὶ
2401 4963 2797 5036 προσηυξάμην
2819 4963 2954 5034 πρὸς
2988 4963 3192 5034 Κύριον
3212 4962 3302 5016 τδν
3318 4963 3469 5030 Θεὸν,
3490 4964 3695 5036 ἐξωμοο

2104 5055 2452 5126 λογησάμην,
2490 5055 2586 5108 καὶ
2633 5051 2782 5108 εἶπεν
2834 5054 3195 5126 Ἰδοὺ,Κύριε,
3249 5056 3312 5109 σὺ
3360 5051 3464 5109 εῑό
3505 5055 3637 5118 Θεὸς
3663 5059 3692 5110 6

2109 5149 2303 5218 μέγας,
2331 5149 2424 5201 καὶ
2449 5149 2477 5200 6
2512 5147 2752 5218 ἰσχυρὸς,
2779 5145 2874 5199 καὶ
2897 5149 2925 5199 6
2951 5145 3202 5217 φοϐερὸς,
3231 5147 3416 5218 τηρῶν
3441 5149 3539 5218 τὴν
3569 5148 3685 5200 δια-

2107 5239 2304 5310 θήκην,
2341 5240 2436 5293 καὶ
2466 5239 2526 5291 τὸ
2558 5238 2707 5301 ἔλεος
2734 5242 2846 5305 τοῖς
2877 5237 3136 5306 ἀγαπῶσί
3175 5254 3234 5290 σε
3257 5280 3269 5303 ,
3311 5240 3406 5291 καὶ
3435 5242 3544 5302 τοῖς
3583 5257 3689 5308 φυ-

2105 5331 2362 5385 λάσσουσι
2397 5330 2467 5384 τὰ
2497 5329 2894 5402 προστάγματά
2931 5347 3047 5384 σου.

2175 5423 2227 5477 5.
2278 5421 2652 5493 Ἡμάρτομεν,
2680 5420 3038 5493 ἠδικήσαμεν,
3068 5423 3440 5494 ἡσεϐήσαμεν,
3465 5425 3557 5476 καὶ
3583 5425 3694 5477 ἀπ-

2107 5517 2364 5587 έστημεν,
2406 5517 2499 5569 καὶ
2547 5516 2871 5587 παρέϐημεν
2917 5517 3016 5581 τὰς
3071 5517 3292 5580 ἐντολάς
3337 5536 3430 5570 σου
3481 5520 3573 5571 καὶ
3620 5523 3692 5574 τὰ

2107 5609 2351 5678 κρίματά
2374 5624 2488 5662 σου.

2176 5697 2229 5752 6.
2265 5698 2373 5752 Kal
2402 5699 2502 5751 οὑκ
2542 5698 2857 5769 ἠκούσαμεν
2891 5698 3000 5751 τῶν
3039 5699 3242 5752 παίδων
3290 5717 3381 5751 σου
3417 5698 3520 5751 τῶν
3559 5717 3699 5768 προς

2107 5791 2313 5861 φητῶν,
2361 5794 2410 5846 οἳ
2461 5792 2728 5863 ἐλάλησαν
2783 5793 2873 5846 ἐπὶ
2903 5792 2980 5862 τῷ
3013 5793 3238 5862 ὀνόματί
3291 5810 3385 5846 σου
3439 5794 3530 5846 ἐπὶ
3564 5788 3696 5849 τοὶς
