4064 6442
429 388 579 445 2817

1733 400 1987 456 DANIEL
2027 401 2257 458 CAPUT
2302 406 2393 460 IX.

3544 423 3639 485 281
3652 426 3686 480 8

425 503 668 577 βασιλεῖς
704 507 897 578 ἡμῶν,
950 510 1044 565 καὶ
1083 511 1355 579 δυνάστας
1388 516 1565 587 ἡμῶν,
1611 521 1705 574 καὶ
1764 522 1995 598 πατέρας

2116 523 2381 594 gistratus
2412 536 2647 593 nostros,
2677 539 2730 584 et
2762 542 2943 601 patres
2983 542 3221 602 nostros,
3262 546 3316 593 et
3359 541 3509 594 omni
3541 545 3688 612 genti

423 594 603 667 ἡμῶν,
629 594 725 648 καὶ⁵
760 597 926 650 παντὶ
959 597 1104 653 ἔθνει
1126 600 1220 655 ἐπὶ
1244 602 1344 673 τῆς
1369 605 1495 675 γῆς.

497 684 548 736 7.
580 684 695 748 Σοὶ,
728 685 924 755 Κύριε.
980 689 1013 759 ἡ
1042 688 1390 764 δικαιοσύνη,
1423 696 1519 749 καὶ
1549 698 1682 767 ἡμῖν
1715 700 1748 768 ἡ
1777 698 2004 771 αἰσχύνη

422 772 518 826 τοῦ
545 774 838 844 προσώπου
870 775 1013 831 κατὰ
1051 777 1151 839 τὴν
1193 782 1408 854 ἡμέραν
1448 784 1655 856 ταύτην
1696 787 2006 858 ἀνθρώποις

436 862 627 922 Ἰούδα.
647 867 745 916 καὶ
772 865 1103 936 καθημένοις
1124 870 1182 922 ἐν
1221 870 1597 945 Ἰερουσαλὴμ,
1624 876 1719 930 καὶ
1742 878 1906 931 παντὶ
1931 878 2008 949 τῷ

423 953 539 1024 λαῷ
575 955 813 1026 Ἰσραὴλ,
843 956 919 1027 τῷ
946 956 1196 1026 ἔγγιστα,
1238 963 1333 1015 καὶ
1375 963 1459 1033 ’τῷ
1487 966 1780 1038 ἀπωτέρω,
1811 970 1870 1025 ἐν
1903 973 2008 1026 πά-

428 1060 549 1105 σαις
577 1045 701 1107 ταῖς
727 1043 952 1115 χώραις,
990 1048 1069 1110 είς
1109 1046 1177 1110 ἃς
1218 1048 1608 1122 διεσκόρπισας
1633 1055 1832 1121 αὐτοὺς
1868 1060 2003 1125 ἐκεῖ,

426 1136 484 1188 ἐν
514 1135 582 1206 τῇ
608 1135 974 1208 πλημμελείᾳ,
1076 1139 1509 1215 ἐπλημμέλησαν
1534 1147 1779 1203 ἐναντίον
1815 1166 1930 1203 σου.

494 1318 549 1375 8.
573 1318 842 1385 Δέσποτα,
872 1321 1007 1391 ἡμῖν
1049 1322 1083 1392 ἡ
1110 1321 1342 1395 αἰσχύνη
1391 1326 1486 1379 τοῦ
1527 1328 1820 1398 προσώπου
1850 1372 1865 1396 ,
1912 1334 2006 1387 καὶ

426 1407 535 1470 τοῖς
563 1405 881 1476 βασιλεῦσιν
902 1409 1080 1479 ἡμῶν,
1110 1411 1203 1466 καὶ
1240 1412 1533 1478 δυνάσταις
1558 1458 1573 1483 ,
1620 1419 1715 1471 καὶ
1759 1424 1871 1483 τοῖς
1902 1439 2008 1475 πα-

427 1499 619 1570 τράσιν
653 1499 832 1569 ἡμῶν,
857 1500 940 1553 ὅτι
972 1502 1294 1574 ἡμάρτομέν
1318 1522 1421 1559 σοι.

493 1591 547 1644 9.
578 1588 669 1660 Τῷ
698 1592 891 1662 Κυρίῳ
928 1593 962 1663 ἡ
1010 1593 1318 1667 δικαιοσύνη
1364 1600 1456 1652 καὶ
1492 1600 1554 1652 τὸ
1579 1601 1746 1667 ἕλεος,
1777 1604 1859 1657 ὅτι
1902 1608 2007 1659 ἁπ-

424 1682 661 1754 ιστημεν
694 1685 803 1739 ἀπὸ
824 1686 940 1738 σοῦ.

494 1775 579 1829 10.
622 1776 732 1830 Kal
778 1777 877 1829 οὐκ
924 1777 1237 1850 ἠκούσαμεν
1288 1782 1388 1852 τῆς
1437 1785 1624 1855 φωνῆς
1659 1789 1864 1858 Κυρίου
1907 1791 2003 1845 τοῦ

2111 631 2277 687 super
2309 626 2530 673 terram.

2181 707 2232 760 7.
2275 707 2417 772 Tibi,
2457 709 2718 777 Domine,
2742 714 2980 784 justitia,
3026 718 3185 775 nobis
3212 731 3392 776 autem
3435 724 3687 780 conlusio

2111 795 2267 852 faciei
2334 800 2637 881 secundum
2689 802 2834 859 diem
2884 804 3029 860 hanc
3075 807 3391 868 hominibus
3442 811 3600 879 .luda,
3633 824 3688 870 et

2111 885 2428 943 sedentibus
2477 889 2530 942 in
2582 889 2909 958 Jerusalem,
2969 904 3025 948 et
3048 897 3196 951 omni
3233 900 3436 969 populo
3500 901 3685 968 Israel,

2110 974 2205 1044 qui
2239 990 2406 1046 prope
2440 987 2541 1045 est,
2568 990 2622 1036 et
2647 983 2719 1044 ei,
2749 982 2844 1052 qui
2877 985 3069 1053 procul
3112 987 3165 1041 in
3205 990 3476 1047 universis
3509 995 3687 1062 regio—

2112 1068 2295 1135 nibus,
2323 1071 2388 1141 ad
2421 1088 2561 1141 quas
2585 1074 2891 1144 dispersisti
2921 1093 3016 1135 eos
3060 1080 3192 1136 illuc
3232 1094 3453 1153 propter
3488 1084 3689 1156 iniqui-

2111 1166 2299 1227 tatem,
2358 1164 2486 1232 quia
2539 1165 2788 1237 improbe
2831 1186 2889 1224 se
2937 1181 3227 1241 gesserunt
3292 1176 3346 1231 in
3388 1188 3684 1248 conspectu

2112 1259 2230 1307 tuo.

2181 1344 2237 1398 8.
2281 1345 2532 1413 Domine,
2567 1351 2724 1407 nobis
2754 1353 3006 1410 conlusio
3036 1353 3215 1421 faciei,
3248 1367 3302 1414 et
3337 1361 3554 1431 regibus
3588 1377 3688 1416 nu-

2108 1435 2260 1500 stris,
2290 1446 2344 1492 et
2372 1440 2734 1511 principibus,
2770 1454 2824 1499 et
2855 1446 3102 1516 patribus
3132 1452 3368 1517 nostris,
3405 1454 3531 1523 quia
3557 1468 3688 1524 pec-

2109 1528 2353 1584 cavimus
2382 1531 2498 1585 tibi.

2181 1619 2236 1673 9.
2277 1618 2512 1676 Domino
2558 1624 2768 1694 justitia
2793 1638 2846 1682 et
2884 1630 3280 1701 misericordia,
3305 1637 3563 1705 quoniam
3601 1652 3688 1693 rev

2108 1711 2374 1768 cessimus
2400 1728 2431 1767 a
2463 1724 2532 1770 te.

2183 1801 2271 1859 l0.
2315 1804 2380 1860 Et
2402 1820 2511 1861 non
2537 1810 2847 1866 audivimus
2877 1829 3061 1869 vocem
3118 1815 3332 1874 Domini
3366 1821 3457 1876 Dei
3492 1826 3684 1891 nostri,

425 1864 558 1919 Θεοῦ
595 1867 776 1938 ἡμῶν,
808 1871 1276 1944 κατακολουθῆσαι
1301 1875 1378 1946 τῷ
1403 1877 1554 1949 νόμῳ
1586 1897 1699 1944 σου,
1725 1875 1769 1949 ᾧ
1801 1883 1995 1951 ἔδωκας

2748 1864 2751 1865 ν
2830 1864 2842 1866 ἡ
2890 1864 3061 1869 Ἱππ-
3119 1864 3332 1874 _-.......
3368 1864 3457 1876 ν...
3492 1864 3684 1891 .........,

2112 1901 2172 1945 ut
2203 1909 2560 1966 sequeremur
2609 1901 2780 1972 legem
2839 1912 3010 1970 tuam,
3062 1923 3225 1977 quam
3279 1912 3470 1968 dedisti
3498 1931 3686 1971 coram

427 1955 650 2010 ἐνώπιον
701 1959 875 2031 Μωσῆ
907 1962 1002 2014 καὶ
1036 1963 1214 2033 ἡμῶν,
1248 1965 1334 2019 διὰ
1362 1968 1471 2021 τῶν
1515 1972 1724 2026 παίδων
1768 1990 1859 2026 σου
1897 1976 2007 2029 τῶν

425 2048 744 2119 προφητῶν.

491 2139 580 2194 il.
610 2140 718 2194 Kal
751 2141 856 2205 πᾶς
895 2141 1110 2218 Ἰσραὴλ
1151 2148 1480 2216 ἐγκατέλιπε
1526 2153 1618 2207 τὸν
1675 2157 1840 2227 νόμον
1886 2178 2001 2225 σου,

421 2232 515 2285 καὶ
536 2231 873 2304 ἀπέστησαν,
905 2235 1001 2290 τοῦ
1035 2239 1110 2308 μὴ
1146 2241 1378 2296 ἀκοῦσαι
1401 2244 1501 2315 τῆς
1531 2247 1715 2318 φωνῆς
1746 2268 1838 2305 σου
1861 2267 1875 2283 ⁸
1908 2255 2003 2307 καὶ

420 2322 656 2393 ἐπῆλθεν
681 2325 765 2394 ἐφ’
795 2328 942 2397 ἡμᾶς
991 2330 1024 2399 ἡ
1061 2330 1298 2403 κατάρα,
1335 2335 1430 2388 καὶ
1453 2339 1480 2389 ὁ
1502 2338 1662 2409 ὅρκος
1698 2343 1726 2394 ὁ
1751 2358 2001 2414 γεγραμ·

427 2417 579 2484 μένος
605 2416 664 2469 ἐν
693 2416 772 2488 τῷ
800 2418 950 2489 νόμῳ
970 2420 1144 2491 Μωσῆ
1177 2424 1366 2488 παιδὸς
1393 2427 1485 2480 τοῦ
1517 2428 1674 2497 Θεοῦ,
1707 2432 1790 2485 ὅτι
1819 2435 2000 2505 ἡμάρ-

418 2521 581 2576 τομεν
607 2507 778 2576 αὐτῷ.

489 2595 577 2650 η.
609 2597 721 2652 Καὶ
748 2596 977 2669 ἔστησεν
1002 2603 1134 2675 ἡμῖν
1152 2603 1220 2659 τὰ
1244 2607 1642 2680 προστάγματα
1680 2612 1868 2678 αὐτοῦ,
1898 2615 2000 2669 ὅσα

418 2687 679 2761 ἐλάλησεν
713 2690 798 2760 ἐφ’
826 2694 973 2763 ἡμᾶς
1000 2733 1015 2758 ,
1046 2696 1141 2749 καὶ
1190 2698 1283 2751 ἐπὶ
1315 2701 1441 2764 τοὺς
1470 2703 1665 2773 κριτὰς
1694 2706 1871 2777 ἡμῶν,
1899 2709 2000 2762 ὅσα

418 2772 636 2848 ἔκρινας
658 2780 789 2849 ἡμῖν
818 2781 1119 2851 ἐπαγαγεῖν
1149 2785 1237 2855 ἐφ’
1273 2789 1421 2859 ἡμᾶς
1452 2772 1598 2846 κακὰ
1639 2772 1880 2864 μεγάλα,
1912 2793 1999 2853 οἷα

416 2867 517 2923 οὐκ
553 2868 782 2942 ἐγενήθη
819 2872 923 2925 ὑπὸ
971 2874 1062 2927 τὸν
1110 2877 1359 2945 οὐρανὸν,
1392 2881 1513 2934 καθ’
1540 2883 1623 2936 δτι
1674 2886 1907 2960 ἐγενήθη
1940 2890 1997 2942 ἐν

426 2959 800 3035 Ἰερουσαλήμ.

353 3030 370 3151 j
486 3030 575 3109 15.
606 3030 764 3107 Κατὰ
787 3055 853 3109 τὰ
878 3059 1238 3130 γεγραμμένα
1263 3062 1321 3114 ἐν
1346 3061 1576 3138 διαθήκῃ
1598 3068 1790 3139 Μωσῆ,
1818 3070 1996 3125 nivea

412 3142 484 3197 τὰ
523 3143 671 3198 κακὰ
717 3145 951 3217 ἐπῆλθεν
999 3150 1162 3217 ἡμῖν’
1215 3153 1309 3204 καὶ
1357 3153 1458 3207 οὐκ
1492 3154 1897 3229 ἐξεζητήσαμεν
1932 3159 1995 3212 τὸ

413 3234 710 3306 πρόσωπον
740 3237 946 3307 Κυρίου
997 3238 1132 3292 Θεοῦ
1171 3241 1365 3313 ήμῶν,
1405 3246 1709 3315 ἀποστῆναι
1745 3250 1853 3302 ἀπὸ
1884 3251 1994 3303 τῶν

414 3326 699 3398 ἁμαρτιῶν
755 3327 933 3399 ἡμῶν,
966 3331 1060 3383 καὶ
1107 3330 1457 3405 διανοηθῆναι
1502 3337 1602 3407 τὴν
1649 3339 1996 3413 δικαιοσύνην

418 3433 535 3485 σου,
569 3419 760 3491 Κύριε.

404 3498 407 3501 ’
485 3509 574 3563 14.
605 3510 714 3563 Καὶ
746 3511 1064 3584 ἠγρύπνησε
1113 3517 1319 3586 Κύριος
1357 3520 1386 3572 δ
1414 3520 1547 3585 Θεὸς
1588 3523 1680 3577 ἐπὶ
1725 3524 1791 3577 τὰ
1826 3526 1994 3593 κακὰ,

413 3599 509 3653 καὶ
558 3601 838 3672 ἐπήγαγεν
873 3604 961 3673 ἐφ’
1002 3607 1169 3677 ἡμᾶς,
1217 3609 1297 3663 ὅτι
1340 3611 1547 3676 δίκαιος
1580 3613 1783 3685 Κύριος
1806 3617 1833 3668 ὁ
1862 3617 1994 3681 Θεὸς

412 3689 573 3761 ἡμῶν
604 3692 696 3745 ἐπὶ
722 3694 899 3748 πάντα
928 3696 1028 3750 ὅσα
1054 3698 1119 3751 ἂν
1156 3702 1379 3774 ποιήσῃ,
1410 3703 1505 3759 καὶ
1542 3705 1641 3759 οὐκ
1677 3707 1994 3780 ἠκούσαμεν

412 3780 513 3853 τῆς
539 3781 725 3853 φωνῆς
753 3784 941 3840 αὐτοῦ.

484 3872 574 3929 15.
599 3875 709 3928 Καὶ
736 3874 853 3941 νῦν,
873 3878 1123 3933 Δέσποτα
1149 3881 1319 3954 Κύριε
1338 3882 1514 3951 ὁΘεδς
1542 3889 1722 3959 ἡμῶν,
1751 3891 1780 3942 ὁ
1797 3891 1994 3961 ἐξαγα-

414 3961 529 4032 γὼν
559 3964 653 4018 τὸν
696 3965 825 4021 λαόν
856 3984 951 4022 σου
999 3969 1059 4035 se
1088 3971 1366 4041 Αἰγύπτου
1419 3975 1496 4046 τῷ
1525 3976 1768 4049 βραχίονί
1792 3998 1885 4036 σου
1917 3982 1994 4055 τῷ

413 4055 623 4129 ὑψηλῷ,
655 4059 751 4112 καὶ
774 4059 1037 4131 ἐποίησας
1061 4065 1271 4135 σεαυτῷ
1299 4065 1469 4137 ὄνομα
1492 4071 1634 4124 κατὰ
1654 4071 1751 4141 τὴν
1778 4074 1993 4145 ἡμέραν

409 4147 615 4220 ταύτην
635 4164 648 4178 ·
681 4152 1021 4225 ἡμάρτομεν,
1055 4156 1424 4231 ὴγνοήκαμεν.

483 4240 572 4295 Ni.
614 4244 882 4311 Δέσποτα,
920 4246 1064 4300 κατὰ
1084 4248 1182 4320 τὴν
1210 4249 1556 4326 δικαιοσύνην
1580 4273 1693 4323 σου,
1714 4258 1993 4331 ἀποστραο

411 4329 568 4400 φήτω
603 4332 633 4384 ὁ
661 4330 832 4401 θυμός
860 4351 974 4401 σου,
1005 4339 1099 4392 καὶ
1131 4342 1162 4411 ἡ
1193 4340 1330 4413 ὀργή
1379 4360 1474 4398 σου
1505 4346 1613 4400 ἀπὸ
1654 4348 1756 4419 τῆς
1786 4329 1992 4418 πόλεώς

410 4436 507 4475 σου
556 4422 930 4496 Ἰερουσαλὴμ,
958 4427 1119 4499 ὅρους
1169 4432 1264 4486 τοῦ
1299 4434 1454 4503 ἁγίου
1500 4453 1594 4489 σου
1621 4477 1637 4502 ,
1667 4439 1748 4492 ὅτι
1775 4442 1832 4492 ἐν
1871 4445 1992 4507 ταῖς

411 4513 707 4584 ἁμαρτίαις
751 4517 928 4588 ἡμῶν,
966 4521 1060 4574 καὶ
1090 4523 1147 4575 ἐν
1167 4526 1288 4588 ταῖς
1314 4527 1560 4595 ἀγνοίαις

407 4608 584 4680 ἡμῶν,
601 4610 979 4685 Ἰερουσαλὴμ,
1013 4617 1107 4669 καὶ
1136 4617 1165 4668 ὁ
1191 4618 1362 4691 δῆμος
1380 4638 1496 4688 σου,
1521 4622 1717 4696 Κύριε,
1742 4629 1821 4690 είς
1845 4628 1986 4683 ὀνει-

407 4698 601 4771 δισμὸν
633 4703 690 4756 ἐν
722 4706 856 4758 πᾶσι
882 4708 996 4772 τοῖς
1030 4708 1350 4781 περικύκλῳ
1381 4713 1559 4784 ἡμῶν.

477 4792 567 4848 17.
597 4795 707 4848 Καὶ
749 4795 845 4848 νῦν
873 4798 1199 4869 ἐπάκουσον,
1233 4804 1502 4873 Δέσποτα,
1533 4810 1634 4879 τῆς
1678 4813 1988 4885 προσευχῆς

405 4882 500 4937 τοῦ
534 4886 725 4954 παιδός
760 4904 856 4942 σου
901 4891 993 4944 καὶ
1014 4893 1108 4946 ἐπὶ
1134 4894 1231 4959 τὰς
1253 4895 1468 4965 δεήσεις
1498 4916 1622 4969 μου,
1648 4882 1742 4957 καὶ
1770 4882 1990 4959 ἐπιϐλε-

401 4972 561 5045 Qad-rw
585 4977 648 5031 τδ
670 4978 964 5049 πρόσωπόν
994 4998 1089 5036 σου
1119 4986 1212 5038 ἐπὶ
1245 4985 1305 5039 τὸ
1346 4986 1472 5057 ὅρος
1499 4989 1561 5043 τὸ
1595 4989 1750 5061 ἅγιόν
1783 5009 1898 5058 σου,
1927 4995 1988 5047 τὸ

403 5064 610 5138 ἔρημον
637 5069 823 5125 ἕνεκεν
842 5072 950 5128 τῶν
978 5075 1179 5130 δούλων
1219 5095 1336 5145 σου,
1362 5080 1632 5140 Δέσποτα.

477 5157 566 5215 l8.
602 5161 848 5233 Πρόσχες
872 5205 886 5228 ,
926 5166 1121 5239 Κύριε,
1152 5168 1213 5222 τὸ
1244 5166 1337 5235 οὖς
1371 5188 1488 5237 σου,
1537 5174 1633 5230 καὶ
1680 5177 1988 5235 ἐπάκουσον

406 5266 509 5319 μου
528 5268 542 5283 ’
572 5251 783 5319 ἄνοιξον
816 5258 942 5322 τοὺς
991 5258 1306 5332 ὀφθαλμούς
1336 5280 1452 5329 σου,
1486 5266 1582 5320 καὶ
1615 5266 1689 5323 (Bs
1722 5268 1824 5340 τὴν
1851 5271 1984 5341 ἐρή-

405 5359 579 5411 μωσιν
608 5346 791 5416 ἠμῶν,
821 5350 916 5405 καὶ
940 5349 1040 5421 τῆς
1062 5352 1270 5420 πόλεώς
1292 5372 1405 5421 σου,
1432 5356 1518 5425 ἐφ’
1538 5350 1607 5430 ἧς
1631 5359 1908 5433 ἐπεκλήθη
1929 5363 1990 5414 τὸ

401 5430 573 5503 δνομά
596 5451 693 5490 σου
740 5438 827 5491 ἐπ’
855 5441 1027 5512 αὐτῆς
1047 5458 1060 5473 ο
1092 5444 1153 5497 οὐ
1194 5444 1304 5517 γὰρ
1331 5448 1424 5500 ἐπὶ
1459 5449 1580 5512 ταῖς
1622 5430 1989 5516 δικαιοσύναις

400 5522 583 5592 ἡμῶν.
615 5527 778 5599 ἡμεῖς
805 5530 1042 5603 δεόμεθα
1065 5536 1124 5589 ὲν
1156 5539 1275 5602 ταῖς
1303 5542 1636 5611 προσευχαῖς
1664 5540 1825 5611 ἡμῶν
1850 5543 1987 5599 ἐνώ-

401 5611 527 5667 πιόν
562 5631 679 5683 σου,
717 5619 857 5675 ἀλλὰ
907 5621 997 5677 διὰ
1038 5625 1101 5677 τὺ
1152 5626 1242 5680 σὸν
1293 5628 1461 5694 ἔλεος,
1508 5629 1703 5700 Κύριε,
1751 5632 1815 5684 σὺ
1869 5632 1987 5686 ιλάκ

401 5718 614 5759 τευσον.

473 5818 555 5876 l9.
595 5823 791 5893 Κύριε,
835 5829 1140 5886 ἐπάκουσον
1170 5838 1263 5889 καὶ
1299 5836 1542 5908 ποίησον,
1581 5839 1673 5894 καὶ
1701 5839 1774 5912 μὴ
1804 5841 1979 5913 χρονί⁴

2108 1985 2258 2043 Μοεε
2291 1999 2347 2044 et
2373 1992 2551 2058 nobis,
2582 2008 2676 2062 per
2701 2010 2902 2064 pueros
2933 2008 3054 2054 tuos
3086 2003 3398 2073 prophetas.

2182 2174 2267 2227 11.
2316 2173 2380 2229 Et
2425 2177 2607 2234 omnis
2663 2179 2830 2236 Israel
2877 2182 3168 2256 dereliquit
3214 2190 3382 2260 legem
3416 2202 3598 2250 tuam:
3631 2207 3688 2253 et

2108 2276 2472 2333 recesserunt,
2511 2284 2578 2323 ne
2611 2270 2863 2326 audirent
2895 2289 3081 2330 vocem
3125 2287 3296 2347 tuam,
3339 2291 3392 2337 et
3418 2298 3682 2352 superve-

2105 2358 2186 2413 nit
2225 2373 2391 2428 super
2447 2374 2543 2414 nus
2609 2362 2937 2431 maledictio,
2975 2376 3029 2422 et
3076 2368 3486 2441 jusjurandum,
3534 2380 3683 2447 quod

2105 2449 2371 2520 scriptum
2406 2459 2491 2504 est
2516 2450 2567 2506 in
2597 2453 2711 2524 lege
2734 2454 2899 2511 Musis
2931 2462 3085 2528 pueri
3147 2463 3238 2517 Dei
3260 2504 3274 2530 ,
3328 2468 3457 2535 quia
3490 2484 3683 2539 pecca-

2102 2540 2282 2595 vimus
2312 2542 2382 2597 ei.

2176 2634 2263 2688 12.
2309 2635 2373 2690 Ει
2402 2637 2593 2693 statuit
2634 2639 2793 2694 nobis
2853 2652 3121 2714 praecepta
3179 2661 3278 2701 sua
3323 2663 3682 2724 quacumque

2104 2724 2322 2781 locutus
2343 2736 2429 2780 est
2452 2743 2614 2797 super
2639 2744 2762 2794 nos,
2780 2739 2833 2783 et
2855 2747 3019 2800 super
3037 2736 3250 2803 judices
3270 2749 3510 2809 nostros,
3530 2758 3682 2813 qua:-

2102 2818 2618 2887 cumquejudicasti
2658 2822 2816 2876 nobis
2849 2826 3277 2892 superinducere
3306 2830 3359 2884 in
3400 2846 3501 2887 nos
3535 2836 3678 2892 mala

2100 2921 2319 2976 magna,
2351 2908 2531 2977 qualia
2570 2924 2675 2964 non
2702 2909 2843 2964 facta
2879 2922 3007 2966 sunt
3043 2915 3145 2969 sub
3175 2917 3336 2983 cmlo,
3370 2920 3510 2975 sicut
3535 2922 3676 2981 facta

2098 3006 2225 3052 sunt
2257 2998 2311 3052 in
2338 2997 2662 3055 Jerusalem.

2171 3089 2260 3146 15.
2301 3090 2463 3144 Juxta
2503 3107 2588 3157 ea,
2644 3108 2765 3160 qua:
2817 3095 3019 3165 scripta
3074 3108 3203 3154 sunt
3251 3102 3303 3154 in
3347 3112 3673 3163 testamento

2098 3178 2289 3241 Musis,
2331 3182 2514 3236 omnia
2558 3184 2699 3237 mala
2762 3196 3029 3242 venerunt
3065 3203 3232 3259 super
3265 3208 3400 3260 nos;
3449 3205 3504 3250 et
3563 3215 3673 3253 non

2098 3272 2497 3341 exquisivimus
2533 3274 2727 3329 faciem
2757 3274 2974 3332 Domini
3011 3279 3105 3334 Dei
3145 3286 3336 3346 nostri.
3372 3300 3429 3342 ut
3457 3292 3676 3348 recede—

2098 3378 2282 3418 remus
2314 3378 2342 3419 a
2372 3367 2610 3433 peccatis
2635 3368 2859 3433 nostris,
2897 3379 2949 3424 et
2995 3374 3363 3443 cogitaremus
3403 3382 3672 3450 justitiam

2097 3463 2270 3519 tuam,
2304 3453 2551 3511 Domine.

2171 3547 2256 3599 14.
2299 3546 2364 3602 Et
2386 3548 2628 3619 vigilavit
2684 3551 2954 3608 Dominus
2984 3604 2985 3611 η
3011 3554 3156 3612 Deus
3197 3575 3364 3629 super
3414 3567 3575 3633 mala,
3618 3580 3675 3624 et

2095 3635 2323 3692 adduxit
2350 3652 2514 3709 super
2546 3654 2667 3707 nos,
2696 3644 2957 3712 quoniam
2986 3644 3171 3712 justus
3214 3648 3478 3711 Dominus
3526 3657 3673 3717 Deus

2096 3737 2284 3782 noster
2314 3729 2368 3783 in
2406 3733 2662 3789 omnibus
2703 3750 2825 3804 quae
2853 3735 3059 3806 fecerit,
3117 3750 3171 3796 et
3225 3759 3331 3797 non
3361 3748 3675 3809 audivimus

2094 3832 2286 3873 vocem
2315 3819 2457 3889 ejus.

2171 3909 2257 3964 l5.
2301 3909 2369 3965 Et
2392 3927 2556 3980 nunc,
2597 3912 2826 3973 Domine
2873 3918 3018 3977 Deus
3053 3932 3255 3993 noster,
3289 3929 3382 3997 qui
3434 3932 3675 3990 eduxisti

2093 4000 2355 4071 populum
2394 4010 2546 4058 tuum
2569 4005 2636 4061 de
2668 4007 2922 4079 Egypto,
2953 4012 3180 4070 brachio
3226 4028 3321 4075 tuo
3352 4024 3588 4086 excelso.
3619 4033 3677 4080 et

2094 4092 2270 4150 fecisti
2300 4094 2397 4149 tibi
2424 4112 2622 4152 nomen
2680 4101 2980 4158 secundum
3017 4106 3164 4162 diem
3198 4111 3375 4180 hanc;
3418 4118 3673 4184 peccavi-

2095 4202 2241 4254 mus,
2272 4189 2669 4260 iguoravimus.

2165 4281 2253 4336 l6.
2296 4282 2543 4349 Domine,
2570 4288 2869 4343 secundum
2899 4290 3171 4359 justitiam
3204 4303 3356 4351 tuam
3389 4307 3674 4357 avertatur

2096 4370 2252 4427 furor
2281 4383 2430 4437 tuus,
2465 4386 2519 4431 et
2564 4377 2644 4432 ira
2699 4387 2792 4434 tua
2850 4396 2880 4435 a
2921 4382 3141 4439 civitate
3203 4397 3293 4441 tua
3338 4386 3670 4455 Jerusalem.

2097 4473 2280 4519 monte
2311 4475 2501 4522 sancto
2556 4478 2669 4524 tuo.
2701 4468 2843 4537 Quia
2875 4473 2928 4529 in
2954 4478 3193 4545 peccatis
3241 4481 3443 4538 nostris
3464 4522 3478 4545 ,
3535 4493 3588 4538 ct
3619 4486 3673 4541 in

1593 4529 1700 4583 τῶν
1736 4533 1991 4605 πατέρων

2100 4557 2424 4626 ignorantiis
2454 4568 2668 4628 patrum
2701 4574 3039 4633 nostrorum,
3071 4566 3395 4638 Jerusalem,
3418 4585 3471 4628 rt
3510 4589 3677 4646 popu-

2099 4649 2182 4704 lus
2221 4659 2369 4716 tuus,
2402 4649 2651 4719 Domine,
2680 4665 2766 4710 est
2801 4657 2853 4711 in
2885 4658 3239 4728 opprobrium
3274 4666 3550 4732 ommbus,
3582 4669 3675 4738 qui

2098 4741 2150 4797 iu
2180 4742 2413 4799 circuitu
2446 4755 2633 4802 nostro
2658 4760 2805 4807 sunt.

2174 4834 2258 4887 17.
2282 4836 2349 4889 Et
2374 4853 2521 4895 nunc
2541 4841 2762 4906 exaudi,
2791 4840 3040 4911 Domine,
3071 4846 3373 4901 orationem
3393 4849 3547 4916 pueri
3571 4852 3672 4918 tui,

2095 4934 2148 4981 et
2172 4941 2336 4995 super
2363 4943 2556 4996 preces
2584 4946 2736 4987 meas
2767 4949 2778 4983 :
2811 4944 2865 4988 et
2895 4937 3147 5004 respiciat
3178 4936 3345 4993 facies
3384 4948 3475 4993 tua
3510 4954 3676 5011 super

2096 5026 2338 5072 montem
2376 5031 2625 5075 sanctum
2661 5033 2836 5088 tuum,
2894 5028 2987 5097 qui
3040 5028 3291 5083 desertus
3333 5040 3414 5085 est
3453 5044 3677 5104 propter

2096 5114 2284 5164 sbrvos
2314 5120 2459 5178 tuos,
2485 5111 2733 5170 Domine.

2173 5203 2255 5260 18.
2297 5202 2520 5261 intende
2548 5221 2739 5261 aurem
2770 5216 2938 5274 tuam,
2974 5210 3220 5276 Domine,
3245 5216 3512 5270 etuaudi
3548 5233 3671 5274 me:

2095 5294 2244 5364 aperi
2276 5295 2468 5351 oculos
2491 5305 2636 5363 tuos,
2669 5306 2722 5353 et
2755 5298 2877 5355 vide
2902 5301 3297 5360 desolationem
3330 5316 3597 5375 nostram.
3619 5319 3674 5365 et

2094 5386 2332 5443 civitatis
2358 5397 2488 5453 tua,
2528 5404 2693 5459 super
2753 5406 2918 5461 quam
2967 5392 3280 5451 invocatum
3333 5406 3420 5454 est
3472 5413 3671 5456 nomen

2097 5485 2251 5529 tuum
2285 5492 2455 5548 super
2478 5493 2632 5544 eam;
2669 5496 2774 5535 non
2807 5483 2950 5536 enim
3001 5484 3055 5538 in
3084 5483 3315 5553 justitiis
3344 5486 3549 5542 nostris
3573 5503 3674 5543 nos

2094 5584 2319 5624 oramus
2373 5571 2427 5624 in
2459 5572 2714 5641 precibus
2754 5576 2959 5633 nostris
2987 5577 3041 5631 in
3082 5588 3379 5647 conspectu
3432 5588 3548 5642 tuo,
3579 5581 3671 5636 scd

2095 5671 2317 5731 propter
2347 5664 2778 5720 misericordiam
2810 5676 2982 5736 tuam,
3015 5668 3266 5734 Domine,
3300 5682 3355 5724 tu
3406 5672 3672 5740 propitius

2094 5768 2231 5809 csto.

2170 5848 2253 5903 l9.
2301 5849 2545 5916 Domine,
2611 5857 2831 5925 exaudi,
2884 5867 2938 5916 et
2988 5860 3091 5926 fac,
3151 5864 3205 5910 et
3260 5872 3325 5913 ne
3373 5856 3670 5912 tardaret-is
