4064 6426
393 387 535 444 οειξ)

1666 385 1914 443 DANIEL
1945 386 2164 446 JUXTA
2202 392 2362 451 LXX.

3493 402 3633 460 2820

396 507 617 569 propter
672 495 1038 565 temetipsum,
1101 497 1372 563 Domine,
1439 499 1943 567 quoniam’nomet

2071 518 2170 574 σῃς
2201 504 2363 559 ἕνεκα
2395 510 2648 575 σεαυτοῦ,
2684 513 2951 582 Δέσποτα,
2987 519 3067 571 ὅτι
3114 519 3174 571 τὸ
3206 519 3375 590 ὄνομά
3406 540 3497 575 σου
3538 526 3632 575 επ-

396 599 547 642 tuum
584 589 893 641 invocatum
920 597 1003 644 cst
1034 605 1198 658 super
1225 590 1497 644 civitatem
1537 598 1686 645 tuam
1724 589 1875 658 Sion,
1909 602 1965 647 et

394 695 562 750 super
587 680 846 748 populum
880 690 1026 734 tuum
1074 680 1260 736 Israel.

461 770 551 826 20.
597 769 662 823 Et
701 772 829 823 dum
884 787 984 841 ego
1034 772 1295 841 loquebar
1353 788 1536 836 orans,
1594 782 1649 828 et
1702 774 1966 830 conﬁtens

390 870 612 927 peccata
646 876 786 926 mea,
810 875 862 916 et
894 874 1113 932 peccata
1143 866 1323 932 populi
1356 867 1458 919 mei
1479 864 1676 926 -lsrael,
1715 876 1767 920 et
1798 882 1963 922 orans

392 952 449 1006 in
488 954 964 1021 deprecationibus
987 971 1168 1009 coram
1201 954 1427 1009 Dumin
1474 955 1583 1010 Deo
1634 973 1754 1011 meo
1797 960 1960 1011 etiam

382 1058 490 1113 pro
524 1052 707 1098 monte
726 1055 916 1098 sancto
948 1045 1039 1099 Dei
1069 1046 1261 1101 nostri.

458 1228 549 1282 2i.
592 1227 655 1282 Et
679 1229 858 1282 adhuc
905 1242 991 1281 me
1038 1226 1290 1294 loquente
1331 1228 1381 1281 in
1413 1228 1660 1285 oratione
1699 1246 1858 1294 mea,
1907 1240 1963 1287 et

376 1332 516 1373 ecce
547 1319 649 1376 vir.
691 1334 852 1387 quem
902 1318 1009 1371 vidi
1058 1318 1108 1369 in
1166 1333 1360 1370 somno
1398 1334 1518 1372 meo
1552 1321 1620 1372 ab
1660 1321 1818 1375 initio
1851 1321 1960 1376 Ga-

382 1411 544 1477 briel,
581 1415 690 1468 cito
722 1413 944 1468 veniens
983 1410 1435 1479 appropinquavit
1466 1412 1599 1465 mihi
1624 1414 1678 1465 in
1715 1415 1845 1468 liora
1874 1431 1961 1469 sa-

388 1502 572 1555 crificii
606 1502 919 1571 vespertini.

454 1589 543 1642 22.
586 1589 651 1644 Et
675 1592 925 1655 accessit,
950 1597 1004 1642 et
1032 1590 1290 1657 loquutus
1320 1597 1400 1641 est
1432 1604 1668 1653 mecum,
1695 1601 1749 1645 et
1777 1593 1953 1648 dixit:

382 1676 596 1740 Daniel,
628 1696 776 1734 nunc
798 1680 939 1734 exivi
973 1682 1262 1733 ostendere
1305 1681 1399 1732 tibi
1429 1696 1671 1734 senSnm.

450 1773 544 1826 ~25.
584 1772 641 1825 In
685 1773 951 1841 principio
985 1773 1376 1826 obsecrationis
1425 1781 1529 1825 tua:
1568 1773 1735 1826 exivit
1770 1773 1953 1828 decre-

2068 591 2269 664 εκλήθη
2301 596 2391 647 ἐπὶ
2435 596 2531 667 τὴν
2570 600 2723 655 πόλιν
2764 620 2857 658 σου
2890 603 3060 668 Σιὼν,
3102 609 3194 660 xui
3241 610 3333 662 ἐπὶ
3368 611 3455 662 τὸν
3512 610 3639 665 λαόν

2069 697 2160 735 σου
2205 683 2431 756 Ἰσραήλ.

2136 774 2226 829 20.
2250 778 2356 830 Kui
2374 779 2478 844 ἓως
2496 780 2607 849 ἐγὼ
2627 783 2848 838 ἐλάλουν
2871 790 3324 860 προσευχόμενος,
3345 794 3435 846 xui
3453 795 3639 864 ὲξομο·

2064 865 2392 937 λογούμενος
2417 871 2516 935 τὰς
2546 875 2823 944 ἁμαρτίας
2856 895 2980 947 μου,
3007 880 3100 931 xui
3127 880 3224 944 τὰς
3249 882 3520 953 ἁμαρτίας
3545 888 3637 942 τοῦ

2063 956 2191 1010 λαοῦ
2229 977 2329 1028 μου
2372 962 2607 1034 Ἰσραήλ,
2643 968 2736 1019 xui
2762 967 3015 1037 δεόμενος
3054 972 3112 1023 ἐν
3156 975 3275 1036 ταῖς
3314 981 3640 1047 προσευχαῖς

2063 1047 2303 1102 ἐναντίον
2340 1053 2543 1123 Κυρίου
2577 1055 2711 1109 Θεοῦ
2756 1075 2857 1129 μου
2882 1099 2897 1125 ,
2939 1063 3032 1113 xui
3064 1063 3203 1133 ὑπὲρ
3234 1065 3325 1118 τοῦ
3354 1067 3514 1137 ὄρους
3542 1063 3635 1122 τοῦ

2064 1138 2216 1206 ἁγίου
2239 1141 2331 1195 τοῦ
2351 1143 2486 1198 Θεοῦ
2511 1149 2689 1217 ήμῶν.

2130 1230 2218 1284 2i.
2250 1234 2358 1287 Kui
2398 1236 2476 1289 ἔτι
2527 1236 2816 1304 λαλοῦντός
2843 1258 2947 1311 μου
3002 1245 3060 1296 ἐν
3096 1246 3159 1315 τῇ
3196 1249 3470 1317 προσευχῇ
3508 1264 3634 1318 μου,

2063 1322 2156 1373 xui
2187 1321 2295 1376 ίδοὺ
2318 1326 2346 1377 ὀ
2376 1326 2516 1396 ἀνὴρ
2535 1369 2549 1394 ,
2574 1327 2633 1382 ὃν
2658 1326 2796 1383 εἶδον
2829 1333 2887 1384 ἐν
2912 1332 2995 1402 τῷ
3019 1332 3171 1404 ὕπνῳ
3203 1352 3305 1405 μου
3336 1336 3432 1407 τὴν
3461 1336 3635 1409 ἀρχὴν

2060 1411 2320 1485 Γαϐριὴλ,
2365 1419 2520 1488 τάχει
2576 1422 2873 1493 φερόμενος
2930 1425 3266 1495 προσήγγισέ
3316 1444 3403 1496 μοι
3430 1430 3485 1480 ἐν
3517 1428 3634 1500 ὥρα

2060 1503 2249 1568 Θυσίας
2280 1509 2594 1581 ἐσπερινῆς.

2129 1595 2219 1649 2'2.
2252 1598 2359 1650 Kui
2393 1602 2688 1671 προσῆλθε,
2736 1605 2830 1656 xui
2877 1604 3106 1675 ἐλάλησε
3162 1611 3277 1675 μετ’
3332 1609 3487 1679 ἐμοῦ,
3543 1612 3633 1662 xui

2059 1679 2210 1739 εἶπεν
2236 1704 2248 1717 ο
2276 1691 2491 1761 Δανιὴλ,
2528 1693 2650 1763 ἄρτι
2681 1695 2903 1764 ἐξῆλθον
2935 1698 3210 1765 ὑποδεῖξαί
3244 1718 3325 1753 σοι
3374 1703 3627 1756 διάνοιαν.

2126 1777 2214 1830 25.
2254 1780 2342 1832 Ἐν
2374 1784 2513 1852 ἀρχῇ
2551 1779 2648 1854 τῆς
2677 1785 2912 1855 δεήσεῶς
2946 1805 3038 1841 σου
3074 1789 3266 1860 ἐξῆλθε
3304 1792 3629 1864 πρόσταγμα

381 1868 493 1914 tum
536 1876 565 1913 a
597 1838 934 1924 Doininoiet
969 1876 1068 1929 ego
1100 1860 1257 1923 veni,
1320 1869 1382 1914 ut
1424 1863 1791 1915 demonstrem
1832 1864 1943 1931 tibi,

2057 1869 2206 1938 παρὰ
2237 1838 2581 1941 Κυρίουῗκαὶ
2605 1838 2719 1942 ἐγὼ
2738 1838 2909 1947 ήλθον
2934 1838 3208 1944 ὑποδείξαί
3234 1838 3451 1945 oonfert
3478 1838 3630 1954 ἐλίεηω

379 1952 505 2021 quia
538 1953 967 2007 misericordiam
1004 1962 1331 2007 consecutus
1359 1968 1454 2018 es;
1507 1954 1953 2011 etanimadverte

378 2045 718 2098 mandatum.

446 2135 536 2189 24.
583 2134 939 2204 Septuaginta
966 2131 1336 2187 hebdomades
1360 2132 1592 2186 decretae
1629 2144 1757 2189 sunt
1788 2151 1951 2207 super

375 2227 636 2295 populum
685 2236 859 2289 tuum,
916 2233 971 2278 et
1021 2239 1185 2293 super
1219 2225 1493 2278 civitatem
1538 2225 1692 2291 Sion,
1726 2234 1786 2281 ut
1816 2246 1951 2283 eon-

374 2325 682 2371 summetur
722 2324 1044 2386 peccatum,
1099 2326 1154 2368 et
1212 2315 1466 2369 deliciant
1519 2317 1854 2385 iniquitates,
1895 2329 1949 2373 et

371 2406 983 2476 deleantur-iniustitiae,
1035 2416 1091 2459 et
1126 2405 1457 2474 intelligatur
1512 2408 1674 2474 visio,
1709 2420 1763 2462 et
1789 2412 1948 2463 detur

370 2499 583 2571 justitia
637 2499 987 2567 setupiterna,
1030 2507 1083 2550 et
1124 2507 1576 2551 consummentur
1626 2499 1865 2555 visiones
1889 2509 1945 2555 et

371 2595 660 2662 propheta,
696 2598 749 2642 et
781 2588 988 2641 laetetur
1022 2586 1257 2641 Sanctus
1282 2599 1624 2640 sanemrum.

441 2682 532 2736 25.
575 2680 641 2734 Et
674 2681 835 2742 scies,
862 2689 915 2734 et
943 2679 1228 2748 intelliges,
1266 2687 1321 2730 et
1355 2677 1617 2730 lwtaberis
1640 2713 1657 2739 ,
1696 2689 1749 2730 et
1791 2680 1942 2733 inve-

371 2774 493 2830 nies
518 2782 802 2844 praecepta,
836 2780 894 2825 ut
921 2771 1348 2839 respondeatur:
1374 2780 1437 2823 ~et
1463 2768 1755 2823 wdilicabis
1786 2767 1944 2824 Jeru-

369 2866 537 2922 salem
577 2866 851 2919 civitati-tn
885 2861 1135 2916 Domino.

439 2956 529 3011 26.
571 2955 637 3009 Et
663 2965 783 3025 post
819 2963 1021 3022 septem
1070 2960 1125 3005 et
1159 2951 1523 3020 septuaginta,
1559 2961 1612 3007 et
1658 2956 1939 3024 sexaginta

367 3052 509 3107 duos
547 3050 763 3104 deﬁciet
798 3047 1006 3110 unctio,
1038 3053 1093 3098 et
1119 3059 1227 3097 non
1256 3044 1359 3098 erit
1397 3059 1412 3096 :
1460 3054 1516 3098 et
1555 3062 1779 3115 regnum
1810 3064 1943 3116 gen-

2054 1960 2142 2022 νὸς
2171 1954 2241 2025 εἴ,
2273 1963 2366 2015 καὶ
2392 1963 2702 2035 διανοήθητι
2733 1966 2793 2018 τὸ
2822 1970 3167 2041 πρόσταγμα.

2120 2140 2209 2195 2i.
2258 2142 2660 2217 Ἐϐδομήκοντα
2705 2149 2999 2222 ἐὸδομάδες
3045 2154 3343 2225 ἐκρίθησαν
3392 2158 3483 2209 ἐπὶ
3536 2159 3626 2211 τὸν

2050 2229 2176 2284 λαόν
2212 2250 2327 2297 σου,
2355 2237 2449 2288 xui
2474 2239 2565 2290 ἐπὶ
2602 2239 2699 2310 τήν
2730 2242 2881 2296 πόλιν
2915 2244 3052 2297 Σιὼν
3084 2247 3498 2319 συντελεσθῆναι
3528 2250 3626 2318 τὴν

2051 2323 2344 2395 ἁμαρτίαν,
2394 2329 2489 2380 xui
2519 2329 2615 2392 τὰς
2638 2332 2849 2397 ἀδικίας
2878 2337 3151 2401 σπανίσαι,
3192 2341 3285 2391 xui
3327 2340 3624 2409 ἀπαλεῖψαι

2047 2413 2145 2474 τὰς
2179 2414 2409 2478 ἀδικίας,
2446 2419 2539 2470 xui
2579 2420 2928 2492 διανοηθῆναι
2951 2427 3010 2478 τὸ
3038 2428 3250 2496 ὅραμα,
3285 2432 3378 2481 xui
3406 2430 3623 2499 δοθῆναι

2045 2498 2393 2573 δικαιοσύνην
2417 2506 2653 2573 αἰώνιον,
2697 2512 2790 2563 xui
2817 2515 3232 2583 συντελεσθῆναι
3268 2519 3335 2569 τὰ
3372 2521 3624 2589 ὁράματα

2046 2592 2114 2657 χ(
2140 2590 2321 2659 καὶὶε(
2348 2598 2651 2667 προφήτην,
2675 2601 2769 2652 xui
2795 2603 3060 2673 εὐφράναι
3097 2603 3286 2673 Ἀγιον
3316 2608 3509 2675 ἁγίων.

2116 2682 2210 2775 25.
2232 2685 2340 2737 Καὶ
2369 2686 2572 2759 γνώσῃ,
2624 2690 2718 2743 xui
2743 2692 3089 2766 διανοηθήσῃ,
3120 2699 3213 2750 καὶ
3246 2701 3619 2775 εὖφρανθήσῃ,

2045 2773 2139 2824 xui
2161 2774 2413 2843 εὑρήσεις
2444 2780 2842 2849 προστάγματα
2882 2786 3264 2856 ἀποκριθῆναι,
3311 2792 3405 2842 xui
3425 2773 3625 2846 οἰκοδο-

2048 2864 2242 2933 μήσεις
2289 2867 2642 2940 Ἰερουσαλὴμ
2676 2871 2829 2926 πόλιν
2860 2876 3067 2944 Κυρίῳ.

2111 2955 2198 3008 26.
2232 2957 2338 3009 Kui
2363 2959 2501 3027 μετὰ
2533 2961 2674 3013 ἐπτὰ
2699 2963 2792 3014 xui
2816 2964 3204 3034 ἐϐδομήκοντα,
3242 2971 3334 3021 καὶ
3362 2971 3623 3043 ἐξήκοντα.

2040 3044 2134 3098 δύο
2159 3047 2601 3119 ἀποσταθήσεται
2630 3052 2861 3122 χρίσμα,
2891 3056 2985 3107 xui
3013 3056 3114 3109 οὐκ
3148 3058 3322 3123 ἔσται,
3357 3064 3450 3116 xui
3470 3064 3624 3134 βασι-

369 3144 500 3200 tium
521 3144 764 3198 destruet
788 3140 1082 3201 civitatem,
1118 3144 1171 3190 et
1200 3136 1572 3190 sanctuarium
1588 3152 1712 3191 cum
1737 3149 1934 3192 uncto:

2045 3134 2163 3187 λεία
2197 3136 2363 3189 ἐθνῶν
2395 3138 2586 3206 φθερεῖ
2612 3142 2712 3210 τὴν
2757 3142 2931 3207 πόλιν,
2960 3145 3054 3197 xui
3088 3147 3148 3199 τὸ
3179 3150 3334 3216 ὄιγιον
3365 3154 3500 3221 μετὰ
3527 3156 3622 3209 τοῦ

369 3242 424 3289 et
454 3233 634 3287 veniet
664 3228 1067 3285 consummatio
1098 3229 1217 3293 ejus
1247 3240 1372 3279 cum
1426 3226 1627 3292 furore,
1680 3237 1735 3283 et
1767 3245 1940 3300 usque

369 3325 439 3383 ad
477 3334 691 3395 tempus
725 3321 1219 3378 consummationis
1250 3335 1280 3372 a
1305 3318 1442 3371 bello
1480 3320 1901 3388 oppugnabitur.

437 3416 527 3472 27.
571 3417 638 3471 Et
671 3413 980 3486 przevalebit
1015 3420 1394 3467 testamentum
1428 3410 1480 3462 iu
1522 3411 1728 3473 multis,
1750 3422 1943 3466 etrur-

369 3525 465 3565 sus
492 3517 816 3568 revertetur,
876 3514 929 3559 et
991 3502 1407 3557 reaedilieabitur
1436 3501 1489 3552 in
1544 3501 1848 3564 latitudine,
1889 3511 1943 3555 et

367 3600 730 3670 longitudine,
756 3606 811 3649 et
840 3596 992 3663 juxta
1021 3590 1550 3647 consummationem
1593 3599 1897 3659 temporum
1923 3608 1937 3644 :

366 3698 423 3747 et
450 3700 577 3761 post.
612 3697 815 3756 septem
864 3694 918 3739 et
967 3682 1309 3751 septuaginta
1356 3689 1624 3750 tempora,
1674 3691 1728 3736 et
1783 3698 1942 3738 se“-

366 3783 518 3852 ginta
546 3779 655 3833 duo
682 3790 974 3836 annorum,
1011 3789 1185 3842 usque
1227 3772 1294 3826 ad
1339 3782 1550 3841 tempus
1593 3789 1942 3830 consumma-

370 3872 536 3928 tionis
590 3870 749 3934 belli,
803 3880 858 3922 οι
894 3864 1179 3920 auferetur
1207 3864 1470 3919 desolatio
1518 3865 1572 3918 ili
1598 3867 1941 3934 pra‘valendo

370 3968 700 4017 testamento
730 3959 796 4013 ad
833 3957 1033 4011 multas
1065 3955 1454 4018 hebdomadas,
1492 3964 1547 4009 et
1580 3956 1634 4009 in
1669 3957 1777 4011 line
1816 3956 1943 4013 beb-

367 4054 617 4108 domadie
642 4049 919 4105 auferetur
974 4047 1324 4111 sacriﬁcium,
1379 4054 1435 4101 et
1481 4046 1738 4110 libamen,
1794 4057 1849 4103 et
1883 4049 1937 4104 in

367 4146 570 4215 templo
593 4141 928 4198 abominatio
950 4140 1345 4195 desolationum
1374 4138 1476 4192 erit
1504 4153 1678 4205 usque
1717 4140 1783 4193 ad
1805 4154 1940 4196 con-

366 4236 830 4293 summationem:
866 4241 921 4289 et
949 4231 1353 4288 consummatio
1387 4228 1608 4284 dabitur
1646 4244 1810 4300 super
1846 4231 1938 4287 de-

366 4328 709 4384 solutionem.

981 4436 1207 4493 CAPUT
1255 4438 1325 4492 Χ.

2043 3227 2263 3295 χριστοῦ
2285 3244 2298 3256 ·
2329 3231 2422 3280 xui
2477 3230 2596 3299 ἥξει
2624 3233 2656 3300 ἡ
2684 3234 2960 3287 συντέλεια
2985 3236 3149 3290 αὐτοῦ
3187 3241 3302 3309 μετ’
3320 3243 3507 3313 ὀργῆς,
3531 3247 3623 3299 xui

2021 3314 2147 3396 ’ἕως
2185 3316 2376 3383 καιροῦ
2405 3320 2735 3384 συντελείας,
2765 3323 2872 3375 ἀπὸ
2899 3326 3135 3396 πολέμου
3163 3330 3618 3403 πολεμηθήσεται.

2112 3402 2201 3457 27.
2236 3406 2341 3457 Kui
2371 3406 2719 3463 δυναστεύσει
2756 3413 2787 3481 ή
2826 3413 3056 3486 διαθήκη
3090 3419 3169 3481 είς
3215 3402 3443 3485 πολλοὺς
3467 3463 3481 3487 ,
3528 3429 3623 3479 xui

2044 3494 2205 3548 πάλιν
2227 3497 2563 3567 ἐπιστρέψει,
2599 3501 2694 3555 xui
2714 3502 3270 3579 άνοικοδομηθήσεται
3294 3514 3373 3577 είς
3398 3515 3621 3580 πλάτος,

2043 3587 2137 3639 καὶ
2172 3587 2365 3656 μῆκος,
2401 3591 2659 3645 καὶκατὰ
2695 3597 3007 3651 συντέλειαν
3054 3602 3265 3673 καιρῶν
3292 3622 3306 3635 '
3350 3608 3444 3660 xui
3483 3609 3624 3677 μετὰ

2042 3677 2183 3730 ἑπτὰ
2226 3682 2315 3732 xui
2365 3682 2739 3754 ἐϐδομήκοντα
2786 3691 3033 3759 καιροὺς,
3069 3695 3160 3746 xui
3195 3694 3273 3764 5,3'
3320 3698 3475 3762 ἐτῶν,
3518 3701 3623 3764 ἕως

2042 3769 2233 3841 καιροῦ
2277 3774 2583 3837 συντελείας
2638 3777 2872 3848 πολέμου
2905 3823 2919 3847 ,
2976 3784 3069 3835 xui
3114 3786 3541 3859 ἀφαιρεθήσεται
3586 3795 3621 3863 ή

2040 3860 2320 3932 ἐρήμωσις
2343 3866 2402 3918 ἐν
2424 3866 2501 3936 τῷ
2534 3871 2857 3940 κατισχύσαι
2882 3872 2978 3945 τήν
3006 3874 3272 3949 διαθήκην
3296 3881 3388 3933 ἐπὶ
3419 3860 3620 3949 πολλὰς

2041 3953 2361 4046 ἑϐδομάδας,
2388 3960 2482 4012 xui
2510 3961 2568 4014 ἐν
2597 3962 2676 4032 τῷ
2699 3963 2842 4016 τέλει
2870 3965 2968 4036 τῆς
3000 3967 3295 4038 ἑϐδομάδος
3323 3973 3617 4046 ἀρθήσεται

2039 4047 2072 4114 ἡ
2105 4044 2265 4099 θυσία
2288 4087 2303 4111 ,
2337 4050 2432 4102 xui
2469 4053 2501 4119 ή
2536 4052 2774 4124 σπονδή,
2816 4055 2910 4109 xui
2935 4057 3027 4111 ἐπὶ
3053 4059 3114 4112 τὸ
3152 4061 3296 4131 ἱερὸν
3344 4044 3621 4137 βδέλυγμα

2039 4137 2147 4190 τῶν
2180 4139 2512 4209 ἐρημώσεων
2532 4143 2683 4198 ἔσται
2708 4145 2814 4210 ἕως
2857 4148 3185 4217 συντελείας,
3219 4154 3313 4208 xui
3343 4156 3623 4213 συντέλεια

2040 4226 2327 4299 δοθήσεται
2358 4246 2419 4285 +
2453 4233 2547 4286 ἐπὶ
2581 4236 2681 4306 τήν
2715 4239 3015 4308 ἐρήμωσιν.

2655 4421 2902 4476 ΚΕΦΛΛ.
2946 4424 2998 4477 I'.

435 4530 491 4585 1.
531 4530 590 4582 In
620 4540 765 4581 anno
806 4525 984 4596 primo
1034 4525 1157 4595 Cyri
1190 4526 1332 4595 regis
1379 4524 1668 4581 Persarum
1709 4527 1936 4581 manda-

2112 4509 2165 4563 1.
2211 4511 2297 4564 Ἐν
2320 4514 2398 4581 τῷ
2425 4512 2657 4584 ἐνιαυτῷ
2683 4516 2763 4587 τῷ
2794 4517 2996 4589 πρώτῳ
3022 4519 3200 4591 Κύρου
3225 4520 3317 4574 τοῦ
3352 4521 3617 4592 βασιλέως

365 4630 479 4676 tum
506 4620 939 4675 demonstratum
964 4626 1047 4671 est
1073 4616 1299 4682 Danieli,
1317 4617 1403 4672 cui
1425 4618 1739 4689 impositum
1760 4617 1936 4673 fuerat

362 4726 563 4768 nomen
592 4709 862 4770 Baltasar,
901 4717 957 4762 et
1013 4723 1139 4761 vera
1168 4707 1327 4771 visio,
1387 4717 1439 4761 et
1485 4709 1844 4776 mandatum;
1882 4717 1938 4764 et

362 4802 654 4860 multitudo
695 4801 852 4855 fortis
896 4799 1160 4871 intelliget
1221 4799 1561 4864 mandatum,
1615 4810 1669 4855 et
1694 4801 1933 4857 intellexi

361 4895 494 4950 illud
520 4895 574 4949 in
609 4893 839 4948 visione.

429 4987 487 5041 2.
525 4986 585 5039 In
618 4984 812 5039 diebus
848 4983 956 5037 illis
1015 4996 1115 5053 ego
1166 4980 1354 5036 Daniel
1391 4996 1541 5036 erant
1590 4981 1782 5053 lugens
1826 4990 1936 5038 tres

361 5076 751 5134 hebdomadas.

431 5170 485 5224 5.
527 5167 730 5223 Panem
766 5164 1160 5221 desideriorum
1187 5178 1296 5218 non
1341 5162 1577 5227 comedi,
1610 5169 1665 5216 et
1690 5177 1842 5227 caro,
1883 5173 1937 5218 et

361 5262 547 5315 vinum
588 5275 695 5314 non
727 5259 1053 5313 introierunt
1078 5260 1128 5313 in
1170 5272 1231 5311 os
1263 5271 1443 5309 meum
1474 5274 1488 5308 :
1529 5255 1649 5310 oleo
1692 5270 1800 5309 non
1837 5272 1938 5310 un-

364 5361 487 5409 ctus
514 5366 658 5415 sum,
683 5351 859 5407 donec
887 5363 1322 5406 consummarem
1368 5361 1469 5417 ego
1505 5355 1613 5402 tres
1642 5346 1938 5401 hebdoma-

363 5447 461 5500 das
489 5443 728 5499 dierum.

431 5538 487 5592 4.
525 5534 593 5592 Et
620 5534 824 5590 factum
861 5543 942 5588 est
969 5533 1058 5588 die
1104 5540 1298 5602 quarta
1347 5540 1401 5586 et
1435 5530 1693 5601 vigesima
1733 5529 1938 5586 mensis

364 5628 547 5699 primi,
588 5636 642 5682 et
668 5641 769 5697 ego
798 5639 950 5701 eratn
987 5636 1151 5692 super
1185 5622 1389 5679 labium
1417 5620 1568 5678 fluvii
1603 5623 1808 5693 magni,
1843 5621 1937 5692 qui

358 5728 445 5774 est
482 5715 680 5787 Tigris.

410 5814 486 5869 -5.
532 5812 592 5866 Et
622 5809 790 5866 levavi
823 5808 1014 5867 oculos
1043 5821 1215 5877 meos,
1257 5816 1310 5865 et
1365 5806 1495 5874 vidi,
1529 5814 1583 5862 et
1614 5819 1743 5861 ecce
1771 5802 1938 5859 homo

2038 4600 2265 4671 Περσῶν
2298 4604 2625 4674 πρόσταγμα
2655 4606 2868 4679 ἐδείχθη
2889 4607 2968 4677 τῷ
2997 4611 3212 4681 Δανιὴλ,
3245 4612 3304 4675 ὃς
3337 4612 3614 4685 ἐπεκλήθη

2036 4691 2097 4743 τὸ
2125 4691 2298 4761 δνομα
2326 4692 2610 4765 Βαλτάσαρ
2632 4710 2645 4728 ο
2687 4696 2782 4749 xui
2820 4697 3019 4767 ἀληθὲς
3069 4699 3130 4751 τὸ
3172 4701 3353 4770 ὅραμα
3377 4740 3392 4765 ,
3430 4700 3523 4754 xui
3554 4703 3616 4755 τὸ

2038 4783 2369 4853 πρόσταγμα
2389 4801 2401 4813 ·
2432 4785 2528 4838 xui
2560 4785 2621 4838 τὸ
2644 4786 2846 4858 πλῆθος
2865 4788 2927 4841 τὸ
2955 4791 3176 4860 ίσχυρὸν
3198 4791 3613 4862 διανοηθήσεται

2037 4874 2097 4927 τὸ
2136 4874 2488 4947 πρόσταγμα,
2524 4878 2619 4931 xui
2643 4877 2926 4951 διενοήθην
2967 4894 3027 4936 -ι-
3057 4882 3188 4935 αὐτὸ
3215 4884 3272 4934 ἐν
3298 4881 3533 4952 ὁράματι
3552 4883 3609 4953 /.

2107 4966 2161 5021 2.
2203 4968 2290 5021 Ἑν
2310 4968 2429 5030 ταῖς
2448 4971 2681 5041 ἡμέραις
2702 4971 2933 5035 ἐκείναις
2961 4970 3072 5039 ἐγὼ
3098 4972 3292 5044 Δανιὴλ
3314 4974 3463 5044 ήμην
3491 4990 3616 5026 πεν-

2038 5056 2147 5112 θῶν
2177 5062 2324 5130 τρεῖς
2351 5059 2671 5131 ἑϐδομάδας.

2107 5152 2161 5206 5.
2196 5153 2395 5223 ΙἌρτον
2429 5153 2736 5224 ἐπιθυμιῶν
2781 5155 2882 5207 οὐκ
2928 5154 3150 5223 ἔφαγον,
3184 5156 3275 5209 καὶ
3302 5156 3491 5227 κρέας,
3522 5157 3615 5211 xui

2036 5240 2179 5306 οἶνος
2200 5244 2299 5297 οὐκ
2329 5243 2580 5312 εἰσῆλθεν
2607 5246 2688 5309 εἰς
2711 5244 2773 5297 τὸ
2794 5245 2969 5316 στόμα
3000 5263 3124 5316 μου,
3156 5246 3330 5300 ἔλαιον
3350 5247 3451 5300 οὐκ
3474 5247 3617 5318 ἠλει-

2036 5337 2247 5408 ψάμην,
2275 5338 2379 5402 ἕως
2401 5336 2495 5393 τοῦ
2525 5338 2842 5393 συντελέσαι
2878 5356 2943 5410 με
2970 5339 3070 5405 τὰς
3118 5343 3270 5412 τρεῖς
3312 5340 3616 5411 ἐὸδομάδας

2037 5429 2145 5483 τῶν
2164 5431 2408 5501 ήμερῶν.

2109 5522 2163 5576 4.
2199 5522 2310 5576 Καὶ
2339 5522 2554 5589 ἐγένετο
2581 5525 2644 5593 τῇ
2688 5522 2868 5593 ἡμέρα
2916 5525 2981 5591 τῇ
3017 5522 3251 5593 τετάρτῃ
3311 5521 3406 5574 xui
3441 5522 3617 5576 εἰκάδι

2039 5611 2131 5667 τοῦ
2166 5612 2334 5683 μηνὸς
2364 5611 2458 5665 τοῦ
2481 5610 2720 5684 πρώτου,
2754 5611 2847 5664 xui
2865 5608 2974 5680 ἐγὼ
2999 5611 3145 5682 ήμην
3164 5610 3258 5661 ἐπὶ
3282 5608 3375 5661 τοῦ
3403 5608 3619 5679 χείλους

2040 5703 2130 5757 τοῦ
2171 5702 2414 5774 ποταμοῦ
2446 5702 2540 5757 τοῦ
2568 5702 2827 5774 μεγάλου,
2860 5703 2919 5767 ὃς
2945 5703 3060 5756 ἐστι
3092 5701 3320 5772 Τίγρης.

2113 5800 2164 5853 5.
2197 5797 2307 5851 Καὶ
2329 5792 2435 5869 ᾖρκ
2461 5797 2586 5859 τοὺς
2606 5794 2915 5866 ὀφθαλμούς
2945 5812 3067 5865 μου,
3095 5794 3187 5847 xui
3208 5789 3364 5862 εἶδον,
3387 5790 3484 5848 xui
3507 5788 3614 5847 ἰδοὺ
