4064 6430
398 455 545 512 ⁸1821

1839 458 2070 516 CAPUT
2109 461 2179 516 Χ.

3521 472 3678 529 2822‹

402 573 695 644 ἄνθρωπος
746 566 828 635 εἷς
861 572 1212 643 ἐνδεδυμένος
1253 573 1503 646 βύσσινα.
1562 575 1656 628 καὶ
1682 576 1781 646 τὴν
1829 578 1986 646 ὀσφὺν

2103 593 2246 633 unus
2281 578 2514 636 vestitus
2544 580 2804 652 hyssinis,
2828 592 2880 639 et
2908 600 3067 663 renes
3093 588 3322 644 accincti
3341 588 3587 661 byssina;
3614 601 3668 647 et

403 661 847 730 περιεζωσμένος
903 660 1159 732 βυσσίνῳ,
1217 663 1311 715 καὶ
1340 664 1402 715 ὲκ
1438 662 1607 733 μέσου
1653 664 1818 718 αὐτοῦ
1851 666 1987 736 φῶς,

401 753 497 807 καὶ
529 752 589 805 τδ
627 752 804 820 στόμα
832 752 998 805 αὐτοῦ
1038 753 1170 806 ὡσεὶ
1195 753 1489 821 θαλάσσης.

470 848 524 901 6.
559 847 670 898 Καὶ
704 845 764 898 τὸ
786 845 1077 917 πρόσωπον
1098 846 1262 900 αὐτοῦ
1296 847 1428 899 ὡσεὶ
1454 850 1641 918 ὅρασις
1675 848 1987 919 ἀστραπῆς,

401 938 495 994 καὶ
515 939 566 990 οἱ
587 936 854 1006 ὀφθαλμοὶ
880 934 1046 990 αὐτοῦ
1085 936 1217 989 ὡσεὶ
1257 938 1539 1007 λαμπάδες
1579 939 1768 1009 πυρὸς,
1817 940 1909 992 καὶ
1938 942 1989 992 oi

404 1028 689 1101 βραχίονες
716 1027 907 1093 αὐτοῦ,
943 1029 1038 1081 καὶ
1074 1031 1120 1081 οί
1153 1029 1309 1091 πόδες
1344 1029 1475 1081 ὡσεὶ⁸
1498 1030 1697 1099 χαλκὸς
1720 1030 1988 1103 ἐξαστρά-

401 1137 573 1183 πτων,
596 1119 690 1171 καὶ
710 1119 864 1189 φωνὴ
889 1118 1079 1183 λαλιᾶς
1113 1120 1276 1173 αὐτοῦ
1308 1119 1438 1172 ὡσεὶ
1464 1120 1618 1192 φωνὴ
1663 1121 1928 1190 θορύϐου.

471 1212 525 1265 7.
561 1211 671 1263 Καὶ
704 1207 843 1263 εἶδον
877 1210 986 1278 ἐγὼ
1014 1211 1212 1284 Δανιὴλ
1236 1212 1334 1283 τὴν
1373 1214 1562 1283 ὅρασιν
1598 1212 1697 1283 τὴν
1744 1214 1988 1283 μεγάλην

398 1303 625 1372 ταύτην,
652 1303 746 1356 καὶ⁴
779 1305 828 1356 οί
851 1302 1129 1373 ἄνθρωποι
1158 1307 1205 1357 οἱ
1236 1304 1393 1367 ὄντες
1422 1306 1541 1374 μετ’
1570 1306 1702 1376 ἐμοῦ
1730 1307 1830 1359 οὐκ
1850 1306 1987 1358 εἴδο-

403 1413 501 1449 σαν
520 1396 619 1466 τὴν
652 1397 843 1467 ὅρασιν
864 1396 1088 1467 ταύτην,
1121 1397 1214 1451 καὶ
1250 1397 1419 1465 φόϐος
1458 1398 1676 1469 ξσχυρὸς
1718 1399 1989 1453 ἐπέπεσεν

405 1489 486 1541 ἐπ’
517 1487 737 1551 αὐτοὺς,
768 1487 863 1540 καὶ
889 1487 1204 1558 ἀπέδρασαν
1230 1488 1288 1540 ἐν
1327 1488 1557 1559 σπουδῇ.

469 1578 521 1631 8.
545 1577 657 1632 Καὶ
684 1576 795 1645 ἐγὼ
817 1578 1180 1648 κατελείφθην
1213 1579 1393 1648 μόνος,
1424 1580 1517 1632 καὶ
1555 1575 1697 1634 εἶδον
1720 1580 1817 1651 τὴν
1854 1580 1987 1651 ὅρα-

404 1686 487 1725 σιν
509 1670 609 1739 τὴν
647 1667 893 1738 μεγάλην
919 1669 1144 1738 ταύτην,
1179 1669 1273 1722 καὶ
1301 1670 1360 1722 οὐ
1396 1669 1722 1741 κατελείφθη
1764 1672 1837 1727 ὲν,
1863 1672 1987 1740 ἐμοὶ

404 1758 574 1830 ἰσχύς·
619 1761 715 1813 καὶ
751 1760 860 1813 ίδοὺ
898 1760 1116 1831 πνεῦμα
1149 1761 1587 1833 ἐπεστράφηὲπ’
1621 1763 1721 1832 ἐμὲ
1751 1764 1828 1828 είς
1858 1762 1989 1833 φθο-

403 1852 522 1923 ρὰν.
549 1853 643 1904 καὶ
675 1852 736 1903 οὐ
776 1852 1111 1921 κατίσχυσα.-

2096 671 2164 727 de
2194 671 2373 725 medio
2404 672 2526 742 ejus
2548 672 2663 740 lux,
2696 682 2750 729 et
2787 688 2849 730 os
2881 677 3000 747 ejus
3038 679 3192 748 quasi
3221 680 3412 736 maris.

2161 853 2216 908 6.
2259 854 2325 907 Et
2361 853 2530 909 facies
2558 855 2684 924 ejus
2708 857 2867 926 quasi
2899 858 3107 926 species
3140 857 3394 930 fulguris,
3433 870 3486 914 et
3521 863 3667 917 oculi

2092 944 2210 1014 ejus
2251 947 2407 1015 quasi
2434 947 2709 1016 lampades
2740 948 2902 1018 ignis,
2930 956 2983 1002 et
3012 948 3231 1003 brachia
3261 950 3382 1019 ejus
3418 960 3472 1005 et
3504 953 3669 1021 pedes

2092 1038 2246 1107 quasi
2277 1054 2350 1092 aes
2382 1038 2655 1108 refulgens
2682 1057 2695 1094 :
2740 1049 2796 1094 et
2826 1054 2929 1093 vox
2968 1039 3195 1110 loquela:
3224 1041 3343 1111 ejus
3377 1043 3535 1111 quasi
3561 1058 3667 1097 vox

2093 1125 2283 1180 turbae.

2166 1215 2217 1270 7.
2260 1214 2323 1273 Et
2348 1215 2456 1269 vidi
2485 1232 2584 1286 ego
2611 1215 2799 1271 Daniel
2844 1217 3105 1272 visionem
3146 1218 3286 1273 hanc
3324 1227 3667 1289 magnam,et

2094 1308 2363 1373 homines,
2394 1308 2486 1375 qui
2518 1319 2672 1363 erant
2704 1324 2915 1363 mecum
2948 1325 3056 1363 non
3099 1309 3350 1365 viderunt
3400 1311 3665 1366 visionem

2092 1397 2233 1451 hanc
2262 1415 2276 1452 :
2312 1406 2364 1451 et
2394 1407 2571 1452 terror
2606 1399 2895 1455 vehemens
2917 1400 3076 1454 irruit
3105 1416 3269 1470 super
3318 1415 3435 1467 eos,
3493 1410 3544 1456 et
3571 1416 3668 1455 au-

2091 1489 2350 1559 fugerunt
2387 1488 2652 1543 celeriter.

2160 1580 2215 1636 8.
2260 1577 2325 1632 Et
2355 1594 2457 1648 ego
2487 1578 2779 1635 derelictus
2810 1594 2928 1633 sum
2965 1579 3136 1643 solus,
3164 1587 3219 1633 et
3256 1579 3363 1633 vidi
3396 1580 3662 1633 visionem

2090 1685 2343 1739 magnam
2380 1670 2522 1724 hanc
2553 1687 2565 1723 :
2597 1677 2652 1724 et
2683 1683 2787 1722 non
2832 1668 3020 1727 relicta
3045 1678 3128 1722 est
3179 1669 3233 1722 in
3265 1684 3351 1723 me
3378 1668 3663 1733 fortitudo,

2090 1772 2143 1818 et
2170 1778 2298 1817 ecce
2325 1762 2549 1834 spiritus
2587 1775 2887 1818 conversus
2917 1769 2999 1815 est
3036 1760 3091 1814 in
3131 1775 3217 1815 me
3271 1760 3337 1815 ad
3392 1770 3663 1828 mortem;

2090 1862 2142 1908 et
2177 1867 2284 1906 non
2321 1852 2486 1907 habui
2521 1852 2683 1906 vires.

471 1939 523 1992 9.
556 1939 663 1992 Kal.
693 1939 793 1991 οὐκ
820 1915 1028 2009 ἥκουσα
1056 1939 1155 2010 τὴν
1190 1941 1372 2013 φωνὴν
1412 1942 1602 2005 λαλιᾶς
1638 1943 1802 1997 αὐτοῦ
1824 1961 1837 1975 ο
1874 1944 1985 2015 ἐγὼ

2156 1944 2209 1999 9.
2254 1945 2321 1997 Ει
2360 1958 2467 2013 non
2496 1942 2679 1997 audivi
2713 1958 2900 1997 vocem
2927 1943 3160 2014 loquelae
3181 1941 3341 2012 ejus:
3379 1955 3479 2011 ego
3511 1954 3665 1997 eram

400 2030 547 2101 ἥμην
570 2028 875 2092 πεπτωκὼς
901 2031 995 2082 ἐπὶ
1028 2031 1318 2100 πρόσωπόν
1356 2050 1457 2102 μου
1492 2034 1584 2086 ἐπὶ
1610 2033 1709 2105 τὴν
1737 2035 1861 2106 γῆν.

467 2120 688 2175 10..Καὶ
716 2121 825 2174 ίδοὺ
857 2123 1023 2192 χεῖρα
1045 2124 1364 2192 προσήγαγέ
1397 2141 1508 2192 μοι,
1558 2126 1652 2178 καὶ
1693 2126 1881 2197 ἦγειρέ
1915 2145 1981 2198 με

399 2211 492 2265 ἐπὶ
520 2211 629 2265 τῶν
655 2213 899 2280 γονάτων
922 2214 1015 2266 ἐπὶ
1032 2213 1102 2268 τά
1135 2215 1256 2286 ίχνη
1297 2215 1405 2268 τῶν
1436 2215 1612 2271 ποδῶν
1644 2234 1767 2287 μου.

469 2301 559 2355 11.
593 2301 701 2354 Καὶ
729 2297 887 2355 εἶπέν
921 2321 1044 2372 μοι’
1081 2304 1303 2375 Δανιὴλ,
1342 2306 1630 2376 ἄνθρωπος
1656 2308 1877 2379 ὲλεηνὸς
1911 2305 1981 2374 εί,

403 2391 707 2464 διανοήθητι
741 2396 855 2456 τοῖς
886 2395 1304 2466 προστάγμασιν
1339 2390 1422 2459 οἷς
1457 2395 1568 2465 ἐγὼ
1598 2396 1747 2450 λαλῶ
1784 2398 1876 2451 ἐπὶ
1900 2399 1980 2462 σὲ,

404 2485 492 2538 καὶ
544 2484 701 2555 στῆθι
733 2486 825 2537 ἐπὶ
852 2485 946 2539 τοῦ
984 2487 1151 2540 τόπου
1192 2505 1309 2541 σουο
1361 2489 1486 2558 ἄρτι
1516 2488 1625 2560 γάρ
1673 2490 1984 2562 ἀπεστάλην

400 2576 492 2629 ἐπί
517 2593 575 2629 σε
594 2594 605 2605 ·
631 2576 724 2629 καὶ
752 2579 809 2630 ὲν
842 2576 918 2648 τῷ
952 2577 1184 2648 λαλῆσαι
1221 2579 1384 2633 αὐτὸν
1418 2579 1535 2651 μετ’
1562 2579 1697 2651 ἐμοῦ
1728 2580 1790 2634 τὸ
1812 2581 1983 2653 πρόσ-

395 2685 583 2739 ταγμα
615 2669 793 2734 τοῦτο,
822 2669 985 2740 ἔστην
1023 2671 1262 2743 τρέμων.

470 2760 555 2812 12.
592 2758 704 2812 Καὶ
722 2756 873 2813 εἶπεν
903 2761 1043 2831 πρὸς
1073 2761 1142 2831 μέ
1161 2778 1173 2791 ’
1202 2761 1293 2831 Μὴ
1319 2760 1509 2829 φοϐοῦ,
1534 2761 1757 2832 Δανιὴλ,
1779 2763 1860 2817 ὅτι
1878 2764 1985 2818 ἀπὺ

392 2849 493 2920 τῆς
515 2850 730 2920 ἡμέρας
754 2849 852 2917 τῆς
889 2849 1135 2922 πρώτης,
1163 2845 1231 2921 ἦς
1261 2850 1469 2913 ἔδωκας
1488 2851 1548 2903 τὸ
1571 2851 1865 2921 πρόσωπόν
1890 2871 1982 2906 σου

393 2940 762 3010 διανοηθῆναι,
792 2940 886 2993 καὶ
921 2941 1328 3010 ταπεινωθῆναι
1360 2940 1601 2993 ἐναντίον
1650 2943 1853 3012 Κυρίου
1888 2944 1983 2996 τοῦ

393 3031 529 3085 Θεοῦ
564 3050 682 3097 σου,
708 3032 1041 3103 εἰσηκούσθη
1088 3032 1149 3085 τὸ
1186 3032 1340 3104 ῥῆμά
1366 3050 1491 3097 σου,
1536 3035 1630 3087 καὶ
1666 3033 1777 3103 ἐγὼ
1804 3035 1993 3106 εἰσῆλς

394 3124 487 3181 θον
515 3123 592 3195 τῷ
618 3125 824 3199 ῥήματί
859 3141 973 3179 σου.

465 3217 551 3270 15.
590 3215 748 3269 Καὶὸ
777 3214 1082 3284 στρατηγὸς
1135 3213 1399 3284 βασιλέως
1442 3216 1672 3287 Περσῶν
1702 3216 1984 3293 ἁνθειστή-
2011 3261 2052 3318 C

2086 2036 2272 2106 lapsus
2307 2035 2361 2088 in
2398 2033 2589 2089 faciem
2630 2049 2806 2089 meam
2836 2049 3000 2103 super
3026 2043 3250 2088 terram.

2158 2127 2247 2183 10.
2289 2126 2355 2181 Ει
2384 2142 2511 2182 ecce
2541 2143 2764 2181 manum
2799 2127 3063 2196 applicuit
3093 2127 3247 2192 mihi,
3297 2133 3350 2179 et
3374 2125 3545 2179 erexit
3580 2139 3667 2179 me

2084 2219 2139 2275 in
2167 2217 2807 2289 genubussnperplantas
2838 2220 3033 2285 pedum
3065 2229 3328 2269 meorum.

2156 2307 2244 2362 11.
2286 2306 2351 2361 Et
2371 2308 2509 2362 dixit
2535 2307 2703 2360 mihi:
2741 2304 2947 2371 Daniel,
2970 2305 3135 2359 homo
3170 2302 3558 2358 misericordiae
3580 2317 3664 2371 es,

2087 2400 2457 2454 animadverte
2486 2398 2738 2451 mandata
2762 2435 2776 2460 ,
2806 2412 2927 2466 qua:
2943 2411 3043 2467 ego
3076 2396 3271 2464 loquor
3314 2393 3379 2447 ad
3414 2401 3486 2455 te,
3508 2402 3555 2446 et
3581 2402 3665 2447 sta

2085 2492 2141 2547 in
2175 2493 2298 2546 loco
2331 2502 2464 2557 tuo;
2500 2491 2659 2544 modo
2697 2489 2842 2543 enim
2876 2488 3079 2542 missus
3103 2502 3222 2541 sum
3265 2484 3331 2538 ad
3365 2495 3436 2539 te.
3488 2481 3661 2540 Cum-

2085 2598 2194 2654 que
2225 2580 2679 2652 loquereturipse
2721 2594 2935 2634 mecum
3004 2577 3322 2632 mandatum
3371 2575 3495 2642 hoc,
3540 2575 3666 2631 steti

2084 2683 2294 2730 trelnen
2305 2690 2350 2729 s.

2156 2762 2239 2823 12.
2286 2761 2350 2815 Ει
2380 2761 2515 2815 dixit
2546 2762 2611 2815 ad
2656 2776 2780 2815 me:
2815 2758 2893 2814 Nc
2930 2759 3150 2822 timeas,
3206 2756 3414 2822 Daniel,
3447 2758 3574 2827 quia
3599 2772 3663 2811 ex

2084 2852 2169 2906 die
2199 2852 2397 2921 prima,
2426 2866 2533 2919 qua
2572 2848 2771 2903 dedisti
2808 2847 3002 2902 faciem
3031 2858 3179 2901 tuam
3241 2848 3307 2901 ad
3360 2848 3667 2917 recogitan-

2084 2945 2213 2999 dum
2257 2951 2310 2996 et
2353 2942 2697 3012 amigendum
2761 2948 2817 2995 te
2854 2955 3039 2993 coram
3097 2937 3329 2992 Domino
3372 2937 3483 2991 Deo
3546 2948 3663 3002 luo,

2083 3035 2398 3091 exauditum
2426 3044 2512 3091 cst
2545 3033 2771 3089 verbum
2805 3041 2958 3087 tuum
2983 3074 2997 3098 ,
3038 3041 3092 3085 et
3142 3046 3242 3101 ego
3273 3030 3469 3086 adveni
3498 3031 3665 3085 verbo

2087 3136 2203 3181 tuo.

2159 3221 2244 3273 15.
2287 3217 2352 3272 Et
2418 3216 2528 3271 dux
2550 3216 2695 3285 regis
2739 3214 3031 3271 Persarum
3080 3216 3284 3271 restitit
3325 3231 3390 3271 ex
3432 3215 3664 3271 adverso

392 3324 477 3367 κει
507 3307 752 3360 ἐναντίον
788 3323 889 3376 μου
920 3306 1094 3359 εἴκοσι
1125 3307 1219 3358 καὶ
1268 3306 1398 3376 μίαν
1434 3307 1680 3379 ἡμέραν
1729 3308 1823 3362 καὶ
1875 3309 1982 3365 ἰδοὺ

2088 3310 2221 3366 mihi
2249 3309 2438 3379 viginti
2468 3318 2522 3364 et
2546 3322 2655 3362 uno
2677 3308 2906 3363 diebus:
2937 3317 2989 3363 et
3020 3323 3146 3362 ecce
3169 3306 3395 3363 Michael
3425 3324 3567 3363 unus
3598 3308 3666 3363 de

390 3397 611 3471 Μιχαὴλ
633 3392 713 3461 εἷς
743 3396 850 3451 τῶν
889 3397 1166 3466 ἀρχόντων
1205 3396 1315 3450 τῶν
1350 3397 1584 3470 πρώτων
1617 3398 1821 3469 ἐπῆλθε
1854 3399 1984 3473 βοη-

392 3491 554 3562 θῆσαί
588 3508 698 3561 μοι,
732 3491 826 3545 καὶ
856 3491 1017 3543 αὑτὸν
1049 3492 1168 3543 ἐκεῖ
1191 3490 1482 3544 κατέλιπον
1521 3490 1662 3562 μετὰ
1690 3489 1784 3544 τοῦ
1820 3509 1986 3567 στρατ

391 3581 560 3653 τηγοῦ
585 3582 679 3635 τοῦ
714 3581 982 3653 βασιλέως
1004 3582 1249 3652 Περσῶν.

463 3675 551 3728 Η.
582 3674 695 3727 Καὶ
720 3670 874 3726 εἶπέν
905 3668 1227 3744 μοι’τΗλθον
1253 3672 1531 3738 ὑποδεῖξαί
1564 3691 1645 3726 σοι
1670 3673 1723 3726 τί
1748 3674 1986 3745 ὑπαντή-

395 3782 549 3818 σεται
592 3765 669 3836 τῷ
697 3764 812 3836 λαῷ
842 3782 937 3818 σου
973 3765 1061 3816 ἐπ’
1085 3764 1320 3835 ἐσχάτου
1357 3764 1465 3819 τῶν
1494 3766 1739 3838 ἡμερῶν⁸
1765 3767 1846 3821 ἔτι
1877 3767 1983 3838 γὰρ

391 3859 580 3929 ὅρασις
606 3860 685 3922 εἰς
712 3857 950 3929 ἡμέρας.

464 3948 549 4003 15.
574 3951 683 4003 Καὶ
716 3952 775 4003 ὲν
821 3949 901 4020 τῷ
940 3950 1105 4005 αὑτὸν
1137 3950 1368 4021 λαλῆσαι
1406 3952 1522 4020 μετ’
1555 3948 1690 4020 ἐμοῦ
1724 3951 1793 4005 τά
1816 3969 1986 4023 προσ-

391 4040 649 4113 τάγματα
683 4041 875 4108 ταῦτα,
911 4042 1089 4096 ἔδωκα
1122 4042 1187 4096 τὸ.
1241 4041 1534 4114 πρόσωπόν
1585 4059 1688 4114 μου
1741 4043 1835 4096 ἐπὶ
1885 4043 1986 4115 τὴν

393 4134 520 4209 γῆν,
545 4136 640 4189 καὶ
668 4136 976 4207 ἐσιώπησα.

464 4227 553 4283 16.
588 4227 699 4281 Καὶ
735 4226 844 4283 ἰδοὺ
869 4226 945 4291 ὡς
971 4226 1237 4299 ὁμοίωσις
1267 4225 1448 4297 χειρὸς
1496 4223 1785 4298 ἀνθρώπου
1808 4225 1984 4297 ἣψατό

398 4336 497 4388 μου
534 4318 645 4372 τῶν
671 4318 919 4390 χειλέων,
961 4319 1059 4371 καὶ
1088 4316 1276 4389 ῆνοιξα
1301 4318 1362 4371 τὸ
1392 4317 1566 4387 στόμα
1592 4335 1716 4389 μου,
1746 4318 1840 4371 καὶ
1862 4318 1986 4372 ἐλά-

388 4411 552 4487 λησα,
591 4411 687 4465 καὶ
722 4406 852 4465 εἶπα
887 4411 965 4482 τῷ
998 4410 1253 4482 ἑστηκότι
1288 4409 1555 4464 ἀπέναντί
1613 4426 1738 4479 μου·
1774 4409 1980 4482 Κύριε·

393 4502 488 4556 καὶ
509 4503 584 4567 ὼς
600 4505 791 4574 ὅρασις
816 4504 1138 4575 ἐπεστράφη
1160 4502 1253 4555 ἐπὶ
1278 4502 1338 4556 τὸ
1359 4501 1588 4574 πλευρόν
1612 4518 1713 4573 μου
1741 4503 1829 4555 ἐπ’
1858 4501 1980 4573 ἐμὲ,

393 4595 487 4649 καὶ
511 4596 612 4650 οὐκ
640 4592 708 4668 ἦν
741 4595 829 4648 ἐπ’
855 4597 979 4665 ἐμοὶ
1010 4595 1184 4666 ἰσχύς.

466 4688 552 4742 17.
589 4690 700 4743 Καὶ
735 4687 1165 4758 πῶςηδυνήσεται
1205 4688 1233 4739 ὁ
1269 4688 1400 4750 παῖς
1432 4685 1665 4757 λαλῆσαι
1712 4685 1850 4755 μετὰ
1889 4684 1983 4740 τοῦ

393 4779 599 4853 Κυρίου
633 4780 829 4847 aii-:05;
857 4780 963 4833 Καὶ
1010 4777 1122 4847 ἐγὼ
1153 4777 1453 4849 ἠσθένησα,
1498 4777 1592 4830 καὶ
1622 4777 1720 4829 οὐκ
1755 4776 1902 4831 ἔστιν
1929 4778 1986 4831 ὲν

393 4872 516 4942 ἐμοὶ
549 4873 725 4941 ἰσχὺς,
746 4870 839 4925 καὶ
868 4869 1087 4941 πνεῦμα
1114 4869 1174 4923 οὐ
1216 4867 1547 4938 κατελείφθη
1580 4870 1639 4921 ὲν
1661 4868 1805 4936 ἐμοί.

466 4961 534 5016 18
588 4962 697 5015 Καὶ
726 4961 1064 5032 προσέθηκε,
1095 4961 1189 5015 καὶ
1208 4959 1383 5031 ἥψατο
1418 4976 1520 5030 μου
1550 4959 1626 5022 ὡς
1667 4961 1858 5031 ὅρασις
1890 4959 1986 5013 ἀν-

393 5056 638 5128 θρώπου,
666 5057 761 5110 καὶ
791 5055 1093 5127 κατίσχυσέ
1125 5072 1215 5126 με.

463 5146 552 5204 19.
576 5148 687 5201 Καὶ
713 5143 865 5201 εῖπέν
886 5164 996 5219 μοι’
1024 5147 1348 5218 Ἀνθρωπος
1366 5145 1584 5216 ἐλεηνὺς
1614 5141 1685 5209 εἴ,
1704 5147 1777 5218 μὴ
1794 5144 1985 5216 φοϐοῦ,

394 5238 624 5310 ΰγνίαινε.
659 5239 935 5315 άνδρίζου,
968 5238 1063 5293 καὶ
1092 5239 1245 5309 ἴσχυε
1265 5253 1279 5266 θ
1312 5237 1410 5291 καὶ
1436 5238 1492 5290 ἐν
1515 5236 1591 5308 τῷ
1633 5237 1866 5308 λαλῆσαι
1888 5239 1988 5292 αὐ-

389 5328 484 5382 τὸν
515 5330 634 5399 μετ’
662 5328 797 5401 ἐμοῦ
822 5331 1045 5400 ἴσχυσα,
1077 5330 1174 5384 καὶ
1197 5324 1330 5383 εἶπα
1352 5346 1365 5359 ·
1388 5327 1695 5399 Λαλησάτω
1717 5330 1745 5384 ὁ
1786 5328 1992 5401 Κύριός

396 5436 518 5490 μου,
550 5421 632 5474 ὅτι
664 5420 915 5491 ὲνίσχυσέ
952 5438 1042 5492 με.

460 5510 548 5565 9.0.
582 5511 695 5566 Καὶ
716 5508 873 5566 εἶπεν
918 5512 1059 5582 πρὸς
1106 5512 1175 5583 μέ
1196 5528 1209 5542 ·
1244 5509 1542 5573 Γινώσκεις
1563 5510 1616 5564 τί
1649 5506 1812 5582 ἦλθον
1854 5511 1993 5580 πρὸς

395 5603 492 5668 σέ;
533 5604 630 5659 καὶ
653 5602 750 5657 νῦν
777 5604 1095 5677 ἐπιστρέψω
1120 5604 1485 5676 διαμάχεσθαι
1520 5603 1660 5674 μετὰ
1698 5601 1793 5656 τοῦ
1826 5618 1994 5673 στραο

392 5694 564 5763 τηγοῢ
597 5695 866 5766 βασιλέως
881 5695 989 5750 τῶν
1014 5695 1262 5765 Περσῶν.
1295 5697 1408 5750 Καὶ
1425 5693 1536 5764 ἐγὼ
1564 5691 1991 5767 ὲξεπορευὸμηγ.

397 5784 490 5837 καὶ
508 5782 617 5837 ἰδοὺ
653 5785 962 5856 στρατηγὸς
998 5783 1269 5855 Ἐλλήνων
1299 5783 1705 5855 εἰσεπορεύετο.

467 5872 558 5931 Si.
586 5875 693 5930 Καὶ
724 5875 867 5945 μάλα
902 5874 1169 5942 ὑποδείξω
1192 5892 1276 5928 σοι
1307 5875 1373 5929 τὰ
1401 5876 1593 5947 πρῶτα
1615 5877 1674 5930 ὲν
1696 5876 1990 5946 ἀπογραφῇ

2086 3402 2427 3475 principibus
2449 3401 2640 3471 primis
2670 3401 2985 3471 supervenit
3013 3401 3081 3455 ad
3112 3402 3483 3456 auxiliandum
3508 3401 3663 3468 mihi,

2084 3504 2140 3552 et
2174 3495 2353 3564 ipsum
2380 3494 2455 3550 ibi
2494 3493 2690 3564 reliqui
2713 3509 2847 3548 cum
2879 3495 3016 3549 duce
3039 3493 3181 3564 regis
3220 3492 3530 3549 Persarum.

2161 3678 2249 3732 H.
2294 3677 2358 3732 Et
2390 3677 2527 3732 di\it
2557 3677 2729 3731 mihi:
2771 3675 2927 3743 Veni,
2976 3685 3037 3730 ut
3077 3676 3507 3730 demonstrarent
3543 3674 3660 3743 tibi,

2085 3766 2215 3838 quid
2247 3766 2496 3821 ohveniet
2530 3766 2729 3835 p0pulo
2762 3776 2857 3820 tuo
2886 3766 2938 3819 in
2973 3765 3272 3820 novissimo
3300 3764 3541 3832 dierum;
3566 3766 3664 3820 ad—

2090 3860 2199 3914 huc
2236 3858 2381 3912 enim
2428 3858 2566 3913 visio
2602 3859 2655 3911 in
2689 3858 2828 3913 dies.

2159 3951 2247 4004 15.
2281 3949 2529 4017 Cumque
2580 3949 2698 4018 ipse
2755 3949 3074 4018 loqueretur
3116 3963 3333 4004 mecum
3406 3947 3664 4003 mandata

2085 4042 2220 4107 haec,
2257 4041 2380 4096 dedi
2408 4038 2602 4094 faciem
2638 4054 2816 4094 meam
2848 4054 3012 4109 super
3041 4048 3259 4106 terram,
3293 4049 3347 4094 et
3376 4041 3524 4095 silui.

2158 4224 2245 4280 16.
2289 4222 2355 4278 Ει
2383 4237 2512 4278 ecce
2544 4221 2701 4293 quasi
2735 4222 3036 4278 similitudo
3082 4237 3277 4278 manus
3308 4221 3546 4277 hominis
3589 4235 3667 4279 te‘

2085 4317 2205 4388 tigit
2233 4316 2373 4371 labia
2407 4331 2550 4377 mea,
2582 4322 2636 4369 et
2687 4315 2873 4384 aperui
2908 4330 2969 4369 os
2993 4329 3197 4380 meum,
3227 4313 3665 4381 etlocutnssum,

2084 4421 2139 4468 et
2175 4409 2286 4465 dixi
2322 4411 2396 4476 ei,
2432 4410 2524 4479 qui
2552 4410 2732 4465 stabat
2756 4423 2940 4471 coram
2974 4424 3061 4464 me
3092 4427 3106 4463 :
3164 4406 3423 4473 Domine;
3471 4418 3523 4461 et
3547 4414 3667 4461 tan-

2086 4519 2250 4575 quam
2284 4502 2422 4557 visio
2445 4517 2708 4557 conversa
2731 4511 2813 4556 est
2838 4502 2891 4557 in
2923 4503 3064 4557 latus
3090 4516 3463 4571 meumsuper
3488 4515 3593 4566 me,
3615 4507 3670 4555 et

2017 4599 2059 4655 D
2091 4613 2197 4652 non
2233 4594 2337 4651 fuit
2369 4596 2423 4649 in
2455 4610 2541 4648 me
2573 4593 2854 4649 fortitudo.

2164 4688 2251 4742 17.
2297 4685 2652 4758 thuomodo
2674 4687 2879 4762 poterit
2903 4699 3095 4749 servus
3120 4685 3269 4757 loqui
3292 4699 3416 4740 cum
3439 4683 3672 4740 Domino

2090 4781 2228 4837 suo?
2256 4781 2323 4835 Et
2349 4794 2450 4848 ego
2478 4776 2675 4843 defeci,
2727 4785 2915 4832 etnon
2946 4786 3029 4833 est
3077 4778 3132 4832 in
3173 4792 3260 4831 me
3292 4775 3579 4842 fortitudo,
3616 4785 3673 4833 et

2088 4873 2315 4943 spiritus
2340 4884 2449 4925 non
2473 4869 2696 4924 relictus
2725 4879 2807 4925 est
2842 4870 2894 4923 in
2926 4885 3034 4925 me.

2162 4962 2249 5017 18.
2292 4959 2358 5014 Ει
2386 4961 2663 5040 apposuit,
2691 4968 2753 5017 et
2766 4962 2942 5033 tetigit
2961 4976 3047 5017 me
3069 4959 3227 5031 quasi
3250 4958 3391 5016 visio
3408 4960 3667 5026 hominis,

2088 5064 2142 5111 et
2165 5053 2492 5110 conforlavit
2519 5068 2622 5107 me.

2162 5143 2249 5205 19.
2292 5141 2515 5200 Etdixit
2537 5143 2670 5198 mihi
2697 5158 2710 5195 :
2741 5141 2919 5198 Homo
2945 5139 3334 5197 misericordiae
3377 5156 3458 5209 es,
3481 5156 3549 5197 ne
3588 5143 3671 5197 ti-

2090 5235 2463 5300 meas:vale,,
2499 5234 2729 5289 viriliter
2759 5248 2878 5304 age,
2935 5241 2990 5287 et
3038 5231 3372 5288 confortare.
3423 5230 3674 5303 Cumque

2091 5327 2411 5397 loqueretur
2436 5327 2556 5396 ipse
2586 5340 2822 5390 mecum,
2875 5322 3219 5380 confortatus
3264 5340 3409 5392 sum,
3446 5334 3501 5381 et
3527 5326 3670 5381 dixi:

2092 5417 2373 5495 Loquatur
2400 5416 2665 5472 Dominus
2693 5430 2869 5481 meus,
2898 5415 3027 5485 quia
3066 5414 3397 5473 confortavit
3423 5433 3527 5472 me.

2160 5509 2253 5563 20.
2298 5507 2364 5562 Et
2397 5508 2531 5563 dixit
2564 5507 2631 5561 ad
2664 5521 2749 5560 me
2777 5525 2791 5562 :
2824 5505 3122 5576 Cognoscis
3140 5522 3312 5574 quare
3336 5505 3576 5562 venerim
3607 5506 3673 5558 ad

2093 5602 2179 5658 te?
2205 5600 2271 5661 Et
2302 5616 2451 5656 nunc
2482 5607 2722 5655 revertar
2751 5599 2817 5655 ad
2846 5596 3194 5671 pugnandum
3222 5612 3347 5652 cum
3372 5598 3509 5651 duce
3533 5596 3673 5662 regis

2092 5692 2404 5749 Persarum.
2442 5690 2510 5745 Et
2539 5704 2642 5762 ego
2669 5690 2861 5759 exivi,
2939 5702 2995 5747 et
3024 5705 3151 5747 ecce
3209 5689 3320 5745 dux
3359 5688 3672 5744 Graecorum

2094 5781 2361 5840 introivit.

2172 5874 2261 5929 21.
2306 5871 2372 5929 Et
2398 5883 2526 5927 sane
2553 5869 2837 5926 ostendam
2882 5871 2979 5927 tibi
3011 5870 3281 5942 praecipua
3318 5868 3372 5923 in
3401 5864 3674 5934 scriptura
