4064 6426
346 444 487 501 232’3

1781 436 2008 492 CAPUT
2053 439 2143 492 Kl.

3454 442 3597 497 2826

347 557 466 628 ραν,
499 553 592 606 καὶ
622 552 672 604 οἰ
694 551 976 622 βραχίονες
1013 552 1275 622 βασιλέως
1309 549 1584 620 Αἰγύπτου
1634 551 1922 618 στήσονται

2037 553 2168 621 regis
2206 551 2421 622 (Egypti
2453 555 2682 607 stabunt
2703 569 2823 606 cum
2852 553 3188 622 principibus
3236 553 3372 619 suis,
3403 560 3456 608 et
3487 568 3597 606 non

347 645 486 715 μετά
517 643 625 696 τῶν
653 642 928 696 δυναστῶν
960 642 1148 708 αὑτοῦ,
1180 643 1274 696 καὶ
1302 642 1402 696 οὐκ
1420 641 1566 695 ἔσται
1589 639 1737 711 αύτῴ
1770 642 1921 711 ἰσχὺς

344 738 426 800 εἰς
450 733 510 788 τὸ
535 733 857 803 ἀντιστῆναι
885 732 1054 802 αὐτῷ.

421 825 506 880 16.
542 825 652 880 Καὶ
680 826 896 896 ποιήσει
925 825 952 877 ὁ
983 824 1432 896 εἰσπορευόμενος
1473 826 1560 878 ἐπ’
1581 824 1742 878 αὑτὸν
1783 821 1924 875 κατά

343 916 408 970 τδ
435 914 646 984 θέλημα
668 912 856 978 αὑτοῦ,
889 913 985 968 καὶ
1017 913 1115 966 οὐκ
1143 913 1292 966 ἔσται
1333 915 1361 965 ὁ
1392 912 1738 984 ἀνθεστηκὼς
1773 916 1924 966 ἐναν-

345 1008 458 1061 τίον
486 1005 648 1059 αὑτοῦ
671 1021 682 1033 ·
717 1005 812 1058 καὶ
843 1006 1100 1074 στήσεται
1143 1007 1201 1058 ἐν
1234 1007 1301 1076 τῇ
1328 1003 1514 1074 χώρᾳ,
1553 1006 1644 1057 καὶ
1686 1004 1926 1057 ἐπιτελε-

347 1097 606 1167 σθήσεται
632 1096 806 1148 πάντα
831 1093 898 1147 τὰ
925 1095 984 1147 ἐν
1005 1097 1122 1158 ταῖς
1155 1095 1345 1164 χερσὶν
1379 1093 1568 1146 αὐτοῦ.

414 1190 504 1243 17.
534 1189 643 1241 Καὶ
669 1186 832 1240 δώσει
859 1186 919 1239 τὸ
941 1186 1232 1258 πρόσωπον
1266 1184 1430 1239 αὑτοῦ
1463 1183 1710 1238 ἐπελθεῖν
1736 1183 1827 1254 βίᾳ
1865 1187 1926 1240 τὸ

347 1280 506 1352 ἔργον
556 1279 744 1345 αὐτοῦ,
803 1279 897 1332 καὶ
944 1278 1219 1350 συνθήκας
1251 1280 1370 1348 μετ’
1402 1277 1567 1332 αὐτοῦ
1601 1278 1922 1347 ποιήσεται·

348 1373 440 1427 καὶ
474 1371 747 1442 θυγατέρα
783 1369 1072 1441 ἀνθρώπου
1119 1369 1281 1423 δώσει
1321 1369 1471 1442 αὐτῷ
1505 1373 1583 1433 εἰς
1617 1371 1677 1422 τὸ
1706 1371 1926 1441 φθεῖραι

353 1466 534 1536 αὐτὴν,
560 1464 653 1518 καὶ
686 1465 748 1517 οὐ
775 1463 1042 1526 πείσεται,
1083 1463 1177 1515 καὶ
1197 1463 1297 1516 οὐκ
1321 1463 1494 1516 ἔσται.

419 1558 504 1612 13.
536 1557 648 1610 Kal
677 1555 834 1608 δώσει
861 1555 922 1608 τὸ
958 1554 1250 1626 πρόσωπον
1277 1553 1444 1606 αὑτοῦ
1469 1554 1560 1605 ἐπὶ
1587 1553 1684 1624 τὴν
1721 1551 1926 1605 θάλασ-

350 1665 467 1713 σαν,
493 1647 584 1700 καὶ
612 1645 846 1716 λήψεται
869 1646 1120 1712 πολλοὺς,
1149 1645 1242 1698 καὶ
1264 1645 1578 1714 ἐπιστρέψει
1603 1644 1772 1714 ὀργὴν
1791 1644 1927 1696 ὀνει-

346 1737 536 1808 δισμοῦ
568 1735 746 1790 αὐτῶν
778 1739 835 1790 ἐν
858 1737 1006 1808 ὅρκῳ
1044 1737 1186 1791 κατά
1219 1739 1308 1790 τὸν
1335 1736 1638 1805 ὀνειδισμὸν
1667 1733 1854 1786 αὐτοῦ.

418 1831 504 1888 l9.
557 1828 911 1899 Ἐπιστρέψει
949 1828 1011 1881 τὸ
1045 1828 1340 1899 πρόσωπον
1377 1825 1543 1880 αὑτοῦ
1587 1828 1667 1888 εἰς
1695 1827 1756 1878 τὸ
1792 1842 1926 1878 κατ-

2025 657 2185 700 erunt
2217 645 2263 700 ci
2304 646 2540 700 viresad
2572 646 2934 700 resistendum
2965 647 3038 700 ei.

2097 809 2181 861 16.
2229 808 2290 862 Et
2324 807 2505 874 faciet,
2531 808 2624 877 qui
2662 809 2961 878 ingreditur
2987 809 3250 864 adversus
3276 809 3594 878 eum,juxta

2027 903 2356 955 voluntatem
2413 915 2590 963 suam,
2639 908 2693 952 et
2723 915 2829 952 non
2858 899 2984 962 erit,
3017 897 3111 968 qui
3155 898 3378 953 resistat
3413 911 3598 951 coram

2025 1006 2090 1045 eo
2118 1008 2132 1044 :
2167 998 2220 1044 et
2251 990 2414 1044 stabit
2449 990 2502 1043 in
2548 989 2790 1059 regione,
2811 988 3233 1056 etperficienlur
3263 988 3603 1058 omnia,qu:e

2027 1081 2080 1135 in
2109 1083 2362 1137 manibus
2393 1081 2511 1151 ejus
2538 1090 2687 1136 sunt.
2850 1113 2877 1142 ,γ

2100 1173 2184 1226 17.
2229 1172 2297 1226 Et
2334 1173 2487 1227 dabit
2511 1173 2698 1228 faciem
2729 1188 2908 1238 suam,
2948 1184 3004 1227 ut
3040 1175 3230 1228 veniat
3275 1188 3371 1242 per
3403 1173 3510 1226 vim
3537 1173 3604 1226 ad

2027 1279 2163 1333 opus
2203 1280 2384 1326 suum,
2417 1275 2469 1318 et
2498 1264 2852 1320 foedera-cum
2894 1280 2958 1319 co
2991 1263 3172 1327 faciet,
3211 1274 3274 1319 ct-
3306 1264 3471 1318 filiam
3510 1265 3606 1316 lio.

2028 1357 2192 1410 minis
2224 1355 2374 1409 dabit
2403 1356 2452 1411 ei
2487 1356 2552 1410 ad
2591 1356 2916 1426 perdendam
2957 1372 3117 1421 eam;
3155 1365 3208 1411 et
3243 1370 3350 1410 non
3381 1369 3608 1426 persua-

2027 1448 2200 1514 debit,
2225 1458 2282 1502 et-
2305 1464 2410 1503 non
2442 1450 2564 1503 erit.

2101 1540 2186 1593 18.
2232 1539 2296 1593 Ει
2329 1540 2479 1595 dabit
2507 1540 2696 1595 faciem
2735 1556 2890 1595 suam
2927 1557 3093 1610 super
3132 1555 3303 1603 mare,
3348 1547 3401 1593 et
3431 1539 3608 1608 capiet

2028 1633 2248 1697 multos,
2274 1641 2328 1687 et
2359 1641 2639 1688 convertet
2666 1634 2800 1687 iram
2825 1634 3106 1703 opprobrii
3141 1648 3333 1688 eorum
3359 1633 3414 1688 in
3443 1633 3605 1704 jure-

2023 1725 2260 1795 jurando
2286 1725 2585 1779 secundum
2619 1724 2970 1795 opprobrium
2997 1740 3157 1781 suum

2102 1816 2188 1870 l9.
2231 1816 2521 1872 Convertet
2585 1816 2780 1872 faciem
2830 1832 2986 1872 suam
3039 1815 3105 1870 ad
3145 1817 3608 1871 corroborandam

353 1922 568 1993 ισχύσαι
595 1920 692 1991 τὴν
721 1919 906 1990 χώραν
927 1917 1116 1985 αὐτοῦ,
1142 1919 1237 1972 καὶ
1275 1917 1598 1990 προσκόψει,
1623 1917 1718 1970 καὶ
1742 1919 1928 1970 πεσεῖ-

2037 1908 2305 1979 regionem
2340 1924 2520 1974 suam,
2557 1918 2609 1964 et
2636 1908 2890 1974 offendet,
2950 1919 3003 1964 et
3067 1909 3241 1976 cadet,
3291 1917 3343 1964 et
3389 1924 3496 1964 non
3527 1909 3608 1963 in-

348 2031 457 2077 ται,
494 2013 589 2067 καὶ
622 2013 722 2082 οὐχ
750 2011 1131 2082 εὑρεθήσεται.

415 2108 507 2162 20.
540 2106 648 2159 Kal
671 2104 1043 2174 ἀναστήσεται
1092 2105 1158 2156 ἐκ
1199 2103 1298 2174 τῆς
1342 2101 1502 2175 ῥίζης
1546 2100 1714 2154 αὑτοῦ
1763 2099 1929 2169 φυτὸν

352 2199 624 2271 βασιλείας
657 2198 736 2262 εἰς
772 2197 1104 2261 ἀνάστασιν,
1149 2193 1292 2266 ἀνὴρ
1345 2194 1562 2248 τύπτων
1592 2193 1750 2257 δόξαν
1777 2191 1919 2261 βασι-

351 2293 502 2356 λέως.

420 2384 507 2438 2|.
534 2383 642 2436 Kal
684 2383 742 2435 ἐν
791 2382 1028 2452 ἡμέραις
1070 2379 1331 2450 ἐσχάταις
1362 2375 1805 2447 συντριϐήσεται,
1837 2373 1931 2427 καὶ

356 2466 452 2530 οὐκ
486 2477 540 2527 ἐν
563 2476 725 2546 ὀργῇ,
748 2473 871 2526 ούδέ
899 2474 957 2525 ἐν
989 2471 1231 2542 πολέμῳ·
1273 2472 1368 2524 καὶ
1421 2470 1787 2538 ἀναστήσεται
1837 2468 1932 2521 ἐπὶ

352 2567 436 2620 τὸν
472 2566 634 2620 τόπον
668 2563 832 2618 αὑτοῦ
877 2562 1388 2634 εὐκαταφρόνητος,
1432 2559 1610 2612 καὶού
1645 2558 1929 2629 δοθήσεται

349 2657 432 2712 ἐπ’
459 2656 620 2710 αὑτὸν
641 2653 768 2719 δόξα
809 2654 1096 2724 βασιλέως,
1120 2654 1212 2705 καὶ
1236 2650 1355 2723 ἥξει
1386 2650 1644 2715 ἐξάπιναν
1671 2648 1934 2718 κατισχύ-

350 2768 430 2806 σει
455 2749 707 2822 βασιλεὺς
741 2751 799 2802 ἐν
840 2745 1166 2818 κληροδοσίᾳ
1204 2744 1392 2801 αὑτοῦ.

412 2845 502 2898 22.
526 2844 635 2897 Kal
662 2843 788 2905 τοὺς
818 2841 1113 2912 βραχίονας
1133 2842 1262 2904 τοὺς
1287 2857 1412 2894 συντ
1423 2837 1672 2910 ριόέντας
1706 2836 1926 2907 συντρί-

344 2939 434 3008 ψει
459 2937 566 2990 ἀπὸ
598 2933 896 3006 προσώπου
919 2932 1108 2986 αὑτοῦ.

413 3031 504 3086 25.
533 3029 643 3082 Kal
669 3028 810 3098 μετὰ
839 3029 940 3097 τῆς
968 3027 1258 3097 διαθήκης,
1287 3025 1385 3078 καὶ
1429 3024 1600 3094 δήμου
1637 3020 1928 3088 συνταγέν-

342 3141 434 3187 τος
461 3123 575 3192 μετ’
603 3120 790 3186 αὐτοῦ,
827 3117 1280 3191 ποιήσειψεῦδος,
1318 3118 1412 3170 καὶ
1447 3116 1540 3169 ἐπὶ
1575 3114 1728 3178 ἔθνος
1779 3116 1927 3182 ἰσχυ-

343 3216 439 3288 ρὸν
468 3216 524 3268 ἐν
555 3211 820 3282 ὀλιγοστῷ
841 3210 1008 3265 ἔθνει.

411 3306 504 3361 24.
546 3304 807 3370 Ἐξάπινα
833 3301 1114 3374 ἐρημώσει
1136 3301 1312 3362 πόλιν,
1344 3299 1440 3354 καὶ
1462 3299 1680 3370 ποιήσει
1709 3298 1808 3352 ὅσα
1833 3297 1935 3351 οὐκ

345 3397 610 3467 ἐποίησαν
664 3396 713 3449 oi
772 3394 1010 3465 πατέρες
1048 3391 1237 3459 αὑτοῦ,
1278 3392 1398 3446 οὺδέ
1445 3393 1496 3445 οἰ
1536 3390 1774 3462 πατέρες
1827 3390 1935 3444 τῶν

344 3489 599 3559 πατέρων
630 3485 795 3540 αὐτοῦ
817 3503 831 3517 ο
877 3484 1156 3557 προνομὴν
1204 3485 1298 3538 καὶ
1334 3483 1507 3538 σκῦλα
1553 3483 1649 3538 καὶ
1675 3484 1936 3553 χρήματα

345 3582 533 3644 αὐτοῖς
569 3579 752 3643 δώσει,
784 3579 883 3633 καὶ
903 3579 1001 3631 ἐπὶ
1027 3578 1126 3650 τὴν
1159 3577 1313 3631 πόλιν
1343 3579 1443 3646 τὴν
1471 3575 1700 3647 ἰσχυρὰν
1723 3575 1938 3646 διανοη-

347 3676 594 3747 θήσεται,
627 3676 722 3727 καὶ
745 3673 796 3726 el.
821 3672 1078 3741 λογισμοὶ
1104 3669 1274 3724 αὑτοῦ
1311 3670 1391 3733 εἰς
1417 3669 1618 3740 μάτην.

417 3767 510 3822 25.
539 3766 648 3819 Kal
682 3762 1043 3835 ἐγερθήσεται
1077 3764 1109 3834 ή
1141 3763 1296 3833 ἰσχὺς
1327 3760 1515 3826 αὑτοῦ,
1547 3761 1642 3814 καὶ
1676 3763 1708 3831 ή
1741 3760 1938 3831 καρδία

347 3857 517 3914 αὑτοῦ
543 3859 636 3910 ἐπὶ
661 3856 753 3910 τὸν
783 3855 1012 3926 βασιλέα
1034 3853 1316 3922 Αἰγύπτου
1346 3853 1405 3906 ἐν
1441 3852 1585 3924 ὄχλῳ
1613 3851 1816 3922 πολλῷ,
1843 3853 1940 3906 καὶ¹

347 3953 379 4006 ὁ
423 3950 678 4022 βασιλεὺς
716 3949 993 4018 Αἰγύπτου
1031 3945 1440 4018 ἐρεθισθήσεται
1478 3948 1558 4008 εἰς
1609 3944 1846 4014 πόλεμον
1880 3945 1940 3996 ἐν

348 4042 496 4113 δχλῳ
535 4039 742 4112 ἰσχυρῷ
777 4039 981 4111 σφόδρα
1011 4038 1158 4105 λίαν,
1185 4038 1281 4092 καὶ
1312 4039 1374 4092 οὐ
1408 4039 1690 4110 στήσεται,
1719 4037 1802 4090 ὅτι
1825 4035 1942 4088 δια-

347 4132 676 4206 νοηθήσεται
711 4132 798 4185 ἐπ’
829 4129 992 4184 αὑτὸν
1016 4129 1248 4184 διάνοια.

421 4224 509 4280 26.
534 4225 647 4278 Καὶ
677 4221 1159 4277 καταναλώσουσιν
1214 4218 1378 4274 αὑτὸν
1430 4219 1696 4290 μέριμναι
1746 4219 1940 4284 αὑτοῦ,

351 4320 450 4374 καὶ
478 4315 918 4389 ἀποστρέψουσιν
958 4314 1123 4367 αὑτὸν
1145 4355 1158 4380 ,
1205 4312 1302 4367 καὶ
1338 4311 1806 4384 παρελεύσονται,
1848 4312 1944 4366 καὶ

352 4411 700 4480 κατασυριεῖ,
725 4408 820 4462 καὶ
856 4406 1152 4460 πεσοῦνται
1185 4405 1522 4480 τραυματίαι
1555 4404 1762 4459 πολλοί.

423 4502 512 4557 27.
541 4502 652 4555 Kal
679 4498 776 4554 δύο
826 4498 1070 4570 βασιλεῖς
1105 4499 1256 4571 μόνοι
1310 4498 1694 4568 δειπνήσουσιν
1731 4499 1825 4551 ἐπὶ
1882 4497 1943 4550 τὸ

2031 1999 2299 2054 veniatur.

2101 2091 2192 2145 20.
2237 2091 2299 2144 Et
2336 2101 2523 2159 surget
2552 2091 2619 2145 de
2643 2092 2827 2146 radice
2855 2091 2974 2161 ejus
3009 2093 3194 2160 planta
3226 2091 3378 2160 regni
3419 2089 3486 2144 ad
3527 2105 3612 2144 re-

2030 2183 2413 2247 staurandum,
2445 2184 2526 2237 vir
2557 2185 2873 2252 percutiens
2897 2183 3128 2252 gloriam
3159 2183 3323 2253 regis.

2098 2363 2188 2416 2|.
2229 2362 2295 2418 Et
2320 2364 2372 2418 iu
2400 2363 2594 2418 diebus
2630 2364 2945 2421 novissimis
2977 2374 3306 2428 conteretur,
3332 2375 3384 2419 et
3420 2380 3527 2418 non
3555 2365 3621 2417 in.

2030 2453 2132 2517 ira,
2162 2467 2341 2523 neque
2383 2453 2438 2506 in
2481 2454 2644 2509 bello.
2704 2453 2769 2507 Et
2795 2464 2985 2524 surget
3037 2469 3203 2524 super
3265 2457 3443 2511 locum
3492 2457 3613 2526 ejus

2028 2544 2474 2614 contemptibilis,
2535 2553 2589 2600 et
2637 2560 2746 2601 non
2782 2545 3002 2603 dabitur
3051 2562 3218 2616 super
3271 2563 3394 2603 eum
3440 2548 3612 2618 gloria

2030 2637 2194 2707 regis,
2231 2647 2284 2691 et
2315 2639 2497 2693 veniet
2525 2646 2786 2708 repente;
2822 2638 3273 2695 corroborabitur
3298 2654 3394 2694 rex
3419 2640 3473 2694 in
3504 2639 3616 2694 haz-

2028 2730 2262 2784 reditate
2289 2743 2410 2783 sua.

2096 2822 2187 2876 22.
2233 2821 2296 2876 Et
2327 2822 2570 2888 brachia,
2596 2838 2718 2894 quas
2747 2824 2980 2880 contrita
3010 2835 3158 2890 sunt,
3198 2834 3440 2881 conteret
3471 2840 3500 2879 a
3537 2824 3617 2878 fa-

2026 2916 2110 2969 cie
2147 2930 2266 2970 sua.

2097 3007 2188 3059 23.
2231 3005 2448 3060 Etcum
2487 3015 2835 3070 testamento,
2889 3014 2943 3060 et
3005 3007 3209 3077 pepulo
3263 3021 3447 3062 secum
3478 3020 3616 3060 con-

2024 3099 2239 3169 juneto,
2271 3096 2432 3152 faciet
2459 3097 2644 3152 dolum
2694 3116 2707 3151 :
2757 3104 2811 3152 et
2843 3106 3032 3153 contra
3077 3108 3293 3168 gentem
3332 3097 3524 3154 fortem
3562 3099 3616 3153 in

1957 3237 2002 3298 c
2034 3189 2367 3260 paucissima
2409 3199 2590 3258 gente.

2105 3281 2196 3336 24.
2241 3281 2435 3335 Statim
2480 3279 2786 3334 devastabit
2842 3280 3139 3346 civitatem,
3180 3291 3235 3336 et
3275 3279 3457 3347 faciet,
3498 3297 3620 3351 qua:

2036 3390 2143 3429 non
2171 3372 2418 3429 fecerunt
2439 3379 2622 3442 patres
2647 3372 2788 3439 ejus,
2823 3387 2999 3440 neque
3029 3380 3212 3441 patres
3243 3364 3456 3442 patrum
3475 3367 3617 3444 ejus:

2035 3462 2518 3533 depraedationem,
2548 3470 2600 3515 et
2625 3461 2818 3531 spolia,
2863 3469 2918 3515 et
2945 3462 3207 3530 pecunias
3240 3462 3320 3518 eis
3363 3462 3533 3527 dabit,
3567 3474 3621 3520 et

2035 3570 2200 3625 super
2226 3553 2414 3608 urbem
2449 3552 2644 3608 fortem
2679 3552 2937 3622 cogitabit
2965 3570 2979 3618 ;
3007 3552 3101 3608 sed
3125 3553 3482 3625 cogitationes
3501 3554 3622 3626 ejus

2038 3647 2091 3701 in
2124 3660 2349 3699 vanum.

2107 3737 2196 3792 25.
2241 3737 2308 3790 Et
2333 3735 2663 3791 excitabitur
2696 3735 2958 3792 fortitudo
2987 3737 3129 3808 ejus,
3163 3750 3216 3792 et
3245 3751 3340 3794 cor
3369 3737 3490 3808 ejus
3525 3753 3621 3793 su-

2041 3844 2135 3899 per
2161 3844 2342 3899 regem
2373 3826 2598 3900 }Egypti
2627 3829 2680 3882 in
2715 3831 2873 3884 turba
2909 3829 3081 3886 multa
3116 3848 3128 3884 :
3165 3841 3220 3886 et
3266 3847 3361 3886 rex
3398 3829 3622 3900 Egypti

2038 3921 2426 3991 pravocabitur
2454 3921 2520 3975 ad
2552 3919 2756 3974 bellum
2801 3920 2855 3974 in
2902 3921 3256 3978 multitudine
3295 3922 3423 3978 forti
3464 3923 3626 3978 valde

2042 4011 2239 4065 nimis:
2282 4020 2336 4066 et
2374 4025 2482 4067 non
2507 4010 2695 4074 stabit,
2721 4010 2849 4079 quia
2879 4012 3280 4082 excogitabitur
3310 4029 3476 4086 super
3497 4029 3623 4070 eum

2041 4100 2352 4156 consilium.

2111 4192 2204 4248 26.
2247 4193 2314 4248 Et
2359 4200 2682 4247 consument
2733 4206 2858 4246 eum
2916 4190 3316 4249 sollicitudines
3365 4195 3507 4264 ejus,
3571 4204 3626 4249 et

2045 4293 2292 4340 averterit
2317 4299 2464 4351 eum,
2514 4293 2569 4339 et
2605 4283 2938 4348 transibunt,
2978 4293 3032 4340 et
3064 4283 3295 4340 buccina
3357 4293 3539 4351 canet,
3571 4296 3626 4341 et

2044 4379 2243 4437 cadent
2266 4379 2540 4434 vulnerati
2576 4379 2755 4435 multi.

2116 4474 2206 4529 27.
2248 4473 2444 4529 Etduo
2474 4488 2630 4544 reges
2679 4473 2780 4529 soli
2834 4473 3275 4530 convivabuntur
3320 4475 3541 4545 pariter,
3574 4485 3628 4530 et

351 4594 508 4660 αὐτὸ,
525 4593 620 4647 καὶ
637 4593 728 4646 ἐπὶ⁸
749 4565 876 4663 pta;
893 4565 1175 4662 τραπέζης
1201 4565 1603 4662 φάγονται,-κα“ι
1622 4588 1936 4660 ψευδολογὴ-

2049 4581 2213 4639 super
2234 4581 2398 4622 unam
2434 4580 2680 4620 mensam
2713 4565 3032 4633 comedent,
3082 4574 3136 4621 et
3176 4568 3510 4624 mendaciter
3532 4569 3628 4623 lo-

355 4701 531 4747 σουσι,
571 4682 669 4737 καὶ
691 4683 794 4736 οὐκ
817 4681 1248 4754 εὐοδωθήσονται
1267 4696 1280 4710 ·
1309 4679 1390 4734 ἔτι
1417 4678 1526 4752 γὰρ
1559 4679 1840 4734 συντέλεια
1865 4679 1946 4742 εἰς

355 4777 566 4848 καιρόν.

427 4866 518 4922 28.
550 4867 659 4922 Kal
697 4865 1021 4938 ἐπιστρέψει
1047 4866 1128 4928 εἰς
1155 4863 1254 4934 τὴν
1295 4862 1481 4935 χώραν
1524 4862 1688 4916 αὐτοῦ
1724 4863 1782 4916 ἐν
1812 4863 1949 4933 χρή-

361 4976 498 5030 μασι
536 4957 777 5024 πολλοῖς,
805 4959 953 5030 καὶή
984 4956 1186 5029 καρδία
1214 4954 1379 5010 αὐτοῦ
1411 4956 1504 5008 ἐπὶ
1534 4955 1634 5026 τὴν
1678 4955 1946 5026 διαθήκην

359 5049 457 5103 τοῦ
495 5050 674 5118 ἀγίου”
711 5052 926 5121 ποιήσει
954 5089 969 5115 ,
999 5049 1097 5104 καὶ
1146 5047 1467 5120 ἐπιστρέψει
1513 5047 1608 5100 ἐπὶ
1633 5047 1734 5119 τὴν
1765 5045 1949 5119 χώραν

359 5141 552 5199 αὐτοῦ.

434 5234 522 5288 29.
557 5236 650 5299 Εἰς
689 5234 880 5304 καιρὸν
912 5237 978 5302 χ(
1016 5231 1336 5303 ἐπιστρέψει
1453 5231 1548 5284 καὶ
1577 5231 1951 5285 εἰσελεύσεται

364 5328 447 5387 εἰς
490 5327 806 5395 Αἴγυπτον,
854 5325 948 5379 καὶ
999 5326 1100 5379 οὐκ
1131 5323 1286 5377 ἔσται
1334 5322 1409 5386 ὡς
1457 5324 1490 5392 ή
1544 5321 1738 5393 πρώτη
1791 5323 1950 5392 καὶή

367 5419 567 5490 ἐσχάτη
578 5460 590 5472 .

438 5511 528 5566 50.
557 5513 668 5565 Kal
721 5511 914 5581 ἥξουσι
956 5511 1239 5583 Ῥωμαῖοι,
1291 5509 1384 5564 καὶ
1425 5507 1720 5595 ἐξώσουσιν
1754 5507 1951 5572 αὑτὸν,

371 5645 461 5695 καὶ
497 5643 932 5714 ἐμϐριμήσονται
961 5641 1112 5713 αὐτῷ
1144 5657 1205 5698 οι-
1236 5642 1330 5694 καὶ⁵
1361 5624 1713 5710 ἐπιστρέψει,
1743 5640 1836 5692 καὶ
1863 5639 1951 5710 ὀρ-

368 5734 689 5804 γισθήσεται
713 5735 770 5804 /.
801 5734 894 5787 ἐπὶ
927 5733 1026 5805 τὴν
1057 5732 1323 5804 διαθήκην
1347 5731 1443 5786 τοῦ
1475 5731 1651 5800 ἁγίου,
1682 5730 1776 5784 καὶ
1802 5731 1953 5800 ποιή-

372 5842 474 5889 σει,
511 5826 605 5880 καὶ
638 5825 993 5896 ἐπιστρέψει,
1045 5825 1138 5878 καὶ
1171 5823 1590 5893 διανοηθήσεται
1624 5822 1710 5874 ἐπ’
1731 5822 1951 5884 αὐτοὺς,

370 5917 488 5971 ἀνθ’
516 5910 589 5972 ὧν
627 5917 986 5987 ἐγκατέλιπον
1012 5917 1108 5988 τὴν
1142 5913 1409 5984 διαθήκην
1443 5915 1536 5967 τοῦ
1574 5914 1750 5981 ἀγῐου.

2048 4669 2306 4732 quentur,
2332 4668 2386 4714 et
2419 4673 2526 4714 non
2559 4659 3066 4730 prosperabuntur:
3111 4659 3292 4717 adhuc
3329 4661 3471 4717 enim
3503 4677 3628 4717 eon-

2048 4753 2347 4809 summatio
2367 4753 2435 4808 ad
2454 4761 2692 4822 tempus.

2119 4841 2212 4896 28.
2254 4842 2320 4895 Ει
2347 4852 2648 4897 revertetur
2675 4843 2728 4896 in
2791 4843 3067 4912 regionem
3100 4855 3254 4895 suam
3317 4842 3370 4894 in
3432 4843 3628 4911 opibus

2051 4935 2260 5000 multis,
2296 4944 2350 4990 et
2375 4949 2472 4989 cor
2508 4934 2630 5004 ejus
2666 4949 2829 5004 super
2867 4943 3258 4990 testamentum
3300 4937 3511 5004 sancti;
3550 4935 3630 4993 ltr-

2052 5028 2176 5092 ciet,
2205 5036 2257 5082 et
2289 5035 2591 5082 revertetur
2611 5027 2666 5082 in
2691 5029 2965 5100 regionem
2995 5043 3175 5085 suam.

2121 5209 2211 5265 29.
2253 5210 2334 5264 Ad
2360 5218 2576 5280 tempus
2613 5219 2913 5264 revertetur
2933 5219 2986 5264 et
3022 5209 3356 5279 ingredietur
3376 5212 3427 5265 in
3463 5210 3631 5287 Λεωγ-

2054 5311 2204 5373 ptum
2233 5318 2246 5354 :
2273 5309 2326 5356 et
2348 5316 2452 5356 non
2485 5309 2646 5356 erunt
2668 5301 2810 5356 sicut
2839 5301 3021 5371 priora
3052 5301 3214 5355 etiam
3242 5302 3561 5362 novissima.

2124 5483 2213 5537 '50.
2253 5481 2320 5536 Et
2348 5480 2565 5535 venient
2585 5478 2842 5542 Romani,
2871 5485 2924 5532 et
2949 5477 3219 5547 expellent
3245 5495 3391 5542 eum,
3423 5490 3476 5534 et
3497 5484 3638 5535 acri—

2057 5585 2136 5630 ter
2197 5571 2681 5628 comminabuntur
2729 5569 2800 5636 ei,
2831 5578 2885 5624 et
2913 5577 3238 5638 revertetur,
3276 5582 3329 5626 et
3383 5572 3637 5642 indigna-

2055 5665 2202 5720 bitur
2229 5676 2393 5731 super
2421 5668 2807 5716 testamentum
2843 5661 3037 5726 sancti,
3063 5669 3117 5714 et
3149 5660 3310 5717 faciet
3334 5679 3346 5716 :
3374 5671 3427 5717 et
3456 5677 3637 5718 rever-

2058 5763 2220 5818 tetur,
2261 5761 2317 5808 et
2346 5750 2604 5822 cogitabit
2630 5767 2935 5822 supereos,
2969 5766 3035 5808 eo
3053 5753 3199 5820 quod
3234 5753 3637 5823 dereliquerunt

2059 5851 2439 5902 testamentum
2473 5839 2665 5894 sancti.
