4064 6408
426 428 565 483 ⁸2827

1700 426 1952 482 DANIEL
1984 422 2204 482 JUX'I'A
2246 429 2406 486 LXX.

3536 424 3678 480 2828

493 538 551 591 5|
625 535 937 593 Etbraeltia
983 554 1046 594 ex
1085 554 1149 595 eo
1204 542 1448 601 stabunt.
1488 551 1543 597 ct
1596 543 1835 613 polluent
1868 560 1994 597 san-

2170 547 2260 603 51.
2293 547 2400 600 Kal
2435 546 2719 619 βραχίονες
2742 550 2870 620 παρ’
2901 547 3064 602 αὑτοῦ
3096 545 3383 616 στήσονται
3438 542 3531 596 καὶ
3557 560 3681 613 μια-
3733 617 3739 623 1

422 634 570 679 ctum
603 625 851 693 timoris;
888 637 942 681 et
968 629 1299 683 amovebunt
1330 631 1684 697 sacriﬁcium,
1711 641 1763 686 et
1796 632 2003 687 dabunt

420 719 885 777 abominationem
924 723 1303 779 desolationis.

490 812 579 869 52.
623 812 688 868 Et
722 815 776 869 in
826 817 1061 885 peccatis
1112 819 1425 873 testamenti
1480 820 1723 888 polluent
1767 821 1819 875 in
1860 822 2000 876 duro

419 908 619 976 populo
654 927 667 960 :
702 916 756 963 et
793 910 1027 978 populus
1064 911 1245 966 sciens
1294 911 1429 975 bazc,
1490 912 1890 968 confortabitur
1947 925 2001 970 et

419 997 602 1051 faciet.

490 1086 576 1139 55.
623 1087 685 1140 Et
714 1087 1008 1156 prudentes
1040 1087 1107 1143 de
1141 1095 1299 1158 gente
1335 1090 1633 1161 intelligent
1680 1093 1734 1147 in
1771 1094 1996 1159 multos,

415 1188 471 1230 et
501 1176 803 1249 impingent
835 1179 1036 1251 gladio,
1065 1189 1118 1234 et
1162 1182 1563 1237 inveterascent
1615 1184 1668 1239 in
1707 1200 1793 1251 eo,
1824 1196 1879 1239 et
1942 1186 1995 1239 in

416 1272 748 1342 captivitate,
802 1283 856 1327 et
903 1274 955 1327 in
1006 1273 1308 1329 directione
1360 1274 1572 1330 dierum
1635 1278 1992 1332 maculabun-

417 1377 525 1418 tnt‘.

490 1456 580 1510 54.
619 1456 870 1527 Cumque
898 1459 1078 1516 amicti
1127 1457 1352 1524 fuerint,
1394 1461 1803 1532 congregabnnt
1850 1462 1994 1516 vires

414 1548 673 1616 exiguas:
707 1559 761 1602 et
785 1550 1222 1621 aggregabuntur
1260 1554 1325 1607 ad
1359 1566 1454 1607 eos
1487 1552 1640 1607 multi
1674 1553 1727 1607 in
1753 1554 1990 1621 civitate,

413 1650 466 1695 et
493 1640 646 1695 multi
708 1652 967 1712 tanquam
994 1643 1048 1697 in
1079 1647 1317 1713 partium
1350 1644 1638 1700 divisione.

485 1733 575 1787 ⁸55.
621 1731 684 1787 Et
721 1733 788 1789 de
816 1734 1245 1806 intelligentibus
1275 1737 1593 1807 cogitabunt
1615 1739 1681 1794 ad
1716 1740 1990 1796 mundan-

2106 637 2255 691 νοῦσι
2286 638 2346 691 τὸ
2374 639 2527 708 ἅγιον
2557 638 2651 693 τοῦ
2687 639 2852 707 φόϐου
2876 657 2888 668 ·
2923 640 3019 694 καὶ
3055 638 3427 706 ἀποστήσουσι
3460 632 3558 704 τήν
3586 631 3683 686 θυ-

2107 727 2249 792 σίαν,
2286 729 2379 781 καὶ
2405 728 2638 783 δώσουσι
2667 728 2943 799 βδέλυγμα
2974 727 3323 800 ἐρημώσεως.

2173 820 2262 874 52.
2296 821 2406 873 Kal
2433 822 2491 873 ὲν
2512 821 2813 891 ἁμαρτίαις
2838 820 3102 891 διαθήκης
3129 815 3415 889 μιανοῦσιν
3441 816 3500 868 ὲν
3523 812 3682 881 σκλη-

2104 911 2184 983 ρῷ
2216 913 2361 980 λαῷ·
2412 914 2505 967 καὶ
2540 917 2569 968 ὁ
2613 914 2785 985 δῆμος
2810 916 2837 967 ὁ
2862 912 3148 983 γινώσκων
3202 909 3375 964 ταῦτα
3415 904 3680 975 κατισχύ-

2103 1021 2255 1057 σουσι
2291 1007 2386 1058 καὶ
2417 1007 2721 1076 ποιήσουσι.

2170 1093 2261 1148 53.
2294 1095 2406 1146 Kal
2457 1093 2796 1163 ἐννοούμενοι
2837 1092 2931 1146 τοῦ
2990 1091 3178 1153 ἔθνους
3226 1090 3553 1159 συνήσουσιν
3599 1087 3680 1148 είς

2099 1184 2328 1244 πολλοὺς
2349 1226 2364 1249 ,
2390 1187 2487 1237 καὶ
2513 1184 2884 1255 προσκὸψουσι
2930 1182 3175 1254 ῥομφαίᾳ
3199 1223 3213 1246 ,
3248 1181 3342 1235 καὶ
3370 1177 3683 1247 παλαιωθήσ-

2101 1291 2281 1327 σονται
2310 1278 2369 1327 ὲν
2397 1277 2557 1345 αὐτῇ,
2592 1277 2685 1329 καὶ
2711 1278 2769 1328 ἐν
2800 1274 3172 1345 αἰχμαλωσίᾳ,
3210 1273 3304 1325 καὶ
3341 1273 3397 1323 ὲν
3431 1272 3678 1340 προνομῇ

2104 1366 2325 1437 ήμερῶν
2352 1367 2837 1438 κηλιδωθήσονται.

2166 1459 2254 1513 54.
2294 1458 2405 1512 Kal
2438 1460 2515 1511 ὅτ’
2551 1459 2617 1513 ἂν
2671 1458 3063 1529 συντρίϐωνται
3092 1500 3105 1521 ,
3155 1457 3475 1520 συνάξουσιν
3526 1452 3683 1524 ίσχὺν

2098 1547 2359 1617 βραχεῖαν
2384 1590 2398 1613 ,
2451 1550 2545 1601 καὶ
2599 1547 3124 1618 ἐπισυναχθήσονται
3159 1548 3462 1609 ὲπ“αὑτοὺς
3494 1544 3681 1599 πολλοὶ

2095 1640 2189 1692 ἐπὶ
2217 1640 2446 1705 πόλεως,
2477 1642 2571 1693 καὶ
2598 1641 2784 1695 πολλοὶ
2815 1641 2887 1703 ὡς
2920 1644 2977 1696 ὲν
3020 1641 3117 1711 κλη
3129 1640 3361 1712 ροδοσίᾳ.

2164 1731 2255 1785 53.
2282 1732 2393 1784 Kal
2432 1734 2494 1784 ὲκ
2544 1733 2653 1785 τῶν
2678 1733 2971 1787 συνιέντων
3017 1732 3468 1802 διανοηθήσονται
3512 1731 3592 1793 είς
3618 1729 3685 1783 τὸ

413 1824 543 1878 dum
568 1825 799 1894 seipsos,
836 1834 891 1881 et
919 1834 977 1880 ut
1003 1827 1325 1897 seligantur,
1355 1837 1407 1883 et
1439 1830 1795 1897 puriﬁeentur
1819 1846 1991 1900 usque

2098 1822 2387 1894 καθαρίσαι
2418 1825 2665 1891 ἑαυτοὺς,
2703 1826 2798 1878 καὶ
2832 1826 2913 1888 εἰς
2941 1825 3003 1878 τὸ
3029 1824 3321 1893 ὲκλεγῆναι
3343 1864 3358 1887 ,
3390 1821 3485 1875 καὶ
3509 1821 3589 1883 εἰς
3617 1820 3684 1874 τὸ

414 1914 483 1970 ad
516 1919 1046 1972 consummationem
1075 1918 1366 1988 temporis:
1397 1919 1578 1974 adhuc
1604 1922 1747 1975 enim
1778 1930 1992 1992 tempus

2098 1893 2494 1986 καθαρισθῆναι
2521 1916 2624 1980 ἕως
2658 1917 2852 1988 καιροῦ
2890 1917 3221 1979 συντελείας·
3248 1915 3327 1967 ἔτι
3349 1914 3456 1983 γὰρ
3490 1911 3684 1983 καιρὸς

414 2015 471 2067 in
503 2013 687 2068 horas.

486 2104 572 2160 56.
620 2105 683 2160 Et
712 2105 869 2162 faciet
897 2105 1055 2174 juxta
1090 2107 1420 2162 voluntatem
1452 2124 1606 2163 suam
1637 2125 1752 2174 rex,
1785 2119 1839 2165 et
1864 2111 1992 2164 irrio

415 2200 642 2265 labitur,
677 2209 729 2253 et
759 2199 1049 2253 extolletur
1080 2214 1245 2269 super
1299 2214 1518 2254 omnem
1574 2198 1768 2266 Deum,
1808 2211 1862 2256 et
1905 2202 1996 2257 ad-

412 2305 605 2345 versus
641 2289 812 2345 Deum
836 2288 1061 2346 deorum
1096 2289 1383 2359 magniﬁca
1433 2290 1687 2360 loquetur
1721 2309 1734 2345 :
1775 2299 1831 2346 et
1867 2306 1993 2361 pro-

413 2382 742 2452 sperabitur,
774 2382 945 2437 donec
974 2389 1386 2437 consummetnr
1420 2381 1529 2448 ira;
1556 2383 1608 2436 in
1647 2382 1822 2453 ipsum
1845 2383 1990 2440 enim

412 2473 817 2528 consummatio
844 2472 923 2529 Iit.
1336 2489 1347 2498 ·

486 2563 575 2617 57.
623 2566 686 2617 Et
721 2580 885 2633 super
909 2564 1041 2620 deos
1063 2573 1277 2635 patrum
1315 2581 1539 2620 suorum
1582 2582 1691 2620 non
1709 2567 1993 2638 intelligct‘

415 2664 469 2709 ct
501 2656 553 2709 in
585 2656 1028 2726 concupiscentia
1061 2656 1298 2711 heminae
1335 2671 1441 2712 non
1483 2660 1836 2728 excogitabit,
1861 2659 1988 2729 quia

416 2751 468 2804 in
497 2748 643 2803 omni
672 2749 991 2817 elevabitur,
1018 2757 1069 2803 et
1096 2748 1435 2820 subjcientur
1467 2750 1516 2804 ei
1550 2759 1738 2820 gentes
1765 2750 1953 2809 fortes.

482 2928 575 2987 38.
618 2928 794 3001 Super
824 2932 1001 2988 locum
1021 2947 1178 2987 suum
1201 2932 1459 2989 excitabit
1486 2974 1500 2997 ,
1534 2942 1587 2988 et
1611 2932 1802 3000 Deum,
1828 2950 1994 3004 quem

415 3036 521 3075 non
557 3032 932 3091 cognoverunt
958 3033 1141 3094 patres
1164 3023 1306 3094 ejus,
1349 3024 1643 3085 honorabit
1678 3025 1732 3080 in
1761 3041 1918 3091 auro,
1941 3036 1994 3087 et

412 3122 660 3183 argento,
685 3123 739 3169 et
764 3115 942 3185 lapide
972 3117 1233 3185 pretioso.

2093 2009 2173 2071 είς
2198 2007 2367 2078 ὥρας.

2163 2100 2252 2155 56.
2294 2101 2405 2153 Kal
2430 2103 2649 2173 ποιήσει
2680 2099 2819 2154 κατὰ
2843 2099 2901 2152 τὸ
2926 2098 3138 2168 θέλημα
3167 2095 3332 2150 αὑτοῦ
3355 2097 3382 2148 ὁ
3405 2093 3680 2165 βασιλεὺς,

2093 2193 2191 2245 καὶ
2239 2194 2766 2265 παροργισθήσεται,
2827 2192 2919 2246 καὶ
2947 2190 3297 2262 ὑψωθήσεται
3349 2189 3443 2241 ἐπὶ
3501 2187 3685 2241 πάντα

2092 2283 2246 2351 Θεὸν,
2283 2285 2377 2338 καὶ
2411 2286 2505 2339 ἐπὶ
2544 2285 2637 2340 τὸν
2686 2284 2821 2338 Θεὸν
2850 2283 2961 2338 τῶν
3010 2282 3149 2336 θεῶν
3196 2279 3394 2345 ἔξαλλα
3430 2277 3681 2347 λαλήσει.

2093 2376 2189 2428 καὶ
2226 2375 2657 2447 εὑοδωθήσεται,
2705 2376 2810 2439 ἕως
2848 2374 2914 2429 ἂν
2955 2372 3282 2442 συντελεσθῇ
3330 2374 3363 2441 ή
3389 2370 3528 2440 ὀργή
3553 2386 3575 2400 ι
3601 2370 3682 2429 είς

2093 2463 2256 2517 αὑτὸν
2282 2465 2392 2536 γὰρ
2424 2466 2705 2519 συντέλεια
2742 2465 2970 2533 γίνεται.

2162 2556 2249 2611 57.
2288 2558 2396 2610 Kal
2430 2558 2525 2610 ἐπὶ
2546 2559 2669 2620 τοὺς
2702 2558 2857 2619 θεοὺς
2885 2556 2993 2609 τῶν
3028 2554 3283 2623 πατέρων
3311 2551 3478 2605 αὑτοῦ
3505 2552 3567 2604 οὑ
3602 2551 3683 2622 μὴ

2094 2650 2390 2720 προνοηθῇ,
2413 2651 2507 2702 καὶ
2537 2651 2593 2701 ἐν
2610 2647 2875 2718 ἐπιθυμίᾳ
2903 2646 3160 2715 γυναικὸς
3186 2644 3244 2696 οὑ
3277 2644 3351 2714 μὴ
3377 2640 3678 2714 προνοηθῇ.

2091 2739 2175 2792 ὅτι
2204 2741 2261 2792 ἐν
2297 2740 2462 2793 παντὶ
2500 2738 2887 2813 ὑψωθήσεται,
2936 2739 3030 2792 καὶ
3087 2737 3497 2805 ὑποταγήσεται
3530 2735 3684 2805 αὑτῷ

2092 2831 2221 2900 ἔθνη
2254 2830 2473 2901 ίσχυρά.
3694 2832 3701 2835 ’

2161 2924 2250 2979 ⁸58.
2289 2924 2414 2977 Ἐπὶ
2436 2923 2528 2975 τὸν
2558 2921 2724 2976 τόπον
2747 2922 2912 2976 αὑτοῦ
2945 2921 3179 2992 κινήσει,
3210 2921 3306 2972 καὶ
3338 2918 3471 2971 Θεὸν
3500 2917 3558 2971 ὃν
3576 2915 3676 2970 οὐκ

2092 3014 2337 3085 ἔγνωσαν
2381 3016 2431 3069 οἱ
2464 3014 2700 3084 πατέρες
2754 3013 2917 3068 αὑτοῦ
2945 3013 3171 3084 τιμήσει
3224 3012 3283 3062 ἐν
3315 3008 3543 3081 χρυσίῳ,
3584 3010 3680 3063 καὶ

2091 3108 2365 3179 ἀργυρίῳ,
2395 3108 2490 3161 καὶ
2509 3107 2642 3174 λίθῳ
2671 3105 2977 3159 πολυτελεῖ.

485 3203 575 3261 59.
618 3202 687 3261 Ει
740 3204 795 3262 in
828 3206 1291 3277 concupiscentiis
1314 3214 1436 3278 aget
1473 3206 1757 3261 civitatum
1783 3246 1798 3271 ,
1834 3214 1889 3260 et
1934 3205 1990 3260 in

2164 3198 2252 3253 59.
2283 3200 2391 3251 Kal
2430 3200 2487 3250 ὲν
2531 3197 2912 3268 ὲπιθυμήμασι
2946 3197 3165 3266 ποιήσει
3209 3193 3445 3256 πόλεων,
3476 3192 3571 3288 καὶ
3599 3191 3683 3253 εἰς

416 3297 780 3355 munitionem
826 3298 1020 3356 fortem
1056 3300 1239 3355 veniet
1270 3313 1397 3355 cum
1442 3299 1546 3355 deo
1590 3298 1793 3364 alieno,
1829 3314 1991 3369 quem

414 3404 538 3447 cum
569 3390 905 3462 cognoverit.
936 3388 1321 3460 multiplicabit
1352 3388 1581 3459 gloriam
1600 3427 1615 3451 ,
1652 3396 1707 3443 et
1738 3388 1992 3443 domina-

418 3484 566 3539 bitur
589 3484 640 3540 ei
680 3482 936 3547 multum,
974 3490 1029 3536 et
1059 3479 1266 3536 dividet
1296 3479 1571 3549 regionem
1601 3479 1656 3533 in
1686 3478 1853 3533 dono.

487 3575 576 3632 40.
611 3575 678 3630 Et
708 3577 764 3630 in
798 3576 932 3631 bora
989 3572 1483 3630 consummationis
1536 3573 1759 3641 impetet
1822 3584 1996 3626 cornu

418 3684 521 3723 suo
553 3682 679 3724 cum
710 3680 805 3721 rex
836 3665 1054 3739 Egypti
1080 3681 1093 3723 :
1122 3673 1176 3719 et
1206 3664 1512 3735 impetuose
1544 3663 1748 3718 feretur
1775 3663 1830 3719 in
1869 3678 1995 3719 eum

420 3774 513 3815 rex
542 3757 829 3829 Aquilonis
859 3772 984 3812 cum
1011 3756 1288 3819 curribus,
1337 3764 1393 3810 et
1419 3756 1577 3826 equis
1610 3756 1816 3823 multis,
1850 3766 1904 3811 et
1942 3756 1996 3811 in

420 3851 651 3906 navibus
678 3849 885 3915 multis,
913 3856 966 3904 et
1007 3848 1339 3919 ingredietur
1365 3848 1419 3906 in
1451 3849 1727 3920 regionem
1753 3847 1994 3920 Egypti.

492 4032 580 4085 ιι.
607 4030 673 4085 Et
704 4029 922 4085 invadet
947 4029 1222 4097 regionem
1253 4042 1451 4094 meam.
1479 4037 1533 4083 et
1560 4029 1745 4085 multa:
1767 4030 1999 4085 scanda-

423 4121 757 4184 lizabuntur.
778 4128 833 4176 et
860 4121 942 4175 bze
970 4119 1329 4177 salvabuntur
1347 4118 1414 4175 de
1439 4134 1607 4179 manu
1631 4120 1776 4191 ejus,
1805 4118 1995 4186 Edom,

421 4222 477 4269 et
501 4211 682 4278 Moab,
716 4221 770 4269 et
800 4220 960 4283 caput
989 4211 1227 4269 ﬁliorum
1256 4211 1513 4267 Ammon.

492 4395 582 4448 «t2.
610 4393 674 4447 Et
701 4393 876 4449 mittet
895 4405 1118 4447 manum
1142 4405 1299 4446 suam
1324 4389 1378 4444 in
1410 4398 1606 4456 terras,
1621 4399 1675 4446 et
1696 4391 1749 4446 in
1778 4391 2000 4462 regione

427 4486 648 4558 Egypti
678 4499 783 4539 non
816 4484 920 4539 erit
947 4484 1001 4537 in
1026 4497 1090 4537 ea
1114 4481 1207 4552 qui
1245 4481 1504 4537 salvetur.

496 4669 585 4721 45.
631 4664 694 4721 Et
723 4665 988 4721 obtinebit
1018 4666 1196 4720 locum
1227 4665 1366 4730 auri,
1401 4674 1453 4720 et
1480 4665 1656 4722 locum
1689 4664 1918 4735 argenti.
1949 4674 2002 4719 et

425 4774 641 4813 onmem
669 4755 1165 4828 concupiscentiam
1201 4753 1440 4829 Egypti,
1468 4765 1521 4811 et
1545 4755 1742 4828 Libyes
1786 4754 2002 4816 [Ethio-

427 4863 632 4918 pcsque
661 4855 822 4900 erunt
858 4847 911 4899 in
948 4846 1105 4903 turba
1137 4847 1276 4916 ejus.

497 5025 586 5079 «Si.
631 5023 695 5079 Et
727 5039 913 5079 rumor
940 5025 1181 5080 turbabit
1205 5041 1328 5080 eum
1375 5027 1444 5081 ab
1473 5025 1715 5090 Oriente,
1758 5038 1812 5083 et
1843 5028 2005 5098 Aqui-

427 5118 570 5183 lone,
597 5126 648 5172 et
672 5118 976 5187 egredietur
1017 5118 1070 5171 in
1120 5117 1304 5173 furore
1345 5119 1654 5173 vehementi
1701 5128 1756 5175 et
1803 5120 2003 5189 gladio.

428 5210 493 5262 ad
517 5209 939 5280 disperdendnm
971 5217 1026 5265 et
1062 5208 1498 5264 interﬁciendum
1528 5210 1746 5265 multus.

500 5299 589 5354 45.
636 5300 699 5354 Et
722 5310 926 5355 statuet
945 5302 1358 5357 tabernaculum
1384 5318 1543 5358 suum
1576 5312 1706 5357 tunc
1734 5303 1873 5357 inter
1901 5320 2007 5358 ma-

431 5394 533 5453 ria.
561 5402 615 5447 et
647 5402 884 5446 montem
931 5394 1230 5449 voluntatis
1282 5394 1457 5451 sancti
1491 5412 1504 5448 :
1558 5403 1611 5450 et
1649 5395 1829 5449 veniet
1870 5396 2004 5451 liora

432 5482 918 5539 eormnnmationis
978 5484 1138 5553 ejus.
1179 5494 1233 5540 et
1284 5502 1393 5539 non
1457 5487 1598 5552 erit,
1639 5486 1729 5555 qui
1791 5486 2008 5557 adjuvet

433 5590 576 5629 eum.

1011 5704 1242 5766 CAPUT
1293 5709 1409 5764 XII.

516 5799 562 5857 l.
607 5799 672 5852 Et
699 5815 791 5869 per
826 5800 1102 5870 regionem
1143 5802 1289 5859 illam
1348 5806 1602 5863 transibit
1641 5805 1866 5862 Michael
1914 5824 2010 5860 an-

2094 3289 2358 3360 ὀχύρωμα
2383 3288 2601 3359 ἰσχυρὸν
2623 3287 2742 3358 ἥξει
2770 3287 2909 3358 μετὰ
2956 3283 3083 3339 θεοῦ
3126 3283 3408 3356 ἀλλοτρίου
3430 3298 3443 3313 ·
3490 3276 3551 3336 οὗ
3583 3280 3683 3334 δᾶν

2095 3377 2327 3449 ἐπιγνῷ,
2359 3377 2624 3449 πληθυνεῖ
2657 3378 2818 3445 δόξαν
2841 3415 2856 3441 ,
2899 3378 2994 3431 καὶ
3041 3374 3465 3446 κατακυριεύσει
3514 3372 3685 3428 αὑτοῦ

2096 3470 2192 3522 ἐπὶ
2221 3470 2379 3533 πολὺ,
2412 3469 2508 3523 καὶ
2536 3467 2721 3540 χώραν
2744 3468 3042 3539 ἀπομεριεῖ
3070 3469 3153 3530 είς
3183 3464 3412 3536 δωρεάν.

2167 3560 2257 3617 40.
2298 3561 2412 3615 Kal
2438 3559 2562 3614 καθ’
2590 3559 2744 3631 ὤραν
2765 3558 3081 3623 συντελείας
3119 3554 3685 3629 συγκερατισθήσεται

2097 3651 2245 3723 αὑτῷ
2264 3654 2293 3706 ὁ
2324 3651 2578 3722 βασιλεὺς
2604 3652 2905 3721 Αίγύπτου,
2928 3652 3025 3705 καὶ
3052 3647 3512 3719 ιποργισθήσεται
3533 3645 3687 3716 αὑτῷ

2100 3743 2350 3815 βασιλεὺς
2384 3743 2565 3816 ὼρῤᾶ
2608 3743 2667 3796 ὲν
2718 3743 2954 3814 ἅρμασι,
2995 3741 3092 3794 καὶ
3129 3741 3186 3794 ὲν
3222 3739 3411 3801 ἵπποις
3444 3735 3684 3802 πολλοῖς,

2098 3837 2193 3890 καὶ
2213 3837 2272 3889 ὲν
2307 3835 2516 3901 πλοίοις
2560 3834 2802 3898 πολλοῖς,
2828 3836 2924 3888 καὶ
2950 3830 3321 3886 εἰσελεύσεται
3367 3831 3448 3893 είς
3498 3827 3686 3900 χώραν

2096 3928 2395 3994 Αἰγύπτου.

2168 4021 2258 4077 41.
2294 4022 2403 4074 Kal
2450 4022 2805 4075 ἐπελεύσεται
2834 4022 2912 4083 εἰς
2950 4020 3048 4091 τὴν
3075 4016 3264 4089 χώραν
3316 4034 3418 4087 μου
3454 4019 3543 4083 Χ,
3589 4016 3687 4069 καὶ

2099 4111 2295 4165 πολλαὶ
2324 4115 2391 4180 Χ
2428 4111 3003 4182 σκανδαλισθήσονται,
3036 4111 3133 4163 καὶ
3162 4103 3321 4164 αὗται
3348 4107 3685 4179 σωθήσονται

2098 4202 2209 4258 ἀπὸ
2230 4203 2417 4274 χειρὸς
2448 4201 2615 4256 αὑτοῦ
2649 4202 2704 4272 /.
2756 4201 2961 4274 Ἐδὼμ,
3013 4203 3109 4255 καὶ
3151 4199 3326 4255 Μωὰῦ
3346 4243 3360 4268 ,
3391 4200 3487 4254 καὶ
3515 4198 3688 4268 κεφά-

2099 4294 2250 4355 λαιον
2276 4293 2407 4348 υἱῶν
2447 4293 2695 4364 Ἀμμών.

2174 4385 2265 4440 42.
2294 4386 2407 4439 Kal
2443 4384 2734 4438 ἀποστελεῖ
2760 4387 2918 4454 χεῖρα
2964 4384 3130 4438 αὑτοῦ
3162 4387 3221 4438 ὲν
3261 4388 3384 4449 ταῖς
3421 4385 3602 4455 γαίαις
3626 4385 3688 4456 /.

2101 4478 2196 4532 καὶ
2224 4478 2287 4531 ἰν
2317 4475 2472 4551 χώρα
2522 4475 2799 4545 Αίγύπτου
2833 4475 2933 4528 οὑκ
2977 4474 3131 4529 ἔσται
3160 4477 3219 4532 ὲν
3248 4477 3384 4548 αὐτῇ
3427 4475 3693 4541 διασωζο-

2030 4560 2076 4615 Ῐ)
2108 4583 2288 4640 μενος.

2174 4659 2264 4714 45.
2299 4659 2412 4713 Kal
2439 4659 2703 4732 κρατήσει
2732 4658 2827 4713 τοῦ
2854 4660 3021 4716 τόπου
3051 4661 3146 4715 τοῦ
3191 4659 3438 4732 χρυσίου,
3473 4660 3691 4715 καὶτοῦ

2104 4752 2270 4807 τόπου
2295 4751 2391 4805 τοῦ
2418 4752 2705 4823 ἀργυρίου,
2731 4754 2827 4808 καὶ
2850 4753 3028 4822 πάσης
3053 4754 3154 4823 τῆς
3192 4752 3497 4824 ἐπιθυμίας
3520 4755 3692 4821 Αίγύ-

2105 4861 2262 4908 ⁸ιττου,
2295 4845 2391 4899 καὶ
2424 4844 2622 4908 Λιὸύες
2659 4845 2755 4898 καὶ
2784 4845 3043 4909 Αἰθίοπες
3088 4844 3304 4898 ἔσονται
3331 4845 3391 4898 ὲν
3434 4842 3513 4914 τῷ
3543 4842 3692 4915 ὸχλῳ

2105 4933 2291 4989 αὑτοῦ.

2176 5026 2267 5080 44.
2306 5027 2414 5079 Kal
2454 5025 2591 5096 ἀκοὴ
2632 5026 2862 5097 ταράξει
2902 5027 3063 5082 αὑτὸν
3107 5028 3216 5083 ἀπὸ
3263 5028 3539 5083 ἀνατολῶν
3591 5027 3693 5081 καὶ

2108 5118 2313 5190 βορρᾶ·
2343 5119 2436 5171 καὶ
2468 5116 2808 5181 ἐξελεύσεται
2854 5119 2911 5171 ὲν
2937 5118 3094 5189 θυμῷ
3152 5118 3358 5191 ἰσχυρῷ
3406 5120 3503 5173 καὶ
3550 5120 3692 5189 pop.-

2107 5206 2264 5277 φαία,
2294 5206 2556 5275 ἀφανίσαι
2579 5208 2675 5261 xal
2701 5207 3023 5261 ἀποκτεῖναι
3053 5206 3303 5271 πολλούς.

2177 5298 2267 5352 45.
2301 5299 2412 5352 Kal
2442 5299 2630 5369 στήσει
2672 5294 2840 5352 αὑτοῦ
2868 5297 2964 5369 τὴν
3007 5300 3214 5370 σκηνὴν
3262 5299 3385 5352 τότε
3415 5298 3693 5368 ἀνάμεσον

2108 5388 2217 5441 τῶν
2264 5388 2591 5453 θαλασσῶν,
2644 5390 2740 5443 καὶ
2786 5388 2882 5442 τοῦ
2925 5389 3085 5459 ὅρους
3134 5393 3235 5461 τῆς
3283 5389 3555 5460 θελήσεως
3591 5386 3689 5443 τοῦ

2109 5480 2287 5547 ἁγίου,
2325 5480 2420 5532 καὶ
2444 5478 2564 5548 ἥξει
2594 5478 2712 5548 ὥρα
2739 5480 2839 5551 τῆς
2881 5481 3190 5544 συντελείας
3235 5479 3421 5547 αὑτοῦ,
3448 5483 3541 5534 καὶ
3592 5482 3691 5533 οὑκ

2109 5571 2261 5625 ἔσται
2291 5574 2319 5624 ό
2355 5569 2565 5641 βοηθῶν
2591 5570 2759 5643 αὐτῷ.

2732 5711 2980 5766 ΚΕΦΑΛ.
3012 5712 3111 5765 IB'.

2193 5808 2237 5861 Ι.
2273 5807 2384 5861 Kal
2415 5805 2553 5859 κατὰ
2576 5803 2671 5875 τήν
2700 5803 2885 5877 χώραν
2920 5803 3135 5873 ἐκείνην
3164 5802 3553 5874 παρελεύσεται
3584 5801 3685 5856 Μι-
