4064 6422
283 424 420 481 289.9

1731 427 1957 485 CAPUT
1998 426 2135 484 XIII.

3408 423 3547 479 2830

286 549 426 623 χαὴλ
450 550 478 602 ό
514 549 746 618 ἄγγελος
797 551 825 603 ὀ
857 548 1050 620 μέγας,
1092 549 1121 602 ὁ
1150 548 1400 620 ἑστηκὼς
1446 549 1539 603 ἐπὶ
1568 550 1695 614 τοὺς
1724 550 1876 613 υἱοὺς

2005 551 2135 620 {elus
2168 566 2420 621 magnus,
2451 550 2545 621 qui
2577 555 2686 605 stat
2712 561 2873 618 super
2916 545 3058 601 ﬁlios
3092 543 3278 615 populi
3311 541 3389 597 tui
3415 557 3427 593 :
3458 541 3551 596 illa

288 640 382 696 τοῦ
415 640 549 694 λαοῦ
585 658 681 695 σου
706 659 719 674 ·
747 642 929 712 ἐκείνη
960 642 993 711 ή
1024 640 1206 711 ήμέρα
1228 639 1479 710 θλίψεως,
1514 640 1602 693 οἵα
1624 641 1725 694 οὐκ
1751 642 1873 709 ἐγε-

289 733 451 806 νήθη,
489 733 586 802 ἀφ’
634 726 694 787 οῦ
748 731 1087 802 ἐγενήθησαν
1119 732 1227 796 ἕως
1273 734 1372 803 τῆς
1397 732 1609 802 ἡμέρας
1636 731 1872 802 ἐκείνης.

291 826 404 881 Kal
433 827 493 878 ἐν
521 824 707 899 ἐκείνῃ
735 828 800 896 τῇ
827 826 1012 896 ήμέρᾳ
1034 824 1385 896 ὑψωθήσεται
1422 827 1528 890 πᾶς
1568 828 1596 879 ό
1633 825 1782 889 λαὸς,
1819 825 1878 888 ὃς

294 918 360 973 ἂν
393 916 589 988 εὑρεθῇ
618 917 1073 988 ἐγγεγραμμένος
1105 918 1163 969 ἐν
1193 915 1271 986 τῷ
1295 916 1505 987 βιϐλίῳ.

359 1010 415 1063 2.
446 1009 560 1062 Kal
592 1008 778 1061 πολλοὶ
797 1007 909 1061 τῶν
937 1005 1308 1061 καθευδόντων
1356 1008 1413 1058 ἐν
1441 1005 1519 1076 τῷ
1559 1006 1750 1059 πλάτει
1779 1007 1879 1074 τῆς

296 1101 399 1172 γῆς
427 1101 848 1170 ἀναστήσονται,
875 1100 925 1152 οί
952 1099 1051 1168 μὲν
1072 1098 1151 1160 είς
1180 1096 1324 1167 ζωὴν
1365 1096 1613 1163 αἰώνιον,
1641 1097 1691 1148 οί
1716 1095 1772 1149 δὲ
1801 1097 1881 1159 είς

299 1190 637 1261 όνειδισμδν,
671 1192 724 1245 οἱ
764 1190 823 1246 δέ
861 1191 943 1253 εἰς
969 1189 1292 1260 διασπορὰν,
1328 1189 1424 1242 καὶ
1452 1187 1715 1259 αἰσχύνην
1754 1185 1884 1240 ald»-

303 1300 432 1339 νιον.

370 1376 425 1430 5.
449 1376 563 1429 Kal
593 1375 642 1428 οί
671 1376 944 1440 συνιέντες
971 1376 1232 1446 φανοῦσιν
1251 1375 1327 1439 ῶς
1347 1373 1636 1444 φωστῆρες
1672 1369 1765 1424 τοῦ
1798 1369 1885 1422 ού-

274 1508 281 1513 .
315 1467 491 1539 ρανοῦ,
524 1467 620 1521 καὶ
654 1468 706 1521 οἱ
754 1469 1139 1538 κατισχύοντες
1182 1469 1308 1530 τοὺς
1345 1466 1541 1533 λόγους
1586 1480 1719 1533 μου,
1754 1459 1888 1513 ὡσεὶ⁵

309 1559 375 1614 τά
398 1561 573 1630 ἄστρα
595 1559 690 1613 τοῦ
718 1559 950 1629 οὐρανοῦ
986 1563 1066 1623 είς
1097 1559 1190 1613 τὸν
1229 1557 1403 1612 αίῶνα
1426 1555 1520 1609 τοῦ
1545 1552 1763 1616 αἰῶνος.

376 1653 429 1708 4.
459 1652 572 1706 Kal
600 1654 687 1719 σὺ,
722 1651 941 1724 Δανιὴλ,
968 1650 1207 1721 κάλυψον
1227 1650 1300 1704 τὰ
1338 1646 1757 1721 προστάγματα,
1794 1643 1889 1696 καὶ.

313 1747 609 1817 σφραγίσαι
630 1745 692 1798 τὸ
718 1744 922 1815 βιϐλίον
953 1744 1059 1809 ἕως
1098 1745 1293 1814 καιροῦ
1327 1739 1659 1801 συντελείας,
1694 1736 1798 1799 ἕως
1824 1733 1891 1789 ἂν

314 1837 664 1909 άπομανῶσιν
704 1838 754 1890 οἱ
786 1836 992 1902 πολλοὶ,
1031 1836 1122 1890 xal
1152 1833 1367 1905 πλησθῇ
1400 1835 1433 1903 ή
1482 1831 1555 1901 γῆ
1584 1828 1816 1891 ἀδικίας.

1979 644 2123 717 (erit)
2146 644 2262 699 dies
2289 643 2733 706 tribulalationis,
2796 640 2971 710 qualis
3005 654 3113 693 non
3167 637 3307 692 facta
3346 644 3449 696 est.
3484 651 3552 691 ex

1978 752 2089 807 quo
2117 735 2274 792 factae
2303 744 2432 792 sunt
2462 734 2694 806 (gentes)
2727 748 2900 801 usque
2924 731 2989 786 ad
3016 731 3158 785 diem
3203 731 3375 783 illam.
3405 726 3469 781 Et
3499 727 3553 781 in

1980 827 2071 881 illa
2107 827 2195 881 die
2253 826 2581 881 exaltabitur
2640 822 2819 877 omnis
2875 821 3132 891 p0pulus,
3167 818 3259 888 qui
3300 817 3556 870 inventus

1981 919 2145 975 fuerit
2174 920 2471 989 inscriptus
2500 920 2553 973 in
2596 917 2757 971 libro.

2052 1014 2107 1068 2.
2151 1012 2217 1067 Et
2240 1011 2395 1066 multi
2426 1009 2815 1067 dormientium
2856 1006 2909 1060 in
2948 1002 3232 1059 latitudine
3271 1010 3428 1054 terrae
3462 1013 3559 1052 ex-

1984 1114 2229 1175 surgent,
2274 1105 2364 1159 alii
2404 1104 2623 1175 quidem
2679 1102 2732 1155 in
2776 1101 2942 1153 vitam
2985 1104 3263 1157 aeternam,
3309 1091 3400 1145 alii
3436 1102 3562 1142 vero

1987 1196 2040 1249 in
2073 1195 2452 1265 opprobrium,
2485 1192 2576 1246 alii
2601 1206 2727 1245 vero
2758 1189 2810 1243 in
2843 1183 3262 1257 dispersionem,
3290 1187 3344 1234 et
3369 1175 3563 1232 confu-

1988 1288 2195 1342 sionem
2238 1284 2644 1355 sempiternam.

2059 1378 2113 1430 3.
2153 1375 2221 1432 Et
2266 1376 2630 1445 intelligentes
2666 1370 3030 1443 splendebunt
3088 1368 3232 1422 sicut
3275 1359 3566 1418 luminaria

1989 1468 2112 1523 coeli
2139 1482 2153 1518 :
2182 1475 2234 1521 et
2259 1465 2651 1521 conﬂrmantes
2704 1474 2988 1517 sermones
3039 1472 3192 1511 meos
3238 1452 3393 1525 quasi
3422 1458 3568 1505 astra

1990 1558 2117 1613 cmli
2149 1559 2202 1611 in
2231 1557 2490 1612 saeculum
2523 1555 2730 1612 smeuli.

2067 1651 2121 1706 4.
2161 1649 2244 1705 Tu
2278 1664 2484 1712 autem,
2514 1647 2722 1707 Daniel.
2747 1645 3020 1701 absconde
3039 1643 3316 1705 mandata,
3335 1648 3389 1694 et
3416 1637 3572 1707 signa

1992 1746 2192 1801 librum
2218 1758 2392 1813 usque
2417 1741 2482 1796 ad
2515 1750 2728 1810 tempus
2756 1733 3264 1795 consummationis,
3288 1732 3458 1785 donec
3486 1729 3571 1782 in-

1995 1837 2216 1894 saniant
2246 1834 2427 1898 multi,
2458 1842 2511 1887 et
2543 1832 2832 1903 impleatur
2861 1840 3004 1882 terra
3035 1823 3361 1895 iniquitatis.

382 1930 434 1985 5.
466 1929 575 1982 Kal
591 1925 729 1981 εἶδον
757 1928 869 1997 ἐγὼ
890 1927 1110 1998 Δανιὴλ,
1128 1925 1222 1979 καὶ
1250 1925 1358 1978 ἰδοὺ
1381 1924 1474 1977 δύο
1502 1922 1679 1992 ἕτεροι
1711 1919 1893 1989 εἱστή-

2067 1928 2121 1982 5.
2164 1925 2228 1980 Ει
2266 1924 2373 1978 vidi
2408 1937 2509 1992 ego
2541 1920 2750 1981 Daniel.
2781 1926 2836 1972 et
2881 1932 3008 1972 ecce
3040 1914 3150 1969 duo
3198 1911 3288 1966 alii
3339 1908 3579 1970 stabant,

318 2037 520 2079 κεισαν,
553 2014 632 2082 εἷς
659 2018 811 2072 ἐνθεν
839 2018 934 2072 τοῦ
971 2016 1240 2089 ποταμοῦ,
1260 2016 1373 2077 Δκαί
1396 2009 1475 2078 εἷς
1510 2013 1678 2066 ἐνθεν.

384 2112 438 2169 6.
470 2112 582 2167 Kal
609 2107 737 2164 εἶπα
757 2109 836 2180 τῷ
871 2110 955 2163 ἐνὶ
984 2109 1063 2178 τῷ
1089 2106 1542 2180 περιϐεϐλημένῳ
1570 2105 1638 2158 τὰ
1671 2101 1896 2172 βύσσινα

323 2205 396 2276 τῷ
430 2203 614 2258 ἐπάνω
639 2200 733 2255 τοῦ
768 2201 958 2266 ὓδατος
982 2199 1077 2254 τοῦ
1114 2199 1360 2271 ποταμοῦ
1379 2214 1391 2227 ⁸
1428 2198 1564 2251 Πότε
1589 2191 1682 2249 οῦν
1709 2193 1900 2247 συντέ-

328 2298 439 2350 λεια
474 2290 546 2351 ῶν
576 2295 805 2367 εἴρηκάς
840 2312 930 2366 μοι
962 2294 1070 2348 τῶν
1104 2290 1465 2364 θαυμαστῶν;
1505 2304 1566 2345 +
1597 2289 1693 2341 καὶ
1726 2288 1755 2340 ό
1802 2303 1901 2339 καο

338 2387 588 2459 θαρισμδς
624 2401 685 2442 -ε-
713 2384 918 2440 τούτων

401 2486 449 2540 7.
476 2488 581 2540 Kal
608 2486 817 2558 ήκουσα
847 2482 941 2538 τοῦ
967 2480 1437 2553 περιϐεϐλημένον
1467 2479 1535 2533 τὰ
1562 2478 1810 2549 βύσσινα,
1845 2475 1904 2538 ὃς

329 2576 392 2649 ἦν
415 2579 597 2633 ἐπάνω
617 2577 709 2632 τοῦ
732 2576 923 2639 ὓδατος
947 2574 1042 2629 τοῦ
1081 2574 1353 2644 ποταμοῦ’
1381 2573 1528 2636 Ἕως
1561 2569 1754 2642 καιροῦ
1779 2587 1905 2623 συν-

329 2670 565 2734 τελείας·
602 2670 697 2724 καὶ
749 2667 931 2738 ῦψωσε
977 2666 1075 2737 τὴν
1120 2665 1300 2731 δεξιὰν
1334 2665 1431 2717 καὶ
1467 2663 1567 2733 τὴν
1609 2659 1907 2731 ἀριστερὰν

331 2766 408 2828 εἰς
434 2764 525 2817 τὸν
563 2761 813 2833 οὐρανὸν,
840 2762 934 2815 καὶ
956 2758 1139 2830 ὤμοσε
1169 2757 1260 2812 τὸν
1285 2754 1463 2821 ζῶντα
1496 2756 1576 2819 εἰς
1609 2752 1700 2806 τὸν
1735 2751 1909 2806 αἰῶνα

330 2855 478 2916 Θεὸν.
512 2855 594 2907 ὅτι
624 2855 702 2918 εις
731 2852 922 2924 καιρὸν
953 2851 1049 2905 καὶ
1096 2848 1346 2919 καιροὺς,
1379 2846 1476 2899 καὶ
1505 2844 1676 2913 ἥμισυ
1717 2836 1909 2912 καιροῦ

330 2950 361 3017 ή
416 2945 696 3000 συντέλεια
737 2942 939 3015 χειρῶν
992 2940 1243 3011 ἀφέσεως
1290 2936 1417 2990 λαοῦ
1450 2933 1630 3003 ἁγίου,
1659 2934 1753 2987 καὶ
1786 2949 1911 2984 συν-

330 3038 715 3109 τελεσθήσεται
751 3036 931 3089 πάντα
963 3032 1158 3087 ταῦτα.

403 3133 455 3184 8.
489 3129 602 3182 Kal
641 3125 751 3196 ἐγὼ
778 3126 1012 3197 ήκουσα,
1043 3123 1139 3177 καὶ
1163 3121 1223 3175 ού
1258 3116 1540 3188 διενοήθην
1585 3114 1714 3186 παρ’
1750 3112 1913 3166 αὐτὸν

2000 2036 2143 2075 unus
2168 2018 2236 2071 ab
2260 2033 2367 2071 una
2400 2024 2556 2084 parte
2588 2011 2848 2074 ﬂuminis,
2872 2018 2926 2064 et
2953 2007 3094 2062 alius
3118 2008 3186 2058 ab
3216 2004 3383 2058 altera

2070 2112 2122 2165 6.
2167 2109 2235 2163 Et
2260 2106 2372 2161 dixi
2403 2104 2518 2170 uni,
2545 2103 2636 2172 qui
2668 2102 2889 2155 indutus
2913 2105 3026 2151 erat
3056 2092 3314 2166 byssinis.
3343 2089 3433 2159 qui
3468 2095 3582 2142 sta-

2002 2204 2095 2257 bat
2117 2214 2281 2270 supra
2312 2212 2511 2267 aquam
2550 2193 2794 2248 ﬂuminis
2827 2206 2840 2242 :
2870 2188 3101 2255 Quando
3132 2184 3298 2253 igitur
3321 2194 3580 2234 consum—

2005 2294 2171 2349 matio
2213 2293 2442 2347 istorum
2471 2327 2485 2353 ,
2545 2302 2668 2356 qua:
2716 2282 2899 2338 dixisti
2949 2277 3081 2332 mibi
3140 2273 3496 2335 mirabilium,
3530 2280 3586 2321 et

2006 2384 2288 2445 mundalio
2324 2379 2594 2438 istorum?

2077 2477 2132 2531 7.
2168 2473 2235 2528 Et
2266 2472 2445 2527 audiri
2473 2484 2620 2531 eum,
2653 2467 2745 2535 qui
2785 2462 3009 2517 indutus
3051 2452 3428 2524 eratbyssinis
3449 2491 3463 2513 ,
3494 2447 3585 2518 qui

2007 2577 2127 2625 erat
2160 2581 2325 2636 super
2354 2577 2552 2634 aquam
2580 2557 2852 2614 ﬂuminis:
2883 2552 3073 2623 Usque
3101 2550 3164 2604 ad
3203 2558 3418 2614 tempus
3455 2557 3588 2597 con-

2010 2633 2446 2717 summa—tionis:
2480 2662 2534 2707 et
2567 2649 2798 2706 elevavit
2835 2649 3081 2700 dextram
3128 2649 3182 2696 et
3214 2638 3493 2693 sinistram
3536 2633 3590 2685 in

2011 2753 2235 2814 cmlum,
2269 2762 2320 2804 et
2352 2746 2556 2818 jnravit
2588 2760 2684 2815 per
2712 2742 2983 2795 viventem
3017 2736 3069 2789 in
3094 2742 3357 2788 azternum
3398 2728 3591 2788 Deum,

2011 2849 2140 2919 quia
2178 2847 2232 2900 in
2261 2853 2497 2912 tempus,
2524 2849 2576 2894 et
2604 2849 2870 2906 tempora,
2918 2841 2975 2886 et
3009 2827 3292 2883 dimidium
3332 2820 3596 2890 temporis

2013 2935 2415 2996 consummatio
2452 2944 2712 2986 manuum
2749 2921 3087 2981 dimissionis
3142 2916 3328 2988 populi
3385 2912 3596 2977 sancti;

2014 3041 2069 3088 et
2098 3026 2629 3087 consummabuntur
2659 3019 2841 3073 omnia
2869 3018 3008 3071 haec.

2087 3122 2140 3178 8.
2182 3120 2249 3175 Et
2281 3132 2381 3190 ego
2419 3115 2624 3174 audivi.
2665 3121 2718 3167 et
2771 3124 2879 3165 non
2946 3103 3185 3160 intellexi
3223 3101 3365 3155 circa
3416 3098 3597 3167 ipsum

332 3222 424 3276 τὸν
455 3219 666 3291 καιρὸν,
682 3191 979 3273 ⁷καὶ-εῖδποιο
1010 3214 1207 3286 Κύριε,
1239 3212 1322 3276 τίς
1373 3213 1407 3281 ή
1439 3209 1594 3272 λύσις
1627 3205 1724 3260 τοῦ
1754 3204 1904 3274 λόγοι

2020 3224 2256 3286 tempus,
2283 3220 2336 3266 et
2361 3208 2471 3264 dixi
2519 3222 2533 3258 :
2570 3201 2823 3265 Domine,
2852 3211 3103 3268 quaenam
3144 3191 3345 3249 solutio
3388 3203 3598 3245 sermo-

2065 3307 2075 3310 ‘
2149 3308 2156 3310 ‘
2226 3304 2237 3310 ‘
2416 3309 2421 3310 ν
2537 3297 2548 3309 ⁸
2783 3291 2796 3310 1
2829 3290 2916 3310 ΑΙΑΑ
2947 3289 3061 3310 2-...
3087 3286 3107 3310 I

332 3313 547 3376 τούτου,
572 3312 669 3366 καὶ
694 3311 838 3374 τινος
870 3310 927 3364 αἱ
957 3305 1268 3379 παραϐολαὶ
1297 3297 1493 3367 abeat;

406 3406 459 3463 9.
494 3406 608 3460 Kal
637 3400 758 3459 εἶπέ
789 3418 899 3474 μοι’
918 3401 1235 3470 Ἀπότρεχε,
1254 3395 1475 3466 Δανιὴλ,
1493 3394 1576 3448 ὅτι
1614 3406 1924 3446 κατακεκα-

2023 3307 2111 3363 nis
2147 3304 2310 3373 bnjus
2332 3343 2345 3362 .
2378 3309 2431 3354 et
2465 3297 2623 3364 cujus
2647 3290 2921 3363 parabolas
2947 3289 3064 3344 ista:
3087 3286 3107 3340 9

2093 3398 2148 3454 9.
2189 3372 2256 3449 Et
2285 3392 2422 3448 dixit
2456 3386 2625 3443 mibi:
2663 3384 2973 3445 Revertere,
2994 3377 3201 3442 Daniel,
3227 3375 3353 3444 quia
3390 3372 3605 3427 obtecta

336 3498 611 3572 λυμμένα,
640 3497 737 3551 καὶ
761 3467 862 3564 ἐσφ
872 3467 1258 3565 ραγισμένα-τὰ
1280 3486 1703 3561 προστάγματα,
1732 3480 1838 3544 ἐως
1858 3478 1904 3534 ἂε

2026 3499 2082 3549 et
2114 3488 2401 3557 obsignata
2435 3489 2566 3536 sunt
2600 3477 2876 3540 mandata,
2913 3467 3275 3543 quoadusque
3330 3469 3610 3518 tententur

339 3588 676 3661 πειρασθῶσι
709 3587 805 3640 καὶ
842 3582 1145 3654 άγιασθῶσι
1172 3577 1378 3633 πολλοί.

415 3681 505 3739 iﬂ.
530 3680 645 3736 Kal
662 3678 981 3752 ἁμάρτωσιν
1016 3675 1062 3729 oi
1098 3670 1439 3745 ἁμαρτωλοὶ,
1463 3670 1560 3723 καὶ
1605 3667 1667 3722 οὗ
1709 3665 1786 3737 μὴ
1812 3665 1930 3720 δια-

343 3772 579 3846 νοηθῶσι
610 3772 813 3835 πάντες
841 3769 892 3824 οἱ
930 3764 1287 3840 ἁμαρτωλοὶ,
1332 3761 1429 3817 καὶ
1474 3760 1524 3814 οἱ
1557 3755 1932 3827 διανοούμενοι

345 3867 721 3941 προσέξουσιν.

421 3962 509 4017 Η.
546 3958 665 4028 Ἀφ’
697 3948 760 4011 οῦ
791 3956 859 4010 ἂν
881 3952 1166 4023 ἀποσταθῇ
1198 3951 1232 4022 ἡ
1270 3947 1431 4003 θυσία
1478 3941 1772 4003 διαπαντὸς
1792 3984 1807 4007 ,
1839 3941 1935 3995 καὶ

348 4048 651 4121 ἑτοιμασθῇ
716 4046 939 4116 δοθῆναι
983 4043 1045 4096 τὸ
1095 4041 1373 4113 βδέλυγμα
1425 4036 1527 4108 τῆς
1577 4031 1934 4107 ἐρημώσεως,

348 4143 567 4216 ἡμέρας
594 4139 768 4212 χιλίας
798 4136 1079 4199 διακοσίας
1105 4133 1450 4205 ἐνενήκοντα.

427 4235 513 4293 ιε.
546 4232 833 4302 Μακάριος
864 4231 893 4283 ὁ
923 4227 1179 4300 ἐμμένων
1214 4225 1312 4279 καὶ
1347 4220 1567 4286 συνάξει
1601 4220 1682 4282 εἰς
1724 4215 1940 4288 ἡμέρας

352 4326 533 4403 χιλίας
565 4323 884 4398 τριακοσίας
911 4321 1206 4392 τριάκοντα
1236 4315 1419 4370 πέντε.

429 4431 516 4488 15.
555 4430 669 4484 Kal
697 4427 760 4481 σὺ
794 4423 1037 4496 βάδιζον,
1083 4415 1364 4474 ἀναπαύου
1413 4428 1473 4470 -ι-
1520 4413 1599 4466 ἐτι
1648 4408 1759 4481 γὰρ
1808 4408 1945 4462 εἰσὶν

354 4522 568 4599 ἡμέραι
607 4521 704 4576 καὶ
735 4518 877 4590 ὧραι
913 4517 993 4580 είς
1023 4511 1411 4582 ἀναπλήρωσιν
1442 4502 1753 4565 συντελείας
1771 4500 1827 4573 /.
1852 4499 1948 4554 καὶ

2028 3594 2083 3640 et
2109 3578 2519 3638 sanctificentur
2546 3570 2724 3626 multi.

2103 3673 2191 3727 10.
2234 3669 2301 3724 L‘t
2332 3674 2557 3739 peccent
2578 3669 2917 3735 peccatores,
2945 3664 3000 3712 et
3015 3669 3121 3709 non
3145 3649 3454 3720 intelligant
3489 3657 3612 3700 om-

2031 3778 2132 3821 nes
2166 3769 2504 3833 peceatores,
2532 3762 2585 3808 et
2611 3749 2973 3821 intelligentes
2997 3742 3294 3800 attenderit.

2107 3936 2192 3991 tl.
2235 3932 2313 3987 Ex
2347 3945 2456 4002 quo
2486 3936 2732 3998 tempore
2761 3921 3021 3980 deiecerit
3043 3915 3543 3985 saeriﬂciumjuge,
3567 3918 3621 3965 et

2038 4037 2287 4100 paratum
2326 4022 2511 4080 fuerit.
2549 4030 2609 4075 ut
2636 4019 2793 4072 detur
2839 4011 3178 4069 abominalio
3238 4007 3617 4073 desolationis,

2041 4122 2159 4179 dies
2195 4118 2342 4174 mille
2372 4112 2593 4170 ducenti
2627 4108 2943 4178 nonaginta.

2116 4214 2202 4268 12.
2235 4211 2434 4266 Beatus
2453 4206 2545 4276 qui
2581 4207 2879 4271 exspectat,
2907 4204 2958 4271 et
2991 4192 3344 4264 congregabit
3388 4189 3454 4243 ad
3509 4188 3625 4243 dies

2045 4307 2195 4365 mille
2220 4309 2498 4358 trecentos
2527 4295 2748 4367 triginta
2775 4292 3037 4362 quinque.

2120 4398 2207 4454 15.
2248 4394 2332 4449 Tu
2366 4400 2547 4446 autem
2578 4386 2737 4449 vade,
2768 4381 3072 4453 requiesce,
3110 4375 3290 4430 adhuc
3328 4372 3471 4428 enim
3502 4377 3633 4426 sunt

2049 4493 2191 4556 dies,
2219 4498 2274 4544 et
2327 4487 2478 4541 boue
2527 4478 2597 4536 ad
2648 4474 3067 4547 complctionem
3119 4462 3629 4524 consummationis.

358 4558 676 4686 άῦαὲαύσῃ,
707 4558 817 4664 καῖ
831 4558 1111 4677 ἀναστήσῃ
1141 4558 1352 4673 tulit—thr)
1390 4595 1549 4663 δόξαν
1586 4611 1679 4648 σου
1712 4558 1793 4657 cl;
1824 4608 1904 4645 συι

2005 4614 2030 4668 )
2057 4583 2388 4654 Requiesces
2410 4584 2615 4637 autem,
2646 4579 2702 4626 et
2728 4582 2981 4639 resurges
3009 4577 3177 4636 super
3222 4558 3448 4634 gloriam
3484 4565 3634 4611 tuam

2059 4677 2070 4686 -
2411 4685 2443 4686 ρ
2467 4667 2613 4686 .ε---
2646 4662 2857 4686 nm..-

359 4706 574 4765 τέλειαν
602 4706 635 4775 ή
642 4700 843 4775 μερῶν.

438 4774 639 4869 Δανιὴλ
675 4793 818 4850 κατὰ
839 4794 967 4856 τοὺς
996 4790 1074 4853 0',
1111 4783 1330 4858 ἐγράφη
1361 4779 1421 4846 ἐξ
1441 4777 1781 4849 ἀντιγράφου
1805 4774 1957 4847 ἔχον-

364 4906 462 4955 τος
495 4865 604 4960 τὴν⁷
624 4888 800 4957 ὐποση
810 4885 1034 4956 μείωσιν
1059 4877 1266 4946 ταύτην
1284 4891 1301 4907 ο
1338 4871 1585 4942 Ἐγράφη
1611 4870 1677 4923 ἐκ
1715 4867 1824 4922 τῶν
1849 4865 1954 4921 Τε-

368 4979 627 5055 τραπλῶν
658 4976 720 5044 ἐξ
742 4971 818 5033 ὧν
843 4975 941 5030 καὶ
972 4967 1269 5044 παρετέθη.

979 5104 1234 5162 ΚΕΦΑΛ.
1262 5098 1336 5156 1Γ¹

992 5195 1334 5254 Σουσάννα.

451 5304 505 5358 1.
536 5305 590 5372 2
627 5299 744 5354 Kal
765 5293 834 5371 ἦν
866 5294 1008 5365 ἀνὴρ
1031 5287 1198 5345 οικῶν
1227 5288 1285 5340 ἐν
1316 5285 1619 5350 Βαϐυλῶνι,
1666 5284 1762 5340 κοῦ.
1791 5282 1960 5353 ὄνομα

388 5397 443 5464 2
476 5392 625 5466 αὐτῷ
674 5388 953 5459 Ἰωακείμ.

454 5486 507 5542 2.
537 5460 609 5556 2'
623 5483 738 5539 Kal
759 5480 919 5536 ἔλαϐε
941 5480 1196 5549 γυναῖκα,
1280 5477 1450 5544 όνομα
1479 5468 1772 5532 Σουσάννα,
1798 5460 1965 5532 θυγά-

2056 4677 2113 4733 in
2138 4667 2617 4730 consummatione
2642 4662 2881 4718 dierum.

2134 4761 2323 4819 Daniel
2345 4758 2502 4827 juxta
2538 4750 2682 4808 LXX
2735 4748 3047 4817 descriptus
3096 4749 3182 4799 est
3231 4739 3301 4794 ab
3340 4733 3642 4805 exemplari

2058 4856 2297 4914 habente
2329 4844 2794 4916 subscriptionem
2830 4841 2974 4896 banc
3016 4831 3377 4901 :Descriptus
3438 4839 3522 4882 est
3572 4841 3641 4881 ex

2062 4943 2334 5015 Tetraplis
2366 4956 2490 4997 cum
2520 4935 2722 5007 quibus
2754 4934 2919 4988 etiam
2955 4927 3190 4984 collatus
3216 4933 3321 4978 est.

2643 5067 2875 5127 CAPUT
2920 5062 3064 5118 XIII.

2721 5159 2994 5215 Susanna.

2136 5281 2187 5333 l.
2231 5274 2294 5332 Et
2316 5280 2436 5331 erat
2462 5269 2547 5325 vir
2601 5265 2855 5322 habitans
2905 5260 2961 5313 in
3025 5254 3318 5326 Babylone,
3365 5258 3420 5306 ct
3452 5259 3646 5305 nomen

2067 5377 2189 5448 ejus
2217 5371 2449 5429 Joacim.

2139 5468 2195 5523 2.
2236 5465 2305 5520 Ει
2332 5457 2543 5529 accepit
2571 5464 2820 5515 uxorem,
2852 5446 2940 5503 cui
2961 5459 3158 5500 nomen
3207 5438 3459 5495 Susanna
3486 5477 3500 5502 ,
3543 5433 3651 5487 ﬁlia

393 5531 591 5650 κ’ἐηᾞ
1376 5531 1480 5643 καὶ
1532 5557 1845 5630 φοϐουμένη
1873 5531 1904 5606 τ

2070 5556 2309 5619 Cbeleiae
2333 5551 2566 5624 pulchra
2599 5544 2780 5611 valde,
2812 5549 2866 5597 et
2901 5540 3100 5594 timens
3134 5531 3446 5588 Dominum.

396 5669 450 5735 7,
483 5666 707 5738 Κύριον.

462 5759 515 5815 3.
642 5759 755 5813 Kal
779 5759 828 5812 oi
874 5756 1055 5826 γονεῖς
1108 5751 1280 5822 αὐτῆς
1312 5748 1536 5810 δίκαιοι,
1592 5743 1688 5798 καὶ
1724 5736 1969 5803 ἐδίδαξαν

400 5851 454 5919 2
485 5850 586 5923 τήν
606 5848 882 5922 θυγατέρα
906 5845 1085 5903 αὐτῶν
1124 5843 1267 5898 κατὰ
1290 5841 1381 5896 τὸν
1412 5838 1577 5909 νόμον
1611 5831 1844 5901 Μωῦσῆ.

466 5943 518 5999 ό.
541 5916 603 6011 ⁷2
633 5916 746 5997 Kal
783 5916 850 6015 ἦν
895 5937 1152 6008 ἰωακεὶμ
1192 5932 1444 5995 πλούσιος
1483 5928 1698 6009 ,σφόδρα
1723 5966 1737 5991 ,
1778 5921 1870 5978 καὶ
1903 5916 1970 5993 ἦν

2148 5736 2203 5788 5.
2244 5730 2308 5785 Et
2335 5733 2589 5800 parentes
2639 5721 2760 5791 ejus
2801 5717 2973 5790 justi;
3025 5723 3079 5769 et
3128 5711 3436 5765 docuerunt
3488 5699 3653 5758 tiliam

2075 5836 2230 5878 suam
2263 5811 2559 5876 secundum
2597 5810 2768 5880 legem
2793 5806 2986 5879 Moysi.

2147 5914 2203 5969 4.
2241 5909 2369 5965 Erat
2394 5911 2575 5959 autem
2592 5898 2800 5955 Joacim
2817 5897 2969 5954 dives
2999 5893 3172 5958 valde,
3192 5892 3377 5946 etcrat
3404 5884 3450 5938 ei
3465 5893 3656 5952 poma-
