  <div class='ocr_page' id='page_1' title='image "/cluster/home/n/w/nwhite01/storage/ocr_20150623/16:no.6:pt.3/coo.31924054872969/242.png"; bbox 0 0 4064 6456; ppageno 0'>
   <div class='ocr_carea' id='block_1_1' title="bbox 283 439 440 498">
    <p class='ocr_par' dir='ltr' id='par_1_1' title="bbox 283 439 440 498">
     <span class='ocr_line' id='line_1_1' title="bbox 283 439 440 498; baseline -0.019 0"><span class='ocrx_word' id='word_1_1' title='bbox 283 439 440 498; x_wconf 69' lang='lat'><strong>2835</strong></span> 
     </span>
    </p>
   </div>
   <div class='ocr_carea' id='block_1_2' title="bbox 1747 428 2165 486">
    <p class='ocr_par' dir='ltr' id='par_1_2' title="bbox 1747 428 2165 486">
     <span class='ocr_line' id='line_1_2' title="bbox 1747 428 2165 486; baseline -0.01 0"><span class='ocrx_word' id='word_1_2' title='bbox 1747 428 1978 486; x_wconf 80' lang='lat' dir='ltr'><strong>CAPUT</strong></span> <span class='ocrx_word' id='word_1_3' title='bbox 2027 428 2165 482; x_wconf 77' lang='lat' dir='ltr'><strong>Xlil.</strong></span> 
     </span>
    </p>
   </div>
   <div class='ocr_carea' id='block_1_3' title="bbox 3432 430 3576 484">
    <p class='ocr_par' dir='ltr' id='par_1_3' title="bbox 3432 430 3576 484">
     <span class='ocr_line' id='line_1_3' title="bbox 3432 430 3576 484; baseline -0.007 0"><span class='ocrx_word' id='word_1_4' title='bbox 3432 430 3576 484; x_wconf 55' lang='lat' dir='ltr'><strong>2R3}.</strong></span> 
     </span>
    </p>
   </div>
   <div class='ocr_carea' id='block_1_4' title="bbox 368 545 1902 620">
    <p class='ocr_par' dir='ltr' id='par_1_4' title="bbox 368 547 1893 620">
     <span class='ocr_line' id='line_1_4' title="bbox 368 547 1893 620; baseline -0.006 -11"><span class='ocrx_word' id='word_1_5' title='bbox 368 554 459 609; x_wconf 74' lang='grc'><strong>54.</strong></span> <span class='ocrx_word' id='word_1_6' title='bbox 504 552 862 616; x_wconf 74' lang='grc' dir='ltr'>Ἀναττάντες</span> <span class='ocrx_word' id='word_1_7' title='bbox 906 550 961 605; x_wconf 80' lang='grc' dir='ltr'>δὲ</span> <span class='ocrx_word' id='word_1_8' title='bbox 1013 551 1062 603; x_wconf 90' lang='grc' dir='ltr'><strong>οί</strong></span> <span class='ocrx_word' id='word_1_9' title='bbox 1129 550 1496 620; x_wconf 84' lang='grc' dir='ltr'>πρεσϐύτεροι</span> <span class='ocrx_word' id='word_1_10' title='bbox 1575 550 1671 603; x_wconf 67' lang='grc' dir='ltr'><strong>καὶ</strong></span> <span class='ocrx_word' id='word_1_11' title='bbox 1705 547 1893 620; x_wconf 70' lang='grc' dir='ltr'>κριταὶ</span> 
     </span>
    </p>
   </div>
   <div class='ocr_carea' id='block_1_5' title="bbox 2005 545 3577 620">
    <p class='ocr_par' dir='ltr' id='par_1_5' title="bbox 2068 545 3577 618">
     <span class='ocr_line' id='line_1_5' title="bbox 2068 545 3577 618; baseline -0.002 -15"><span class='ocrx_word' id='word_1_12' title='bbox 2068 548 2156 604; x_wconf 67' lang='grc'><strong>34.</strong></span> <span class='ocrx_word' id='word_1_13' title='bbox 2199 547 2603 618; x_wconf 77' lang='lat' dir='ltr'><strong>Consurgcutes</strong></span> <span class='ocrx_word' id='word_1_14' title='bbox 2660 558 2840 604; x_wconf 79' lang='lat' dir='ltr'><strong>autem</strong></span> <span class='ocrx_word' id='word_1_15' title='bbox 2924 548 3171 602; x_wconf 76' lang='lat' dir='ltr'><strong>seniores</strong></span> <span class='ocrx_word' id='word_1_16' title='bbox 3248 555 3302 600; x_wconf 88' lang='lat' dir='ltr'><strong>et</strong></span> <span class='ocrx_word' id='word_1_17' title='bbox 3361 545 3577 615; x_wconf 83' lang='lat' dir='ltr'><strong>judiccs</strong></span> 
     </span>
    </p>
   </div>
   <div class='ocr_carea' id='block_1_6' title="bbox 289 635 1883 712">
    <p class='ocr_par' dir='ltr' id='par_1_6' title="bbox 289 635 1883 712">
     <span class='ocr_line' id='line_1_6' title="bbox 289 635 1883 712; baseline -0.009 -12"><span class='ocrx_word' id='word_1_18' title='bbox 289 643 577 712; x_wconf 68' lang='grc' dir='ltr'>ἐπέθηκαν</span> <span class='ocrx_word' id='word_1_19' title='bbox 612 641 711 703; x_wconf 83' lang='grc' dir='ltr'>τὰς</span> <span class='ocrx_word' id='word_1_20' title='bbox 731 643 921 711; x_wconf 85' lang='grc' dir='ltr'>χεῖρας</span> <span class='ocrx_word' id='word_1_21' title='bbox 958 639 1139 693; x_wconf 85' lang='grc' dir='ltr'>αὐτῶν</span> <span class='ocrx_word' id='word_1_22' title='bbox 1168 640 1262 692; x_wconf 69' lang='grc' dir='ltr'><strong>ἐπὶ</strong></span> <span class='ocrx_word' id='word_1_23' title='bbox 1287 639 1386 708; x_wconf 81' lang='grc' dir='ltr'>τῆς</span> <span class='ocrx_word' id='word_1_24' title='bbox 1421 636 1664 706; x_wconf 82' lang='grc' dir='ltr'><strong>κεφαλῆς</strong></span> <span class='ocrx_word' id='word_1_25' title='bbox 1691 635 1883 703; x_wconf 76' lang='grc' dir='ltr'>αὐτῆς.</span> 
     </span>
    </p>
   </div>
   <div class='ocr_carea' id='block_1_7' title="bbox 371 725 1888 800">
    <p class='ocr_par' dir='ltr' id='par_1_7' title="bbox 371 725 1888 800">
     <span class='ocr_line' id='line_1_7' title="bbox 371 725 1888 800; baseline -0.008 -11"><span class='ocrx_word' id='word_1_26' title='bbox 371 734 462 789; x_wconf 80' lang='grc'><strong>55.</strong></span> <span class='ocrx_word' id='word_1_27' title='bbox 507 732 575 784; x_wconf 84' lang='grc' dir='ltr'><strong>Ἦ</strong></span> <span class='ocrx_word' id='word_1_28' title='bbox 593 731 650 785; x_wconf 78' lang='grc' dir='ltr'>δὲ</span> <span class='ocrx_word' id='word_1_29' title='bbox 680 730 876 800; x_wconf 79' lang='grc' dir='ltr'>καρδία</span> <span class='ocrx_word' id='word_1_30' title='bbox 912 731 1083 800; x_wconf 78' lang='grc' dir='ltr'>αὐτῆς</span> <span class='ocrx_word' id='word_1_31' title='bbox 1125 729 1408 783; x_wconf 70' lang='grc' dir='ltr'>ἐπεποίθει</span> <span class='ocrx_word' id='word_1_32' title='bbox 1450 730 1544 782; x_wconf 75' lang='grc' dir='ltr'><strong>ἐπὶ</strong></span> <span class='ocrx_word' id='word_1_33' title='bbox 1592 726 1783 798; x_wconf 82' lang='grc' dir='ltr'>Κυρίῳ</span> <span class='ocrx_word' id='word_1_34' title='bbox 1810 725 1888 796; x_wconf 82' lang='grc' dir='ltr'>τῷ</span> 
     </span>
    </p>
   </div>
   <div class='ocr_carea' id='block_1_8' title="bbox 290 819 1887 896">
    <p class='ocr_par' dir='ltr' id='par_1_8' title="bbox 290 819 1887 896">
     <span class='ocr_line' id='line_1_8' title="bbox 290 819 1887 896; baseline -0.006 -16"><span class='ocrx_word' id='word_1_35' title='bbox 290 824 421 896; x_wconf 82' lang='grc' dir='ltr'><strong>Θεῷ</strong></span> <span class='ocrx_word' id='word_1_36' title='bbox 442 822 634 893; x_wconf 80' lang='grc' dir='ltr'>αὐτῆς,</span> <span class='ocrx_word' id='word_1_37' title='bbox 663 823 760 874; x_wconf 81' lang='grc' dir='ltr'>καὶ</span> <span class='ocrx_word' id='word_1_38' title='bbox 777 821 1124 892; x_wconf 76' lang='grc' dir='ltr'>ἀνακύψασα,</span> <span class='ocrx_word' id='word_1_39' title='bbox 1153 821 1419 875; x_wconf 73' lang='grc' dir='ltr'><strong>ἔκλαυσεν</strong></span> <span class='ocrx_word' id='word_1_40' title='bbox 1440 822 1497 873; x_wconf 81' lang='grc' dir='ltr'><strong>ὲν</strong></span> <span class='ocrx_word' id='word_1_41' title='bbox 1528 820 1667 890; x_wconf 80' lang='grc' dir='ltr'>αὐτῇ</span> <span class='ocrx_word' id='word_1_42' title='bbox 1694 819 1887 887; x_wconf 81' lang='grc' dir='ltr'>λέγου-</span> 
     </span>
    </p>
   </div>
   <div class='ocr_carea' id='block_1_9' title="bbox 294 911 1889 986">
    <p class='ocr_par' dir='ltr' id='par_1_9' title="bbox 294 911 1889 986">
     <span class='ocr_line' id='line_1_9' title="bbox 294 911 1889 986; baseline -0.005 -15"><span class='ocrx_word' id='word_1_43' title='bbox 294 934 399 970; x_wconf 69' lang='grc' dir='ltr'><strong>σαι</strong></span> <span class='ocrx_word' id='word_1_44' title='bbox 430 915 606 986; x_wconf 86' lang='grc' dir='ltr'>Κύριε</span> <span class='ocrx_word' id='word_1_45' title='bbox 641 916 670 966; x_wconf 87' lang='grc' dir='ltr'>ὁ</span> <span class='ocrx_word' id='word_1_46' title='bbox 696 913 827 976; x_wconf 83' lang='grc' dir='ltr'><strong>Θεὸς</strong></span> <span class='ocrx_word' id='word_1_47' title='bbox 855 916 883 967; x_wconf 86' lang='grc' dir='ltr'><strong>ό</strong></span> <span class='ocrx_word' id='word_1_48' title='bbox 911 912 1152 979; x_wconf 79' lang='grc' dir='ltr'>αἰώνιος,</span> <span class='ocrx_word' id='word_1_49' title='bbox 1190 916 1219 967; x_wconf 85' lang='grc' dir='ltr'><strong>ό</strong></span> <span class='ocrx_word' id='word_1_50' title='bbox 1249 913 1406 976; x_wconf 84' lang='grc' dir='ltr'>εἰδὼς</span> <span class='ocrx_word' id='word_1_51' title='bbox 1432 912 1502 966; x_wconf 85' lang='grc' dir='ltr'>τὰ</span> <span class='ocrx_word' id='word_1_52' title='bbox 1547 911 1726 965; x_wconf 86' lang='grc' dir='ltr'>πάντα</span> <span class='ocrx_word' id='word_1_53' title='bbox 1756 911 1889 980; x_wconf 74' lang='grc' dir='ltr'>πρὶν</span> 
     </span>
    </p>
   </div>
   <div class='ocr_carea' id='block_1_10' title="bbox 294 1000 1891 1078">
    <p class='ocr_par' dir='ltr' id='par_1_10' title="bbox 294 1000 1891 1078">
     <span class='ocr_line' id='line_1_10' title="bbox 294 1000 1891 1078; baseline -0.005 -17"><span class='ocrx_word' id='word_1_54' title='bbox 294 1007 569 1078; x_wconf 76' lang='grc' dir='ltr'>γενέσεως</span> <span class='ocrx_word' id='word_1_55' title='bbox 591 1004 791 1071; x_wconf 81' lang='grc' dir='ltr'>αὐτῶν,</span> <span class='ocrx_word' id='word_1_56' title='bbox 824 1007 890 1059; x_wconf 81' lang='grc' dir='ltr'><strong>σὺ</strong></span> <span class='ocrx_word' id='word_1_57' title='bbox 927 1000 1095 1071; x_wconf 75' lang='grc' dir='ltr'>οἶδας,</span> <span class='ocrx_word' id='word_1_58' title='bbox 1121 1006 1204 1060; x_wconf 87' lang='grc' dir='ltr'>ὅτι</span> <span class='ocrx_word' id='word_1_59' title='bbox 1232 1006 1332 1059; x_wconf 84' lang='grc' dir='ltr'><strong>οὐκ</strong></span> <span class='ocrx_word' id='word_1_60' title='bbox 1365 1004 1598 1075; x_wconf 69' lang='grc' dir='ltr'>ἐποίησα</span> <span class='ocrx_word' id='word_1_61' title='bbox 1640 1002 1677 1057; x_wconf 79' lang='grc' dir='ltr'>ἃ</span> <span class='ocrx_word' id='word_1_62' title='bbox 1721 1019 1891 1072; x_wconf 78' lang='grc' dir='ltr'>πονη-</span> 
     </span>
    </p>
   </div>
   <div class='ocr_carea' id='block_1_11' title="bbox 300 1090 1891 1172">
    <p class='ocr_par' dir='ltr' id='par_1_11' title="bbox 300 1090 1891 1172">
     <span class='ocr_line' id='line_1_11' title="bbox 300 1090 1891 1172; baseline -0.002 -19"><span class='ocrx_word' id='word_1_63' title='bbox 300 1100 555 1172; x_wconf 87' lang='grc' dir='ltr'>ρεύονται</span> <span class='ocrx_word' id='word_1_64' title='bbox 580 1099 628 1150; x_wconf 81' lang='lat' dir='ltr'><strong>oi</strong></span> <span class='ocrx_word' id='word_1_65' title='bbox 652 1096 845 1167; x_wconf 81' lang='grc' dir='ltr'><strong>ἄνομοι</strong></span> <span class='ocrx_word' id='word_1_66' title='bbox 877 1090 1023 1151; x_wconf 79' lang='grc' dir='ltr'>οὗτοι</span> <span class='ocrx_word' id='word_1_67' title='bbox 1045 1097 1134 1151; x_wconf 75' lang='grc' dir='ltr'><strong>ἐπ’</strong></span> <span class='ocrx_word' id='word_1_68' title='bbox 1163 1097 1304 1167; x_wconf 75' lang='grc' dir='ltr'>ἐμοί.</span> <span class='ocrx_word' id='word_1_69' title='bbox 1330 1096 1443 1151; x_wconf 84' lang='lat' dir='ltr'><strong>Kal.</strong></span> <span class='ocrx_word' id='word_1_70' title='bbox 1476 1098 1760 1168; x_wconf 81' lang='grc' dir='ltr'>εἰσήκουσε</span> <span class='ocrx_word' id='word_1_71' title='bbox 1784 1095 1891 1150; x_wconf 71' lang='lat' dir='ltr'><strong>K6-</strong></span> 
     </span>
    </p>
   </div>
   <div class='ocr_carea' id='block_1_12' title="bbox 302 1188 1034 1262">
    <p class='ocr_par' dir='ltr' id='par_1_12' title="bbox 302 1188 1034 1262">
     <span class='ocr_line' id='line_1_12' title="bbox 302 1188 1034 1262; baseline 0.003 -20"><span class='ocrx_word' id='word_1_72' title='bbox 302 1206 421 1262; x_wconf 91' lang='grc' dir='ltr'>ριος</span> <span class='ocrx_word' id='word_1_73' title='bbox 443 1189 544 1258; x_wconf 83' lang='grc' dir='ltr'>τῆς</span> <span class='ocrx_word' id='word_1_74' title='bbox 576 1188 812 1258; x_wconf 80' lang='grc' dir='ltr'><strong>δεήσεως</strong></span> <span class='ocrx_word' id='word_1_75' title='bbox 841 1189 1034 1259; x_wconf 79' lang='grc' dir='ltr'>αὐτῆς.</span> 
     </span>
    </p>
   </div>
   <div class='ocr_carea' id='block_1_13' title="bbox 371 1278 1888 1354">
    <p class='ocr_par' dir='ltr' id='par_1_13' title="bbox 371 1278 1888 1354">
     <span class='ocr_line' id='line_1_13' title="bbox 371 1278 1888 1354; baseline -0.001 -18"><span class='ocrx_word' id='word_1_76' title='bbox 371 1280 464 1336; x_wconf 70' lang='grc'><strong>56.</strong></span> <span class='ocrx_word' id='word_1_77' title='bbox 501 1279 645 1334; x_wconf 75' lang='grc' dir='ltr'>Οίδὲ</span> <span class='ocrx_word' id='word_1_78' title='bbox 669 1278 764 1332; x_wconf 89' lang='grc' dir='ltr'><strong>δύο</strong></span> <span class='ocrx_word' id='word_1_79' title='bbox 801 1280 1360 1354; x_wconf 82' lang='grc' dir='ltr'>πρεσϐύτεροιεῖπαν·</span> <span class='ocrx_word' id='word_1_80' title='bbox 1400 1282 1590 1351; x_wconf 77' lang='grc' dir='ltr'>Ἡμεῖς</span> <span class='ocrx_word' id='word_1_81' title='bbox 1620 1295 1888 1352; x_wconf 84' lang='grc' dir='ltr'>περιεπα-</span> 
     </span>
    </p>
   </div>
   <div class='ocr_carea' id='block_1_14' title="bbox 305 1371 1607 1445">
    <p class='ocr_par' dir='ltr' id='par_1_14' title="bbox 305 1371 1607 1445">
     <span class='ocr_line' id='line_1_14' title="bbox 305 1371 1607 1445; baseline 0.001 -19"><span class='ocrx_word' id='word_1_82' title='bbox 305 1372 509 1444; x_wconf 87' lang='grc' dir='ltr'>τοῦμεν</span> <span class='ocrx_word' id='word_1_83' title='bbox 536 1375 595 1425; x_wconf 88' lang='grc' dir='ltr'><strong>ὲν</strong></span> <span class='ocrx_word' id='word_1_84' title='bbox 621 1371 699 1443; x_wconf 82' lang='grc' dir='ltr'>τῷ</span> <span class='ocrx_word' id='word_1_85' title='bbox 733 1374 1050 1444; x_wconf 74' lang='grc' dir='ltr'>παραδείσῳ</span> <span class='ocrx_word' id='word_1_86' title='bbox 1068 1374 1162 1427; x_wconf 90' lang='grc' dir='ltr'><strong>τοῦ</strong></span> <span class='ocrx_word' id='word_1_87' title='bbox 1189 1373 1382 1445; x_wconf 79' lang='grc' dir='ltr'>ἀνδρὸς</span> <span class='ocrx_word' id='word_1_88' title='bbox 1411 1373 1607 1443; x_wconf 82' lang='grc' dir='ltr'>αὐτῆς.</span> 
     </span>
    </p>
   </div>
   <div class='ocr_carea' id='block_1_15' title="bbox 379 1461 1891 1533">
    <p class='ocr_par' dir='ltr' id='par_1_15' title="bbox 379 1461 1891 1533">
     <span class='ocr_line' id='line_1_15' title="bbox 379 1461 1891 1533; baseline -0.003 -14"><span class='ocrx_word' id='word_1_89' title='bbox 379 1465 467 1519; x_wconf 82' lang='lat'><strong>&#39;57.</strong></span> <span class='ocrx_word' id='word_1_90' title='bbox 502 1464 614 1516; x_wconf 82' lang='lat' dir='ltr'><strong>Kal</strong></span> <span class='ocrx_word' id='word_1_91' title='bbox 668 1462 1000 1527; x_wconf 82' lang='grc' dir='ltr'><strong>κυκλοῦντες</strong></span> <span class='ocrx_word' id='word_1_92' title='bbox 1047 1463 1108 1517; x_wconf 82' lang='grc' dir='ltr'><strong>τὸ</strong></span> <span class='ocrx_word' id='word_1_93' title='bbox 1142 1465 1375 1531; x_wconf 83' lang='grc' dir='ltr'>στάδιον,</span> <span class='ocrx_word' id='word_1_94' title='bbox 1430 1464 1643 1533; x_wconf 81' lang='grc' dir='ltr'>είδομεν</span> <span class='ocrx_word' id='word_1_95' title='bbox 1686 1461 1891 1533; x_wconf 84' lang='grc' dir='ltr'>ταύτην</span> 
     </span>
    </p>
   </div>
   <div class='ocr_carea' id='block_1_16' title="bbox 308 1554 1892 1627">
    <p class='ocr_par' dir='ltr' id='par_1_16' title="bbox 308 1554 1892 1627">
     <span class='ocr_line' id='line_1_16' title="bbox 308 1554 1892 1627; baseline -0.001 -17"><span class='ocrx_word' id='word_1_96' title='bbox 308 1555 730 1626; x_wconf 75' lang='grc' dir='ltr'>ἁναπαυομένην</span> <span class='ocrx_word' id='word_1_97' title='bbox 753 1557 890 1626; x_wconf 86' lang='grc' dir='ltr'>μετὰ</span> <span class='ocrx_word' id='word_1_98' title='bbox 916 1556 1131 1626; x_wconf 83' lang='grc' dir='ltr'>ἀνδρὸς,</span> <span class='ocrx_word' id='word_1_99' title='bbox 1171 1557 1268 1611; x_wconf 78' lang='grc' dir='ltr'>καὶ</span> <span class='ocrx_word' id='word_1_100' title='bbox 1298 1556 1523 1620; x_wconf 81' lang='grc' dir='ltr'><strong>στάντες</strong></span> <span class='ocrx_word' id='word_1_101' title='bbox 1548 1554 1892 1627; x_wconf 78' lang='grc' dir='ltr'>ὲθεωροῦμεν</span> 
     </span>
    </p>
   </div>
   <div class='ocr_carea' id='block_1_17' title="bbox 308 1645 1152 1718">
    <p class='ocr_par' dir='ltr' id='par_1_17' title="bbox 308 1645 1152 1718">
     <span class='ocr_line' id='line_1_17' title="bbox 308 1645 1152 1718; baseline 0.002 -19"><span class='ocrx_word' id='word_1_102' title='bbox 308 1646 507 1710; x_wconf 79' lang='grc' dir='ltr'>αὐτοὺς</span> <span class='ocrx_word' id='word_1_103' title='bbox 534 1645 856 1716; x_wconf 75' lang='grc' dir='ltr'><strong>ὁμιλοῦντας</strong></span> <span class='ocrx_word' id='word_1_104' title='bbox 879 1646 1152 1718; x_wconf 84' lang='grc' dir='ltr'>ἀλλήλοις.</span> 
     </span>
    </p>
   </div>
   <div class='ocr_carea' id='block_1_18' title="bbox 379 1735 1892 1809">
    <p class='ocr_par' dir='ltr' id='par_1_18' title="bbox 379 1735 1892 1809">
     <span class='ocr_line' id='line_1_18' title="bbox 379 1735 1892 1809; baseline -0.001 -19"><span class='ocrx_word' id='word_1_105' title='bbox 379 1735 467 1792; x_wconf 77' lang='lat'><strong>38.</strong></span> <span class='ocrx_word' id='word_1_106' title='bbox 493 1737 605 1790; x_wconf 81' lang='lat' dir='ltr'><strong>Kal.</strong></span> <span class='ocrx_word' id='word_1_107' title='bbox 639 1738 796 1791; x_wconf 75' lang='grc' dir='ltr'>αὐτοὶ</span> <span class='ocrx_word' id='word_1_108' title='bbox 820 1738 921 1790; x_wconf 87' lang='grc' dir='ltr'><strong>ούκ</strong></span> <span class='ocrx_word' id='word_1_109' title='bbox 947 1737 1189 1808; x_wconf 64' lang='grc' dir='ltr'><strong>⁴ᾔδεισαν,</strong></span> <span class='ocrx_word' id='word_1_110' title='bbox 1222 1739 1303 1791; x_wconf 86' lang='grc' dir='ltr'>ὅτι</span> <span class='ocrx_word' id='word_1_111' title='bbox 1333 1738 1683 1809; x_wconf 83' lang='grc' dir='ltr'>είστήκειμεν</span> <span class='ocrx_word' id='word_1_112' title='bbox 1704 1751 1717 1765; x_wconf 71' lang='grc' dir='ltr'><strong>θ</strong></span> <span class='ocrx_word' id='word_1_113' title='bbox 1769 1736 1892 1789; x_wconf 84' lang='grc' dir='ltr'>τότε</span> 
     </span>
    </p>
   </div>
   <div class='ocr_carea' id='block_1_19' title="bbox 312 1827 1893 1972">
    <p class='ocr_par' dir='ltr' id='par_1_19' title="bbox 312 1827 1893 1972">
     <span class='ocr_line' id='line_1_19' title="bbox 312 1827 1893 1972; baseline 0 -93"><span class='ocrx_word' id='word_1_114' title='bbox 312 1827 687 1972; x_wconf 59' lang='grc' dir='ltr'>σέτνειπάμεθα</span> <span class='ocrx_word' id='word_1_115' title='bbox 714 1828 966 1900; x_wconf 80' lang='grc' dir='ltr'>αλλήλοις</span> <span class='ocrx_word' id='word_1_116' title='bbox 985 1828 1253 1898; x_wconf 82' lang='grc' dir='ltr'>λέγοντες·</span> <span class='ocrx_word' id='word_1_117' title='bbox 1275 1828 1553 1899; x_wconf 84' lang='grc' dir='ltr'>Μάθωμεν</span> <span class='ocrx_word' id='word_1_118' title='bbox 1583 1828 1728 1891; x_wconf 87' lang='grc' dir='ltr'>τίνες</span> <span class='ocrx_word' id='word_1_119' title='bbox 1753 1829 1893 1880; x_wconf 72' lang='grc' dir='ltr'>εἰσὶν</span> 
     </span>
     <span class='ocr_line' id='line_1_20' title="bbox 312 1934 477 1972; baseline 0.012 -2"><span class='ocrx_word' id='word_1_120' title='bbox 312 1934 342 1970; x_wconf 93' lang='grc' dir='ltr'><strong>ο</strong></span> <span class='ocrx_word' id='word_1_121' title='bbox 408 1935 477 1972; x_wconf 92' lang='grc' dir='ltr'><strong>οι.</strong></span> 
     </span>
    </p>
   </div>
   <div class='ocr_carea' id='block_1_20' title="bbox 311 1934 477 1972">
    <p class='ocr_par' dir='ltr' id='par_1_20' title="bbox 311 1934 477 1972">
     <span class='ocr_line' id='line_1_21' title="bbox 311 1934 477 1972; baseline 0.006 -2"><span class='ocrx_word' id='word_1_122' title='bbox 311 1934 477 1972; x_wconf 85' lang='grc' dir='ltr'>ουτοι.</span> 
     </span>
    </p>
   </div>
   <div class='ocr_carea' id='block_1_21' title="bbox 380 2007 1897 2081">
    <p class='ocr_par' dir='ltr' id='par_1_21' title="bbox 380 2007 1897 2081">
     <span class='ocr_line' id='line_1_22' title="bbox 380 2007 1897 2081; baseline 0 -19"><span class='ocrx_word' id='word_1_123' title='bbox 380 2007 468 2063; x_wconf 76' lang='lat'><strong>39.</strong></span> <span class='ocrx_word' id='word_1_124' title='bbox 504 2008 615 2062; x_wconf 82' lang='lat' dir='ltr'><strong>Kal.</strong></span> <span class='ocrx_word' id='word_1_125' title='bbox 639 2008 1031 2079; x_wconf 79' lang='grc' dir='ltr'><strong>προσελθόντες</strong></span> <span class='ocrx_word' id='word_1_126' title='bbox 1057 2009 1376 2080; x_wconf 75' lang='grc' dir='ltr'><strong>ἐπέγνωμεν</strong></span> <span class='ocrx_word' id='word_1_127' title='bbox 1404 2010 1576 2081; x_wconf 81' lang='grc' dir='ltr'>αὐτήν</span> <span class='ocrx_word' id='word_1_128' title='bbox 1599 2028 1613 2042; x_wconf 91' lang='grc'><strong>·</strong></span> <span class='ocrx_word' id='word_1_129' title='bbox 1636 2008 1666 2061; x_wconf 83' lang='grc' dir='ltr'>ὁ</span> <span class='ocrx_word' id='word_1_130' title='bbox 1686 2008 1743 2062; x_wconf 76' lang='grc' dir='ltr'>δὲ</span> <span class='ocrx_word' id='word_1_131' title='bbox 1770 2026 1897 2064; x_wconf 82' lang='grc' dir='ltr'>νεα-</span> 
     </span>
    </p>
   </div>
   <div class='ocr_carea' id='block_1_22' title="bbox 315 2101 1275 2173">
    <p class='ocr_par' dir='ltr' id='par_1_22' title="bbox 315 2101 1275 2173">
     <span class='ocr_line' id='line_1_23' title="bbox 315 2101 1275 2173; baseline 0.001 -17"><span class='ocrx_word' id='word_1_132' title='bbox 315 2101 495 2165; x_wconf 82' lang='grc' dir='ltr'>νίσκος</span> <span class='ocrx_word' id='word_1_133' title='bbox 530 2101 699 2172; x_wconf 78' lang='grc' dir='ltr'>ἔφυγε</span> <span class='ocrx_word' id='word_1_134' title='bbox 729 2102 1275 2173; x_wconf 78' lang='grc' dir='ltr'><strong>συγκεκαλυμμένος.</strong></span> 
     </span>
    </p>
   </div>
   <div class='ocr_carea' id='block_1_23' title="bbox 384 2191 1895 2265">
    <p class='ocr_par' dir='ltr' id='par_1_23' title="bbox 384 2191 1895 2265">
     <span class='ocr_line' id='line_1_24' title="bbox 384 2191 1895 2265; baseline -0.002 -17"><span class='ocrx_word' id='word_1_135' title='bbox 384 2191 475 2248; x_wconf 69' lang='grc'><strong>40.</strong></span> <span class='ocrx_word' id='word_1_136' title='bbox 505 2193 726 2263; x_wconf 82' lang='grc' dir='ltr'>Ταύτης</span> <span class='ocrx_word' id='word_1_137' title='bbox 757 2194 815 2247; x_wconf 77' lang='grc' dir='ltr'>δὲ</span> <span class='ocrx_word' id='word_1_138' title='bbox 843 2194 1249 2264; x_wconf 75' lang='grc' dir='ltr'>ἐπιλαϐόμενοι,</span> <span class='ocrx_word' id='word_1_139' title='bbox 1281 2194 1660 2265; x_wconf 84' lang='grc' dir='ltr'>ὲπηρωτῶμεν</span> <span class='ocrx_word' id='word_1_140' title='bbox 1704 2193 1895 2263; x_wconf 81' lang='grc' dir='ltr'>αὐτὴν,</span> 
     </span>
    </p>
   </div>
   <div class='ocr_carea' id='block_1_24' title="bbox 325 2281 1893 2359">
    <p class='ocr_par' dir='ltr' id='par_1_24' title="bbox 325 2281 1893 2359">
     <span class='ocr_line' id='line_1_25' title="bbox 325 2281 1893 2359; baseline 0.003 -23"><span class='ocrx_word' id='word_1_141' title='bbox 325 2283 404 2347; x_wconf 84' lang='grc' dir='ltr'><strong>τίς</strong></span> <span class='ocrx_word' id='word_1_142' title='bbox 427 2286 455 2337; x_wconf 83' lang='grc' dir='ltr'>ὁ</span> <span class='ocrx_word' id='word_1_143' title='bbox 485 2283 787 2354; x_wconf 81' lang='grc' dir='ltr'>ἄνθρωπος,</span> <span class='ocrx_word' id='word_1_144' title='bbox 844 2286 942 2340; x_wconf 73' lang='grc' dir='ltr'>καὶ</span> <span class='ocrx_word' id='word_1_145' title='bbox 990 2289 1091 2341; x_wconf 76' lang='grc' dir='ltr'><strong>οὐκ</strong></span> <span class='ocrx_word' id='word_1_146' title='bbox 1121 2285 1461 2359; x_wconf 77' lang='grc' dir='ltr'>ἀπήγγειλεν</span> <span class='ocrx_word' id='word_1_147' title='bbox 1510 2287 1644 2357; x_wconf 81' lang='grc' dir='ltr'>ἡμῖν</span> <span class='ocrx_word' id='word_1_148' title='bbox 1680 2285 1763 2349; x_wconf 91' lang='grc' dir='ltr'><strong>τίς</strong></span> <span class='ocrx_word' id='word_1_149' title='bbox 1803 2281 1893 2356; x_wconf 81' lang='grc' dir='ltr'><strong>ἦν.</strong></span> 
     </span>
    </p>
   </div>
   <div class='ocr_carea' id='block_1_25' title="bbox 333 2372 945 2447">
    <p class='ocr_par' dir='ltr' id='par_1_25' title="bbox 333 2372 945 2447">
     <span class='ocr_line' id='line_1_26' title="bbox 333 2372 945 2447; baseline 0.011 -22"><span class='ocrx_word' id='word_1_150' title='bbox 333 2372 509 2427; x_wconf 83' lang='grc' dir='ltr'>Ταῦτα</span> <span class='ocrx_word' id='word_1_151' title='bbox 543 2375 945 2447; x_wconf 75' lang='grc' dir='ltr'>μαρτυροῦμεν.</span> 
     </span>
    </p>
   </div>
   <div class='ocr_carea' id='block_1_26' title="bbox 395 2466 1899 2543">
    <p class='ocr_par' dir='ltr' id='par_1_26' title="bbox 395 2466 1899 2543">
     <span class='ocr_line' id='line_1_27' title="bbox 395 2466 1899 2543; baseline 0.001 -23"><span class='ocrx_word' id='word_1_152' title='bbox 395 2466 455 2520; x_wconf 71' lang='grc'><strong>41</strong></span> <span class='ocrx_word' id='word_1_153' title='bbox 466 2508 479 2522; x_wconf 93' lang='grc'>.</span> <span class='ocrx_word' id='word_1_154' title='bbox 511 2468 618 2520; x_wconf 78' lang='grc' dir='ltr'><strong>Καὶ</strong></span> <span class='ocrx_word' id='word_1_155' title='bbox 648 2468 970 2524; x_wconf 73' lang='grc' dir='ltr'>ἐπίστευσεν</span> <span class='ocrx_word' id='word_1_156' title='bbox 1002 2473 1187 2537; x_wconf 78' lang='grc' dir='ltr'>αὐτοῖς</span> <span class='ocrx_word' id='word_1_157' title='bbox 1217 2475 1248 2543; x_wconf 87' lang='grc' dir='ltr'><strong>ἡ</strong></span> <span class='ocrx_word' id='word_1_158' title='bbox 1278 2470 1579 2542; x_wconf 82' lang='grc' dir='ltr'>Συναγωγὴ</span> <span class='ocrx_word' id='word_1_159' title='bbox 1610 2471 1783 2535; x_wconf 81' lang='grc' dir='ltr'>πᾶσα,</span> <span class='ocrx_word' id='word_1_160' title='bbox 1823 2469 1899 2533; x_wconf 84' lang='grc' dir='ltr'>ὡς</span> 
     </span>
    </p>
   </div>
   <div class='ocr_carea' id='block_1_27' title="bbox 330 2554 1590 2632">
    <p class='ocr_par' dir='ltr' id='par_1_27' title="bbox 330 2554 1590 2632">
     <span class='ocr_line' id='line_1_28' title="bbox 330 2554 1590 2632; baseline 0.006 -26"><span class='ocrx_word' id='word_1_161' title='bbox 330 2554 704 2627; x_wconf 82' lang='grc' dir='ltr'>πρεσϐυτέρων</span> <span class='ocrx_word' id='word_1_162' title='bbox 746 2557 918 2614; x_wconf 80' lang='grc' dir='ltr'>ὅντων</span> <span class='ocrx_word' id='word_1_163' title='bbox 949 2563 1046 2615; x_wconf 72' lang='grc' dir='ltr'><strong>καὶ</strong></span> <span class='ocrx_word' id='word_1_164' title='bbox 1078 2563 1281 2632; x_wconf 85' lang='grc' dir='ltr'>κριτῶν</span> <span class='ocrx_word' id='word_1_165' title='bbox 1311 2562 1405 2616; x_wconf 88' lang='grc' dir='ltr'><strong>τοῦ</strong></span> <span class='ocrx_word' id='word_1_166' title='bbox 1436 2561 1590 2616; x_wconf 88' lang='grc' dir='ltr'>λαοῦ.</span> 
     </span>
    </p>
   </div>
   <div class='ocr_carea' id='block_1_28' title="bbox 390 2646 1901 2725">
    <p class='ocr_par' dir='ltr' id='par_1_28' title="bbox 390 2646 1901 2725">
     <span class='ocr_line' id='line_1_29' title="bbox 390 2646 1901 2725; baseline 0.003 -24"><span class='ocrx_word' id='word_1_167' title='bbox 390 2646 476 2701; x_wconf 72' lang='grc'><strong>45.</strong></span> <span class='ocrx_word' id='word_1_168' title='bbox 509 2648 622 2701; x_wconf 76' lang='grc' dir='ltr'>Καὶ</span> <span class='ocrx_word' id='word_1_169' title='bbox 666 2647 773 2701; x_wconf 77' lang='grc' dir='ltr'>ἰδοὺ</span> <span class='ocrx_word' id='word_1_170' title='bbox 804 2649 1035 2719; x_wconf 80' lang='grc' dir='ltr'>ἄγγελος</span> <span class='ocrx_word' id='word_1_171' title='bbox 1063 2654 1294 2724; x_wconf 81' lang='grc' dir='ltr'>Κυρίου,</span> <span class='ocrx_word' id='word_1_172' title='bbox 1328 2653 1545 2725; x_wconf 77' lang='grc' dir='ltr'>ἐκείνης</span> <span class='ocrx_word' id='word_1_173' title='bbox 1562 2652 1901 2723; x_wconf 73' lang='grc' dir='ltr'>ἐξαγομένης</span> 
     </span>
    </p>
   </div>
   <div class='ocr_carea' id='block_1_29' title="bbox 325 2737 1897 2815">
    <p class='ocr_par' dir='ltr' id='par_1_29' title="bbox 325 2737 1897 2815">
     <span class='ocr_line' id='line_1_30' title="bbox 325 2737 1897 2815; baseline 0.011 -24"><span class='ocrx_word' id='word_1_174' title='bbox 325 2737 636 2807; x_wconf 76' lang='grc' dir='ltr'>ἀπολέσθαι,</span> <span class='ocrx_word' id='word_1_175' title='bbox 670 2745 767 2797; x_wconf 76' lang='grc' dir='ltr'>καὶ</span> <span class='ocrx_word' id='word_1_176' title='bbox 787 2742 1028 2798; x_wconf 82' lang='grc' dir='ltr'>ἔδωκενό</span> <span class='ocrx_word' id='word_1_177' title='bbox 1053 2744 1307 2814; x_wconf 77' lang='grc' dir='ltr'>ἄγγελος,</span> <span class='ocrx_word' id='word_1_178' title='bbox 1345 2743 1528 2808; x_wconf 82' lang='grc' dir='ltr'>καθὼς</span> <span class='ocrx_word' id='word_1_179' title='bbox 1558 2742 1897 2815; x_wconf 68' lang='grc' dir='ltr'>προσετάγην</span> 
     </span>
    </p>
   </div>
   <div class='ocr_carea' id='block_1_30' title="bbox 324 2828 1492 2910">
    <p class='ocr_par' dir='ltr' id='par_1_30' title="bbox 324 2828 1492 2910">
     <span class='ocr_line' id='line_1_31' title="bbox 324 2828 1492 2910; baseline 0.01 -27"><span class='ocrx_word' id='word_1_180' title='bbox 324 2828 536 2902; x_wconf 79' lang='grc' dir='ltr'>πνεῦμα</span> <span class='ocrx_word' id='word_1_181' title='bbox 563 2834 831 2900; x_wconf 80' lang='grc' dir='ltr'>συνέσεως</span> <span class='ocrx_word' id='word_1_182' title='bbox 857 2838 1105 2908; x_wconf 80' lang='grc' dir='ltr'>νεωτέρῳ</span> <span class='ocrx_word' id='word_1_183' title='bbox 1128 2838 1243 2892; x_wconf 83' lang='grc' dir='ltr'>δντι</span> <span class='ocrx_word' id='word_1_184' title='bbox 1273 2838 1492 2910; x_wconf 85' lang='grc' dir='ltr'>Δανιήλ.</span> 
     </span>
    </p>
   </div>
   <div class='ocr_carea' id='block_1_31' title="bbox 389 3011 1900 3089">
    <p class='ocr_par' dir='ltr' id='par_1_31' title="bbox 389 3011 1900 3089">
     <span class='ocr_line' id='line_1_32' title="bbox 389 3011 1900 3089; baseline 0.005 -24"><span class='ocrx_word' id='word_1_185' title='bbox 389 3011 481 3066; x_wconf 81' lang='grc'><strong>48.</strong></span> <span class='ocrx_word' id='word_1_186' title='bbox 506 3014 826 3080; x_wconf 89' lang='grc' dir='ltr'>Διαστείλας</span> <span class='ocrx_word' id='word_1_187' title='bbox 861 3017 921 3070; x_wconf 82' lang='grc' dir='ltr'>δὲ</span> <span class='ocrx_word' id='word_1_188' title='bbox 963 3018 1162 3089; x_wconf 78' lang='grc' dir='ltr'>Δανιὴλ</span> <span class='ocrx_word' id='word_1_189' title='bbox 1194 3017 1285 3072; x_wconf 74' lang='grc' dir='ltr'>τὸν</span> <span class='ocrx_word' id='word_1_190' title='bbox 1335 3017 1513 3089; x_wconf 73' lang='grc' dir='ltr'>ὄχλον,</span> <span class='ocrx_word' id='word_1_191' title='bbox 1563 3018 1660 3071; x_wconf 68' lang='grc' dir='ltr'><strong>καὶ</strong></span> <span class='ocrx_word' id='word_1_192' title='bbox 1683 3019 1815 3082; x_wconf 80' lang='grc' dir='ltr'>στὰς</span> <span class='ocrx_word' id='word_1_193' title='bbox 1841 3021 1900 3072; x_wconf 78' lang='grc' dir='ltr'><strong>ἐν</strong></span> 
     </span>
    </p>
   </div>
   <div class='ocr_carea' id='block_1_32' title="bbox 325 3104 1900 3184">
    <p class='ocr_par' dir='ltr' id='par_1_32' title="bbox 325 3104 1900 3184">
     <span class='ocr_line' id='line_1_33' title="bbox 325 3104 1900 3184; baseline 0.007 -27"><span class='ocrx_word' id='word_1_194' title='bbox 325 3104 476 3176; x_wconf 68' lang='grc' dir='ltr'>μέσῳ</span> <span class='ocrx_word' id='word_1_195' title='bbox 502 3107 682 3161; x_wconf 82' lang='grc' dir='ltr'>αὐτῶν</span> <span class='ocrx_word' id='word_1_196' title='bbox 713 3105 864 3163; x_wconf 75' lang='grc' dir='ltr'>εἶπεν</span> <span class='ocrx_word' id='word_1_197' title='bbox 888 3127 900 3141; x_wconf 87' lang='grc'><strong>·</strong></span> <span class='ocrx_word' id='word_1_198' title='bbox 934 3110 1143 3177; x_wconf 78' lang='grc' dir='ltr'>Οὕτως,</span> <span class='ocrx_word' id='word_1_199' title='bbox 1173 3113 1348 3183; x_wconf 77' lang='grc' dir='ltr'>μωροὶ</span> <span class='ocrx_word' id='word_1_200' title='bbox 1370 3113 1477 3166; x_wconf 77' lang='grc' dir='ltr'>υἱοὶ</span> <span class='ocrx_word' id='word_1_201' title='bbox 1518 3110 1756 3184; x_wconf 85' lang='grc' dir='ltr'>Ἰσραὴλ,</span> <span class='ocrx_word' id='word_1_202' title='bbox 1799 3115 1900 3168; x_wconf 83' lang='grc' dir='ltr'><strong>οὐκ</strong></span> 
     </span>
    </p>
   </div>
   <div class='ocr_carea' id='block_1_33' title="bbox 1997 639 3323 709">
    <p class='ocr_par' dir='ltr' id='par_1_33' title="bbox 1997 639 3323 709">
     <span class='ocr_line' id='line_1_34' title="bbox 1997 639 3323 709; baseline -0.002 -15"><span class='ocrx_word' id='word_1_203' title='bbox 1997 642 2376 709; x_wconf 86' lang='lat' dir='ltr'><strong>imposuerunt</strong></span> <span class='ocrx_word' id='word_1_204' title='bbox 2401 657 2595 695; x_wconf 85' lang='lat' dir='ltr'><strong>manus</strong></span> <span class='ocrx_word' id='word_1_205' title='bbox 2636 657 2762 694; x_wconf 86' lang='lat' dir='ltr'><strong>suas</strong></span> <span class='ocrx_word' id='word_1_206' title='bbox 2793 656 2955 709; x_wconf 79' lang='lat' dir='ltr'><strong>super</strong></span> <span class='ocrx_word' id='word_1_207' title='bbox 2991 652 3154 709; x_wconf 84' lang='lat' dir='ltr'><strong>caput</strong></span> <span class='ocrx_word' id='word_1_208' title='bbox 3184 639 3323 708; x_wconf 83' lang='lat' dir='ltr'><strong>ejus.</strong></span> 
     </span>
    </p>
   </div>
   <div class='ocr_carea' id='block_1_34' title="bbox 2065 728 3578 803">
    <p class='ocr_par' dir='ltr' id='par_1_34' title="bbox 2065 728 3578 803">
     <span class='ocr_line' id='line_1_35' title="bbox 2065 728 3578 803; baseline -0.003 -17"><span class='ocrx_word' id='word_1_209' title='bbox 2065 732 2154 787; x_wconf 79' lang='lat'><strong>&#39;55.</strong></span> <span class='ocrx_word' id='word_1_210' title='bbox 2194 733 2304 787; x_wconf 86' lang='lat' dir='ltr'><strong>Cor</strong></span> <span class='ocrx_word' id='word_1_211' title='bbox 2335 744 2517 787; x_wconf 86' lang='lat' dir='ltr'><strong>autem</strong></span> <span class='ocrx_word' id='word_1_212' title='bbox 2550 734 2670 803; x_wconf 84' lang='lat' dir='ltr'><strong>ejus</strong></span> <span class='ocrx_word' id='word_1_213' title='bbox 2707 732 2957 786; x_wconf 83' lang='lat' dir='ltr'><strong>tiduciam</strong></span> <span class='ocrx_word' id='word_1_214' title='bbox 2993 731 3221 784; x_wconf 83' lang='lat' dir='ltr'><strong>habebat</strong></span> <span class='ocrx_word' id='word_1_215' title='bbox 3256 730 3309 783; x_wconf 89' lang='lat' dir='ltr'><strong>iu</strong></span> <span class='ocrx_word' id='word_1_216' title='bbox 3345 728 3578 782; x_wconf 85' lang='lat' dir='ltr'><strong>Domino</strong></span> 
     </span>
    </p>
   </div>
   <div class='ocr_carea' id='block_1_35' title="bbox 1994 818 3574 893">
    <p class='ocr_par' dir='ltr' id='par_1_35' title="bbox 1994 818 3574 893">
     <span class='ocr_line' id='line_1_36' title="bbox 1994 818 3574 893; baseline 0 -18"><span class='ocrx_word' id='word_1_217' title='bbox 1994 821 2106 877; x_wconf 89' lang='lat' dir='ltr'><strong>Deo</strong></span> <span class='ocrx_word' id='word_1_218' title='bbox 2133 838 2256 886; x_wconf 86' lang='lat' dir='ltr'><strong>suo,</strong></span> <span class='ocrx_word' id='word_1_219' title='bbox 2296 833 2351 878; x_wconf 88' lang='lat' dir='ltr'><strong>et</strong></span> <span class='ocrx_word' id='word_1_220' title='bbox 2414 824 2724 893; x_wconf 80' lang='lat' dir='ltr'><strong>suspiciens</strong></span> <span class='ocrx_word' id='word_1_221' title='bbox 2784 820 2931 875; x_wconf 76' lang='lat' dir='ltr'><strong>fierit</strong></span> <span class='ocrx_word' id='word_1_222' title='bbox 2985 820 3039 874; x_wconf 90' lang='lat' dir='ltr'><strong>in</strong></span> <span class='ocrx_word' id='word_1_223' title='bbox 3079 821 3292 889; x_wconf 87' lang='lat' dir='ltr'><strong>scipsa,</strong></span> <span class='ocrx_word' id='word_1_224' title='bbox 3345 818 3574 875; x_wconf 85' lang='lat' dir='ltr'><strong>dicens:</strong></span> 
     </span>
    </p>
   </div>
   <div class='ocr_carea' id='block_1_36' title="bbox 1996 911 3574 983">
    <p class='ocr_par' dir='ltr' id='par_1_36' title="bbox 1996 911 3574 983">
     <span class='ocr_line' id='line_1_37' title="bbox 1996 911 3574 983; baseline -0.001 -16"><span class='ocrx_word' id='word_1_225' title='bbox 1996 914 2226 969; x_wconf 88' lang='lat' dir='ltr'><strong>Domine</strong></span> <span class='ocrx_word' id='word_1_226' title='bbox 2251 915 2390 970; x_wconf 89' lang='lat' dir='ltr'><strong>Deus</strong></span> <span class='ocrx_word' id='word_1_227' title='bbox 2418 924 2638 981; x_wconf 69' lang='lat' dir='ltr'><strong>aeterne,</strong></span> <span class='ocrx_word' id='word_1_228' title='bbox 2700 916 2790 983; x_wconf 93' lang='lat' dir='ltr'><strong>qui</strong></span> <span class='ocrx_word' id='word_1_229' title='bbox 2852 912 2992 966; x_wconf 90' lang='lat' dir='ltr'><strong>nosti</strong></span> <span class='ocrx_word' id='word_1_230' title='bbox 3047 911 3230 965; x_wconf 81' lang='lat' dir='ltr'><strong>omnia</strong></span> <span class='ocrx_word' id='word_1_231' title='bbox 3284 920 3574 979; x_wconf 87' lang='lat' dir='ltr'><strong>antequam</strong></span> 
     </span>
    </p>
   </div>
   <div class='ocr_carea' id='block_1_37' title="bbox 1997 1004 3577 1078">
    <p class='ocr_par' dir='ltr' id='par_1_37' title="bbox 1997 1004 3577 1078">
     <span class='ocr_line' id='line_1_38' title="bbox 1997 1004 3577 1078; baseline -0.006 -14"><span class='ocrx_word' id='word_1_232' title='bbox 1997 1011 2211 1077; x_wconf 86' lang='lat' dir='ltr'><strong>tierent,</strong></span> <span class='ocrx_word' id='word_1_233' title='bbox 2241 1018 2296 1064; x_wconf 90' lang='lat' dir='ltr'><strong>tu</strong></span> <span class='ocrx_word' id='word_1_234' title='bbox 2326 1010 2456 1074; x_wconf 90' lang='lat' dir='ltr'><strong>scis,</strong></span> <span class='ocrx_word' id='word_1_235' title='bbox 2487 1010 2615 1078; x_wconf 84' lang='lat' dir='ltr'><strong>quia</strong></span> <span class='ocrx_word' id='word_1_236' title='bbox 2646 1023 2753 1061; x_wconf 91' lang='lat' dir='ltr'><strong>non</strong></span> <span class='ocrx_word' id='word_1_237' title='bbox 2779 1006 2901 1072; x_wconf 82' lang='lat' dir='ltr'><strong>feci,</strong></span> <span class='ocrx_word' id='word_1_238' title='bbox 2956 1020 3078 1074; x_wconf 77' lang='lat' dir='ltr'><strong>quae</strong></span> <span class='ocrx_word' id='word_1_239' title='bbox 3106 1004 3380 1058; x_wconf 87' lang='lat' dir='ltr'><strong>malitiose</strong></span> <span class='ocrx_word' id='word_1_240' title='bbox 3411 1017 3577 1057; x_wconf 83' lang='lat' dir='ltr'><strong>com-</strong></span> 
     </span>
    </p>
   </div>
   <div class='ocr_carea' id='block_1_38' title="bbox 1996 1093 3578 1171">
    <p class='ocr_par' dir='ltr' id='par_1_38' title="bbox 1996 1093 3578 1171">
     <span class='ocr_line' id='line_1_39' title="bbox 1996 1093 3578 1171; baseline -0.005 -16"><span class='ocrx_word' id='word_1_241' title='bbox 1996 1112 2205 1171; x_wconf 87' lang='lat' dir='ltr'><strong>ponunt</strong></span> <span class='ocrx_word' id='word_1_242' title='bbox 2244 1101 2417 1171; x_wconf 86' lang='lat' dir='ltr'><strong>iniqui</strong></span> <span class='ocrx_word' id='word_1_243' title='bbox 2451 1102 2537 1155; x_wconf 90' lang='lat' dir='ltr'><strong>isti</strong></span> <span class='ocrx_word' id='word_1_244' title='bbox 2594 1102 2648 1155; x_wconf 92' lang='lat' dir='ltr'><strong>in</strong></span> <span class='ocrx_word' id='word_1_245' title='bbox 2706 1116 2808 1155; x_wconf 87' lang='lat' dir='ltr'><strong>me.</strong></span> <span class='ocrx_word' id='word_1_246' title='bbox 2868 1098 2934 1152; x_wconf 85' lang='lat' dir='ltr'><strong>Et</strong></span> <span class='ocrx_word' id='word_1_247' title='bbox 2991 1095 3269 1152; x_wconf 79' lang='lat' dir='ltr'><strong>exaudivit</strong></span> <span class='ocrx_word' id='word_1_248' title='bbox 3314 1093 3578 1148; x_wconf 86' lang='lat' dir='ltr'><strong>Dominus</strong></span> 
     </span>
    </p>
   </div>
   <div class='ocr_carea' id='block_1_39' title="bbox 1996 1193 2605 1263">
    <p class='ocr_par' dir='ltr' id='par_1_39' title="bbox 1996 1193 2605 1263">
     <span class='ocr_line' id='line_1_40' title="bbox 1996 1193 2605 1263; baseline -0.002 -15"><span class='ocrx_word' id='word_1_249' title='bbox 1996 1193 2433 1263; x_wconf 85' lang='lat' dir='ltr'><strong>deprecationem</strong></span> <span class='ocrx_word' id='word_1_250' title='bbox 2464 1194 2605 1263; x_wconf 89' lang='lat' dir='ltr'><strong>ejus.</strong></span> 
     </span>
    </p>
   </div>
   <div class='ocr_carea' id='block_1_40' title="bbox 2067 1275 3581 1340">
    <p class='ocr_par' dir='ltr' id='par_1_40' title="bbox 2067 1275 3581 1340">
     <span class='ocr_line' id='line_1_41' title="bbox 2067 1275 3581 1340; baseline -0.007 -1"><span class='ocrx_word' id='word_1_251' title='bbox 2067 1286 2156 1339; x_wconf 73' lang='lat'><strong>56.</strong></span> <span class='ocrx_word' id='word_1_252' title='bbox 2189 1284 2307 1340; x_wconf 88' lang='lat' dir='ltr'><strong>Duo</strong></span> <span class='ocrx_word' id='word_1_253' title='bbox 2331 1294 2513 1339; x_wconf 88' lang='lat' dir='ltr'><strong>autem</strong></span> <span class='ocrx_word' id='word_1_254' title='bbox 2544 1284 2789 1340; x_wconf 85' lang='lat' dir='ltr'><strong>seniores</strong></span> <span class='ocrx_word' id='word_1_255' title='bbox 2816 1282 3078 1337; x_wconf 76' lang='lat' dir='ltr'><strong>dixerunt</strong></span> <span class='ocrx_word' id='word_1_256' title='bbox 3106 1299 3119 1335; x_wconf 84' lang='lat'><strong>:</strong></span> <span class='ocrx_word' id='word_1_257' title='bbox 3152 1278 3265 1334; x_wconf 89' lang='lat' dir='ltr'><strong>Nos</strong></span> <span class='ocrx_word' id='word_1_258' title='bbox 3302 1275 3581 1331; x_wconf 87' lang='lat' dir='ltr'><strong>deambu—</strong></span> 
     </span>
    </p>
   </div>
   <div class='ocr_carea' id='block_1_41' title="bbox 1998 1373 2926 1444">
    <p class='ocr_par' dir='ltr' id='par_1_41' title="bbox 1998 1373 2926 1444">
     <span class='ocr_line' id='line_1_42' title="bbox 1998 1373 2926 1444; baseline -0.005 -14"><span class='ocrx_word' id='word_1_259' title='bbox 1998 1376 2249 1430; x_wconf 90' lang='lat' dir='ltr'><strong>labamus</strong></span> <span class='ocrx_word' id='word_1_260' title='bbox 2279 1377 2332 1429; x_wconf 88' lang='lat' dir='ltr'><strong>in</strong></span> <span class='ocrx_word' id='word_1_261' title='bbox 2365 1376 2613 1444; x_wconf 88' lang='lat' dir='ltr'><strong>pomario</strong></span> <span class='ocrx_word' id='word_1_262' title='bbox 2646 1373 2745 1428; x_wconf 85' lang='lat' dir='ltr'><strong>viri</strong></span> <span class='ocrx_word' id='word_1_263' title='bbox 2787 1374 2926 1441; x_wconf 84' lang='lat' dir='ltr'><strong>ejus.</strong></span> 
     </span>
    </p>
   </div>
   <div class='ocr_carea' id='block_1_42' title="bbox 2069 1456 3579 1524">
    <p class='ocr_par' dir='ltr' id='par_1_42' title="bbox 2069 1456 3579 1524">
     <span class='ocr_line' id='line_1_43' title="bbox 2069 1456 3579 1524; baseline -0.007 -3"><span class='ocrx_word' id='word_1_264' title='bbox 2069 1467 2158 1521; x_wconf 78' lang='grc'><strong>57.</strong></span> <span class='ocrx_word' id='word_1_265' title='bbox 2215 1467 2284 1521; x_wconf 86' lang='grc' dir='ltr'>Ει</span> <span class='ocrx_word' id='word_1_266' title='bbox 2330 1468 2737 1521; x_wconf 86' lang='lat' dir='ltr'><strong>circumeuntes</strong></span> <span class='ocrx_word' id='word_1_267' title='bbox 2788 1463 3070 1524; x_wconf 88' lang='lat' dir='ltr'><strong>stadium,</strong></span> <span class='ocrx_word' id='word_1_268' title='bbox 3138 1460 3376 1515; x_wconf 85' lang='lat' dir='ltr'><strong>vidimus</strong></span> <span class='ocrx_word' id='word_1_269' title='bbox 3437 1456 3579 1510; x_wconf 85' lang='lat' dir='ltr'><strong>hanc</strong></span> 
     </span>
    </p>
   </div>
   <div class='ocr_carea' id='block_1_43' title="bbox 1999 1549 3580 1629">
    <p class='ocr_par' dir='ltr' id='par_1_43' title="bbox 1999 1549 3580 1629">
     <span class='ocr_line' id='line_1_44' title="bbox 1999 1549 3580 1629; baseline -0.011 -13"><span class='ocrx_word' id='word_1_270' title='bbox 1999 1561 2373 1629; x_wconf 77' lang='lat' dir='ltr'><strong>quiescentem</strong></span> <span class='ocrx_word' id='word_1_271' title='bbox 2409 1573 2534 1612; x_wconf 89' lang='lat' dir='ltr'><strong>cum</strong></span> <span class='ocrx_word' id='word_1_272' title='bbox 2572 1558 2712 1620; x_wconf 78' lang='lat' dir='ltr'><strong>viro,</strong></span> <span class='ocrx_word' id='word_1_273' title='bbox 2746 1563 2801 1610; x_wconf 88' lang='lat' dir='ltr'><strong>et</strong></span> <span class='ocrx_word' id='word_1_274' title='bbox 2835 1562 3044 1608; x_wconf 87' lang='lat' dir='ltr'><strong>stantes</strong></span> <span class='ocrx_word' id='word_1_275' title='bbox 3070 1549 3580 1621; x_wconf 87' lang='lat' dir='ltr'><strong>contemplabamur</strong></span> 
     </span>
    </p>
   </div>
   <div class='ocr_carea' id='block_1_44' title="bbox 1999 1644 3331 1705">
    <p class='ocr_par' dir='ltr' id='par_1_44' title="bbox 1999 1644 3331 1705">
     <span class='ocr_line' id='line_1_45' title="bbox 1999 1644 3331 1705; baseline -0.009 0"><span class='ocrx_word' id='word_1_276' title='bbox 1999 1665 2099 1705; x_wconf 88' lang='lat' dir='ltr'><strong>eos</strong></span> <span class='ocrx_word' id='word_1_277' title='bbox 2130 1650 2581 1705; x_wconf 84' lang='lat' dir='ltr'><strong>consuetudinem</strong></span> <span class='ocrx_word' id='word_1_278' title='bbox 2612 1647 2874 1701; x_wconf 89' lang='lat' dir='ltr'><strong>babentes</strong></span> <span class='ocrx_word' id='word_1_279' title='bbox 2918 1644 3058 1698; x_wconf 91' lang='lat' dir='ltr'><strong>inter</strong></span> <span class='ocrx_word' id='word_1_280' title='bbox 3083 1657 3161 1697; x_wconf 90' lang='lat' dir='ltr'><strong>se.</strong></span> <span class='ocrx_word' id='word_1_281' title='bbox 3328 1700 3331 1701; x_wconf 22' lang='grc' dir='ltr'><strong>ν</strong></span> 
     </span>
    </p>
   </div>
   <div class='ocr_carea' id='block_1_45' title="bbox 2069 1732 3579 1810">
    <p class='ocr_par' dir='ltr' id='par_1_45' title="bbox 2069 1732 3579 1810">
     <span class='ocr_line' id='line_1_46' title="bbox 2069 1732 3579 1810; baseline -0.009 -13"><span class='ocrx_word' id='word_1_282' title='bbox 2069 1741 2158 1797; x_wconf 78' lang='grc'><strong>58.</strong></span> <span class='ocrx_word' id='word_1_283' title='bbox 2206 1743 2269 1795; x_wconf 82' lang='lat' dir='ltr'><strong>Et</strong></span> <span class='ocrx_word' id='word_1_284' title='bbox 2299 1741 2400 1810; x_wconf 89' lang='lat' dir='ltr'><strong>ipsi</strong></span> <span class='ocrx_word' id='word_1_285' title='bbox 2425 1755 2531 1793; x_wconf 89' lang='lat' dir='ltr'><strong>non</strong></span> <span class='ocrx_word' id='word_1_286' title='bbox 2550 1744 2839 1798; x_wconf 80' lang='lat' dir='ltr'><strong>noverant,</strong></span> <span class='ocrx_word' id='word_1_287' title='bbox 2872 1733 3018 1804; x_wconf 90' lang='lat' dir='ltr'><strong>quod</strong></span> <span class='ocrx_word' id='word_1_288' title='bbox 3051 1732 3428 1796; x_wconf 88' lang='lat' dir='ltr'><strong>adstaremus;</strong></span> <span class='ocrx_word' id='word_1_289' title='bbox 3451 1737 3579 1784; x_wconf 85' lang='lat' dir='ltr'><strong>tunc</strong></span> 
     </span>
    </p>
   </div>
   <div class='ocr_carea' id='block_1_46' title="bbox 2000 1820 3580 1902">
    <p class='ocr_par' dir='ltr' id='par_1_46' title="bbox 2000 1820 3580 1902">
     <span class='ocr_line' id='line_1_47' title="bbox 2000 1820 3580 1902; baseline -0.009 -12"><span class='ocrx_word' id='word_1_290' title='bbox 2000 1836 2163 1890; x_wconf 85' lang='lat' dir='ltr'><strong>simul</strong></span> <span class='ocrx_word' id='word_1_291' title='bbox 2198 1834 2411 1902; x_wconf 82' lang='lat' dir='ltr'><strong>loquuti</strong></span> <span class='ocrx_word' id='word_1_292' title='bbox 2444 1845 2638 1885; x_wconf 87' lang='lat' dir='ltr'><strong>sumus</strong></span> <span class='ocrx_word' id='word_1_293' title='bbox 2666 1830 2734 1882; x_wconf 88' lang='lat' dir='ltr'><strong>ad</strong></span> <span class='ocrx_word' id='word_1_294' title='bbox 2768 1827 3001 1881; x_wconf 78' lang='lat' dir='ltr'><strong>invicem</strong></span> <span class='ocrx_word' id='word_1_295' title='bbox 3055 1824 3337 1880; x_wconf 86' lang='lat' dir='ltr'><strong>dicentes:</strong></span> <span class='ocrx_word' id='word_1_296' title='bbox 3372 1820 3580 1892; x_wconf 81' lang='lat' dir='ltr'><strong>Depro~</strong></span> 
     </span>
    </p>
   </div>
   <div class='ocr_carea' id='block_1_47' title="bbox 1928 1908 2737 1995">
    <p class='ocr_par' dir='ltr' id='par_1_47' title="bbox 1928 1908 2737 1995">
     <span class='ocr_line' id='line_1_48' title="bbox 1928 1908 2737 1995; baseline -0.01 -12"><span class='ocrx_word' id='word_1_297' title='bbox 1928 1908 1970 1963; x_wconf 73' lang='grc' dir='ltr'><strong>Β</strong></span> <span class='ocrx_word' id='word_1_298' title='bbox 2000 1927 2309 1982; x_wconf 88' lang='lat' dir='ltr'><strong>bendamus</strong></span> <span class='ocrx_word' id='word_1_299' title='bbox 2339 1925 2432 1995; x_wconf 87' lang='lat' dir='ltr'><strong>qui</strong></span> <span class='ocrx_word' id='word_1_300' title='bbox 2464 1932 2594 1978; x_wconf 89' lang='lat' dir='ltr'><strong>sunt</strong></span> <span class='ocrx_word' id='word_1_301' title='bbox 2623 1921 2737 1975; x_wconf 90' lang='lat' dir='ltr'><strong>isti.</strong></span> 
     </span>
    </p>
   </div>
   <div class='ocr_carea' id='block_1_48' title="bbox 2071 2007 3581 2085">
    <p class='ocr_par' dir='ltr' id='par_1_48' title="bbox 2071 2007 3581 2085">
     <span class='ocr_line' id='line_1_49' title="bbox 2071 2007 3581 2085; baseline -0.012 -9"><span class='ocrx_word' id='word_1_302' title='bbox 2071 2020 2161 2076; x_wconf 81' lang='lat'><strong>59.</strong></span> <span class='ocrx_word' id='word_1_303' title='bbox 2205 2018 2272 2074; x_wconf 88' lang='lat' dir='ltr'><strong>Et</strong></span> <span class='ocrx_word' id='word_1_304' title='bbox 2304 2017 2630 2073; x_wconf 86' lang='lat' dir='ltr'><strong>accedentes</strong></span> <span class='ocrx_word' id='word_1_305' title='bbox 2663 2013 3025 2085; x_wconf 78' lang='lat' dir='ltr'><strong>cognovimus</strong></span> <span class='ocrx_word' id='word_1_306' title='bbox 3057 2024 3213 2074; x_wconf 85' lang='lat' dir='ltr'><strong>eam;</strong></span> <span class='ocrx_word' id='word_1_307' title='bbox 3263 2007 3581 2061; x_wconf 77' lang='lat' dir='ltr'><strong>adolescens</strong></span> 
     </span>
    </p>
   </div>
   <div class='ocr_carea' id='block_1_49' title="bbox 1999 2112 2646 2182">
    <p class='ocr_par' dir='ltr' id='par_1_49' title="bbox 1999 2112 2646 2182">
     <span class='ocr_line' id='line_1_50' title="bbox 1999 2112 2646 2182; baseline -0.014 -12"><span class='ocrx_word' id='word_1_308' title='bbox 1999 2128 2132 2171; x_wconf 86' lang='lat' dir='ltr'><strong>vero</strong></span> <span class='ocrx_word' id='word_1_309' title='bbox 2167 2112 2305 2182; x_wconf 82' lang='lat' dir='ltr'><strong>fugit</strong></span> <span class='ocrx_word' id='word_1_310' title='bbox 2336 2118 2646 2179; x_wconf 83' lang='lat' dir='ltr'><strong>coopertus.</strong></span> 
     </span>
    </p>
   </div>
   <div class='ocr_carea' id='block_1_50' title="bbox 2086 2188 3582 2265">
    <p class='ocr_par' dir='ltr' id='par_1_50' title="bbox 2086 2188 3582 2265">
     <span class='ocr_line' id='line_1_51' title="bbox 2086 2188 3582 2265; baseline -0.015 -5"><span class='ocrx_word' id='word_1_311' title='bbox 2086 2206 2177 2260; x_wconf 69' lang='grc'><strong>40.</strong></span> <span class='ocrx_word' id='word_1_312' title='bbox 2224 2203 2375 2257; x_wconf 87' lang='lat' dir='ltr'><strong>Hanc</strong></span> <span class='ocrx_word' id='word_1_313' title='bbox 2402 2210 2583 2256; x_wconf 87' lang='lat' dir='ltr'><strong>autem</strong></span> <span class='ocrx_word' id='word_1_314' title='bbox 2632 2214 2758 2253; x_wconf 90' lang='lat' dir='ltr'><strong>cum</strong></span> <span class='ocrx_word' id='word_1_315' title='bbox 2799 2188 3582 2265; x_wconf 73' lang='lat' dir='ltr'><strong>appreliendissemus,inter-</strong></span> 
     </span>
    </p>
   </div>
   <div class='ocr_carea' id='block_1_51' title="bbox 1999 2278 3580 2367">
    <p class='ocr_par' dir='ltr' id='par_1_51' title="bbox 1999 2278 3580 2367">
     <span class='ocr_line' id='line_1_52' title="bbox 1999 2278 3580 2367; baseline -0.013 -16"><span class='ocrx_word' id='word_1_316' title='bbox 1999 2296 2316 2367; x_wconf 82' lang='lat' dir='ltr'><strong>rogavimus</strong></span> <span class='ocrx_word' id='word_1_317' title='bbox 2345 2309 2490 2357; x_wconf 83' lang='lat' dir='ltr'><strong>eam,</strong></span> <span class='ocrx_word' id='word_1_318' title='bbox 2527 2291 2780 2361; x_wconf 82' lang='lat' dir='ltr'><strong>quisnam</strong></span> <span class='ocrx_word' id='word_1_319' title='bbox 2809 2296 2955 2342; x_wconf 87' lang='lat' dir='ltr'><strong>esset</strong></span> <span class='ocrx_word' id='word_1_320' title='bbox 2986 2286 3171 2349; x_wconf 83' lang='lat' dir='ltr'><strong>homo,</strong></span> <span class='ocrx_word' id='word_1_321' title='bbox 3201 2294 3250 2336; x_wconf 86' lang='lat' dir='ltr'><strong>et</strong></span> <span class='ocrx_word' id='word_1_322' title='bbox 3296 2295 3403 2333; x_wconf 90' lang='lat' dir='ltr'><strong>non</strong></span> <span class='ocrx_word' id='word_1_323' title='bbox 3436 2278 3580 2331; x_wconf 73' lang='lat' dir='ltr'><strong>inlli-</strong></span> 
     </span>
    </p>
   </div>
   <div class='ocr_carea' id='block_1_52' title="bbox 2002 2380 3130 2453">
    <p class='ocr_par' dir='ltr' id='par_1_52' title="bbox 2002 2380 3130 2453">
     <span class='ocr_line' id='line_1_53' title="bbox 2002 2380 3130 2453; baseline -0.013 -11"><span class='ocrx_word' id='word_1_324' title='bbox 2002 2388 2145 2443; x_wconf 78' lang='lat' dir='ltr'><strong>cavit</strong></span> <span class='ocrx_word' id='word_1_325' title='bbox 2170 2386 2331 2440; x_wconf 89' lang='lat' dir='ltr'><strong>nobis</strong></span> <span class='ocrx_word' id='word_1_326' title='bbox 2364 2386 2486 2453; x_wconf 88' lang='lat' dir='ltr'><strong>quis</strong></span> <span class='ocrx_word' id='word_1_327' title='bbox 2520 2391 2671 2436; x_wconf 86' lang='lat' dir='ltr'><strong>erat:</strong></span> <span class='ocrx_word' id='word_1_328' title='bbox 2705 2380 2823 2434; x_wconf 69' lang='lat' dir='ltr'><strong>haec</strong></span> <span class='ocrx_word' id='word_1_329' title='bbox 2847 2386 3130 2432; x_wconf 80' lang='lat' dir='ltr'><strong>testamur.</strong></span> 
     </span>
    </p>
   </div>
   <div class='ocr_carea' id='block_1_53' title="bbox 2071 2459 3577 2544">
    <p class='ocr_par' dir='ltr' id='par_1_53' title="bbox 2071 2459 3577 2544">
     <span class='ocr_line' id='line_1_54' title="bbox 2071 2459 3577 2544; baseline -0.015 -10"><span class='ocrx_word' id='word_1_330' title='bbox 2071 2480 2158 2534; x_wconf 75' lang='grc'><strong>41.</strong></span> <span class='ocrx_word' id='word_1_331' title='bbox 2205 2476 2271 2531; x_wconf 87' lang='lat' dir='ltr'><strong>Et</strong></span> <span class='ocrx_word' id='word_1_332' title='bbox 2299 2477 2530 2531; x_wconf 87' lang='lat' dir='ltr'><strong>credidit</strong></span> <span class='ocrx_word' id='word_1_333' title='bbox 2563 2476 2644 2530; x_wconf 86' lang='lat' dir='ltr'><strong>eis</strong></span> <span class='ocrx_word' id='word_1_334' title='bbox 2697 2472 2985 2544; x_wconf 84' lang='lat' dir='ltr'><strong>Synagoga</strong></span> <span class='ocrx_word' id='word_1_335' title='bbox 3050 2465 3252 2543; x_wconf 69' lang='lat' dir='ltr'><strong>omnis,</strong></span> <span class='ocrx_word' id='word_1_336' title='bbox 3318 2478 3384 2516; x_wconf 87' lang='lat' dir='ltr'><strong>eo</strong></span> <span class='ocrx_word' id='word_1_337' title='bbox 3434 2459 3577 2530; x_wconf 81' lang='lat' dir='ltr'><strong>quod</strong></span> 
     </span>
    </p>
   </div>
   <div class='ocr_carea' id='block_1_54' title="bbox 2000 2559 3093 2640">
    <p class='ocr_par' dir='ltr' id='par_1_54' title="bbox 2000 2559 3093 2640">
     <span class='ocr_line' id='line_1_55' title="bbox 2000 2559 3093 2640; baseline -0.011 -15"><span class='ocrx_word' id='word_1_338' title='bbox 2000 2579 2185 2628; x_wconf 86' lang='lat' dir='ltr'><strong>essent</strong></span> <span class='ocrx_word' id='word_1_339' title='bbox 2219 2567 2523 2640; x_wconf 85' lang='lat' dir='ltr'><strong>presbyteri</strong></span> <span class='ocrx_word' id='word_1_340' title='bbox 2554 2577 2607 2621; x_wconf 90' lang='lat' dir='ltr'><strong>et</strong></span> <span class='ocrx_word' id='word_1_341' title='bbox 2636 2566 2849 2635; x_wconf 90' lang='lat' dir='ltr'><strong>judices</strong></span> <span class='ocrx_word' id='word_1_342' title='bbox 2885 2559 3093 2632; x_wconf 83' lang='lat' dir='ltr'><strong>populi.</strong></span> 
     </span>
    </p>
   </div>
   <div class='ocr_carea' id='block_1_55' title="bbox 2073 2646 3586 2729">
    <p class='ocr_par' dir='ltr' id='par_1_55' title="bbox 2073 2646 3586 2729">
     <span class='ocr_line' id='line_1_56' title="bbox 2073 2646 3586 2729; baseline -0.015 -12"><span class='ocrx_word' id='word_1_343' title='bbox 2073 2663 2163 2719; x_wconf 64' lang='lat'><strong>45.</strong></span> <span class='ocrx_word' id='word_1_344' title='bbox 2206 2663 2274 2716; x_wconf 83' lang='lat' dir='ltr'><strong>Et</strong></span> <span class='ocrx_word' id='word_1_345' title='bbox 2298 2674 2426 2716; x_wconf 85' lang='lat' dir='ltr'><strong>ecce</strong></span> <span class='ocrx_word' id='word_1_346' title='bbox 2446 2659 2675 2729; x_wconf 76' lang='lat' dir='ltr'><strong>angelus</strong></span> <span class='ocrx_word' id='word_1_347' title='bbox 2726 2654 2964 2720; x_wconf 87' lang='lat' dir='ltr'><strong>Domini,</strong></span> <span class='ocrx_word' id='word_1_348' title='bbox 3024 2665 3149 2706; x_wconf 92' lang='lat' dir='ltr'><strong>cum</strong></span> <span class='ocrx_word' id='word_1_349' title='bbox 3221 2646 3586 2702; x_wconf 82' lang='lat' dir='ltr'><strong>adduceretur</strong></span> 
     </span>
    </p>
   </div>
   <div class='ocr_carea' id='block_1_56' title="bbox 1999 2736 3582 2823">
    <p class='ocr_par' dir='ltr' id='par_1_56' title="bbox 1999 2736 3582 2823">
     <span class='ocr_line' id='line_1_57' title="bbox 1999 2736 3582 2823; baseline -0.016 -12"><span class='ocrx_word' id='word_1_350' title='bbox 1999 2756 2114 2821; x_wconf 87' lang='lat' dir='ltr'><strong>illa,</strong></span> <span class='ocrx_word' id='word_1_351' title='bbox 2158 2762 2218 2809; x_wconf 87' lang='lat' dir='ltr'><strong>ut</strong></span> <span class='ocrx_word' id='word_1_352' title='bbox 2248 2753 2489 2823; x_wconf 86' lang='lat' dir='ltr'><strong>periret:</strong></span> <span class='ocrx_word' id='word_1_353' title='bbox 2523 2759 2577 2805; x_wconf 87' lang='lat' dir='ltr'><strong>et</strong></span> <span class='ocrx_word' id='word_1_354' title='bbox 2616 2748 2762 2802; x_wconf 85' lang='lat' dir='ltr'><strong>dedit</strong></span> <span class='ocrx_word' id='word_1_355' title='bbox 2804 2744 3059 2815; x_wconf 80' lang='lat' dir='ltr'><strong>angelus,</strong></span> <span class='ocrx_word' id='word_1_356' title='bbox 3094 2743 3235 2796; x_wconf 84' lang='lat' dir='ltr'><strong>sicut</strong></span> <span class='ocrx_word' id='word_1_357' title='bbox 3266 2736 3582 2792; x_wconf 84' lang='lat' dir='ltr'><strong>mandatum</strong></span> 
     </span>
    </p>
   </div>
   <div class='ocr_carea' id='block_1_57' title="bbox 1996 2827 3585 2914">
    <p class='ocr_par' dir='ltr' id='par_1_57' title="bbox 1996 2827 3585 2914">
     <span class='ocr_line' id='line_1_58' title="bbox 1996 2827 3585 2914; baseline -0.016 -12"><span class='ocrx_word' id='word_1_358' title='bbox 1996 2855 2140 2910; x_wconf 82' lang='lat' dir='ltr'><strong>erat,</strong></span> <span class='ocrx_word' id='word_1_359' title='bbox 2174 2843 2432 2914; x_wconf 89' lang='lat' dir='ltr'><strong>spiritum</strong></span> <span class='ocrx_word' id='word_1_360' title='bbox 2462 2838 2836 2910; x_wconf 63' lang='lat' dir='ltr'><strong>intelligentia</strong></span> <span class='ocrx_word' id='word_1_361' title='bbox 2864 2830 3296 2891; x_wconf 81' lang='lat' dir='ltr'><strong>adolescentulo,</strong></span> <span class='ocrx_word' id='word_1_362' title='bbox 3337 2827 3430 2897; x_wconf 93' lang='lat' dir='ltr'><strong>qui</strong></span> <span class='ocrx_word' id='word_1_363' title='bbox 3467 2831 3585 2879; x_wconf 85' lang='lat' dir='ltr'><strong>erat</strong></span> 
     </span>
    </p>
   </div>
   <div class='ocr_carea' id='block_1_58' title="bbox 1998 2937 2211 2991">
    <p class='ocr_par' dir='ltr' id='par_1_58' title="bbox 1998 2937 2211 2991">
     <span class='ocr_line' id='line_1_59' title="bbox 1998 2937 2211 2991; baseline 0 -1"><span class='ocrx_word' id='word_1_364' title='bbox 1998 2937 2211 2991; x_wconf 82' lang='lat' dir='ltr'><strong>Daniel.</strong></span> 
     </span>
    </p>
   </div>
   <div class='ocr_carea' id='block_1_59' title="bbox 2069 3013 3584 3087">
    <p class='ocr_par' dir='ltr' id='par_1_59' title="bbox 2069 3013 3584 3087">
     <span class='ocr_line' id='line_1_60' title="bbox 2069 3013 3584 3087; baseline -0.016 -4"><span class='ocrx_word' id='word_1_365' title='bbox 2069 3027 2160 3082; x_wconf 76' lang='grc'><strong>48.</strong></span> <span class='ocrx_word' id='word_1_366' title='bbox 2202 3026 2339 3082; x_wconf 89' lang='lat' dir='ltr'><strong>Cum</strong></span> <span class='ocrx_word' id='word_1_367' title='bbox 2376 3031 2558 3079; x_wconf 84' lang='lat' dir='ltr'><strong>autem</strong></span> <span class='ocrx_word' id='word_1_368' title='bbox 2597 3020 2785 3075; x_wconf 85' lang='lat' dir='ltr'><strong>Daniel</strong></span> <span class='ocrx_word' id='word_1_369' title='bbox 2808 3025 3087 3087; x_wconf 82' lang='lat' dir='ltr'><strong>separaret</strong></span> <span class='ocrx_word' id='word_1_370' title='bbox 3120 3013 3356 3073; x_wconf 82' lang='lat' dir='ltr'><strong>turbam,</strong></span> <span class='ocrx_word' id='word_1_371' title='bbox 3387 3019 3443 3063; x_wconf 89' lang='lat' dir='ltr'><strong>et</strong></span> <span class='ocrx_word' id='word_1_372' title='bbox 3470 3017 3584 3061; x_wconf 87' lang='lat' dir='ltr'><strong>sta-</strong></span> 
     </span>
    </p>
   </div>
   <div class='ocr_carea' id='block_1_60' title="bbox 2003 3099 3583 3176">
    <p class='ocr_par' dir='ltr' id='par_1_60' title="bbox 2003 3099 3583 3176">
     <span class='ocr_line' id='line_1_61' title="bbox 2003 3099 3583 3176; baseline -0.015 -4"><span class='ocrx_word' id='word_1_373' title='bbox 2003 3127 2085 3172; x_wconf 87' lang='lat' dir='ltr'><strong>ret</strong></span> <span class='ocrx_word' id='word_1_374' title='bbox 2115 3116 2167 3170; x_wconf 92' lang='lat' dir='ltr'><strong>in</strong></span> <span class='ocrx_word' id='word_1_375' title='bbox 2195 3115 2377 3169; x_wconf 92' lang='lat' dir='ltr'><strong>medio</strong></span> <span class='ocrx_word' id='word_1_376' title='bbox 2409 3126 2621 3176; x_wconf 89' lang='lat' dir='ltr'><strong>eorum,</strong></span> <span class='ocrx_word' id='word_1_377' title='bbox 2649 3110 2727 3164; x_wconf 87' lang='lat' dir='ltr'><strong>ait</strong></span> <span class='ocrx_word' id='word_1_378' title='bbox 2752 3127 2764 3162; x_wconf 91' lang='lat'><strong>:</strong></span> <span class='ocrx_word' id='word_1_379' title='bbox 2803 3105 2914 3168; x_wconf 86' lang='lat' dir='ltr'><strong>Sic,</strong></span> <span class='ocrx_word' id='word_1_380' title='bbox 2939 3104 3091 3159; x_wconf 90' lang='lat' dir='ltr'><strong>stulti</strong></span> <span class='ocrx_word' id='word_1_381' title='bbox 3136 3102 3228 3156; x_wconf 86' lang='lat' dir='ltr'><strong>filii</strong></span> <span class='ocrx_word' id='word_1_382' title='bbox 3255 3099 3440 3164; x_wconf 88' lang='lat' dir='ltr'><strong>lsrael,</strong></span> <span class='ocrx_word' id='word_1_383' title='bbox 3474 3110 3583 3150; x_wconf 84' lang='lat' dir='ltr'><strong>non</strong></span> 
     </span>
    </p>
   </div>
   <div class='ocr_carea' id='block_1_61' title="bbox 322 3196 1902 3295">
    <p class='ocr_par' dir='ltr' id='par_1_61' title="bbox 322 3196 1902 3295">
     <span class='ocr_line' id='line_1_62' title="bbox 322 3196 1902 3295; baseline 0.007 -47"><span class='ocrx_word' id='word_1_384' title='bbox 322 3196 733 3295; x_wconf 62' lang='grc' dir='ltr'>ανακρίναντες,</span> <span class='ocrx_word' id='word_1_385' title='bbox 760 3201 883 3255; x_wconf 72' lang='grc' dir='ltr'>οὐδὲ</span> <span class='ocrx_word' id='word_1_386' title='bbox 913 3200 975 3255; x_wconf 80' lang='grc' dir='ltr'>τὸ</span> <span class='ocrx_word' id='word_1_387' title='bbox 994 3204 1163 3273; x_wconf 70' lang='grc' dir='ltr'>σαφὲς</span> <span class='ocrx_word' id='word_1_388' title='bbox 1181 3204 1513 3273; x_wconf 72' lang='grc' dir='ltr'>ἐπιγνόντες,</span> <span class='ocrx_word' id='word_1_389' title='bbox 1543 3204 1902 3259; x_wconf 78' lang='grc' dir='ltr'>ἀπεκτείνατε</span> 
     </span>
    </p>
   </div>
   <div class='ocr_carea' id='block_1_62' title="bbox 2005 3196 3587 3295">
    <p class='ocr_par' dir='ltr' id='par_1_62' title="bbox 2006 3196 3587 3277">
     <span class='ocr_line' id='line_1_63' title="bbox 2006 3196 3587 3277; baseline -0.013 -14"><span class='ocrx_word' id='word_1_390' title='bbox 2006 3209 2429 3277; x_wconf 81' lang='lat' dir='ltr'><strong>interrogantes,</strong></span> <span class='ocrx_word' id='word_1_391' title='bbox 2456 3218 2635 3273; x_wconf 87' lang='lat' dir='ltr'><strong>neque</strong></span> <span class='ocrx_word' id='word_1_392' title='bbox 2662 3200 2809 3271; x_wconf 84' lang='lat' dir='ltr'><strong>quod</strong></span> <span class='ocrx_word' id='word_1_393' title='bbox 2860 3196 3213 3252; x_wconf 86' lang='lat' dir='ltr'><strong>manifestum</strong></span> <span class='ocrx_word' id='word_1_394' title='bbox 3263 3202 3348 3248; x_wconf 87' lang='lat' dir='ltr'><strong>est</strong></span> <span class='ocrx_word' id='word_1_395' title='bbox 3382 3204 3587 3260; x_wconf 80' lang='lat' dir='ltr'><strong>cogno-</strong></span> 
     </span>
    </p>
   </div>
   <div class='ocr_carea' id='block_1_63' title="bbox 322 3284 888 3363">
    <p class='ocr_par' dir='ltr' id='par_1_63' title="bbox 322 3284 888 3363">
     <span class='ocr_line' id='line_1_64' title="bbox 322 3284 888 3363; baseline 0.012 -24"><span class='ocrx_word' id='word_1_396' title='bbox 322 3284 600 3359; x_wconf 82' lang='grc' dir='ltr'>θυγατέρα</span> <span class='ocrx_word' id='word_1_397' title='bbox 643 3290 855 3363; x_wconf 79' lang='grc' dir='ltr'>Ἰσραήλ</span> <span class='ocrx_word' id='word_1_398' title='bbox 874 3310 888 3359; x_wconf 91' lang='grc'><strong>;</strong></span> 
     </span>
    </p>
   </div>
   <div class='ocr_carea' id='block_1_64' title="bbox 394 3379 1903 3459">
    <p class='ocr_par' dir='ltr' id='par_1_64' title="bbox 394 3379 1903 3459">
     <span class='ocr_line' id='line_1_65' title="bbox 394 3379 1903 3459; baseline 0.007 -26"><span class='ocrx_word' id='word_1_399' title='bbox 394 3379 483 3434; x_wconf 78' lang='grc'><strong>51.</strong></span> <span class='ocrx_word' id='word_1_400' title='bbox 511 3382 622 3435; x_wconf 81' lang='lat' dir='ltr'><strong>Kal</strong></span> <span class='ocrx_word' id='word_1_401' title='bbox 648 3382 742 3437; x_wconf 88' lang='grc' dir='ltr'><strong>νῦν</strong></span> <span class='ocrx_word' id='word_1_402' title='bbox 760 3383 1124 3456; x_wconf 84' lang='grc' dir='ltr'>διαχωρίσατὲ</span> <span class='ocrx_word' id='word_1_403' title='bbox 1169 3403 1257 3456; x_wconf 91' lang='grc' dir='ltr'><strong>μοι</strong></span> <span class='ocrx_word' id='word_1_404' title='bbox 1305 3386 1503 3451; x_wconf 78' lang='grc' dir='ltr'>αὐτοὺς</span> <span class='ocrx_word' id='word_1_405' title='bbox 1538 3386 1633 3441; x_wconf 77' lang='grc' dir='ltr'><strong>ἀπ’</strong></span> <span class='ocrx_word' id='word_1_406' title='bbox 1658 3386 1903 3459; x_wconf 83' lang='grc' dir='ltr'>ἀλλήλων</span> 
     </span>
    </p>
   </div>
   <div class='ocr_carea' id='block_1_65' title="bbox 326 3472 1900 3550">
    <p class='ocr_par' dir='ltr' id='par_1_65' title="bbox 326 3472 1900 3550">
     <span class='ocr_line' id='line_1_66' title="bbox 326 3472 1900 3550; baseline 0.003 -23"><span class='ocrx_word' id='word_1_407' title='bbox 326 3472 566 3543; x_wconf 85' lang='grc' dir='ltr'>μακρὰν,</span> <span class='ocrx_word' id='word_1_408' title='bbox 597 3474 683 3529; x_wconf 74' lang='grc' dir='ltr'><strong>ἵνα</strong></span> <span class='ocrx_word' id='word_1_409' title='bbox 715 3476 894 3530; x_wconf 80' lang='grc' dir='ltr'>ὲτάσω</span> <span class='ocrx_word' id='word_1_410' title='bbox 935 3475 1163 3540; x_wconf 81' lang='grc' dir='ltr'>αὐτούς’</span> <span class='ocrx_word' id='word_1_411' title='bbox 1208 3476 1287 3540; x_wconf 83' lang='grc' dir='ltr'>ὡς</span> <span class='ocrx_word' id='word_1_412' title='bbox 1325 3477 1383 3531; x_wconf 76' lang='grc' dir='ltr'>δὲ</span> <span class='ocrx_word' id='word_1_413' title='bbox 1441 3478 1900 3550; x_wconf 84' lang='grc' dir='ltr'>ὃιεχωρίσθησαν,</span> 
     </span>
    </p>
   </div>
   <div class='ocr_carea' id='block_1_66' title="bbox 322 3558 1904 3640">
    <p class='ocr_par' dir='ltr' id='par_1_66' title="bbox 322 3558 1904 3640">
     <span class='ocr_line' id='line_1_67' title="bbox 322 3558 1904 3640; baseline 0.004 -25"><span class='ocrx_word' id='word_1_414' title='bbox 322 3558 485 3620; x_wconf 78' lang='grc' dir='ltr'>εἶπεν</span> <span class='ocrx_word' id='word_1_415' title='bbox 517 3565 717 3638; x_wconf 81' lang='grc' dir='ltr'>Δανιὴλ</span> <span class='ocrx_word' id='word_1_416' title='bbox 770 3566 838 3639; x_wconf 80' lang='grc' dir='ltr'>τῇ</span> <span class='ocrx_word' id='word_1_417' title='bbox 872 3570 1162 3639; x_wconf 79' lang='grc' dir='ltr'>συναγωγῇ</span> <span class='ocrx_word' id='word_1_418' title='bbox 1182 3584 1196 3596; x_wconf 92' lang='grc'><strong>·</strong></span> <span class='ocrx_word' id='word_1_419' title='bbox 1229 3566 1344 3623; x_wconf 89' lang='grc' dir='ltr'>Νῦν</span> <span class='ocrx_word' id='word_1_420' title='bbox 1400 3569 1476 3640; x_wconf 83' lang='grc' dir='ltr'>μὴ</span> <span class='ocrx_word' id='word_1_421' title='bbox 1527 3566 1785 3640; x_wconf 77' lang='grc' dir='ltr'>βλέψητε,</span> <span class='ocrx_word' id='word_1_422' title='bbox 1821 3569 1904 3622; x_wconf 85' lang='grc' dir='ltr'>ὅτι</span> 
     </span>
    </p>
   </div>
   <div class='ocr_carea' id='block_1_67' title="bbox 321 3648 1901 3731">
    <p class='ocr_par' dir='ltr' id='par_1_67' title="bbox 321 3648 1901 3731">
     <span class='ocr_line' id='line_1_68' title="bbox 321 3648 1901 3731; baseline 0.004 -23"><span class='ocrx_word' id='word_1_423' title='bbox 321 3648 469 3710; x_wconf 73' lang='grc' dir='ltr'>οὗτοι</span> <span class='ocrx_word' id='word_1_424' title='bbox 488 3657 596 3711; x_wconf 71' lang='lat' dir='ltr'><strong>eiul.</strong></span> <span class='ocrx_word' id='word_1_425' title='bbox 628 3656 1010 3731; x_wconf 85' lang='grc' dir='ltr'>πρεσϐύτεροι,</span> <span class='ocrx_word' id='word_1_426' title='bbox 1046 3658 1296 3727; x_wconf 79' lang='grc' dir='ltr'>λέγοντες</span> <span class='ocrx_word' id='word_1_427' title='bbox 1319 3675 1331 3688; x_wconf 90' lang='grc'>·</span> <span class='ocrx_word' id='word_1_428' title='bbox 1365 3660 1440 3713; x_wconf 84' lang='grc' dir='ltr'><strong>Οὐ</strong></span> <span class='ocrx_word' id='word_1_429' title='bbox 1470 3660 1547 3731; x_wconf 78' lang='grc' dir='ltr'>μὴ</span> <span class='ocrx_word' id='word_1_430' title='bbox 1570 3658 1901 3730; x_wconf 77' lang='grc' dir='ltr'>ψεύσωνται,</span> 
     </span>
    </p>
   </div>
   <div class='ocr_carea' id='block_1_68' title="bbox 323 3745 1830 3821">
    <p class='ocr_par' dir='ltr' id='par_1_68' title="bbox 323 3745 1830 3821">
     <span class='ocr_line' id='line_1_69' title="bbox 323 3745 1830 3821; baseline 0.003 -21"><span class='ocrx_word' id='word_1_431' title='bbox 323 3745 466 3800; x_wconf 78' lang='grc' dir='ltr'>ἀλλὰ</span> <span class='ocrx_word' id='word_1_432' title='bbox 491 3748 770 3819; x_wconf 82' lang='grc' dir='ltr'>ἀνακρινῶ</span> <span class='ocrx_word' id='word_1_433' title='bbox 802 3749 1002 3813; x_wconf 83' lang='grc' dir='ltr'>αὐτοὺς</span> <span class='ocrx_word' id='word_1_434' title='bbox 1031 3749 1173 3803; x_wconf 85' lang='grc' dir='ltr'>κατὰ</span> <span class='ocrx_word' id='word_1_435' title='bbox 1191 3748 1261 3803; x_wconf 79' lang='grc' dir='ltr'>τὰ</span> <span class='ocrx_word' id='word_1_436' title='bbox 1296 3750 1677 3804; x_wconf 78' lang='grc' dir='ltr'>ὑποπίπτοντα</span> <span class='ocrx_word' id='word_1_437' title='bbox 1718 3767 1830 3821; x_wconf 85' lang='grc' dir='ltr'>μοι.</span> 
     </span>
    </p>
   </div>
   <div class='ocr_carea' id='block_1_69' title="bbox 399 3838 1907 3912">
    <p class='ocr_par' dir='ltr' id='par_1_69' title="bbox 399 3838 1907 3912">
     <span class='ocr_line' id='line_1_70' title="bbox 399 3838 1907 3912; baseline 0.001 -17"><span class='ocrx_word' id='word_1_438' title='bbox 399 3838 488 3895; x_wconf 75' lang='grc'><strong>52.</strong></span> <span class='ocrx_word' id='word_1_439' title='bbox 539 3841 649 3894; x_wconf 79' lang='lat' dir='ltr'><strong>Kal</strong></span> <span class='ocrx_word' id='word_1_440' title='bbox 696 3841 921 3896; x_wconf 76' lang='grc' dir='ltr'>ἐκάλεσε</span> <span class='ocrx_word' id='word_1_441' title='bbox 948 3840 1039 3896; x_wconf 76' lang='grc' dir='ltr'><strong>τὸν</strong></span> <span class='ocrx_word' id='word_1_442' title='bbox 1076 3840 1172 3895; x_wconf 66' lang='grc' dir='ltr'>ἕνα</span> <span class='ocrx_word' id='word_1_443' title='bbox 1209 3841 1409 3908; x_wconf 81' lang='grc' dir='ltr'>αὐτῶν,</span> <span class='ocrx_word' id='word_1_444' title='bbox 1438 3843 1533 3895; x_wconf 72' lang='grc' dir='ltr'>καὶ</span> <span class='ocrx_word' id='word_1_445' title='bbox 1556 3843 1907 3912; x_wconf 82' lang='grc' dir='ltr'>προσήγαγον</span> 
     </span>
    </p>
   </div>
   <div class='ocr_carea' id='block_1_70' title="bbox 270 3928 1902 4006">
    <p class='ocr_par' dir='ltr' id='par_1_70' title="bbox 270 3928 1902 4006">
     <span class='ocr_line' id='line_1_71' title="bbox 270 3928 1902 4006; baseline 0.003 -23"><span class='ocrx_word' id='word_1_446' title='bbox 270 3948 277 3953; x_wconf 56' lang='grc' dir='ltr'><strong>ί</strong></span> <span class='ocrx_word' id='word_1_447' title='bbox 323 3928 420 3984; x_wconf 70' lang='grc' dir='ltr'>τὸν</span> <span class='ocrx_word' id='word_1_448' title='bbox 438 3930 811 4004; x_wconf 82' lang='grc' dir='ltr'>πρεσϐύτερον</span> <span class='ocrx_word' id='word_1_449' title='bbox 825 3933 904 4004; x_wconf 81' lang='grc' dir='ltr'>τῷ</span> <span class='ocrx_word' id='word_1_450' title='bbox 923 3934 1199 4006; x_wconf 82' lang='grc' dir='ltr'>νεωτέρῳ,</span> <span class='ocrx_word' id='word_1_451' title='bbox 1215 3935 1312 3988; x_wconf 76' lang='grc' dir='ltr'><strong>καὶ</strong></span> <span class='ocrx_word' id='word_1_452' title='bbox 1332 3930 1487 3987; x_wconf 79' lang='grc' dir='ltr'>εἶπεν</span> <span class='ocrx_word' id='word_1_453' title='bbox 1510 3932 1659 4005; x_wconf 79' lang='grc' dir='ltr'>αὐτῷ</span> <span class='ocrx_word' id='word_1_454' title='bbox 1683 3936 1902 4005; x_wconf 86' lang='grc' dir='ltr'>Δανιήλ·</span> 
     </span>
    </p>
   </div>
   <div class='ocr_carea' id='block_1_71' title="bbox 330 4023 1907 4097">
    <p class='ocr_par' dir='ltr' id='par_1_71' title="bbox 330 4023 1907 4097">
     <span class='ocr_line' id='line_1_72' title="bbox 330 4023 1907 4097; baseline 0 -20"><span class='ocrx_word' id='word_1_455' title='bbox 330 4025 554 4089; x_wconf 70' lang='grc' dir='ltr'>Ἄκουε,</span> <span class='ocrx_word' id='word_1_456' title='bbox 580 4024 767 4092; x_wconf 79' lang='grc' dir='ltr'>ἄκουε,</span> <span class='ocrx_word' id='word_1_457' title='bbox 824 4025 1246 4096; x_wconf 77' lang='grc' dir='ltr'>πεπαλαιωμένε</span> <span class='ocrx_word' id='word_1_458' title='bbox 1277 4023 1503 4097; x_wconf 78' lang='grc' dir='ltr'>ἡμερῶν</span> <span class='ocrx_word' id='word_1_459' title='bbox 1552 4023 1761 4093; x_wconf 85' lang='grc' dir='ltr'>κακῶν,</span> <span class='ocrx_word' id='word_1_460' title='bbox 1811 4024 1907 4079; x_wconf 91' lang='grc' dir='ltr'><strong>νῦν</strong></span> 
     </span>
    </p>
   </div>
   <div class='ocr_carea' id='block_1_72' title="bbox 325 4115 1723 4189">
    <p class='ocr_par' dir='ltr' id='par_1_72' title="bbox 325 4115 1723 4189">
     <span class='ocr_line' id='line_1_73' title="bbox 325 4115 1723 4189; baseline 0 -18"><span class='ocrx_word' id='word_1_461' title='bbox 325 4116 497 4188; x_wconf 76' lang='grc' dir='ltr'>ῆκασί</span> <span class='ocrx_word' id='word_1_462' title='bbox 528 4133 623 4170; x_wconf 91' lang='grc' dir='ltr'><strong>σου</strong></span> <span class='ocrx_word' id='word_1_463' title='bbox 651 4116 708 4170; x_wconf 76' lang='lat' dir='ltr'><strong>ai</strong></span> <span class='ocrx_word' id='word_1_464' title='bbox 730 4116 996 4189; x_wconf 82' lang='grc' dir='ltr'>ἁμαρτίαι</span> <span class='ocrx_word' id='word_1_465' title='bbox 1023 4115 1090 4180; x_wconf 68' lang='grc' dir='ltr'>ἃς</span> <span class='ocrx_word' id='word_1_466' title='bbox 1111 4116 1316 4179; x_wconf 75' lang='grc' dir='ltr'>ἐποίεις</span> <span class='ocrx_word' id='word_1_467' title='bbox 1345 4116 1406 4170; x_wconf 81' lang='grc' dir='ltr'><strong>τὸ</strong></span> <span class='ocrx_word' id='word_1_468' title='bbox 1437 4115 1723 4187; x_wconf 86' lang='grc' dir='ltr'>πρότερον.</span> 
     </span>
    </p>
   </div>
   <div class='ocr_carea' id='block_1_73' title="bbox 400 4205 1910 4279">
    <p class='ocr_par' dir='ltr' id='par_1_73' title="bbox 400 4205 1910 4279">
     <span class='ocr_line' id='line_1_74' title="bbox 400 4205 1910 4279; baseline -0.001 -16"><span class='ocrx_word' id='word_1_469' title='bbox 400 4209 490 4263; x_wconf 75' lang='lat'><strong>55.</strong></span> <span class='ocrx_word' id='word_1_470' title='bbox 522 4207 843 4271; x_wconf 78' lang='grc' dir='ltr'>Πιστευθεὶς</span> <span class='ocrx_word' id='word_1_471' title='bbox 896 4207 1138 4273; x_wconf 79' lang='grc' dir='ltr'>ἀκούειν,</span> <span class='ocrx_word' id='word_1_472' title='bbox 1197 4207 1295 4260; x_wconf 76' lang='grc' dir='ltr'>καὶ</span> <span class='ocrx_word' id='word_1_473' title='bbox 1335 4205 1544 4276; x_wconf 88' lang='grc' dir='ltr'>κρίνειν</span> <span class='ocrx_word' id='word_1_474' title='bbox 1573 4205 1788 4279; x_wconf 79' lang='grc' dir='ltr'>κρίσεις</span> <span class='ocrx_word' id='word_1_475' title='bbox 1813 4206 1910 4262; x_wconf 85' lang='grc' dir='ltr'>θά-</span> 
     </span>
    </p>
   </div>
   <div class='ocr_carea' id='block_1_74' title="bbox 326 4296 1919 4371">
    <p class='ocr_par' dir='ltr' id='par_1_74' title="bbox 326 4296 1919 4371">
     <span class='ocr_line' id='line_1_75' title="bbox 326 4296 1919 4371; baseline 0.002 -20"><span class='ocrx_word' id='word_1_476' title='bbox 326 4312 487 4355; x_wconf 80' lang='grc' dir='ltr'>νατον</span> <span class='ocrx_word' id='word_1_477' title='bbox 514 4299 907 4370; x_wconf 69' lang='grc' dir='ltr'>ἐπιφερούσας,</span> <span class='ocrx_word' id='word_1_478' title='bbox 941 4299 1157 4353; x_wconf 77' lang='grc' dir='ltr'>καὶτὸν</span> <span class='ocrx_word' id='word_1_479' title='bbox 1190 4298 1290 4370; x_wconf 79' lang='grc' dir='ltr'>μὲν</span> <span class='ocrx_word' id='word_1_480' title='bbox 1331 4296 1511 4352; x_wconf 84' lang='grc' dir='ltr'>ἀθῶον</span> <span class='ocrx_word' id='word_1_481' title='bbox 1556 4298 1919 4371; x_wconf 68' lang='grc' dir='ltr'>κατέκρινας,</span> 
     </span>
    </p>
   </div>
   <div class='ocr_carea' id='block_1_75' title="bbox 325 4388 1909 4462">
    <p class='ocr_par' dir='ltr' id='par_1_75' title="bbox 325 4388 1909 4462">
     <span class='ocr_line' id='line_1_76' title="bbox 325 4388 1909 4462; baseline -0.001 -16"><span class='ocrx_word' id='word_1_482' title='bbox 325 4392 458 4457; x_wconf 79' lang='grc' dir='ltr'>τοὺς</span> <span class='ocrx_word' id='word_1_483' title='bbox 487 4388 547 4447; x_wconf 77' lang='grc' dir='ltr'>δὲ</span> <span class='ocrx_word' id='word_1_484' title='bbox 576 4391 797 4461; x_wconf 71' lang='grc' dir='ltr'>ἐνόχους</span> <span class='ocrx_word' id='word_1_485' title='bbox 812 4390 1016 4462; x_wconf 78' lang='grc' dir='ltr'>ὴφίεις,</span> <span class='ocrx_word' id='word_1_486' title='bbox 1038 4391 1132 4445; x_wconf 89' lang='grc' dir='ltr'><strong>τοῦ</strong></span> <span class='ocrx_word' id='word_1_487' title='bbox 1160 4389 1368 4462; x_wconf 78' lang='grc' dir='ltr'>Κυρίου</span> <span class='ocrx_word' id='word_1_488' title='bbox 1395 4388 1669 4459; x_wconf 67' lang='grc' dir='ltr'>λέγοντοςο</span> <span class='ocrx_word' id='word_1_489' title='bbox 1707 4390 1909 4444; x_wconf 79' lang='grc' dir='ltr'><strong>’Δθῶον</strong></span> 
     </span>
    </p>
   </div>
   <div class='ocr_carea' id='block_1_76' title="bbox 328 4482 1155 4547">
    <p class='ocr_par' dir='ltr' id='par_1_76' title="bbox 328 4482 1155 4547">
     <span class='ocr_line' id='line_1_77' title="bbox 328 4482 1155 4547; baseline -0.001 -8"><span class='ocrx_word' id='word_1_490' title='bbox 328 4484 428 4539; x_wconf 76' lang='grc' dir='ltr'><strong>καὶ</strong></span> <span class='ocrx_word' id='word_1_491' title='bbox 446 4482 654 4538; x_wconf 78' lang='grc' dir='ltr'>δίκαιον</span> <span class='ocrx_word' id='word_1_492' title='bbox 684 4483 785 4537; x_wconf 80' lang='grc' dir='ltr'><strong>οὐκ</strong></span> <span class='ocrx_word' id='word_1_493' title='bbox 817 4483 1155 4547; x_wconf 81' lang='grc' dir='ltr'>ἀποκτενεῖς.</span> 
     </span>
    </p>
   </div>
   <div class='ocr_carea' id='block_1_77' title="bbox 2007 3287 3164 3361">
    <p class='ocr_par' dir='ltr' id='par_1_77' title="bbox 2007 3287 3164 3361">
     <span class='ocr_line' id='line_1_78' title="bbox 2007 3287 3164 3361; baseline -0.012 -7"><span class='ocrx_word' id='word_1_494' title='bbox 2007 3307 2246 3361; x_wconf 89' lang='lat' dir='ltr'><strong>scentes,</strong></span> <span class='ocrx_word' id='word_1_495' title='bbox 2271 3304 2449 3351; x_wconf 84' lang='lat' dir='ltr'><strong>morte</strong></span> <span class='ocrx_word' id='word_1_496' title='bbox 2478 3292 2731 3349; x_wconf 85' lang='lat' dir='ltr'><strong>multatis</strong></span> <span class='ocrx_word' id='word_1_497' title='bbox 2762 3290 2928 3344; x_wconf 82' lang='lat' dir='ltr'><strong>filiam</strong></span> <span class='ocrx_word' id='word_1_498' title='bbox 2961 3287 3164 3343; x_wconf 79' lang='lat' dir='ltr'><strong>Israel?</strong></span> 
     </span>
    </p>
   </div>
   <div class='ocr_carea' id='block_1_78' title="bbox 2075 3378 3590 3456">
    <p class='ocr_par' dir='ltr' id='par_1_78' title="bbox 2075 3378 3590 3456">
     <span class='ocr_line' id='line_1_79' title="bbox 2075 3378 3590 3456; baseline -0.015 -9"><span class='ocrx_word' id='word_1_499' title='bbox 2075 3392 2164 3447; x_wconf 82' lang='lat'><strong>5|.</strong></span> <span class='ocrx_word' id='word_1_500' title='bbox 2206 3390 2274 3445; x_wconf 86' lang='lat' dir='ltr'><strong>Et</strong></span> <span class='ocrx_word' id='word_1_501' title='bbox 2298 3400 2446 3444; x_wconf 89' lang='lat' dir='ltr'><strong>nunc</strong></span> <span class='ocrx_word' id='word_1_502' title='bbox 2475 3394 2727 3456; x_wconf 84' lang='lat' dir='ltr'><strong>separate</strong></span> <span class='ocrx_word' id='word_1_503' title='bbox 2759 3382 2891 3437; x_wconf 76' lang='lat' dir='ltr'><strong>milii</strong></span> <span class='ocrx_word' id='word_1_504' title='bbox 2927 3396 3022 3436; x_wconf 92' lang='lat' dir='ltr'><strong>eos</strong></span> <span class='ocrx_word' id='word_1_505' title='bbox 3053 3379 3122 3434; x_wconf 90' lang='lat' dir='ltr'><strong>ab</strong></span> <span class='ocrx_word' id='word_1_506' title='bbox 3180 3378 3412 3431; x_wconf 70' lang='lat' dir='ltr'><strong>invicem</strong></span> <span class='ocrx_word' id='word_1_507' title='bbox 3464 3386 3590 3443; x_wconf 78' lang='lat' dir='ltr'><strong>pro-</strong></span> 
     </span>
    </p>
   </div>
   <div class='ocr_carea' id='block_1_79' title="bbox 2006 3462 3587 3549">
    <p class='ocr_par' dir='ltr' id='par_1_79' title="bbox 2006 3462 3587 3549">
     <span class='ocr_line' id='line_1_80' title="bbox 2006 3462 3587 3549; baseline -0.015 -10"><span class='ocrx_word' id='word_1_508' title='bbox 2006 3483 2115 3549; x_wconf 87' lang='lat' dir='ltr'><strong>cui,</strong></span> <span class='ocrx_word' id='word_1_509' title='bbox 2149 3489 2208 3536; x_wconf 90' lang='lat' dir='ltr'><strong>ut</strong></span> <span class='ocrx_word' id='word_1_510' title='bbox 2250 3479 2558 3536; x_wconf 84' lang='lat' dir='ltr'><strong>examinem</strong></span> <span class='ocrx_word' id='word_1_511' title='bbox 2619 3490 2737 3529; x_wconf 89' lang='lat' dir='ltr'><strong>eos.</strong></span> <span class='ocrx_word' id='word_1_512' title='bbox 2790 3471 3088 3540; x_wconf 86' lang='lat' dir='ltr'><strong>Postquam</strong></span> <span class='ocrx_word' id='word_1_513' title='bbox 3129 3475 3309 3522; x_wconf 87' lang='lat' dir='ltr'><strong>autem</strong></span> <span class='ocrx_word' id='word_1_514' title='bbox 3348 3462 3587 3533; x_wconf 87' lang='lat' dir='ltr'><strong>separati</strong></span> 
     </span>
    </p>
   </div>
   <div class='ocr_carea' id='block_1_80' title="bbox 2007 3555 3585 3642">
    <p class='ocr_par' dir='ltr' id='par_1_80' title="bbox 2007 3555 3585 3642">
     <span class='ocr_line' id='line_1_81' title="bbox 2007 3555 3585 3642; baseline -0.017 -9"><span class='ocrx_word' id='word_1_515' title='bbox 2007 3585 2154 3642; x_wconf 87' lang='lat' dir='ltr'><strong>sunt,</strong></span> <span class='ocrx_word' id='word_1_516' title='bbox 2177 3575 2319 3631; x_wconf 76' lang='lat' dir='ltr'><strong>dixit</strong></span> <span class='ocrx_word' id='word_1_517' title='bbox 2353 3566 2543 3626; x_wconf 87' lang='lat' dir='ltr'><strong>Daniel</strong></span> <span class='ocrx_word' id='word_1_518' title='bbox 2569 3567 2903 3624; x_wconf 87' lang='lat' dir='ltr'><strong>multitudini</strong></span> <span class='ocrx_word' id='word_1_519' title='bbox 2937 3585 2951 3619; x_wconf 89' lang='lat'><strong>:</strong></span> <span class='ocrx_word' id='word_1_520' title='bbox 2982 3562 3138 3617; x_wconf 82' lang='lat' dir='ltr'><strong>Nunc</strong></span> <span class='ocrx_word' id='word_1_521' title='bbox 3168 3578 3234 3615; x_wconf 88' lang='lat' dir='ltr'><strong>ne</strong></span> <span class='ocrx_word' id='word_1_522' title='bbox 3256 3555 3585 3627; x_wconf 74' lang='lat' dir='ltr'><strong>respiciatis,</strong></span> 
     </span>
    </p>
   </div>
   <div class='ocr_carea' id='block_1_81' title="bbox 2005 3651 3584 3740">
    <p class='ocr_par' dir='ltr' id='par_1_81' title="bbox 2005 3651 3584 3740">
     <span class='ocr_line' id='line_1_82' title="bbox 2005 3651 3584 3740; baseline -0.015 -16"><span class='ocrx_word' id='word_1_523' title='bbox 2005 3669 2133 3740; x_wconf 79' lang='lat' dir='ltr'><strong>quia</strong></span> <span class='ocrx_word' id='word_1_524' title='bbox 2173 3667 2262 3722; x_wconf 87' lang='lat' dir='ltr'><strong>isti</strong></span> <span class='ocrx_word' id='word_1_525' title='bbox 2284 3675 2412 3721; x_wconf 86' lang='lat' dir='ltr'><strong>sunt</strong></span> <span class='ocrx_word' id='word_1_526' title='bbox 2430 3662 2755 3735; x_wconf 81' lang='lat' dir='ltr'><strong>presbyteri,</strong></span> <span class='ocrx_word' id='word_1_527' title='bbox 2784 3661 3050 3719; x_wconf 85' lang='lat' dir='ltr'><strong>dicentes,</strong></span> <span class='ocrx_word' id='word_1_528' title='bbox 3087 3652 3206 3709; x_wconf 88' lang='lat' dir='ltr'><strong>Non</strong></span> <span class='ocrx_word' id='word_1_529' title='bbox 3228 3651 3584 3711; x_wconf 87' lang='lat' dir='ltr'><strong>mentiuntur,</strong></span> 
     </span>
    </p>
   </div>
   <div class='ocr_carea' id='block_1_82' title="bbox 2007 3739 3587 3828">
    <p class='ocr_par' dir='ltr' id='par_1_82' title="bbox 2007 3739 3587 3828">
     <span class='ocr_line' id='line_1_83' title="bbox 2007 3739 3587 3828; baseline -0.016 -12"><span class='ocrx_word' id='word_1_530' title='bbox 2007 3739 2102 3817; x_wconf 84' lang='lat' dir='ltr'><strong>sed</strong></span> <span class='ocrx_word' id='word_1_531' title='bbox 2131 3758 2482 3828; x_wconf 77' lang='lat' dir='ltr'><strong>interrogabo</strong></span> <span class='ocrx_word' id='word_1_532' title='bbox 2505 3770 2601 3810; x_wconf 88' lang='lat' dir='ltr'><strong>eos</strong></span> <span class='ocrx_word' id='word_1_533' title='bbox 2619 3754 2774 3824; x_wconf 76' lang='lat' dir='ltr'><strong>juxta</strong></span> <span class='ocrx_word' id='word_1_534' title='bbox 2808 3765 2894 3817; x_wconf 83' lang='lat' dir='ltr'><strong>ea,</strong></span> <span class='ocrx_word' id='word_1_535' title='bbox 2918 3764 3041 3818; x_wconf 66' lang='lat' dir='ltr'><strong>quae</strong></span> <span class='ocrx_word' id='word_1_536' title='bbox 3084 3746 3215 3801; x_wconf 86' lang='lat' dir='ltr'><strong>mihi</strong></span> <span class='ocrx_word' id='word_1_537' title='bbox 3244 3759 3302 3798; x_wconf 92' lang='lat' dir='ltr'><strong>se</strong></span> <span class='ocrx_word' id='word_1_538' title='bbox 3334 3739 3587 3796; x_wconf 72' lang='lat' dir='ltr'><strong>olferunt.</strong></span> 
     </span>
    </p>
   </div>
   <div class='ocr_carea' id='block_1_83' title="bbox 2078 3829 3591 3908">
    <p class='ocr_par' dir='ltr' id='par_1_83' title="bbox 2078 3829 3591 3908">
     <span class='ocr_line' id='line_1_84' title="bbox 2078 3829 3591 3908; baseline -0.016 -3"><span class='ocrx_word' id='word_1_539' title='bbox 2078 3851 2168 3907; x_wconf 72' lang='grc'><strong>52.</strong></span> <span class='ocrx_word' id='word_1_540' title='bbox 2195 3848 2261 3903; x_wconf 89' lang='lat' dir='ltr'><strong>Et</strong></span> <span class='ocrx_word' id='word_1_541' title='bbox 2290 3848 2505 3903; x_wconf 73' lang='lat' dir='ltr'><strong>vocavit</strong></span> <span class='ocrx_word' id='word_1_542' title='bbox 2536 3859 2704 3901; x_wconf 91' lang='lat' dir='ltr'><strong>unum</strong></span> <span class='ocrx_word' id='word_1_543' title='bbox 2727 3859 2789 3897; x_wconf 76' lang='lat' dir='ltr'><strong>ex</strong></span> <span class='ocrx_word' id='word_1_544' title='bbox 2822 3843 2926 3908; x_wconf 90' lang='lat' dir='ltr'><strong>eis,</strong></span> <span class='ocrx_word' id='word_1_545' title='bbox 2957 3850 3012 3896; x_wconf 89' lang='lat' dir='ltr'><strong>et</strong></span> <span class='ocrx_word' id='word_1_546' title='bbox 3040 3838 3384 3893; x_wconf 77' lang='lat' dir='ltr'><strong>adduxerunt</strong></span> <span class='ocrx_word' id='word_1_547' title='bbox 3408 3829 3591 3887; x_wconf 84' lang='lat' dir='ltr'><strong>senio-</strong></span> 
     </span>
    </p>
   </div>
   <div class='ocr_carea' id='block_1_84' title="bbox 2008 3922 3591 3999">
    <p class='ocr_par' dir='ltr' id='par_1_84' title="bbox 2008 3922 3591 3999">
     <span class='ocr_line' id='line_1_85' title="bbox 2008 3922 3591 3999; baseline -0.015 -2"><span class='ocrx_word' id='word_1_548' title='bbox 2008 3956 2125 3997; x_wconf 85' lang='lat' dir='ltr'><strong>rem</strong></span> <span class='ocrx_word' id='word_1_549' title='bbox 2155 3937 2596 3999; x_wconf 74' lang='lat' dir='ltr'><strong>adolescentulo,</strong></span> <span class='ocrx_word' id='word_1_550' title='bbox 2614 3945 2669 3989; x_wconf 91' lang='lat' dir='ltr'><strong>et</strong></span> <span class='ocrx_word' id='word_1_551' title='bbox 2687 3933 2824 3988; x_wconf 75' lang='lat' dir='ltr'><strong>dixit</strong></span> <span class='ocrx_word' id='word_1_552' title='bbox 2843 3934 2893 3987; x_wconf 87' lang='lat' dir='ltr'><strong>ei</strong></span> <span class='ocrx_word' id='word_1_553' title='bbox 2913 3930 3098 3985; x_wconf 83' lang='lat' dir='ltr'><strong>Daniel</strong></span> <span class='ocrx_word' id='word_1_554' title='bbox 3120 3949 3133 3981; x_wconf 89' lang='lat'><strong>:</strong></span> <span class='ocrx_word' id='word_1_555' title='bbox 3152 3927 3317 3989; x_wconf 85' lang='lat' dir='ltr'><strong>Audi,</strong></span> <span class='ocrx_word' id='word_1_556' title='bbox 3340 3923 3489 3989; x_wconf 82' lang='lat' dir='ltr'><strong>audi,</strong></span> <span class='ocrx_word' id='word_1_557' title='bbox 3505 3922 3591 3975; x_wconf 58' lang='lat' dir='ltr'><strong>in.</strong></span> 
     </span>
    </p>
   </div>
   <div class='ocr_carea' id='block_1_85' title="bbox 2008 4025 3587 4090">
    <p class='ocr_par' dir='ltr' id='par_1_85' title="bbox 2008 4025 3587 4090">
     <span class='ocr_line' id='line_1_86' title="bbox 2008 4025 3587 4090; baseline -0.012 -3"><span class='ocrx_word' id='word_1_558' title='bbox 2008 4039 2245 4089; x_wconf 78' lang='lat' dir='ltr'><strong>veterate</strong></span> <span class='ocrx_word' id='word_1_559' title='bbox 2270 4030 2482 4085; x_wconf 85' lang='lat' dir='ltr'><strong>dierum</strong></span> <span class='ocrx_word' id='word_1_560' title='bbox 2509 4028 2818 4090; x_wconf 83' lang='lat' dir='ltr'><strong>malorum,</strong></span> <span class='ocrx_word' id='word_1_561' title='bbox 2856 4038 3004 4078; x_wconf 88' lang='lat' dir='ltr'><strong>nunc</strong></span> <span class='ocrx_word' id='word_1_562' title='bbox 3041 4028 3306 4077; x_wconf 76' lang='lat' dir='ltr'><strong>venerunt</strong></span> <span class='ocrx_word' id='word_1_563' title='bbox 3345 4025 3587 4088; x_wconf 84' lang='lat' dir='ltr'><strong>peccata,</strong></span> 
     </span>
    </p>
   </div>
   <div class='ocr_carea' id='block_1_86' title="bbox 2009 4122 2596 4197">
    <p class='ocr_par' dir='ltr' id='par_1_86' title="bbox 2009 4122 2596 4197">
     <span class='ocr_line' id='line_1_87' title="bbox 2009 4122 2596 4197; baseline -0.015 -16"><span class='ocrx_word' id='word_1_564' title='bbox 2009 4140 2130 4197; x_wconf 67' lang='lat' dir='ltr'><strong>qua.</strong></span> <span class='ocrx_word' id='word_1_565' title='bbox 2150 4122 2389 4179; x_wconf 80' lang='lat' dir='ltr'><strong>faciebas</strong></span> <span class='ocrx_word' id='word_1_566' title='bbox 2414 4126 2596 4174; x_wconf 88' lang='lat' dir='ltr'><strong>antea.</strong></span> 
     </span>
    </p>
   </div>
   <div class='ocr_carea' id='block_1_87' title="bbox 2079 4198 3592 4275">
    <p class='ocr_par' dir='ltr' id='par_1_87' title="bbox 2079 4198 3592 4275">
     <span class='ocr_line' id='line_1_88' title="bbox 2079 4198 3592 4275; baseline -0.016 -1"><span class='ocrx_word' id='word_1_567' title='bbox 2079 4216 2169 4275; x_wconf 76' lang='lat'><strong>55.</strong></span> <span class='ocrx_word' id='word_1_568' title='bbox 2196 4215 2335 4272; x_wconf 84' lang='lat' dir='ltr'><strong>Cum</strong></span> <span class='ocrx_word' id='word_1_569' title='bbox 2368 4213 2466 4269; x_wconf 88' lang='lat' dir='ltr'><strong>tibi</strong></span> <span class='ocrx_word' id='word_1_570' title='bbox 2490 4209 2848 4267; x_wconf 89' lang='lat' dir='ltr'><strong>commissum</strong></span> <span class='ocrx_word' id='word_1_571' title='bbox 2874 4205 3043 4261; x_wconf 86' lang='lat' dir='ltr'><strong>fuerit</strong></span> <span class='ocrx_word' id='word_1_572' title='bbox 3071 4203 3283 4268; x_wconf 87' lang='lat' dir='ltr'><strong>audire,</strong></span> <span class='ocrx_word' id='word_1_573' title='bbox 3308 4211 3358 4256; x_wconf 88' lang='lat' dir='ltr'><strong>et</strong></span> <span class='ocrx_word' id='word_1_574' title='bbox 3388 4198 3592 4252; x_wconf 80' lang='lat' dir='ltr'><strong>discer-</strong></span> 
     </span>
    </p>
   </div>
   <div class='ocr_carea' id='block_1_88' title="bbox 2008 4289 3593 4379">
    <p class='ocr_par' dir='ltr' id='par_1_88' title="bbox 2008 4289 3593 4379">
     <span class='ocr_line' id='line_1_89' title="bbox 2008 4289 3593 4379; baseline -0.017 -11"><span class='ocrx_word' id='word_1_575' title='bbox 2008 4325 2140 4368; x_wconf 79' lang='lat' dir='ltr'><strong>nere</strong></span> <span class='ocrx_word' id='word_1_576' title='bbox 2169 4307 2376 4379; x_wconf 86' lang='lat' dir='ltr'><strong>judicia</strong></span> <span class='ocrx_word' id='word_1_577' title='bbox 2419 4312 2651 4359; x_wconf 88' lang='lat' dir='ltr'><strong>mortem</strong></span> <span class='ocrx_word' id='word_1_578' title='bbox 2685 4299 2988 4365; x_wconf 73' lang='lat' dir='ltr'><strong>offerentis,</strong></span> <span class='ocrx_word' id='word_1_579' title='bbox 3014 4305 3069 4351; x_wconf 88' lang='lat' dir='ltr'><strong>et</strong></span> <span class='ocrx_word' id='word_1_580' title='bbox 3096 4296 3440 4349; x_wconf 82' lang='lat' dir='ltr'><strong>innocentem</strong></span> <span class='ocrx_word' id='word_1_581' title='bbox 3468 4289 3593 4358; x_wconf 85' lang='lat' dir='ltr'><strong>qui-</strong></span> 
     </span>
    </p>
   </div>
   <div class='ocr_carea' id='block_1_89' title="bbox 2010 4382 3592 4462">
    <p class='ocr_par' dir='ltr' id='par_1_89' title="bbox 2010 4382 3592 4462">
     <span class='ocr_line' id='line_1_90' title="bbox 2010 4382 3592 4462; baseline -0.016 -4"><span class='ocrx_word' id='word_1_582' title='bbox 2010 4402 2133 4458; x_wconf 86' lang='lat' dir='ltr'><strong>dem</strong></span> <span class='ocrx_word' id='word_1_583' title='bbox 2156 4394 2559 4462; x_wconf 86' lang='lat' dir='ltr'><strong>condemnasti,</strong></span> <span class='ocrx_word' id='word_1_584' title='bbox 2587 4407 2712 4449; x_wconf 91' lang='lat' dir='ltr'><strong>reos</strong></span> <span class='ocrx_word' id='word_1_585' title='bbox 2739 4399 2922 4447; x_wconf 84' lang='lat' dir='ltr'><strong>autem</strong></span> <span class='ocrx_word' id='word_1_586' title='bbox 2982 4386 3324 4450; x_wconf 80' lang='lat' dir='ltr'><strong>dimittebas,</strong></span> <span class='ocrx_word' id='word_1_587' title='bbox 3376 4382 3592 4437; x_wconf 87' lang='lat' dir='ltr'><strong>dicente</strong></span> 
     </span>
    </p>
   </div>
   <div class='ocr_carea' id='block_1_90' title="bbox 2013 4476 3453 4556">
    <p class='ocr_par' dir='ltr' id='par_1_90' title="bbox 2013 4476 3453 4556">
     <span class='ocr_line' id='line_1_91' title="bbox 2013 4476 3453 4556; baseline -0.013 -5"><span class='ocrx_word' id='word_1_588' title='bbox 2013 4493 2279 4551; x_wconf 89' lang='lat' dir='ltr'><strong>Domino:</strong></span> <span class='ocrx_word' id='word_1_589' title='bbox 2302 4489 2651 4545; x_wconf 88' lang='lat' dir='ltr'><strong>lnuoeentem</strong></span> <span class='ocrx_word' id='word_1_590' title='bbox 2685 4485 2966 4556; x_wconf 84' lang='lat' dir='ltr'><strong>etjustum</strong></span> <span class='ocrx_word' id='word_1_591' title='bbox 2992 4496 3100 4537; x_wconf 89' lang='lat' dir='ltr'><strong>nou</strong></span> <span class='ocrx_word' id='word_1_592' title='bbox 3139 4476 3453 4534; x_wconf 85' lang='lat' dir='ltr'><strong>interticies.</strong></span> 
     </span>
    </p>
   </div>
   <div class='ocr_carea' id='block_1_91' title="bbox 401 4565 1902 4655">
    <p class='ocr_par' dir='ltr' id='par_1_91' title="bbox 401 4572 1902 4646">
     <span class='ocr_line' id='line_1_92' title="bbox 401 4572 1902 4646; baseline -0.002 -14"><span class='ocrx_word' id='word_1_593' title='bbox 401 4576 491 4632; x_wconf 70' lang='grc'><strong>54.</strong></span> <span class='ocrx_word' id='word_1_594' title='bbox 521 4575 634 4631; x_wconf 84' lang='grc' dir='ltr'>Νῦν</span> <span class='ocrx_word' id='word_1_595' title='bbox 660 4572 754 4631; x_wconf 73' lang='grc' dir='ltr'><strong>οὖν</strong></span> <span class='ocrx_word' id='word_1_596' title='bbox 780 4575 886 4630; x_wconf 75' lang='grc' dir='ltr'>ὑπὸ</span> <span class='ocrx_word' id='word_1_597' title='bbox 921 4575 974 4628; x_wconf 88' lang='grc' dir='ltr'><strong>τί</strong></span> <span class='ocrx_word' id='word_1_598' title='bbox 1007 4574 1245 4646; x_wconf 75' lang='grc' dir='ltr'>δένδρον,</span> <span class='ocrx_word' id='word_1_599' title='bbox 1297 4575 1395 4630; x_wconf 76' lang='grc' dir='ltr'>καὶ</span> <span class='ocrx_word' id='word_1_600' title='bbox 1428 4574 1657 4646; x_wconf 77' lang='grc' dir='ltr'>ποταπῷ</span> <span class='ocrx_word' id='word_1_601' title='bbox 1683 4573 1778 4629; x_wconf 79' lang='grc' dir='ltr'><strong>τοῦ</strong></span> <span class='ocrx_word' id='word_1_602' title='bbox 1806 4594 1902 4629; x_wconf 82' lang='grc' dir='ltr'>πα·</span> 
     </span>
    </p>
   </div>
   <div class='ocr_carea' id='block_1_92' title="bbox 2005 4565 3588 4655">
    <p class='ocr_par' dir='ltr' id='par_1_92' title="bbox 2081 4565 3588 4655">
     <span class='ocr_line' id='line_1_93' title="bbox 2081 4565 3588 4655; baseline -0.017 -11"><span class='ocrx_word' id='word_1_603' title='bbox 2081 4586 2173 4644; x_wconf 75' lang='grc'><strong>54.</strong></span> <span class='ocrx_word' id='word_1_604' title='bbox 2212 4586 2373 4640; x_wconf 85' lang='lat' dir='ltr'><strong>Nunc</strong></span> <span class='ocrx_word' id='word_1_605' title='bbox 2398 4583 2566 4655; x_wconf 87' lang='lat' dir='ltr'><strong>igitur</strong></span> <span class='ocrx_word' id='word_1_606' title='bbox 2591 4580 2695 4635; x_wconf 86' lang='lat' dir='ltr'><strong>sub</strong></span> <span class='ocrx_word' id='word_1_607' title='bbox 2717 4593 2825 4650; x_wconf 87' lang='lat' dir='ltr'><strong>qua</strong></span> <span class='ocrx_word' id='word_1_608' title='bbox 2856 4578 3073 4641; x_wconf 81' lang='lat' dir='ltr'><strong>arbore,</strong></span> <span class='ocrx_word' id='word_1_609' title='bbox 3100 4582 3155 4630; x_wconf 89' lang='lat' dir='ltr'><strong>et</strong></span> <span class='ocrx_word' id='word_1_610' title='bbox 3176 4571 3325 4645; x_wconf 87' lang='lat' dir='ltr'><strong>quali</strong></span> <span class='ocrx_word' id='word_1_611' title='bbox 3355 4565 3588 4641; x_wconf 85' lang='lat' dir='ltr'><strong>pomarii</strong></span> 
     </span>
    </p>
   </div>
   <div class='ocr_carea' id='block_1_93' title="bbox 331 4666 1906 4743">
    <p class='ocr_par' dir='ltr' id='par_1_93' title="bbox 331 4666 1906 4743">
     <span class='ocr_line' id='line_1_94' title="bbox 331 4666 1906 4743; baseline -0.001 -19"><span class='ocrx_word' id='word_1_612' title='bbox 331 4671 582 4743; x_wconf 84' lang='grc' dir='ltr'>ραδείσου</span> <span class='ocrx_word' id='word_1_613' title='bbox 612 4669 762 4740; x_wconf 80' lang='grc' dir='ltr'>τόπῳ</span> <span class='ocrx_word' id='word_1_614' title='bbox 808 4666 1062 4739; x_wconf 77' lang='grc' dir='ltr'>ἑώρακας</span> <span class='ocrx_word' id='word_1_615' title='bbox 1090 4666 1289 4730; x_wconf 78' lang='grc' dir='ltr'>αὐτοὺς</span> <span class='ocrx_word' id='word_1_616' title='bbox 1319 4667 1483 4731; x_wconf 85' lang='grc' dir='ltr'>δντας</span> <span class='ocrx_word' id='word_1_617' title='bbox 1514 4666 1613 4722; x_wconf 81' lang='grc' dir='ltr'><strong>σὺν</strong></span> <span class='ocrx_word' id='word_1_618' title='bbox 1656 4668 1906 4738; x_wconf 57' lang='lat' dir='ltr'><strong>sacrate;</strong></span> 
     </span>
    </p>
   </div>
   <div class='ocr_carea' id='block_1_94' title="bbox 331 4759 1306 4832">
    <p class='ocr_par' dir='ltr' id='par_1_94' title="bbox 331 4759 1306 4832">
     <span class='ocr_line' id='line_1_95' title="bbox 331 4759 1306 4832; baseline -0.005 -15"><span class='ocrx_word' id='word_1_619' title='bbox 331 4764 444 4818; x_wconf 79' lang='lat' dir='ltr'><strong>Kal.</strong></span> <span class='ocrx_word' id='word_1_620' title='bbox 470 4760 627 4817; x_wconf 70' lang='grc' dir='ltr'>εἶπεν</span> <span class='ocrx_word' id='word_1_621' title='bbox 644 4761 909 4832; x_wconf 81' lang='grc' dir='ltr'>δάσεϐής’</span> <span class='ocrx_word' id='word_1_622' title='bbox 944 4759 1079 4813; x_wconf 79' lang='grc' dir='ltr'><strong>Ὑπὸ</strong></span> <span class='ocrx_word' id='word_1_623' title='bbox 1108 4760 1306 4829; x_wconf 71' lang='grc' dir='ltr'>σχῖνον.</span> 
     </span>
    </p>
   </div>
   <div class='ocr_carea' id='block_1_95' title="bbox 404 4848 1912 4924">
    <p class='ocr_par' dir='ltr' id='par_1_95' title="bbox 404 4848 1912 4924">
     <span class='ocr_line' id='line_1_96' title="bbox 404 4848 1912 4924; baseline -0.005 -13"><span class='ocrx_word' id='word_1_624' title='bbox 404 4856 496 4912; x_wconf 79' lang='grc'><strong>55.</strong></span> <span class='ocrx_word' id='word_1_625' title='bbox 524 4850 695 4908; x_wconf 80' lang='grc' dir='ltr'>Εἷπεν</span> <span class='ocrx_word' id='word_1_626' title='bbox 722 4853 779 4907; x_wconf 80' lang='grc' dir='ltr'>δὲ</span> <span class='ocrx_word' id='word_1_627' title='bbox 809 4853 838 4906; x_wconf 81' lang='grc' dir='ltr'><strong>ὁ</strong></span> <span class='ocrx_word' id='word_1_628' title='bbox 863 4851 1148 4924; x_wconf 85' lang='grc' dir='ltr'>νεώτερος·</span> <span class='ocrx_word' id='word_1_629' title='bbox 1183 4849 1392 4921; x_wconf 84' lang='grc' dir='ltr'>Ὀρθῶς</span> <span class='ocrx_word' id='word_1_630' title='bbox 1414 4848 1641 4919; x_wconf 78' lang='grc' dir='ltr'>ἔψευσαι</span> <span class='ocrx_word' id='word_1_631' title='bbox 1684 4852 1765 4914; x_wconf 83' lang='grc' dir='ltr'><strong>είς</strong></span> <span class='ocrx_word' id='word_1_632' title='bbox 1812 4851 1912 4921; x_wconf 74' lang='grc' dir='ltr'><strong>τὴν</strong></span> 
     </span>
    </p>
   </div>
   <div class='ocr_carea' id='block_1_96' title="bbox 335 4942 1912 5017">
    <p class='ocr_par' dir='ltr' id='par_1_96' title="bbox 335 4942 1912 5017">
     <span class='ocr_line' id='line_1_97' title="bbox 335 4942 1912 5017; baseline -0.003 -15"><span class='ocrx_word' id='word_1_633' title='bbox 335 4946 564 5003; x_wconf 85' lang='grc' dir='ltr'>σεαυτοῦ</span> <span class='ocrx_word' id='word_1_634' title='bbox 597 4947 775 5017; x_wconf 78' lang='grc' dir='ltr'>ψυχήν</span> <span class='ocrx_word' id='word_1_635' title='bbox 796 4961 810 4977; x_wconf 87' lang='grc'><strong>·</strong></span> <span class='ocrx_word' id='word_1_636' title='bbox 844 4942 876 4997; x_wconf 81' lang='grc' dir='ltr'>ὁ</span> <span class='ocrx_word' id='word_1_637' title='bbox 918 4944 1030 5016; x_wconf 85' lang='grc' dir='ltr'>γὰρ</span> <span class='ocrx_word' id='word_1_638' title='bbox 1068 4942 1304 5012; x_wconf 76' lang='grc' dir='ltr'>ἄγγελος</span> <span class='ocrx_word' id='word_1_639' title='bbox 1351 4942 1560 5015; x_wconf 78' lang='grc' dir='ltr'>Κυρίου</span> <span class='ocrx_word' id='word_1_640' title='bbox 1610 4942 1783 5014; x_wconf 86' lang='grc' dir='ltr'>σχίσει</span> <span class='ocrx_word' id='word_1_641' title='bbox 1818 4961 1912 4998; x_wconf 89' lang='grc' dir='ltr'><strong>σου</strong></span> 
     </span>
    </p>
   </div>
   <div class='ocr_carea' id='block_1_97' title="bbox 332 5036 933 5112">
    <p class='ocr_par' dir='ltr' id='par_1_97' title="bbox 332 5036 933 5112">
     <span class='ocr_line' id='line_1_98' title="bbox 332 5036 933 5112; baseline -0.007 0"><span class='ocrx_word' id='word_1_642' title='bbox 332 5037 431 5112; x_wconf 72' lang='grc' dir='ltr'><strong>τὴν</strong></span> <span class='ocrx_word' id='word_1_643' title='bbox 463 5037 640 5109; x_wconf 72' lang='grc' dir='ltr'>ψυχὴν</span> <span class='ocrx_word' id='word_1_644' title='bbox 670 5036 933 5108; x_wconf 79' lang='grc' dir='ltr'>σήμερονο</span> 
     </span>
    </p>
   </div>
   <div class='ocr_carea' id='block_1_98' title="bbox 326 5118 1914 5198">
    <p class='ocr_par' dir='ltr' id='par_1_98' title="bbox 326 5118 1914 5198">
     <span class='ocr_line' id='line_1_99' title="bbox 326 5118 1914 5198; baseline 0.006 -59"><span class='ocrx_word' id='word_1_645' title='bbox 326 5134 335 5139; x_wconf 84' lang='grc'><strong>-</strong></span> <span class='ocrx_word' id='word_1_646' title='bbox 404 5128 493 5186; x_wconf 81' lang='lat'><strong>56.</strong></span> <span class='ocrx_word' id='word_1_647' title='bbox 518 5124 628 5182; x_wconf 79' lang='lat' dir='ltr'><strong>Kal</strong></span> <span class='ocrx_word' id='word_1_648' title='bbox 641 5126 830 5181; x_wconf 84' lang='grc' dir='ltr'>τοῦτον</span> <span class='ocrx_word' id='word_1_649' title='bbox 853 5124 1206 5198; x_wconf 73' lang='grc' dir='ltr'>μεταστήσας</span> <span class='ocrx_word' id='word_1_650' title='bbox 1225 5118 1347 5177; x_wconf 77' lang='grc' dir='ltr'>εἷπε</span> <span class='ocrx_word' id='word_1_651' title='bbox 1373 5126 1746 5194; x_wconf 71' lang='grc' dir='ltr'><strong>προσαγαγεῖν</strong></span> <span class='ocrx_word' id='word_1_652' title='bbox 1765 5125 1914 5197; x_wconf 70' lang='grc' dir='ltr'>αὐτῷ</span> 
     </span>
    </p>
   </div>
   <div class='ocr_carea' id='block_1_99' title="bbox 334 5209 1914 5289">
    <p class='ocr_par' dir='ltr' id='par_1_99' title="bbox 334 5209 1914 5289">
     <span class='ocr_line' id='line_1_100' title="bbox 334 5209 1914 5289; baseline -0.001 -17"><span class='ocrx_word' id='word_1_653' title='bbox 334 5218 427 5273; x_wconf 75' lang='grc' dir='ltr'><strong>τὸν</strong></span> <span class='ocrx_word' id='word_1_654' title='bbox 446 5218 638 5289; x_wconf 68' lang='grc' dir='ltr'>ἕτερον</span> <span class='ocrx_word' id='word_1_655' title='bbox 659 5231 672 5247; x_wconf 82' lang='lat'><strong>&#39;</strong></span> <span class='ocrx_word' id='word_1_656' title='bbox 700 5218 798 5271; x_wconf 84' lang='grc' dir='ltr'>καὶ</span> <span class='ocrx_word' id='word_1_657' title='bbox 824 5215 999 5287; x_wconf 76' lang='grc' dir='ltr'>τούτῳ</span> <span class='ocrx_word' id='word_1_658' title='bbox 1017 5209 1258 5269; x_wconf 65' lang='grc' dir='ltr'>διεῖπεν*</span> <span class='ocrx_word' id='word_1_659' title='bbox 1281 5213 1383 5268; x_wconf 83' lang='grc' dir='ltr'><strong>Διὰ</strong></span> <span class='ocrx_word' id='word_1_660' title='bbox 1407 5213 1460 5267; x_wconf 88' lang='grc' dir='ltr'><strong>τί</strong></span> <span class='ocrx_word' id='word_1_661' title='bbox 1481 5213 1914 5286; x_wconf 78' lang='grc' dir='ltr'>διεστραμμένον</span> 
     </span>
    </p>
   </div>
   <div class='ocr_carea' id='block_1_100' title="bbox 335 5305 1915 5381">
    <p class='ocr_par' dir='ltr' id='par_1_100' title="bbox 335 5305 1915 5381">
     <span class='ocr_line' id='line_1_101' title="bbox 335 5305 1915 5381; baseline -0.001 -17"><span class='ocrx_word' id='word_1_662' title='bbox 335 5312 397 5365; x_wconf 80' lang='grc' dir='ltr'>τὺ</span> <span class='ocrx_word' id='word_1_663' title='bbox 442 5310 659 5381; x_wconf 70' lang='grc' dir='ltr'>σπέρμα</span> <span class='ocrx_word' id='word_1_664' title='bbox 691 5322 787 5362; x_wconf 87' lang='grc' dir='ltr'><strong>σου</strong></span> <span class='ocrx_word' id='word_1_665' title='bbox 823 5307 903 5373; x_wconf 80' lang='grc' dir='ltr'>ὡς</span> <span class='ocrx_word' id='word_1_666' title='bbox 948 5305 1200 5369; x_wconf 84' lang='grc' dir='ltr'>Σιδῶνος,</span> <span class='ocrx_word' id='word_1_667' title='bbox 1237 5306 1334 5360; x_wconf 75' lang='grc' dir='ltr'>καὶ</span> <span class='ocrx_word' id='word_1_668' title='bbox 1364 5305 1465 5377; x_wconf 79' lang='grc' dir='ltr'><strong>οὐχ</strong></span> <span class='ocrx_word' id='word_1_669' title='bbox 1501 5305 1577 5370; x_wconf 78' lang='grc' dir='ltr'><strong>ὡς</strong></span> <span class='ocrx_word' id='word_1_670' title='bbox 1619 5305 1818 5374; x_wconf 78' lang='grc' dir='ltr'>Ἰούδας</span> <span class='ocrx_word' id='word_1_671' title='bbox 1852 5309 1915 5362; x_wconf 83' lang='grc' dir='ltr'><strong>τὸ</strong></span> 
     </span>
    </p>
   </div>
   <div class='ocr_carea' id='block_1_101' title="bbox 338 5395 1560 5471">
    <p class='ocr_par' dir='ltr' id='par_1_101' title="bbox 338 5395 1560 5471">
     <span class='ocr_line' id='line_1_102' title="bbox 338 5395 1560 5471; baseline -0.004 -14"><span class='ocrx_word' id='word_1_672' title='bbox 338 5400 532 5467; x_wconf 71' lang='grc' dir='ltr'>κάλλος</span> <span class='ocrx_word' id='word_1_673' title='bbox 565 5400 628 5454; x_wconf 69' lang='grc' dir='ltr'>σὲ</span> <span class='ocrx_word' id='word_1_674' title='bbox 659 5400 963 5471; x_wconf 74' lang='grc' dir='ltr'>ἠπάτησεν,</span> <span class='ocrx_word' id='word_1_675' title='bbox 998 5399 1033 5469; x_wconf 76' lang='grc' dir='ltr'>ἡ</span> <span class='ocrx_word' id='word_1_676' title='bbox 1069 5395 1241 5468; x_wconf 78' lang='grc' dir='ltr'>μικρὰ</span> <span class='ocrx_word' id='word_1_677' title='bbox 1271 5396 1560 5468; x_wconf 70' lang='grc' dir='ltr'>ἐπιθυμία.</span> 
     </span>
    </p>
   </div>
   <div class='ocr_carea' id='block_1_102' title="bbox 407 5488 1915 5563">
    <p class='ocr_par' dir='ltr' id='par_1_102' title="bbox 407 5488 1915 5563">
     <span class='ocr_line' id='line_1_103' title="bbox 407 5488 1915 5563; baseline -0.002 -13"><span class='ocrx_word' id='word_1_678' title='bbox 407 5493 497 5550; x_wconf 76' lang='grc'><strong>5⁸7.</strong></span> <span class='ocrx_word' id='word_1_679' title='bbox 527 5495 643 5548; x_wconf 74' lang='grc' dir='ltr'>Καὶ</span> <span class='ocrx_word' id='word_1_680' title='bbox 663 5492 838 5557; x_wconf 69' lang='grc' dir='ltr'>οὕτως</span> <span class='ocrx_word' id='word_1_681' title='bbox 865 5492 1101 5545; x_wconf 69' lang='grc' dir='ltr'>εποιεῖτε</span> <span class='ocrx_word' id='word_1_682' title='bbox 1142 5488 1484 5560; x_wconf 82' lang='grc' dir='ltr'>θυγατράσιν</span> <span class='ocrx_word' id='word_1_683' title='bbox 1534 5490 1751 5563; x_wconf 83' lang='grc' dir='ltr'>Ἰσραήλ</span> <span class='ocrx_word' id='word_1_684' title='bbox 1771 5508 1784 5522; x_wconf 92' lang='grc'><strong>·</strong></span> <span class='ocrx_word' id='word_1_685' title='bbox 1821 5493 1915 5547; x_wconf 72' lang='grc' dir='ltr'>καὶ</span> 
     </span>
    </p>
   </div>
   <div class='ocr_carea' id='block_1_103' title="bbox 341 5579 1915 5655">
    <p class='ocr_par' dir='ltr' id='par_1_103' title="bbox 341 5579 1915 5655">
     <span class='ocr_line' id='line_1_104' title="bbox 341 5579 1915 5655; baseline -0.002 -17"><span class='ocrx_word' id='word_1_686' title='bbox 341 5588 542 5641; x_wconf 67' lang='grc' dir='ltr'>ἐκεῖναι</span> <span class='ocrx_word' id='word_1_687' title='bbox 572 5583 925 5655; x_wconf 84' lang='grc' dir='ltr'>φοϐούμεναι,</span> <span class='ocrx_word' id='word_1_688' title='bbox 956 5579 1266 5653; x_wconf 79' lang='grc' dir='ltr'>ὡμιλοῦσαν</span> <span class='ocrx_word' id='word_1_689' title='bbox 1298 5580 1450 5651; x_wconf 79' lang='grc' dir='ltr'>ύμῖνο</span> <span class='ocrx_word' id='word_1_690' title='bbox 1489 5580 1606 5634; x_wconf 81' lang='grc' dir='ltr'>ἀλλ’</span> <span class='ocrx_word' id='word_1_691' title='bbox 1651 5583 1712 5635; x_wconf 87' lang='grc' dir='ltr'><strong>ού</strong></span> <span class='ocrx_word' id='word_1_692' title='bbox 1741 5584 1915 5652; x_wconf 75' lang='grc' dir='ltr'>θυγάο</span> 
     </span>
    </p>
   </div>
   <div class='ocr_carea' id='block_1_104' title="bbox 340 5669 1917 5747">
    <p class='ocr_par' dir='ltr' id='par_1_104' title="bbox 340 5669 1917 5747">
     <span class='ocr_line' id='line_1_105' title="bbox 340 5669 1917 5747; baseline -0.002 -17"><span class='ocrx_word' id='word_1_693' title='bbox 340 5692 445 5747; x_wconf 83' lang='grc' dir='ltr'><strong>τηρ</strong></span> <span class='ocrx_word' id='word_1_694' title='bbox 481 5675 649 5731; x_wconf 83' lang='grc' dir='ltr'>Ἰούδα</span> <span class='ocrx_word' id='word_1_695' title='bbox 693 5675 958 5745; x_wconf 76' lang='grc' dir='ltr'>ὑπέμεινε</span> <span class='ocrx_word' id='word_1_696' title='bbox 1002 5671 1101 5742; x_wconf 81' lang='grc' dir='ltr'><strong>τὴν</strong></span> <span class='ocrx_word' id='word_1_697' title='bbox 1134 5671 1291 5726; x_wconf 87' lang='grc' dir='ltr'>νόσον</span> <span class='ocrx_word' id='word_1_698' title='bbox 1316 5669 1474 5741; x_wconf 80' lang='grc' dir='ltr'>ὑμῶν</span> <span class='ocrx_word' id='word_1_699' title='bbox 1497 5672 1557 5723; x_wconf 74' lang='grc' dir='ltr'>ὲν</span> <span class='ocrx_word' id='word_1_700' title='bbox 1583 5672 1787 5741; x_wconf 77' lang='grc' dir='ltr'>ἀνομίᾳ</span> <span class='ocrx_word' id='word_1_701' title='bbox 1815 5674 1917 5727; x_wconf 82' lang='grc' dir='ltr'><strong>ὐπ-</strong></span> 
     </span>
    </p>
   </div>
   <div class='ocr_carea' id='block_1_105' title="bbox 345 5770 604 5836">
    <p class='ocr_par' dir='ltr' id='par_1_105' title="bbox 345 5770 604 5836">
     <span class='ocr_line' id='line_1_106' title="bbox 345 5770 604 5836; baseline 0.012 -14"><span class='ocrx_word' id='word_1_702' title='bbox 345 5770 604 5836; x_wconf 81' lang='grc' dir='ltr'>ενεγκεϊν.</span> 
     </span>
    </p>
   </div>
   <div class='ocr_carea' id='block_1_106' title="bbox 414 5852 1916 5927">
    <p class='ocr_par' dir='ltr' id='par_1_106' title="bbox 414 5852 1916 5927">
     <span class='ocr_line' id='line_1_107' title="bbox 414 5852 1916 5927; baseline -0.003 -12"><span class='ocrx_word' id='word_1_703' title='bbox 414 5858 499 5915; x_wconf 85' lang='grc'><strong>58.</strong></span> <span class='ocrx_word' id='word_1_704' title='bbox 527 5857 640 5914; x_wconf 82' lang='grc' dir='ltr'>Νῦν</span> <span class='ocrx_word' id='word_1_705' title='bbox 659 5853 752 5912; x_wconf 73' lang='grc' dir='ltr'>οὖν</span> <span class='ocrx_word' id='word_1_706' title='bbox 776 5857 898 5924; x_wconf 83' lang='grc' dir='ltr'>λέγε</span> <span class='ocrx_word' id='word_1_707' title='bbox 925 5870 1034 5927; x_wconf 86' lang='grc' dir='ltr'>μοι·</span> <span class='ocrx_word' id='word_1_708' title='bbox 1074 5852 1209 5908; x_wconf 78' lang='grc' dir='ltr'>Ὑπὸ</span> <span class='ocrx_word' id='word_1_709' title='bbox 1242 5856 1294 5909; x_wconf 84' lang='grc' dir='ltr'><strong>τί</strong></span> <span class='ocrx_word' id='word_1_710' title='bbox 1313 5856 1550 5925; x_wconf 79' lang='grc' dir='ltr'>δένδρον,</span> <span class='ocrx_word' id='word_1_711' title='bbox 1572 5856 1670 5909; x_wconf 77' lang='grc' dir='ltr'><strong>καὶ</strong></span> <span class='ocrx_word' id='word_1_712' title='bbox 1692 5859 1748 5908; x_wconf 77' lang='grc' dir='ltr'><strong>ἐν</strong></span> <span class='ocrx_word' id='word_1_713' title='bbox 1781 5862 1916 5923; x_wconf 71' lang='grc' dir='ltr'>ποίῳ</span> 
     </span>
    </p>
   </div>
   <div class='ocr_carea' id='block_1_107' title="bbox 2014 4658 3594 4733">
    <p class='ocr_par' dir='ltr' id='par_1_107' title="bbox 2014 4658 3594 4733">
     <span class='ocr_line' id='line_1_108' title="bbox 2014 4658 3594 4733; baseline -0.011 -2"><span class='ocrx_word' id='word_1_714' title='bbox 2014 4677 2136 4733; x_wconf 90' lang='lat' dir='ltr'><strong>loco</strong></span> <span class='ocrx_word' id='word_1_715' title='bbox 2186 4675 2368 4731; x_wconf 84' lang='lat' dir='ltr'><strong>vidisti</strong></span> <span class='ocrx_word' id='word_1_716' title='bbox 2430 4687 2528 4728; x_wconf 90' lang='lat' dir='ltr'><strong>eos</strong></span> <span class='ocrx_word' id='word_1_717' title='bbox 2595 4686 2784 4728; x_wconf 88' lang='lat' dir='ltr'><strong>secum</strong></span> <span class='ocrx_word' id='word_1_718' title='bbox 2842 4662 3284 4725; x_wconf 80' lang='lat' dir='ltr'><strong>commorautes?</strong></span> <span class='ocrx_word' id='word_1_719' title='bbox 3329 4664 3396 4717; x_wconf 81' lang='lat' dir='ltr'><strong>Et</strong></span> <span class='ocrx_word' id='word_1_720' title='bbox 3453 4658 3594 4716; x_wconf 77' lang='lat' dir='ltr'><strong>dixit</strong></span> 
     </span>
    </p>
   </div>
   <div class='ocr_carea' id='block_1_108' title="bbox 2014 4762 2642 4835">
    <p class='ocr_par' dir='ltr' id='par_1_108' title="bbox 2014 4762 2642 4835">
     <span class='ocr_line' id='line_1_109' title="bbox 2014 4762 2642 4835; baseline -0.008 -14"><span class='ocrx_word' id='word_1_721' title='bbox 2014 4766 2215 4835; x_wconf 91' lang='lat' dir='ltr'><strong>impius</strong></span> <span class='ocrx_word' id='word_1_722' title='bbox 2239 4783 2253 4817; x_wconf 90' lang='lat'><strong>:</strong></span> <span class='ocrx_word' id='word_1_723' title='bbox 2284 4763 2401 4820; x_wconf 89' lang='lat' dir='ltr'><strong>Sub</strong></span> <span class='ocrx_word' id='word_1_724' title='bbox 2428 4762 2642 4818; x_wconf 91' lang='lat' dir='ltr'><strong>schino.</strong></span> 
     </span>
    </p>
   </div>
   <div class='ocr_carea' id='block_1_109' title="bbox 2083 4840 3592 4913">
    <p class='ocr_par' dir='ltr' id='par_1_109' title="bbox 2083 4840 3592 4913">
     <span class='ocr_line' id='line_1_110' title="bbox 2083 4840 3592 4913; baseline -0.013 -1"><span class='ocrx_word' id='word_1_725' title='bbox 2083 4857 2175 4913; x_wconf 83' lang='lat'><strong>55.</strong></span> <span class='ocrx_word' id='word_1_726' title='bbox 2207 4855 2555 4910; x_wconf 83' lang='lat' dir='ltr'><strong>Dixitautem</strong></span> <span class='ocrx_word' id='word_1_727' title='bbox 2596 4851 3037 4909; x_wconf 85' lang='lat' dir='ltr'><strong>adolescentulus</strong></span> <span class='ocrx_word' id='word_1_728' title='bbox 3081 4864 3094 4899; x_wconf 91' lang='lat'><strong>:</strong></span> <span class='ocrx_word' id='word_1_729' title='bbox 3139 4844 3303 4899; x_wconf 83' lang='lat' dir='ltr'><strong>Recte</strong></span> <span class='ocrx_word' id='word_1_730' title='bbox 3332 4840 3592 4896; x_wconf 83' lang='lat' dir='ltr'><strong>mentitus</strong></span> 
     </span>
    </p>
   </div>
   <div class='ocr_carea' id='block_1_110' title="bbox 2011 4935 3594 5017">
    <p class='ocr_par' dir='ltr' id='par_1_110' title="bbox 2011 4935 3594 5017">
     <span class='ocr_line' id='line_1_111' title="bbox 2011 4935 3594 5017; baseline -0.012 -11"><span class='ocrx_word' id='word_1_731' title='bbox 2011 4965 2074 5006; x_wconf 89' lang='lat' dir='ltr'><strong>es</strong></span> <span class='ocrx_word' id='word_1_732' title='bbox 2099 4949 2154 5004; x_wconf 91' lang='lat' dir='ltr'><strong>in</strong></span> <span class='ocrx_word' id='word_1_733' title='bbox 2181 4949 2422 5003; x_wconf 82' lang='lat' dir='ltr'><strong>animam</strong></span> <span class='ocrx_word' id='word_1_734' title='bbox 2447 4956 2619 5013; x_wconf 83' lang='lat' dir='ltr'><strong>tuam,</strong></span> <span class='ocrx_word' id='word_1_735' title='bbox 2666 4945 2893 5017; x_wconf 85' lang='lat' dir='ltr'><strong>angelus</strong></span> <span class='ocrx_word' id='word_1_736' title='bbox 2927 4951 3107 4997; x_wconf 83' lang='lat' dir='ltr'><strong>autem</strong></span> <span class='ocrx_word' id='word_1_737' title='bbox 3136 4936 3353 4994; x_wconf 91' lang='lat' dir='ltr'><strong>Domini</strong></span> <span class='ocrx_word' id='word_1_738' title='bbox 3383 4935 3594 4992; x_wconf 80' lang='lat' dir='ltr'><strong>scindet</strong></span> 
     </span>
    </p>
   </div>
   <div class='ocr_carea' id='block_1_111' title="bbox 2013 5038 2642 5099">
    <p class='ocr_par' dir='ltr' id='par_1_111' title="bbox 2013 5038 2642 5099">
     <span class='ocr_line' id='line_1_112' title="bbox 2013 5038 2642 5099; baseline -0.01 -1"><span class='ocrx_word' id='word_1_739' title='bbox 2013 5043 2250 5099; x_wconf 87' lang='lat' dir='ltr'><strong>animam</strong></span> <span class='ocrx_word' id='word_1_740' title='bbox 2284 5048 2431 5095; x_wconf 87' lang='lat' dir='ltr'><strong>tuam</strong></span> <span class='ocrx_word' id='word_1_741' title='bbox 2458 5038 2642 5094; x_wconf 87' lang='lat' dir='ltr'><strong>hodie.</strong></span> 
     </span>
    </p>
   </div>
   <div class='ocr_carea' id='block_1_112' title="bbox 2087 5118 3591 5190">
    <p class='ocr_par' dir='ltr' id='par_1_112' title="bbox 2087 5118 3591 5190">
     <span class='ocr_line' id='line_1_113' title="bbox 2087 5118 3591 5190; baseline -0.012 0"><span class='ocrx_word' id='word_1_742' title='bbox 2087 5133 2177 5190; x_wconf 83' lang='lat'><strong>56.</strong></span> <span class='ocrx_word' id='word_1_743' title='bbox 2205 5131 2270 5187; x_wconf 85' lang='lat' dir='ltr'><strong>Et</strong></span> <span class='ocrx_word' id='word_1_744' title='bbox 2301 5146 2426 5186; x_wconf 90' lang='lat' dir='ltr'><strong>cum</strong></span> <span class='ocrx_word' id='word_1_745' title='bbox 2456 5131 2605 5185; x_wconf 86' lang='lat' dir='ltr'><strong>hunc</strong></span> <span class='ocrx_word' id='word_1_746' title='bbox 2639 5125 2993 5189; x_wconf 85' lang='lat' dir='ltr'><strong>removisset,</strong></span> <span class='ocrx_word' id='word_1_747' title='bbox 3045 5120 3201 5186; x_wconf 83' lang='lat' dir='ltr'><strong>dixit,</strong></span> <span class='ocrx_word' id='word_1_748' title='bbox 3242 5127 3304 5174; x_wconf 90' lang='lat' dir='ltr'><strong>ut</strong></span> <span class='ocrx_word' id='word_1_749' title='bbox 3350 5118 3591 5173; x_wconf 86' lang='lat' dir='ltr'><strong>adduce-</strong></span> 
     </span>
    </p>
   </div>
   <div class='ocr_carea' id='block_1_113' title="bbox 2013 5210 3590 5285">
    <p class='ocr_par' dir='ltr' id='par_1_113' title="bbox 2013 5210 3590 5285">
     <span class='ocr_line' id='line_1_114' title="bbox 2013 5210 3590 5285; baseline -0.013 -5"><span class='ocrx_word' id='word_1_750' title='bbox 2013 5232 2136 5280; x_wconf 87' lang='lat' dir='ltr'><strong>rent</strong></span> <span class='ocrx_word' id='word_1_751' title='bbox 2156 5223 2258 5278; x_wconf 88' lang='lat' dir='ltr'><strong>sibi</strong></span> <span class='ocrx_word' id='word_1_752' title='bbox 2286 5221 2542 5285; x_wconf 85' lang='lat' dir='ltr'><strong>alterum,</strong></span> <span class='ocrx_word' id='word_1_753' title='bbox 2571 5217 2666 5273; x_wconf 88' lang='lat' dir='ltr'><strong>sed</strong></span> <span class='ocrx_word' id='word_1_754' title='bbox 2692 5222 2748 5270; x_wconf 84' lang='lat' dir='ltr'><strong>et</strong></span> <span class='ocrx_word' id='word_1_755' title='bbox 2769 5214 2897 5268; x_wconf 84' lang='lat' dir='ltr'><strong>huic</strong></span> <span class='ocrx_word' id='word_1_756' title='bbox 2922 5213 3032 5267; x_wconf 80' lang='lat' dir='ltr'><strong>ait:</strong></span> <span class='ocrx_word' id='word_1_757' title='bbox 3063 5210 3244 5278; x_wconf 80' lang='lat' dir='ltr'><strong>Quare</strong></span> <span class='ocrx_word' id='word_1_758' title='bbox 3272 5222 3590 5278; x_wconf 83' lang='lat' dir='ltr'><strong>perversum</strong></span> 
     </span>
    </p>
   </div>
   <div class='ocr_carea' id='block_1_114' title="bbox 2013 5294 3596 5371">
    <p class='ocr_par' dir='ltr' id='par_1_114' title="bbox 2013 5294 3596 5371">
     <span class='ocr_line' id='line_1_115' title="bbox 2013 5294 3596 5371; baseline -0.013 0"><span class='ocrx_word' id='word_1_759' title='bbox 2013 5324 2099 5371; x_wconf 87' lang='lat' dir='ltr'><strong>est</strong></span> <span class='ocrx_word' id='word_1_760' title='bbox 2128 5327 2312 5371; x_wconf 90' lang='lat' dir='ltr'><strong>semen</strong></span> <span class='ocrx_word' id='word_1_761' title='bbox 2349 5319 2501 5365; x_wconf 90' lang='lat' dir='ltr'><strong>tuum</strong></span> <span class='ocrx_word' id='word_1_762' title='bbox 2536 5308 2679 5362; x_wconf 89' lang='lat' dir='ltr'><strong>sicut</strong></span> <span class='ocrx_word' id='word_1_763' title='bbox 2722 5301 2965 5367; x_wconf 87' lang='lat' dir='ltr'><strong>Sidonis,</strong></span> <span class='ocrx_word' id='word_1_764' title='bbox 2995 5308 3051 5355; x_wconf 89' lang='lat' dir='ltr'><strong>et</strong></span> <span class='ocrx_word' id='word_1_765' title='bbox 3077 5315 3182 5354; x_wconf 85' lang='lat' dir='ltr'><strong>non</strong></span> <span class='ocrx_word' id='word_1_766' title='bbox 3230 5298 3373 5354; x_wconf 90' lang='lat' dir='ltr'><strong>sicut</strong></span> <span class='ocrx_word' id='word_1_767' title='bbox 3416 5294 3596 5352; x_wconf 76' lang='lat' dir='ltr'><strong>Juda?</strong></span> 
     </span>
    </p>
   </div>
   <div class='ocr_carea' id='block_1_115' title="bbox 2014 5390 3269 5480">
    <p class='ocr_par' dir='ltr' id='par_1_115' title="bbox 2014 5390 3269 5480">
     <span class='ocr_line' id='line_1_116' title="bbox 2014 5390 3269 5480; baseline -0.016 -15"><span class='ocrx_word' id='word_1_768' title='bbox 2014 5407 2222 5480; x_wconf 84' lang='lat' dir='ltr'><strong>species</strong></span> <span class='ocrx_word' id='word_1_769' title='bbox 2255 5402 2472 5460; x_wconf 80' lang='lat' dir='ltr'><strong>seduxit</strong></span> <span class='ocrx_word' id='word_1_770' title='bbox 2504 5409 2577 5462; x_wconf 89' lang='lat' dir='ltr'><strong>te,</strong></span> <span class='ocrx_word' id='word_1_771' title='bbox 2603 5411 2766 5468; x_wconf 77' lang='lat' dir='ltr'><strong>parva</strong></span> <span class='ocrx_word' id='word_1_772' title='bbox 2806 5390 3269 5462; x_wconf 83' lang='lat' dir='ltr'><strong>concupiscentia.</strong></span> 
     </span>
    </p>
   </div>
   <div class='ocr_carea' id='block_1_116' title="bbox 2086 5478 3593 5553">
    <p class='ocr_par' dir='ltr' id='par_1_116' title="bbox 2086 5478 3593 5553">
     <span class='ocr_line' id='line_1_117' title="bbox 2086 5478 3593 5553; baseline -0.015 0"><span class='ocrx_word' id='word_1_773' title='bbox 2086 5498 2175 5553; x_wconf 82' lang='lat'><strong>57.</strong></span> <span class='ocrx_word' id='word_1_774' title='bbox 2220 5496 2283 5551; x_wconf 85' lang='lat' dir='ltr'><strong>Et</strong></span> <span class='ocrx_word' id='word_1_775' title='bbox 2330 5495 2413 5550; x_wconf 86' lang='lat' dir='ltr'><strong>sic</strong></span> <span class='ocrx_word' id='word_1_776' title='bbox 2455 5487 2740 5548; x_wconf 79' lang='lat' dir='ltr'><strong>faciebatis</strong></span> <span class='ocrx_word' id='word_1_777' title='bbox 2801 5482 3020 5540; x_wconf 79' lang='lat' dir='ltr'><strong>filiabus</strong></span> <span class='ocrx_word' id='word_1_778' title='bbox 3075 5482 3263 5545; x_wconf 87' lang='lat' dir='ltr'><strong>Israel,</strong></span> <span class='ocrx_word' id='word_1_779' title='bbox 3303 5489 3358 5535; x_wconf 87' lang='lat' dir='ltr'><strong>et</strong></span> <span class='ocrx_word' id='word_1_780' title='bbox 3387 5480 3493 5534; x_wconf 76' lang='lat' dir='ltr'><strong>illae</strong></span> <span class='ocrx_word' id='word_1_781' title='bbox 3525 5478 3593 5532; x_wconf 81' lang='lat' dir='ltr'><strong>ti-</strong></span> 
     </span>
    </p>
   </div>
   <div class='ocr_carea' id='block_1_117' title="bbox 2016 5569 3591 5645">
    <p class='ocr_par' dir='ltr' id='par_1_117' title="bbox 2016 5569 3591 5645">
     <span class='ocr_line' id='line_1_118' title="bbox 2016 5569 3591 5645; baseline -0.014 0"><span class='ocrx_word' id='word_1_782' title='bbox 2016 5598 2227 5645; x_wconf 89' lang='lat' dir='ltr'><strong>mentes</strong></span> <span class='ocrx_word' id='word_1_783' title='bbox 2266 5582 2739 5639; x_wconf 83' lang='lat' dir='ltr'><strong>conversabantur</strong></span> <span class='ocrx_word' id='word_1_784' title='bbox 2771 5574 3056 5630; x_wconf 81' lang='lat' dir='ltr'><strong>vobiscum</strong></span> <span class='ocrx_word' id='word_1_785' title='bbox 3107 5591 3120 5626; x_wconf 92' lang='lat'>:</span> <span class='ocrx_word' id='word_1_786' title='bbox 3153 5573 3246 5628; x_wconf 86' lang='lat' dir='ltr'><strong>sed</strong></span> <span class='ocrx_word' id='word_1_787' title='bbox 3298 5571 3408 5624; x_wconf 83' lang='lat' dir='ltr'><strong>tilia</strong></span> <span class='ocrx_word' id='word_1_788' title='bbox 3448 5569 3591 5625; x_wconf 77' lang='lat' dir='ltr'><strong>Juda</strong></span> 
     </span>
    </p>
   </div>
   <div class='ocr_carea' id='block_1_118' title="bbox 2017 5660 3590 5736">
    <p class='ocr_par' dir='ltr' id='par_1_118' title="bbox 2017 5660 3590 5736">
     <span class='ocr_line' id='line_1_119' title="bbox 2017 5660 3590 5736; baseline -0.016 1"><span class='ocrx_word' id='word_1_789' title='bbox 2017 5695 2126 5736; x_wconf 90' lang='lat' dir='ltr'><strong>non</strong></span> <span class='ocrx_word' id='word_1_790' title='bbox 2166 5671 2431 5733; x_wconf 82' lang='lat' dir='ltr'><strong>sustinuit</strong></span> <span class='ocrx_word' id='word_1_791' title='bbox 2453 5671 2706 5727; x_wconf 87' lang='lat' dir='ltr'><strong>morbum</strong></span> <span class='ocrx_word' id='word_1_792' title='bbox 2745 5672 2988 5723; x_wconf 81' lang='lat' dir='ltr'><strong>vestrum</strong></span> <span class='ocrx_word' id='word_1_793' title='bbox 3039 5664 3096 5719; x_wconf 77' lang='lat' dir='ltr'><strong>in</strong></span> <span class='ocrx_word' id='word_1_794' title='bbox 3142 5662 3437 5732; x_wconf 84' lang='lat' dir='ltr'><strong>iniquitate</strong></span> <span class='ocrx_word' id='word_1_795' title='bbox 3470 5660 3590 5717; x_wconf 84' lang='lat' dir='ltr'><strong>suf-</strong></span> 
     </span>
    </p>
   </div>
   <div class='ocr_carea' id='block_1_119' title="bbox 2023 5771 3592 5922">
    <p class='ocr_par' dir='ltr' id='par_1_119' title="bbox 2023 5771 3592 5922">
     <span class='ocr_line' id='line_1_120' title="bbox 2023 5771 3592 5922; baseline -0.011 -6"><span class='ocrx_word' id='word_1_796' title='bbox 2023 5771 2072 5825; x_wconf 42' lang='grc' dir='ltr'><strong>ἡ,</strong></span> <span class='ocrx_word' id='word_1_797' title='bbox 2215 5855 2368 5910; x_wconf 82' lang='lat' dir='ltr'><strong>Nunc</strong></span> <span class='ocrx_word' id='word_1_798' title='bbox 2397 5869 2525 5922; x_wconf 85' lang='lat' dir='ltr'><strong>ergo</strong></span> <span class='ocrx_word' id='word_1_799' title='bbox 2557 5852 2648 5907; x_wconf 89' lang='lat' dir='ltr'><strong>dic</strong></span> <span class='ocrx_word' id='word_1_800' title='bbox 2674 5851 2807 5907; x_wconf 90' lang='lat' dir='ltr'><strong>mihi</strong></span> <span class='ocrx_word' id='word_1_801' title='bbox 2852 5868 2863 5904; x_wconf 88' lang='lat'><strong>:</strong></span> <span class='ocrx_word' id='word_1_802' title='bbox 2908 5848 3021 5905; x_wconf 84' lang='lat' dir='ltr'><strong>Sub</strong></span> <span class='ocrx_word' id='word_1_803' title='bbox 3053 5862 3158 5918; x_wconf 81' lang='lat' dir='ltr'><strong>qua</strong></span> <span class='ocrx_word' id='word_1_804' title='bbox 3200 5845 3418 5910; x_wconf 85' lang='lat' dir='ltr'><strong>arbore,</strong></span> <span class='ocrx_word' id='word_1_805' title='bbox 3449 5852 3504 5902; x_wconf 90' lang='lat' dir='ltr'><strong>et</strong></span> <span class='ocrx_word' id='word_1_806' title='bbox 3539 5846 3592 5900; x_wconf 87' lang='lat' dir='ltr'><strong>in</strong></span> 
     </span>
    </p>
   </div>
  </div>
