4064 6422
517 370 662 429 2855

518 585 861 641 suetudinem
900 590 1206 650 habentes?
1242 597 1347 664 Qui
1384 616 1513 656 vero
1552 605 1648 670 ait,
1685 608 1799 661 Sub
1840 612 2018 679 prino.

585 675 675 731 59.
721 678 976 751 Dixitque
1011 683 1203 743 Daniel
1239 707 1252 743 :
1295 690 1504 764 Inique,
1550 713 1694 753 nunc
1718 675 1944 771 angelus
1987 705 2093 760 Do-

1810 398 2059 457 DAMEL
2088 404 2314 463 JUXTA
2355 411 2518 467 LXX.

521 492 667 559 quali
710 494 825 549 loco
883 497 1026 553 horti
1077 506 1535 575 comprehendisti
1576 515 1839 571 eosinter
1880 535 1938 573 se
1965 537 2096 575 con-

2126 530 2172 585 Α
2199 528 2294 581 τοῦ
2327 533 2506 596 κήπου
2535 535 2683 606 τόπῳ
2713 538 3005 605 κατέλαϐες
3027 544 3222 609 αὐτοὺς
3260 547 3585 615 ὁμιλοῦντας
3616 553 3783 627 ἀλλή-

2200 616 2341 683 λοις;
2385 621 2443 673 ὐ
2471 621 2527 674 δέ
2561 620 2715 677 εἶπεν
2736 643 2748 655 ·
2801 627 2939 682 Ὑπὸ
2963 633 3170 701 πρῖνον.

2270 709 2356 765 59.
2394 713 2503 766 Kal
2534 708 2687 769 εἶπεν
2710 718 2912 789 Δανιὴλ
2932 736 2944 749 ·
2998 722 3342 794 ’Δμαρτωλέ,
3361 726 3461 780 νῦν
3481 730 3510 781 6
3548 730 3778 801 ἄγγελος

515 767 648 822 mini
683 772 835 826 stetit
866 776 1109 842 gladium
1142 780 1367 848 habens,
1413 795 1470 841 ut
1503 789 1738 847 dissecet
1792 804 1861 859 te,
1917 796 2046 852 done

515 861 743 892 nnnn'aln
785 867 1223 892 n-.....-..:..-__-_2.
1263 889 1348 892 μ.-.

2195 804 2402 875 Κυρίου
2434 806 2532 878 τὴν
2561 767 2837 880 ῥομιραίαν
2863 767 3105 884 ἐστηκεζ
3119 767 3260 887 ἕξεων
3280 859 3294 882 ,
3328 767 3434 883 ἐως
3469 823 3498 874 6
3526 767 3653 889 λαδξ
3695 774 3780 892 ἐξῖ

511 861 745 927 populus
783 867 1229 926 cxterminaverit
1263 889 1380 929 vos.

581 950 670 1005 60.
700 952 763 1008 Et
801 958 980 1013 omnis
1023 974 1294 1033 synagoga
1329 969 1838 1044 exclamavitsuper
1868 978 2087 1035 adoles-

509 1045 781 1099 centulum
811 1064 826 1112 ;
860 1052 987 1118 quia
1009 1067 1076 1106 ex
1099 1070 1195 1110 ore
1250 1062 1472 1130 proprio
1500 1065 1741 1121 convicit
1771 1083 1870 1125 eos
1893 1073 2087 1130 ambos

507 1131 788 1191 confessos
808 1135 973 1194 falsos
1005 1148 1190 1198 testes.

577 1222 665 1279 6|.
698 1226 765 1280 Et
797 1237 854 1282 ut
884 1231 966 1285 lex
995 1236 1257 1306 praecipit,
1302 1239 1548 1298 fecerunt
1582 1246 1683 1312 eis,
1726 1253 2082 1320 quemadmo-

503 1314 631 1368 dum
659 1317 902 1388 improbe
938 1337 1167 1393 cgcrunt
1198 1331 1252 1383 in
1292 1347 1557 1391 sororem.

572 1407 659 1462 62.
692 1407 759 1463 Et
785 1415 1175 1485 colligaverunt
1208 1437 1305 1478 eos
1338 1427 1600 1495 capistro,
1645 1446 1699 1484 et
1742 1433 2078 1493 abducentes

499 1499 845 1569 projccerunt
895 1508 948 1562 in
1015 1512 1226 1569 vallem.
1294 1515 1492 1573 Eodem
1556 1532 1798 1593 tempore
1853 1530 2079 1598 angelus

499 1590 713 1648 Domini
740 1598 969 1656 immisit
1009 1603 1187 1673 ignem
1239 1607 1382 1664 inter
1418 1627 1534 1679 eos,
1596 1624 1651 1670 et
1703 1618 1946 1676 salvatus
1991 1631 2076 1677 est

495 1688 719 1753 sanguis
742 1690 999 1749 innoxius
1023 1697 1075 1750 in
1112 1699 1200 1752 die
1223 1701 1334 1755 illa.

565 1776 653 1831 65.
686 1777 1083 1854 ldeojuniores
1123 1790 1309 1848 dilecti
1345 1807 1475 1852 sunt
1507 1797 1713 1857 Iacobo
1739 1804 1792 1857 in
1857 1806 2071 1876 simpli-

493 1879 659 1923 cnate
688 1888 808 1928 sua.

560 1959 648 2015 6L
687 1966 752 2018 Et
791 1984 892 2023 nos
913 1975 1257 2033 attendamus
1295 1981 1361 2034 ad
1399 1983 1542 2039 tilios
1600 1995 1849 2054 potentes
1881 1988 2071 2057 junio-

1070 2337 1300 2397 CAPUT
1343 2343 1480 2401 XIV.

482 2411 561 2468 Ex
597 2414 911 2477 Paorns'ru
941 2425 1203 2486 Alnxcml
1250 2450 1379 2489 FlLll
1430 2434 1561 2493 Jssn
1598 2456 1665 2493 ns
1698 2457 1859 2498 mnu
1903 2442 2057 2500 Law.

551 2571 603 2624 ί.
643 2572 818 2631 Homo
846 2582 1070 2649 quidam
1105 2598 1227 2643 erat
1293 2595 1571 2662 sacerdos,
1602 2597 1689 2651 cui
1724 2613 1920 2655 nomen
1955 2600 2059 2655 Da-

478 2663 607 2730 niel,
638 2667 781 2725 illius
805 2671 960 2739 Abal,
993 2680 1223 2735 conviva
1256 2684 1400 2753 regis
1429 2684 1743 2757 Babylonis.

546 2752 599 2806 ‘2.
630 2754 694 2809 Et
726 2770 843 2814 erat
866 2763 1070 2819 idolum
1108 2767 1222 2836 Bel,
1260 2752 1405 2840 quod
1447 2752 1697 2831 colebant
1725 2779 2007 2851 Babylonii
2035 2799 2049 2834 :

471 3045 714 3093 metretae
739 3054 854 3093 εει.

539 3129 593 3182 5.
635 3128 702 3183 Et
732 3148 827 3187 rex
853 3135 1064 3191 colebat
1101 3154 1249 3205 eum,
1275 3151 1329 3195 et
1369 3143 1481 3198 ibat
1536 3162 1629 3201 rex
1674 3163 1770 3217 per
1800 3150 2045 3220 singulos

467 3220 608 3284 dies,
668 3238 902 3293 eumque
960 3229 1241 3285 adorabat.
1282 3232 1469 3290 Daniel
1533 3248 1711 3293 autem
1746 3242 1938 3296 orabat
1975 3244 2040 3297 ad
2071 3222 2117 3283 δ

466 3308 776 3369 Dominum.
815 3314 1069 3389 Dixitque
1121 3336 1216 3375 rex
1250 3321 1460 3379 Danicli
1508 3325 1742 3394 :Quare
1796 3345 1904 3384 non
1955 3333 2044 3387 ad-

462 3416 588 3458 oras
616 3403 742 3460 Bel?

531 3494 585 3551 4.
613 3496 677 3552 Et
714 3499 852 3555 dixit
883 3501 1070 3560 Daniel
1097 3506 1163 3561 ad
1197 3523 1378 3579 regem
1407 3526 1422 3565 ;
1456 3511 1739 3571 Neminem
1768 3518 1891 3573 colo
1915 3534 2036 3589 ego,

461 3586 566 3641 nisi
600 3586 888 3645 Dominum
925 3592 1117 3659 Deum,
1149 3599 1241 3666 qui
1267 3602 1470 3656 creavit
1491 3605 1692 3661 coelum
1726 3616 1780 3663 et
1811 3618 2032 3676 terram,

459 3686 515 3733 et
552 3679 710 3736 habet
751 3684 932 3739 omnis
984 3688 1166 3742 carnis
1194 3689 1642 3751 dominationem.

529 3857 584 3911 5.
620 3857 763 3913 Dixit
796 3868 976 3916 autent
1002 3879 1095 3919 rex
1123 3865 1172 3920 ei
1200 3883 1215 3922 :
1244 3866 1344 3924 Hic
1376 3871 1544 3943 igitur
1573 3890 1683 3931 non
1725 3886 1809 3934 est
1848 3878 2033 3937 Deus?

456 3961 566 4002 non
599 3948 749 4006 vides
775 3963 976 4022 quanta
1003 3956 1057 4010 in
1090 3971 1214 4013 eum
1243 3975 1639 4021 consumantur
1671 3984 1769 4039 per
1787 3970 2032 4042 singulos

454 4035 611 4092 dies?

524 4131 577 4186 6.
600 4133 664 4187 Et
700 4134 838 4189 dixit
865 4135 914 4192 ei
955 4134 1142 4194 Daniel
1175 4158 1189 4195 :
1229 4140 1611 4214 Nequaquam,
1640 4147 1826 4205 nullus
1855 4159 1906 4206 te
1935 4151 2030 4207 de-

451 4223 617 4292 cipiat
650 4226 779 4281 :hic
803 4228 949 4282 enim
984 4230 1315 4289 intrinsecus
1336 4237 1555 4306 quidem
1589 4239 1769 4297 luteus
1804 4252 1906 4308 est,
1943 4245 2025 4301 fo-

449 4315 698 4373 rinsecus
729 4328 906 4375 autem
936 4338 1110 4381 aereus
1137 4343 1151 4392 ;
1177 4326 1302 4396 juro
1324 4345 1451 4383 vero
1487 4332 1582 4387 tibi
1613 4349 1708 4403 per
1734 4337 2024 4393 hominum

448 4403 617 4460 Dcmn
667 4409 915 4477 deorum,
963 4416 1107 4482 quod
1165 4419 1299 4473 nihil
1335 4424 1571 4478 comedit
1621 4441 1860 4495 unquam
1898 4430 2020 4485 iste.

523 4495 576 4551 7.
610 4494 677 4551 Et
715 4500 889 4556 iratus
946 4520 1038 4559 rex
1096 4512 1310 4566 vocavit
1370 4514 1658 4583 pra’fectos
1713 4521 1920 4591 templi,
1970 4532 2026 4578 et

448 4587 587 4641 dixit
620 4589 701 4644 eis
735 4608 748 4644 :
782 4589 1024 4649 lndicate
1058 4597 1234 4664 illum,
1272 4604 1364 4672 qui
1397 4608 1653 4672 comedit,
1679 4625 1802 4680 quae
1828 4587 2026 4682 paran-

448 4688 538 4735 tur
575 4679 688 4745 Bel,
719 4698 877 4740 secus
916 4701 1047 4743 vero
1081 4691 1410 4752 moriemini.

514 4858 568 4913 8.
600 4860 708 4916 Aut
742 4862 954 4932 Daniel,
986 4870 1078 4937 qui
1112 4885 1386 4930 asseverat
1423 4893 1532 4934 non
1570 4884 1781 4941 comedi
1819 4886 1933 4945 haac
1953 4891 2023 4946 ab

443 4966 530 5007 eo.
558 4949 622 5006 lli
665 4965 841 5010 autem
868 4958 1126 5016 dixerunt
1162 4965 1321 5034 :lpse
1368 4967 1461 5023 Bel
1493 4980 1599 5033 est.
1647 4977 1740 5044 qui
1796 4978 2024 5036 devorat

442 5045 567 5101 ista.
595 5044 988 5107 Danielautem
1022 5055 1161 5109 dixit
1185 5058 1250 5111 ad
1278 5074 1458 5127 regem
1501 5082 1513 5117 :
1558 5063 1678 5119 Fiat
1745 5070 1849 5136 ita;
1916 5073 2020 5130 nisi

442 5139 755 5206 ostendero,
798 5145 944 5214 quod
988 5162 1093 5201 non
1135 5148 1207 5204 sit
1243 5148 1359 5218 Bel,
1419 5154 1513 5224 qui
1556 5159 1851 5216 manducat
1889 5164 2015 5231 ista,

440 5232 645 5286 moriar
674 5249 797 5305 ego,
831 5245 887 5290 et
908 5252 1102 5295 omnes
1146 5242 1271 5298 mei.

510 5323 557 5378 9.
592 5320 761 5379 Erant
786 5334 962 5384 autem
982 5332 1296 5392 sacerdotes
1323 5336 1417 5394 Bel
1444 5345 1784 5415 septuaginta
1812 5349 2019 5421 absque

439 5414 708 5470 uxoribus
757 5426 812 5473 ct
842 5419 988 5477 ﬁliis.
1022 5420 1309 5484 Duxerunt
1333 5441 1516 5489 autem
1545 5414 1726 5506 regem
1749 5440 1819 5495 ad
1853 5414 2014 5498 delu-

438 5507 596 5566 brum
623 5510 776 5565 idoli.

2192 894 2502 965 ολοθρεύσει
2525 900 2688 970 ὑμᾶς,
2733 904 2817 957 ἵνα
2837 908 3150 981 καταπρίσῃ
3179 926 3260 963 σε.

2262 987 2351 1041 60.
2385 989 2497 1042 Kal
2531 993 2680 1045 πᾶσα
2707 994 2739 1064 ἡ
2772 998 3060 1068 συναγωγὴ
3091 1000 3385 1071 ἀνεϐόησεν
3420 1005 3513 1058 ἐπὶ
3537 1006 3616 1077 τῷ
3644 1024 3777 1063 νεω-

2188 1079 2353 1151 τέρῳ,
2400 1081 2477 1145 ὡς
2522 1085 2585 1136 ἐκ
2630 1085 2724 1138 τοῦ
2770 1087 2900 1140 ἰδίου
2944 1091 3211 1160 στόματος
3253 1096 3551 1165 ὁμολόγους
3576 1101 3773 1166 αὐτοὺς

2188 1171 2524 1242 κατέστησεν
2556 1176 2901 1248 ἀμφοτέρους
2933 1180 3406 1255 ψευδομάρτυρας.

2258 1262 2346 1316 61.
2374 1265 2484 1318 Kal
2511 1265 2588 1331 ὡς
2627 1269 2656 1320 6
2684 1274 2848 1340 νόμος
2877 1271 3215 1344 διαγορεύει,
3258 1278 3523 1350 ἐποίησαν
3562 1284 3766 1351 αὐτοῖς,

2185 1353 2367 1419 καθὼς
2392 1358 2829 1428 ἐπονηρεύσαντο
2861 1364 3003 1417 κατὰ
3022 1366 3121 1434 τῆς
3154 1366 3408 1438 ἀδελφῆς.

2252 1445 2341 1500 62.
2371 1448 2482 1501 Kal
2511 1450 2800 1519 ἐφίμωσαν
2831 1454 3048 1519 αὐτοὺς,
3080 1456 3178 1509 καὶ
3225 1458 3581 1529 ἐξαγαγόντες
3610 1465 3765 1537 ερρι-

2179 1536 2288 1606 ψαν
2315 1541 2395 1602 εἰς
2426 1540 2686 1611 φάραγγα
2709 1560 2724 1574 ·
2753 1544 2873 1597 τότε
2899 1548 2928 1600 6
2951 1546 3182 1615 ἄγγελος
3203 1548 3402 1623 Κυρίου
3436 1552 3625 1625 ἐρῤιψε
3649 1536 3764 1631 πῦρ

2177 1626 2268 1680 διὰ
2302 1628 2471 1699 μέσου
2511 1632 2710 1695 αὐτῶν,
2770 1635 2866 1687 καὶ
2894 1636 3072 1708 ἐσώθη
3106 1632 3247 1709 αἷμα
3293 1642 3535 1698 ἀναίτιον
3582 1647 3641 1698 ἐν
3691 1626 3758 1721 si}

2177 1722 2365 1793 ἡμέρᾳ
2395 1723 2597 1795 ἐκείνῃ.

2246 1812 2332 1867 65.
2366 1815 2464 1869 Διὰ
2503 1816 2661 1869 τοῦτο
2684 1819 2734 1871 οἱ
2773 1819 3028 1890 νεώτεροι
3050 1823 3330 1895 ἀγαπητοὶ.
3379 1827 3572 1881 Ἰακὼϐ
3602 1833 3660 1883 ἐν
3691 1835 3756 1904 τῇ

2102 1894 2145 1949 Β
2175 1902 2439 1974 ἁπλότητι
2468 1906 2667 1961 αὐτῶν.

2241 1995 2330 2049 64.
2354 1997 2466 2050 Kal
2507 2000 2668 2069 ἡμεῖς
2727 2000 3131 2074 φυλασσώμεθα
3175 2008 3256 2069 είς
3296 2008 3444 2072 υἱοὺς
3496 2011 3756 2076 δυνατοὺς

2444 2106 2500 2152 ς·
2541 2092 2897 2163 εὐσεϐήσουσι
2927 2099 3035 2173 γὰρ
3078 2096 3354 2169 νεώτεροι,
3388 2103 3483 2155 καὶ
3511 2101 3665 2156 ἔσται
3695 2106 3754 2159 ἐν

2775 2370 3025 2428 ΚΕΦΑΛ.
3068 2376 3166 2430 IA'.

2175 2452 2268 2505 Ἐκ
2302 2457 2666 2523 προφητείας
2718 2461 3043 2541 Ἀμϐᾳζιοὺμ
3084 2467 3218 2541 vim”;
3276 2468 3479 2534 Ἰησοῦ
3522 2470 3591 2523 ἐκ
3638 2473 3753 2541 τῆς

2748 2530 2946 2598 φυλῆς
2985 2530 3146 2587 Λευτ.

2231 2611 2282 2666 1.
2319 2614 2638 2685 Ἄνθρωπός
2665 2635 2750 2681 τις
2780 2615 2847 2689 ἦν
2888 2622 3083 2691 ἱερεὺς,
3114 2616 3158 2690 ᾧ
3182 2624 3353 2693 ὄνομα
3378 2628 3599 2699 Δανιὴλ,
3629 2631 3752 2695 υίὸς

2161 2704 2357 2767 Ἀϐαλ,
2384 2707 2700 2779 συμϐιωτὴς
2723 2710 2818 2763 τοῦ
2846 2710 3114 2780 βασιλέως
3143 2715 3489 2779 Βαϐυλῶνος.

2223 2794 2278 2847 2.
2312 2797 2422 2850 Kal
2450 2793 2517 2868 ἦν
2543 2800 2760 2853 εἴδωλον
2793 2802 2921 2873 Βὴλ,
2957 2804 2985 2856 ὃ
3019 2805 3271 2860 ἐσέϐοντο
3292 2810 3339 2859 οἱ
3384 2809 3735 2867 Βαϐυλώνιοι·

2005 2871 2051 2971 ῖς
2153 2886 2476 2957 ἀνηλίσκετο
2496 2889 2549 2943 δέ
2576 2893 2727 2962 αὐτῷ
2752 2871 2873 2947 καθλ
2898 2896 3138 2966 ἑκάστην
3166 2899 3381 2969 ἡμέραν
3406 2902 3733 2971 σεμιδάλεως

2035 2962 2049 3016 ί
2152 2978 2385 3049 ἀρτάϐαι
2418 2981 2668 3047 δεκαδύο,
2704 2986 2801 3038 καὶ
2847 2962 3102 3057 πρόϐατα
3133 2962 3401 3062 τέσσαρα,
3430 2962 3521 3048 καὶ
3556 2962 3735 3050 ἐλαίου

2153 3072 2427 3140 μετρηταὶ
2456 3072 2535 3138 ἐξ.

2218 3163 2271 3217 3.
2303 3166 2413 3219 Καὶ
2435 3169 2463 3219 6
2494 3167 2747 3237 βασιλεὺς
2768 3173 2987 3230 ἐσέϐετο
3029 3179 3211 3244 αὑτὸν,
3255 3184 3349 3236 καὶ
3383 3184 3678 3255 ἐπορεύετο
3707 3188 3737 3240 6

2152 3253 2406 3324 βασιλεὺς
2428 3259 2550 3312 καθ’
2571 3263 2810 3334 ἑκάστην
2833 3268 3065 3336 ἡμέραν,
3095 3273 3190 3324 καὶ
3210 3253 3532 3342 προσεκύνει
3556 3277 3730 3347 αὐτῷ.

2148 3345 2345 3417 Δανιὴλ
2362 3346 2419 3400 δὲ
2452 3352 2795 3424 προσηύχετο
2821 3359 2958 3429 πρὸς
2989 3360 3193 3433 Κύριον
3212 3406 3227 3428 ,
3267 3366 3361 3419 καὶ
3384 3362 3552 3441 ,εἶπεν
3583 3370 3619 3421 6
3636 3345 3735 3439 βα-

2148 3438 2330 3502 σιλεὺς
2352 3440 2428 3511 τῷ
2457 3443 2677 3515 Δανιήλ·
2707 3448 2862 3501 Διατί
2889 3451 2949 3504 οὑ
2985 3460 3309 3524 προσκυνεῖς
3332 3438 3409 3528 τῷ
3440 3461 3586 3531 Βὴλ;

2215 3530 2267 3584 4.
2303 3532 2414 3585 Kal
2447 3527 2569 3588 εἷπε
2590 3539 2790 3608 Δανιὴλ
2810 3541 2947 3609 πρὸς
2963 3544 3052 3595 τὸν
3078 3543 3323 3614 βασιλέα·
3350 3527 3556 3606 Οὐδένα
3585 3553 3733 3608 σέϐο-

2146 3638 2247 3686 μαι
2277 3622 2410 3692 ἐγὼ,
2443 3629 2492 3681 εί
2546 3629 2622 3699 μὴ
2655 3629 2861 3702 Κύριον
2887 3634 2979 3687 τὸν
3010 3635 3144 3691 Θεὸν
3185 3638 3279 3692 τδν
3326 3641 3589 3698 κτίσαντα
3639 3645 3731 3699 τὸν
3776 3696 3779 3701 .

2141 3713 2371 3784 οὐρανὸν
2406 3719 2499 3771 καὶ
2523 3719 2623 3790 τὴν
2659 3721 2785 3792 γῆν,
2813 3726 2907 3779 καὶ
2930 3726 3125 3796 ἔχοντα
3176 3731 3357 3802 πάσης
3397 3736 3596 3805 σαρκὸς
3634 3754 3731 3791 κυ-

2144 3821 2320 3877 ρειαν.

2215 3897 2271 3952 5.
2307 3895 2476 3954 Εἶπεν
2514 3903 2571 3957 δέ
2597 3908 2625 3959 6
2655 3905 2910 3975 βασιλεὺς
2930 3912 3100 3983 αὐτῷ’
3133 3908 3304 3978 Οὗτος
3350 3912 3443 3971 οὗν
3470 3919 3573 3971 οὐκ
3610 3918 3726 3975 ἐστι

2136 3985 2298 4053 Θεός;
2323 3990 2419 4060 οὐχ
2440 3993 2572 4063 ὁρᾷς
2596 3993 2695 4048 ὃσα
2719 3999 2798 4062 εὶς
2824 4000 2986 4053 αὐτὸν
3009 4001 3313 4059 δαπανᾶται
3341 4009 3465 4060 καθ’
3486 4009 3724 4080 ἐκάστην

2138 4079 2352 4150 ἡμέραν
2369 4098 2383 4146 ;

2206 4171 2259 4226 6.
2283 4172 2390 4228 Καὶ
2410 4170 2563 4230 εἴπεν
2591 4180 2741 4253 αὐτῷ
2757 4185 2975 4255 Δανιήλ·
3004 4189 3308 4258 Μηδαμῶς,
3335 4192 3530 4261 μηδείς
3550 4209 3609 4246 σε
3624 4210 3727 4248 πα-

2138 4265 2505 4338 ραλογιζέσθω
2524 4285 2539 4301 °
2573 4264 2731 4337 οὗτος
2762 4275 2871 4347 γὰρ
2902 4276 3109 4333 ἔσωθεν
3142 4283 3244 4351 μὲν
3292 4282 3516 4354 πήλινός
3547 4290 3718 4351 ἐστιν,

2133 4354 2331 4422 ἔξωθεν
2359 4358 2415 4411 δέ
2444 4359 2681 4429 χαλκοῦς
2703 4377 2717 4393 ο
2765 4363 2952 4433 ὀμνύω
3000 4366 3057 4420 δέ
3102 4386 3184 4422 σοι
3235 4370 3440 4442 Κύριον
3468 4373 3559 4427 τὸν
3585 4373 3722 4429 Θεδν

2131 4447 2239 4501 τῶν
2267 4448 2425 4515 θεῶν,
2457 4450 2538 4504 ὅτι
2565 4452 2722 4505 οὐθὲν
2756 4453 3001 4525 βέϐρωκε
3041 4458 3262 4515 πώποτε
3289 4458 3461 4528 οὗτος.

2203 4540 2253 4595 7.
2279 4542 2391 4595 Kal
2415 4543 2689 4614 θυμωθεὶς
2715 4547 2743 4599 6
2764 4546 3019 4617 βασιλεὺς
3052 4552 3277 4607 ἐκάλεσε
3301 4557 3425 4619 τοὺς
3449 4574 3717 4632 προεστη-

2129 4633 2292 4697 κότας
2325 4633 2417 4687 τοῦ
2449 4636 2617 4708 ίεροῦ.
2652 4640 2747 4693 καὶ
2779 4635 2934 4695 εἶπεν
2966 4644 3151 4709 αὐτοῖς
3171 4663 3182 4673 ·
3220 4647 3589 4718 Παραδείξατε
3625 4652 3719 4707 τὸν

2127 4722 2376 4777 ἐσθίοντα
2414 4726 2483 4780 τὰ
2514 4730 3047 4802 παρασκευαζόμενα
3071 4734 3151 4807 τῷ
3175 4735 3286 4807 Βὴλ
3308 4752 3323 4765 ο
3357 4736 3484 4790 εἰδὲ
3520 4739 3595 4809 μή
3624 4756 3713 4807 γε,

2125 4816 2505 4875 ἀποθανεῖσθε.

2195 4909 2248 4963 8.
2284 4909 2355 4962 Ἢ
2385 4910 2582 4982 Δανιὴλ
2605 4914 2634 4966 6
2660 4914 2888 4984 φάσκων
2919 4916 2992 4988 μὴ
3021 4917 3297 4972 ἐσθίεσθαι
3329 4920 3468 4973 αὐτά
3497 4921 3588 4974 ὑπ’
3609 4921 3717 4976 αὐ-

2122 5000 2237 5054 τοῦ.
2268 5002 2331 5055 Οί
2360 5002 2417 5054 δὲ
2446 5000 2605 5057 εἶπαν
2629 5019 2643 5033 °
2677 5008 2851 5071 Αὐτὸς
2897 5010 2926 5060 6
2975 5010 3084 5079 Βήλ
3132 5014 3281 5065 ἐστιν
3324 5015 3353 5067 6
3406 5014 3713 5068 κατεσθίων

2123 5091 2282 5146 αὐτά.
2316 5088 2449 5147 Eine
2479 5095 2535 5149 δὲ
2558 5096 2759 5167 Δανιὴλ
2785 5098 2921 5168 πρὸς
2955 5101 3048 5154 τὸν
3075 5100 3319 5171 βασιλέα·
3344 5104 3584 5157 Γινέσθω
3615 5106 3709 5158 οὒ-

2121 5198 2251 5246 τως·
2282 5182 2377 5237 ἐὰν
2431 5186 2506 5257 μὴ
2539 5186 2868 5258 παραδείξω.
2900 5191 2983 5244 ὅτι
3013 5192 3112 5245 οὐκ
3143 5192 3290 5246 ἐστιν
3314 5197 3343 5248 6
3390 5194 3499 5264 Βὴλ
3521 5197 3549 5249 ὁ
3583 5213 3711 5250 κατ-

2121 5272 2317 5328 εσθίων
2339 5276 2531 5340 ταῦτα,
2566 5279 2965 5350 ἀποθανοῦμαι,
2991 5285 3087 5337 καὶ
3110 5285 3310 5349 πάντες
3325 5287 3375 5339 οί
3394 5288 3520 5355 παρ’
3555 5289 3701 5357 ἐμοέ.

2190 5361 2244 5418 9.
2279 5360 2462 5419 Ἦσαν
2493 5366 2549 5420 δὲ
2569 5366 2648 5437 τῷ
2677 5368 2786 5440 Βὴλ
2815 5371 2982 5439 ἱερεῖς
3001 5373 3374 5444 ἐϐδομήκοντα
3405 5378 3576 5450 χωρὶς
3599 5395 3707 5447 γυ-

2123 5453 2326 5508 ναικῶν
2370 5457 2467 5511 καὶ
2505 5458 2713 5513 τέκνων
2735 5476 2748 5491 ·
2778 5461 2986 5532 ὴγαγον
3037 5464 3096 5518 δέ
3144 5465 3236 5520 τὸν
3270 5466 3497 5537 βασιλέα
3525 5472 3605 5534 είς
3636 5471 3703 5527 τὸ

2119 5543 2406 5601 εἰδωλεῖον.

2189 5637 2278 5692 10.
2309 5639 2418 5692 Kal
2444 5640 2720 5713 παρετέθη
2759 5642 2828 5698 τὰ
2851 5643 3118 5718 βρώματα
3155 5646 3386 5703 ἐνώπιον
3416 5650 3511 5705 τοῦ
3541 5650 3699 5721 βασι-

2117 5726 2253 5792 λέως
2279 5730 2372 5784 καὶ
2398 5729 2494 5784 τοῦ
2513 5732 2741 5805 Δανιὴλ·
2773 5735 2867 5791 καὶ
2890 5733 3031 5801 οἶνος
3062 5738 3351 5808 κερασθεὶς
3380 5741 3694 5813 είσηνέχθη,

2118 5818 2211 5871 καὶ
2244 5822 2513 5893 παρετέθη
2544 5823 2622 5889 τῷ
2652 5825 2779 5885 Βὴλ.
