4064 6408
279 352 421 407 2837

1714 342 1946 398 CAPUT
1985 342 2105 399 XIV

3408 350 3549 406 283‘!

363 472 440 525 ll.
482 472 594 525 Kal
620 468 771 524 εἶπεν
802 468 1031 539 Δανιὴλ·
1068 469 1138 521 Σὺ
1167 467 1327 531 αὐτὸς
1370 468 1523 538 ὁρᾷς,
1573 466 1655 518 ὅτι
1696 466 1872 517 κεῖται

2047 463 2134 518 ll.
2170 463 2235 517 Et
2266 464 2403 518 dixit
2428 464 2611 519 Daniel
2647 482 2661 519 :
2702 463 2782 518 Tu
2809 466 2920 535 ipse
2947 466 3116 532 vides,
3150 466 3281 536 quia
3353 481 3553 538 propo-

279 564 479 627 ταῦτα,
525 560 773 632 βασιλεύ.

354 655 443 710 12.
474 656 545 709 Σὺ
581 649 676 708 οὖν
721 650 1144 721 ὲπισφραγίσεις
1180 650 1280 714 τάς
1310 649 1525 713 κλεῖδας
1566 648 1661 702 τοῦ
1695 649 1823 702 ναοῦ
1846 692 1863 715 ,

280 747 423 799 ἐπὰν
448 744 673 815 κλεισθῇ
700 762 712 774 ·
738 745 900 814 ἤρεσε
937 742 993 794 δὲ
1021 743 1049 794 6
1079 740 1235 805 λόγος
1277 739 1354 809 τῷ
1391 738 1617 809 βασιλεῖ.

354 840 444 894 15.
494 839 553 891 '0
579 838 637 891 δὲ
669 836 866 906 Δανιὴλ
906 834 1156 888 ἐκέλευσε
1182 834 1309 895 τοὺς
1342 833 1471 902 παρ’
1491 830 1676 894 αὐτοῦ,
1705 829 1869 884 ἑκϐα-

279 932 479 992 λόντας
506 928 717 990 πάντας
737 929 800 980 ἐκ
820 926 914 979 τοῦ
934 924 1083 990 ναοῦ,
1117 923 1454 992 καταστῆσαι
1478 922 1598 974 ὅλον
1630 922 1722 974 τὸν
1742 919 1869 972 ναὸν

284 1020 491 1090 σποδῷ,
541 1017 755 1080 οὐδενὸς
794 1016 901 1069 τῶν
947 1016 1105 1078 ἐκτὸς
1136 1012 1300 1067 αὐτοῦ
1340 1011 1559 1074 είδότος.
1608 1010 1719 1063 Kal
1749 1008 1869 1062 τότε

285 1109 738 1181 σφραγισάμενος
768 1107 860 1160 τὸν
885 1106 1011 1159 ναὸν
1043 1103 1297 1158 ἐκέλευσε
1326 1102 1627 1172 σφραγίσαι
1666 1100 1743 1171 τῷ
1773 1100 1869 1153 τοῦ

289 1201 561 1272 βασιλέως
590 1197 878 1268 δακτυλίῳ,
919 1197 1016 1250 καὶ
1057 1197 1172 1253 τοῖς
1211 1194 1513 1257 δακτυλίοις
1538 1193 1700 1246 τινῶν
1729 1192 1873 1246 ὲνδό-

289 1291 397 1355 ξων
429 1289 650 1359 ἱερέων
682 1286 778 1342 καὶ
804 1284 1021 1354 ἐγένετο
1044 1282 1238 1346 οὕτως.

360 1380 446 1434 14.
491 1380 602 1432 Kal
628 1377 866 1445 ἐγένετο,
896 1378 962 1445 τῇ
984 1374 1245 1444 ἐπαύριον
1275 1372 1639 1443 παρεγένοντο
1665 1370 1758 1424 ὲπὶ
1779 1371 1872 1423 τὸν

295 1468 453 1523 τόπον
478 1484 492 1497 ·
515 1468 567 1519 οἱ
592 1467 650 1519 δὲ
679 1468 846 1537 ίερεῖς
872 1464 967 1517 τοῦ
1008 1464 1118 1534 Βὴλ
1141 1463 1230 1517 διὰ
1274 1461 1669 1532 ψευδοθυρίδων
1699 1458 1873 1512 είσελ-

292 1560 497 1623 θόντες,
524 1557 905 1624 ωτεφάγοσαν
935 1555 1111 1609 πάντα
1132 1554 1201 1607 τά
1227 1552 1602 1625 παρακείμενα
1632 1549 1710 1621 τῷ
1742 1549 1870 1621 Βὴλ,

292 1650 391 1704 καὶ
417 1648 637 1715 ἐξέπιον
669 1645 763 1699 τὸν
796 1643 961 1699 οἶνον.

364 1740 450 1795 15.
496 1738 607 1791 Kal
656 1732 810 1790 εἶπεν
864 1735 1094 1806 Δανιὴλ*
1138 1736 1382 1789 Ἐπίδετε
1412 1734 1512 1797 τὰς
1572 1732 1875 1804 σφραγῖδας

1975 554 2079 610 sila
2101 565 2228 609 sunt
2253 555 2377 620 ista,
2410 570 2526 611 rex.

2049 647 2138 703 12.
2187 646 2266 702 Tu
2333 664 2464 719 ergo
2526 648 2841 718 obsignabis
2885 650 3066 706 claves
3129 652 3335 722 templi,
3406 661 3554 722 post-

1975 754 2139 808 quam
2174 739 2420 794 clausnm
2455 739 2636 794 fuerit.
2662 739 2873 795 Placuit
2902 751 3082 795 autem
3110 757 3291 797 sermo
3305 742 3438 811 regi.

2050 831 2135 886 15.
2170 830 2357 886 Daniel
2382 832 2696 901 verojussit
2725 833 2832 893 his,
2855 833 2947 902 qui
2990 847 3114 886 cum
3174 849 3239 887 eo
3275 841 3455 897 erant,
3491 843 3551 887 nt

1976 921 2166 990 ejectis
2204 922 2459 977 omnibus
2494 924 2561 976 de
2596 924 2820 991 templo,
2846 934 3273 991 conspergerent
3308 923 3547 976 cinerem

1977 1026 2073 1080 per
2106 1019 2279 1065 telum
2313 1010 2598 1081 templum,
2623 1012 2836 1066 nemine
2856 1027 3070 1070 eorum.
3093 1012 3187 1080 qui
3212 1009 3345 1065 foris
3372 1020 3547 1077 erant,

1978 1102 2205 1155 sciente.
2242 1100 2307 1155 Et
2335 1101 2527 1155 eodem
2562 1109 2808 1169 tempore
2834 1102 3022 1157 clauso
3041 1104 3243 1171 templo
3273 1102 3548 1170 praacepit,

1979 1198 2039 1244 ut
2070 1190 2419 1261 obsignarent
2452 1193 2655 1246 annulo
2678 1193 2843 1262 regis.
2862 1194 3153 1249 etannulis
3182 1193 3548 1263 quorumdam

1978 1282 2272 1351 insignium
2305 1284 2648 1337 sacerdotum
2678 1300 2694 1348 ;
2735 1293 2787 1338 et
2817 1283 3018 1339 factum
3052 1294 3137 1340 est
3171 1285 3265 1338 ita.

2050 1372 2137 1426 14.
2168 1372 2232 1427 Et
2262 1372 2461 1428 factum
2480 1384 2583 1436 est,
2601 1384 2819 1443 postero
2839 1376 2927 1429 die
2940 1387 3208 1430 Venerunt
3231 1377 3296 1430 ad
3329 1377 3509 1431 locum
3534 1394 3548 1433 :

1980 1467 2291 1521 sacerdotes
2343 1476 2523 1521 autem
2583 1467 2677 1522 Bel
2736 1485 2830 1537 per
2883 1467 3052 1524 falsas
3095 1469 3240 1525 fores
3292 1471 3575 1541 ingressi,

1981 1557 2338 1613 comederunt
2401 1560 2609 1623 omnia,
2668 1575 2789 1628 quae
2840 1570 3029 1630 parata
3068 1561 3288 1617 fuerant
3341 1561 3454 1630 Bel,
3498 1575 3554 1617 et

1981 1649 2238 1704 biberunt
2266 1651 2474 1706 vinum.

2055 1739 2141 1794 15.
2173 1740 2239 1795 Ει
2296 1742 2434 1796 dixit
2478 1740 2668 1798 Daniel
2703 1760 2716 1796 :
2752 1743 3005 1816 inspicite
3039 1746 3215 1817 sigilla
3247 1756 3443 1811 vestra,
3476 1762 3545 1800 an

295 1831 467 1903 ὑμῶν,
487 1833 534 1883 εἰ
563 1829 834 1900 μένουσιν,
861 1829 1052 1898 ἄνδρες
1080 1830 1264 1899 ἱερεῖς’
1302 1827 1397 1882 καὶ
1429 1828 1493 1882 σὺ
1518 1827 1598 1893 δὲ,
1630 1825 1873 1898 βασιλεῦ,

1984 1843 2252 1897 maneant,
2285 1834 2385 1888 viri
2420 1836 2733 1893 sacerdotes
2769 1839 2901 1893 :scd
2933 1838 3194 1905 etiamtu,
3220 1854 3337 1903 rex,
3373 1839 3552 1895 consi-

302 1921 519 1993 σκέψαι,
553 1921 627 1991 μὴ
652 1920 706 1973 τί
740 1936 823 1973 σοι
845 1919 1177 1990 ἀσύμφωνον
1207 1920 1526 1990 γεγένηται.

369 2014 453 2069 16.
486 2015 595 2069 Kal
631 2009 787 2083 εὗρον
814 2010 889 2073 ὡς
933 2006 1002 2081 ἦν
1032 2011 1288 2082 σφραγὶς,
1332 2011 1428 2065 καὶ
1462 2009 1735 2065 ἀπέϐαλον
1783 2007 1880 2080 τὴν

303 2106 593 2176 σφραγῖδαο

372 2200 460 2253 17.
493 2199 603 2252 Kal
629 2195 938 2261 ἀνοίξαντες
964 2196 1066 2259 τὰς
1094 2194 1285 2268 θύρας,
1327 2193 1537 2247 είδοσαν
1575 2192 1880 2261 δεδαπανη-

318 2290 447 2361 μὲνα
467 2290 636 2343 πάντα
662 2288 731 2341 τὰ
760 2287 1165 2359 παρατεθέντα,
1214 2286 1309 2341 καὶ
1344 2286 1443 2349 τὰς
1468 2283 1746 2355 τραπέζας
1789 2298 1883 2334 κε-

318 2382 408 2444 νάς
429 2398 442 2411 ·
466 2382 556 2434 καὶ
582 2382 756 2452 ὲχάρὴ
779 2383 808 2434 6
837 2379 1113 2449 βασιλεὺς,
1153 2377 1248 2431 καὶ
1274 2371 1427 2430 εἶπεν
1477 2374 1615 2445 πρὸς
1651 2374 1744 2427 τὸν
1779 2374 1884 2425 Δα-

240 2538 243 2543 γ
315 2476 459 2545 νιήλο
497 2474 684 2543 Μέγας
734 2472 884 2526 ἐστὶν
915 2474 944 2526 6
972 2471 1107 2542 Βὴλ,
1154 2470 1251 2524 καὶ
1286 2470 1386 2523 οὐκ
1418 2467 1534 2521 ἐστι
1573 2466 1706 2538 παρ’
1732 2462 1884 2535 αὐτῷ

307 2566 467 2630 δόλος.

372 2660 458 2714 18.
487 2659 598 2712 Kal
619 2658 847 2725 ἐγέλασε
868 2654 1066 2726 Δανιὴλ
1090 2654 1316 2725 σφόδρα,
1339 2652 1435 2708 καὶ
1456 2648 1609 2705 εἶπεν
1634 2648 1712 2721 τῷ
1735 2650 1885 2720 βασι-

305 2749 415 2803 λεῖ·
446 2748 618 2819 Δεῦρο
655 2750 732 2803 ίδε
767 2748 857 2801 τὸν
888 2746 1035 2801 δόλον
1064 2746 1174 2799 τῶν
1211 2745 1423 2817 ἱερέων.
1452 2744 1564 2797 Kal
1593 2738 1746 2795 εἶπεν
1776 2742 1881 2794 Δα-

303 2841 451 2910 νιήλο
482 2840 737 2897 Βασιλεῦ.
760 2838 932 2893 ταῦτα
963 2837 1033 2890 τὰ
1056 2836 1178 2907 ίχνη
1207 2838 1352 2899 τίνος
1375 2834 1491 2888 ὲστί
1512 2851 1527 2900 ;

374 2930 460 2985 19.
496 2931 609 2983 Kal
637 2924 791 2982 εἶπεν
813 2929 842 2980 6
868 2925 1149 2999 βασιλεύςο
1189 2924 1445 2997 Ἀνδρῶν,
1469 2921 1877 2992 καὶγυναικῶν,

302 3022 397 3076 καὶ
424 3021 675 3076 παιδίων.

369 3111 461 3165 9.0.
491 3112 602 3165 Kal
623 3110 855 3181 ἐπῆλθεν
884 3110 978 3163 ἐπὶ
998 3109 1092 3162 τὸν
1120 3103 1266 3161 οἷκον
1295 3108 1352 3159 ὲν
1379 3097 1424 3173 ᾧ
1451 3098 1592 3175 ἦσαν
1631 3104 1680 3157 οἱ
1717 3105 1885 3174 ἱερεῖς

1979 1923 2130 1988 dera,
2157 1940 2223 1979 ne
2255 1926 2383 1991 quid
2411 1926 2506 1981 tibi
2536 1929 2871 1983 contrarimn
2922 1930 3125 1985 factum
3159 1930 3342 1987 fuerit.

2051 2013 2137 2068 16.
2179 2014 2242 2068 Et
2272 2018 2597 2072 invenerunt
2623 2018 2767 2074 sicut
2796 2028 2915 2074 erat
2945 2021 3314 2089 signaculum,
3357 2032 3412 2075 et
3456 2022 3558 2075 ab-

1980 2105 2227 2175 iecerunt
2264 2108 2524 2178 sigillum.

2053 2198 2139 2253 17.
2173 2196 2241 2252 Et
2299 2200 2605 2269 aperientes
2653 2201 2885 2270 januas,
2940 2203 3196 2258 viderunt
3257 2203 3553 2274 absumpta

1981 2288 2187 2352 omnia,
2223 2305 2342 2359 qua!
2370 2291 2615 2359 apposita
2662 2291 2898 2357 fuerant,
2936 2301 2992 2347 et
3043 2308 3261 2348 mensas
3311 2309 3551 2353 vacuas;

1982 2389 2035 2435 et
2067 2382 2287 2450 gavisus
2322 2390 2408 2437 est
2437 2372 2552 2446 rex,
2583 2395 2637 2437 ct
2660 2384 2796 2437 dixit
2845 2384 2911 2438 ad
2968 2383 3242 2439 Danielem
3271 2403 3284 2438 :
3316 2383 3548 2455 Magnus

1981 2483 2063 2527 est
2085 2470 2199 2539 Bel,
2234 2482 2289 2527 et
2319 2489 2426 2529 non
2454 2483 2538 2529 est
2568 2475 2621 2529 in
2649 2490 2716 2530 eo
2736 2476 2915 2531 dolus.

2053 2647 2143 2702 18.
2167 2646 2233 2701 Et
2292 2648 2414 2705 risit
2472 2649 2659 2705 Daniel
2710 2651 3098 2716 vehementer;
3132 2662 3187 2708 et
3226 2654 3362 2707 dixit
3392 2654 3503 2723 regi
3541 2673 3555 2707 :

1980 2736 2213 2802 Accede,
2241 2739 2367 2794 vide
2399 2740 2581 2793 dolum
2611 2744 2980 2796 sacerdotum.
3016 2741 3081 2796 Et
3132 2742 3269 2796 dixit
3310 2741 3501 2796 Daniel
3540 2760 3552 2794 :

1983 2830 2122 2894 Rex,
2142 2833 2255 2886 haec
2287 2832 2517 2902 vestigia
2546 2833 2706 2900 cujus
2747 2834 2920 2889 sunt?

2055 2921 2143 2976 19.
2184 2922 2248 2976 Et
2269 2922 2517 2977 dixitrex
2559 2941 2573 2977 :
2608 2922 2886 2991 Virorum,
2919 2937 2970 2979 et
2995 2925 3311 2991 mulierum,
3342 2936 3396 2980 et
3423 2941 3557 2995 puc-

1985 3026 2190 3067 1⁵01⁵11111.

2053 3105 2145 3158 20.
2172 3104 2238 3160 Et
2274 3106 2409 3161 abiit
2435 3106 2489 3160 in
2535 3105 2782 3169 domum.
2818 3107 2871 3161 in
2923 3123 3029 3177 qua
3080 3108 3391 3164 sacerdores
3431 3125 3556 3165 ver-

303 3172 727 3274 καταγινόμενοι
747 3243 762 3265 ,
811 3202 907 3255 καὶ
931 3193 1056 3273 εὗρε
1083 3200 1153 3253 τὰ
1186 3197 1450 3271 βρώματα
1475 3172 1585 3250 -τοῦ
1621 3194 1751 3264 Βὴλ,
1773 3172 1882 3247 *καὶ

1986 3197 2271 3261 sabantur,
2294 3204 2349 3251 et
2384 3197 2590 3253 invenit
2646 3213 2802 3253 escas
2840 3196 3000 3264 Belis,
3032 3208 3087 3253 et
3118 3200 3299 3253 vinum
3332 3218 3346 3264 ;
3373 3211 3426 3253 ct
3476 3202 3558 3255 in-

304 3293 395 3345 τὸν
424 3289 584 3357 οἶνον,
615 3293 708 3346 καὶ
732 3291 972 3356 ἐπέδειξε
995 3289 1191 3360 Δανιὴλ
1218 3288 1297 3359 τῷ
1342 3286 1549 3359 βασιλεί
1595 3285 1663 3340 τὰ
1690 3283 1883 3355 ψευδο-

302 3384 485 3457 θύρια,
509 3385 578 3439 δι’
606 3378 682 3438 ὧν
713 3382 1154 3455 εἰσπορευόμενοι
1184 3383 1232 3434 oi
1279 3382 1466 3452 ίερεῖς,
1504 3377 1787 3433 ἐδαπάνων
1815 3374 1886 3431 τὰ

303 3476 719 3547 παρατιθέμενα
745 3475 822 3545 τῷ
848 3475 979 3546 Βὴλ.

370 3568 435 3619 2|
451 3608 467 3621 .
485 3566 596 3620 Kal
620 3565 885 3636 ἐξήγαγεν
906 3562 1105 3626 αὐτοὺς
1129 3564 1157 3616 ὁ
1178 3561 1432 3633 βασιλεὺς
1458 3562 1521 3615 ὲκ
1540 3560 1634 3614 τοῦ
1664 3560 1881 3632 Βηλίου,

301 3657 403 3710 καὶ
424 3656 740 3723 παρέδωκεν
772 3655 974 3718 αὐτοὺς
1010 3654 1089 3724 τῷ
1111 3654 1329 3725 Δανιὴλ,
1369 3653 1465 3706 καὶ
1501 3652 1600 3723 τὴν
1640 3652 1885 3723 δαπάνην

301 3751 406 3821 τὴν
441 3752 521 3813 είς
567 3749 732 3802 αὐτὸν
771 3748 938 3802 ἔδωκε
980 3745 1058 3801 τῶ
1090 3746 1323 3819 Δανιήλ-
1372 3745 1462 3799 τὸν
1502 3745 1559 3798 δὲ
1597 3744 1707 3817 Βὴλ
1753 3760 1887 3796 κατ-

303 3841 560 3910 έστρεψε.

370 3932 466 3988 22.
504 3935 616 3988 Kal
639 3928 708 4004 ἦν
739 3930 954 4004 δράκων
973 3931 1031 3985 ὲν
1056 3928 1135 4001 τῷ
1154 3928 1304 4001 αὐτῷ
1332 3928 1503 3997 τόπῳ,
1523 3926 1617 3981 καὶ
1638 3925 1888 3980 ἐσέϐοντο

304 4027 351 4081 at
394 4024 751 4081 Βαϐυλώνιοι.

369 4116 467 4173 25.
501 4117 613 4170 Kal
639 4112 792 4169 sin-sv
814 4116 842 4168 6
872 4113 1124 4186 βασιλεὺς
1146 4111 1225 4185 τῷ
1250 4113 1447 4184 Δανιὴλ
1466 4127 1480 4142 °
1519 4111 1612 4183 Μὴ
1640 4111 1735 4165 καὶ
1768 4108 1890 4163 τοῦ-

300 4226 399 4265 τον
442 4210 587 4280 ἐρεῖς
612 4200 742 4272 ,ϐτι
780 4206 1016 4279 χαλκοῦς
1062 4207 1249 4269 ὲστινς
1295 4204 1404 4259 ἰδοὺ
1438 4203 1528 4276 ζῇ,
1564 4203 1660 4258 καὶ
1690 4200 1883 4266 ἐσθίει,

302 4300 408 4356 καὶ
429 4300 594 4364 πίνει,
624 4299 1004 4370 προσκύνησον
1026 4297 1197 4368 αὐτῷ.

370 4391 469 4448 25.
496 4392 607 4446 Kal
629 4387 780 4444 εἶπεν
800 4388 1017 4460 Δανιὴλ·
1045 4387 1298 4449 Βασιλεῦ,
1326 4386 1415 4450 δός
1455 4402 1545 4459 μοι
1586 4386 1687 4457 τὴν
1731 4385 1886 4452 ἔξου-

1985 3288 2186 3343 dicavit
2242 3287 2430 3343 Daniel
2496 3289 2608 3360 regi
2670 3289 2837 3345 falsas
2886 3287 3055 3354 iores,
3084 3306 3178 3359 per
3206 3306 3345 3360 quas
3378 3291 3559 3361 ingre-

1984 3381 2195 3437 dienles
2231 3381 2548 3437 sacerdotes
2589 3382 2952 3438 absumebant
2978 3398 3101 3453 qua:
3144 3384 3559 3453 appOnebantur

1986 3473 2098 3529 Bel.

2054 3566 2145 3620 21.
2187 3565 2251 3619 Et
2273 3566 2434 3635 ejecit
2458 3580 2554 3620 eos
2585 3581 2677 3620 rex
2712 3566 2778 3620 de
2842 3565 3043 3635 templo
3076 3565 3192 3630 Bel,
3229 3574 3284 3621 et
3329 3566 3559 3621 tradidit

1984 3672 2079 3711 eos
2114 3656 2342 3721 Danieli,
2379 3666 2434 3711 et
2462 3658 2786 3726 impensam,
2812 3673 2935 3726 qua;
2962 3658 3011 3711 in
3038 3672 3162 3713 eum
3199 3659 3551 3727 erogabatur,

1987 3747 2136 3802 dedit
2166 3747 2415 3813 Danieli;
2449 3745 2538 3802 Bel
2569 3757 2750 3802 autem
2768 3748 2992 3803 evertit.

2056 3923 2147 3977 2‘2.
2176 3921 2241 3975 Et
2270 3921 2571 3976 eratdraco
2595 3921 2648 3976 in
2678 3923 2798 3994 ipso
2821 3923 2961 3992 loco,
2994 3937 3050 3983 et
3104 3927 3355 3983 colebant
3392 3924 3561 3996 Baby-

1987 4016 2140 4073 lonii.

2054 4109 2144 4164 23.
2171 4107 2235 4164 Et
2263 4108 2399 4165 dixit
2422 4126 2515 4167 rex
2549 4110 2758 4165 Danieli
2782 4108 3084 4179 :Numqnid
3125 4120 3181 4167 et
3206 4111 3353 4165 hunc
3382 4111 3557 4174 dices,

1987 4202 2132 4271 quod
2160 4218 2334 4258 aereus
2364 4203 2467 4258 sit?
2494 4217 2620 4258 ecce
2655 4203 2807 4270 vivit,
2844 4203 3103 4266 comedit,
3140 4212 3195 4257 et
3215 4202 3556 4267 bibit,adora

1986 4305 2134 4348 eum.

2056 4384 2145 4438 25.
2180 4383 2402 4441 Etdixit
2437 4386 2621 4441 Daniel
2653 4406 2666 4443 :
2703 4383 2839 4451 l'tex,
2872 4384 2939 4439 da
2969 4383 3099 4437 mihi
3130 4393 3473 4454 potestatem,
3502 4393 3559 4439 et

305 4486 452 4545 σίαν,
500 4484 594 4538 καὶ
641 4482 820 4537 ἀνελῶ
854 4482 944 4535 τὸν
1012 4480 1285 4552 δράκοντα
1332 4480 1462 4534 ἀνευ
1514 4479 1734 4551 σιδήρου
1760 4477 1882 4570 ’καὶ

1989 4476 2311 4533 interﬁciam
2369 4478 2661 4534 draconem
2732 4480 2938 4550 absque
2991 4479 3136 4536 ferro
3169 4489 3223 4536 et
3281 4479 3444 4536 fuste.
3493 4476 3562 4533 Et

302 4574 528 4648 ῥάϐδου.
553 4574 666 4629 Kal
688 4570 1064 4644 συνεχώρησεν
1090 4569 1238 4642 αὐτῷ
1259 4572 1288 4625 6
1308 4568 1585 4641 βασιλεὺς,
1618 4567 1715 4622 καὶ
1731 4562 1887 4620 εἶπεν

303 4665 480 4737 αὐτῷ·
499 4664 716 4718 Δέὸοταί
741 4681 842 4717 σοι.

374 4757 472 4813 26.
503 4759 616 4812 Kal
635 4756 816 4811 λαϐὼν
844 4756 1043 4827 Δανιὴλ
1063 4754 1263 4825 πίσσης
1297 4754 1434 4823 μνᾶς
1459 4753 1770 4824 τριάκοντα,
1795 4752 1891 4806 καὶ

308 4849 502 4921 στέαρ,
531 4850 626 4903 καὶ
653 4849 865 4920 τρίχας,
896 4849 1107 4919 ἥψησεν
1135 4846 1229 4900 ὲπὶ
1265 4845 1326 4898 τὸ
1357 4843 1508 4905 αὐτὸ,
1545 4842 1641 4897 καὶ
1669 4844 1890 4914 ἐποίησε

310 4940 517 5013 μάζαν,
539 4940 635 4995 καὶ
661 4939 915 4993 ἐνέϐαλεν
940 4941 1020 5002 είς
1042 4939 1106 4991 τὸ
1136 4936 1311 5007 στόμα
1340 4934 1436 4989 τοῦ
1463 4935 1774 5009 δράκοντος,
1798 4936 1892 4988 καὶ

307 5029 507 5103 φαγὼν
529 5030 813 5102 διεῤῥάγη,
854 5029 950 5083 καὶ
994 5028 1194 5093 ἔδειξεν
1222 5026 1383 5081 αὑτὸν
1412 5025 1489 5096 τῷ
1534 5024 1761 5097 βασιλεῖ,
1806 5024 1893 5077 λέ-

304 5141 456 5198 γων’
478 5125 554 5178 Οὐ
577 5123 749 5176 ταῦτα
779 5119 1024 5184 σέϐεσθε,
1046 5117 1300 5191 βασιλεῦς

380 5217 475 5271 2³7.
507 5216 619 5270 Kal
650 5214 996 5285 συνήχθησαν
1028 5213 1079 5264 ot
1106 5210 1214 5264 ἀπὸ
1237 5208 1338 5277 τῆς
1360 5206 1546 5279 χώρας
1578 5208 1776 5270 πάντες
1798 5208 1893 5260 ἐπὶ

309 5310 405 5363 τὸν
443 5307 640 5379 Δανιὴλ
665 5346 680 5368 ,
736 5307 832 5359 καὶ
879 5300 1041 5357 εἶπαν
1065 5318 1080 5333 ν
1136 5300 1386 5363 Ἰουδαῖος
1429 5298 1654 5367 γέγονεν
1685 5300 1713 5352 6
1740 5298 1894 5369 βασι·-

309 5395 467 5461 λεύς·
510 5395 603 5449 τὸν
642 5393 751 5466 Βὴλ
792 5390 1130 5462 κατέστρεψε
1160 5430 1176 5454 ,
1210 5390 1305 5443 καὶ
1336 5388 1426 5441 τὸν
1474 5386 1744 5458 δράκοντα
1782 5387 1892 5440 ἀπ-

313 5488 544 5541 ἐκτεινε.

385 5577 476 5633 29.
516 5578 629 5632 Καὶ
654 5576 777 5630 ἰδὼν
811 5577 838 5631 6
872 5575 1146 5647 βασιλεὺς,
1183 5575 1264 5628 ὅτι
1299 5570 1636 5642 ὲπισυνήχθη
1680 5571 1708 5622 6
1741 5569 1894 5640 ὄχλος

312 5669 420 5739 τῆς
440 5668 623 5742 χώρας
642 5669 728 5722 ἐπ’
755 5669 938 5733 αὑτὸν,
964 5666 1188 5721 ἐκάλεσε
1216 5667 1343 5728 τοὺς
1367 5659 1679 5734 συμϐιωτὰς
1704 5659 1892 5725 αὐτοῦ,

314 5761 417 5817 καὶ
444 5758 614 5816 εϊπινο
654 5761 856 5834 Δίδωμι
885 5760 976 5814 τὸν
994 5758 1190 5832 Δανιὴλ
1218 5760 1297 5824 εἰς
1317 5755 1608 5814 ἀπώλειαν.

1990 4572 2237 4641 permisit
2268 4572 2317 4627 ei
2349 4588 2478 4639 rex;
2517 4581 2572 4627 et
2605 4573 2746 4628 dixit
2776 4574 2825 4628 ei
2867 4593 2881 4629 :
2923 4573 3056 4629 Data
3080 4582 3165 4629 est
3200 4573 3319 4628 tibi.

2062 4749 2154 4803 26.
2181 4747 2251 4803 Et
2294 4749 2568 4819 accipiens
2608 4749 2792 4805 Daniel
2838 4751 2974 4819 picis
3035 4765 3194 4805 mnas
3240 4750 3484 4820 triginta,
3510 4757 3567 4804 et

1991 4840 2231 4909 adipem,
2270 4846 2325 4892 ct
2360 4839 2520 4907 pilos,
2559 4841 2707 4893 coxit
2745 4841 2929 4895 omnia
2964 4841 3149 4901 simul,
3177 4847 3230 4892 et
3265 4838 3392 4893 fecit
3417 4853 3565 4893 mas-

1991 4946 2130 4993 sam,
2166 4938 2220 4983 et
2247 4930 2395 4984 misit
2430 4930 2483 4983 in
2515 4945 2576 4985 os
2608 4931 2886 4998 draconis,
2938 4941 2990 4986 et
3022 4928 3313 4986 comedens
3346 4928 3567 4999 disrup-

1993 5030 2082 5077 tus
2115 5030 2219 5087 est,
2250 5028 2305 5075 et
2335 5020 2573 5076 ostendit
2610 5037 2734 5076 cum
2776 5021 2908 5092 regi,
2944 5021 3132 5077 dicens
3168 5037 3182 5073 :
3222 5017 3411 5074 Nonne
3451 5018 3567 5075 haec

1992 5115 2192 5179 colitis,
2232 5130 2326 5169 rex
2348 5114 2372 5167 ?

2062 5206 2152 5261 ‘27.
2188 5206 2252 5261 Et
2273 5204 2582 5276 congregati
2608 5213 2734 5260 sunt
2757 5205 2823 5260 de
2852 5203 3071 5274 regione
3091 5216 3279 5258 omnes
3300 5200 3565 5257 adversus

1996 5300 2293 5364 Danielem,
2356 5308 2411 5356 et
2462 5298 2720 5353 dixerunt
2756 5315 2769 5351 :
2802 5295 3024 5351 Judaans
3077 5295 3258 5350 factus
3307 5303 3393 5351 est
3444 5307 3561 5350 rex.

1993 5391 2086 5448 Bel
2108 5386 2325 5455 evertit,
2368 5399 2422 5445 et
2451 5390 2742 5444 draconem
2778 5385 3068 5441 interfecit.

2064 5570 2155 5624 29.
2198 5567 2264 5621 Et
2284 5567 2476 5622 videns
2495 5582 2610 5631 rex,
2646 5564 2791 5636 quod
2824 5569 3147 5631 congregata
3178 5569 3325 5617 esset
3373 5561 3565 5620 multi-

1997 5661 2127 5716 tudo
2161 5658 2403 5729 regionis
2436 5657 2698 5712 adversus
2750 5671 2830 5722 se,
2862 5652 3075 5709 vocavit
3117 5651 3376 5709 convivas
3406 5668 3565 5725 suos,

1996 5762 2046 5805 et
2082 5750 2249 5806 dixit:
2273 5749 2451 5805 Trade
2484 5748 2757 5804 Danielem
2788 5746 2853 5802 ad
2880 5742 3263 5816 perditionem.
