4064 6412
512 321 653 381 2859

1575 333 1827 391 DANIEL
1867 336 2093 393 JUXTA
2136 336 2679 397 THEODOTIONEM

3641 345 3783 401 2860

581 447 673 501 51.
710 445 839 503 Erat
866 456 1047 503 autem
1070 450 1241 517 lacus,
1275 452 1329 506 in
1357 467 1469 523 quo
1504 456 1888 513 nutriebantur
1912 459 2071 515 leone:

2269 462 2356 516 51.
2390 458 2498 516 Ἦν
2524 463 2582 515 δὲ
2619 464 2821 527 λάκκος
2860 467 2919 516 ἐν
2960 458 3005 532 ᾧ
3046 464 3335 537 ἐτρέφοντο
3360 463 3572 529 λέοντες
3616 466 3779 528 ἑπτὰ,

511 543 739 607 septem,
802 539 1004 607 quibus
1060 540 1418 597 tradebantur
1452 542 1805 601 insidiatores
1838 549 2002 618 regis,
2035 557 2089 603 et

508 627 1073 685 subministrabantur
1125 632 1207 687 eis
1273 632 1519 704 quotidie
1593 637 2087 693 condemnatorum

506 719 615 775 duo
647 735 899 789 corpora.

578 810 668 866 5ο.
700 810 768 866 Ει
800 813 1105 881 injecerunt
1128 815 1404 871 Dauielem
1432 818 1675 873 turbaain
1708 819 1856 871 illum
1884 819 2084 884 lucum,

506 912 567 957 ut
598 903 980 971 devoraretur,
1009 914 1062 960 et
1093 922 1268 976 neque
1300 909 1595 977 sepulturas
1629 921 1856 977 compos
1907 909 2082 963 tieret.

504 994 572 1049 Et
596 1004 716 1049 erat
748 996 803 1049 in
832 995 955 1050 lacu
999 995 1184 1051 Daniel
1207 999 1400 1053 diebus
1434 1015 1550 1052 sex.

575 1086 666 1141 5‘2.
705 1086 771 1143 Et
806 1087 1009 1143 factum
1036 1098 1120 1144 est
1143 1090 1195 1142 in
1225 1091 1312 1145 die
1339 1101 1513 1156 sexta,
1546 1100 1602 1147 et
1628 1102 1746 1147 crat
1779 1093 2082 1147 Ambacum

506 1176 715 1233 habens
743 1194 913 1249 panes
952 1181 1168 1233 intritus
1215 1182 1267 1236 in
1304 1182 1515 1237 alveolo
1557 1183 1612 1237 in
1665 1186 1968 1253 pulmento,
2032 1194 2087 1239 et

505 1283 601 1324 vas
639 1270 747 1324 viui
780 1271 954 1336 mixti,
981 1279 1036 1325 et
1059 1272 1171 1326 ibat
1199 1272 1255 1327 in
1284 1288 1537 1343 campum
1574 1274 1642 1330 ad
1678 1290 1973 1330 messores.

573 1443 663 1497 55.
696 1445 762 1498 Et
791 1445 1051 1514 loquutus
1072 1454 1158 1501 est
1181 1448 1407 1517 angelus
1427 1447 1647 1504 Domini
1671 1451 1737 1505 ad
1756 1451 2080 1518 Ambacum,

502 1535 688 1590 «licens
724 1553 737 1588 :
775 1534 901 1591 Haec
930 1538 1026 1591 tibi
1060 1538 1194 1594 dicit
1232 1538 1497 1595 Dominus
1523 1540 1669 1597 Deus
1699 1561 1712 1595 :
1761 1542 2079 1610 Prandium,

501 1628 647 1696 quod
684 1628 875 1693 habes,
899 1629 1031 1685 aﬂ‘er
1067 1633 1273 1686 Dauieli
1300 1634 1353 1687 iu
1389 1634 1569 1689 lacum
1607 1635 1825 1691 leonum
1878 1638 1930 1692 in
1982 1638 2082 1694 Ba-

500 1721 718 1791 bylone.

2193 547 2273 615 οἷς
2307 551 2646 621 παρεδίδοντο
2672 554 2721 606 οἱ
2748 549 3020 608 ἐπιεουλοι
3047 553 3141 607 τοῦ
3163 554 3447 624 βασιλέως,
3475 555 3572 610 καὶ
3588 556 3781 628 ἐχορη-

2191 644 2340 711 γεῖτο
2371 643 2553 705 αὐτοῖς
2584 643 2706 697 καθ’
2740 644 2842 696 ἐκά
2862 659 2975 714 ἴτην
3018 645 3235 717 ἡμέραν
3268 644 3377 699 τῶν
3417 644 3778 700 ἐπιθανατίων

2192 733 2419 803 σώματα
2436 732 2548 787 δύο.

2262 825 2349 880 50.
2385 825 2496 878 Kal
2526 825 2846 879 ἐνεϐάλοσαν
2866 826 2959 878 τὸν
2990 827 3186 897 Δανιὴλ
3213 830 3262 882 οἰ
3292 828 3440 899 ὄχλοι
3467 830 3547 893 εἰς
3569 830 3775 883 ἐκεῖνον

2188 916 2281 968 τὸν
2306 915 2531 980 λάκκον,
2576 915 2664 968 ἵνα
2690 914 3018 987 καταὸρωθῇ
3045 956 3059 980 ,
3108 917 3201 969 καὶ
3236 917 3371 986 μηδέ
3397 917 3574 987 ταφῆς
3609 916 3769 989 τύχῃ.

2188 1008 2300 1060 Kal
2331 1002 2400 1078 ἧν
2429 1008 2491 1060 ἐν
2512 1006 2589 1077 τῷ
2620 1006 2811 1077 λάκκῳ
2840 1005 3036 1078 Δανιὴλ
3065 1006 3278 1077 ἡμέρας
3301 1006 3382 1071 ἐξ.

2257 1099 2349 1155 52.
2376 1099 2487 1152 Kal
2515 1098 2736 1167 ἐγένετο
2763 1101 2830 1169 τῇ
2856 1098 3041 1170 ἡμέρᾳ
3067 1101 3136 1170 τῇ
3167 1098 3323 1171 ἕκτῃ,
3347 1098 3443 1152 καὶ
3460 1092 3529 1169 ἦν
3560 1096 3773 1168 Ἀμῦα-

2187 1190 2334 1259 κοὺμ
2366 1187 2505 1259 ἔχων
2533 1188 2733 1259 ἄρτους
2756 1188 3228 1260 ὲντεθρυμμένους
3248 1191 3305 1243 ἐν
3338 1191 3522 1264 σκάφῃ
3543 1193 3603 1246 ἐν
3639 1193 3774 1265 ἐψή-

2191 1298 2343 1351 ματι,
2360 1281 2458 1335 καὶ
2485 1283 2721 1352 στάμνον
2736 1282 2883 1335 οἰνου
2904 1281 3333 1351 κεκερασμένου,
3356 1284 3452 1337 καὶ
3477 1284 3772 1357 ἐπορεύετο

2186 1375 2267 1436 εἰς
2290 1372 2353 1425 τὸ
2391 1373 2574 1426 πεδίον
2610 1373 2744 1444 πρὸς
2766 1374 2894 1436 τοὺς
2926 1371 3204 1444 θεριστάς.

2257 1465 2346 1519 55.
2376 1466 2486 1518 Kal
2508 1464 2769 1535 ἐλάλησεν
2786 1464 3018 1533 ἅγγελος
3040 1464 3244 1535 Κυρίου
3268 1466 3405 1537 πρὸς
3420 1467 3477 1519 Ἀ
3488 1466 3767 1537 μόακοὺμ,

2185 1555 2387 1625 λέγων·
2419 1556 2560 1610 Τάδε
2590 1555 2738 1625 λέγει
2781 1557 2865 1609 σοὶ
2889 1556 3133 1624 Κύριοςό
3160 1556 3297 1620 Θεός
3316 1575 3332 1591 ·
3365 1558 3439 1610 Τὸ
3472 1557 3693 1629 ἄριστον
3740 1559 3771 1612 6

2185 1646 2352 1718 ἔχεις,
2390 1646 2661 1717 ἀπένεγκε
2702 1647 2899 1717 Δανιὴλ
2932 1649 3011 1710 εἰς
3039 1646 3133 1699 τὸν
3161 1648 3364 1701 λάκκον
3397 1648 3506 1701 τῶν
3540 1649 3771 1703 λεόντων

2185 1740 2243 1790 ἐν
2273 1736 2574 1792 Βαϐυλῶνι.

576 1814 667 1869 54.
704 1814 770 1868 Et
798 1816 933 1871 dixit
956 1816 1257 1873 Ambacum
1304 1838 1317 1873 :
1356 1819 1586 1876 Domine
1639 1822 1804 1887 Deus,
1834 1839 1941 1877 non
1976 1825 2071 1878 vidi

2255 1827 2344 1883 54.
2362 1829 2471 1883 Kal
2496 1822 2712 1881 εἷπενἋ
2723 1826 2935 1897 μόακού
2945 1844 3003 1897 μ’
3022 1825 3195 1897 Κύριε
3208 1826 3237 1880 6
3253 1825 3408 1889 θεὸς,
3426 1826 3525 1895 οὐχ
3541 1825 3768 1896 ἑώρακα

504 1905 852 1979 Babylonem,
875 1918 930 1964 et
960 1910 1140 1965 lacum
1169 1913 1352 1968 nescio
1378 1915 1470 1969 ubi
1502 1914 1593 1969 sit.

571 1999 662 2055 55.
694 1999 757 2053 Ει
809 2001 1226 2070 apprehendens
1265 2004 1443 2072 ipsum
1498 2004 1802 2061 Ambacum
1841 2008 2073 2078 angelus

502 2088 714 2145 Domini
748 2106 903 2147 coma
925 2094 1119 2163 capitis
1142 2095 1283 2164 ejus,
1318 2098 1639 2166 posuiteum
1674 2113 1840 2168 super
1872 2100 2073 2167 lacum,

496 2182 591 2253 qui
628 2192 745 2238 erat
777 2184 1073 2255 Babylone.

565 2274 655 2330 56.
692 2274 755 2328 Et
807 2275 943 2332 dixit
998 2278 1300 2334 Ambacum
1352 2280 1418 2335 ad
1469 2279 1747 2337 Danielcm
1789 2282 2076 2354 :Surgens

494 2367 722 2423 comede
753 2370 1065 2437 prandium,
1101 2373 1244 2440 quod
1288 2372 1438 2427 misit
1472 2373 1569 2428 tibi
1601 2372 1867 2430 Dominus
1910 2376 2071 2431 Deus.

566 2459 656 2514 57.
689 2460 757 2514 Ει
784 2461 861 2514 ait
891 2462 1116 2518 Daniel:
1153 2465 1493 2519 Recordatus
1517 2475 1603 2521 est
1653 2468 1800 2521 enim
1829 2469 1934 2522 mei
1971 2468 2079 2524 Do-

450 2544 455 2549 ’
496 2552 682 2606 minus
721 2551 880 2614 Deus.
916 2554 1007 2623 qui
1050 2571 1157 2610 nou
1186 2557 1782 2629 dereliquitdiligentes
1813 2575 1891 2615 se.

567 2644 657 2700 58.
687 2643 750 2699 Et
776 2648 1012 2701 comedit
1060 2648 1267 2704 Daniel.
1313 2650 1552 2721 Angelus
1614 2661 1796 2707 autem
1855 2652 2072 2709 Domini

493 2736 734 2792 restituit
784 2737 1107 2805 Ambacum,
1146 2739 1291 2795 unde
1340 2741 1516 2811 ipsum
1557 2754 1933 2811 assumpscrat
1978 2760 2072 2800 ea-

492 2826 613 2882 dem
640 2828 726 2883 die
750 2846 765 2882 :
787 2827 1049 2885 Dominus
1069 2846 1196 2885 vero
1208 2831 1351 2885 Deus
1372 2832 1688 2887 recordatus
1707 2842 1790 2889 cst
1811 2832 2069 2889 Danielis.

562 2918 650 2974 59.
689 2919 863 2975 Porro
893 2937 1145 2985 egressus
1175 2932 1260 2978 est
1290 2940 1383 2978 rex
1417 2933 1538 2993 post
1569 2924 1685 2980 haec
1714 2925 1936 2995 plorans
1968 2924 2071 2980 Da-

491 3009 709 3077 nielem,
740 3023 795 3066 et
824 3012 1118 3083 inspiciens
1173 3014 1227 3069 in
1277 3014 1481 3081 lacum,
1516 3015 1663 3070 videt
1713 3030 1837 3070 eum
1876 3017 2071 3072 seden-

490 3112 624 3158 tem.

560 3195 650 3250 ιο.
688 3193 753 3248 Ει
778 3196 1095 3254 exclamans
1122 3198 1198 3252 ait
1219 3214 1311 3254 rex
1352 3219 1365 3255 :
1407 3201 1641 3272 Magnus
1680 3209 1765 3255 est
1808 3198 2072 3255 Dominus

491 3283 659 3350 Deus,
700 3295 753 3341 et
780 3302 887 3342 non
927 3296 1012 3343 est
1049 3298 1247 3360 praeter
1279 3306 1404 3347 eum
1446 3292 1608 3347 alius.

568 3380 657 3436 M.
695 3380 761 3436 Et
789 3382 977 3438 eduxit
1000 3399 1092 3440 rex
1133 3384 1410 3442 Danielem
1443 3388 1511 3443 de
1551 3389 1694 3455 lacu,
1722 3396 1778 3442 ct
1818 3394 2072 3442 auctores

487 3476 814 3544 perditionis
848 3477 968 3547 ejus
999 3479 1227 3535 immisit
1253 3480 1308 3535 in
1341 3481 1521 3537 lacum
1553 3481 1607 3536 in
1633 3490 1931 3551 conspectu
1960 3478 2070 3534 Da-

498 3567 679 3635 niclis,
707 3580 763 3626 et
795 3570 1039 3627 devorati
1070 3580 1221 3627 sunt.

1004 3750 1526 3863 DANIEL

654 3917 981 3997 JUXTA
1061 3921 1929 4004 THEODOTIONEM.

1122 4032 1352 4089 CAPUT
1393 4034 1434 4091 1.

562 4120 613 4177 Ι.
667 4121 721 4177 in
754 4138 900 4179 anno
936 4125 1098 4181 tertio
1125 4127 1279 4195 regni
1307 4125 1519 4182 Joakim
1557 4129 1702 4199 regis
1730 4127 1892 4195 Juda,
1924 4131 2071 4186 venit

486 4210 997 4271 Nabuchodonosor
1052 4232 1149 4270 rex
1200 4217 1493 4288 Babylonis
1527 4220 1585 4273 in
1632 4217 1937 4276 Jerusalem
1965 4262 1980 4288 ,
2016 4230 2069 4275 et

484 4305 768 4361 obsidebat
803 4321 946 4361 eam.

553 4397 609 4453 2.
626 4399 690 4453 Et
722 4399 870 4455 dedit
897 4399 1165 4456 Dominus
1199 4402 1252 4457 in
1278 4418 1440 4459 manu
1469 4405 1588 4475 ejus
1615 4405 1827 4461 Joakim
1882 4421 2065 4476 regem

2180 1919 2281 1989 τὴν
2307 1919 2605 1973 Βαϐυλῶνα
2627 1961 2641 1985 ,
2664 1921 2757 1973 καὶ
2782 1920 2876 1972 τὸν
2900 1918 3105 1972 λάκκον
3127 1917 3190 1971 οὗ
3218 1915 3474 1986 γινώσκω
3495 1916 3600 1971 ποῦ
3623 1920 3766 1971 ἐστι.

2253 2014 2342 2069 55.
2370 2014 2481 2068 Kal
2498 2012 2892 2083 ἐπιλαϐόμενος
2919 2011 3084 2066 αὐτοῦ
3114 2013 3143 2066 6
3170 2010 3403 2078 ἄγγελος
3433 2009 3640 2081 Κυρίου
3669 2008 3767 2062 τοῦ

2179 2106 2505 2177 Ἀμσακοὺμ
2529 2106 2628 2176 τῆς
2653 2105 2831 2176 κόμης
2877 2103 3041 2158 αὐτοῦ
3097 2102 3201 2173 τῆς
3235 2103 3480 2173 κεφαλῆς
3506 2142 3521 2167 ,
3571 2101 3770 2171 έθηκεν

2179 2196 2342 2253 αὐτὸν
2378 2196 2563 2250 ἐπάνω
2595 2194 2688 2249 τοῦ
2717 2194 2924 2250 λάκκου
2952 2194 3046 2248 τοῦ
3070 2197 3127 2249 ἐν
3157 2193 3463 2248 Βαϐυλῶνι.

2248 2289 2337 2345 58.
2372 2290 2483 2343 Kal
2522 2286 2678 2342 εἶπεν
2708 2288 3036 2359 Ἀμσακοὺμ
3073 2286 3208 2358 πρὸς
3236 2286 3459 2356 Δανιήλ·
3499 2282 3767 2345 Ἀναστὰς

2180 2380 2320 2450 φάγε
2348 2379 2410 2433 τὸ
2434 2380 2679 2451 ἄριστον,
2708 2379 2736 2433 δ
2764 2379 3056 2433 ἀπέστειλέ
3096 2395 3177 2432 σοι
3212 2377 3417 2448 Κύριος
3443 2378 3471 2430 6
3501 2375 3655 2438 Θεός.

2249 2468 2339 2524 57.
2370 2469 2484 2522 Kal
2524 2465 2681 2522 εἶπεν
2707 2468 2934 2539 Δανιήλ·
2972 2467 3247 2539 Ἐμνήσθη
3286 2466 3396 2537 γὰρ
3424 2466 3526 2536 μοῦ
3558 2466 3770 2537 Κύριος

2175 2561 2205 2614 6
2240 2561 2391 2625 Θεὸς,
2428 2563 2457 2613 6
2484 2559 2559 2631 μὴ
2584 2559 2991 2627 ἐγκαταλείπων
3018 2560 3144 2621 τοὺς
3171 2557 3504 2627 ἀγαπῶντας
3536 2556 3728 2611 αὐτόν.

2245 2653 2334 2708 58.
2378 2654 2489 2706 Καὶ
2508 2652 2676 2722 ἔφαγε
2704 2649 2922 2721 Δανιὴλ.
2967 2650 3026 2703 '0
3047 2648 3105 2702 δὲ
3130 2647 3360 2717 ἄγγελος
3386 2647 3595 2716 Κυρίου
3624 2662 3768 2700 κατ-

2176 2747 2371 2817 έστησε
2398 2745 2491 2798 τὸν
2539 2743 2866 2814 ’Δμὸακοὺμ
2914 2740 3035 2794 ὅθεν
3091 2739 3253 2794 αὐτὸν
3306 2737 3468 2791 [lace
3513 2738 3583 2808 τῇ
3616 2736 3748 2805 αὐτῇ

2172 2838 2359 2908 ἡμέρα
2379 2852 2392 2866 ·
2428 2838 2457 2890 6
2488 2835 2545 2889 δὲ
2573 2835 2779 2908 Κύριος
2802 2833 2831 2885 6
2867 2832 2998 2894 Θεὸς
3024 2829 3273 2900 ἐμνήσθη
3311 2827 3406 2881 τοῦ
3432 2824 3643 2896 Δανιὴλ.

2244 2930 2332 2985 59.
2381 2927 2605 2997 Ἐξῆλθε
2634 2927 2692 2980 δὲ
2723 2928 2753 2980 6
2778 2923 3034 2995 βασιλεὺς
3059 2922 3198 2992 μετὰ
3225 2921 3398 2974 ταῦτα
3424 2917 3631 2974 πενθῶν
3660 2915 3750 2971 τδν

2173 3019 2395 3092 Δανιὴλ,
2429 3020 2525 3072 καί
2551 3016 2796 3086 ἐγκύψας
2825 3016 2904 3078 εἰς
2932 3014 3023 3067 τὸν
3051 3013 3275 3075 λάκκον,
3306 3013 3407 3083 ὁρᾷ
3434 3010 3597 3064 αὐτὸν
3624 3007 3754 3062 καθ-

2174 3112 2484 3254 ήμξίίῗνίὶαί
2505 3197 2835 3267 ἀναϐοήσας.
2878 3188 3034 3247 εἶπεν
3054 3195 3082 3246 ό
3116 3192 3367 3264 βασιλεῦς
3391 3208 3404 3222 ⁸
3427 3191 3616 3258 Μέγας
3635 3189 3758 3244 ἐστὶ

2174 3290 2377 3361 Κύριος
2407 3290 2436 3343 6
2468 3288 2622 3353 Θεὸς,
2645 3288 2742 3340 καὶ
2761 3286 2862 3340 οὐκ
2892 3286 3040 3338 ἐστιν
3070 3284 3209 3355 πλὴν
3234 3282 3396 3337 αὑτοῦ
3433 3282 3609 3344 ἄλλος.

2242 3379 2331 3433 ﬂ.
2366 3380 2475 3433 Kal
2517 3378 2784 3449 ἐξήγαγεν
2825 3379 2853 3431 6
2898 3376 3153 3447 βασιλεὺς
3185 3375 3276 3429 τδν
3321 3372 3519 3443 Δανιὴλ
3555 3373 3622 3425 ἐκ
3658 3369 3758 3424 τοῦ

2172 3470 2400 3537 λάκκου,
2434 3472 2530 3525 καὶ
2555 3472 2684 3533 τοὺς
2704 3470 2910 3532 αἰτίους
2938 3469 3037 3538 τῆς
3064 3466 3336 3530 ἀπωλείας
3368 3464 3534 3520 αὐτοῦ
3570 3461 3763 3517 ἐνέϐα-

2171 3565 2262 3619 λεν
2283 3565 2364 3627 εἰς
2384 3563 2474 3618 τὸν
2496 3562 2700 3617 λάκκον
2733 3560 2964 3615 ἐνώπιον
2986 3559 3082 3614 τοῦ
3110 3560 3331 3631 Δανιὴλ,
3357 3559 3454 3612 καί
3475 3554 3761 3626 κατεϐρώ-

2446 3746 2453 3749 ’
2658 3732 3292 3869 ΔΑΝΙΗΛ

2276 3866 2577 4001 ΚΑΤΑ
2611 3866 3637 4003 ΤΒΝΘΕΟΔΟΤΙΩΝΑ.

2701 4032 3102 4087 ΚΕΦΑΛΔΙΟΝ
3139 4032 3218 4085 A'.

2244 4128 2292 4180 1.
2311 4127 2400 4180 Ἐν
2439 4125 2549 4179 ἔτει
2572 4125 2739 4196 τρίτῳ
2757 4127 2857 4194 τῆς
2885 4123 3164 4195 βασιλείας
3177 4122 3458 4192 ’Ῑωακείμ,
3489 4119 3761 4192 βασιλέως

2182 4216 2370 4280 Ἰούδα,
2396 4212 2528 4288 ἦλθε
2558 4215 3051 4286 Ναϐουχοδονόσορ,
3090 4214 3346 4285 βασιλεὺς
3402 4212 3750 4278 Βαὸυλῶνος,

2169 4310 2251 4373 εἰς
2279 4307 2657 4380 Ἰερουσαλὴμ,
2690 4308 2786 4361 καὶ
2814 4307 3126 4379 ἐπολιόρκει
3152 4309 3344 4379 αὐτήν.

2238 4402 2293 4456 Ξ.
2320 4400 2431 4454 Kal
2457 4398 2625 4452 ἔδωκε
2652 4398 2858 4468 Κύριος
2895 4400 2953 4452 ἐν
2977 4400 3122 4470 χειρί
3155 4398 3319 4454 αὐτοῦ
3346 4399 3436 4453 τὸν
3470 4398 3756 4470 Ἱωακεὶμ,

483 4484 645 4554 Juda,
679 4499 733 4545 et
769 4490 836 4545 de
875 4498 1029 4560 parte
1068 4509 1322 4550 vasorum
1356 4496 1555 4551 domus
1594 4496 1688 4553 Dei
1736 4516 1749 4551 :
1783 4506 1838 4553 et
1866 4512 2062 4567 aspor-

2176 4492 2392 4565 βασιλέα
2432 4492 2623 4555 Ἰούδα,
2671 4492 2769 4544 καὶ
2812 4491 2921 4546 ἀπὸ
2965 4491 3167 4564 μέρους
3211 4493 3320 4545 τῶν
3364 4489 3575 4544 σκευῶν
3598 4489 3758 4544 οἴκου

484 4580 621 4634 tavit
663 4596 727 4636 ea
784 4584 838 4636 in
866 4591 1066 4638 terram
1115 4584 1321 4642 Senaar
1357 4588 1411 4642 iu
1456 4589 1681 4643 domum
1725 4587 1811 4643 dei
1856 4588 1963 4652 sui,
2007 4596 2063 4642 et

483 4687 615 4727 vasa
649 4674 833 4729 intulit
862 4676 915 4729 in
941 4677 1159 4732 domum
1192 4680 1436 4735 thesauri
1476 4680 1563 4734 dei
1591 4681 1698 4735 sui.

549 4850 604 4907 5.
648 4851 717 4908 Et
748 4853 887 4910 dixit
917 4871 1007 4910 rex
1041 4856 1333 4928 Asphancx
1358 4857 1651 4928 praeposito
1674 4860 2058 4916 cunuchorum

480 4955 728 5008 suorum,
763 4955 824 5001 ut
853 4946 1228 5003 introduceret
1265 4948 1333 5004 de
1375 4949 1500 5004 liliis
1551 4950 1882 5020 captivitatis
1918 4952 2061 5006 lilio.-

478 5050 601 5091 rum
633 5036 823 5107 Israel,
873 5048 927 5096 et
955 5040 1022 5096 de
1068 5042 1277 5097 semine
1313 5043 1485 5111 regni,
1539 5051 1595 5097 et
1633 5041 1700 5098 de
1737 5043 2062 5112 phorthom—

547 5222 603 5279 Δ.
621 5221 846 5289 Pueros,
864 5224 917 5279 in
934 5225 1135 5296 quibus
1153 5240 1260 5279 non
1279 5234 1363 5280 est
1377 5225 1428 5280 in
1449 5226 1528 5280 eis
1545 5226 1782 5294 macula,
1799 5228 2059 5298 pulchros

482 5315 685 5386 specie,
724 5327 780 5373 et
812 5318 1173 5392 intelligentes
1214 5317 1267 5375 in
1299 5319 1447 5373 omni
1477 5320 1766 5390 sapientia,
1803 5328 1859 5376 et
1880 5321 2059 5375 scien-

480 5418 564 5466 tes
592 5409 903 5478 scientiam,
938 5418 993 5465 et
1023 5411 1331 5482 cogitantes
1365 5410 1733 5480 prudentiam,
1766 5420 1821 5466 et
1852 5412 2057 5483 quibus

478 5511 565 5558 est
588 5503 757 5559 robur
784 5502 838 5558 in
864 5503 945 5559 eis
974 5503 1150 5559 standi
1193 5502 1246 5557 in
1275 5503 1442 5559 domo
1474 5504 1638 5575 regis,
1666 5513 1717 5559 et
1748 5512 1808 5558 ut
1836 5502 2058 5561 doceret

479 5608 574 5651 eos
603 5593 833 5661 litteras,
859 5599 912 5651 et
943 5593 1182 5664 linguam
1214 5594 1613 5652 Cbaldmorum.

554 5770 603 5825 5.
647 5769 709 5825 Et
764 5768 1049 5827 constituit
1095 5768 1175 5825 eis
1222 5782 1318 5823 rex
1364 5768 1675 5826 dimensum
1762 5771 2047 5839 diurnum,

2170 4586 2264 4639 τοῦ
2292 4583 2449 4646 Θεοῦ,
2487 4584 2583 4636 καὶ
2601 4583 2799 4654 ἤνεγκε
2830 4583 2969 4637 αὐτὰ
2999 4585 3079 4649 εἰς
3109 4584 3213 4655 γῆν
3248 4582 3455 4651 Σεναὰρ
3485 4581 3576 4635 τὸν
3605 4575 3759 4635 οἷκον

2168 4678 2262 4731 τοῦ
2315 4676 2440 4731 θεοῦ
2483 4675 2669 4743 αὐτοῦ,
2705 4677 2802 4731 καί
2842 4677 2911 4731 τὰ
2959 4677 3128 4748 σκεύη
3177 4679 3494 4747 εἰσήνεγκεν
3541 4676 3621 4738 εἰς
3661 4675 3759 4727 τὸν

2168 4765 2315 4824 οἷκον
2341 4768 2438 4824 τοῦ
2471 4768 2742 4841 θησαυροῦ
2765 4768 2859 4823 τοῦ
2893 4768 3018 4822 θεοῦ
3051 4769 3236 4823 αὐτοῦ.

2238 4863 2293 4917 5.
2324 4862 2438 4916 Kal
2464 4858 2618 4915 εἶπεν
2638 4864 2666 4915 ό
2698 4861 2952 4932 βασιλεὺς
2990 4858 3254 4931 ’Δσφανέξ
3275 4859 3352 4929 τῷ
3378 4858 3758 4931 ἀρχιευνοῦχῳ

2167 4955 2355 5019 αὐτοῦ,
2415 4956 2733 5022 εἰσαγαγεῖν
2779 4953 2889 5007 άπὸ
2921 4952 3031 5006 τῶν
3064 4952 3194 5007 υἰῶν
3234 4952 3332 5023 τῆς
3370 4951 3757 5023 αἰχμαλωσίας

2166 5045 2274 5099 τῶν
2305 5044 2435 5098 υἱῶν
2477 5043 2716 5115 Ἰσραὴλ,
2742 5044 2836 5098 καὶ
2863 5042 2972 5098 ἀπὸ
3002 5044 3096 5100 τοῦ
3135 5044 3445 5114 σπέρματος
3473 5043 3571 5114 τῆς
3596 5042 3756 5113 βασι-

2167 5138 2331 5202 λείας,
2365 5138 2458 5190 καὶ
2480 5136 2588 5190 ἀπὸ
2618 5136 2729 5189 τῶν
2748 5135 3107 5208 φορθομμείν.

2234 5228 2288 5283 4.
2310 5228 2664 5293 Νεανίσκους,
2687 5231 2745 5282 ἐν
2765 5221 2842 5289 οἷς
2887 5228 2988 5283 οὐκ
3021 5227 3170 5281 ἔστιν
3208 5228 3267 5280 ἐν
3300 5227 3495 5290 ἀὐτοῖς
3532 5222 3751 5298 μῶμος,

2166 5322 2259 5375 καί
2285 5321 2483 5385 καλοὺς
2520 5323 2584 5393 τῇ
2612 5319 2755 5390 ὄψει,
2808 5320 2903 5373 καὶ
2954 5321 3235 5383 συνιόντας
3278 5319 3337 5370 ἐν
3381 5318 3529 5393 πάσῃ
3563 5317 3750 5389 σοφίᾳ,

2167 5412 2262 5465 καὶ
2286 5410 2648 5480 γινώσκοντας
2674 5411 2894 5479 γνῶσιν,
2918 5412 3014 5465 καί
3027 5410 3441 5481 διανοουμένους
3461 5410 3749 5482 φρόνησιν,

2166 5507 2260 5558 καὶ
2279 5499 2358 5570 οἷς
2390 5505 2537 5557 ἐστιν
2569 5504 2723 5575 ἰσχὺς
2753 5505 2811 5556 ἐν
2837 5504 3022 5566 αὐτοῖς
3064 5502 3158 5557 τοῦ
3186 5503 3408 5557 ἐστᾶναι
3432 5504 3490 5556 ἐν
3511 5501 3588 5573 τῷ
3610 5503 3751 5572 οἴκῳ

2164 5592 2258 5649 τοῦ
2300 5592 2561 5664 βασιλέως
2589 5633 2605 5655 ,
2654 5593 2749 5646 καὶ
2781 5593 2872 5646 τοῦ
2902 5593 3178 5648 διδάσκειν
3199 5594 3394 5658 αὐτοὺς
3417 5594 3745 5668 γράμματα,

2166 5688 2259 5739 καὶ
2282 5685 2532 5753 γλῶσσαν
2557 5685 2860 5767 Χαλδαίων.

2238 5777 2287 5830 5.
2328 5777 2438 5830 Kal
2474 5775 2716 5842 διέταξεν
2746 5777 2926 5841 αὐτοῖς
2954 5781 2982 5830 ό
3012 5777 3264 5848 βασιλεὺς
3293 5779 3353 5831 τὸ
3398 5778 3494 5849 τῆς
3529 5777 3744 5848 ἡμέρας
