4064 6424
315 358 448 414 ‘28“

1789 347 2019 403 CAPUT
2060 347 2097 405 l.

3445 348 3552 404 284
3567 344 3588 397 2

317 474 439 529 καθ’
468 475 706 547 ἡμέραν,
738 476 848 529 ἀπὸ
879 478 977 546 τῆς
1030 474 1307 547 τραπέζης
1343 474 1436 526 τοῦ
1486 473 1771 543 βασιλέως,
1805 469 1900 524 καὶ

2004 465 2247 535 quotidie
2270 467 2338 523 de
2355 484 2541 524 mensa
2572 470 2735 539 regis,
2774 477 2829 525 et
2856 470 2921 526 de
2950 470 3078 524 vino
3114 476 3277 539 potus
3308 467 3503 538 ipsius,
3528 478 3585 523 ut

317 569 426 622 ἀπὸ
452 566 546 620 τοῦ
573 566 719 621 οἴνου
748 566 842 622 τοῦ
870 566 1035 621 ποτοῦ
1064 566 1249 623 αὐτοῦ.
1288 568 1384 620 καὶ
1412 566 1674 639 ἐκθρέψαι
1704 567 1901 630 αὐτοὺς

317 659 413 727 ἔτη
462 657 590 727 τρία
613 698 628 723 ,
665 659 761 711 καὶ
797 658 935 727 μετὰ
981 658 1152 711 ταῦτα
1193 656 1386 727 στῆναι
1435 659 1633 722 αὐτοὺς
1671 658 1900 712 ἐνώπιον

316 749 411 803 τοῦ
449 749 734 818 βασιλέως.

386 838 439 893 6.
475 839 586 891 Kal
612 837 863 905 ἐγένοντο
896 838 954 891 ὲν
985 838 1169 901 αὐτοῖς
1192 840 1256 891 ὲκ
1277 838 1385 892 τῶν
1418 839 1548 893 υίῶν
1590 839 1762 894 Ἰούδα
1796 842 1900 894 Aa-

316 931 457 1003 νιὴλ,
489 931 585 985 καὶ
631 930 900 995 Ἁνανίας,
943 934 1038 987 καὶ
1082 932 1358 1003 Ἀζαρίας,
1389 935 1480 988 καὶ
1512 935 1753 1004 Μισαήλ.

386 1023 439 1077 7.
468 1022 577 1077 Kal
622 1021 896 1093 ἐπέθηκεν
937 1022 1121 1087 αὐτοῖς
1169 1026 1198 1078 δ
1224 1022 1606 1095 ὰρχιευνοῦχος
1638 1026 1898 1095 ὀνόματα,

315 1112 396 1183 τῷ
421 1112 622 1183 Δανιὴλ
644 1112 950 1184 Βαλτάσαρ,
971 1115 1066 1169 καὶ
1090 1113 1169 1185 τῷ
1205 1114 1422 1186 ’Δνανίᾳ
1446 1116 1674 1187 Σεδρὰχ.
1705 1118 1800 1171 καὶ
1823 1118 1902 1190 τῷ

329 1204 557 1279 Ἀζαρία
590 1203 919 1273 ’Δὸδεναγὼ,
951 1207 1048 1261 καὶ
1078 1205 1158 1278 τῷ
1187 1206 1409 1278 Μισαὴλ
1439 1208 1648 1279 Μισάχ.

388 1297 440 1352 8.
466 1296 575 1351 Kal
593 1295 747 1351 ἔθετο
766 1297 962 1369 Δανιὴλ
990 1299 1084 1352 ἐπὶ
1116 1298 1218 1369 τὴν
1256 1298 1484 1370 καρδίαν
1509 1300 1675 1354 αὑτοῦ
1703 1300 1798 1358 τοῦ
1825 1304 1900 1375 μὴ

320 1389 677 1461 ἁλιστηθῆναι
712 1390 770 1445 έν
801 1393 867 1462 τῇ
887 1391 1136 1464 τραπέζῃ
1176 1390 1270 1446 τοῦ
1300 1390 1584 1463 βασιλέως,
1622 1394 1719 1448 καὶ
1741 1396 1800 1448 ὲν
1825 1396 1902 1466 τῷ

319 1480 447 1553 οϊνῳ
474 1481 567 1535 τοῦ
601 1480 768 1536 ποτοῦ
791 1482 958 1537 αὑτοῦ
980 1498 993 1513 ⁸
1026 1484 1122 1537 καὶ
1150 1483 1350 1553 ἠξίωσε
1380 1484 1473 1538 τὸν
1492 1485 1900 1558 ἁρχιευνοῦχον,

320 1572 464 1636 ὅπως
497 1572 571 1643 μὴ
602 1571 890 1644 ἀλισγηθῇ.

388 1663 439 1718 9.
470 1661 575 1717 Καὶ
602 1662 803 1718 ιδωκεν
827 1665 857 1718 δ
882 1662 1014 1726 Θεὸς
1035 1664 1126 1719 τὸν
1154 1665 1354 1737 Δανιὴλ
1392 1668 1472 1730 εἰς
1501 1666 1671 1734 ἔλεον,
1700 1670 1794 1724 καὶ
1820 1671 1902 1735 εἰς

320 1753 594 1824 οἰκτιρμὸν
612 1753 845 1808 ἐνώπιον
866 1753 959 1808 τοῦ
989 1755 1402 1827 ἁρχιευνούχου.

390 1929 476 1982 1ο.
514 1928 624 1982 Kal
651 1924 805 1982 εἷπεν
843 1931 871 1982 ὁ
902 1929 1289 2000 ἀρχιευνοῦχος
1337 1928 1415 2001 τῷ
1447 1930 1666 2002 Δανιὴλ·
1701 1930 1903 1987 Φοϐοῦ-

327 2036 419 2089 μαι
447 2018 557 2088 ἐγὼ
590 2020 680 2073 τὸν
710 2018 899 2093 κύριόν
942 2038 1045 2092 μου
1083 2019 1175 2074 τὸν
1204 2019 1452 2091 βασιλέα,
1475 2022 1566 2076 τὸν
1596 2022 1904 2089 ἐκτάξαντα

325 2110 420 2181 τὴν
446 2109 644 2181 βρῶσιν
682 2110 856 2182 ὑμῶν,
892 2112 989 2166 καὶ
1010 2110 1110 2183 τὴν
1140 2112 1301 2166 πόσιν
1325 2113 1481 2184 ὑμῶν
1505 2153 1520 2179 ,
1566 2114 1778 2185 μήποτε
1817 2115 1904 2189 ίδῃ

327 2200 392 2253 τὰ
411 2199 673 2271 πρόσωπα
705 2199 859 2272 ὑμῶν
899 2199 1201 2271 σκυθρωπὰ
1232 2201 1384 2273 παρὰ
1427 2204 1497 2257 τὰ
1535 2203 1800 2275 παιδάρια
1834 2205 1906 2259 τὰ

334 2292 581 2361 συνὴλικα
614 2291 790 2362 ὑμῶν,
822 2292 917 2346 καὶ
942 2290 1348 2362 καταδικάσητε
1381 2291 1481 2363 τὴν
1519 2292 1763 2363 κεφαλήν
1798 2311 1902 2365 μου

336 2380 409 2451 τῷ
436 2381 649 2452 βασιλεῖ.

402 2477 482 2530 11.
513 2477 617 2530 Kal
644 2471 796 2530 εἶπεν
843 2476 1043 2548 Δανιὴλ
1096 2478 1234 2547 πρὸς
1276 2477 1724 2550 Ἀμελλασὰρ,δν
1773 2495 1903 2534 κατ-

330 2568 548 2638 έστησεν
572 2570 599 2621 ὁ
627 2568 1013 2640 ἀρχιευνοῦχος
1049 2570 1143 2623 ἐπὶ
1176 2570 1400 2642 Δανιὴλ,
1446 2571 1724 2642 Ἀζαρίαν,
1743 2572 1902 2624 Ἀνα-

325 2658 455 2723 νίαν,
487 2660 579 2712 xal
603 2661 843 2732 Μισαήλ.

392 2750 474 2804 12.
506 2750 773 2823 Πείρασον
802 2753 866 2826 δὴ
893 2754 1022 2819 τοὺς
1051 2752 1248 2818 παῖδάς
1274 2770 1369 2806 σου
1400 2754 1615 2826 ἡμέρας
1634 2753 1787 2818 δέκα,
1806 2756 1901 2809 καὶ

322 2841 552 2898 δότωσαν
581 2845 711 2914 ἡμῖν
741 2846 850 2902 ἀπὸ
876 2847 985 2902 τῶν
1017 2845 1351 2919 σπερμάτων
1383 2846 1483 2916 τῆς
1512 2846 1638 2917 γῆς,
1670 2848 1764 2900 καὶ
1799 2864 1902 2916 φα-

321 2931 543 3003 γόμεθα,
576 2935 672 2989 καὶ
700 2933 845 3008 ὕδωρ
873 2937 1137 3009 πιδμεθα.

389 3026 475 3081 15.
500 3026 611 3079 Kal
636 3025 960 3099 ὀφθήτωσαν
989 3029 1221 3086 ἐνώπιόν
1246 3050 1341 3087 σου
1367 3031 1425 3085 al.
1444 3031 1579 3085 ἰδέαι
1609 3029 1787 3101 ἡμῶν,
1806 3031 1903 3084 καὶ
1968 3090 1977 3095 _

2006 558 2237 613 nutriret
2260 573 2357 614 eos
2384 560 2544 615 annis
2581 561 2775 627 tribus,
2806 569 2858 615 et
2889 568 3078 631 postea
3122 565 3329 615 starent
3357 557 3460 629 ipsi
3489 571 3586 612 co-

2005 664 2124 703 ram
2152 664 2298 721 rege.

2072 871 2127 923 6.
2172 869 2237 923 Et
2268 871 2487 927 fuerunt
2521 872 2573 924 in
2609 871 2688 925 eis
2717 870 2783 925 de
2818 870 2942 925 filiis
2964 868 3104 925 Juda
3133 869 3346 935 Daniel,
3379 869 3586 925 etAna-

2006 962 2150 1027 nias,
2182 972 2235 1018 et
2262 964 2512 1031 Azarias,
2552 974 2607 1020 et
2633 962 2842 1018 Misael.

2078 1052 2129 1106 7.
2164 1052 2230 1107 Et
2269 1055 2535 1124 imposuit
2589 1055 2671 1111 eis
2710 1054 3036 1125 praepositus
3068 1056 3452 1111 cunuchorum
3486 1072 3587 1110 no—

2007 1142 2190 1210 mina;
2239 1145 2447 1201 Danieli
2479 1144 2766 1212 Baltasar;
2817 1155 2871 1202 et
2925 1147 3151 1202 Ananiae
3197 1148 3471 1214 Sedrach;
3532 1158 3587 1203 et

2002 1232 2216 1291 Azarize
2242 1237 2575 1309 Abdenago;
2607 1247 2662 1294 et
2687 1238 2898 1294 Misaeli
2921 1237 3149 1294 Misach.

2077 1327 2130 1382 8.
2177 1328 2242 1383 Et
2269 1331 2453 1400 posuit
2484 1330 2675 1388 Daniel
2715 1332 2768 1386 in
2808 1332 2976 1387 corde
3002 1347 3125 1397 suo,
3160 1340 3219 1387 ut
3246 1346 3355 1389 non
3379 1331 3587 1403 pollue-

2005 1429 2156 1475 retur
2177 1421 2232 1476 in
2254 1438 2443 1478 mensa
2472 1423 2638 1495 regis,
2672 1434 2725 1480 et
2754 1423 2809 1479 in
2831 1424 2960 1480 vino
2990 1435 3150 1495 potus
3194 1424 3315 1494 ejus
3348 1442 3361 1479 :
3409 1436 3463 1480 et
3496 1439 3588 1479 ro-

2005 1514 2153 1583 gavit
2222 1517 2604 1572 cunuchorum
2658 1519 3052 1589 praepositum,
3116 1533 3185 1573 ne
3245 1518 3584 1573 contamina-

2005 1618 2178 1663 retur.

2074 1699 2126 1755 9.
2171 1698 2235 1756 Et
2266 1701 2415 1757 dedit
2442 1702 2584 1759 Deus
2618 1701 2895 1758 Danielem
2939 1702 2993 1757 in
3028 1701 3499 1763 misericordiam,
3533 1710 3587 1753 ει

1938 1791 2063 1886 Bin
2092 1792 2497 1850 miserationem
2531 1795 2587 1849 in
2638 1804 2933 1865 conspectu
2986 1795 3251 1865 principis
3305 1793 3589 1849 eunucho-

2007 1897 2163 2009 rulntl.
2208 1952 2424 2008 Etdixit
2453 1955 2707 2026 princeps
2728 1954 3105 2011 cunuchorum
3140 1952 3345 2009 Danieli
3365 1970 3379 2006 :
3403 1952 3587 2007 Timeo

2003 2056 2105 2114 ego
2134 2043 2417 2099 dominum
2469 2061 2650 2101 meum
2695 2061 2908 2117 regem,
2955 2046 3048 2116 qui
3088 2046 3374 2103 constituit
3402 2044 3585 2100 cibum

2005 2143 2268 2200 vestrum,
2296 2143 2351 2190 et
2371 2145 2559 2205 potum
2596 2144 2862 2204 vestrum,
2894 2152 2963 2194 ne
3002 2136 3143 2194 forte
3179 2137 3362 2192 videat
3418 2134 3588 2190 facies

2003 2236 2215 2282 vestras
2247 2225 2431 2281 tristes
2458 2242 2571 2296 prae
2599 2228 2848 2296 puerulis
2874 2228 3073 2285 coaevis
3109 2228 3329 2289 vestris,
3377 2235 3430 2279 ('t
3454 2241 3585 2279 ςοιι-

2003 2314 2273 2371 demnetis
2302 2323 2465 2385 caput
2492 2331 2673 2371 meum
2709 2319 2845 2388 regi.

2078 2492 2163 2547 11.
2207 2490 2274 2548 Ει
2310 2491 2655 2548 dixitDaniel
2689 2492 2757 2548 ad
2802 2492 3128 2553 Amellasar.
3180 2508 3339 2562 quem
3381 2493 3586 2547 consti-

2004 2591 2182 2640 tuerat
2215 2584 2469 2656 princeps
2490 2584 2870 2642 cunuchorum
2920 2600 3085 2656 super
3122 2584 3417 2649 Danielum,
3444 2585 3584 2637 Aza-

2003 2677 2165 2741 riam,
2202 2678 2494 2742 Ananiam,
2513 2686 2569 2733 et
2594 2677 2802 2733 Misael.

2075 2767 2162 2823 12.
2207 2766 2399 2835 Tenta,
2429 2769 2682 2837 obsecro,
2722 2784 2921 2840 pueros
2942 2776 3066 2824 tuos
3088 2767 3282 2824 diebus
3301 2767 3511 2827 decem,
3534 2776 3589 2819 et

2002 2856 2202 2914 dentur
2240 2860 2399 2915 nobis
2427 2859 2498 2915 de
2535 2861 2841 2916 seminibus
2891 2870 3069 2926 terrae,
3119 2868 3172 2915 et
3204 2857 3582 2919 comedemus.

2003 2959 2057 3003 et
2088 2965 2287 3020 aquam
2327 2950 2601 3006 bibemus.

2076 3043 2164 3098 15.
2210 3044 2275 3098 Et
2300 3052 2597 3114 appareant
2632 3058 2814 3098 coram
2846 3053 2897 3099 te
2930 3042 3094 3099 facies
3126 3050 3347 3106 nostrae,
3402 3050 3457 3097 et
3508 3040 3588 3094 fa-

318 3119 377 3175 αἰ
400 3119 533 3173 ἰδέαι
561 3119 666 3173 τῶν
696 3122 1000 3193 παιδαρίων
1025 3125 1137 3181 τῶν
1168 3126 1462 3180 ἐσθιόντων
1493 3124 1593 3194 τὴν
1624 3124 1900 3197 τράπεζαν

2007 3134 2120 3190 cies
2153 3136 2528 3205 pucrulorum,
2563 3134 2655 3204 qui
2684 3136 2853 3190 edunt
2904 3150 3146 3189 mensam
3177 3134 3361 3205 regis:
3396 3143 3448 3188 et
3480 3133 3588 3188 sic-

317 3211 409 3265 τοῦ
444 3210 725 3281 βασιλέως,
752 3214 846 3267 καὶ
869 3214 1054 3282 καθὼς
1086 3215 1182 3271 ἐὰν
1213 3216 1327 3288 ἴδῃς
1348 3214 1571 3286 ποίησον
1614 3214 1753 3286 μετὰ
1791 3214 1899 3268 τῶν

2006 3234 2066 3281 ut
2103 3227 2321 3293 videris,
2360 3226 2526 3281 facito
2560 3242 2684 3281 cum
2725 3227 2908 3297 pueris
2940 3227 3070 3281 tuis.

316 3305 521 3359 nain
547 3322 664 3359 σου.

388 3396 474 3452 14.
506 3398 613 3453 Kal
640 3400 961 3472 εἰσήκουσεν
996 3399 1175 3455 αὐτῶν
1208 3402 1290 3466 εἰς
1318 3400 1377 3455 τὸ
1409 3398 1560 3472 ῥῆμα
1593 3398 1769 3464 τοῦτο,
1805 3399 1899 3454 καὶ

317 3489 605 3560 ιπείρασεν
629 3492 823 3555 αὐτοὺς
846 3491 1061 3563 ὴμέρας
1089 3493 1243 3547 δέκα.

388 3582 474 3639 15.
501 3584 613 3637 Kal
649 3583 787 3656 μετὰ
827 3584 888 3638 τὸ
922 3585 1074 3650 τέλος
1100 3584 1207 3640 τῶν
1232 3584 1365 3640 δέκα
1400 3585 1647 3658 ἡμερῶν,
1682 3583 1901 3658 dipan-

319 3692 417 3731 σαν
444 3677 501 3731 αἰ
529 3675 659 3730 ἰδέαι
685 3677 863 3732 αὐτῶν
893 3677 1119 3748 ἀγαθαὶ,
1159 3680 1255 3734 καὶ
1305 3679 1462 3735 αὐτοὶ
1517 3679 1730 3751 ἰσχυροὶ
1779 3680 1900 3741 ταῖς

318 3766 509 3839 σαρξὶν
534 3769 670 3841 ὑπὲρ
708 3768 778 3823 τὰ
802 3770 1066 3841 παιδάρια
1096 3770 1165 3823 τὰ
1193 3770 1442 3825 ἐσθίοντα
1476 3769 1576 3841 τὴν
1619 3769 1899 3841 τράπεζαν

314 3857 410 3913 τοῦ
444 3858 727 3930 βασιλέως.
970 3916 975 3920 .

385 3950 475 4007 16.
506 3953 616 4008 Kal
645 3952 861 4023 ιγένετο
899 3953 1245 4025 Ἀμελλασὰρ
1274 3952 1670 4026 ἀναιρούμενος
1706 3954 1767 4008 τὸ
1789 3954 1895 4008 δεῖν

317 4059 446 4098 πνον
474 4043 673 4112 αὐτῶν,
713 4046 807 4101 καὶ
856 4045 948 4099 τὸν
992 4041 1133 4100 οἶνον
1163 4042 1258 4099 τοῦ
1291 4045 1537 4115 πόματος
1569 4044 1772 4111 αὐτῶν,
1804 4045 1900 4098 καὶ

317 4132 489 4187 ἐδίδου
519 4134 701 4198 αὐτοῖς
728 4135 1041 4207 σπέρματα.

387 4224 472 4279 17.
513 4227 624 4280 Kal
667 4228 778 4291 τοῖς
827 4227 1142 4299 παιδαρίοις
1187 4229 1300 4291 τοῖς
1354 4225 1648 4301 τέσσαρσιν
1699 4225 1901 4280 ἔδωκεν

317 4318 546 4381 αὑτοτςδ
575 4318 707 4383 Θεὸς
737 4318 979 4385 σύνεσιν,
1019 4321 1115 4374 καὶ
1156 4320 1418 4393 φρόνησιν
1461 4321 1520 4375 ὲν
1544 4322 1695 4395 πάσῃ
1719 4338 1901 4393 γραμο

321 4410 522 4479 ματικῇ
555 4410 648 4463 καὶ
680 4410 844 4483 σοφίᾳ
866 4426 879 4440 ο
909 4412 1006 4466 καὶ
1023 4411 1223 4483 Δανιὴλ
1254 4412 1486 4484 συνῆκεν
1516 4415 1574 4469 ἐν
1602 4414 1750 4484 πάσῃ
1774 4413 1902 4483 δρά-

318 4514 402 4551 σει
435 4499 533 4553 καὶ
561 4500 856 4567 ὶνυπνίοις.

388 4585 473 4641 18.
494 4588 621 4663 Kal
672 4591 811 4659 μετὰ
860 4592 922 4645 τὸ
955 4591 1107 4657 τέλος
1140 4593 1251 4649 τῶν
1292 4594 1539 4670 ἡμερῶν,
1581 4587 1656 4650 ὧν
1701 4591 1902 4649 εἴπενδ

318 4677 571 4749 βασιλεὺς
593 4680 913 4751 εἰσαγαγεῖν
944 4683 1164 4750 αὐτοὺς,
1196 4685 1290 4739 καὶ
1319 4686 1616 4756 εἰσήγαγεν
1649 4686 1844 4749 αὐτοὺς
1874 4687 1904 4739 ὁ

314 4770 697 4844 ἁρχιευνοῦχος
738 4773 979 4828 ἐναντίον
1008 4774 1507 4847 Ναϐουχοδονόσορ.

390 4862 475 4919 19.
507 4864 617 4919 Kal
636 4864 870 4936 έλάλησε
918 4866 1037 4938 μετ’
1066 4867 1247 4920 αὐτῶν
1280 4869 1308 4921 ὸ
1349 4867 1633 4939 βασιλεὺς,
1679 4870 1773 4923 καὶ
1806 4871 1903 4942 οὐχ

317 4956 619 5028 εὑρέθησαν
641 4958 707 5011 ἐκ
735 4958 953 5014 πάντων
980 4957 1161 5013 αὐτῶν
1188 4958 1364 5031 ὅμοιοι
1391 4961 1614 5033 Δανιὴλ,
1636 4961 1904 5016 καὶἈνα-

317 5049 425 5121 vlg,
463 5049 561 5103 καὶ
589 5049 840 5122 Ἀζαρία,
873 5052 968 5105 καὶ
1000 5051 1253 5123 Μισαήλο
1286 5053 1382 5106 καὶ
1408 5050 1646 5125 ἔστησαν
1672 5052 1902 5107 ἐνώπιον

317 5139 411 5195 τοῦ
442 5141 727 5212 βασιλέως.

385 5229 474 5286 20.
514 5231 624 5285 Καὶ
661 5232 722 5285 έν
757 5234 923 5286 παντὶ
950 5233 1158 5304 ῥήματι
1197 5230 1411 5301 σοφίας,
1442 5230 1539 5284 καὶ
1569 5230 1898 5302 ἐπιστήμης,

321 5319 461 5394 ὑπὲρ
484 5314 560 5376 ὧν
587 5322 823 5394 ἐζήτησε
847 5326 979 5395 παρ’
1009 5321 1189 5377 αὐτῶν
1218 5323 1247 5375 δ
1282 5320 1555 5393 βασιλεὺς,
1607 5314 1768 5392 εὗρεν
1805 5320 1905 5375 αὐ-

318 5412 442 5476 τοὺς
480 5412 913 5477 δεκαπλασίονας
959 5412 1103 5483 ὑπὲρ
1157 5411 1366 5474 πάντας
1415 5411 1545 5474 τοὺς
1595 5410 1900 5476 έπαοιδοὺς,

320 5501 416 5555 καὶ
456 5503 582 5566 τοὺς
626 5502 837 5573 μάγους
861 5542 876 5567 ,
907 5504 1034 5567 τοὺς
1061 5502 1221 5566 δντας
1254 5503 1313 5557 ὲν
1368 5500 1520 5573 πάσῃ
1554 5503 1622 5571 τῇ
1656 5499 1904 5572 βασιλεία

323 5593 504 5647 αὐτοῦ.

390 5683 480 5740 Si.
511 5684 623 5739 Kal
650 5684 868 5755 ἑγένετο
894 5682 1090 5738 Δανιὴλ
1116 5684 1222 5748 ἕως
1251 5682 1403 5748 ἔτους
1435 5682 1554 5746 ἐνὸς
1589 5680 1775 5753 Κύρου
1806 5680 1902 5734 τοῦ

326 5774 603 5846 βασιλέως.

2081 3409 2165 3466 14.
2209 3408 2275 3463 Ει
2294 3407 2575 3464 exaudivit
2603 3422 2698 3464 eos
2727 3407 2779 3463 in
2815 3407 2982 3464 verbo
3006 3406 3129 3473 hoc,
3154 3415 3209 3464 et
3237 3405 3465 3461 tentavit
3492 3421 3588 3461 eos

2003 3501 2195 3559 diebus
2226 3501 2434 3557 decem.

2075 3596 2164 3651 15.
2208 3596 2275 3651 Et
2307 3601 2431 3666 post
2466 3592 2627 3649 linem
2685 3592 2870 3648 decem
2929 3591 3165 3654 dierum,
3218 3599 3586 3660 apparuerunt

2003 3688 2188 3743 vultus
2221 3702 2411 3743 eorum
2442 3686 2566 3742 boni
2594 3703 2610 3753 ;
2645 3694 2699 3742 et
2731 3685 2833 3756 ipsi
2870 3684 3084 3740 robusti
3135 3685 3393 3740 carnibus
3423 3699 3586 3754 super

2011 3780 2296 3850 puerulos,
2328 3780 2421 3845 qui
2454 3779 2687 3834 edebant
2717 3793 2963 3833 mensam
2994 3778 3140 3849 regis

2074 3954 2161 4010 16.
2207 3953 2401 4009 Etluit
2432 3953 2738 4007 Amellasar
2796 3952 2990 4008 tollens
3050 3951 3232 4007 cibum
3284 3967 3493 4016 eorum,
3530 3959 3586 4007 et

2003 4047 2190 4103 vinum
2226 4056 2390 4117 potus
2425 4059 2636 4110 eorum,
2666 4053 2721 4099 ct
2746 4044 2911 4098 dabat
2933 4044 3014 4099 eis
3038 4044 3336 4115 legumina.

2073 4224 2161 4277 17.
2205 4221 2271 4277 Et
2299 4220 2543 4292 puerulis
2570 4228 2807 4291 quatuor
2864 4218 3014 4273 dedit
3068 4218 3149 4273 eis
3178 4217 3324 4274 Deus
3374 4216 3584 4273 intelle-

2002 4323 2149 4371 ctum
2182 4324 2235 4370 et
2266 4312 2608 4385 prudentiam
2657 4313 2711 4366 in
2750 4310 2898 4365 omni
2931 4310 3211 4365 literatura
3234 4351 3250 4376 ,
3287 4318 3341 4366 et
3369 4313 3584 4381 sapien-

2004 4408 2117 4472 tia;
2148 4417 2201 4463 et
2248 4405 2439 4461 Daniel
2494 4404 2760 4458 intellexit
2826 4403 2878 4457 in
2911 4404 3060 4457 omni
3097 4403 3312 4459 visione
3349 4412 3404 4458 et
3437 4417 3582 4457 som-

1931 4514 1976 4571 ι)
2006 4500 2134 4559 niis.

2076 4589 2165 4646 18.
2209 4588 2276 4644 Ει
2308 4599 2431 4663 post
2458 4587 2620 4643 ﬁnem
2662 4587 2875 4644 dierum
2910 4626 2926 4654 ,
2972 4587 3195 4658 quando
3247 4588 3459 4644 dixerat
3490 4602 3583 4642 rex

2004 4683 2278 4740 introduci
2300 4698 2421 4747 eos.
2449 4692 2505 4739 et
2548 4681 2854 4737 introduxit
2894 4696 2989 4738 eos
3035 4683 3363 4755 prapositus
3410 4696 3588 4736 eunu—

2002 4776 2232 4833 chorum
2265 4776 2319 4831 in
2355 4784 2653 4846 conspectu
2698 4773 3223 4830 Nabuchodonosor.

2076 4870 2165 4925 19.
2207 4867 2273 4922 Ει
2300 4868 2567 4939 loquutus
2592 4876 2676 4922 est
2704 4881 2829 4922 cum
2854 4866 2937 4922 eis
2968 4881 3087 4933 rex,
3118 4872 3174 4920 et
3202 4878 3310 4919 non
3339 4871 3467 4918 sunt
3496 4863 3583 4916 in-

2002 4959 2150 5015 venti
2182 4959 2249 5013 de
2283 4958 2558 5014 universis
2589 4958 2722 5028 ipsis
2756 4958 2966 5015 similes
3001 4956 3231 5021 Danieli,
3259 4965 3311 5010 et
3333 4954 3580 5021 Ananiae,

2002 5059 2058 5104 et
2095 5050 2322 5116 Azarize,
2361 5058 2415 5105 et
2444 5048 2631 5105 Misael
2656 5065 2670 5102 :
2700 5059 2753 5106 et
2779 5057 3044 5105 steterunt
3080 5048 3133 5102 in
3163 5054 3457 5115 conspectu
3491 5061 3580 5101 rc-

2002 5141 2106 5212 gis.

2072 5227 2163 5283 20.
2206 5227 2274 5284 Et
2312 5229 2368 5284 in
2416 5229 2566 5285 omni
2602 5229 2769 5285 verbo
2813 5227 3094 5297 sapientiae
3128 5235 3179 5280 ct
3216 5226 3478 5293 scientias,
3513 5227 3581 5284 de

2004 5321 2206 5392 quibus
2241 5321 2560 5378 sciscitatus
2588 5329 2672 5376 est
2692 5321 2762 5376 ab
2790 5321 2873 5375 eis
2934 5335 3052 5384 rex,
3109 5317 3317 5373 invenit
3342 5333 3439 5375 eos
3485 5319 3582 5376 de—

2002 5412 2169 5481 cuplo
2218 5411 2493 5482 potiores,
2553 5426 2665 5480 prae
2723 5409 2979 5465 omnibus
3036 5409 3474 5465 incantator‘ibus
3527 5419 3584 5465 et

2003 5505 2201 5576 magis,
2232 5503 2326 5574 qui
2364 5512 2522 5559 erant
2554 5504 2607 5558 in
2638 5502 2892 5558 universo
2923 5515 3093 5573 regno
3123 5502 3263 5573 ejus.

2076 5682 2166 5737 21.
2209 5681 2274 5738 Ει
2310 5680 2412 5737 fuit
2439 5682 2624 5741 Daniel
2684 5699 2858 5756 usque
2902 5683 2970 5740 ad
3007 5694 3213 5737 annum
3256 5694 3427 5736 unum
3453 5680 3581 5754 Cyri

2007 5788 2171 5844 regis.
