4064 6418
474 347 542 402 28
556 344 617 400 Π

1089 459 1323 518 CAPUT
1360 460 1427 518 ll.

540 549 591 605 Ι.
624 550 683 606 1η
711 565 856 607 anno
888 552 1131 609 secundo
1159 555 1309 626 regni
1343 553 1870 620 Nabuchodonosor,
1901 572 2047 612 som-

464 643 634 698 uiavit
663 641 1175 702 Nabuchodonosor
1199 648 1502 713 somnium,
1527 657 1582 703 et
1621 648 1903 720 obstupuit
1937 649 2048 718 spi-

462 734 602 789 ritus
633 734 777 804 ejus,
810 745 863 791 et
898 752 1128 792 somnus
1159 737 1280 807 ejus
1311 739 1541 795 recessit
1564 739 1633 793 ab
1655 753 1742 794 eo.

527 913 582 968 2.
627 913 689 968 Et
714 913 853 969 dixit
883 930 997 976 rex.
1030 926 1090 971 ut
1117 923 1377 971 vocarent
1408 916 1633 982 ariolos,
1669 926 1723 971 et
1757 932 1965 989 magos,
1987 924 2044 973 et

459 1007 830 1070 maleﬁcos,ct
857 1008 1142 1063 Chaldaeos
1172 1007 1239 1062 ad
1267 1008 1705 1062 annuntiaudum
1744 1009 1857 1079 regi
1887 1024 2041 1064 som-

1549 336 1806 393 DANIBL
1844 334 2072 393 JUX'I'A
2112 335 2660 398 THEODOTIONEM

2079 467 2127 522 Δ
2765 468 3019 525 ΚΕΦΔΛ.
3062 470 3136 526 B’.

3598 356 3739 413 98η

2229 553 2281 606 1.
2321 553 2408 606 Ἐν
2438 555 2517 625 τῷ
2541 554 2649 609 ἔτει
2680 556 2761 627 τῷ
2788 557 3029 632 δευτέρῳ
3071 560 3173 631 τῆς
3204 560 3481 631 βασιλείας
3526 564 3740 622 Ναϐουο

2154 639 2440 712 χοδονόσορ
2462 682 2477 707 ,
2536 644 2872 719 ὲνυπνιάσθη
2935 648 3406 724 Ναϐουχοδονόσορ
3463 653 3737 724 ἐνύπνιον,

2152 733 2248 786 xui
2278 735 2471 806 ἐξέστη
2504 736 2564 790 τὸ
2594 736 2814 802 πνεῦμα
2847 739 3037 803 αὐτοῦ,
3071 743 3165 796 xui
3195 744 3224 796 ὁ
3247 741 3417 809 ὕπνος
3436 744 3605 801 αὐτοὸ
3631 750 3737 803 ἀπ-

2151 823 2370 891 εγένετο
2394 826 2489 879 ἀπ’
2525 827 2712 883 αὐτοῦ.

2220 913 2274 968 2.
2311 916 2425 969 Καὶ
2463 912 2616 970 εἶπεν
2643 919 2672 971 ὁ
2721 917 2977 989 βασιλεὺς
3010 921 3104 976 τοῦ
3134 923 3361 980 καλέσαι
3394 928 3522 991 τοὺς
3549 930 3735 985 istuct-

2148 1003 2292 1069 δοὺς,
2319 1007 2416 1060 xui
2434 1008 2562 1070 τοὺς
2600 1010 2829 1079 μάγους,
2854 1012 2951 1065 καὶ
2968 1014 3096 1077 τοὺς
3126 1017 3474 1087 φαρμακοὺς,
3493 1020 3734 1087 καὶτοὺς

459 1097 608 1151 nium
640 1099 779 1168 ejus.
823 1097 890 1153 Et
938 1098 1174 1169 ingressi
1225 1108 1392 1162 sunt,
1428 1106 1482 1152 et
1525 1106 1795 1153 steterunt
1851 1114 2022 1155 coran

2145 1096 2471 1163 Χαλδαίους,
2520 1100 2615 1153 τοῦ
2647 1102 2966 1171 ἀναγγεῖλαι
3000 1104 3076 1177 τῷ
3118 1105 3332 1177 βασιλεῖ
3372 1112 3434 1163 τὸ
3481 1112 3732 1168 ἐνύπνιον

456 1203 602 1260 rege.

523 1376 577 1430 3.
619 1372 682 1428 Et
717 1373 854 1428 dixit
887 1372 968 1427 eis
1002 1386 1095 1428 rex
1135 1388 1150 1425 :

453 1462 919 1532 stupuitSpiritus
951 1477 1106 1517 meus
1153 1460 1221 1516 ad
1257 1463 1701 1532 cognoscendum
1733 1464 2031 1519 somnium.

515 1641 567 1695 4.
611 1640 677 1695 Et
703 1640 913 1710 loquuti
936 1647 1067 1696 sunt
1096 1639 1337 1695 Chaldaei
1365 1640 1476 1711 regi
1506 1639 1728 1712 Syriace
1762 1683 1776 1697 .
1811 1639 1950 1705 Rex.
1976 1643 2031 1697 in

1204 1370 1484 1427 Somniavi
1526 1372 1827 1435 somnium.
1857 1382 1911 1429 et
1939 1373 2038 1430 ob-

2146 1188 2339 1277 αύτοῦ,
2375 1191 2471 1244 xui
2497 1192 2767 1263 είσῆλθον,
2804 1196 2900 1249 καὶ
2939 1196 3177 1268 ἔστησαν
3201 1200 3434 1255 ἐνώπιον
3459 1202 3554 1256 τοῦ
3579 1203 3734 1274 βασι⁹

2145 1278 2301 1332 λέως.

2164 1296 2281 1333 ιεως
2287 1319 2301 1333 .

2215 1318 2277 1422 Ξῖ
2325 1370 2437 1425 Καὶ
2476 1367 2630 1426 εἷπεν
2686 1373 2872 1439 αὐτοῖς
2920 1377 2949 1430 ὁ
2991 1375 3285 1446 βασιλεύς·
3330 1381 3731 1455 Ἐνυπνιάσθην

2141 1457 2416 1565 ένύπνιον,
2448 1464 2546 1517 xui
2570 1464 2764 1537 ἐξέστη
2800 1466 2863 1520 τὸ
2910 1467 3133 1539 πνεῦμά
3164 1486 3290 1542 μου,
3317 1472 3412 1525 τοῦ
3441 1473 3641 1541 γνῶναι
3667 1475 3729 1529 τὸ

2141 1566 2409 1610 ενυπνιον.

2208 1644 2264 1699 4.
2298 1646 2412 1700 Καὶ
2440 1646 2712 1717 ἐλάλησαν
2739 1648 2789 1702 οί
2831 1649 3085 1704 Χαλδαῖοι
3116 1650 3195 1721 τῷ
3227 1649 3439 1721 βασιλεῖ
3463 1654 3721 1725 Συριστί·

447 1733 843 1802 sempiternum
874 1731 1034 1798 vive;
1067 1740 1123 1786 tu
1158 1732 1247 1787 dic
1284 1732 1560 1787 somnium
1592 1736 1777 1804 pueris
1819 1734 1949 1801 tuis,
1976 1742 2022 1791 et

2140 1736 2393 1804 Βασιλεῦ,
2425 1740 2505 1803 είς
2542 1741 2669 1805 τοὺς
2697 1741 2902 1805 αἰῶνας
2946 1741 3107 1811 ζῆθι·
3140 1744 3205 1797 σὺ
3231 1744 3353 1797 εἰπὲ
3381 1745 3446 1798 τὸ
3471 1746 3725 1801 ὲνύπνιον

449 1825 953 1895 interpretationem
978 1823 1099 1894 ejus
1122 1823 1511 1879 iudicabimus.

515 2003 568 2057 5.
613 2003 913 2066 Respondit
938 2018 1055 2068 rex,
1086 2011 1143 2057 et
1173 2002 1314 2059 dixit
1342 2002 1613 2059 Chaldaeis
1658 2019 1673 2057 :
1712 2002 1907 2059 Sermo
1940 2019 2026 2061 re-

442 2097 609 2150 cessit
636 2112 666 2149 a
687 2112 770 2149 Ille
793 2112 807 2161 ;
828 2096 930 2150 nisi
959 2096 1513 2166 igiturindicaveritis
1546 2096 1678 2151 mihi
1722 2099 2023 2163 somnium,

440 2194 493 2239 et
522 2187 891 2255 conjecturam
919 2187 1063 2256 ejus,
1092 2187 1145 2241 in
1167 2187 1528 2257 perditionem
1555 2187 1733 2252 eritis,
1757 2196 1812 2242 et
1827 2188 2025 2243 domus

438 2291 637 2335 vestras
669 2280 1022 2350 diripientur.

513 2371 567 2425 6.
613 2372 669 2426 Si
702 2383 885 2426 autem
917 2373 1192 2428 somnium
1227 2383 1282 2428 et
1322 2374 1694 2445 conjecturam
1728 2376 1849 2446 ejus
1881 2377 2023 2431 iudi-

438 2463 694 2517 caveritis
732 2462 892 2529 mihi,
922 2464 1165 2532 praemia,
1198 2474 1253 2518 et
1289 2464 1453 2530 dona,
1490 2474 1544 2519 et
1583 2467 1816 2520 multum
1842 2468 2021 2522 hono-

440 2570 553 2608 rem
590 2555 873 2624 accipietis
900 2570 931 2609 a
970 2571 1057 2609 me
1099 2573 1112 2610 :
1146 2565 1386 2611 ceterum
1420 2559 1694 2613 somnium
1735 2568 1789 2614 et
1830 2561 2020 2630 conjc~

437 2655 649 2700 eturam
685 2645 804 2714 ejus
831 2645 1066 2700 iudicate
1098 2645 1254 2700 mihi.

510 2735 561 2789 7.
584 2734 1006 2807 Responderunt
1032 2736 1298 2799 secundo,
1331 2743 1384 2790 et
1416 2734 1676 2791 dixerunt
1700 2736 1810 2807 regi
1841 2756 1854 2793 ;
1880 2735 2015 2802 Rex,

436 2828 523 2883 dic
554 2831 831 2883 somnium
860 2837 1010 2883 tuum
1038 2828 1226 2898 pueris
1259 2827 1391 2894 tuis,
1422 2838 1477 2882 et
1508 2828 2016 2898 interpretationem

435 2923 552 2993 ejus
582 2925 967 2981 indicabimus.

505 3021 561 3076 8.
603 3019 668 3074 Et
696 3020 975 3090 respondit
999 3035 1117 3086 rex,
1157 3018 1409 3074 etdixit:
1470 3016 1527 3073 In
1587 3018 1813 3074 veritate
1865 3018 2013 3083 novi,

435 3115 577 3180 quod
610 3124 827 3184 tempus
861 3128 959 3169 vos
988 3113 1293 3176 redimitis,
1342 3112 1642 3169 secundum
1691 3113 1837 3182 quod
1861 3114 2017 3167 novi-

433 3209 556 3269 stis,
584 3207 712 3277 quia
742 3205 969 3260 recessit
990 3220 1021 3259 a
1052 3221 1138 3260 me
1164 3205 1412 3259 verbum.

504 3299 558 3356 9.
602 3300 657 3353 Si
692 3313 822 3367 ergo
852 3298 1126 3353 somnium
1156 3313 1263 3351 non
1322 3297 1694 3353 indicaveritis
1723 3297 1881 3361 mihi,
1909 3312 2017 3352 uua

433 3400 516 3447 est
549 3390 826 3446 sententia
856 3398 1060 3457 vestra,
1082 3400 1135 3443 et
1164 3388 1312 3453 novi,
1355 3390 1485 3458 quia
1526 3390 1756 3444 verbum
1814 3388 2017 3445 falsum

433 3493 485 3538 et
508 3492 826 3553 corruptum
860 3482 1023 3537 simul
1063 3481 1266 3536 dicturi
1299 3484 1432 3536 estis
1465 3497 1652 3536 coram
1690 3498 1802 3546 me,
1841 3482 2019 3538 donec

434 3587 648 3646 tempus
679 3582 1041 3646 pertranseat.
1096 3573 1383 3629 Somnium
1436 3588 1619 3629 meum
1652 3574 1820 3629 dicite
1855 3575 2013 3641 mihi,

433 3676 487 3721 et
514 3668 711 3730 sciam,
735 3666 864 3735 quia
892 3667 1057 3719 etiam
1105 3664 1606 3731 interpretationem
1653 3668 1774 3736 ejus
1808 3665 2019 3722 indica-

435 3762 563 3818 liitis
600 3761 755 3817 mihi.

505 3854 595 3908 £0.
638 3851 1060 3921 Responderunt
1089 3866 1283 3907 rursus
1315 3851 1554 3908 Chaldaei
1584 3867 1773 3908 coram
1797 3868 1943 3924 rege,
1962 3862 2017 3910 et

435 3945 729 4002 dixerunt:
755 3942 873 3999 Non
922 3953 1005 3999 est
1035 3945 1201 4000 homo
1240 3962 1407 4016 super
1452 3948 1684 4013 aridam,
1718 3948 1811 4019 qui
1847 3949 2021 4019 possit

436 4049 626 4093 uotum
658 4037 837 4095 facere
864 4039 1086 4097 verbum
1119 4040 1298 4110 regis:
1354 4040 1496 4095 sicut
1526 4042 1708 4096 omnis
1770 4057 1862 4097 rex
1896 4056 2018 4095 ma-

435 4147 575 4202 gnus
606 4140 661 4187 et
697 4133 953 4201 princeps
986 4132 1210 4186 verbum
1249 4133 1566 4202 bujusmodi
1610 4148 1719 4189 non
1766 4134 2018 4191 sciscita-

436 4234 526 4279 tur
559 4225 626 4279 ab
652 4225 798 4279 omni
821 4224 1015 4291 ariolo,
1047 4241 1230 4296 mago,
1260 4237 1311 4280 et
1348 4225 1624 4281 Chaldaeo.

507 4403 593 4457 Η.
636 4402 777 4469 Quia
802 4418 1006 4469 sermo,
1034 4418 1195 4471 quem
1225 4402 1528 4473 interrogat
1556 4420 1675 4468 rex,
1708 4386 1892 4476 gravis
1913 4414 2015 4460 est:

2061 1822 2106 1878 Β
2134 1832 2247 1894 τοῖς
2269 1830 2426 1884 παισί
2451 1849 2568 1899 σου,
2599 1833 2696 1886 xui
2734 1832 2835 1904 τὴν
2866 1832 3153 1905 σύγκρισιν
3177 1834 3344 1891 αὐτοῦ
3376 1835 3722 1907 ἀπαγγελοῦ-

2205 1936 2255 1975 ν.

2205 1936 2255 1975 ν.

2132 1936 2255 2064 με.
2295 2010 2593 2085 Ἀπεκρίθη
2615 2013 2645 2066 δ
2673 2013 2948 2085 βασιλεὺς.
2972 2015 3069 2070 xui
3094 2011 3246 2069 εἶπεν
3270 2018 3385 2081 τοῖς
3410 2016 3715 2085 Χαλδαίοιςο

2140 2101 2201 2155 '0
2216 2101 2376 2171 λόγος
2404 2104 2617 2177 ἀπέστη
2650 2106 2746 2160 ἀπ’
2762 2106 2897 2177 ἐμοῦ
2920 2124 2932 2137 ⁸
2957 2108 3054 2161 ea»
3085 2103 3179 2162 οὗν
3198 2107 3273 2179 μὴ
3293 2109 3599 2181 γνωρίσητε
3628 2127 3718 2182 μοι

2126 2190 2187 2243 τὸ
2215 2191 2488 2257 ἐνύπνιον,
2520 2194 2616 2247 xui
2645 2195 2744 2265 τὴν
2771 2196 3059 2267 σύγκρισιν
3089 2195 3252 2251 αὑτοῦ
3277 2239 3290 2263 ,
3333 2200 3413 2261 είς
3443 2198 3717 2254 ἀπώλειαν

2125 2282 2335 2347 ἔσεσθε,
2364 2285 2457 2338 xui
2489 2287 2539 2338 οί
2567 2281 2703 2340 οἶκοι
2735 2286 2887 2356 ὑμῶν
2909 2288 3395 2360 διαρπαγήσονται.

2196 2373 2251 2430 6.
2294 2374 2421 2430 Ἑάν
2458 2375 2515 2430 δὲ
2547 2377 2607 2428 τὸ
2649 2375 2899 2430 ἐνύπνιον
2932 2378 3028 2431 xui.
3068 2381 3167 2447 τὴν
3216 2378 3504 2449 σύγκρισιν
3547 2378 3715 2433 αὑτοῦ

2123 2467 2430 2539 γνωρίσητέ
2473 2485 2583 2538 μοι,
2614 2467 2843 2538 δόματα,
2880 2470 2976 2521 xui
3001 2468 3228 2538 δωρεὰς,
3261 2469 3357 2521 καὶ
3401 2469 3605 2537 πολλὴν
3633 2487 3715 2523 τι»

2126 2561 2235 2631 μὴν
2263 2560 2501 2630 λήψεσθε
2533 2561 2667 2631 παρ’
2698 2560 2864 2629 ἐμοῦ’
2903 2561 3043 2631 πλὴν
3082 2560 3143 2614 τὸ
3178 2560 3428 2614 ἐνύπνιον
3480 2562 3576 2615 xui
3614 2563 3716 2633 τὴν

2124 2652 2412 2723 σύγκρισιν
2438 2652 2602 2706 αὐτοῦ
2625 2652 2995 2721 ἀπαγγείλατέ
3027 2670 3136 2721 μοι.

2193 2747 2243 2801 7.
2292 2743 2695 2817 Ἀπεκρίθησαν
2730 2746 2791 2798 τὸ
2827 2744 3099 2815 δεύτερον,
3141 2745 3237 2798 xui.
3265 2739 3428 2797 εἶπαν
3452 2741 3530 2814 τῷ
3555 2743 3710 2815 βασι-

2119 2836 2219 2892 λεῖ·
2252 2836 2506 2901 Βασιλεῦ,
2537 2837 2657 2890 είπὲ
2706 2837 2766 2890 τὸ
2799 2836 3048 2891 ἐνύπνιόν
3088 2852 3184 2889 σου
3214 2838 3327 2899 τοῖς
3387 2838 3542 2889 παισί
3588 2852 3700 2900 σου,

2120 2930 2217 2983 xui
2245 2929 2344 3001 τὴν
2381 2930 2669 3000 σύγκρισιν
2695 2928 2860 2983 αὐτοῦ
2892 2927 3336 2997 ἀπαγγελοῦμεν.

2189 3021 2245 3075 8.
2270 3023 2382 3077 Καὶ
2407 3023 2682 3095 ἀπεκρίθη
2709 3026 2736 3077 ὁ
2764 3022 3039 3094 βασιλεὺς,
3080 3023 3177 3076 xui
3209 3018 3363 3073 εἶπεν
3387 3037 3401 3051 ’
3441 3020 3706 3090 Ἑπ“ἀληο

2122 3112 2272 3178 θείας
2302 3110 2439 3178 οῖδα,
2475 3115 2558 3168 ὅτι
2592 3116 2782 3184 καιρὸν
2828 3115 2985 3184 ὑμεῖς
3040 3113 3426 3184 ίξαγοράζετε,
3469 3112 3590 3166 καθ’
3626 3113 3711 3166 ὅτι

2119 3206 2317 3269 οἴδατε,
2346 3208 2427 3261 ὅτι
2448 3207 2661 3276 ἀπέστη
2685 3208 2779 3259 ἀπ’
2814 3206 2950 3278 ἐμοῦ
2984 3205 3046 3259 τὸ
3078 3208 3248 3277 ῥῆμα.

2189 3300 2243 3355 9.
2292 3300 2417 3352 Ἐὰν
2445 3295 2538 3351 οὖν
2591 3298 2653 3351 τὸ
2684 3298 2935 3351 ἐνύπνιον
2981 3298 3056 3369 μὴ
3106 3296 3477 3366 ἀπαγγείλητέ
3511 3313 3624 3367 μοι,
3650 3295 3713 3350 εν

2121 3394 2237 3447 ἐστι
2263 3392 2326 3445 τὸ
2352 3392 2530 3461 δόγμα
2562 3390 2735 3460 ὑμῶν,
2761 3390 2854 3443 xui
2885 3385 3005 3442 οἶδα
3045 3389 3128 3442 ὅτι
3163 3389 3314 3459 ῥῆμα
3357 3386 3550 3456 ψευδὲς
3617 3386 3715 3441 xui

2120 3481 2520 3554 διεφθαρμένον
2545 3480 2838 3534 συνέσεσθε
2864 3483 3040 3534 εἰπεῖν
3077 3480 3309 3534 ινὼπιόν
3353 3496 3475 3551 μου,
3507 3479 3613 3542 ἕως
3649 3472 3712 3533 οὗ

2119 3577 2147 3630 ὁ
2176 3573 2368 3645 καιρὸς
2394 3572 2643 3643 παρέλθῃ
2663 3590 2675 3602 ·
2703 3573 2764 3626 τὸ
2788 3572 3039 3627 ἐνύπνιόν
3075 3590 3178 3643 μου
3212 3572 3401 3625 εἴπατέ
3448 3587 3537 3642 μοι
3562 3612 3577 3635 ,
3616 3572 3715 3625 καὶ

2121 3665 2403 3736 γνώσομαι
2432 3704 2447 3731 ,
2474 3665 2555 3718 ὅτι
2586 3665 2682 3718 xui
2713 3665 2812 3736 τὴν
2846 3664 3133 3736 σύγκρισιν
3160 3663 3326 3719 αὐτοῦ
3361 3663 3713 3733 ἀναγγελείτέ

2124 3776 2237 3828 μοι.

2196 3850 2283 3904 10.
2329 3848 2735 3921 Ἀπεκρίθησαν
2764 3849 2923 3903 πάλιν
2948 3851 2995 3902 oi
3046 3848 3302 3903 Χαλδαῖοι
3341 3846 3572 3902 ἐνώπιον
3614 3846 3712 3901 τοῦ

2123 3941 2425 4016 βασιλέως,
2464 3941 2558 3995 xui
2609 3938 2761 3994 εἷπον
2782 3960 2797 3973 ο
2827 3942 2941 3994 Οὐκ
2980 3939 3125 3994 ἔστιν
3159 3940 3446 4011 ἄνθρωπος
3473 3940 3571 3993 ἐπὶ
3612 3941 3714 4011 τῆς

2121 4035 2312 4108 ξηρᾶς,
2339 4036 2487 4097 ὅστις
2525 4034 2814 4104 δυνήσεται
2839 4034 3104 4104 γνωρίσαι
3140 4032 3201 4086 τὸ
3243 4033 3396 4105 ρῆμα
3429 4030 3526 4085 τοῦ
3558 4030 3713 4103 βασι..

2120 4129 2278 4192 λέως,
2305 4126 2495 4181 καθότι
2525 4128 2630 4189 πᾶς
2662 4125 2917 4195 βασιλεὺς
2979 4126 3154 4195 μέγας
3217 4126 3313 4179 xui
3343 4125 3527 4197 ἀρχων
3554 4125 3711 4195 ῥῆμα

2121 4220 2359 4275 τοιοῦτον
2398 4219 2497 4272 vix
2536 4219 2790 4289 ἐπερωτᾷ
2848 4217 3023 4270 πάντα
3076 4216 3347 4281 ἑπαοιδδν,
3380 4217 3574 4285 μάγον,
3613 4215 3711 4269 xui

2122 4313 2403 4366 Χαλδαῖον.

2195 4406 2281 4460 Η.
2319 4406 2443 4458 Ὅτι
2472 4405 2499 4456 ὁ
2534 4403 2710 4471 λόγος,
2744 4402 2803 4455 ὃν
2852 4402 3105 4473 ἐπερωτᾷ
3143 4404 3172 4456 ὁ
3210 4402 3483 4472 βασιλεὺς.
3514 4400 3707 4471 βαρὺς.

435 4502 491 4549 et
524 4494 666 4548 alius
697 4509 804 4547 non
840 4504 943 4557 est,
973 4495 1066 4564 qui
1103 4495 1305 4549 indicet
1337 4495 1489 4549 illum
1514 4497 1568 4549 in
1602 4504 1903 4566 conspectu
1933 4512 2019 4552 re-

2129 4501 2221 4554 xui
2261 4498 2448 4568 ἓτερος
2481 4498 2581 4549 ούκ
2616 4494 2782 4556 ἐστιν,
2820 4493 2880 4557 ὃς
2930 4492 3222 4562 ἀναγγελεῖ
3267 4492 3428 4547 αὐτὸν
3479 4494 3711 4546 ἐνώπιον

437 4585 543 4656 gis,
575 4584 681 4638 nisi
709 4584 805 4650 dii,
844 4600 1079 4655 quorum
1121 4600 1229 4639 non
1290 4596 1372 4641 est
1417 4587 1684 4643 habitatio
1729 4600 1829 4641 sua
1889 4603 2015 4642 cum

437 4680 585 4734 omni
617 4693 803 4743 carne,
849 4679 993 4734 unde
1021 4694 1126 4734 non
1158 4690 1335 4749 potest
1365 4681 1480 4736 tieri
1510 4682 1656 4736 sicut
1692 4690 1873 4751 putas.

510 4863 596 4920 ii.
639 4862 795 4919 Tunc
834 4879 929 4919 rex
961 4864 1015 4919 in
1078 4863 1262 4919 furore
1296 4872 1350 4919 et
1410 4864 1489 4919 ira
1538 4864 1708 4920 multa
1760 4864 1919 4932 dixit,
1964 4874 2023 4920 ut

436 4956 727 5026 perderent
756 4957 1031 5027 sapientes
1061 4955 1352 5027 Babylonis

513 5066 600 5121 15.
646 5064 712 5119 Et
743 5064 1013 5120 sententia
1043 5079 1265 5134 egressa
1290 5072 1376 5118 est
1400 5104 1415 5129 ,
1451 5072 1505 5117 et
1557 5063 1834 5133 sapientes
1875 5064 2020 5117 occi-

437 5157 708 5213 debautur
742 5175 754 5211 :
788 5169 842 5212 et
875 5155 1212 5226 quaesierunt
1249 5151 1527 5209 Danielem
1559 5164 1611 5208 et
1652 5155 1860 5207 amicos
1903 5154 2024 5222 ejus

439 5250 507 5305 ad
540 5248 998 5305 interﬁciendum.

514 5363 601 5419 ιι.
644 5361 801 5418 Tunc
826 5361 1015 5417 Daniel
1048 5360 1406 5431 interrogavit
1431 5362 1499 5416 de
1527 5362 1761 5417 consilio
1788 5371 1843 5418 et
1897 5379 2022 5421 seu.

441 5457 610 5512 tentia
646 5455 850 5510 Arioch
877 5454 1179 5525 principem
1205 5469 1511 5524 coquorum
1541 5456 1707 5525 regis,
1732 5456 1825 5526 qui
1847 5470 2028 5526 egres-

439 5564 536 5605 sus
573 5547 746 5603 fuerat
786 5546 852 5602 ad
885 5546 1291 5601 interﬁciendos
1322 5547 1597 5615 sapientes
1634 5546 1949 5617 Babylonis.

516 5661 604 5718 15.
646 5663 714 5718 Et
743 5659 1128 5719 sciscitabatur
1165 5660 1236 5714 ab
1261 5674 1349 5722 eo,
1385 5660 1573 5715 dicens
1610 5678 1623 5715 :
1652 5658 1911 5731 Princeps
1941 5677 2026 5717 re-

445 5753 552 5825 gis,
583 5769 753 5824 quare
791 5767 1011 5824 egressa
1054 5760 1139 5807 est
1193 5753 1458 5809 sententia
1502 5752 1793 5822 impudens
1836 5752 1950 5807 haec
1995 5770 2024 5806 ιι

2123 4590 2217 4644 τοῦ
2255 4588 2536 4659 βασιλέως,
2566 4586 2680 4640 ἀλλ’
2708 4586 2741 4658 ἦ
2772 4585 2902 4649 θεοὶ,
2938 4578 3014 4638 ὧν
3055 4587 3156 4639 ούκ
3197 4584 3344 4638 ἔστιν
3372 4587 3419 4637 οἱ
3456 4583 3711 4638 κατοικία

2126 4681 2304 4737 αὐτῶν
2342 4680 2480 4750 μετά
2523 4680 2701 4748 πάσης
2753 4677 2987 4748 σαρκὸς,
3037 4679 3104 4746 Χ
3134 4676 3256 4729 ὅθεν
3298 4677 3398 4729 οὐκ
3433 4676 3712 4745 ἐνδέχεται

2124 4772 2376 4845 γενέσθαι
2402 4772 2655 4842 καθάπερ
2682 4771 2802 4823 οἴει.

2199 4868 2283 4922 12.
2315 4866 2451 4920 Τότε
2479 4867 2507 4918 ὁ
2541 4862 2797 4936 βασιλεὺς
2824 4863 2881 4915 ὲν
2921 4859 3079 4931 θυμῷ
3127 4862 3222 4914 καὶ
3245 4860 3383 4931 ὀργῇ
3430 4858 3595 4930 πολλῇ
3631 4854 3709 4913 εἷ-

2129 4980 2227 5017 πεν
2258 4958 2346 5013 τοῦ
2373 4956 2633 5011 ἀπολέσαι
2661 4956 2786 5018 τοὺς
2818 4953 3014 5023 σοφοὺς
3048 4952 3384 5017 Βαϐυλῶνος.

2209 5074 2289 5128 l5.
2328 5072 2439 5124 Καὶ
2474 5069 2535 5122 τὸ
2581 5067 2759 5138 δόγμα
2788 5064 2999 5135 ἐξῆλθε,
3031 5065 3126 5119 xui
3153 5066 3200 5119 οί
3252 5065 3408 5135 σοφοὶ
3454 5064 3715 5118 ἀπεκτεί-

2127 5179 2279 5218 νοντο
2300 5180 2311 5192 ·
2347 5163 2442 5214 xui.
2466 5158 2737 5230 ἐζήτησαν
2764 5158 2855 5211 τὸν
2883 5158 3081 5229 Δανιὴλ
3113 5158 3208 5211 xui
3242 5158 3369 5220 τοὺς
3396 5158 3582 5227 φίλους
3612 5159 3713 5211 αύ-

2128 5254 2220 5310 τοῦ
2260 5253 2488 5309 ἀνελεῖν.

2200 5370 2286 5425 Η.
2319 5369 2452 5422 Τότε
2473 5365 2674 5437 Δανιὴλ
2705 5365 2978 5437 ἀπεκρίθη
3009 5365 3203 5438 βουλὴν
3238 5367 3332 5420 xui
3364 5366 3589 5437 γνώμην
3634 5365 3716 5437 τῷ

2140 5457 2340 5529 ’Δριὼχ
2366 5456 2446 5527 τῷ
2487 5454 2872 5527 ἀρχιμαγείρῳ
2927 5454 3022 5508 τοῦ
3052 5455 3338 5525 βασιλέως,
3393 5457 3452 5520 ὃς
3493 5455 3715 5527 ἐξῆλθεν

2128 5550 2339 5604 ἀνελεῖν
2370 5549 2496 5611 τοὺς
2519 5547 2718 5619 σοφοὺς
2746 5545 3088 5610 Βαϐυλῶνος.

2199 5661 2286 5717 15.
2319 5661 2430 5714 Καὶ
2458 5657 2787 5712 ἐπυνθάνετο
2808 5659 2996 5725 αὐτοῦ,
3029 5658 3203 5729 λέγων
3221 5674 3234 5689 '
3253 5661 3473 5732 ’Ἄρχων
3491 5657 3582 5713 τοῦ
3616 5658 3720 5729 βα-

2132 5752 2340 5818 σιλέως,
2369 5751 2498 5823 περὶ
2529 5750 2672 5814 τίνος
2696 5751 2920 5821 ἐξῆλθεν
2948 5753 2981 5823 ἡ
3016 5752 3208 5824 γνώμη
3241 5754 3273 5824 η
3317 5752 3540 5822 ἀναιδὴς
3568 5749 3716 5821 αὕτη
