4064 6424
377 380 524 438 2845

1847 382 2078 439 CAPUT
2121 383 2186 440 ll.

3497 397 3638 453 2846

375 503 440 556 ἐκ
464 498 867 571 προσώπουτοῦ
897 500 1164 572 βασιλέως
1175 518 1191 567 ;
1223 501 1358 555 Τότε
1390 501 1450 555 τὸ
1483 503 1634 574 ῥῆμα
1665 503 1948 573 ἐγνῶρισει

2065 501 2202 558 faeie
2231 501 2430 573 regis?
2467 501 2619 560 Tune
2669 506 2895 562 verbum
2951 507 3212 565 indicavit
3270 508 3476 567 Arioch
3530 512 3637 566 Da-

376 596 403 646 6
453 591 652 664 Ἀριὼχ
687 591 765 663 τῷ
799 593 1018 665 Δανιήλ.

441 685 530 740 16.
568 686 678 739 Kal
710 685 910 757 Δανιὴλ
937 686 1180 758 εἰσῆλθε,
1209 690 1308 744 καὶ
1345 689 1546 760 ἠξίωσε
1587 687 1679 742 τὸν
1711 686 1957 758 βασιλέα,

374 778 520 841 ὅπως
545 778 736 850 χρόνον
761 777 836 848 δῷ
858 778 1026 850 αύτῷ,
1066 780 1162 834 καὶ
1190 780 1291 852 τὴν
1330 781 1618 852 σύγκρισιν
1651 777 1959 849 ἀπαγγείλῃ

374 869 448 941 τῷ
481 869 806 940 βασιλείτοῦ
837 870 1091 924 ἐνυπνίου
1117 871 1308 927 αὑτοῦ.

444 962 531 1017 Π.
558 963 670 1015 Kal
706 962 925 1034 εἰσῆλθε
962 964 1162 1035 Δανιὴλ
1193 966 1273 1030 εἰς
1313 963 1404 1018 τὸν
1451 960 1601 1017 οἷκον
1647 962 1834 1028 αὑτοῦ,
1861 961 1958 1014 καὶ

375 1053 451 1125 τῷ
490 1053 728 1126 Ἀνανίᾳ,
776 1055 874 1108 καὶ
920 1054 996 1126 τῷ
1043 1054 1292 1127 Ἀζαρίᾳ,
1341 1056 1436 1110 καὶ
1481 1053 1559 1125 τῷ
1594 1053 1814 1126 Μισαήλ
1846 1055 1954 1117 τοῖς

373 1146 546 1214 φίλοις
571 1143 736 1197 αύτοῦ
770 1143 1035 1216 ἐγνώρισε
1066 1146 1127 1199 τὸ
1160 1147 1335 1218 ῥῆμα.

443 1237 530 1292 18.
568 1238 679 1291 Καὶ
726 1238 1048 1308 οἰκτιρμοὺς
1093 1236 1324 1310 ἐζήτουν
1364 1238 1515 1310 παρὰ
1547 1237 1641 1292 τοῦ
1684 1237 1819 1293 Θεοῦ
1859 1239 1953 1294 τοῦ

373 1330 599 1404 ούρανοῦ
659 1330 800 1401 ύπέρ
837 1330 932 1384 τοῦ
991 1332 1294 1404 μυστηρίου
1343 1333 1557 1398 τούτου,
1609 1334 1756 1397 ὅπως
1779 1333 1845 1388 ἂν
1879 1335 1954 1408 μὴ

374 1424 676 1478 ἀπόλωνται
704 1421 906 1491 Δανιὴλ
961 1423 1057 1476 καὶ
1085 1425 1131 1477 oi
1166 1423 1311 1492 φίλοι
1334 1423 1501 1479 αὑτοῦ
1538 1424 1677 1496 μετά
1702 1425 1810 1479 τῶν
1830 1427 1952 1479 ἐπι-

374 1515 568 1570 λοίπων
596 1515 775 1584 σοφῶν
797 1513 1142 1580 Βαϐυλῶνος.

438 1609 525 1664 19.
561 1607 696 1660 Τότε
718 1606 796 1676 τῶ
831 1608 1033 1680 Δανιὴλ
1063 1610 1120 1662 ἐν
1154 1608 1394 1680 ὁράματι
1427 1611 1526 1682 τῆς
1557 1611 1750 1676 νυκτὸς
1770 1612 1832 1666 τὸ
1850 1628 1954 1682 μυ-

372 1699 590 1770 στήριον
610 1697 972 1768 ἀπεκαλύφθη
998 1715 1013 1730 ·
1043 1700 1139 1754 καὶ
1169 1699 1444 1772 ηὑλόγησε
1467 1701 1559 1756 τὸν
1584 1702 1718 1757 Θεὸν
1738 1702 1832 1756 τοῦ
1859 1703 1951 1756 ού-

372 1792 533 1863 ρανοῦ
558 1793 587 1845 6
610 1790 832 1863 Δανιὴλ,
854 1792 951 1844 καὶ
989 1787 1167 1845 εἶπεν·

2063 593 2210 648 nieli.

2134 686 2225 740 16.
2267 685 2333 741 Ει
2357 685 2548 742 Daniel
2585 687 2868 758 ingressus
2897 699 3000 756 est,
3025 701 3080 746 et
3104 693 3316 764 rogavit
3353 709 3558 765 regem,
3579 705 3640 748 ut

2060 788 2274 850 tempus
2299 780 2454 836 daret
2505 781 2629 847 sibi,
2685 789 2740 835 et
2792 783 3162 854 conjecturam
3204 787 3471 842 indicaret
3521 791 3634 858 regi

2059 873 2258 927 somnii
2289 873 2394 928 sui.

2131 963 2220 1020 17.
2262 963 2330 1019 Et
2358 965 2644 1034 ingressus
2669 977 2751 1022 est
2777 967 2966 1023 Daniel
3007 969 3061 1023 in
3101 970 3321 1024 domum
3369 987 3548 1035 suam,
3581 981 3638 1027 et

2057 1057 2302 1123 Ananiae,
2330 1065 2385 1112 et
2413 1057 2644 1124 Azariaa,
2672 1068 2724 1114 et
2747 1058 2935 1117 Misael
2983 1061 3176 1117 amicis
3228 1061 3344 1118 suis
3378 1062 3639 1118 indicavit

2056 1146 2306 1202 verbum.

2129 1239 2215 1295 18.
2258 1237 2328 1294 Et
2384 1239 2768 1297 miserationes
2819 1243 3138 1312 qumrebant
3178 1259 3208 1298 a
3241 1243 3353 1298 Deo
3384 1244 3507 1298 creti
3538 1259 3638 1315 pro

2055 1332 2318 1402 mysterio
2345 1333 2470 1398 hoc,
2500 1341 2560 1388 ut
2586 1349 2694 1388 non
2723 1335 2962 1404 perirent
2993 1335 3184 1391 Daniel
3236 1345 3291 1392 et
3327 1336 3489 1392 amici
3515 1336 3636 1408 ejus

2055 1437 2181 1477 cum
2212 1423 2425 1480 caneris
2453 1425 2795 1495 sapientibus
2821 1425 3138 1498 Babylonis.

2125 1603 2212 1660 l9.
2254 1603 2410 1661 Tunc
2435 1604 2642 1661 Danieli
2704 1605 2759 1660 in
2821 1605 3031 1662 visione
3091 1607 3273 1662 noctis
3307 1607 3632 1678 mysterium

2053 1698 2352 1753 revelatum
2390 1706 2520 1755 est:
2548 1706 2602 1754 et
2632 1697 2909 1754 benedixit
2939 1698 3109 1754 Deum
3154 1699 3284 1755 coeli
3339 1699 3548 1766 Daniel,
3578 1710 3635 1756 et

2051 1788 2188 1845 dixit
2224 1805 2238 1842 :

437 1845 528 1936 20.
568 1881 670 1952 Εῖη
697 1845 953 1952 τδιόνομα
984 1879 1078 1934 τοῦ
1107 1881 1245 1936 Θεοῦ
1291 1882 1654 1955 εύλογημένον
1697 1885 1806 1940 ἀπὸ
1854 1885 1948 1939 τοῦ

2125 1881 2216 1936 20.
2283 1881 2367 1938 Sit
2425 1897 2621 1938 nomen
2660 1881 2757 1938 Dei
2819 1882 3164 1938 benedictum
3228 1897 3259 1938 a
3324 1881 3531 1938 saeculo
3579 1893 3635 1938 et

372 1973 582 2036 αἰῶνος,
611 1973 706 2027 καὶ
731 1971 836 2036 ἕως
865 1971 960 2026 τοῦ
995 1971 1212 2040 αἰῶνος,
1237 1973 1320 2028 ὅτι
1345 1977 1379 2046 ἡ
1418 1976 1581 2046 σοφία
1638 1977 1734 2032 καὶ
1760 1979 1794 2048 ή
1830 1976 1954 2032 σύν-

373 2081 483 2128 sat;
504 2063 672 2118 αὐτοῦ
697 2063 836 2118 ἐστι.

439 2156 529 2212 2i.
565 2155 677 2210 Kal
704 2156 868 2220 αὐτὸς
896 2155 1102 2211 ἀλλοιοῖ
1129 2157 1355 2228 καιροὺς
1405 2159 1503 2212 καὶ
1546 2157 1793 2229 χρόνους,
1819 2160 1954 2214 καθ-

380 2250 496 2320 ιστᾷ
519 2247 756 2319 βασιλεῖς
808 2248 903 2302 καὶ
944 2249 1208 2321 μεθιστᾷ,
1263 2250 1442 2314 διδοὺς
1483 2251 1676 2322 σοφίαν
1716 2253 1829 2316 τοῖς
1860 2269 1949 2306 σο-

386 2342 520 2410 φοῖς,
549 2340 641 2393 καὶ
673 2338 936 2411 φρόνησιν
957 2342 1070 2404 τοῖς
1093 2340 1258 2394 εἰδόσι
1284 2340 1522 2396 σύνεσιν.

451 2431 536 2485 22.
565 2431 731 2495 Αὐτός
782 2431 1160 2486 ἀποκαλύπτει
1241 2431 1412 2504 βαθέα
1488 2433 1586 2488 καὶ
1632 2431 1948 2506 ἀπόκρυφα,

382 2521 650 2591 γινώσκων
676 2523 746 2580 τά
786 2525 844 2578 ἐν
868 2523 946 2596 τῷ
978 2525 1196 2593 σκότει,
1245 2526 1343 2582 καὶ
1379 2525 1441 2581 τὸ
1487 2526 1602 2598 φῶς
1643 2529 1764 2599 μετ’
1785 2525 1951 2582 αὐτοῦ

376 2616 510 2670 ἐστι.

439 2707 528 2762 2'5.
561 2708 680 2774 Σοὶ,
716 2709 745 2763 6
769 2708 903 2774 Θεδς
929 2710 1040 2766 τῶν
1063 2709 1318 2783 πατέρων
1358 2729 1485 2782 μου,
1521 2711 1951 2786 ἐξομολογοῦμαι

373 2802 464 2856 καὶ
484 2802 636 2867 αἰνῶ,
661 2802 741 2856 ὅτι
764 2803 958 2873 σοφίαν
1004 2805 1101 2857 καὶ
1117 2803 1346 2876 δύναμιν
1365 2805 1572 2870 ἔδωκάς
1599 2823 1713 2877 μοι,
1737 2807 1833 2860 καὶ
1855 2806 1952 2861 νῦν

371 2893 670 2966 ἐγνώρισάς
721 2912 810 2965 μοι
857 2895 894 2950 ἀ
940 2896 1256 2969 ἠξιώσαμεν
1306 2899 1458 2970 παρά
1498 2898 1615 2967 σού,
1645 2899 1742 2955 καὶ
1774 2899 1858 2954 ὅτι
1887 2897 1952 2954 τὸ

369 2987 550 3060 ὅραμα
580 2988 674 3042 τοῦ
704 2989 972 3059 βασιλέως
1009 2991 1312 3064 ἐγνώρισάς
1344 3009 1455 3063 μοι.
1795 3044 1804 3051 .

435 3079 527 3133 24.
570 3081 678 3132 Kal
712 3079 913 3144 εὐθέως
931 3076 1060 3151 ἦλθε
1081 3081 1282 3151 Δανιὴλ
1311 3082 1448 3153 πρὸς
1488 3082 1711 3155 Ἀριὼχ,
1734 3084 1795 3138 δν
1817 3102 1949 3140 xar-

369 3167 593 3242 ἔστησεν
616 3173 645 3225 6
675 3171 930 3242 βασιλεὺς
968 3174 1234 3228 ἀπολέσαι
1279 3177 1408 3239 τοὺς
1447 3177 1646 3244 σοφοὺς
1690 3177 1946 3232 Βαϐυλῶ-
1973 3199 2016 3257 c

367 3277 476 3324 νος,
510 3262 606 3315 καὶ
653 3259 805 3315 εἶπεν
854 3262 1004 3336 αύτῷ
1029 3282 1042 3295 ·
1078 3265 1219 3330 Τοὺς
1271 3267 1469 3335 σοφοὺς
1522 3266 1843 3332 Βαϐυλῶνος
1871 3269 1945 3339 μὴ

369 3353 663 3426 ἀπολέσῃς,
688 3355 953 3424 εἰσάγαγε
977 3355 1034 3409 δέ
1063 3374 1132 3429 με
1163 3355 1395 3414 ἐνώπιον
1422 3356 1518 3410 τοῦ
1548 3357 1830 3428 βασιλέως,
1853 3361 1948 3412 καὶ

366 3441 464 3514 τὴν
488 3443 776 3516 σύγκρισιν
795 3445 888 3499 τοῦ
919 3447 1194 3518 ὁράματος
1227 3448 1518 3518 ἀναγγελῶ
1548 3448 1628 3520 τῷ
1660 3448 1887 3520 βασιλεῖ.

436 3537 527 3592 25.
564 3537 698 3590 Τότε
723 3539 752 3591 6
787 3538 988 3609 Ἀριὼχ
1009 3541 1066 3594 ἐν
1097 3540 1302 3611 σπουδῇ
1335 3536 1599 3611 εἰσήγαγε
1628 3540 1719 3594 τὸν
1747 3540 1946 3610 Δανιὴλ

367 3628 594 3684 ἐνώπιον
611 3630 707 3684 τοῦ
727 3631 1010 3701 βασιλέως,
1035 3632 1132 3686 καὶ
1160 3628 1312 3687 εἶπεν
1333 3632 1482 3703 αὐτῷ
1497 3648 1511 3663 ·
1529 3632 1754 3704 Εὕρηκα
1774 3632 1947 3704 ἄνδρα

367 3720 433 3772 ἐκ
463 3720 572 3773 τῶν
609 3721 743 3774 υἱῶν
769 3725 869 3793 τῆς
901 3722 1281 3794 αἰχμαλωσίας
1311 3725 1410 3795 τῆς
1456 3724 1747 3790 Ἰουδαίας,
1796 3726 1945 3788 ὅστις

365 3812 443 3883 τῷ
472 3812 684 3882 βασιλεί
710 3814 771 3867 τὸ
799 3814 1082 3886 σύγκριμα
1113 3817 1425 3885 ἀναγγελεῖ.

436 3905 523 3959 26.
559 3907 669 3960 Kal
703 3907 978 3978 ἀπεκρίθη
997 3910 1026 3961 6
1053 3907 1325 3978 βασιλεὺς,
1349 3910 1446 3963 καὶ
1476 3903 1598 3962 εἶπε
1625 3909 1704 3981 τῷ
1724 3908 1940 3983 Δανιὴλ,

363 3987 426 4049 οὗ
459 3996 517 4048 τὸ
548 3995 718 4065 ὄνομα
741 3997 1028 4070 Βαλτάσαρ
1046 4017 1060 4030 ο
1081 4000 1143 4053 Εἰ
1166 3999 1391 4054 δύνασαί
1415 4017 1507 4070 μοι
1535 4000 1854 4070 ἀναγγεῖλαι
1883 4002 1944 4053 τὸ

363 4087 612 4141 ἐνύπνιον
637 4089 666 4142 6
692 4084 852 4154 εἶδον,
889 4091 985 4144 καὶ
1007 4090 1107 4162 τὴν
1137 4091 1425 4162 σύγκρισιν
1458 4091 1658 4158 αύτοῦ;

432 4178 523 4232 27.
561 4180 669 4233 Kal
699 4181 971 4253 ἀπεκρίθη
1012 4181 1212 4251 Δανιὴλ
1244 4181 1474 4236 ἐνώπιον
1508 4183 1603 4237 τοῦ
1652 4184 1936 4255 βασιλέως,

361 4272 462 4324 καὶ
494 4267 646 4324 εἶπεν
666 4290 678 4302 ·
715 4273 786 4326 Τὸ
816 4275 1108 4345 μυστήριον
1129 4273 1158 4326 ὃ
1188 4276 1217 4327 6
1249 4273 1499 4343 βασιλεὺς
1525 4275 1800 4346 ἐπερωτᾷ,
1841 4276 1943 4330 οὐκ

362 4361 479 4415 ἐστι
511 4364 709 4432 σοφῶν,
762 4365 972 4434 μάγων,
1020 4365 1310 4432 ἐπαοιδῶν,
1359 4366 1684 4437 γαζαρηνῶν
1712 4366 1941 4438 δύναμις

364 4453 686 4522 ἀναγγεῖλαι
711 4455 788 4526 τῷ
824 4455 1051 4526 βασιλεῖ.

2054 1988 2230 2043 usque
2261 1973 2316 2028 in
2345 1973 2608 2030 saeulum
2639 1987 2653 2026 :
2691 1973 2821 2045 quia
2851 1974 3118 2045 sapientia
3170 1983 3225 2030 et
3274 1973 3632 2045 intelligentia

2053 2065 2174 2136 ejus
2200 2073 2348 2121 sunt.

2122 2155 2212 2210 2L
2251 2155 2318 2212 Et
2350 2155 2466 2227 ipse
2492 2164 2668 2212 mutat
2694 2166 2938 2228 tempora
2996 2165 3053 2214 et
3089 2166 3300 2224 aetates,
3346 2159 3634 2215 constituit

2051 2263 2208 2320 reges
2256 2256 2312 2304 et
2363 2248 2629 2316 destituit,
2666 2250 2802 2304 dans
2837 2249 3164 2320 sapientiam
3197 2249 3556 2320 sapientibus,
3575 2256 3632 2305 et

2051 2340 2398 2411 prudentiam
2429 2341 2858 2414 iutelligentibus
2884 2341 3253 2411 disciplinam.

2120 2433 2212 2488 22.
2257 2433 2377 2505 Ipse
2409 2433 2613 2490 revelat
2640 2431 2914 2503 profunda
2959 2441 3013 2488 et
3035 2432 3378 2500 abscondita,
3419 2447 3628 2505 cogno-

2051 2541 2212 2584 scens
2243 2541 2366 2598 quae
2386 2524 2442 2581 in
2473 2525 2732 2595 tenebris,
2756 2534 2811 2582 et
2841 2524 2935 2580 l-nx
2969 2539 3096 2581 cum
3119 2538 3190 2581 eo
3212 2533 3316 2581 est.

2121 2708 2211 2764 25.
2227 2707 2375 2774 Tibi,
2407 2706 2552 2764 Deus
2577 2714 2798 2779 patrum
2828 2721 3102 2772 meorum,
3137 2706 3404 2763 conﬁteor
3425 2713 3483 2760 et
3509 2705 3628 2759 lau-

2050 2801 2174 2857 dem
2201 2802 2293 2870 do,
2321 2801 2450 2872 quia
2495 2800 2818 2870 sapientiam
2884 2807 2939 2854 et
2993 2798 3366 2853 fortitudinem
3427 2794 3624 2852 dedisti

2050 2892 2206 2956 mihi,
2239 2901 2292 2947 et
2318 2904 2465 2945 nunc
2494 2889 2782 2944 ostendisti
2811 2887 2972 2952 mihi,
3031 2902 3152 2956 qua:
3208 2886 3523 2957 rogavimus
3549 2893 3619 2956 te,

2050 2991 2106 3038 et
2135 2982 2263 3052 quia
2294 2981 2558 3036 visionem
2586 2979 2728 3048 regis
2758 2987 2943 3032 notam
2982 2977 3162 3033 fecisti
3191 2977 3350 3037 mihi.

2118 3074 2209 3128 24.
2252 3073 2318 3127 Et
2345 3072 2526 3128 statim
2556 3071 2704 3126 venit
2733 3069 2923 3127 Daniel
2945 3069 3012 3130 ad
3045 3070 3265 3137 Arioch,
3299 3090 3460 3144 quem
3492 3089 3624 3131 cono

2051 3167 2308 3224 stituerat
2338 3181 2454 3230 rex,
2488 3171 2549 3219 ut
2594 3162 2846 3232 perderet
2903 3166 3174 3237 sapientes
3219 3165 3534 3238 Babylonis,
3571 3176 3627 3224 et

2049 3260 2186 3315 dixit
2220 3257 2302 3312 ei:
2334 3256 2620 3326 Sapientes
2647 3255 2942 3326 Babylonis
2973 3270 3043 3311 ne
3065 3256 3260 3326 perdas
3280 3297 3293 3322 ,
3325 3257 3420 3313 sed
3452 3257 3626 3311 intro.

2046 3351 2154 3406 due
2181 3365 2268 3404 me
2298 3348 2354 3402 in
2389 3355 2691 3416 conspectu
2715 3346 2883 3416 regis,
2911 3356 2966 3402 et
2987 3347 3358 3418 conjecturam
3389 3349 3624 3405 visionis

2049 3442 2287 3497 narrabo
2322 3440 2455 3512 regi.

2116 3532 2209 3588 25.
2251 3531 2406 3586 Tunc
2429 3531 2630 3586 Arioclt
2689 3529 2744 3584 in
2772 3529 3125 3586 festinatione
3164 3531 3469 3587 introduxit
3519 3531 3625 3589 Da-

2047 3622 2242 3678 nielem
2276 3622 2330 3676 in
2360 3631 2656 3692 conspectu
2696 3624 2858 3692 regis,
2893 3632 2948 3678 et
2991 3623 3131 3678 dixit
3184 3625 3268 3678 ei:
3320 3623 3502 3679 Inveni
3545 3625 3626 3678 vi-

2047 3728 2170 3767 rum
2207 3713 2274 3768 de
2300 3712 2428 3767 filiis
2459 3710 2788 3782 captivitatis
2811 3709 3036 3776 διώκω,
3067 3711 3160 3782 qui
3195 3711 3305 3782 regi
3348 3711 3626 3783 conjectu-

2048 3820 2166 3859 ram
2203 3804 2485 3860 indicabit.

2116 3894 2208 3949 26.
2255 3893 2321 3949 Et
2350 3895 2634 3964 respondit
2657 3910 2777 3960 rex,
2811 3905 2865 3950 et
2890 3895 3029 3951 dixit
3064 3895 3296 3960 Danieli,
3335 3895 3494 3966 cujus
3525 3910 3624 3950 no-

2047 3999 2171 4040 men
2207 3993 2327 4038 erat
2354 3985 2647 4039 Baltasar:
2708 3984 2765 4039 Si
2801 3993 2956 4055 potes
3009 3985 3144 4040 mihi
3198 3987 3439 4042 indicare
3478 4001 3626 4042 som-

2045 4079 2220 4141 nium,
2251 4077 2395 4146 quod
2422 4075 2552 4143 vidi,
2584 4086 2638 4131 ct
2662 4076 3158 4146 interpretationem
3183 4078 3343 4148 ejus?

2115 4169 2209 4223 27.
2247 4169 2317 4223 Et
2367 4168 2651 4238 respondit
2696 4167 2884 4223 Daniel
2913 4183 3101 4223 coram
3135 4185 3279 4239 rege,
3342 4179 3398 4226 et
3446 4171 3616 4226 dixit:

2046 4257 2385 4330 Mysterium,
2445 4260 2593 4329 quod
2648 4275 2738 4314 rex
2781 4260 3100 4329 interrogat,
3125 4275 3232 4315 non
3271 4270 3357 4315 est
3407 4261 3621 4329 sapien-

2045 4351 2203 4415 tium,
2237 4345 2544 4422 magorum,
2601 4351 2896 4405 ariolorum
2933 4391 2948 4418 ,
2997 4365 3393 4422 gazarenorum
3449 4354 3620 4410 virtus

2045 4441 2286 4498 indicare
2306 4439 2443 4512 regi.

434 4543 523 4598 28.
571 4545 711 4598 Ἀλλ’
766 4547 799 4617 ἦ
846 4549 963 4600 ἐστι
1009 4547 1142 4612 Θεὸς
1175 4550 1233 4602 ἐν
1277 4548 1491 4621 οὐρανῷ
1539 4551 1940 4605 ἀποκαλύπτων

2114 4534 2207 4593 28.
2251 4535 2356 4590 Sed
2382 4542 2470 4589 est
2530 4533 2674 4590 Deus
2705 4534 2760 4589 in
2791 4534 2933 4590 caelo
2987 4534 3236 4590 revelans
3261 4534 3541 4608 mysteria,
3567 4544 3620 4592 et

362 4638 660 4708 μυστήρια,
693 4639 790 4692 καὶ
813 4637 1080 4710 ἐγνώρισε
1119 4639 1195 4711 τῷ
1221 4640 1431 4711 βασιλεί
1467 4642 1940 4714 Ναϐουχοδονόσορ

358 4723 396 4778 ἃ
425 4724 505 4777 δεῖ
531 4726 785 4793 γενέσθαι
807 4728 894 4781 ἐπ’
917 4728 1166 4799 ἐσχάτων
1186 4730 1295 4783 τῶν
1320 4733 1353 4801 ή
1363 4732 1572 4803 μερῶν·
1604 4734 1665 4786 τὸ
1689 4733 1940 4787 ἐνύπνιόν

359 4833 474 4882 σου,
509 4820 604 4872 καὶ
637 4822 692 4873 αἱ
724 4821 941 4891 ὁράσεις
963 4823 1065 4892 τῆς
1097 4823 1340 4893 κεφαλῆς
1366 4841 1459 4878 σου
1499 4828 1594 4880 ἐπὶ
1625 4827 1726 4898 τῆς
1752 4828 1941 4898 κοίτης

357 4925 476 4973 σου,
506 4910 776 4967 τουτέστι.

427 5022 516 5077 29.
541 5023 792 5091 Baetin-:6,
825 5028 874 5080 οἰ
895 5027 1234 5098 διαλογισμοί
1261 5044 1354 5083 σου
1376 5029 1471 5082 ἐπὶ
1499 5032 1596 5100 τῆς
1629 5031 1815 5103 κοίτης
1845 5048 1936 5086 σου

354 5114 650 5186 ἀνέϐησαν,
678 5117 731 5170 τί
767 5119 850 5172 δεῖ
877 5119 1129 5189 γενέσθαι
1158 5120 1298 5190 μετά
1321 5121 1518 5175 ταῦτα’
1551 5124 1646 5176 καὶ
1674 5124 1702 5176 ό
1729 5123 1938 5178 ἀποκα-

353 5203 574 5262 λύπτων
611 5210 906 5281 μυστήρια,
936 5211 1200 5282 ἐγνώρισὲ
1230 5229 1312 5266 σοι
1331 5212 1368 5267 ἀ
1398 5213 1478 5266 δεῖ
1515 5213 1792 5282 γενέσθαι.

418 5316 510 5378 50.
542 5321 655 5375 Kal
680 5322 804 5393 ἐμοί
823 5324 925 5378 οὐκ
953 5326 1010 5378 ἐν
1043 5324 1205 5396 σοφίᾳ
1234 5327 1301 5398 τῇ
1321 5323 1456 5397 οῠσῃ
1485 5325 1609 5397 ἐμοὶ
1630 5326 1782 5399 παρὰ
1806 5328 1935 5382 πάν-

349 5426 448 5475 τας
479 5412 608 5476 τοὺς
646 5413 856 5480 ζῶντας
904 5417 967 5470 τὸ
1012 5419 1312 5490 μυστήριον
1342 5417 1503 5472 τοῦτο
1543 5418 1929 5491 ἀπεκαλύφθη,

348 5504 465 5557 ἀλλ’
489 5505 673 5560 ἕνεκεν
705 5509 799 5562 τοῦ
825 5511 924 5582 τὴν
954 5509 1241 5583 σύγκρισιν
1275 5513 1351 5584 τῷ
1395 5512 1604 5583 βασιλεῖ
1641 5513 1930 5584 γνωρίσαι,

348 5598 444 5649 καὶ
473 5597 561 5652 ἴνα
584 5600 725 5671 γνῷς
753 5603 879 5666 τοὺς
904 5603 1287 5675 διαλογισμοὺς
1312 5606 1412 5674 τῆς
1443 5603 1670 5674 καρδίας
1709 5621 1823 5657 σου·

419 5711 617 5776 31.Σϋ,
646 5713 888 5783 βασιλεύ,
920 5714 1196 5786 ἐθεώρεις,
1233 5719 1328 5772 καὶ
1369 5717 1478 5771 ἰδοὺ
1512 5715 1674 5770 εἰκὼν
1704 5715 1800 5786 μία
1832 5733 1930 5786 με·

355 5803 489 5875 γάλη
523 5805 710 5877 πολλή·
744 5808 778 5876 ή
803 5807 966 5861 εἰκὼν
989 5807 1171 5878 ἐκείνη
1209 5810 1440 5879 μεγάλη,
1471 5811 1565 5863 καὶ
1598 5810 1630 5879 ἡ
1662 5807 1925 5876 πρόσοψις

666 5900 939 5961 Ρηιιοι..
985 5901 1100 5962 Gn.
1152 5901 1318 5962 ΧΠ.

2045 4639 2175 4682 nota
2198 4625 2329 4684 fecit
2358 4626 2470 4697 regi
2496 4624 3038 4692 Nabuchodonosor,
3092 4644 3216 4698 quae
3265 4638 3480 4699 oportet
3505 4629 3618 4684 fieri

2044 4720 2100 4773 in
2129 4719 2445 4776 novissimis
2473 4720 2687 4775 diebus.
2726 4718 3013 4777 Somnium
3063 4730 3241 4785 tuum,
3283 4729 3338 4776 et
3383 4721 3620 4778 visiones

2043 4811 2236 4882 capitis
2263 4814 2339 4866 tui
2372 4812 2425 4866 in
2455 4812 2707 4867 cubiculo
2735 4821 2852 4879 tuo,
2891 4813 3004 4868 haec
3043 4823 3190 4868 sunt.

2113 5031 2204 5087 29.
2248 5031 2293 5088 Ο
2328 5047 2418 5087 rex
2449 5072 2463 5098 ,
2519 5033 2881 5104 cogitationes
2941 5042 3045 5086 tuae
3109 5032 3162 5086 in
3223 5033 3478 5089 cubiculo
3523 5043 3618 5092 tuo

2041 5127 2432 5190 ascenderunt,
2458 5125 2589 5196 quid
2617 5125 2860 5180 futurum
2893 5125 2965 5179 sit
2995 5134 3115 5196 post
3150 5125 3298 5180 haec:
3324 5135 3377 5180 rt
3414 5129 3507 5198 qui
3534 5145 3616 5184 re-

2040 5218 2187 5274 velat
2219 5217 2500 5289 mysteria,
2525 5216 2761 5271 ostendit
2793 5216 2909 5281 tibi,
2943 5231 3064 5286 quas
3099 5225 3311 5286 Oportet
3338 5217 3473 5272 tieri.

2111 5331 2201 5389 30.
2245 5327 2310 5387 Et
2337 5327 2470 5387 mihi
2517 5345 2625 5385 non
2671 5331 2726 5387 in
2760 5330 3048 5400 sapientia,
3079 5345 3201 5400 qum
3235 5331 3307 5387 sit
3334 5332 3467 5387 mihi
3507 5348 3619 5404 pra:

2039 5425 2295 5481 omnibus
2329 5423 2657 5488 viventibus,
2700 5422 3017 5493 mysterium
3039 5423 3143 5478 hoc
3178 5425 3472 5480 revelatum
3503 5435 3616 5481 est:

2038 5516 2134 5570 sed
2170 5525 2230 5569 ut
2263 5514 2766 5585 interpretationem
2830 5513 2942 5584 regi
2989 5513 3337 5572 manifestam
3395 5515 3614 5580 faciam,

2035 5615 2089 5663 et
2121 5616 2178 5662 ut
2205 5609 2346 5664 scias
2380 5608 2736 5680 cogitationes
2765 5608 2947 5664 cordis
2981 5607 3078 5663 tui.

2105 5719 2192 5770 El.
2236 5717 2338 5784 Tu,
2368 5734 2484 5781 rex,
2520 5717 2766 5790 videbas,
2785 5728 2838 5775 et
2868 5734 2994 5775 ecce
3037 5719 3216 5790 imago
3263 5736 3367 5774 una
3415 5735 3610 5790 magna

2035 5808 2218 5872 nimis;
2263 5808 2441 5878 imago
2471 5806 2559 5860 illa
2599 5821 2817 5874 magna,
2861 5817 2914 5863 et
2947 5819 3199 5877 aspectus
3232 5810 3404 5880 ipsius
3449 5811 3614 5864 subti-

3241 5901 3318 5958 90
