4064 6424
365 363 510 422 2847

1426 349 1680 408 υΑΝιΕι.
1717 346 1945 408 JUXTA
1985 345 2532 406 THEODOTIONEM

3494 345 3640 402 2848

365 483 508 551 mis;
545 489 696 537 stans
719 485 844 533 ante
871 475 1067 532 faciem
1091 482 1262 541 tuam,
1315 480 1371 529 et
1393 471 1538 528 visio
1568 470 1690 542 ejus
1735 469 1953 526 terribi-

2089 467 2228 538 ύτῆς
2252 466 2589 540 ύπερφερὴς,
2623 467 2838 524 ἐστῶσα
2864 467 2973 541 πρὸ
3003 466 3298 542 προσώπου
3333 484 3452 535 σου,
3483 472 3583 525 καὶ
3609 474 3642 544 ἡ

363 575 457 631 lis.

433 665 524 719 52.
566 661 772 732 imago,
811 659 972 730 cujus
1001 666 1167 729 caput
1196 666 1317 713 erat
1355 670 1423 711 ex
1455 669 1593 710 auro
1630 669 1795 726 puro,
1828 669 1947 709 ma-

362 771 490 819 nus,
517 763 573 810 et
603 762 818 825 pectus,
861 761 918 808 et
973 751 1200 807 brachia
1264 749 1386 819 ejus
1429 756 1706 820 argentea,
1760 755 1950 803 venter

361 854 418 901 et
449 844 655 900 femora
679 858 841 899 aerea.

434 939 523 994 55.
562 937 631 995 Et
667 939 814 992 tibiae
851 934 1060 1002 ferreae,
1088 931 1276 1005 pedes,
1332 944 1461 1001 pars
1493 930 1744 1002 quaedam
1792 928 1948 998 ferri,

362 1047 492 1102 pars
523 1039 705 1086 autem
735 1036 910 1084 testae.

433 1122 525 1178 54.
573 1122 828 1187 Videbas,
855 1119 1030 1174 donec
1063 1118 1340 1174 abscissus
1373 1125 1458 1173 est
1495 1115 1564 1171 de
1601 1122 1787 1169 monte
1811 1112 1952 1183 lapis

367 1215 486 1270 sine
513 1214 801 1270 manibus:
827 1220 881 1266 et
907 1211 1182 1282 percussit
1229 1210 1524 1281 imaginem
1580 1222 1748 1278 super
1786 1206 1952 1277 pedes

366 1307 600 1375 ferreos,
639 1315 694 1362 et
719 1305 957 1377 ﬁglinos,
1001 1313 1056 1360 et
1085 1304 1410 1362 comminuit
1451 1319 1549 1361 eos
1575 1303 1647 1359 ad
1690 1302 1876 1358 ﬁnem.

437 1483 528 1539 55.
572 1482 728 1538 Tunc
755 1482 1093 1538 comminuta
1121 1492 1251 1539 sunt
1279 1481 1487 1553 pariter
1528 1481 1754 1545 ferrum,
1788 1486 1949 1543 testa,

364 1589 458 1640 trs,
495 1583 805 1644 argentum,
835 1590 1055 1641 aurum,
1089 1583 1145 1630 et
1176 1574 1318 1629 facta
1344 1579 1475 1629 sunt
1503 1571 1660 1642 quasi
1681 1570 1860 1641 pulvis
1886 1569 1954 1624 de

365 1682 490 1722 area
524 1667 734 1732 aestiva,
771 1675 827 1722 et
864 1667 1091 1724 sustulit
1129 1681 1254 1722 eum
1302 1665 1592 1721 multitudo
1617 1663 1859 1733 spiritus,
1899 1669 1955 1716 ct

366 1761 548 1816 omnis
567 1760 723 1816 locus
751 1775 863 1815 non
887 1768 972 1816 est
995 1760 1252 1815 inventus
1279 1758 1359 1814 eis
1389 1774 1402 1810 :
1443 1765 1497 1812 et
1524 1755 1792 1827 lapis,qui
1829 1769 1951 1824 per-

2050 560 2243 629 ὃρασις
2264 559 2435 629 αὐτῆς
2463 558 2692 630 φοὸερά.

2121 650 2212 705 52.
2239 649 2438 716 Είκὼν,
2471 645 2539 723 ἦς
2565 653 2599 722 ή
2632 650 2846 723 κεφαλὴ
2876 652 3100 724 χρυσίου
3131 651 3372 724 καθαροῦ
3392 694 3407 719 ,
3439 653 3500 706 αἰ
3533 655 3647 724 χεῖ-

2055 759 2168 814 ρες,
2201 743 2297 795 καὶ
2320 743 2382 796 τὸ
2407 741 2622 814 στῆθος,
2659 745 2757 798 καὶ
2795 745 2846 798 οἰ
2878 743 3166 816 βραχίονες
3195 746 3369 828 αὐτῆς
3388 745 3643 818 ἀργυροῖ,

2049 837 2083 906 ἡ
2115 833 2290 887 κοιλία
2323 836 2418 888 καὶ
2445 838 2495 888 οἰ
2530 840 2697 906 μηροὶ
2718 836 2929 906 χαλκοῖ.

2123 924 2214 980 55.
2253 925 2365 978 Kal
2402 925 2460 976 al
2482 926 2692 996 κνῆμαι
2723 925 2965 996 σιδηραῖ,
2990 927 3044 978 οἰ
3070 925 3228 991 πόδες
3258 925 3426 998 μέρος
3463 927 3564 998 μέν
3594 943 3648 980 τι

2055 1013 2299 1085 σιδήρου,
2334 1014 2504 1084 μέρος
2532 1015 2590 1068 δέ
2619 1032 2673 1068 τι
2695 1015 2992 1085 ὀστράκου.

2123 1107 2213 1162 54.
2262 1106 2549 1179 Ἐθεὼρεις
2586 1107 2693 1171 ἕως
2723 1107 2846 1161 ὅτου
2885 1107 3193 1179 ἀπεσχίσθη
3231 1107 3339 1161 ἀπὸ
3383 1108 3545 1180 δρους
3572 1107 3652 1162 λί-

2055 1197 2149 1260 θος
2194 1197 2323 1251 ἄνευ
2353 1198 2574 1270 χειρῶν,
2623 1199 2720 1252 καὶ
2768 1197 3008 1264 ἐπάταξε
3033 1201 3133 1269 τὴν
3166 1199 3352 1253 εἰκόνα
3391 1200 3487 1252 ἐπὶ
3523 1201 3650 1263 τοὺς

2057 1289 2228 1354 πόδας
2257 1292 2384 1356 τοὺς
2413 1291 2688 1360 σιδηροῦς,
2725 1293 2821 1346 καί
2853 1291 3211 1364 ὀστρακίνους
3236 1332 3250 1357 ,
3290 1292 3388 1345 καὶ
3425 1291 3651 1347 ἐλέπτυ-

2055 1399 2146 1438 νεν
2177 1384 2376 1449 αὐτοὺς
2407 1388 2488 1449 εἰς
2507 1388 2686 1450 τέλος.

2127 1479 2218 1534 55.
2267 1480 2402 1534 Τότε
2449 1481 2865 1554 ἐλεπτύνθησαν
2911 1481 3148 1549 εἰσάπαξ
3192 1484 3222 1538 6
3277 1484 3495 1555 σίδηρος
3526 1527 3541 1552 ,
3587 1488 3652 1542 τὸ

2053 1569 2343 1642 ὄστρακον,
2370 1574 2398 1626 6
2441 1573 2662 1643 χαλκὸς,
2698 1573 2726 1627 6
2759 1573 3022 1646 ἄργυρος,
3069 1577 3098 1630 6
3131 1577 3358 1646 χρυσός·
3391 1578 3487 1630 καὶ
3527 1576 3651 1644 ἐγέ-

2054 1675 2206 1715 νοντο
2223 1662 2356 1716 ὡσεὶ
2386 1663 2663 1735 κονιορτὸς
2683 1664 2794 1718 ἀπὸ
2820 1663 3027 1728 ἅλωνος
3054 1665 3275 1738 θερινῆς
3293 1683 3306 1697 ο
3326 1666 3423 1720 καὶ
3454 1666 3652 1739 ἐξῆρεν

2056 1753 2222 1807 αὐτὸν
2249 1754 2311 1808 τὸ
2334 1754 2540 1824 πλῆθος
2572 1753 2668 1809 τοῦ
2693 1757 3026 1826 πνεύματος,
3048 1759 3146 1812 καὶ
3180 1761 3248 1827 >κ
3280 1760 3387 1821 πᾶς
3404 1758 3461 1830 /.
3485 1759 3653 1822 τόπος

366 1861 615 1910 cusserat
639 1852 932 1923 imaginem
960 1851 1136 1908 factus
1169 1860 1252 1908 est
1277 1852 1331 1906 in
1373 1861 1617 1906 montem
1654 1863 1912 1920 magnum
1937 1886 1953 1913 ,

2089 1844 2157 1915 ύχ
2183 1845 2382 1918 εὑρέθη
2409 1848 2616 1913 αὐτοῖς,
2647 1847 2742 1900 καὶ
2764 1849 2794 1900 6
2811 1847 2961 1912 λίθος
2981 1851 3009 1902 6
3043 1848 3294 1915 πατάξας
3336 1850 3435 1921 τὴν
3468 1851 3652 1905 εἰκόνα

365 1957 422 2002 et
446 1945 694 2014 implevit
724 1946 1039 2001 universam
1071 1955 1296 2001 terram.
1346 1964 1364 1984 ο

436 2035 526 2090 56.
575 2035 690 2092 Hoc
723 2044 810 2092 est
835 2037 1110 2092 somnium
1147 2050 1162 2089 :
1211 2045 1265 2092 et
1299 2033 1803 2106 interpretationem
1827 2033 1948 2103 ejus

364 2128 612 2184 dicemus
644 2144 830 2185 coram
868 2139 1014 2201 rege.

435 2223 526 2278 57.
569 2222 675 2289 Tu,
701 2240 796 2279 rex
842 2224 1161 2295 regum,cni
1194 2223 1336 2279 Deus
1367 2222 1494 2278 cmli
1524 2235 1754 2293 regnum
1781 2219 1946 2286 forte,

364 2323 418 2368 ct
439 2313 703 2382 validum,
732 2324 787 2371 et
813 2314 1142 2371 honoratum
1175 2313 1325 2371 dedit
1349 2315 1403 2370 in
1427 2313 1580 2369 omni
1603 2313 1746 2368 loco.

436 2490 526 2546 58.
565 2489 672 2545 Ubi
706 2491 953 2547 habitant
981 2491 1075 2547 lilii
1123 2491 1451 2556 hominum;
1504 2489 1708 2546 bestias
1741 2483 1949 2559 pariter

2055 1937 2274 2003 ἐγένετο
2299 1939 2378 2002 εἰς
2397 1939 2524 2010 ὅρος
2549 1939 2716 2010 μέγα,
2740 1940 2838 1995 καὶ
2868 1940 3157 2014 ἐπλήρωσε
3186 1944 3368 1997 πᾶσαν
3399 1943 3500 2014 τὴν
3523 1943 3650 2014 γῆν.

2127 2027 2218 2084 56.
2253 2030 2426 2084 Τοῦτό
2446 2032 2564 2084 ἐστι
2591 2031 2653 2086 τὸ
2674 2031 2949 2099 ἐνύπνιον,
2975 2035 3074 2087 καὶ
3104 2034 3204 2106 τὴν
3238 2034 3526 2108 σύγκρισιν
3553 2035 3657 2090 αύ-

2055 2120 2152 2174 τοῦ
2177 2121 2409 2193 ἐροῦμεν
2438 2123 2671 2198 ἐνώπιον
2702 2124 2797 2178 τοῦ
2833 2125 3118 2197 βασιλέως.

2129 2214 2221 2270 57.
2245 2214 2340 2278 Σὺ,
2371 2214 2595 2286 βασιλεῦ
2635 2216 2922 2288 βασιλέων,
2946 2213 2991 2288 ᾧ
3032 2221 3063 2274 6
3113 2216 3247 2285 Θεὸς
3290 2217 3386 2276 τοῦ
3420 2221 3654 2294 ούρανοῦ

2059 2304 2340 2376 βασιλείαν
2372 2309 2624 2380 ἰσχυρὰν,
2650 2310 2748 2364 καὶ
2777 2310 3066 2383 κραταιάν,
3097 2313 3195 2367 καὶ
3217 2312 3434 2386 ἔντιμον
3452 2312 3656 2371 ἔδωκεν

2058 2398 2117 2452 ἐν
2144 2399 2311 2452 παντί
2345 2399 2518 2472 τόπῳ.

2128 2488 2219 2544 58.
2253 2490 2429 2542 Ὅπου
2461 2489 2812 2544 κατοικοῦσιν
2845 2491 2898 2545 οἰ
2931 2492 3038 2544 υίοὶ
3057 2490 3166 2547 τῶν
3184 2491 3490 2564 ἀνθρώπων
3512 2513 3526 2526 ·
3557 2496 3656 2568 θη-

369 2582 506 2652 agri,
537 2591 591 2637 et
607 2581 860 2637 volucres
883 2581 1029 2649 coeli,
1048 2590 1102 2636 et
1128 2581 1307 2652 pisces
1336 2581 1506 2636 maris
1529 2580 1678 2636 dedit
1703 2581 1756 2633 in
1782 2594 1948 2633 manu

2089 2577 2153 2631 ιία
2176 2594 2235 2631 τε
2258 2577 2453 2649 ἀγροῦ,
2489 2579 2586 2632 καὶ
2620 2580 2843 2633 πετεινὰ
2875 2577 3106 2650 ούρανοῦ
3127 2621 3141 2646 ,
3187 2582 3284 2635 καὶ
3316 2581 3505 2650 ἰχθύας
3551 2584 3652 2638 θα-

368 2681 484 2736 tua,
515 2682 569 2728 et
601 2673 889 2730 constituit
905 2682 957 2728 te
983 2673 1268 2729 dominum
1289 2673 1556 2728 omnium.
1584 2670 1667 2727 Tu
1692 2685 1752 2726 es
1787 2677 1952 2741 caput

2093 2669 2264 2740 άσσης
2316 2669 2516 2723 ἔδωκεν
2562 2670 2622 2723 ἐν
2662 2671 2732 2740 τῇ
2789 2669 2932 2742 χειρί
2963 2687 3079 2736 σου,
3117 2670 3215 2724 καὶ
3256 2671 3565 2744 κατέστησέ
3597 2693 3658 2728 σε

367 2779 617 2819 aureum.
2061 2759 2253 2831 κύριον
2275 2761 2524 2816 πάντωνο
2554 2760 2620 2814 σὺ
2645 2761 2748 2832 εῐὴ
2782 2761 2994 2834 κεφαλὴ
3035 2765 3068 2834 ἡ
3098 2764 3303 2835 χρυσῆ.

439 2854 532 2910 59.
570 2853 638 2908 Ει
667 2862 794 2925 post
821 2863 872 2910 te
894 2861 1189 2927 consurget
1210 2869 1437 2924 regnum
1457 2852 1606 2908 aliud
1640 2853 1821 2907 minus
1863 2860 1947 2906 te:

2129 2855 2220 2911 59.
2253 2857 2366 2910 Kal.
2401 2855 2580 2909 ὀπίσω
2633 2871 2729 2908 σου
2779 2856 3146 2927 ἀναστήσεται
3195 2855 3445 2928 βασιλεία
3491 2857 3650 2930 ἑτέρα

367 2954 422 3000 et
444 2958 670 3015 regnum
703 2943 945 3013 tertium,
997 2947 1148 3017 quod
1204 2954 1299 3002 est
1329 2959 1426 3013 aes,
1458 2943 1609 3015 quod
1662 2943 1954 3014 imperabit

2089 2962 2240 3016 γττων
2272 2963 2386 3012 σου,
2417 2949 2515 3000 καί
2546 2948 2794 3018 βασιλεία
2840 2951 3024 3022 τρίτη,
3063 2951 3098 3022 ἥ
3127 2951 3278 3005 ἐστιν
3311 2953 3340 3006 6
3362 2952 3580 3024 χαλκὸς,
3615 2953 3652 3025 ἢ

370 3035 644 3091 universae
675 3043 855 3091 terra-3.

2089 3035 2344 3108 ιυριεύσει
2373 3036 2557 3108 πάσης
2587 3037 2690 3110 τῆς
2711 3040 2838 3111 γῆς.

439 3125 530 3181 40.
569 3125 637 3180 Et
669 3142 898 3197 regnum
933 3135 1187 3198 quartum
1211 3127 1316 3184 erit
1349 3127 1490 3184 forte
1519 3128 1690 3184 veluti
1717 3127 1949 3184 ferrum:

2129 3125 2218 3182 40.
2255 3127 2368 3180 Kal
2397 3125 2650 3197 βασιλεία
2684 3129 2922 3201 τετάρτη
2959 3128 3110 3184 ἐσται
3160 3130 3356 3204 ἰσχυρὰ
3384 3132 3462 3196 ὡς
3506 3132 3660 3204 σίδη-

371 3217 648 3288 quomodo
681 3218 826 3272 enim
868 3207 1075 3273 ferrum
1138 3219 1465 3275 comminuit
1523 3228 1579 3277 et
1633 3219 1842 3287 domat,
1879 3219 1958 3275 sic

2089 3233 2185 3282 voc'
2217 3217 2277 3272 6v
2305 3186 2507 3289 τρόπον
2529 3219 2639 3290 γὰρ
2667 3221 2695 3274 6
2719 3186 2939 3292 σίδηρος
2961 3186 3345 3278 λεπύνειῆκαὶ
3397 3186 3658 3295 δάμάζεί,

369 3311 561 3366 omnia
587 3312 922 3366 comminuet
954 3320 1008 3366 et
1044 3311 1307 3368 domabit.

2089 3309 2238 3374 ιῦτως
2261 3309 2440 3364 πάντα
2472 3309 2726 3364 λεπτυνεῖ
2747 3312 2844 3366 καὶ
2882 3312 3136 3383 δαμάσει.

442 3402 534 3458 41.
579 3401 646 3458 Ει
679 3403 805 3474 quia
838 3403 1024 3460 vidisti
1055 3405 1240 3474 pedes,
1273 3412 1328 3460 et
1353 3403 1573 3476 digitos,
1601 3411 1810 3474 partem
1833 3403 1960 3474 qui-

2134 3403 2222 3457 “.
2264 3403 2377 3456 Kal
2409 3403 2492 3456 ὅτι
2519 3398 2660 3467 εἶδες
2690 3404 2819 3468 τοὺς
2841 3405 3029 3473 πόδας,
3067 3407 3158 3460 καὶ
3193 3405 3319 3470 τοὺς
3336 3404 3660 3471 δακτύλους,

374 3495 497 3551 dem
528 3495 768 3567 aliquam
803 3495 954 3562 ferri,
1011 3505 1224 3568 partem
1261 3511 1394 3552 vero
1429 3497 1724 3568 quamdam
1781 3504 1958 3563 testae,

2089 3494 2234 3564 ιέρος
2262 3493 2363 3564 μέν
2384 3510 2438 3548 τι
2463 3492 2706 3566 σιδήρου,
2736 3495 2902 3567 μέρος
2925 3495 2982 3549 δέ
3000 3513 3054 3549 τι
3081 3498 3376 3568 ὀστράκου,
3408 3496 3660 3568 βασιλεία

374 3602 603 3660 regnum
631 3588 872 3644 divisum
907 3588 1014 3644 erit
1036 3589 1094 3643 in
1147 3604 1227 3654 se,
1276 3588 1742 3659 quemadmodum
1769 3587 1958 3643 vidisti

2089 3586 2371 3658 ίιῃρημένη
2392 3585 2544 3640 ἐσται
2573 3589 2632 3641 ἐν
2661 3588 2823 3660 αὐτῇ,
2855 3588 2916 3643 ὃν
2947 3589 3150 3662 τρόπον
3173 3585 3314 3654 εἶδες
3334 3589 3426 3645 τὸν
3443 3589 3664 3662 σίδηρον

375 3677 582 3735 ferrum
617 3680 976 3735 commixtum
1008 3688 1160 3736 testae
1193 3680 1372 3737 luteas.

2089 3677 2514 3749 ιναμεμιγμένον
2549 3678 2628 3750 τῷ
2654 3679 2911 3752 ὀστράκῳ
2943 3681 3022 3753 τῷ
3052 3681 3282 3753 πηλίνῳ.

445 3771 538 3826 42.
582 3772 648 3825 Et
678 3770 831 3840 digiti
871 3771 1070 3841 pedum
1102 3786 1230 3841 pars
1282 3771 1531 3842 quaedam
1581 3769 1758 3827 ferrea
1783 3811 1799 3838 ,
1835 3785 1964 3840 pars

380 3875 564 3922 autem
593 3863 847 3935 quaedam
881 3863 1035 3935 regni
1065 3865 1173 3921 erit
1233 3863 1411 3935 fortis,
1450 3873 1504 3921 et
1535 3864 1604 3921 de
1659 3878 1728 3922 eo
1771 3872 1964 3919 conte-

380 3969 552 4025 retur.

450 4055 542 4110 45.
583 4053 650 4110 Et
675 4053 804 4125 quia
832 4053 1016 4108 vidisti
1049 4051 1254 4109 ferrum
1285 4049 1961 4116 admixtumtestaluteae,

381 4147 667 4204 commixti
701 4156 865 4203 erunt
916 4147 972 4202 in
1027 4147 1236 4203 semine
1273 4143 1584 4208 hominum,
1643 4150 1698 4198 et
1729 4157 1838 4196 non
1877 4141 1967 4195 ad-

2138 3769 2231 3824 42.
2273 3770 2387 3823 Kal
2411 3771 2461 3823 oi
2483 3770 2738 3825 δάκτυλοι
2768 3771 2878 3826 τῶν
2908 3773 3085 3827 ποδῶν
3114 3773 3281 3845 μέρος
3310 3772 3408 3843 μέν
3424 3789 3478 3826 τι
3511 3773 3664 3845 σιδη-

2067 3861 2220 3936 ροῦν,
2251 3862 2418 3934 μέρος
2447 3861 2505 3915 δέ
2540 3880 2593 3916 τι
2624 3864 2725 3935 τῆς
2766 3864 3048 3934 βασιλείας
3082 3863 3238 3919 ἔσται
3282 3864 3525 3937 ἰσχυρὸν,
3566 3865 3665 3920 καὶ

2067 3953 2163 4008 ἀπ’
2187 3953 2358 4024 αὐτῆς
2378 3953 2532 4007 ἐσται
2567 3955 3011 4027 συντριϐόμενον.

2138 4047 2229 4101 45.
2275 4048 2386 4101 Kal.
2412 4049 2494 4102 ὅτι
2535 4043 2676 4112 εἶδες
2705 4046 2796 4101 τὸν
2834 4048 3055 4120 σίδηρον
3105 4048 3554 4120 ἀναμεμιγμένον
3586 4047 3666 4118 τῷ

2068 4139 2325 4212 ὀστράκῳ
2353 4141 2431 4210 τῷ
2455 4140 2688 4210 πηλίνῳ,
2725 4143 3022 4211 συμμιγεῖς
3055 4140 3269 4195 ἔσονται
3291 4143 3348 4194 ἐν
3382 4141 3664 4213 σπέρματι

2070 4231 2398 4302 ἀνθρώπων,
2449 4233 2546 4287 καί
2587 4233 2688 4286 ούκ
2716 4231 2945 4293 ,ἔσονται
2993 4231 3468 4304 προσκολλώμενοι
3509 4228 3666 4296 οὗτος

2073 4325 2214 4398 μετὰ
2246 4325 2460 4390 τούτου,
2497 4323 2680 4389 καθὼς
2706 4326 2735 4378 6
2761 4324 2983 4396 σίδηρος
3016 4327 3118 4379 ούκ
3137 4325 3503 4397 ἀναμίγνυται
3525 4325 3666 4396 μετὰ

383 4241 667 4297 haerebunt
697 4239 832 4295 alter
861 4238 1041 4303 alteri,
1096 4237 1240 4295 sicut
1293 4235 1502 4292 ferrum
1541 4249 1652 4290 non
1702 4233 1968 4289 miscetur

384 4349 507 4388 cum
542 4342 701 4389 testa.

2068 4418 2165 4472 τοῦ
2191 4417 2486 4489 ὀστράκου.

454 4510 547 4565 AM.
591 4510 658 4563 Et
687 4508 742 4562 in
773 4508 968 4565 diebus
994 4523 1182 4580 regum
1227 4507 1450 4563 illorum
1494 4505 1786 4563 suscitabit
1820 4504 1961 4560 Deus

2138 4510 2230 4565 44.
2262 4510 2375 4563 Kal.
2434 4511 2493 4562 ἐν
2537 4509 2660 4572 ταῖς
2699 4506 2938 4580 ἡμέραις
2977 4507 3086 4562 τῶν
3127 4507 3392 4577 βασιλέων
3439 4506 3669 4561 ἐκείνων

389 4603 510 4659 coeli
553 4614 805 4672 regnum,
865 4600 1093 4670 quodin
1131 4601 1331 4656 saecula
1393 4614 1504 4655 non
1563 4599 1961 4670 dissipabitur:

2089 4602 2369 4672 Ιιναστήσει
2406 4602 2435 4654 6
2475 4600 2608 4664 Θεὸς
2646 4600 2740 4654 τοῦ
2793 4600 3026 4672 ούρανοῦ
3083 4599 3388 4671 βασιλείαν,
3434 4601 3558 4670 ἥτις
3586 4600 3668 4662 εἰς

392 4704 447 4751 et
468 4711 694 4764 regnum
729 4694 848 4765 ejus
874 4693 1080 4765 populo
1106 4693 1259 4749 alteri
1290 4709 1402 4749 non
1435 4693 1708 4760 tradetur;
1740 4691 1961 4747 commi-

2089 4693 2198 4756 τοὺς
2227 4692 2429 4756 αἰῶνας
2468 4693 2530 4746 οὐ
2557 4692 3009 4764 διαφθαρήσεται,
3038 4693 3135 4746 καὶ
3164 4695 3197 4763 ή
3223 4691 3474 4762 βασιλεία
3499 4689 3667 4744 αὐτοῦ

386 4797 524 4844 nuet
573 4797 627 4844 et
653 4787 938 4843 ventilabit
962 4786 1219 4842 universa
1271 4800 1456 4857 regna,
1493 4793 1549 4842 et
1591 4785 1770 4855 ipsum
1806 4781 1961 4840 stabit

2089 4784 2183 4857 ιαῷ
2208 4786 2383 4857 ἐτέρῳ
2411 4786 2510 4856 οὐχ
2542 4785 3019 4856 ὕπολειφθήσεται·
3043 4785 3300 4838 λεπτυνεί
3348 4785 3441 4838 καὶ
3470 4782 3670 4853 λικμή-

388 4883 445 4938 in
472 4881 695 4938 saecula.
2075 4897 2159 4933 σει
2189 4879 2368 4942 πάσας
2391 4879 2494 4943 τὰς
2530 4877 2831 4948 βασιλείας,
2863 4879 2957 4932 καὶ
3000 4877 3142 4949 αῦτη
3181 4877 3547 4949 ἀναστήσεται
3586 4878 3671 4940 εἰς

2074 4976 2202 5036 τοὺς
2240 4972 2466 5035 αἰῶνας.

2146 5065 2237 5122 45.
2273 5063 2370 5118 Ὃν
2395 5063 2596 5135 τρόπον
2631 5056 2791 5128 εἶδες,
2820 5062 2901 5115 ὄτι
2936 5060 3046 5115 ἀπὸ
3073 5060 3235 5132 ὅρους
3269 5059 3483 5130 ἐτμήθη
3516 5057 3667 5122 λίθος

2075 5157 2206 5211 ἄνευ
2229 5155 2449 5228 χειρῶν,
2480 5155 2576 5209 καὶ
2598 5154 2856 5208 ἐλέπτυνε
2877 5153 2937 5206 τὸ
2961 5153 3228 5224 ὄστρακον
3247 5191 3260 5215 ,
3292 5151 3386 5206 τὸν
3424 5151 3666 5220 σίδηρον,

2077 5250 2167 5304 τὸν
2201 5248 2424 5320 χαλκὸν,
2443 5249 2535 5301 τὸν
2565 5248 2827 5318 ἄργυρον,
2849 5245 2940 5299 τὸν
2971 5245 3201 5316 χρυσόν·
3225 5247 3253 5297 6
3280 5243 3413 5307 Θεὸς
3434 5246 3462 5296 6
3489 5243 3671 5313 μέγας

2078 5338 2344 5412 ἐγνώρισε
2369 5339 2448 5410 τῷ
2479 5337 2688 5409 βασιλεί
2710 5337 2747 5392 ὃ.
2773 5337 2854 5390 δεῖ
2877 5335 3129 5405 γενέσθαι
3173 5335 3312 5406 μετὰ
3343 5333 3547 5388 ταῦτα’
3571 5334 3672 5388 καὶ

2079 5431 2335 5505 ἀληθινὸν
2369 5432 2430 5486 τὸ
2467 5431 2743 5495 ἐνύπνιον,
2767 5431 2864 5483 καὶ
2897 5431 3062 5499 πιστὴ
3095 5430 3128 5497 ή
3157 5427 3446 5498 σύγκρισις
3475 5425 3665 5481 αὑτοῦ.

2149 5523 2240 5578 46.
2281 5513 2416 5577 Τότε
2456 5523 2483 5575 6
2520 5521 2773 5592 βασιλεὺς
2816 5518 3288 5590 Ναϐουχοδονόσορ
3340 5517 3540 5570 ἔπεσεν
3570 5516 3673 5569 ἐπὶ

459 5055 550 5112 45.
595 5055 752 5112 Sicut
781 5055 986 5128 vidisti,
1020 5057 1166 5129 quod
1232 5055 1296 5111 de
1351 5065 1539 5111 monte
1569 5054 1848 5111 abscissus
1889 5064 1974 5110 est

389 5149 531 5218 lapis
557 5150 676 5205 sine
699 5149 978 5216 manibus,
999 5156 1052 5204 et
1070 5148 1479 5204 comminuebat
1495 5154 1716 5214 testam,
1742 5146 1971 5212 ferrum,

392 5259 487 5308 ms,
522 5253 829 5313 argentum,
875 5259 1093 5310 aurum,
1119 5243 1262 5299 Deus
1293 5257 1527 5313 magnus
1569 5241 1809 5296 ostendit
1835 5240 1971 5311 regi,

363 5391 368 5408 ,
393 5351 516 5405 quae
544 5344 759 5404 oportet
788 5334 904 5390 ﬁeri
946 5346 1071 5407 post
1090 5337 1205 5391 hac
1232 5355 1244 5391 :
1273 5345 1327 5392 et
1345 5349 1534 5390 verum
1568 5342 1650 5389 est
1675 5333 1971 5400 somnium,

363 5413 448 5482 ἐἰ
481 5425 658 5482 fidelis
693 5425 1072 5496 interpretatio
1095 5427 1239 5499 ejus.

463 5519 554 5574 46.
598 5517 754 5576 Tunc
785 5534 880 5574 rex
909 5518 1416 5578 Nabuchodonosor
1447 5520 1645 5578 cecidit
1667 5520 1720 5575 in
1758 5517 1972 5584 faciem,

304 5676 306 5679 τ
360 5597 448 5664 ‘et
482 5609 755 5666 Danielem
788 5611 1058 5674 adoravit,
1099 5623 1153 5668 et
1205 5628 1425 5680 manaa,
1467 5623 1520 5670 ct
1571 5612 1813 5669 suavitas
1843 5610 1961 5666 odo-

2089 5614 2397 5685 πρόσωπον,
2433 5613 2530 5667 καὶ
2550 5611 2630 5683 τῷ
2662 5611 2862 5682 Δανιὴλ
2901 5611 3298 5681 προσεκύνησε,
3344 5609 3444 5663 καὶ
3479 5607 3666 5681 μαναὰ

405 5699 506 5764 ris,
536 5699 677 5755 dixit
704 5708 763 5754 ut
793 5700 1118 5756 libarentur.

2089 5705 2175 5758 καὶ
2197 5704 2424 5758 εὐωδίαν
2459 5699 2614 5757 εἶπεν
2641 5705 2883 5758 σπεῖσαι.
3344 5697 3350 5703 ’

464 5792 558 5848 ιτ.
598 5791 663 5848 Et
697 5795 1032 5866 respondens
1059 5809 1154 5851 rex
1179 5795 1317 5851 dixit
1348 5795 1559 5852 Danieli
1606 5814 1618 5850 :
1663 5795 1720 5850 ln
1745 5793 1961 5852 veritate

2092 5797 2238 5883 “'47.
2279 5797 2390 5852 Kal
2412 5797 2737 5866 ἀποκριθεὶς
2776 5796 2804 5850 ὀ
2836 5795 3109 5868 βασιλεὺς,
3137 5787 3290 5848 εἰπεν
3329 5790 3407 5863 τῷ
3428 5759 3678 5860 ΔανιήλοΙ
