4064 6434
358 413 429 463 ΩΒ
440 408 500 463 ιε

1821 396 2054 454 CAPUT
2091 397 2178 453 Ill.

3484 401 3626 458 2850

371 525 491 579 Ἐπ’
506 521 767 594 ἀληθείας
787 522 817 574 6
839 520 972 584 Θεὸς
993 519 1148 588 ὑμῶν
1189 518 1350 584 αὑτός
1377 517 1638 582 έστιθεδς
1664 518 1822 581 θεῶν,
1856 520 1951 572 καὶ.

2082 519 2197 573 lens
2235 525 2413 572 vester
2442 516 2558 588 ipse
2587 527 2672 575 est
2698 516 2843 575 Deus
2871 519 3098 576 deorum
3118 555 3136 583 ,
3165 527 3219 574 et
3253 517 3519 575 Dominus
3540 535 3623 574 re-

359 615 567 689 Κύριος
594 612 705 667 τῶν
746 612 1034 684 βασιλέων,
1064 612 1160 666 καὶ
1202 610 1604 666 ἀποκαλύπτων
1655 611 1949 683 μυστήρια,

355 712 445 765 ὃτι
475 706 739 778 ἐδυνήθης
764 705 1111 776 ἀποκαλύψαι
1145 705 1206 759 τό
1238 706 1538 777 μυστήριον
1558 705 1736 758 τοῦτο.

434 799 523 856 68.
548 799 662 853 Kal
685 798 1024 869 ἐμεγάλυνεν
1045 799 1074 851 6
1096 797 1354 868 βασιλεὺς
1382 797 1473 851 τὸν
1499 794 1719 867 Δανιὴλ,
1747 795 1842 849 καὶ
1866 794 1953 848 δό-

362 907 514 964 ματα
547 888 766 962 μεγάλα
823 889 920 943 καὶ
945 888 1115 943 πολλὰ
1136 889 1335 944 ἔδωκεν
1368 887 1538 959 αὐτῷ,
1568 889 1663 942 καὶ
1685 887 1955 959 κατέστη-

362 1002 458 1039 σεν
492 982 657 1035 αὐτὸν
685 982 781 1036 ἐπὶ
804 982 986 1052 πάσης
1006 981 1107 1053 τῆς
1127 984 1311 1054 χώρας
1342 980 1683 1047 Βαϐυλῶνος,
1726 981 1821 1034 καὶ⁸
1851 980 1955 1050 άρ-

360 1092 531 1147 χοντα
565 1073 883 1146 σατραπῶν,
916 1074 1012 1128 καὶ
1040 1074 1134 1127 ἐπὶ
1161 1073 1342 1144 πάσης
1362 1072 1463 1143 τῆς
1494 1071 1677 1144 χώρας
1700 1069 1955 1124 Βαϐυλῶ-

359 1184 475 1231 νος.

433 1260 525 1315 49.
568 1258 683 1313 Kal
706 1256 907 1328 Δανιὴλ
937 1258 1179 1329 ⁴ᾐτήσατο
1207 1256 1359 1328 παρὰ
1402 1257 1497 1311 τοῦ
1537 1255 1823 1327 βασιλέως,
1858 1255 1955 1309 καὶ

361 1351 702 1423 κατέστησεν
734 1349 831 1403 ἐπὶ
883 1350 955 1404 τὰ
982 1349 1120 1421 ἔργα
1156 1350 1257 1421 τῆς
1302 1351 1486 1423 χώρας
1520 1349 1836 1413 Βαϐυλῶνος
1864 1348 1956 1402 τὸν

367 1443 599 1514 Σεδράχ,
641 1440 850 1512 Μισᾶχ,
915 1440 1260 1512 Ἀϐδεναγώ·
1292 1443 1389 1496 καὶ¹
1434 1441 1634 1513 Δανιὴλ
1678 1437 1750 1513 ἦν
1797 1442 1856 1497 ὲν
1886 1443 1953 1514 τῇ

367 1534 505 1606 αὐλῇ
534 1532 630 1588 τοῦ
658 1532 945 1604 βασιλέως.

961 1624 1214 1679 ΚΕΦΑΔ.
1259 1624 1335 1678 Γ.

446 1722 496 1776 Ι.
528 1720 727 1795 Ἔτσυς
746 1717 1221 1773 ὀκτωκαιδεκάτου
1253 1716 1726 1788 Ναϐουχοδονόσορ
1745 1719 1774 1771 6
1803 1714 1958 1787 βασι-

2050 626 2203 682 gum,
2237 619 2291 666 et
2322 611 2573 668 revelans
2601 612 2896 683 mysteria;
2927 612 3186 681 quoniam
3215 611 3441 682 potuisti
3473 627 3630 667 reve-

2050 701 2164 756 lare
2189 700 2514 773 mysterium
2544 701 2669 756 hoc.

2120 792 2211 849 48.
2254 791 2322 847 Ει
2354 793 2723 863 magniﬂeavit
2779 806 2873 847 rex
2931 787 3230 856 Danielem,
3283 800 3338 848 et
3393 806 3625 846 munera

2052 900 2249 957 magna
2288 893 2343 941 et
2371 884 2543 940 multa
2601 883 2746 939 dedit
2769 883 2861 939 ei:
2901 889 2955 937 et
2984 882 3268 938 constituit
3297 898 3422 938 eum
3465 898 3630 952 super

2053 977 2365 1033 universam
2400 975 2677 1047 regionem
2696 974 3012 1047 Babylonis,
3043 983 3095 1028 et
3128 973 3426 1044 principem
3455 984 3630 1029 satra-

2053 1082 2269 1140 parum,
2293 1078 2350 1126 et
2378 1083 2542 1139 super
2573 1083 2788 1124 omnem
2812 1067 3150 1139 provinciam
3177 1065 3490 1138 Babylonis.

2125 1250 2216 1308 69.
2253 1249 2319 1305 Et
2357 1248 2548 1305 Daniel
2576 1247 2873 1319 postulavit
2903 1263 2935 1303 a
2961 1262 3110 1318 rege,
3142 1256 3196 1304 et
3226 1244 3511 1303 constituit
3541 1259 3636 1300 su-

2054 1359 2154 1415 per
2203 1358 2370 1414 opera
2425 1342 2722 1413 provinciae
2780 1340 3074 1413 Babylonis
3111 1338 3377 1408 Sedraeh,
3405 1336 3634 1401 Misacb,

2055 1435 2354 1507 Abdenago
2379 1454 2393 1491 :
2424 1443 2480 1491 et
2502 1434 2692 1491 Daniel
2725 1443 2842 1491 erat
2869 1434 2922 1488 in
2951 1433 3076 1490 aula
3100 1432 3265 1503 regis.

2664 1623 2894 1681 CAPUT
2949 1623 3037 1678 Ill.

2132 1716 2185 1773 1.
2218 1717 2377 1770 Anno
2404 1713 2618 1771 decimo
2651 1724 2846 1770 octavo
2871 1711 3379 1767 Nabuchodonosor
3422 1722 3530 1769 rex
3558 1706 3639 1762 fe-

372 1813 500 1876 λεῦς
536 1811 796 1883 ιποίησεν
834 1810 1021 1865 εἰκόνα
1078 1809 1285 1882 χρυσῆν
1309 1824 1324 1839 ο
1375 1807 1510 1878 ὕψος
1558 1808 1731 1878 αὐτῆς
1764 1805 1957 1878 πηχῶν

2082 1811 2141 1868 :it
2172 1810 2466 1881 imaginem
2518 1822 2785 1863 auream:
2831 1803 3066 1859 altitudo
3114 1800 3287 1872 ipsius
3328 1800 3639 1855 cubitorum

373 1873 660 1977 ἑξήκοντα,
685 1873 782 1956 καὶ
809 1895 967 1973 εὖρος
1016 1873 1186 1971 αὐτῆς
1240 1873 1435 1972 πηχῶν
1463 1898 1558 1965 ἒξ·
1612 1873 1704 1954 καῖ
1732 1873 1961 1971 ἔστησεν

2082 1873 2370 1975 texaginta,
2395 1908 2451 1957 et
2476 1898 2705 1955 latitudo
2731 1897 2853 1968 ejus
2877 1895 3189 1951 cubitorum
3213 1907 3306 1948 sex
3330 1909 3346 1960 ;
3371 1899 3426 1946 et
3454 1889 3646 1946 statuit

380 1994 550 2067 αὐτὴν
579 1994 636 2047 ὲν
663 1992 834 2062 πεδίῳ
863 1993 1079 2062 Δεειρᾷ,
1100 1992 1159 2044 ὲν
1190 1990 1348 2062 χώρᾳ
1380 1988 1722 2054 Βαϐυλῶνος.

446 2087 502 2141 2.
531 2085 645 2140 Kal
672 2082 1148 2154 Ναϐουχοδονόσορ
1179 2081 1208 2135 6
1231 2080 1486 2152 βασιλεὺς
1510 2078 1801 2135 ἀπέστειλε
1834 2094 1964 2132 συν-

381 2180 607 2248 αγαγεῖν
632 2176 841 2240 πάντας
867 2175 994 2239 τοὺς
1025 2175 1288 2241 ὑπάτους,
1319 2174 1417 2229 καὶ
1443 2174 1571 2237 τοὺς
1600 2173 1962 2245 στρατηγοὺς,

386 2272 481 2327 καὶ
500 2271 625 2335 τοὺς
662 2268 967 2340 τοπάρχας,
998 2267 1360 2338 ἡγουμένους,
1396 2267 1494 2320 καὶ
1520 2265 1841 2336 τυράννους,
1870 2263 1967 2317 καὶ

395 2364 516 2427 τους
560 2362 641 2416 ἐπ’
691 2360 976 2427 ἐξουσιῶν,
1021 2360 1119 2413 καὶ
1160 2358 1373 2422 πάντας
1400 2358 1527 2422 τοὺς
1561 2357 1831 2428 ἄρχοντας
1857 2355 1967 2410 τῶν

400 2454 600 2527 χωρῶν,
625 2452 803 2505 έλθεῖν
829 2452 911 2514 είς
940 2450 1007 2504 τὰ
1028 2450 1285 2519 ἔγκαίνια
1303 2450 1400 2522 τῆς
1424 2449 1651 2514 εἰκόνος,
1674 2444 1743 2522 ἦς
1772 2447 1968 2518 ἔστησε

393 2544 859 2616 Ναϐουχοδονόσορ
889 2544 918 2596 ὁ
958 2541 1230 2613 βασιλεύς.

457 2638 510 2692 3.
540 2638 652 2692 Καὶ
681 2634 1029 2707 συνήχθησαν
1052 2635 1103 2688 οἱ
1134 2634 1432 2705 τοπάρχαι,
1470 2632 1689 2699 ὕπατοι,
1734 2649 1972 2704 στρατη-

387 2733 494 2803 γοὶ,
524 2731 840 2805 ἡγούμενοι,
872 2730 1129 2802 τύραννοι
1173 2728 1424 2800 μεγάλοι,
1480 2730 1529 2781 oi
1569 2728 1657 2782 ἐπ’
1685 2726 1968 2792 ἐξουσιῶν,

386 2826 480 2879 καὶ
508 2824 710 2887 πάντες
760 2823 808 2876 oi
841 2820 1102 2893 ἄρχοντες
1152 2821 1260 2874 τῶν
1296 2820 1512 2891 χωρῶν,
1544 2818 1639 2872 τοῦ
1687 2818 1861 2872 ἐλθεῖν
1892 2819 1974 2879 εἰς

387 2919 477 2971 τὸν
503 2913 859 2986 ὲγκαινισμδν
885 2913 984 2985 τῆς
1031 2913 1259 2979 είκόνος,
1293 2907 1363 2984 ἦς
1400 2913 1595 2981 ἔστησε
1640 2910 1975 2980 Ναϐουχοδο-

386 3007 545 3077 νόσορ
566 3007 595 3059 6
629 3003 915 3077 βασιλεύς·
946 3003 1042 3057 καὶ
1075 3003 1423 3074 είστήκεισαν
1444 3000 1674 3055 ἐνώπιον
1703 3002 1803 3072 τῆς
1831 3001 1975 3054 εἰκόο

386 3118 499 3164 νος,
530 3095 599 3172 ἧς
630 3097 858 3165 ἔστησεν
886 3098 914 3150 6
947 3095 1441 3167 Ναϐουχοδονόσορ.

2063 2011 2184 2052 eam
2219 1998 2273 2049 in
2305 2007 2500 2063 campo
2530 1991 2690 2047 Deira
2718 1992 2771 2045 in
2796 1987 3078 2061 provincia
3112 1982 3429 2056 Babylonis.

2136 2087 2191 2142 2.
2236 2087 2300 2143 Et
2326 2085 2836 2161 Nabuchodonosor
2880 2096 2976 2135 rex
3012 2078 3162 2133 misit
3187 2077 3256 2131 ad
3306 2087 3649 2146 congregan-

2066 2182 2167 2239 dos
2187 2195 2380 2238 omnes
2411 2178 2691 2244 consules,
2733 2185 2788 2231 et
2818 2174 3007 2239 duces,
3054 2179 3108 2225 et
3155 2167 3472 2239 toparehas,
3506 2184 3647 2238 prae-

2067 2273 2265 2341 fectos,
2295 2282 2349 2329 et
2372 2282 2659 2345 tyrannos,
2709 2277 2764 2323 et
2795 2281 2912 2333 eos,
2971 2262 3065 2337 qui
3105 2272 3263 2320 erant
3315 2263 3369 2317 in
3411 2270 3652 2333 potesta-

2068 2367 2218 2423 tibus
2247 2365 2552 2431 constituti,
2606 2371 2661 2418 et
2694 2374 2886 2416 omnes
2936 2359 3210 2429 principes
3253 2356 3654 2428 regionum,‘ut

2070 2459 2324 2514 venirent
2357 2457 2424 2512 ad
2459 2453 2857 2512 dedicationem
2886 2450 3167 2523 imaginis,
3201 2464 3366 2519 quam
3389 2457 3656 2503 statuerat

1998 2592 2001 2593 ν
2072 2550 2580 2607 Nabuchodonosor
2616 2563 2732 2603 rex.

2142 2644 2197 2699 5.
2233 2642 2299 2698 Et
2331 2639 2645 2712 congregati
2677 2647 2806 2695 sunt
2853 2640 3150 2710 toparehae,
3171 2634 3654 2700 eonsules,duces,

2075 2733 2339 2806 pra-fecti,
2372 2733 2588 2804 tyranni
2614 2731 2817 2802 magni,
2852 2733 2945 2801 qui
2973 2741 3132 2787 erant
3162 2730 3216 2785 in
3241 2737 3509 2800 potestate
3524 2741 3659 2780 con-

2077 2827 2278 2890 stituti,
2305 2833 2360 2879 et
2382 2839 2573 2879 omnes
2600 2824 2873 2893 principes
2901 2822 3211 2893 regionum,
3250 2819 3657 2874 utvenirentad

2077 2917 2481 2973 dedicationem
2517 2914 2806 2984 imaginis,
2841 2929 3005 2984 quam
3053 2921 3318 2968 statuerat
3365 2910 3660 2965 Nabucho-

2076 3010 2318 3066 donosor
2352 3025 2446 3063 rex
2484 3025 2500 3061 :
2537 3016 2589 3062 et
2636 3014 2906 3062 steterunt
2949 3005 3004 3059 in
3044 3014 3340 3075 conspectu
3382 3003 3659 3075 imaginis.

2078 3118 2242 3174 quam
2274 3108 2541 3157 statuerat
2567 3097 3099 3164 Nabuchodonosor.

458 3194 514 3248 4.
546 3192 658 3247 Kal
680 3193 709 3245 6
733 3187 909 3262 κῆρυξ
941 3188 1070 3243 ἐϐόα
1096 3191 1154 3244 ἐν
1180 3187 1353 3260 ίσχύῖο
1371 3188 1534 3260 Ὑμῖν
1558 3187 1800 3257 λέγεται,
1823 3185 1972 3257 ἔθνη,

2149 3193 2204 3247 4.
2226 3191 2292 3247 Et
2324 3206 2501 3273 prazco
2531 3189 2803 3246 clamabat
2832 3187 3047 3245 valide:
3083 3185 3253 3246 Vobis
3277 3186 3499 3254 dicitur,
3531 3202 3662 3258 gen-

388 3285 531 3348 λαοὶ,
562 3283 750 3353 φυλαὶ,
780 3281 1045 3349 γλῶσσαι.

458 3377 513 3433 5.
545 3371 624 3449 ¹ᾙ
657 3375 723 3430 ἂν
766 3374 887 3448 ῶρα
915 3373 1186 3446 ἀκούσητε
1227 3375 1413 3447 φωνῆς
1444 3375 1764 3444 σάλπιγγος,
1793 3374 1983 3446 σύριγ-

392 3458 492 3538 γός
525 3485 585 3522 τε
617 3468 715 3521 καὶ
759 3465 1015 3540 κιθάρας,
1065 3465 1377 3538 σαμϐύκης,
1416 3468 1515 3521 καὶ
1536 3467 1859 3539 ψαλτηρίου,
1886 3467 1983 3520 καὶ

392 3557 734 3630 συμφωνίας,
779 3556 876 3610 καὶ
902 3555 1107 3620 παντὸς
1134 3556 1329 3625 γένους
1363 3558 1662 3626 μουσικῶν,
1691 3556 1982 3621 πίπτοντες

392 3650 751 3723 προσκυνεῖτε
802 3650 872 3720 τῇ
907 3647 1078 3702 εικόνι
1102 3650 1171 3721 τῇ
1198 3652 1400 3721 χρυσῇ,
1422 3650 1491 3722 ἢν
1517 3648 1745 3722 ἔστησεν
1770 3650 1985 3704 Ναϐου-

392 3740 676 3816 χοδονόσορ
704 3740 732 3793 6
755 3738 1030 3811 βασιλεύς.

465 3830 522 3885 6.
565 3831 681 3885 Kal
722 3830 786 3895 δς
834 3831 931 3885 ἐὰν
974 3829 1051 3902 μὴ
1085 3829 1268 3885 πεσὼν
1324 3833 1705 3905 προσκυνήσῃ,
1740 3834 1880 3906 αὐτῇ
1914 3835 1981 3905 τῇ

393 3924 515 3997 ὥρᾳ
544 3922 875 3996 βληθήσεται
895 3925 976 3989 είς
1003 3926 1103 3999 τὴν
1132 3925 1363 3998 κάμινον
1389 3926 1484 3980 τοῦ
1509 3927 1680 3999 πυρὸς
1708 3927 1808 4000 τὴν
1829 3945 1983 3982 καιο-

400 4019 592 4091 μένην·

470 4111 523 4166 7.
558 4111 668 4168 Kal
702 4110 922 4180 ἐγένετο
951 4110 1040 4165 ὅτε
1063 4109 1262 4183 ἢκουον
1298 4112 1348 4165 οί
1386 4111 1508 4166 λαοὶ
1534 4110 1635 4181 τῆς
1670 4113 1855 4184 φωνῆς
1884 4115 1986 4186 τῆς

396 4201 724 4273 σάλπιγγος,
758 4201 1021 4274 σύριγγός
1045 4219 1106 4256 τε
1132 4203 1230 4257 καὶ
1274 4202 1531 4276 κιθάρας,
1557 4205 1868 4277 σαμϐύκης,
1890 4209 1986 4261 καὶ

395 4294 722 4367 ψαλτηρίου,
754 4294 851 4349 καὶ
879 4294 1221 4365 συμφωνίας,
1245 4296 1345 4350 καὶ
1380 4296 1585 4361 παντὸς
1627 4298 1821 4367 γένους
1854 4317 1987 4371 μου·

400 4386 589 4453 σικῶν,
613 4388 907 4451 πίπτοντες
927 4389 979 4440 οι
1006 4387 1148 4454 λαοὶ,
1174 4388 1341 4457 φυλαὶ
1360 4429 1376 4453 ,
1410 4388 1674 4459 γλῶσσαι,
1717 4392 1989 4463 προσεκύ-

396 4497 525 4535 νουν
544 4480 610 4552 τῇ
638 4481 807 4535 εἰκόνι
839 4482 906 4550 τῇ
937 4482 1134 4551 χρυσῇ,
1163 4481 1231 4551 ῆν
1256 4479 1485 4553 ἔστησεν
1512 4482 1987 4560 Ναϐουχοδονόσορ

396 4574 430 4626 6
460 4572 736 4643 βασιλεὺς,
762 4571 1051 4626 κατέναντι
1074 4572 1286 4627 τούτου.

470 4669 526 4721 8.
554 4666 691 4719 Τότε
721 4664 1027 4737 προσῆλθον
1065 4666 1258 4738 ἄνδρες
1281 4667 1572 4737 Χαλδαῖοι,
1616 4669 1714 4725 καὶ
1741 4668 1989 4727 διέϐαλον

398 4757 528 4819 τοὺς
565 4755 869 4821 Ἰουδαίους.

472 4845 528 4901 9.
562 4849 678 4903 Kal
712 4847 1107 4918 ἀποκριθέντες
1152 4845 1306 4903 εἷπον
1350 4849 1431 4920 τῷ
1467 4850 1681 4925 βασιλεῖ
1716 4853 1992 4927 Ναϐουχο-

401 4934 647 5009 δονόσορ⁶
693 4936 946 5006 Βασιλεῦ,
983 4941 1063 5004 είς
1086 4939 1212 5003 τοὺς
1238 4939 1442 5004 αἰῶνας
1456 4940 1603 5012 ζῆθι.

479 5026 566 5081 10.
582 5028 677 5094 Σὺ,
695 5027 942 5099 βασιλεῦ,
971 5029 1176 5100 ίθηκας
1194 5028 1395 5100 δόγμα,
1417 5031 1598 5086 πάντα
1614 5032 1920 5107 ἄνθρωπον,
1934 5036 1994 5098 ὃς

407 5117 476 5173 ἂν
504 5118 713 5192 ἀκούσῃ
749 5120 852 5190 τῆς
893 5120 1080 5193 φωνῆς
1109 5122 1209 5193 τῆς
1260 5122 1583 5190 σάλπιγγος,
1619 5125 1881 5197 σύριγγός
1930 5146 1992 5184 τε

406 5210 505 5264 καὶ
530 5210 787 5283 κιθάρας,
824 5212 1114 5285 σαμϐύκης
1140 5230 1202 5268 τε
1243 5215 1342 5269 καὶ
1372 5214 1696 5286 ψαλτηρίου,
1729 5220 1826 5274 καὶ
1853 5238 1996 5293 συμ-

409 5299 636 5370 φωνίας,
680 5301 779 5355 καὶ
803 5303 1009 5366 παντὸς
1038 5303 1232 5373 γένους
1260 5305 1559 5375 μουσικῶν,
1591 5309 1860 5374 πεσεῖται,
1900 5314 1994 5367 καὶ

409 5391 778 5464 προσκυνήσει
798 5394 864 5464 τῇ
898 5393 1071 5448 εικόνι
1098 5396 1164 5466 τῇ
1194 5397 1390 5467 χρυσῇ.

481 5483 569 5539 11.
599 5486 712 5540 Καὶ
746 5484 807 5550 ὃς
842 5485 939 5540 ἐὰν
980 5486 1055 5559 μὴ
1082 5486 1265 5542 πεσὼν
1306 5490 1682 5564 προσκυνήσῃ.
1716 5490 1995 5566 ἐμϐληθή-

414 5590 563 5629 σεται
589 5578 671 5641 είς
694 5577 797 5649 τὴν
816 5578 1046 5650 κάμινον
1074 5580 1168 5634 τοῦ
1197 5580 1366 5653 πυρὸς
1392 5581 1492 5653 τὴν
1527 5582 1850 5655 καιομένην.

482 5665 570 5723 13.
604 5668 760 5724 Είσὶν
807 5665 901 5725 οὖν
953 5671 1145 5738 ἄνδρες
1176 5671 1442 5738 Ἰουδαῖοι,
1497 5671 1590 5736 οὓς
1652 5674 2001 5745 κατέστησας

413 5756 505 5811 ἰπὶ
534 5758 602 5812 τὰ
636 5759 778 5831 ἔργα
803 5760 903 5833 τῆς
926 5760 1110 5834 χώρας
1148 5761 1487 5829 Βαϐυλῶνος,
1513 5763 1750 5838 ΔΣεδράχ,
1784 5765 1991 5837 Μισὰχ,

422 5848 768 5924 Ἀϐδεναγώ·
808 5856 858 5910 el
913 5854 1107 5926 ἄνδρες
1153 5856 1350 5911 ἐκεῖνοι
1398 5855 1498 5933 οὐχ
1553 5856 1872 5932 ὑπήκουσαν
1916 5857 1994 5927 τῷ

2084 3295 2185 3352 tes,
2214 3284 2422 3356 populi,
2448 3282 2623 3338 tribus
2648 3290 2703 3337 et
2728 3281 2947 3352 linguae.

2152 3378 2206 3434 5.
2249 3375 2606 3445 Quacumque
2628 3374 2767 3428 hora
2825 3371 3114 3429 audieritis
3169 3387 3359 3428 vocem
3410 3369 3579 3440 tubae,
3612 3380 3666 3425 et

2082 3471 2281 3528 ﬁstulae
2308 3478 2362 3526 et
2393 3455 2641 3533 citharae,
2673 3464 2984 3531 sambucae,
3036 3473 3091 3521 et
3127 3463 3397 3535 psalterli,
3434 3472 3488 3518 et
3520 3477 3666 3534 sym-

2080 3565 2322 3638 phoniae,
2358 3573 2413 3618 et
2454 3560 2638 3617 omnis
2693 3560 2909 3632 generis
2965 3558 3305 3615 musicorum
3336 3598 3352 3623 ,
3405 3557 3665 3612 cadentes

2083 3658 2312 3715 adorate
2342 3656 2639 3727 imaginem
2672 3668 2897 3711 auream
2921 3668 3084 3723 quam
3126 3651 3319 3708 statuit
3375 3649 3665 3709 Nabucho-

2084 3749 2328 3805 donosor
2357 3764 2474 3803 rex.

2155 3840 2209 3896 6.
2251 3839 2601 3911 Quicumque
2627 3850 2811 3896 autem
2840 3857 2947 3896 non
2980 3841 3181 3896 cadens
3212 3840 3543 3907 adoraverit,
3574 3854 3669 3897 ea-

2084 3931 2207 3988 dem
2238 3932 2374 3987 hora
2410 3931 2656 3987 mittetur
2680 3932 2732 3986 in
2755 3931 3031 3989 fornacem
3060 3931 3200 4003 ignis
3223 3932 3529 3989 ardentem.

2164 4115 2215 4170 7.
2257 4114 2323 4169 Et
2355 4113 2558 4169 factum
2589 4118 2694 4179 est,
2730 4111 2948 4184 quando
3002 4111 3304 4168 audiebant
3359 4114 3545 4184 populi
3578 4128 3673 4166 τοο

2088 4223 2205 4263 cem
2231 4207 2395 4270 tubae,
2424 4215 2477 4261 et
2508 4206 2724 4267 ﬁstulae,
2757 4213 2810 4260 et
2835 4204 3078 4268 citharae,
3112 4204 3410 4268 samhueaz,
3440 4212 3494 4258 ct
3524 4205 3672 4275 psal-

2090 4301 2232 4367 terti,
2271 4305 2329 4354 et
2356 4299 2721 4371 symphoniae,
2745 4308 2800 4352 et
2835 4294 3018 4351 omnis
3047 4295 3261 4366 generis
3308 4288 3669 4362 musicorum,

2088 4391 2344 4447 cadentes
2366 4389 2572 4462 populi,
2600 4389 2801 4453 tribus,
2827 4388 3025 4458 lingua:
3046 4387 3348 4442 adorabant
3380 4387 3670 4459 imaginem

2088 4500 2310 4542 auream
2344 4526 2359 4552 ,
2401 4498 2568 4555 quam
2624 4489 2892 4539 statuerat
2935 4480 3447 4539 Nabuchodonosor
3490 4498 3583 4538 rex
3620 4483 3672 4537 in

2018 4586 2064 4642 D
2093 4586 2385 4646 conspectu
2425 4577 2618 4649 ipsius.

2164 4670 2216 4726 8.
2260 4668 2417 4725 Tunc
2439 4676 2791 4726 accesserunt
2848 4667 2947 4723 viri
2988 4669 3249 4737 Chaldaei,
3306 4680 3358 4725 et
3388 4684 3679 4725 accusave-

2095 4772 2229 4818 runt
2255 4760 2495 4819 Judaeos.
3476 4804 3486 4818 .

2165 4855 2222 4911 9.
2265 4853 2331 4907 Et
2360 4855 2754 4923 respondentes
2781 4854 3041 4910 dixerunt
3071 4853 3184 4925 regi
3237 4851 3676 4910 Nabuchodono-

2092 4963 2190 5003 sor
2211 4965 2223 4999 :
2242 4944 2383 5011 Rex,
2421 4945 2473 4998 in
2496 4947 2693 5006 saecula
2719 4946 2862 5001 vive.

2169 5037 2257 5092 10.
2280 5033 2389 5100 Τυ,
2420 5051 2541 5099 rex,
2573 5034 2808 5108 posuisti
2841 5034 3142 5099 decretum,
3182 5041 3244 5087 ut
3271 5034 3451 5102 omnis
3487 5035 3676 5094 homo.

2097 5132 2432 5203 quicumque
2456 5128 2689 5184 audierit
2720 5140 2906 5182 vocem
2924 5125 3086 5190 tubae,
3107 5133 3163 5179 et
3186 5125 3400 5188 ﬁstulm,
3415 5134 3469 5180 et
3499 5126 3680 5181 cithao

2099 5239 2193 5287 rae,
2226 5230 2281 5278 et
2309 5220 2608 5282 sambucae,
2635 5226 2689 5274 et
2720 5215 2987 5287 psalterii,
3019 5223 3074 5270 et
3105 5215 3462 5286 symphoniae,
3484 5223 3539 5271 et
3563 5230 3681 5270 om-

2101 5317 2188 5370 nis
2214 5313 2429 5385 generis
2452 5310 2815 5375 musicorum,
2844 5298 3029 5374 cadat,
3083 5315 3137 5362 et
3160 5306 3352 5361 adoret
3384 5307 3677 5378 imaginem

2100 5418 2351 5458 auream.

2175 5496 2263 5550 ll.
2307 5495 2376 5550 Et
2404 5492 2737 5563 quicumque
2772 5503 2879 5543 non
2908 5488 3111 5543 cadens
3138 5487 3469 5553 adoraverit,
3496 5488 3678 5543 mitte-

2102 5597 2193 5643 tur
2224 5588 2277 5640 in
2302 5584 2577 5638 fornacem
2606 5581 2749 5651 ignis
2776 5580 3079 5635 ardentem.
3610 5633 3619 5639 ς

2174 5679 2269 5733 12.
2309 5674 2636 5745 Suntigitur
2658 5672 2761 5727 viri
2792 5669 2987 5740 Judaei,
3034 5688 3175 5742 quos
3214 5671 3551 5729 constituisti
3592 5690 3718 5733 διιο-

2104 5788 2199 5842 per
2230 5783 2395 5841 opera
2444 5766 2684 5836 regionis
2743 5763 3056 5834 Babylonis,
3125 5761 3387 5826 Seilrach,
3451 5764 3684 5826 Misach.

2099 5862 2431 5929 Abdenago:
2469 5856 2571 5913 viri
2601 5855 2677 5913 illi
2708 5853 3168 5932 non‘obedierunt
3197 5857 3416 5914 decreto
3445 5866 3679 5923 tuon-ex,
