4064 6414
380 370 517 425 2851

1456 365 1709 419 DANIEL
1747 366 1823 419 JU
1839 366 1978 420 ΧΤΔ
2009 367 2563 428 TIIEODOTIONEM

3492 379 3641 436 2852

374 497 428 540 et
449 486 584 541 deos
611 495 732 540 tuos
759 499 862 538 non
885 483 1091 545 colunt,
1121 491 1175 538 et
1202 482 1492 552 imaginem
1521 495 1938 552 auream,quam

2048 483 2278 555 δόγματι
2307 505 2421 555 σου,
2457 488 2698 558 βασιλεῦ,
2731 490 2824 545 καὶ
2844 489 3117 555 τοῖςθεοῖς
3139 505 3232 545 σου
3251 493 3312 546 ού
3343 492 3640 566 λατρεύου-

376 576 635 642 statuisti,
664 590 768 628 non
796 574 1044 629 adorant.

444 751 533 804 15.
593 748 749 804 Tunc
813 746 1320 804 Nabuchodonosor
1384 747 1438 801 in
1489 749 1674 804 furore
1751 757 1805 801 et
1864 747 1950 799 ira

374 840 532 906 dixit,
559 848 620 895 ut
647 841 984 895 adducerent
1045 838 1316 904 Sedrach,
1354 838 1604 904 Misach,
1661 847 1715 893 et
1769 837 1952 892 Abde-

377 947 518 1002 nago
550 951 565 987 :
594 942 650 988 et
679 932 778 987 viri
808 933 882 986 illi
920 933 1138 987 adducti
1164 940 1292 986 sunt
1320 931 1374 985 in
1397 940 1688 1000 conspectu
1719 927 1883 999 regis.

447 1025 535 1078 ﬂ.
583 1025 646 1079 Et
671 1025 950 1093 respondit
991 1022 1514 1094 Nabuchodonosor,
1563 1029 1618 1076 et
1659 1020 1795 1076 dixit
1831 1019 1948 1077 eis:

374 1119 456 1172 An
491 1132 620 1173 vere
651 1118 912 1180 Sedracli,
947 1115 1179 1182 Misacli,
1219 1123 1274 1169 et
1299 1114 1596 1183 Abdenago
1632 1113 1767 1168 deos
1795 1127 1949 1167 meos

374 1226 481 1263 non
513 1209 694 1264 colitis
713 1247 730 1273 ,
761 1217 813 1263 et
843 1208 1132 1279 imaginem
1155 1221 1399 1272 auream,
1427 1221 1590 1276 quam
1619 1206 1810 1274 statui,
1840 1220 1948 1260 non

371 1298 648 1352 adoratis?

443 1389 531 1442 15.
571 1387 728 1442 Nunc
754 1402 883 1456 ergo
915 1387 959 1440 si
989 1385 1121 1441 estis
1149 1387 1346 1456 parati,
1387 1395 1448 1441 ut
1492 1387 1546 1440 in
1600 1399 1948 1456 quocumque

371 1491 615 1548 tempore
651 1479 936 1533 audieritis
963 1493 1150 1534 vocem
1189 1478 1353 1543 tubae,
1405 1487 1459 1534 et
1499 1477 1693 1534 listulae
1717 1519 1732 1545 ,
1786 1488 1834 1532 et
1870 1478 1948 1531 ci-

369 1572 576 1636 tharae,
617 1570 925 1633 sambucze,
967 1579 1022 1625 et
1049 1569 1289 1640 psalterii
1317 1610 1332 1635 ,
1369 1577 1422 1623 et
1465 1569 1804 1640 symphonia:
1829 1607 1845 1631 ,
1893 1577 1949 1622 et

367 1661 550 1715 omnis
577 1660 794 1730 generis
829 1660 1190 1725 musicorum,
1225 1659 1484 1714 cadentes
1531 1657 1771 1712 adoretis
1802 1657 1944 1711 ima-

367 1753 572 1821 ginem,
597 1765 762 1818 quam
816 1748 918 1804 feci
965 1763 980 1800 :
1019 1747 1164 1819 quod
1201 1749 1247 1802 si
1284 1764 1393 1803 non
1433 1747 1816 1810 adoraveritis,
1851 1761 1941 1800 ea.

367 1844 490 1898 dem
521 1845 653 1897 hora
679 1842 970 1897 mittemini
1021 1843 1075 1896 in
1131 1841 1411 1896 fornacem
1449 1839 1589 1909 ignis
1619 1837 1938 1893 ardentem:
1975 1823 2018 1879 Β

365 1944 420 1990 et
456 1936 583 2005 quis
605 1943 690 1990 est
712 1933 876 1999 Deus,
917 1933 1010 2004 qui
1043 1932 1238 2002 eripiet
1258 1946 1356 1987 vos
1392 1931 1460 1987 de
1489 1930 1743 1988 manibus
1765 1927 1943 1984 meis?

435 2114 524 2171 ιθ.
571 2114 635 2170 Et
672 2112 1075 2185 responderunt
1109 2111 1374 2176 Sedracb,
1407 2112 1633 2175 Misach,
1672 2122 1724 2167 et
1757 2111 1940 2166 Abde-

366 2217 526 2272 nago,
556 2209 611 2257 et
640 2200 899 2256 dixerunt
926 2199 1436 2256 Nabuchodonosor
1463 2202 1573 2272 regi
1613 2221 1626 2256 :
1661 2200 1777 2257 Non
1801 2217 1941 2272 opus

293 2353 296 2357 ,
366 2294 628 2350 habemus
656 2308 759 2349 nos
785 2291 855 2348 de
884 2293 1050 2348 verbo
1075 2291 1180 2348 hoc
1207 2293 1538 2363 respondere
1571 2293 1690 2348 tibi.

434 2477 523 2532 l7.
563 2476 662 2532 Est
687 2477 832 2532 enim
883 2475 1030 2532 Deus
1068 2485 1254 2533 noster
1307 2477 1365 2532 in
1417 2477 1589 2541 caelo,
1642 2493 1804 2548 quem
1838 2493 1941 2533 nos

362 2569 617 2633 colimus,
669 2577 866 2638 potens
922 2569 1133 2638 eripere
1167 2584 1267 2624 nos
1314 2569 1382 2625 de
1418 2568 1642 2624 fornace
1675 2569 1815 2639 ignis
1849 2585 1939 2624 ar-

361 2664 544 2726 dente,
572 2662 720 2718 etde
760 2661 1017 2717 manibus
1043 2661 1176 2730 tuis,
1211 2676 1245 2716 ο
1270 2676 1388 2726 rex,
1421 2661 1828 2718 liberabitnos.

430 2841 518 2900 18.
563 2842 701 2900 Etsi
730 2859 860 2912 non,
890 2853 1079 2900 notum
1119 2843 1190 2900 sit
1221 2843 1340 2911 tibi,
1373 2860 1406 2900 ο
1449 2859 1580 2910 rex,
1630 2843 1760 2915 quia
1810 2845 1941 2901 deos

361 2947 486 2991 tuos
524 2950 633 2990 non
667 2935 922 3001 colimus,
955 2944 1010 2992 et
1049 2935 1343 3006 imaginem
1372 2951 1617 3002 auream,
1648 2951 1810 3007 quam
1830 2947 1942 2992 sta-

360 3027 531 3095 tuisti,
567 3043 680 3083 non
703 3027 1017 3083 adoramus.

2055 593 2127 642 σι,
2161 579 2257 630 καὶ
2292 583 2360 650 τῇ
2392 581 2559 634 εικόνι
2603 584 2671 651 τῇ
2707 585 2881 654 χρυσῇ
2923 577 2962 657 ᾖ
2991 584 3250 656 έστησας,
3300 585 3362 637 οὐ
3393 602 3637 656 προσκυ-

2053 683 2223 723 νουσι.

2122 759 2211 814 45.
2253 761 2387 814 Τότε
2419 762 2887 836 Ναϐουχοδονόσορ
2914 766 2972 820 ἐν
2999 766 3156 839 θυμῷ
3178 768 3273 822 καὶ
3314 767 3454 842 ὀργῇ
3485 765 3639 824 εἴπεν

2051 849 2282 919 ἀγαγεῖν
2305 852 2398 906 τὸν
2423 855 2653 927 Σεδρὰχ,
2684 857 2903 928 Μισάχ,
2936 858 3034 912 καὶ¹
3070 860 3417 929 Ἀϐδεναγώο
3461 862 3557 916 καὶ
3589 863 3636 915 σί

2051 942 2241 1015 ἄνδρες
2270 943 2469 998 ἐκεῖνοι
2496 946 2742 1018 ῆχθησαν
2767 947 2997 1003 ἐνώπιον
3027 949 3120 1003 τοῦ
3157 951 3442 1021 βασιλέως.

2121 1030 2210 1085 Η.
2243 1034 2353 1086 Kal.
2375 1034 2646 1107 ἀπεκρίθη
2686 1037 3189 1110 Ναδουχοδονόσορ,
3233 1043 3328 1095 καὶ
3353 1039 3508 1097 εἶπεν
3540 1046 3637 1100 a6-

2049 1123 2162 1186 τοῖς
2182 1139 2196 1153 ο
2225 1123 2288 1176 El
2309 1125 2527 1195 άληθῶς
2555 1127 2783 1199 Σεδρὰχ,
2815 1128 3022 1199 Μισὰχ,
3049 1131 3144 1183 καὶ
3199 1131 3505 1202 Ἀϐδεναγὼ
3523 1138 3638 1199 τοῖς

2051 1214 2195 1279 θεοῖς
2232 1233 2335 1286 μου
2369 1219 2429 1270 ού
2466 1218 2781 1290 λατρεύετε,
2817 1223 2914 1275 καὶ
2955 1225 3022 1294 τῇ
3065 1224 3233 1278 εἰκόνι
3265 1228 3331 1296 τῇ
3362 1231 3558 1298 χρυσῇ,

2053 1303 2278 1374 ἐστησα,
2309 1309 2370 1361 ού
2407 1314 2765 1380 προσκυνεῖτε
2789 1331 2802 1379 ;

2121 1395 2211 1450 15.
2242 1397 2358 1452 Νῦν
2381 1396 2475 1453 οὖν
2503 1403 2551 1454 εί
2585 1401 2734 1473 ἔχετε
2768 1405 3021 1476 ἑτοίμως,
3052 1407 3140 1462 ἵνα
3167 1409 3241 1474 ὡς
3273 1410 3340 1463 ἂν
3363 1411 3632 1482 ἀκούσητε

2049 1491 2150 1559 τῆς
2175 1491 2359 1561 φωνῆς
2379 1491 2478 1561 τῆς
2505 1493 2825 1564 σάλπιγγος,
2852 1495 3111 1568 σύριγγός
3154 1516 3214 1552 τε
3246 1502 3344 1554 καὶ
3378 1502 3630 1572 κιθάρας,

2050 1579 2348 1650 σαμϐύκης
2395 1599 2455 1634 τε
2485 1584 2582 1637 καὶ
2609 1584 2910 1659 ψαλτηρίου
2937 1629 2953 1654 ,
3008 1591 3101 1643 καὶ
3148 1593 3486 1662 συμφωνίας,
3537 1596 3633 1648 καὶ¹

2048 1672 2248 1736 παντὸς
2292 1673 2486 1742 γένους
2529 1679 2826 1746 μουσικῶν,
2879 1681 3138 1746 πεσόντες
3176 1689 3530 1755 προσκυνεῖτε
3561 1690 3629 1758 τῇ

2047 1763 2238 1829 εικόνι,
2327 1766 2590 1836 ἐποίησα·
2634 1770 2728 1824 ἐὰν
2765 1771 2822 1824 δὲ
2859 1772 2936 1844 μὴ
2963 1777 3378 1847 προσκυνήσητε
3399 1820 3413 1844 ,
3459 1779 3628 1852 ταύτῃ

2044 1857 2111 1926 τῇ
2133 1855 2253 1928 ὥρᾳ
2279 1858 2694 1931 ἐμϐληθήσεσθε
2723 1864 2805 1928 είς
2826 1865 2924 1935 τὴν
2950 1866 3180 1934 κάμινον
3209 1870 3303 1922 τοῦ
3341 1871 3509 1942 πυρὸς
3527 1873 3628 1944 τὴν

2045 1948 2379 2020 καιομένην·
2428 1951 2524 2005 καὶ
2546 1952 2631 2015 τίς
2659 1954 2776 2007 ἐστι
2819 1955 2971 2019 Θεὸς,
3011 1957 3070 2021 ὃς
3105 1957 3363 2023 ἐξελεῖται
3388 1963 3530 2032 ὑμᾶς
3563 1965 3627 2017 ἐκ

2044 2038 2152 2094 τῶν
2179 2041 2378 2111 χειρῶν
2407 2059 2510 2113 μου
2525 2061 2540 2108 ;

2117 2129 2203 2185 16.
2238 2133 2349 2186 Καὶ
2373 2136 2752 2208 ἀπεκρίθησαν
2791 2138 3018 2211 Σεδρὰχ,
3055 2140 3240 2214 Μισὰχ
3265 2182 3278 2205 ,
3311 2145 3408 2198 καὶ
3449 2145 3628 2199 ’Δσδε-

2042 2219 2214 2289 ναγὼ,
2266 2225 2362 2277 καὶ
2399 2219 2553 2280 εἷπον
2597 2227 2675 2298 τῷ
2737 2228 2949 2297 βασιλεῖ
3005 2232 3474 2307 Ναϐουχοδονόσορ
3499 2253 3512 2266 ·
3548 2240 3623 2291 Ού

2043 2313 2232 2382 χρείαν
2273 2314 2469 2386 ἔχομεν
2511 2318 2672 2388 ἡμεῖς
2703 2323 2833 2392 περὶ
2858 2321 2954 2376 τοῦ
2982 2324 3227 2394 ῥήματος
3258 2327 3450 2381 τούτου
3492 2331 3625 2385 ἀπο-

2044 2402 2300 2474 κριθῆναί
2331 2423 2434 2461 σοι.

2115 2493 2203 2549 17.
2241 2497 2397 2550 Ἐστι
2426 2497 2536 2570 γὰρ
2577 2501 2605 2554 ό
2632 2501 2764 2565 Θεὸς
2815 2504 2973 2573 ἡμῶν
3005 2505 3065 2558 ἐν
3105 2505 3339 2578 οὐρανῷ,
3368 2502 3413 2576 ᾧ
3461 2512 3622 2581 ἡμεῖς

2043 2584 2399 2659 λατρεύομεν,
2423 2590 2646 2655 δυνατὸς
2672 2591 2948 2657 ἐξελέσθαι
2974 2596 3121 2664 ἡμᾶς
3152 2598 3216 2650 ἐκ
3256 2598 3354 2669 τῆς
3385 2601 3620 2672 καμίνου

2041 2676 2137 2729 τοῦ
2169 2678 2340 2749 πυρὸς
2373 2680 2472 2750 τῆς
2503 2683 2819 2753 καιομένης,
2868 2685 2964 2737 καὶ
3003 2686 3067 2738 ἐκ
3096 2686 3204 2741 τῶν
3253 2691 3451 2761 χειρῶν
3503 2709 3620 2759 σου,

2045 2767 2292 2838 βασιλεῦ,
2329 2771 2552 2841 ῥύσεται
2590 2775 2755 2844 ἡμᾶς.

2115 2859 2201 2915 18.
2247 2862 2359 2916 Kal.
2388 2863 2482 2917 ἐὰν
2510 2864 2608 2936 μὴ,
2635 2865 2874 2934 γνωστὸν
2923 2867 3064 2922 ἔστω
3113 2887 3217 2936 σοι,
3263 2873 3501 2944 βασιλεῦ,
3533 2877 3611 2928 ὅτι

2041 2952 2156 3014 τοῖς
2183 2950 2326 3016 θεοῖς
2354 2971 2448 3008 σου
2478 2955 2540 3007 ού
2573 2956 2924 3027 λατρεύομεν,
2963 2961 3061 3013 καὶ
3099 2964 3166 3033 τῇ
3193 2964 3362 3019 εικόνι
3389 2967 3454 3037 τῇ
3484 2981 3612 3038 χρυ-

2043 3041 2134 3110 σῇ,
2170 3041 2236 3110 ἥν
2266 3040 2524 3113 έστησας,
2557 3045 2616 3097 ού
2659 3047 3097 3118 προσκυνοῦμεν.

429 3123 517 3178 l9.
559 3121 716 3177 Tunc
743 3121 1244 3177 Nabuchodonosor
1275 3121 1516 3192 repletus
1549 3130 1631 3176 est
1658 3120 1860 3187 furore,
1884 3130 1937 3178 et

2113 3132 2200 3187 19.
2237 3133 2372 3186 Τότε
2415 3134 2885 3208 Ναϐουχοδονόσορ
2936 3138 3179 3211 ἐπλήσθη
3206 3140 3399 3212 θυμοῦ,
3453 3142 3548 3196 καὶ
3583 3145 3617 3214 ή

354 3221 610 3284 aspectus
635 3212 792 3268 faciei
825 3211 970 3269 illius
1010 3212 1332 3268 immutatus
1365 3223 1448 3269 est
1479 3229 1644 3283 super
1670 3211 1930 3278 Sedracli,

356 3305 583 3374 Misach,
609 3305 936 3375 Abdenago,
962 3313 1017 3360 et
1049 3305 1188 3360 dixit
1229 3321 1245 3360 :
1282 3303 1606 3361 Succendite
1656 3305 1933 3360 fornacem

355 3399 688 3469 septuplum,
721 3398 895 3454 donec
925 3399 979 3452 in
1015 3398 1180 3452 finem
1220 3397 1435 3452 ardeat.

422 3490 512 3544 20.
559 3489 623 3544 Ει
652 3489 786 3545 viris
816 3489 1060 3544 robustis
1084 3487 1402 3544 fortitudine
1424 3487 1584 3553 dixit,
1615 3497 1674 3542 ut
1701 3487 1932 3559 ligantes

355 3581 613 3648 Sedraclt,
645 3579 876 3644 Misach,
912 3590 966 3636 et
997 3580 1311 3650 Abdenago,
1357 3579 1636 3636 mitterent
1661 3581 1714 3635 in
1741 3579 1931 3636 forna-

351 3689 468 3730 cem
501 3673 642 3744 ignis
681 3674 987 3729 ardentem.

421 3759 511 3813 21.
554 3759 710 3814 Tunc
737 3759 814 3814 illi
841 3760 944 3814 viri
982 3761 1146 3817 vincti
1172 3772 1449 3819 suntcum
1483 3763 1760 3820 sarabaris
1789 3763 1926 3828 suis.

346 3861 402 3904 ct
429 3851 605 3917 tiaris,
645 3859 700 3905 et
729 3851 1026 3920 tibialibus,
1059 3864 1113 3909 et
1136 3855 1476 3911 vestimentis
1503 3857 1620 3913 suis
1642 3898 1658 3925 ,
1691 3866 1744 3912 et
1770 3857 1927 3914 missi

348 3941 546 3996 suntin
570 3941 808 3997 medium
832 3943 1072 4002 fornacis
1101 3947 1241 4019 ignis
1272 3948 1534 4005 ardentis.

413 4135 506 4190 22.
547 4131 682 4188 Nam
713 4132 938 4188 verbum
973 4134 1115 4204 regis
1165 4134 1392 4205 urgebat
1431 4151 1446 4189 :
1485 4143 1539 4190 et
1578 4134 1770 4192 fornax
1798 4154 1923 4195 suc-

346 4241 509 4282 censa
538 4234 660 4281 erat
693 4225 875 4282 nimis.
906 4223 971 4280 Et
1003 4227 1148 4281 \‘iros
1197 4226 1342 4289 illos,
1398 4225 1493 4296 qui
1528 4241 1924 4286 accusaverant

346 4317 608 4382 Sedrach,
637 4316 864 4380 Misach.
889 4327 942 4372 et
964 4317 1278 4387 Abdenago,
1305 4316 1686 4375 interfeciteos
1701 4319 1918 4378 flamma

261 4461 265 4470 ,
344 4407 485 4480 ignis
509 4408 564 4463 in
597 4409 848 4464 circuitu.

409 4590 500 4645 25.
541 4587 608 4644 Ει
637 4588 738 4643 viri
767 4589 842 4644 illi
885 4601 996 4644 trcs
1049 4588 1290 4645 Setlrach
1317 4634 1331 4656 ,
1369 4591 1598 4659 illisach,
1635 4603 1689 4649 et
1736 4594 1912 4650 Abde-

342 4697 482 4753 nago
535 4681 854 4738 ceciderunt
906 4682 960 4735 in
1018 4681 1197 4737 medio
1239 4683 1456 4738 camino
1504 4684 1645 4756 ignis
1688 4686 1916 4742 ardente

335 4774 690 4845 compedibus
720 4774 905 4828 vincti.

405 4864 495 4918 24.
541 4867 602 4919 lit
635 4864 986 4919 ambulabant
1021 4862 1072 4917 in
1107 4864 1284 4919 medio
1318 4864 1550 4920 flammae
1573 4908 1588 4932 ,
1628 4866 1913 4924 laudantes

339 4957 530 5020 Deum,
565 4965 620 5011 et
648 4957 1031 5013 benedicentcs
1067 4957 1380 5014 Dominum.

535 5051 699 5105 Stans
731 5060 912 5105 autem
949 5067 1074 5106 cum
1130 5051 1238 5106 illis
1285 5051 1530 5113 Azan-ias,
1588 5053 1763 5107 οι¹²νίι
1792 5055 1909 5113 Sic:

331 5153 383 5197 et
416 5143 664 5211 aperiens
691 5157 753 5197 os
779 5158 940 5197 suum
973 5145 1025 5197 in
1053 5143 1234 5198 medio
1269 5141 1431 5213 ignis,
1475 5143 1610 5197 dixit
1647 5163 1660 5196 :

398 5325 490 5380 26.
533 5325 852 5381 Benedictus
887 5342 967 5392 es,
1004 5325 1231 5382 Domine
1263 5324 1406 5381 Deus
1438 5335 1652 5395 patrum
1691 5339 1910 5383 nostro-

331 5435 472 5486 rum,
535 5429 587 5474 et
621 5417 910 5484 laudabile,
945 5429 998 5473 et
1057 5419 1352 5489 gloriosum
1405 5432 1599 5472 nomen
1651 5427 1802 5475 tuum
1853 5420 1906 5474 in

331 5508 551 5563 sarcula.

396 5597 484 5649 27.
527 5597 664 5662 Quia
693 5597 875 5666 justus
900 5613 959 5653 es
985 5598 1036 5651 in
1065 5599 1340 5664 omnibus,
1371 5618 1492 5671 qua:
1514 5601 1690 5656 fecisti
1719 5603 1900 5669 nobis,

328 5697 380 5740 (ἰ
412 5687 659 5744 universa
701 5704 863 5754 opera
901 5699 988 5744 tua
1054 5706 1201 5760 vera,
1242 5702 1293 5747 ct
1325 5703 1484 5753 recta:
1539 5695 1637 5748 via:
1669 5703 1773 5750 tua!
1797 5735 1810 5762 ,
1850 5703 1903 5751 ct

325 5778 510 5836 olllllla
542 5777 744 5856 judicia
771 5790 866 5857 tua
885 5797 1067 5866 fera;

2037 3222 2160 3292 ὄψις
2190 3223 2282 3276 τοῦ
2308 3225 2600 3296 προσώπου
2628 3227 2794 3282 αὑτοῦ
2824 3229 3090 3300 ἠλλοιώθη
3130 3233 3222 3284 ἐπὶ
3251 3233 3477 3306 Σεδρὰχ,
3505 3237 3614 3290 Μι-

2038 3311 2162 3383 σὰχ,
2192 3313 2520 3385 Ἀὁδεναγὼ,
2551 3317 2647 3369 καὶ
2672 3313 2828 3372 εἶπεν
2847 3335 2860 3349 ο
2892 3320 3227 3376 Ἑκκαύσατε
3250 3326 3348 3396 τὴν
3381 3328 3612 3398 κάμινον

2035 3402 2445 3472 ἐπταπλασίως,
2480 3407 2586 3472 ἐως
2607 3409 2689 3472 είς
2713 3409 2868 3474 τέλος
2895 3412 3088 3484 ἐκκαῇ.

2103 3495 2195 3550 20.
2234 3498 2344 3552 Kal.
2375 3499 2576 3572 ἄνδρας
2600 3501 2852 3574 ἰσχυροὺς
2874 3507 2940 3576 τῇ
2973 3506 3118 3576 ίσχύῖ
3148 3503 3320 3573 εἶπεν,
3351 3512 3613 3584 πεδήσαν-

2032 3603 2131 3650 τας
2165 3589 2256 3641 τὸν
2283 3589 2508 3662 Σεδρὰχ,
2536 3593 2742 3663 Μισὰχ,
2773 3595 2869 3648 καὶ
2908 3596 3230 3667 Ἀὀδεναγὼ,
3253 3601 3510 3671 ἐμϐαλεῖν
3532 3608 3614 3672 εἰς

2033 3676 2132 3748 τὴν
2161 3678 2392 3749 κάμινον
2419 3680 2514 3733 τοῦ
2549 3683 2720 3754 πυρὸς
2751 3684 2849 3755 τὴν
2883 3687 3200 3758 καιομένην.

2100 3772 2191 3826 21.
2224 3773 2359 3827 Τότε
2383 3776 2450 3843 ,οἱ
2484 3776 2676 3848 ἄνδρες
2733 3780 2929 3834 ἐκείνοι
2981 3783 3321 3856 ἐπεδήθησαν
3371 3790 3468 3844 σὺν
3494 3793 3609 3854 τοῖς

2032 3864 2365 3936 σαραδάροις
2404 3867 2587 3922 αὐτῶν
2611 3907 2627 3934 ,
2685 3871 2782 3924 καὶ
2808 3873 3044 3945 τιάραις,
3089 3877 3185 3930 καὶ
3211 3882 3567 3952 περικνημίσι
3589 3923 3607 3949 ,

2030 3954 2128 4007 καὶ
2155 3957 2267 4019 τοῖς
2289 3955 2584 4029 ἐνδύμασιν
2621 3959 2822 4027 αὐτῶν,
2850 3965 2948 4016 καὶ
2977 3965 3283 4038 ἐϐλήθησαν
3329 3971 3408 4034 εἰς
3442 3971 3608 4041 μέσον

2027 4046 2128 4118 τῆς
2164 4049 2395 4120 καμίνου
2416 4050 2510 4104 τοῦ
2537 4052 2707 4124 πυρὸς
2734 4053 2832 4123 τῆς
2853 4059 3170 4130 καιομένης.

2095 4137 2186 4191 22.
2239 4140 2394 4193 Ἐπεὶ
2423 4141 2484 4194 τὸ
2513 4145 2666 4214 ῥῆμα
2713 4143 2807 4199 τοῦ
2853 4147 3118 4216 βασιλέως
3148 4152 3473 4224 ὐπερίσχυε’
3509 4158 3607 4212 καὶ

2024 4228 2057 4299 ή
2089 4230 2320 4299 κάμινος
2367 4231 2637 4303 ἐξεκαύθη
2684 4235 2748 4287 ἐκ
2783 4239 3076 4308 περισσοῦ·
3127 4243 3372 4309 καὶτοὺς
3403 4246 3602 4320 ἄνδρας

2023 4321 2262 4386 ἐκείνους
2310 4324 2436 4388 τοὺς
2486 4325 2930 4393 ἐνδιαϐάλλοντας
2980 4331 3071 4385 τὸν
3125 4334 3351 4406 Σεδράχ,
3393 4340 3600 4412 Μισὰχ,

2021 4415 2117 4470 καὶ
2150 4415 2454 4486 Ἀδδεναγὼ
2485 4417 2804 4474 ἀπέκτεινεν
2827 4420 3082 4496 αύτοὺςὴ
3121 4425 3252 4494 φλὸξ
3289 4427 3384 4481 τοῦ
3430 4431 3601 4504 πυρὸς

1948 4489 1994 4547 Ῑ)
2023 4506 2301 4561 κύκλοθεν.

2088 4597 2181 4653 25.
2219 4599 2329 4652 Kal
2358 4600 2407 4653 οί
2440 4600 2633 4672 ἄνδρες
2655 4602 2852 4658 ἐκεῖνοι
2876 4606 2925 4659 οἱ
2958 4608 3106 4678 τρεῖς
3140 4610 3365 4682 Σεδράχ.
3386 4614 3596 4687 Μισὰχ,

2017 4692 2114 4745 καὶ
2169 4690 2474 4762 Ἀὖδεναγὼ
2525 4693 2719 4748 ἔπεσον
2757 4698 2838 4760 είς
2883 4699 3047 4768 μέσον
3094 4705 3194 4775 τῆς
3230 4705 3462 4774 καμίνου
3502 4706 3596 4760 τοῦ

2017 4781 2191 4853 πυρὸς
2223 4783 2324 4853 τῆς
2357 4784 2654 4856 καιομένης
2677 4789 3064 4861 πεπεδημένοι.

2086 4874 2177 4929 24.
2211 4876 2322 4928 Καὶ
2344 4877 2710 4948 περιεπάτουν
2740 4883 2798 4934 ἐν
2821 4881 2972 4953 μέσῳ
3001 4881 3101 4954 τῆς
3123 4883 3336 4954 φλογὸς,
3371 4887 3599 4959 ὑμνοῦν-

2015 4984 2105 5032 τες
2134 4967 2226 5021 τὸν
2250 4967 2402 5034 Θεὸν,
2427 4970 2521 5024 καὶ⁵
2549 4969 2900 5040 εὐλογοῦντες
2929 4974 3023 5028 τὸν
3051 4976 3274 5048 Κύριον.

2085 5060 2174 5114 25.
2227 5061 2338 5112 Kal
2373 5061 2572 5126 συστὰς
2618 5063 2801 5128 αὐτοῖς
2838 5065 3096 5138 Ἀζαρίας
3124 5067 3469 5139 προσηύξατο
3513 5069 3602 5122 οὗ·

2012 5165 2149 5213 τως’
2186 5150 2281 5204 καὶ
2323 5150 2538 5218 ἀνοίξας
2575 5153 2636 5207 τὸ
2685 5153 2859 5224 στόμα
2897 5154 3060 5208 αὐτοῦ
3091 5157 3149 5210 ἐν
3182 5157 3332 5228 μέσῳ
3360 5157 3454 5212 τοῦ
3495 5177 3598 5213 πυα-

2015 5241 2128 5312 ρὸς,
2161 5236 2316 5296 εἶπεν
2348 5259 2362 5296 :

2083 5329 2174 5384 26.
2200 5329 2506 5402 Εὐλογητὸς
2517 5327 2587 5398 εἴ,
2612 5332 2804 5404 Κύριε,
2819 5334 2847 5386 ὁ
2863 5333 2994 5398 Θεὸς
3009 5335 3117 5389 τῶν
3137 5336 3389 5408 πατέρων
3413 5338 3592 5410 ἡμῶν,

2011 5419 2108 5472 καὶ
2135 5418 2364 5484 αἰνετὸν,
2394 5423 2489 5475 καὶ
2517 5421 2901 5494 δεδοξασμένον
2937 5425 2999 5479 τὸ
3030 5424 3203 5498 δνομά
3232 5444 3324 5480 σου
3366 5429 3444 5492 είς
3468 5431 3596 5495 τοὺς

2005 5512 2229 5576 αἰῶνας.

2077 5604 2167 5659 27.
2205 5605 2324 5659 "Ott
2369 5605 2576 5671 δίκαιος
2623 5605 2674 5661 εἴ
2705 5609 2795 5661 ἐπὶ
2823 5611 2988 5664 πᾶσιν
3015 5608 3098 5675 οἷς
3139 5611 3404 5682 ἐποίησας
3437 5613 3593 5684 ἡμῖν,

2009 5695 2101 5747 καὶ
2129 5695 2304 5748 πάντα
2327 5694 2394 5747 τὰ
2421 5694 2558 5766 ἔργα
2589 5713 2683 5750 σου
2708 5698 2938 5769 ἀληθινὰ
2963 5739 2978 5763 ,
3027 5701 3124 5753 καὶ
3158 5700 3364 5759 εὐθεῖαι
3400 5703 3456 5758 αι
3484 5701 3595 5758 ὁδοί

1977 5801 2123 5875 ⁸σου,
2143 5787 2236 5840 καὶ
2262 5787 2431 5841 πᾶσαι
2465 5789 2520 5840 ai
2551 5789 2762 5860 κρίσεις
2802 5807 2895 5847 σου
2926 5791 3196 5864 ἀληθιναί.
