4064 6464
325 503 474 560 εθῦδ

1775 497 2005 557 CAPUT
2047 497 2134 554 Ill.

3453 500 3597 556 εδει

396 615 490 673 28.
526 612 640 667 Kal
671 608 916 684 κρίματα
955 608 1212 681 ἀληθείας
1245 606 1508 680 ἰποίησας
1541 607 1684 663 κάτα
1712 614 1910 676 πάντα,

2089 612 2177 666 28.
2224 611 2290 667 Et
2315 611 2524 683 judicia
2548 611 2795 668 veritatis
2816 611 2994 669 fecisti
3037 613 3192 683 juxta
3237 613 3442 677 omnia,
3477 627 3598 683 qua:

327 711 368 766 ἃ.
395 707 679 778 ἐπήγαγες
709 703 862 774 ἡμῖν,
897 702 991 755 καὶ
1014 702 1107 754 ἐπὶ
1131 700 1232 772 τὴν
1283 701 1439 755 πόλιν
1467 700 1564 772 τὴν
1612 701 1773 770 ἁγίαν
1816 700 1915 770 τὴν

327 799 440 853 τῶν
475 795 730 866 πατέρων
759 792 916 864 ἡμῶν
971 791 1350 863 Ἰερουσαλήμ.
1395 791 1516 843 Ὅτι
1569 791 1626 843 ὲν
1687 789 1917 861 ἀληθείᾳ

327 891 428 947 καὶ
461 889 644 961 κρίσει
672 887 950 956 ἐπήγαγες
979 884 1157 938 πάντα
1182 882 1355 937 ταῦτα
1387 882 1473 952 ἐφ’
1509 883 1656 953 ἡμᾶς
1696 883 1784 937 διὰ
1818 890 1918 946 τας

326 981 612 1055 ἁμαρτίας
649 975 828 1048 ἡμῶν.

400 1075 490 1130 29.
522 1074 647 1128 Ὀτι
675 1071 1020 1143 ἡμάρτομεν,
1050 1068 1144 1123 καὶ
1174 1069 1533 1140 ὴνομήσαμεν
1580 1068 1916 1132 ἀποστάντες

323 1169 441 1224 ἀπὸ
472 1167 589 1233 σοὺ,
615 1164 714 1219 καὶ
747 1163 1130 1235 ὲξημάρτομεν
1156 1161 1215 1214 ὲν
1245 1162 1402 1215 πᾶσι.

399 1262 492 1316 50.
530 1257 642 1312 Kal.
673 1255 782 1310 τῶν
831 1254 1063 1308 ἐντολῶν
1111 1269 1206 1306 σου
1257 1253 1358 1306 οὐκ
1388 1253 1745 1324 ξὴκούσαμεν,
1797 1251 1919 1305 οὐδὲ

326 1351 684 1422 ὲφυλάξαμεν
723 1347 917 1412 αὐτὰς,
938 1345 1059 1398 οὐδὲ
1080 1345 1419 1416 ἐποιήσαμεν
1449 1342 1633 1407 καθὼς
1670 1343 1920 1397 ὲνετείλω

328 1447 486 1518 ἡμῖν,
521 1443 609 1496 ἵνα
635 1435 695 1494 εὖ
725 1440 858 1510 ἡμῖν
879 1437 1127 1508 γένηται.

403 1537 494 1592 51.
524 1533 635 1588 Καὶ
657 1531 836 1586 πάντα
862 1531 963 1584 ὅσα
989 1529 1253 1600 ἐποίησας
1280 1531 1434 1601 ἡμῖν,
1455 1529 1513 1582 ὲν
1544 1527 1774 1599 ἀληθινῇ
1801 1528 1921 1599 κρί-

337 1647 418 1683 σει
447 1625 732 1696 ἐποίησας.

403 1719 495 1774 52.
537 1718 647 1771 Καὶ
676 1714 1003 1786 παρέδωκας
1036 1713 1181 1784 ἡμᾶς
1205 1713 1285 1777 είς
1330 1715 1520 1784 χεῖρας
1555 1711 1766 1783 ἐχθρῶν
1801 1710 1924 1765 ἀνά-

339 1824 475 1880 μων,
510 1805 777 1876 ἐχθίστων
828 1803 1172 1867 ἀποστατῶν,
1209 1803 1304 1856 καὶ
1339 1802 1550 1870 βασιλεῖ
1581 1802 1776 1873 ἀδίκῳ,
1828 1803 1921 1855 καὶ⁹

338 1897 692 1972 πονηροτάτῳ
727 1894 880 1967 παρὰ
912 1897 1092 1950 πᾶσαν
1119 1895 1219 1964 τὴν
1246 1894 1350 1966 γῆν
1377 1893 1698 1966 παρέδωκας
1746 1896 1912 1964 ἡμᾶς.

405 2085 496 2140 55.
531 2081 644 2136 Kal.
698 2079 794 2136 νῦν
824 2079 924 2134 οὐκ
976 2079 1124 2134 ἐστιν
1167 2080 1298 2150 ἡμῖν
1352 2078 1560 2145 ἀνοῖξαι
1607 2078 1668 2130 τὸ
1713 2078 1914 2149 στόμα·

343 2175 567 2246 αἰσχύνη
624 2173 718 2227 καὶ
759 2171 960 2236 ὄνειδος
1007 2170 1224 2240 ἐγένετο
1259 2172 1370 2233 τοῖς
1417 2170 1624 2234 δούλοις
1663 2187 1781 2237 σου,
1827 2171 1921 2223 καὶ

345 2271 452 2332 τοῖς
484 2264 800 2335 σεϐομένοις
826 2279 907 2319 σε.

416 2362 507 2415 54.
530 2358 620 2430 Μὴ
649 2357 708 2410 δὲ
745 2354 1004 2426 παραδῷς
1034 2353 1182 2425 ἡμᾶς
1224 2353 1303 2417 είς
1349 2353 1502 2417 τέλος
1533 2352 1623 2405 διὰ
1661 2351 1723 2406 τὸ
1751 2352 1922 2424 ὄνομά

363 2468 471 2512 σου,
497 2450 585 2504 καὶ
615 2447 688 2521 μὴ
715 2447 1074 2518 διασκεδάσῃς
1104 2445 1200 2518 τὴν
1228 2443 1494 2516 διαθήκην
1524 2461 1637 2497 σου.

421 2543 506 2597 55.
531 2541 639 2595 Καὶ
679 2540 755 2611 μὴ
784 2540 1102 2609 άποστήσῃς
1139 2536 1200 2590 τὸ
1232 2536 1381 2599 ἔλεός
1408 2551 1500 2586 σου
1530 2533 1623 2603 ἀφ’
1658 2533 1816 2604 ἡμῶν
1837 2532 1924 2586 διὰ

369 2634 607 2706 Ἀϐραάμ
651 2633 743 2686 τὸν
793 2630 1151 2702 ἠγαπημένον
1205 2627 1308 2682 ὑπό
1341 2644 1456 2690 σου,
1488 2627 1583 2680 καὶ
1611 2624 1700 2679 διά
1741 2625 1925 2679 Ἰσαὰκ

350 2729 435 2780 τὸν
464 2725 649 2778 δοῦλόν
682 2740 798 2790 σου,
825 2723 922 2776 καὶ
966 2719 1182 2793 Ἰσραὴλ
1202 2719 1295 2772 τὸν
1327 2718 1481 2786 ἅγιόν
1508 2734 1622 2770 σου.

413 2817 500 2872 56.
529 2811 624 2880 Οἷς
645 2815 914 2885 ὲλάλησας
935 2813 1118 2876 αὐτοῖς
1148 2811 1320 2879 λέγων
1345 2825 1358 2839 ·
1387 2807 1648 2879 Πληθυνῶ
1675 2807 1734 2860 τὸ
1762 2807 1929 2879 σπέρ-

352 2927 427 2980 μα
453 2908 630 2980 ὑμῶν,
685 2907 820 2960 ὡσεὶ
872 2905 939 2959 τὰ
970 2903 1146 2974 ἄστρα
1196 2901 1289 2955 τοῦ
1321 2900 1570 2970 οὐρανοῦ,
1601 2899 1696 2953 καὶ
1724 2897 1800 2962 ὡς
1828 2898 1927 2969 τὴν

348 3009 530 3078 ἄμμον
553 3005 653 3075 τὴν
680 3001 832 3074 παρὰ
854 3001 916 3055 τὸ
943 3000 1116 3072 χεῖλος
1139 2999 1238 3068 τῆς
1272 2997 1570 3067 θαλάσσης.

415 3097 504 3152 57.
539 3097 684 3159 Ὅτι,
706 3093 970 3158 Δέσποτα,
1003 3087 1447 3162 ὲσμικρύνθημεν
1475 3085 1623 3156 παρὰ
1655 3083 1832 3138 πάντα
1859 3079 1931 3135 τά

346 3188 497 3259 εθνη,
526 3187 622 3240 καὶ
649 3185 816 3257 ἐσμὲν
843 3183 1092 3237 ταπεινοὶ
1110 3183 1168 3236 έν
1202 3179 1350 3251 πάσῃ
1371 3179 1438 3249 τῇ
1473 3179 1544 3247 γῇ
1568 3176 1824 3259 ¹σήμερον
1843 3169 1932 3224 διὰ

345 3278 443 3340 τὰς
463 3257 743 3349 τὰμαρτίας
766 3273 944 3346 ἡμῶν.
1565 3257 1581 3269 λ’

421 3369 511 3423 58.
548 3367 659 3421 Καὶ
680 3367 780 3420 οὐκ
802 3365 948 3418 ἔστιν
979 3366 1035 3418 ὲν
1072 3362 1150 3434 τῷ
1181 3360 1357 3432 καιρῷ
1395 3359 1568 3430 τούτῳ
1603 3356 1932 3428 ἄρχων,καὶ

353 3463 662 3533 προφήτης,
722 3459 816 3512 καὶ
866 3457 1187 3528 ἡγούμενος,
1237 3452 1357 3506 οὐδὲ
1396 3449 1782 3513 ὁλοκαύτωσις,
1815 3446 1934 3500 οὐδὲ

348 3552 531 3616 θυσία,
591 3549 712 3603 οὐδὲ
773 3547 1080 3619 προσφορά,
1139 3545 1258 3599 οὐδὲ
1317 3543 1596 3613 θυμίαμα,
1627 3541 1793 3604 τόπος
1841 3539 1934 3593 τοῦ

352 3639 646 3716 ωρπῶσαι
674 3641 916 3696 ἐναντίον
943 3657 1059 3707 σου,
1094 3640 1196 3692 καὶ
1237 3637 1419 3707 εὑρεῖν
1447 3633 1616 3688 ἔλεον.

421 3849 509 3906 59.
551 3847 691 3900 Ἀλλ’
737 3845 801 3921 ,ὲν
843 3844 991 3915 ψυχῇ
1040 3839 1499 3914 συντετριμμένῃ,
1542 3837 1639 3892 καὶ
1664 3835 1958 3908 πνεύματι-

351 3940 732 4006 ταπεινώσεως
761 3935 1246 4010 προσδεχθείημεν.

423 4036 512 4092 40.
559 4035 646 4097 Ὠς
677 4035 734 4086 ὲν
762 4027 1124 4085 όλοκαυτώσει
1149 4026 1340 4098 κριῶν,
1370 4027 1464 4079 καὶ
1489 4025 1727 4096 ταύρων,
1748 4027 1842 4079 καὶ
1861 4023 1937 4089 ὡς

353 4129 411 4183 ἔν
443 4126 702 4200 μυριάσιν
743 4122 926 4195 ἀρνῶν
963 4121 1186 4184 πιόνων,
1237 4118 1380 4181 οὕτω
1421 4119 1662 4188 γενέσθω
1710 4120 1744 4189 ἠ
1779 4117 1939 4171 θυσία

351 4219 512 4294 ⁴ημῶν
542 4221 782 4292 σήμερον
821 4213 1053 4270 ἐνώπιόν
1085 4229 1201 4277 σου,
1225 4213 1320 4266 καὶ
1358 4210 1453 4264 τοῦ
1503 4209 1783 4265 ἐκτελέσαι
1819 4208 1940 4262 6m-

355 4310 482 4364 σθὲν
511 4324 606 4362 σου
625 4323 638 4335 ·
673 4307 754 4361 ὅτι
781 4305 883 4358 οὐκ
913 4303 1060 4358 ἐστιν
1089 4302 1324 4372 αἰσχύνη
1365 4303 1477 4363 τοῖς
1511 4299 1827 4353 πεποιθόσιν
1847 4298 1940 4350 ἐπὶ

354 4404 460 4460 σοί.
952 4405 954 4407 ’

425 4496 515 4552 41.
550 4494 663 4548 Kal.
709 4490 807 4547 νῦν
856 4485 1323 4558 ὲξακολουθοῦμέν
1369 4503 1451 4539 σοι
1487 4486 1545 4539 ὲν
1591 4483 1686 4555 ὅλῃ
1721 4483 1939 4554 καρδίᾳ,

353 4591 454 4645 καὶ
480 4583 799 4659 φοὸούμεθά
837 4600 918 4650 σε,
952 4583 1048 4635 καὶ
1069 4579 1342 4652 ζητοῦμεν
1367 4579 1428 4630 τὸ
1461 4577 1752 4648 πρόσωπόν
1786 4591 1902 4628 σου.

2016 703 2279 760 induxisti
2305 719 2614 775 supernos,
2651 714 2704 759 et
2737 719 2900 774 super
2929 703 3200 758 civitatem
3229 713 3476 759 sanctam
3497 718 3592 771 pa-

2016 804 2159 851 trum
2191 805 2507 852 nostrorum
2559 794 2897 860 Jerusalem;
2943 795 3069 865 quia
3155 794 3212 848 in
3271 795 3494 849 veritate
3544 807 3590 848 et

2013 889 2223 959 judicio
2282 889 2548 945 lnduxisti
2606 888 2790 944 omnia
2847 887 2964 942 haec
3019 902 3185 957 super
3244 902 3343 942 nos
3375 897 3586 958 proplet

2017 991 2242 1052 peccata
2272 991 2480 1037 nostra.

2092 1073 2183 1130 £9.
2223 1073 2582 1130 Peccavimus
2608 1073 2778 1138 enim,
2805 1081 2858 1126 et
2882 1070 3072 1140 inique
3097 1069 3310 1140 egimus
3335 1070 3595 1126 reccdcn.

2019 1176 2100 1221 tes
2125 1181 2155 1219 a
2185 1175 2258 1230 te,
2293 1174 2346 1221 et
2373 1164 2708 1235 deliquimus
2739 1166 2792 1218 in
2823 1161 3101 1218 omnibus.

2089 1255 2179 1311 50.
2223 1255 2290 1310 Ει
2324 1256 2579 1311 mandata
2609 1266 2698 1310 tua
2724 1270 2830 1309 non
2861 1251 3194 1316 audivimus,
3225 1267 3400 1323 neque
3425 1262 3599 1308 custo-

2019 1347 2259 1404 divimus
2290 1364 2375 1415 ea,
2412 1364 2587 1419 neque
2627 1349 2884 1410 fecimus,
2914 1347 3057 1402 sicut
3107 1346 3464 1402 mandaveras
3501 1362 3601 1401 no-

2021 1437 2124 1500 bis.
2151 1447 2208 1492 ut
2235 1437 2374 1492 bene
2401 1438 2558 1492 nobis
2587 1448 2752 1493 esset.

2093 1529 2183 1585 51.
2226 1531 2293 1584 Ει
2334 1531 2542 1597 omnia,
2576 1546 2698 1601 quae
2724 1527 2899 1586 fecisti
2931 1531 3112 1595 nobis,
3146 1530 3199 1584 in
3234 1543 3364 1584 vero
3393 1526 3601 1598 judicio

2023 1619 2220 1675 fecisti.

2091 1711 2179 1768 52.
2224 1711 2585 1767 Etlradidisti
2637 1727 2738 1766 nos
2765 1711 2818 1765 in
2852 1728 3048 1768 manus
3100 1711 3443 1766 inimicorum
3493 1711 3600 1765 ini-

2021 1821 2278 1876 quorum,
2312 1805 2817 1860 inimicissimorum
2851 1811 3246 1874 apostatarum,
3282 1812 3336 1856 et
3375 1804 3486 1872 regi
3515 1803 3600 1855 in-

2018 1897 2190 1967 justo,
2218 1906 2271 1953 et
2297 1896 2538 1968 pessimo
2591 1912 2755 1967 super
2804 1911 3020 1951 omnem
3076 1903 3272 1950 terram
3331 1894 3598 1951 tradidisti

2023 2004 2144 2044 llOS.

2092 2083 2182 2138 55.
2225 2080 2290 2136 Ει
2319 2096 2464 2136 nunc
2495 2097 2603 2135 non
2635 2089 2719 2136 est
2752 2081 2909 2142 nobis
2945 2081 3163 2151 aperire
3219 2097 3314 2136 os:
3350 2078 3601 2135 confusio

2022 2183 2076 2228 et
2115 2173 2464 2243 exprobratio
2508 2172 2648 2228 facta
2697 2184 2781 2230 est
2813 2173 2987 2230 servis
3019 2173 3147 2241 tuis,
3198 2183 3251 2226 et
3295 2173 3600 2227 colentibus

2029 2277 2096 2326 te.

2093 2362 2183 2417 54.
2229 2360 2334 2416 Sed
2373 2375 2442 2417 ne
2477 2361 2658 2417 tradas
2692 2376 2791 2417 nos
2835 2360 2889 2415 in
2944 2359 3106 2414 linem
3152 2366 3371 2428 propter
3401 2369 3600 2411 nomen

2026 2463 2200 2518 tuum,
2228 2462 2282 2508 et
2304 2468 2371 2507 ne
2395 2453 2628 2524 dissipes
2659 2462 3042 2508 testamentum
3067 2459 3243 2506 tuum.

2095 2545 2186 2600 55.
2228 2542 2296 2598 Et
2321 2557 2387 2598 ne
2417 2552 2632 2598 avertas
2666 2543 3103 2598 misericordiam
3161 2551 3309 2596 tuam
3361 2556 3391 2594 a
3439 2539 3601 2594 nobis

2026 2646 2247 2708 propter
2283 2635 2560 2691 Abraham
2595 2635 2854 2691 dilectum
2899 2644 3049 2690 tuum
3072 2677 3088 2702 ,
3116 2644 3170 2690 et
3206 2643 3426 2706 propter
3453 2631 3604 2688 Isaac

2027 2742 2244 2783 servum
2282 2735 2458 2791 tuum,
2491 2733 2545 2781 et
2573 2727 2738 2782 Israel
2766 2735 3015 2782 sanctum
3049 2735 3220 2780 tuum.

2100 2815 2189 2870 56.
2233 2814 2444 2882 Quibus
2491 2816 2710 2871 loeutus
2747 2831 2806 2871 es
2837 2816 2916 2872 eis
2957 2815 3146 2871 dicens
3177 2833 3191 2869 :
3229 2812 3603 2884 Multiplicaho

2029 2924 2213 2965 semen
2243 2917 2484 2962 vestrum
2511 2907 2654 2963 sicut
2681 2907 2864 2963 stellas
2892 2907 3015 2963 οωιί
3033 2946 3048 2972 ,
3087 2914 3162 2961 et.
3188 2906 3331 2961 sicut
3357 2919 3602 2968 arenam,

2030 3018 2151 3074 qua:
2183 3010 2268 3057 est
2299 3002 2352 3056 in
2385 3001 2567 3056 littore
2590 3001 2792 3056 maris._

2103 3093 2194 3150 57.
2235 3093 2395 3160 Quia,
2435 3092 2687 3159 Domine,
2719 3093 3208 3148 imminuti-sumus
3249 3092 3392 3148 ultra
3415 3106 3608 3146 omnes

2033 3197 2240 3258 gentes,
2270 3194 2326 3242 et
2347 3200 2541 3242 sumus
2573 3183 2809 3240 humiles
2857 3184 2911 3238 in
2956 3184 3212 3240 universa
3265 3192 3409 3239 terra
3447 3183 3610 3238 hodie

1957 3299 2000 3357 ο
2032 3289 2253 3351 prepter
2285 3287 2506 3350 peccata
2535 3287 2740 3333 nostra.

2104 3371 2195 3427 58.
2238 3369 2302 3425 Et
2337 3385 2445 3424 non
2473 3377 2560 3424 est
2589 3368 2646 3422 in
2677 3377 2921 3438 tempore
2949 3367 3054 3423 hoc
3098 3367 3372 3438 princeps,
3407 3377 3459 3422 et
3487 3382 3614 3436 pro-

2035 3462 2219 3532 pheta,
2243 3471 2297 3517 et
2321 3461 2425 3516 dux
2453 3501 2469 3526 ,
2513 3474 2692 3529 neque
2741 3459 3147 3524 holocaustum,
3195 3473 3370 3529 neque
3400 3459 3602 3514 sacriﬁr

2036 3555 2205 3621 cium,
2240 3569 2415 3625 neque
2437 3553 2664 3618 oblatio,
2688 3568 2866 3622 neque
2900 3553 3218 3624 thymiama,
3253 3568 3426 3622 neque
3459 3554 3613 3607 let-us

2036 3647 2310 3717 primitias
2338 3645 2604 3702 efferendi
2646 3661 2830 3702 coram
2853 3655 2928 3713 te,
2958 3653 3022 3701 ct.
3049 3644 3359 3700 inveniendi
3393 3645 3611 3699 miseri-

2038 3739 2305 3794 cordiam.

2111 3832 2202 3890 59.
2247 3831 2355 3888 Sed
2397 3833 2454 3888 in
2478 3833 2664 3888 anima
2692 3831 2948 3898 contrita,
2981 3840 3040 3887 et
3067 3830 3266 3901 spiritu
3297 3829 3617 3885 humilitatis

2039 3938 2427 3993 suscrptamur.

2110 4014 2199 4070 40.
2242 4013 2398 4069 Sicut
2429 4013 2484 4068 in
2509 4013 2836 4068 holocausto
2867 4014 3124 4080 arietum,
3147 4022 3200 4068 et
3229 4023 3534 4078 taurorum,
3565 4023 3621 4069 et

2040 4108 2185 4164 sicut
2211 4107 2265 4163 in
2292 4106 2534 4162 millibus
2565 4120 2829 4176 agnorum
2871 4105 3183 4175 pinguium;
3225 4105 3306 4161 sic
3331 4106 3423 4159 (lat
3447 4107 3618 4161 sacri-

2041 4198 2224 4254 ficium
2252 4207 2498 4254 nostrum
2536 4196 2699 4252 hodie
2728 4195 2782 4250 in
2813 4205 3106 4266 conspectu
3132 4203 3226 4248 tuo
3250 4234 3264 4259 ,
3323 4205 3377 4249 et
3406 4206 3461 4250 ut
3493 4213 3616 4264 per-

2043 4291 2256 4346 ficiatur
2284 4298 2407 4360 post
2464 4298 2534 4354 te,
2591 4287 2852 4360 quoniam
2906 4301 3014 4342 non
3049 4296 3135 4342 est
3162 4286 3414 4342 confusio
3447 4293 3619 4342 conti-

2042 4384 2299 4440 dentibus
2331 4384 2385 4438 in
2415 4391 2485 4437 te.

2113 4477 2202 4532 4i.
2245 4475 2313 4531 Et
2337 4489 2485 4530 nunc
2515 4472 2796 4544 sequimur
2825 4482 2878 4528 te
2908 4472 2960 4527 in
2995 4481 3109 4528 toto
3157 4473 3351 4538 corde,
3387 4481 3440 4528 et
3467 4474 3620 4528 time-

2046 4584 2170 4625 mus
2195 4577 2266 4635 te,
2296 4577 2350 4623 et
2373 4566 2670 4638 quaarimus
2704 4564 2896 4619 faciem
2923 4575 3093 4620 tuam.

425 4656 517 4736 42⁷.
557 4656 666 4749 Mhi
707 4672 1076 4747 καταισχύνῃς
1125 4674 1312 4744 ἡμᾶς,
1353 4669 1489 4724 ἀλλὰ
1539 4670 1765 4740 ποίησον
1821 4667 1929 4738 μεθ

2115 4661 2204 4718 42.
2239 4659 2320 4714 Ne
2353 4657 2658 4715 confundas
2702 4672 2823 4722 nos,
2853 4657 2950 4713 sed
2993 4656 3080 4713 fac
3131 4658 3413 4713 nobiscum
3466 4657 3621 4727 juxta

351 4778 386 4848 ἢ
398 4775 514 4845 μῶν
545 4769 689 4826 κατὰ
711 4767 810 4840 τὴν
842 4764 1145 4820 ἐπιείκειάν
1179 4780 1296 4828 σου,
1337 4763 1434 4816 καὶ
1467 4761 1610 4815 κατὰ
1646 4760 1706 4814 τὸ
1739 4758 1941 4830 πλῆθος

350 4864 450 4918 τοῦ
470 4861 654 4924 ἐλέους
683 4876 800 4913 σου.

427 4952 518 5008 45.
548 4950 662 5005 Kal.
697 4945 881 5013 ἐξελοῦ
932 4945 1079 5016 ἡμᾶς
1113 4940 1255 4996 κατὰ
1288 4939 1358 4992 τὰ
1386 4935 1669 5009 θαυμάσιά
1701 4953 1817 5000 σου,
1849 4935 1945 4988 καὶ

350 5046 445 5109 δὶς
476 5040 634 5108 δόξαν
659 5041 738 5112 τῷ
763 5037 988 5109 ὀνόματί
1020 5053 1139 5101 σου,
1162 5033 1358 5105 Κύριε.

317 5156 340 5197 ;
428 5134 520 5189 44.
566 5133 682 5188 Καὶ
727 5127 1130 5203 ὲντραπείησαν
1175 5125 1378 5186 πάντες
1438 5124 1486 5175 oi
1544 5119 1943 5190 ἐνδεικνύμενοι

352 5228 472 5286 τοῖς
501 5223 710 5284 δούλοις
745 5237 839 5274 σου
874 5216 1022 5273 κακὰ
1047 5257 1063 5284 ,
1115 5215 1213 5268 καὶ
1265 5207 1790 5280 καταισχυνθείησαν
1836 5205 1945 5260 ἀπὸ

354 5316 540 5388 πάσης
567 5311 910 5377 δυναστείας,
938 5310 1034 5364 καὶ
1059 5310 1093 5380 ἠ
1129 5305 1280 5377 ίσχὺς
1307 5301 1488 5356 αὐτῶν
1537 5297 1870 5368 συντριϐείη.

429 5411 519 5466 45.
555 5407 880 5474 Γνώτωσαν,
907 5407 991 5460 ὅτι
1025 5405 1090 5458 σὺ
1121 5399 1173 5456 εἶ
1197 5401 1402 5472 Κύριος
1431 5400 1459 5452 ὁ
1483 5397 1614 5459 Θεὸς
1641 5395 1820 5466 μόνος,
1851 5395 1944 5448 καὶ

353 5505 388 5557 ὁ
416 5500 622 5566 ἔνδοξος
645 5498 730 5568 ἐφ’
757 5498 886 5566 ὃλην
907 5495 1006 5566 τὴν
1029 5490 1378 5561 οἰκουμένην.

430 5591 518 5645 Mi.
565 5589 676 5643 Kal.
713 5589 776 5640 οὐ
823 5585 1065 5638 διέλιπον
1087 5583 1136 5635 οἱ
1169 5579 1533 5651 ὲμὸάλλοντες
1582 5571 1780 5636 αὐτοὺς
1838 5573 1942 5624 ὐπ-

352 5682 553 5755 ηρέται
581 5681 675 5735 τοῦ
721 5678 984 5750 βασιλέως
1029 5675 1275 5734 καίοντες
1305 5670 1401 5741 τὴν
1443 5670 1675 5738 κάμινον
1715 5664 1942 5732 νάφθαν,

352 5775 458 5828 καὶ
491 5773 739 5835 στίπυον,
769 5771 867 5824 καὶ
893 5770 1120 5828 πίσσαν,
1147 5765 1242 5817 καὶ
1269 5761 1602 5833 κληματίδα.

431 5865 519 5920 47.
546 5866 658 5918 Kal.
690 5863 928 5932 διηχεῖτο
958 5863 990 5930 ἡ
1035 5855 1167 5926 φλὸξ
1209 5853 1392 5908 ἐπάνω
1421 5853 1521 5922 τῆς
1567 5847 1804 5920 καμίνου
1848 5847 1942 5900 ἐπὶ

352 5957 554 6029 πήχεις
578 5951 1165 6026 τεσσαρακονταεννέα.

2043 4752 2520 4810 mansuetudinem
2556 4760 2740 4819 tuam,
2781 4760 2834 4807 et
2868 4751 3168 4808 secundum
3217 4750 3622 4805 multitudinem

2043 4845 2436 4901 misericordia:
2467 4851 2595 4898 tuae.
2905 4828 2914 4842 ⁸

2113 4939 2204 4993 45.
2245 4936 2312 4992 Ει
2349 4952 2481 4992 erue
2511 4952 2613 4992 nos
2633 4938 2790 5007 juxta
2818 4936 3088 4992 mirabilia
3133 4943 3246 4996 tua,
3297 4943 3351 4988 et
3407 4934 3474 4988 da
3505 4934 3620 5004 gloo

2045 5032 2179 5086 riam
2215 5031 2425 5086 nomini
2453 5039 2566 5095 tuo,
2603 5029 2852 5085 Domine.

2115 5125 2206 5179 Η.
2245 5123 2312 5178 Ει
2340 5122 2751 5178 confundantur
2789 5137 3005 5187 omnes,
3047 5121 3140 5191 qui
3174 5121 3472 5175 ostendunt
3503 5135 3621 5174 ser—

2043 5217 2127 5271 vis
2157 5214 2268 5270 tuis
2294 5213 2462 5277 mala,
2492 5221 2547 5266 et
2573 5210 2979 5268 confundantur
3002 5211 3071 5264 ab
3095 5208 3245 5264 omni
3281 5208 3547 5278 potentia,
3571 5217 3622 5262 et

2043 5310 2213 5365 robur
2238 5322 2429 5362 eorum
2463 5312 2824 5360 conteratun

2114 5400 2205 5455 45.
2247 5399 2611 5468 Cognoscant,
2648 5394 2774 5464 quia
2800 5401 2854 5447 tu
2886 5409 2946 5448 es
2972 5391 3238 5447 Dominus
3283 5391 3426 5447 Dens
3451 5392 3623 5454 solus,

2044 5501 2098 5546 et
2122 5491 2396 5562 gloriosus
2421 5502 2586 5556 super
2621 5486 2938 5539 universum
2969 5483 3157 5537 orbem
3191 5492 3482 5538 terrarum.

2117 5584 2206 5637 46.
2248 5581 2314 5636 Et
2343 5595 2449 5634 non
2483 5579 2792 5642 cessabant,
2823 5575 2917 5645 qui
2947 5576 3246 5645 injecerant
3271 5590 3366 5629 eos
3392 5574 3629 5629 ministri

2044 5667 2207 5742 regis,
2241 5670 2636 5728 succendentes
2667 5667 2948 5723 fornacem
2988 5666 3251 5735 naphtha,
3290 5673 3338 5718 et
3376 5673 3557 5734 stupa,
3583 5678 3629 5718 et

2045 5767 2184 5836 pice,
2220 5772 2274 5818 et
2303 5763 2614 5818 sarmentis.

2115 5855 2205 5909 47.
2251 5853 2317 5909 Et.
2345 5851 2725 5908 effundebatur
2767 5849 2986 5905 ﬂannna
3036 5859 3200 5915 super
3245 5844 3526 5901 fornacem
3562 5843 3629 5900 ad

2047 5947 2260 6003 cubitus
2299 5945 2658 6017 quadraginta
2685 5961 2899 6000 novem.
