4064 6428
377 427 516 510 οβετ

1791 425 2018 484 CAPUT
2053 426 2147 482 Ill.

3493 440 3635 517 2353

449 538 540 595 75.
571 537 858 608 Εὑλογεῖτε
886 538 1187 611 ἀστραπαὶ,
1216 541 1312 596 καὶ
1337 541 1557 614 νεφέλαι
1600 542 1694 598 τὸν
1730 543 1942 614 Κύριον1

2129 539 2222 595 75.
2265 539 2573 601 Benedicite
2603 543 2839 617 fulgura,
2885 555 2940 604 et
2972 548 3146 606 nubes
3205 548 3460 619 Domino,
3519 553 3635 612 iam

380 633 620 702 ὑμνεῖτε,
656 631 754 684 καὶ
791 631 1134 702 ὑπερυψοῦτε
1169 634 1334 690 αὑτὸν
1362 637 1444 700 εἰς
1476 636 1604 700 τοὺς
1631 634 1856 697 αἰῶνας.

448 724 536 779 74.
561 724 851 796 Εὑλογήτω
876 726 1001 796 ήγῆ
1023 726 1115 780 τὸν
1136 726 1361 800 Κύριον,
1396 728 1654 798 ὑμνείτω,
1683 727 1776 781 καὶ
1793 727 1959 797 ὑπερ-

377 815 593 888 υψούτω
614 817 775 870 αὑτὸν
802 817 882 880 εἰς
920 818 1046 882 τοὺς
1080 819 1304 884 αἰῶνας.

446 909 536 964 75.
564 907 849 976 Εὑλογεῖτε
870 908 994 980 ὅρη,
1023 911 1117 964 καὶ
1142 910 1325 981 βουνοί
1351 912 1442 966 τὸν
1467 911 1694 984 Κύριον,
1712 912 1954 986 ὑμνεῖτε,

376 1001 470 1056 καὶ
501 999 844 1071 ὑπερυψοῦτε
882 1003 1045 1056 αὑτὸν
1077 1004 1159 1068 εἰς
1186 1005 1314 1069 τοὺς
1341 1005 1568 1069 αἰῶνας.

448 1093 536 1148 76.
573 1093 862 1161 Εὑλογεῖτε
910 1095 1088 1149 πάντα
1145 1097 1215 1151 τὰ
1250 1100 1494 1168 φυόμενα
1543 1099 1601 1151 ἐν
1652 1099 1718 1169 τῇ
1758 1099 1829 1169 γῇ
1862 1097 1957 1152 τὸν

373 1184 603 1254 Κύριον,
653 1185 896 1255 ὑμνεῖτε,
953 1187 1050 1242 καὶ
1104 1187 1448 1261 ὑπερυψοῦτε
1496 1188 1662 1244 αὑτὸν
1710 1192 1791 1255 εἰς
1831 1191 1958 1255 τοὺς

371 1276 595 1340 αἰῶνας.

443 1367 530 1421 77.
566 1367 856 1436 Εὑλογεῖτε
883 1367 942 1422 αἰ
972 1368 1151 1439 πηγαὶ
1178 1368 1269 1423 τὸν
1293 1369 1523 1442 Κύριον,
1555 1371 1809 1442 ὑμνεῖτε,
1859 1373 1955 1426 καὶ

377 1458 715 1530 ὑπερυψοῦτε
747 1459 908 1513 αὑτὸν
933 1461 1016 1524 εἰς
1042 1461 1170 1525 τοὺς
1202 1463 1429 1525 αἰῶνας.

444 1553 529 1608 78.
563 1553 856 1621 Εὑλογεῖτε
891 1553 1180 1619 θάλασσαι,
1203 1554 1300 1608 καὶ
1337 1553 1576 1625 ποταμοὶ
1603 1555 1695 1608 τὸν
1723 1553 1951 1626 Κύριον,

371 1644 613 1715 ὑμνεῖτε,
643 1646 739 1698 καὶ
772 1643 1116 1717 ὑπερυψοῦτε
1151 1643 1312 1698 αὑτὸν
1350 1646 1431 1708 εἰς
1461 1646 1590 1709 τοὺς
1619 1645 1844 1710 αἰῶνας.

439 1735 526 1791 79.
563 1735 855 1804 Εὑλογεῖτε
906 1737 1043 1806 κήτη
1071 1774 1086 1799 ,
1138 1736 1234 1790 καὶ
1265 1735 1445 1791 πάντα
1470 1736 1540 1790 τὰ
1569 1737 1863 1808 κινούμενα
1888 1724 1952 1792 ἐν

2058 630 2203 696 date,
2239 643 2293 688 et
2318 636 2714 706 superexaltate
2750 652 2873 692 eum
2903 639 2956 692 in
2987 641 3207 695 saecula.

2081 795 2088 800 .
2131 723 2219 780 74.
2260 723 2554 783 Benedicat
2591 738 2739 784 terra
2796 729 3045 799 Domino,
3082 732 3286 802 laudet,
3328 745 3384 789 et
3442 749 3634 805 super-

2057 819 2259 874 exaltet
2293 835 2419 874 eum
2451 819 2507 875 in
2536 822 2762 876 saecula.

2129 911 2215 966 75.
2253 911 2562 968 Benedicite
2589 923 2822 980 montes,
2850 921 2903 968 et
2923 913 3087 970 colles
3113 913 3365 981 Domino,
3393 915 3629 984 laudate,

2056 1009 2112 1057 et
2136 1004 2534 1073 superexaltate
2570 1020 2695 1060 eum
2725 1005 2778 1059 in
2812 1006 3030 1062 saecula.

2129 1094 2216 1148 76.
2257 1094 2571 1152 Benedicite
2642 1096 2900 1152 universa
2954 1095 3319 1167 get-minantia
3369 1097 3424 1152 in
3489 1107 3634 1153 terra

2056 1185 2312 1256 Domino,
2346 1189 2587 1257 laudate,
2613 1200 2670 1247 et
2695 1191 3098 1263 superexaltate
3117 1206 3242 1246 eum
3276 1191 3329 1246 in
3356 1193 3578 1248 saecula.

2129 1363 2218 1418 77.
2259 1364 2568 1424 Benedicite
2604 1366 2784 1424 fontes
2819 1367 3072 1438 Domino,
3103 1367 3342 1434 laudate,
3365 1377 3637 1440 et‘supcra

2054 1457 2289 1511 exaltate
2321 1472 2445 1512 eum
2481 1459 2536 1514 in
2576 1461 2796 1516 saecula.

2127 1547 2213 1602 78.
2256 1547 2566 1605 Benedicite
2591 1553 2784 1619 maria,
2806 1561 2859 1608 et
2883 1551 3107 1609 ﬂumina
3120 1553 3372 1622 Domino,
3394 1555 3632 1620 laudate,

2052 1649 2106 1695 et
2137 1643 2537 1712 superexaltate
2567 1659 2692 1698 eum
2714 1646 2768 1698 in
2803 1646 3022 1700 saecula.

2126 1732 2215 1790 79.
2255 1733 2566 1791 Benedicite
2587 1743 2729 1802 cete,
2759 1745 2814 1792 et
2851 1738 3058 1806 omnia,
3087 1754 3209 1810 quae
3259 1728 3547 1794 moventur
3577 1740 3633 1795 in

368 1829 480 1892 τοῖς
513 1825 668 1880 ὕδασι
699 1826 790 1880 τὸν
827 1825 1053 1897 Κύριον,
1089 1825 1329 1898 ὑμνεῖτε,
1360 1828 1455 1881 καὶ
1487 1828 1830 1899 ὑπερυψοῦτε
1851 1829 1942 1883 αὑ-

2053 1826 2213 1897 aquis
2241 1827 2495 1898 Domino,
2517 1829 2757 1897 laudate,
2787 1837 2842 1885 et
2871 1831 3275 1901 superexaltate
3307 1848 3430 1888 eum
3457 1832 3513 1887 in
3534 1848 3636 1888 ειε-

371 1921 460 1974 τὺν
485 1921 564 1984 εἰς
588 1920 716 1982 τοὺς
747 1918 973 1983 αἰῶνας.

438 2011 527 2068 80.
569 2010 856 2079 Εὑλογεῖτε
885 2011 1062 2066 πάντα
1107 2010 1174 2065 τὰ
1210 2010 1451 2066 πετεινὰ
1479 2010 1571 2064 τοῦ
1603 2011 1833 2084 ούρανοῦ
1860 2011 1952 2065 τὸν

375 2103 600 2174 Κύριον,
661 2102 879 2172 ὑμνεῖτε
905 2141 921 2167 ,
969 2104 1067 2157 καὶ
1101 2101 1447 2173 ὑπερυψοῦτε
1494 2101 1654 2156 αὑτὸν
1697 2104 1776 2167 εἰς
1825 2104 1952 2166 τοὺς

369 2195 584 2258 αἰῶνας.

442 2287 529 2342 81.
564 2285 848 2354 Εὑλογεῖτε
881 2285 1061 2340 πάντα
1101 2284 1170 2339 τὰ
1214 2284 1399 2357 Θηρία,
1424 2286 1519 2340 καὶ
1551 2286 1619 2339 τὰ
1651 2284 1820 2358 κτήνη
1859 2286 1949 2339 τὸν

377 2379 598 2449 Κύριον,
626 2379 864 2449 ὑμνεῖτε,
897 2379 992 2432 καὶ
1015 2378 1358 2450 ὑπερυψοὺτε
1379 2377 1540 2432 αὑτὸν
1561 2379 1640 2442 εἰς
1669 2379 1796 2442 τοὺς
1819 2377 1951 2432 αἰῶ-

381 2487 490 2533 νας.

441 2560 526 2614 82.
559 2559 846 2629 Εὑλογεῖτε
894 2559 1002 2612 υἰοὶ
1057 2559 1166 2613 τῶν
1215 2559 1520 2630 ἀνθρώπων
1571 2560 1665 2613 τὸν
1719 2560 1947 2634 Κύριον,

369 2651 603 2723 ὑμνεῖτε,
622 2653 718 2706 καί
749 2651 1094 2724 ὑπερυψοῦτε
1125 2653 1287 2707 αὑτὸν
1309 2654 1388 2717 εἰς
1412 2654 1540 2716 τοὺς
1579 2652 1805 2717 αἰῶνας.

433 2743 522 2797 85.
548 2743 836 2813 Εὑλογεῖτε
883 2745 993 2798 υἰοῒ⁹
1035 2744 1251 2817 Ἰσραὴλ
1284 2745 1375 2798 τὸν
1425 2745 1654 2818 Κύριον,
1705 2747 1945 2818 ὑμνεῖτε,

367 2837 460 2889 καί.
492 2836 835 2907 ὑπερυψοῦτε
859 2837 1022 2892 αὑτὸν
1056 2839 1134 2901 εἰς
1155 2838 1284 2901 τοὺς
1311 2837 1532 2902 αἰῶνας.

431 2927 522 2982 84.
565 2925 853 2994 Εὑλογεῖτε
905 2927 1074 2997 ἱερεῖς
1125 2926 1218 2979 τὸν
1269 2926 1496 2996 Κύριον,
1555 2926 1799 2995 ὑμνεῖτε,
1852 2927 1947 2980 καὶ

362 3017 704 3089 ὑπερυψοῦτε
726 3018 887 3072 αὑτὸν
919 3020 998 3081 εἰς
1031 3017 1159 3081 τοὺς
1188 3016 1413 3080 αἰῶνας.

431 3108 518 3163 85.
543 3109 827 3174 Εὑλογεῖτε
853 3108 1029 3162 δοῦλοι
1075 3109 1284 3180 Κυρίου
1319 3107 1410 3162 τὸν
1444 3107 1668 3180 Κύριον,
1701 3107 1944 3179 ὑμνεῖτε,

361 3198 457 3254 καὶ
481 3199 824 3271 ὑπερυψοῦτε
846 3199 1009 3254 αὑτὸν
1041 3199 1121 3263 εἰς
1152 3199 1280 3262 τοὺς
1304 3199 1528 3264 αἰῶνας.

431 3291 520 3346 86.
558 3291 842 3360 Εὑλογεῖτε
884 3291 1193 3362 πνεύματα,
1229 3292 1326 3344 καὶ
1377 3290 1552 3361 ψυχαί¹
1602 3291 1829 3351 δικαίων
1852 3293 1944 3348 τὸν

360 3386 588 3458 Κύριον,
619 3387 860 3457 ὑμνεῖτε,
884 3387 979 3441 καὶ
999 3383 1344 3456 ὑπερυψοῦτε
1368 3385 1532 3439 αὑτὸν
1556 3386 1636 3450 εἰς
1663 3389 1788 3453 τοὺς
1810 3389 1945 3443 αἰῶ-

360 3494 459 3543 νας
462 3517 481 3536 ο

432 3569 521 3623 87.
556 3568 843 3638 Εὑλογεῖτε
871 3568 1031 3634 ὅσιοι,
1080 3569 1175 3622 καὶ
1213 3571 1462 3622 ταπεινοὶ
1504 3572 1570 3641 τῇ
1614 3571 1814 3644 καρδίᾳ
1854 3573 1944 3627 τὸν

358 3660 584 3732 Κύριον,
614 3661 854 3732 ὑμνεῖτε,
882 3661 976 3714 καί¹
1003 3660 1344 3732 ὑπερυψοῦτε
1370 3661 1533 3716 αὑτὸν
1555 3657 1635 3726 εἰς
1660 3663 1786 3727 τοὺς
1813 3663 1946 3716 αἰῶ-

357 3770 478 3817 νας.

428 3846 517 3902 88.
554 3845 840 3916 Εὑλογεῖτε
880 3846 1122 3911 Ἀνανία,
1163 3845 1414 3918 Ἀζαρία,
1457 3846 1679 3918 Μισαὴλ
1714 3846 1806 3901 τὸν
1829 3846 1944 3901 Κύ-

357 3956 496 4010 ριον,
534 3939 757 4008 ὑμνεῖτε
781 3979 795 4004 ,
838 3939 935 3991 καὶ
976 3937 1320 4009 ὑπερυψοῢτε
1347 3938 1510 3993 αὑτὸν
1532 3940 1612 4002 εἰς
1640 3939 1766 4000 τοὺς
1804 3939 1943 3992 αἰῶ-

357 4048 475 4094 νας.
513 4031 635 4084 Ὅτι
657 4029 929 4102 ἐρρύσατο
955 4031 1104 4102 ἡμᾶς
1142 4030 1202 4094 ἐξ
1230 4030 1382 4102 ᾂδου,
1417 4031 1513 4083 καὶ
1539 4032 1604 4082 ἐκ
1633 4031 1814 4102 χειρὸς
1843 4030 1933 4084 θα-

356 4119 520 4174 νάτου
554 4118 759 4174 ἔσωσεν
787 4121 968 4192 ἡμᾶς·
1017 4121 1112 4173 καὶ
1152 4119 1427 4192 ἐρρύσατο
1472 4122 1620 4192 ἡμᾶς
1675 4123 1742 4174 ἐκ
1775 4121 1940 4192 μέσου

354 4211 653 4283 καιομένης
694 4211 915 4281 φλογὸς,
970 4213 1068 4267 καὶ
1120 4214 1185 4269 ἐκ
1233 4213 1405 4284 μέσου
1449 4214 1620 4286 πυρὸς
1675 4215 1944 4287 ἐρρύσατο

353 4304 524 4376 ἡμᾶς.

429 4397 518 4452 89.
567 4394 1011 4466 Ἑξομολογεῖσθε
1065 4397 1146 4469 τῷ
1175 4398 1405 4471 Κυρίῳ,
1449 4399 1532 4454 ὅτι
1558 4401 1826 4472 χρηστὸς,
1858 4402 1940 4456 ὅτι

354 4487 439 4550 εἰς
470 4490 560 4540 τὸν
590 4489 760 4542 αἰῶνα
789 4489 849 4542 τὸ
881 4489 1031 4554 ἔλεος
1059 4491 1247 4546 αὑτοῦ.

1981 1897 2025 1954 Β
2055 1920 2197 1976 cula.

2124 2012 2211 2068 80.
2257 2012 2567 2070 Benedicite
2621 2029 2814 2070 omnes
2874 2015 3128 2071 volucres
3193 2015 3320 2072 coeli
3380 2015 3633 2080 Domino,

2052 2105 2292 2172 laudate,
2326 2115 2381 2160 et
2415 2107 2820 2176 superexaltate
2853 2122 2980 2162 eum
3013 2107 3069 2161 in
3103 2109 3326 2164 sazcula.

2121 2277 2211 2333 8i.
2254 2276 2565 2334 Benedicite
2591 2293 2784 2335 omnes
2823 2279 3032 2346 bestia,
3075 2287 3129 2334 et
3160 2294 3357 2349 pecora
3372 2277 3627 2346 Domino,

2052 2370 2288 2449 laudate,
2319 2379 2373 2426 et
2403 2371 2805 2441 superexaltate
2835 2387 2959 2427 eum
2985 2371 3040 2426 in
3072 2372 3291 2428 saecula.

2122 2573 2212 2629 82.
2252 2571 2562 2629 Benedicite
2589 2572 2684 2628 lilii
2719 2574 3004 2630 hominum
3031 2573 3286 2640 Domino,
3321 2572 3632 2640 laudate,et

2049 2661 2456 2732 superexaltate
2481 2676 2604 2716 eum
2635 2661 2691 2716 in
2722 2662 2944 2718 saecula.

2121 2753 2212 2809 85.
2254 2753 2566 2809 Benedicite
2617 2753 2714 2808 lilii
2748 2753 2916 2810 Israel
2973 2754 3208 2811 Domino
3236 2794 3253 2821 ,
3297 2755 3532 2820 laudate,
3579 2764 3634 2810 et

2051 2847 2453 2917 superexaltate
2488 2861 2611 2902 eum
2651 2846 2705 2901 in
2738 2847 2959 2902 saecula.

2121 2940 2210 2993 81.
2254 2937 2568 2994 Benedicite
2598 2939 2915 2994 sacerdotes
2971 2937 3207 2994 Domino
3233 2978 3248 2996 .
3299 2938 3540 3005 laudate,
3576 2948 3631 2994 et

2050 3027 2450 3097 superexaltale
2483 3042 2608 3082 eum
2639 3028 2694 3081 in
2730 3027 2951 3083 saecula.

2120 3119 2210 3173 85.
2252 3118 2563 3174 Benedicite
2600 3119 2744 3175 servi
2784 3120 2998 3175 Domini
3029 3119 3284 3188 Domino,
3321 3120 3554 3186 laudate,
3576 3133 3630 3177 et

1973 3229 2017 3288 α
2051 3213 2452 3282 superexaltate
2477 3226 2603 3268 eum
2639 3211 2694 3266 in
2724 3211 2946 3267 saecula.

2125 3305 2214 3361 86.
2255 3304 2566 3361 Benedicite
2591 3304 2839 3374 spiritus,
2882 3311 2937 3359 et
2975 3303 3171 3359 animae
3216 3303 3491 3375 justorum
3522 3305 3632 3361 Do-

2055 3394 2224 3464 mino,
2260 3393 2498 3461 laudate,
2526 3400 2580 3448 ct
2610 3392 3007 3463 superexallate
3032 3407 3155 3448 eum
3185 3393 3241 3447 in
3268 3394 3487 3449 saecula.

2124 3569 2210 3623 87.
2252 3567 2562 3624 Benedicite
2600 3565 2798 3634 sancti,
2837 3574 2891 3621 et
2925 3566 3157 3624 humiles
3185 3569 3349 3625 corde
3371 3567 3629 3640 Domino,

2052 3655 2289 3720 laudate,
2322 3663 2376 3709 et
2405 3653 2807 3724 superexaltate
2837 3668 2962 3708 eum
2998 3652 3054 3708 in
3089 3655 3285 3710 saecula

2123 3841 2213 3896 88.
2255 3841 2567 3898 Benedicite
2593 3843 2828 3910 Anania,
2858 3842 3073 3913 Azaria,
3129 3844 3318 3901 Misael
3374 3845 3626 3914 Domino,

2051 3932 2288 3996 laudate,
2319 3942 2372 3988 et
2397 3934 2796 4002 superexaltate
2823 3951 2950 3990 eum
2981 3939 3036 3991 in
3089 3939 3307 3993 saecula.
3329 3936 3466 4004 Quia
3486 3939 3630 3993 eruit

2051 4039 2151 4080 nos
2175 4030 2242 4080 de
2266 4023 2498 4089 inferno,
2530 4035 2583 4080 et
2607 4026 2678 4081 de
2705 4041 2868 4081 manu
2905 4027 3100 4083 mortis
3129 4029 3310 4084 salvos
3352 4028 3480 4085 fecit
3507 4046 3626 4094 nos,

2051 4125 2105 4173 et
2135 4117 2388 4173 liberavit
2420 4131 2523 4172 nos
2555 4117 2623 4172 de
2676 4117 2859 4173 medio
2897 4119 3140 4176 ardentis
3187 4121 3438 4188 ﬂammae,
3472 4132 3526 4177 et
3559 4123 3626 4178 de

2052 4211 2232 4266 medio
2261 4210 2402 4282 ignis
2430 4208 2573 4265 eruit
2605 4223 2726 4266 nos.
3143 4207 3146 4212 ’

2119 4388 2206 4445 89.
2221 4387 2570 4444 Conﬁtemini
2604 4386 2854 4452 Domino,
2885 4386 3143 4458 quoniam
3162 4385 3622 4458 bonus,quonia'm

2048 4485 2103 4540 in
2138 4494 2403 4540 aeternum
2443 4482 2824 4539 misericordia
2856 4481 2999 4552 ejus.

429 4574 518 4629 90.
546 4574 833 4646 Εὑλογεῖτε
868 4579 1070 4643 πάντες
1127 4581 1178 4632 οἰ
1234 4580 1518 4652 σεσὸμενοι
1564 4581 1656 4635 τδν
1705 4581 1935 4654 Κύριον,

2119 4578 2209 4633 90.
2251 4577 2564 4633 Benedicite
2611 4591 2803 4632 omnes
2867 4574 3110 4631 colentes
3171 4573 3488 4642 Dominum,
3523 4573 3626 4632 Do-

353 4665 562 4739 Κύριον
583 4669 674 4722 τὸν
706 4669 841 4722 Θεὸν
862 4669 972 4723 τῶν
996 4670 1156 4736 θεῶν,
1193 4672 1437 4742 ὑμνεῖτε,
1467 4674 1563 4727 καὶ
1597 4673 1938 4744 ἐξομολογεῖ-

356 4759 476 4826 σθε,
503 4761 583 4814 ὅτι
613 4763 692 4825 εἰς
727 4761 936 4826 πάντας
960 4763 1086 4826 τοὺς
1112 4763 1317 4826 αἰῶνας
1341 4764 1402 4816 τὸ
1431 4763 1578 4827 ἔλεος
1611 4765 1797 4821 αὑτοῦ.

428 4853 516 4908 9|.
561 4855 673 4908 Kal
699 4854 1172 4927 Ναϐουχοδονόσορ
1219 4855 1454 4926 ἤκουσεν
1504 4847 1817 4926 ὑμνούντων
1844 4858 1941 4910 αὑ-

353 4943 485 5014 τῶν,
521 4947 618 5000 καὶ
660 4945 964 5016 ἐθαύμασε,
1021 4947 1117 5001 καὶ
1172 4945 1434 5016 ἐξανέστη
1473 4944 1532 4996 ἐν
1561 4947 1790 5017 σπουδῇ,
1843 4949 1939 5002 καὶ

356 5034 481 5090 εἷπε
513 5041 624 5102 τοῖς
663 5039 987 5108 μεγιστᾶσιν
1023 5036 1210 5091 αὑτοῦο
1238 5038 1375 5107 Οὐχὶ
1401 5035 1601 5109 ἄνδρας
1621 5040 1772 5109 τρεῖς
1811 5038 1936 5092 ἐϐά-

355 5128 526 5198 λομεν
564 5131 645 5196 εἰς
681 5133 848 5200 μέσον
881 5132 974 5186 τοῦ
998 5134 1173 5208 πυρὸς
1205 5134 1650 5204 πεπεδημένους;
1687 5134 1784 5188 καὶ
1807 5136 1943 5188 ἀπο-

357 5221 640 5293 κριθέντες
659 5223 880 5293 λέγουσι
905 5225 985 5296 τῷ
1009 5225 1218 5297 βασιλεῖ
1235 5241 1251 5257 ·
1297 5225 1560 5297 Ἀληθῶς,
1588 5224 1835 5296 βασιλεῦ.

435 5314 524 5370 92.
557 5316 668 5369 Καὶ
712 5316 1034 5388 ἀποκριθεὶς
1076 5313 1231 5372 εἴπεν
1263 5318 1292 5370 ὁ
1341 5317 1593 5388 βασιλεύς
1616 5333 1631 5346 ·
1664 5309 1790 5370 Ὦδε
1830 5317 1941 5386 ἐγὼ

359 5406 471 5478 ὁρῶ
498 5406 698 5477 ἄνδρας
730 5409 1004 5479 τέσσαρας
1039 5408 1369 5480 λελυμένους
1415 5405 1853 5481 περιπατοῦντας
1881 5411 1940 5462 ἐν

365 5499 516 5569 μέσῳ
534 5499 628 5552 τοῦ
652 5502 843 5571 πυρὸς,
877 5503 974 5555 καὶ
994 5501 1262 5572 διαφθορά
1287 5502 1388 5554 οὑκ
1419 5499 1570 5555 ἐστιν
1606 5500 1810 5566 αὐτοῖς,
1841 5501 1940 5553 καί

360 5592 396 5661 ἡ
425 5591 611 5663 ὅρασις
631 5592 726 5646 τοῦ
747 5593 1012 5664 τετάρτου
1042 5594 1203 5664 ὁμοία
1233 5593 1336 5664 υἱῷ
1366 5590 1523 5646 Θεοῦ.
1566 5635 1568 5637 .

429 5683 520 5740 95.
543 5685 588 5736 Τ
591 5683 680 5738 ότε
708 5683 979 5756 προσῆλθε
1001 5684 1475 5756 Ναϐουχοδονόσορ
1500 5681 1635 5754 πρὸς
1650 5681 1748 5752 τὴν
1765 5680 1936 5751 θύραν

361 5773 460 5843 τῆς
485 5776 717 5846 καμίνου
760 5776 853 5830 τοὺ
903 5775 1075 5845 πυρὸς
1123 5775 1226 5845 τῆς
1271 5774 1591 5845 καιομένης,
1622 5774 1718 5828 καὶ
1746 5768 1932 5824 εἶπενο

362 5864 588 5938 Σεδρὰχ,
616 5866 837 5940 Μισὰχ,
881 5867 1214 5937 ’Λϐδεναγὼ,
1257 5868 1306 5920 οἰ
1348 5866 1522 5921 δοῦλοι
1541 5865 1634 5919 τοῦ
1675 5863 1809 5918 Θεοὺ
1840 5863 1934 5917 τοῦ

2044 4671 2196 4725 mino
2224 4668 2335 4725 Deo
2357 4670 2604 4732 deorum,
2635 4669 2871 4736 laudate,
2904 4677 2958 4724 et
2989 4669 3622 4738 conﬁtemini,quoniam

2044 4765 2100 4819 in
2137 4763 2322 4820 omnia
2354 4762 2551 4818 saecula
2583 4761 2960 4817 misericordia
2985 4761 3128 4832 ejus.

2114 4855 2204 4911 9|.
2244 4853 2312 4910 Et
2330 4853 2836 4910 Nabuchodonosor
2864 4854 3074 4909 audivit
3095 4852 3379 4907 laudantes
3408 4851 3550 4913 illos,
3568 4859 3624 4906 et

2045 4947 2347 5016 obstupuit,
2377 4952 2430 5000 et
2458 4945 2702 5001 surrexit
2753 4959 3005 5015 propere,
3055 4952 3108 4999 et
3155 4944 3231 4998 ait
3265 4942 3622 5012 Optimatibus

2045 5038 2412 5095 suiszNonne
2453 5039 2603 5092 viros
2637 5046 2747 5093 tres
2785 5037 3039 5092 misimus
3083 5037 3136 5091 in
3190 5037 3430 5091 medium
3479 5037 3623 5106 ignis

2044 5127 2426 5200 compeditos?
2458 5137 2514 5184 et
2568 5128 2965 5198 respondentes
3017 5125 3208 5181 dicunt
3263 5125 3423 5196 regi:
3462 5115 3646 5191 Vere,

2045 5236 2136 5276 rex
2150 5260 2162 5272 .
3195 5234 3206 5238 “

2111 5313 2200 5367 92.
2243 5311 2310 5366 Et
2343 5310 2682 5382 respondens
2718 5307 2856 5364 dixit
2884 5323 3019 5363 rex:
3081 5307 3180 5363 Hic
3217 5322 3320 5378 ego
3351 5307 3510 5364 video
3543 5307 3621 5360 vi-

2043 5420 2136 5460 ros
2172 5413 2407 5475 quatuor
2443 5403 2655 5459 solutos
2685 5400 3028 5455 ambulantes
3056 5399 3111 5453 in
3148 5401 3330 5455 medio
3370 5400 3531 5472 ignis,
3566 5410 3620 5455 et

2041 5497 2322 5566 corruptio
2349 5509 2458 5549 non
2485 5502 2568 5548 est
2617 5493 2670 5547 in
2701 5495 2802 5561 eis,
2855 5499 2910 5547 et
2953 5491 3162 5562 species
3209 5495 3392 5564 quarti
3423 5494 3619 5548 similis

2041 5587 2155 5640 [ilio
2189 5586 2306 5641 Dei.
2717 5640 2728 5647 ,

2112 5680 2202 5734 95.
2244 5678 2399 5733 Tune
2443 5678 2680 5732 accessit
2737 5678 3247 5735 Nabuchodonosor
3291 5678 3359 5734 ad
3414 5679 3618 5734 ostium

2041 5771 2283 5826 l'm'uacis
2312 5769 2452 5842 ignis
2475 5769 2740 5836 ardentis,
2763 5781 2818 5826 et
2843 5772 2982 5826 dixit
3023 5789 3036 5825 :
3078 5771 3318 5826 Sedrach
3343 5811 3359 5836 ,
3389 5769 3618 5837 Misach,

2042 5866 2357 5936 Abdenago,
2385 5861 2526 5918 servi
2555 5860 2648 5916 Dei
2674 5865 2897 5933 excelsi,
2924 5863 3266 5932 egredimini,
3319 5873 3373 5920 ct
3416 5865 3615 5920 venite.
