4064 6406
430 395 498 452 28
504 396 572 453 59

1504 397 1764 454 DANIEL
1797 394 2023 454 JUXTA
2065 392 2516 451 THEODOTION
2530 395 2615 450 ΕΜ

3555 393 3697 452 '1860

431 511 496 568 Et
520 527 776 584 egressus
806 523 889 570 est
920 514 1186 585 Sedrach,
1223 517 1450 585 Misach,
1479 516 1775 586 Abdenago
1803 515 1871 570 de
1897 529 2010 570 me-

2115 512 2362 582 ὑψίστου,
2402 513 2669 577 ἐξέλθετε,
2699 512 2793 566 καὶ
2845 510 3029 566 δεῦτε·
3068 513 3164 566 καὶ
3212 509 3405 580 ἐξῆλθε
3466 511 3698 586 Σεδρὰχ,

429 605 519 660 dio
552 605 713 676 ignis.

501 697 589 753 94.
633 697 698 753 Et
717 707 1117 772 congregantur
1148 711 1402 774 satrapae,
1438 713 1491 758 et
1511 702 1698 769 duces,
1733 710 1788 758 et
1825 714 2012 773 topar-

430 788 567 855 ch33,
612 799 668 844 et
693 800 944 860 potentes
978 793 1143 864 regis,
1177 803 1233 850 et
1269 794 1782 863 contemplabantur
1839 793 2010 857 viros,

429 881 691 950 quoniam
722 884 858 938 nihil
889 886 1176 954 potestatis
1218 886 1502 941 habuisset
1535 885 1676 956 ignis
1701 886 1753 938 in
1785 899 2013 952 corpore

429 988 645 1037 eorum,
676 982 731 1029 et
766 976 996 1046 capillus
1029 978 1224 1048 capitis
1249 992 1436 1032 eorum
1466 992 1573 1030 non
1591 984 1735 1031 esset
1759 975 2010 1043 adustus,

429 1069 484 1115 et
514 1063 774 1118 sarabara
807 1080 996 1120 eorum
1027 1081 1134 1120 non
1169 1066 1405 1122 fuissent
1437 1065 1746 1132 immutata,
1783 1076 1838 1121 et
1876 1066 2013 1121 odor

432 1152 575 1222 ignis
601 1170 706 1209 non
730 1165 876 1212 esset
900 1157 954 1211 in
985 1157 1111 1212 eis.-

501 1245 590 1300 95.
633 1246 699 1300 Et
733 1247 982 1302 adoravit
1011 1249 1064 1302 in
1102 1259 1394 1319 conspectu
1444 1265 1636 1305 eorum
1677 1266 1768 1304 rex
1821 1249 2008 1305 Domi-

430 1354 581 1405 num,
607 1349 661 1393 et
687 1341 968 1410 respondit
1000 1341 1525 1409 Nabuchodonosor,
1545 1354 1599 1398 et
1627 1343 1766 1397 dixit
1800 1363 1812 1398 :
1841 1343 2011 1398 Bene-

427 1430 607 1486 dictus
638 1429 783 1486 Deus
819 1431 1082 1498 Sedrach,
1118 1433 1348 1501 Misach,
1390 1435 1706 1506 Abdenago,
1739 1435 1833 1506 qui
1865 1436 2013 1490 misit

427 1522 682 1590 angelum
715 1538 900 1589 suum,
925 1534 981 1580 et
1008 1527 1151 1580 eruit
1179 1541 1370 1583 servos
1405 1543 1556 1592 suos,
1587 1529 1715 1597 quia
1763 1527 2010 1582 credide-

427 1620 558 1666 runt
594 1613 650 1667 in
679 1628 844 1680 eum;
891 1625 947 1671 et
982 1617 1208 1672 verbum
1261 1618 1407 1688 regis
1471 1618 1919 1682 immutaverunt,
1957 1625 2010 1671 et

428 1701 772 1758 tradiderunt
797 1721 1027 1776 corpora
1060 1725 1158 1763 sua
1191 1709 1247 1763 in
1280 1711 1480 1778 ignem,
1511 1724 1580 1764 ne
1609 1710 1895 1773 servirent,
1916 1722 2010 1762 ne-

429 1808 536 1861 que
561 1793 855 1850 adorarent
878 1811 1098 1853 omnem
1128 1799 1314 1861 deum,
1351 1808 1544 1868 praeter
1573 1798 1744 1854 Deum
1784 1814 1969 1854 suum.

498 1975 588 2032 96.
631 1975 698 2032 Et
727 1994 828 2050 ego
861 1996 1110 2052 propono
1141 1982 1419 2038 decretum
1447 2024 1459 2046 ,
1516 1993 1576 2036 ut
1637 1981 1818 2037 onmis
1843 1997 2011 2052 popu-

428 2067 534 2131 lus,
569 2069 763 2134 tribus,
787 2072 992 2144 lingua,
1024 2089 1388 2145 quascumque
1418 2075 1640 2144 loquuta
1675 2074 1836 2128 fuerit
1864 2075 2011 2130 blas-

426 2156 699 2225 phemiam
730 2171 920 2216 contra
951 2160 1121 2217 Deum
1149 2161 1410 2228 Sedraeh,
1437 2163 1661 2228 Misach,
1691 2164 2008 2233 Abdenago,

428 2247 480 2298 in
509 2249 873 2316 perditionem
915 2261 1098 2318 erunt,
1129 2262 1184 2308 et
1213 2255 1410 2310 domus
1447 2270 1636 2310 eorum
1664 2255 1718 2308 in
1757 2255 2011 2325 direptio-

427 2352 549 2393 nem
582 2352 784 2397 erunt:
819 2351 1109 2414 propterea
1135 2346 1281 2417 quod
1307 2363 1416 2403 non
1446 2358 1530 2403 est
1563 2346 1708 2404 Deus
1733 2349 2010 2420 alius,qui

423 2431 602 2498 possit
624 2432 839 2489 salvare
861 2451 957 2490 eos
985 2436 1084 2492 ita.

499 2519 588 2575 97.
631 2521 788 2579 Tunc
809 2539 905 2580 rex
947 2528 1219 2596 promovit
1251 2527 1513 2594 Sedrach,
1548 2530 1775 2598 Misach,
1828 2531 2011 2587 Alide-

427 2627 570 2683 nago
597 2611 653 2668 in
684 2615 903 2685 regione
936 2615 1254 2689 Babylonis,
1285 2630 1340 2674 et
1369 2621 1522 2676 auxit
1567 2637 1684 2684 eos,
1730 2632 1783 2677 et
1817 2624 2012 2694 dignos

429 2704 624 2760 habuit
657 2706 831 2777 ipsos,
879 2710 971 2779 qui
1013 2723 1310 2781 praeessent
1344 2715 1604 2771 omnibus
1657 2716 1884 2784 Judazis,
1915 2719 2010 2790 qui

425 2805 583 2852 erant
608 2797 663 2853 in
693 2814 864 2870 regno
891 2817 1014 2857 suo.

496 2899 585 2956 98.
631 2899 1140 2959 Nabuchodonosor
1167 2921 1260 2960 rex
1296 2907 1560 2964 omnibus
1614 2911 1850 2980 populis,
1911 2911 2010 2964 tri-

427 2991 640 3058 bubus,
690 2993 917 3066 linguis,
978 2995 1354 3054 habitantibus
1401 3000 1456 3054 in
1509 3001 1764 3057 universa
1829 3013 2009 3057 terra:

425 3098 530 3152 pax
557 3084 712 3139 vobis
743 3086 1154 3156 multiplicetur.

497 3175 588 3230 99.
633 3174 822 3247 Signa,
859 3187 916 3232 et
971 3187 1207 3245 ostenta,
1267 3195 1390 3250 qua:
1441 3180 1569 3236 fecit
1626 3199 1838 3238 mecum
1868 3183 2012 3241 Deus

426 3267 714 3346 excelsus,
775 3270 981 3339 placuit
1032 3272 1084 3325 in
1145 3281 1439 3342 conspectu
1493 3289 1616 3328 meo
1683 3248 2083 3332 annuntiarec

427 3361 605 3426 vobis,
630 3379 794 3434 quam
827 3380 1044 3436 magna,
1077 3375 1131 3421 et
1164 3365 1346 3421 fortia.

498 3455 622 3511 100.
665 3455 912 3528 Regnum
945 3459 1068 3528 ejus
1094 3473 1324 3529 regnum
1358 3459 1773 3531 sempiternum,
1813 3470 1869 3517 et
1915 3478 2013 3532 po-

428 3556 598 3604 testas
627 3549 747 3618 cjus
783 3549 836 3603 in
867 3550 1274 3620 generationem
1306 3560 1360 3606 et
1398 3552 1830 3621 generationem.

1030 3662 1261 3720 CAPUT
1316 3664 1409 3720 ιν.

500 3755 553 3810 1.
594 3753 706 3825 Ego
729 3752 1243 3812 Nabuchodonosor
1276 3757 1564 3815 abundans
1591 3775 1740 3816 cram
1775 3761 1828 3816 in
1851 3761 2013 3817 domo

430 3863 569 3915 mea,
601 3858 655 3904 et
683 3847 885 3903 ﬂorens
919 3849 973 3903 in
1011 3849 1211 3906 throno
1248 3866 1370 3907 meo
1400 3861 1454 3907 et
1483 3853 1700 3925 pinguis
1730 3854 1782 3909 in
1811 3855 2014 3926 populo

429 3955 572 3995 IIICO.

497 4034 552 4088 2.
597 4033 882 4090 Somnium
917 4035 1045 4102 vidi,
1073 4045 1124 4092 et
1150 4037 1443 4107 perterruit
1482 4053 1594 4104 me,
1651 4048 1706 4094 et
1757 4039 2012 4097 turbatus

427 4141 545 4179 sum
571 4124 622 4180 in
653 4127 816 4182 cubili
842 4142 984 4196 meo,
1014 4136 1069 4183 et
1107 4128 1346 4184 visiones
1399 4129 1593 4200 capitis
1634 4129 1740 4184 mei
1787 4140 2012 4186 contur.

427 4219 695 4272 ltaverunt
717 4234 824 4275 me.

495 4312 548 4366 5.
595 4309 660 4366 Ει
688 4327 718 4366 a
746 4327 833 4367 me
863 4312 1203 4384 prapositum
1241 4321 1324 4370 est
1358 4313 1662 4380 decretum,
1686 4323 1747 4370 ut
1772 4315 2014 4371 introdu-

425 4409 680 4454 rerentur
707 4401 760 4454 in
795 4412 1091 4471 conspectu
1132 4419 1254 4458 meo
1291 4419 1485 4460 omnes
1514 4405 1791 4476 sapientes
1834 4405 2012 4478 Baby-

427 4494 590 4558 lonis,
622 4502 680 4546 ut
703 4493 1205 4563 interpretationem
1245 4497 1446 4552 somnii
1473 4497 1778 4553 indicarent
1802 4499 1975 4554 mihi:
2003 4547 2014 4562 .

497 4583 550 4638 4.
622 4583 688 4637 Et
748 4585 1196 4655 ingrediebantur
1244 4586 1424 4656 arioli,
1485 4589 1653 4660 magi,
1723 4589 1998 4659 gazareni,

2112 605 2322 674 Μισὰχ,
2366 603 2676 672 Ἀϐδεναγὼ
2708 605 2773 657 ἐκ
2805 604 2970 674 μέσου
2999 603 3094 657 τοῦ
3133 604 3325 675 πυρός.

2182 693 2270 748 94.
2308 696 2421 748 Kal.
2469 695 2793 763 συνάγονται
2840 696 2889 747 οἱ
2920 695 3220 766 σατράπαι,
3257 694 3352 747 καὶ
3385 695 3432 746 οἱ
3458 711 3698 766 στρατη-

2111 787 2219 854 γοὶ,
2252 788 2348 840 καὶ
2376 788 2424 841 οί
2456 787 2750 859 τοπάρχαι,
2781 787 2878 840 καὶ
2905 787 2954 841 οἱ
2989 787 3248 841 δυνάσται
3289 787 3385 840 τοῦ
3411 787 3695 856 βασιλέως,

2113 880 2210 932 καὶ
2235 879 2507 950 ἐθεώρουν
2535 880 2661 943 τοὺς
2683 879 2904 950 ἄνδρας,
2937 880 3021 932 ὃτι
3054 880 3155 932 οὐκ
3186 879 3473 951 ἐκυρίευσε
3502 880 3563 933 τὸ
3587 881 3699 952 πῦρ

2111 967 2206 1020 τοῦ
2248 967 2501 1039 σώματος
2541 967 2744 1031 αὐτῶν,
2777 969 2872 1022 καὶ
2900 970 2932 1038 ἡ
2965 967 3088 1039 θρὶξ
3115 969 3214 1039 τῆς
3243 969 3488 1040 κεφαλῆς
3516 970 3697 1026 αὐτῶν

2109 1061 2212 1113 οὐκ
2241 1060 2561 1132 ἐφλογίσθη,
2590 1059 2775 1114 καὶτὰ
2802 1059 3094 1132 σαράϐαρα
3124 1060 3304 1115 αὐτῶν
3337 1062 3439 1115 ούκ
3472 1061 3698 1132 ἠλλοιώ-

2114 1151 2204 1221 θη,
2234 1153 2330 1207 καὶ
2358 1153 2504 1225 ὀσμὴ
2533 1154 2704 1224 πυρὸς
2735 1153 2835 1206 οὐκ
2864 1147 2934 1224 ἦν
2955 1155 3012 1206 ἐν
3040 1153 3247 1218 αὐτοῖς.

2182 1245 2271 1300 95.
2314 1245 2426 1300 Καὶ
2450 1245 2858 1317 προσεκύνησεν
2889 1243 3122 1301 ἐνώπιον
3175 1246 3356 1300 αὐτῶν
3389 1248 3417 1300 ὁ
3447 1245 3702 1318 βασιλεὺς

2110 1335 2188 1406 τῷ
2248 1337 2480 1408 Κυρίῳ⁶
2543 1337 2640 1390 καὶ
2697 1337 2974 1407 ἀπεκρίθη
3031 1337 3547 1410 Ναϐουχοδονόσορ,
3603 1341 3700 1392 καὶ

2110 1423 2284 1482 εἶπεν·
2318 1429 2626 1498 Εὐλογητὸς
2648 1431 2676 1482 ὁ
2702 1428 2834 1493 Θεὸς
2863 1428 2958 1482 τοῦ
2994 1429 3224 1500 Σεδρὰχ,
3257 1430 3462 1501 Μισὰχ,
3513 1431 3698 1486 Ἀϐδε-

2111 1519 2281 1590 ναγὼ,
2310 1521 2370 1584 ὃς
2400 1521 2688 1574 ἀπέστειλε
2735 1521 2823 1574 τὸν
2849 1520 3082 1589 ἄγγελον
3125 1522 3315 1586 αὑτοῦ,
3341 1524 3436 1576 καὶ
3463 1523 3698 1586 ἐξείλετο

2111 1613 2237 1675 τοὺς
2274 1612 2468 1676 παῖδας
2492 1612 2680 1677 αὐτοῦ,
2720 1613 2804 1666 ὅτι
2846 1612 3228 1668 ἐπεποίθεισαν
3275 1615 3363 1666 ἐπ’
3390 1613 3567 1684 αὐτῷ’
3604 1615 3698 1668 καὶ

2109 1706 2170 1758 τὸ
2197 1706 2351 1776 ῥῆμα
2379 1705 2473 1759 τοῦ
2507 1705 2771 1776 βασιλέως
2793 1705 3116 1776 ὴλλοίωσαν,
3151 1707 3246 1760 καὶ
3275 1707 3598 1778 παρέδωκαν
3629 1708 3699 1761 τά

2114 1796 2344 1869 σώματα
2368 1798 2548 1852 αὐτῶν
2577 1799 2656 1861 εἰς
2685 1798 2819 1869 πῦρ,
2863 1799 3011 1863 ὅπως
3045 1798 3120 1870 μὴ
3165 1799 3524 1868 λατρεύσωσι,
3562 1799 3699 1870 μηδὲ

2046 1894 2089 1949 Β
2118 1891 2538 1961 προσκυνήσωσι
2562 1890 2729 1943 παντὶ
2757 1889 2886 1960 θεῷ,
2924 1890 3040 1944 ἀλλ’
3070 1890 3102 1960 ἢ
3130 1890 3208 1961 τῷ
3240 1890 3359 1962 Θεῷ
3386 1889 3587 1945 αὐτῶν.

2183 1981 2270 2038 96.
2305 1984 2416 2036 Καὶ
2447 1981 2558 2051 ἐγὼ
2591 1983 2875 2054 ἐκτίθεμαι
2930 1983 3141 2051 δόγμα,
3193 1984 3342 2046 ὅπως
3391 1985 3499 2047 πᾶς
3547 1983 3697 2050 λαὸς,

2112 2074 2271 2144 φυλὴ,
2297 2074 2538 2142 γλῶσσα,
2569 2075 2603 2145 ἡ
2626 2075 2722 2128 ἐὰν
2756 2073 2887 2146 εἴπῃ
2905 2074 3256 2145 βλασφημίαν
3287 2075 3430 2129 κατὰ
3449 2075 3541 2128 τοῦ
3561 2075 3700 2128 Θεοῦ

2111 2163 2340 2234 Σεδρὰχ,
2377 2163 2583 2232 Μισὰχ,
2628 2163 2959 2232 Ἀϐδεναγὼ,
3009 2165 3088 2226 είς
3118 2162 3393 2216 ἀπώλειαν
3444 2163 3695 2229 ἔσονται,

2111 2254 2207 2308 καὶ
2242 2256 2291 2307 oi
2332 2250 2473 2308 οἶκοι
2510 2254 2689 2308 αὐτῶν
2741 2257 2820 2318 είς
2851 2254 3162 2326 διαρπαγὴν
3209 2254 3467 2307 ἔσονται·
3507 2253 3696 2308 καθότι

2111 2346 2212 2399 οὐκ
2271 2345 2387 2399 ἐστι
2446 2346 2578 2411 Θεὸς
2627 2347 2834 2418 ἔτερος,
2881 2347 3027 2410 ὅστις
3079 2346 3366 2417 δυνήσεται
3431 2345 3697 2416 ῥύσασθαι

2112 2439 2309 2502 αὐτοὺς
2341 2439 2533 2504 οὕτως.

2184 2552 2271 2605 97.
2299 2551 2432 2606 Τότε
2458 2553 2486 2606 ὁ
2516 2552 2770 2616 βασιλεὺς
2799 2553 3097 2607 κατεύθυνε
3125 2549 3215 2603 τὸν
3235 2547 3460 2620 Σεδρὰχ,
3485 2549 3699 2620 Μισὰχ,

2125 2640 2452 2710 ’Λϐδεναγὼ,
2491 2643 2548 2695 ἐν
2570 2644 2636 2713 τῇ
2664 2641 2818 2712 χώρᾳ
2848 2639 3186 2705 Βαϐυλῶνος,
3212 2641 3308 2694 καὶ
3337 2639 3577 2711 ηὔξησεν
3597 2641 3699 2697 αῦ-

2111 2734 2259 2796 τοὺς,
2284 2733 2378 2784 καὶ
2403 2731 2636 2802 ἠξίωσεν
2665 2731 2864 2794 αὐτοὺς
2902 2731 3153 2800 ἡγεῖσθαι
3183 2733 3401 2785 πάντων
3427 2731 3535 2785 τῶν
3566 2733 3695 2786 Ἰουο

2111 2823 2298 2888 δαίων,
2331 2823 2438 2876 τῶν
2468 2823 2637 2876 ὄντων
2673 2824 2730 2876 ἐν
2768 2825 2835 2894 τῇ
2863 2821 3112 2894 βασιλείᾳ
3135 2821 3320 2876 αὐτοῦ.

2181 2915 2272 2970 98.
2302 2914 2778 2986 Ναϐουχοδονόσορ
2829 2916 2856 2967 ὁ
2891 2913 3146 2984 βασιλεὺς
3179 2917 3312 2968 πᾶσι
3359 2916 3466 2976 τοῖς
3519 2913 3686 2976 λαοῖς,

2113 3009 2326 3078 φυλαῖς,
2361 3008 2657 3077 γλώσσαις,
2692 3011 2804 3072 τοῖς
2837 3006 3082 3061 οἰκοῦσιν
3116 3010 3173 3061 ἐν
3207 3009 3353 3080 πάσῃ
3387 3008 3455 3078 τῇ
3495 3006 3588 3077 γῇ,
3620 3007 3696 3057 εί-

2114 3104 2250 3173 ρήνη
2285 3103 2411 3172 ὑμῖν
2434 3101 2789 3172 πληθυνθείη.

2187 3193 2274 3248 99.
2326 3193 2405 3246 Τὰ
2458 3195 2681 3264 σημεῖα,
2717 3194 2812 3246 καὶ
2848 3193 2917 3246 τά
2947 3193 3172 3262 τέρατα,
3212 3188 3248 3243 ἃ.
3299 3190 3526 3258 ἐποίησε
3581 3188 3702 3258 μετ’

2118 3285 2252 3354 ἐμοῦ
2277 3285 2307 3338 6
2332 3284 2463 3348 Θεὸς
2493 3287 2521 3337 ὁ
2566 3283 2822 3355 ὕψιστος,
2864 3285 3059 3355 ⁴ἤρεσεν
3109 3281 3350 3336 ἐναντίον
3383 3297 3486 3350 μου
3528 3279 3701 3346 ἀναγο

2115 3376 2292 3444 γεῖλαι
2329 3377 2479 3446 ὑμῖν,
2512 3375 2588 3440 ὠς
2615 3377 2848 3447 μεγάλη,
2879 3376 2976 3428 καὶ
3009 3373 3225 3445 ἰσχυρά.

2190 3463 2311 3519 100.
2353 3466 2419 3518 Ἦ
2448 3465 2693 3535 βασιλεία
2733 3466 2898 3519 αὐτοῦ
2932 3464 3180 3534 βασιλεία
3229 3461 3444 3525 αἰώνιος
3471 3500 3486 3526 ,
3523 3461 3619 3516 καὶ
3665 3462 3703 3532 ἡ

2115 3557 2334 3621 ἐξουσία
2362 3558 2528 3612 αὐτοῦ
2553 3561 2630 3624 είς
2661 3561 2855 3628 γενεὰν
2887 3562 2982 3614 καὶ
3015 3559 3228 3629 γενεάν.

2650 3674 3050 3728 ΚΕΦΑΛᾹΙΟΝ
3091 3677 3164 3730 Δ’.

2187 3764 2240 3819 1.
2275 3763 2420 3831 Ἐγὼ
2445 3763 2916 3834 Ναϐουχοδονόσορ
2945 3762 3188 3833 εύθηνῶν
3214 3764 3362 3834 ἤμην
3384 3763 3442 3816 ἐν
3466 3763 3543 3833 τῷ
3569 3764 3703 3834 οἴκῳ

2119 3841 2374 3926 μου,’καὶ
2412 3855 2653 3908 εύθαλῶν
2683 3855 2777 3907 ἐπὶ
2808 3854 2900 3908 τοῦ
2944 3854 3133 3928 θρόνου
3169 3871 3270 3927 μου
3304 3859 3373 3925 x
3423 3856 3517 3909 καὶ
3563 3855 3702 3908 πίων

2115 3949 2184 4016 >κ
2219 3949 2276 4002 ἐν
2307 3947 2385 4019 τῷ
2409 3947 2524 4018 λαῷ
2557 3965 2678 4018 μου.

2183 4039 2240 4094 2.
2287 4039 2570 4094 Ἐνύπνιον
2603 4037 2762 4108 εἶδον,
2798 4040 2892 4094 καὶ
2925 4038 3214 4111 ἐφοϐἐρισέ
3247 4055 3314 4109 με
3360 4038 3457 4091 καὶ
3505 4037 3703 4109 ἐταρά-

2114 4127 2249 4200 χθην
2277 4128 2371 4181 ἐπὶ
2405 4127 2504 4191 τῆς
2549 4128 2739 4199 κοίτης
2791 4145 2915 4200 μου,
2947 4129 3042 4182 καὶ
3071 4128 3128 4182 αἱ
3155 4127 3374 4199 ὁράσεις
3403 4123 3504 4194 τῆς
3531 4125 3734 4191 κεφα-’

2113 4220 2212 4288 λῆς
2249 4237 2350 4290 μου
2383 4219 2753 4290 συνετάραξάν
2791 4237 2880 4290 με.

2186 4313 2240 4367 5.
2269 4314 2379 4367 Καὶ
2408 4313 2538 4384 παρ’
2565 4310 2700 4381 ἐμοῦ
2732 4310 2954 4382 ἐξετέθη
2987 4311 3184 4380 δόγμα,
3235 4309 3334 4362 τοῦ
3383 4307 3705 4374 εἰσαγαγεῖν

2114 4407 2346 4462 ἐνώπιόν
2379 4424 2482 4478 μου
2525 4407 2734 4470 πάντας
2763 4407 2886 4468 τοὺς
2929 4404 3128 4474 σοφοὺς
3178 4400 3522 4464 Βαϐυλῶνος,
3555 4401 3706 4460 ὅπως

2113 4499 2213 4572 τὴν
2241 4499 2531 4570 σύγκρισιν
2559 4497 2654 4552 τοῦ
2687 4497 2940 4551 ἐνυπνίου
2972 4495 3286 4564 γνωρίσωσί
3319 4511 3431 4562 μοι.

2181 4591 2234 4643 4.
2271 4590 2381 4644 Καὶ
2402 4587 2818 4659 είσεπρρεύοντο
2853 4587 2900 4639 οἱ
2926 4585 3189 4647 ἐπαοιδοὶ,
3229 4585 3416 4654 μάγοι,
3448 4581 3702 4653 γαζαρη-

427 4676 686 4742 Chaldaei,
720 4687 774 4732 et
797 4676 1074 4732 somnium
1107 4677 1218 4732 dixi
1245 4695 1346 4750 ego
1378 4680 1432 4734 in
1473 4689 1768 4750 conspectu
1796 4695 2007 4746 eorum,

2114 4682 2216 4742 vo‘t,
2252 4680 2551 4743 Χαλδαῖοι,
2596 4681 2693 4734 καὶ
2725 4679 2784 4732 τὸ
2831 4677 3084 4731 ἐνύπνιον
3114 4672 3268 4730 εἷπον
3321 4673 3432 4742 ἐγὼ
3467 4672 3705 4726 ἐνώπιον

428 4776 482 4822 ct
508 4767 1015 4838 interpretationem
1043 4768 1162 4838 ejus
1192 4785 1297 4824 non
1327 4769 1643 4825 indicarunt
1675 4769 1832 4826 mihi.

603 4859 782 4915 Donec
808 4859 950 4916 alius
983 4859 1268 4931 ingressus
1299 4871 1384 4917 est
1429 4862 1482 4915 in
1532 4873 1825 4932 conspectu
1866 4877 2008 4928 meo,

430 4950 640 5018 Daniel,
673 4952 832 5022 cujus
860 4968 1056 5007 nomen
1088 4953 1337 5008 Baltasar
1367 4954 1668 5008 secundum
1703 4969 1899 5010 nomen
1922 4955 2011 5008 Dei

429 5043 554 5110 mci,
588 5044 682 5114 qui
709 5044 972 5114 Spiritum
1003 5043 1096 5098 Dei
1121 5053 1372 5100 sanctum
1409 5045 1572 5100 habet
1601 5045 1653 5098 in
1688 5047 2010 5116 semetipso;

427 5146 481 5191 et
505 5137 778 5191 somnium
807 5151 991 5191 coram
1013 5152 1079 5190 eo
1100 5136 1234 5192 dixi.
1621 5121 1628 5128 ’

499 5227 552 5282 6.
597 5227 848 5284 Baltasar
919 5229 1174 5300 princeps
1239 5228 1538 5283 ariolorum
1571 5269 1586 5294 ,
1643 5243 1805 5298 quem
1862 5227 2011 5295 novi,

427 5323 575 5392 quod
614 5324 852 5394 Spiritus
887 5323 979 5378 Dei
1013 5334 1239 5379 sanetus
1269 5323 1340 5379 sit
1367 5323 1427 5376 in
1459 5332 1530 5387 te,
1568 5330 1622 5376 et
1654 5337 1815 5376 onmc
1833 5338 2016 5378 sacra-

431 5425 673 5470 mentum
709 5431 812 5469 non
847 5427 930 5470 est
986 5415 1328 5486 impossibile
1357 5415 1450 5469 tibi
1489 5433 1503 5480 ;
1565 5414 1690 5468 audi
1746 5413 2012 5468 visionem

431 5509 652 5570 somnii,
705 5508 849 5577 quod
909 5509 1038 5574 vidi,
1095 5520 1151 5563 et
1216 5508 1723 5577 interpretationem
1765 5507 1886 5577 ejus
1925 5508 2013 5562 dic

432 5600 586 5655 mihi.

507 5692 556 5746 7.
600 5691 666 5746 Et
696 5694 937 5749 visiones
970 5693 1166 5764 capitis
1195 5696 1299 5749 mei
1328 5695 1383 5750 in
1404 5695 1570 5751 cubili
1600 5711 1721 5750 meo
1742 5694 2012 5760 videbam,

432 5795 487 5840 et
509 5801 635 5841 ecce
664 5788 824 5842 arbor
869 5803 978 5843 una
1023 5788 1077 5843 in
1125 5789 1306 5844 medio
1343 5797 1522 5855 terrae,
1553 5798 1608 5859 et
1640 5787 1868 5844 altitudo
1893 5787 2014 5858 ejus

435 5879 629 5936 multa.

2115 4774 2314 4838 αὐτῶν,
2345 4773 2440 4827 καὶ
2477 4772 2576 4844 τὴν
2614 4772 2902 4844 σύγκρισιν
2932 4769 3093 4824 αὐτοῦ
3125 4771 3224 4823 ούκ
3249 4767 3559 4839 ἐγνώρισάν
3585 4783 3700 4836 μοι.

2184 4863 2237 4917 5.
2278 4860 2426 4926 Ἕως
2458 4853 2520 4914 οὗ
2541 4861 2727 4934 ἕτερος
2757 4859 3009 4930 εἰσῆλθεν
3040 4857 3271 4911 ἐνώπιόν
3315 4875 3439 4929 μου,
3475 4857 3700 4928 Δανιὴλ,

2115 4947 2175 5009 οὗ
2199 4955 2258 5009 τὸ
2283 4955 2456 5026 ὄνομα
2482 4955 2770 5026 Βαλτάσαρ
2791 4952 2935 5007 κατὰ
2966 4950 3027 5004 τὸ
3051 4951 3221 5020 ὄνομα
3253 4949 3348 5002 τοῦ
3392 4949 3525 5002 Θεοῦ
3571 4967 3700 5020 μου,

2114 5049 2172 5111 ὃς
2197 5047 2420 5118 Πνεῦμα
2450 5047 2584 5100 Θεοῦ
2613 5045 2768 5114 ἅγιον
2806 5045 2919 5115 ἔχει
2962 5045 3020 5098 ἐν
3071 5041 3252 5113 ἐαυτῷ
3272 5059 3284 5072 ·
3329 5041 3426 5095 καὶ
3452 5041 3704 5094 ἐνύπνιον

2116 5137 2344 5192 ἐνώπιον
2376 5135 2541 5191 αὑτοῦ
2565 5133 2738 5191 εἷπον.

2187 5231 2238 5284 6.
2274 5230 2563 5301 Βαλτάσαρ
2586 5231 2614 5283 ὁ
2652 5231 2837 5302 ἄρχων
2868 5229 2977 5283 τῶν
2998 5227 3289 5294 ὲπαοιδῶν,
3319 5227 3378 5280 ὃν
3413 5226 3586 5295 ἔγνων
3618 5226 3703 5280 ὅτι

2117 5323 2344 5394 Πνεῦμα
2392 5322 2528 5376 Θεοῦ
2562 5323 2718 5391 ἅγιον
2759 5323 2817 5374 ἐν
2853 5321 2956 5385 σοὶ,
2990 5321 3086 5374 καὶ
3132 5321 3239 5373 πᾶν
3275 5319 3574 5389 μυστήριον
3603 5317 3706 5369 οὐκ

2117 5416 2373 5470 ἀδυνατεῖ
2420 5433 2524 5481 σοι,
2557 5414 2790 5468 ἄκουσον
2825 5415 2922 5484 τὴν
2956 5415 3148 5484 ὅρασιν
3193 5411 3288 5464 τοῦ
3347 5411 3601 5464 ἐνυπνίου
3641 5403 3704 5463 οὗ

2118 5503 2276 5573 εἶδον,
2310 5508 2406 5561 καὶ
2434 5506 2534 5578 τὴν
2569 5504 2858 5575 σύγκρισιν
2889 5504 3056 5558 αὐτοῦ
3089 5503 3210 5557 εἰπέ
3245 5521 3354 5574 μοι.

2189 5690 2242 5744 7.
2288 5689 2400 5742 Καὶ
2425 5687 2523 5750 τὰς
2551 5686 2770 5758 ὁράσεις
2797 5683 2894 5754 τῆς
2923 5682 3168 5752 κεφαλῆς
3211 5698 3310 5751 μου
3339 5679 3432 5733 ἐπὶ
3465 5681 3562 5748 τῆς
3587 5677 3703 5730 κοί-

2117 5799 2216 5849 της
2250 5799 2351 5850 μου
2385 5777 2674 5849 ἐθεώρουν,
2708 5777 2802 5829 καὶ
2835 5776 2942 5827 ἰδοὺ
2969 5774 3184 5846 δένδρον
3211 5771 3269 5824 ἓν
3317 5771 3375 5826 ἐν
3421 5769 3571 5840 μέσῳ
3604 5765 3705 5836 τῆς

2118 5876 2241 5948 γῆς,
2269 5872 2446 5928 καὶτὸ
2470 5871 2602 5943 ὕψος
2631 5868 2796 5924 αὑτοῦ
2825 5867 2978 5922 πολύ.
