4064 6488
355 428 514 488 2861

1808 425 2040 484 CAPUT
2081 425 2171 484 IV.

3489 435 3557 492 28
3564 436 3636 492 6?.

439 545 503 597 8.
543 535 918 610 Ἐμεγαλύνθη
953 535 1016 590 τὸ
1062 536 1296 610 δένδρον,
1350 537 1446 592 καὶ
1502 535 1709 608 ῐσχυσε,
1747 536 1844 590 καὶ
1895 535 1957 588 τδ

2135 540 2190 595 8.
2231 540 2299 596 Εῑ
2331 541 2678 613 magniﬁcata
2701 551 2784 599 est
2819 526 3002 608 arbor,
3041 550 3094 597 et
3126 542 3372 608 invaluit,
3427 557 3482 600 et
3507 547 3634 602 alti-

361 634 511 705 ὓψος
549 630 715 686 αὐτοῦ
751 629 988 700 ἔφθασεν
1014 630 1118 694 ἓως
1143 630 1236 683 τοῦ
1269 629 1522 703 ούρανοῦ,
1570 631 1665 684 ml.
1698 629 1760 682 τὸ
1791 627 1954 692 κῦτος

358 725 544 780 αὐτοῦ
579 724 658 786 εἰς
691 721 758 776 τὰ
790 722 1001 792 πέρατα
1029 723 1210 792 πάσης
1237 722 1338 792 τῆς
1366 721 1491 790 γῆς.

443 815 500 870 9.
541 813 622 867 Τά
654 811 827 881 φύλλα
875 811 1041 864 αὐτοῦ
1068 811 1243 883 ὡραῖα
1269 853 1283 877 ,
1341 812 1435 865 καὶ
1469 811 1498 862 6
1529 809 1738 880 καρπὸς
1791 805 1954 861 αὐτοῦ

362 907 564 970 πολὺς,
594 907 686 957 καὶ
707 902 880 975 τροφὴ
907 903 1125 956 πάντων
1154 904 1212 956 ἐν
1250 902 1418 972 αὐτῷ,
1457 903 1550 954 καὶ
1582 902 1838 954 ὑποκάτω
1861 899 1956 953 αὖ·

362 998 467 1052 τοῦ
489 997 860 1066 κατεσκήνουν
877 994 946 1047 τὰ
973 994 1136 1066 θηρία
1165 993 1232 1046 τὰ
1257 994 1445 1063 ἄγρια,
1482 993 1578 1044 καὶ
1607 992 1665 1044 ἐν
1693 993 1806 1053 τοῖς
1827 989 1957 1042 κλά-

363 1091 487 1153 δοις
522 1086 686 1141 αὐτοῦ
715 1085 950 1157 κατῴκει
987 1087 1056 1139 τὰ
1079 1085 1243 1156 ὄρνεα
1275 1085 1370 1138 τοῦ
1403 1082 1662 1157 ούρανοῦ·
1700 1082 1760 1147 ἐξ
1791 1078 1956 1135 αὐτοῦ

368 1181 642 1254 ἐτρέφετο
668 1181 815 1232 πᾶσα
848 1165 1009 1248 σάρξ.

445 1274 538 1328 10.
585 1270 885 1341 Ἐθεώρουν
942 1273 999 1322 ἐν
1051 1269 1290 1342 ὁράματι
1349 1270 1448 1338 τῆς
1486 1267 1680 1330 νυκτὸς
1727 1267 1818 1319 ἐπὶ
1861 1267 1960 1333 τῆς

372 1363 568 1433 κοίτης
605 1381 726 1434 μου,
787 1363 883 1415 καὶ
941 1361 1047 1414 ἰδοὺ
1081 1361 1182 1432 Εἳρ
1210 1401 1224 1425 ,
1256 1361 1351 1413 καὶ
1379 1359 1531 1429 ἅγιος
1583 1357 1690 1411 ἀπὸ
1727 1355 1958 1428 ούρανοῦ

378 1455 607 1526 κατέϐη.

445 1547 535 1600 11.
566 1548 679 1600 Καὶ
705 1544 983 1616 ἐφώνησεν
1005 1545 1062 1597 ὲν
1101 1543 1373 1614 ἰσχύῖ,καὶ
1405 1541 1575 1606 οὕτως
1603 1537 1754 1596 εἶπεν
1774 1559 1786 1572 ο
1841 1541 1962 1592 Ἐκ-

374 1640 581 1711 κόψατε
601 1639 662 1692 τὺ
692 1638 924 1709 δένδρον,
959 1638 1052 1690 καὶ
1083 1637 1332 1689 ὲκτίλατε
1357 1637 1484 1695 τοὺς
1517 1633 1745 1697 κλάδους
1771 1633 1960 1699 αὑτοῦ,

373 1735 471 1789 καὶ
509 1731 823 1796 ἐκτινάξατε
851 1730 918 1782 τά
945 1729 1120 1798 φύλλα
1155 1727 1319 1781 αὐτοῦ
1342 1771 1355 1793 ,
1401 1729 1495 1780 καὶ¹
1542 1725 1961 1796 διασκορπίσατε

2061 632 2193 687 tudo
2219 632 2339 702 ejus
2365 634 2611 704 pervenit
2646 651 2818 705 usque
2855 636 2922 690 ad
2950 636 3172 702 coelum,
3201 644 3255 691 et
3279 637 3507 692 latitudo
3521 639 3638 708 ejus

2061 726 2129 782 ad
2165 727 2428 782 terminos
2456 727 2725 783 universa:
2747 736 2924 783 terrae.

2131 817 2183 872 9.
2225 817 2376 872 Folia
2406 818 2524 887 ejus
2557 818 2802 887 pulchra,
2826 827 2880 872 et
2904 816 3113 873 fructus
3167 818 3285 889 ejus
3322 819 3548 884 multus,
3583 829 3638 877 et

2059 925 2184 965 esca
2207 912 2588 966 universorum
2625 911 2678 964 in
2706 927 2802 977 ea;
2843 920 2896 965 et
2932 911 3118 966 subter
3167 927 3285 966 eam
3320 911 3638 967 habitabant

2059 996 2244 1052 bestize
2271 1007 2528 1068 agrestes,
2556 1011 2606 1052 et
2629 1000 2682 1052 in
2719 1000 2884 1054 ramis
2905 1000 3024 1070 ejus
3048 1001 3364 1056 habitabant
3387 1003 3638 1058 volucres

2061 1090 2182 1143 caeli
2210 1108 2224 1144 :
2256 1106 2319 1144 ex
2352 1105 2414 1145 ea
2446 1092 2791 1147 nutriebatur
2823 1092 3005 1146 omnis
3025 1108 3154 1148 caro

2136 1269 2223 1322 10.
2266 1269 2526 1326 Videbam
2557 1272 2608 1325 in
2636 1273 2846 1326 visione
2882 1274 3056 1329 noctis
3105 1273 3158 1327 in
3211 1274 3378 1330 cubili
3413 1288 3556 1340 meo,
3589 1283 3644 1330 et

2062 1378 2189 1419 ecce
2217 1363 2334 1431 Hir,
2364 1377 2416 1420 et
2446 1366 2679 1423 Sanctus
2711 1369 2777 1422 de
2800 1369 2938 1424 c0310
2975 1370 3280 1424 descendit.

2136 1545 2221 1598 11.
2263 1545 2641 1616 Clamavitque
2669 1547 2722 1601 in
2754 1546 3091 1612 fortitudine,
3113 1556 3162 1603 et
3206 1548 3284 1604 sic
3330 1548 3408 1604 ait
3455 1567 3468 1604 :
3502 1549 3641 1605 Suc-

2064 1637 2228 1693 Cidite
2260 1640 2535 1702 arborem,
2570 1649 2623 1694 et
2653 1641 2867 1695 evellite
2896 1657 3076 1697 ramus
3127 1643 3268 1710 ejus,
3301 1653 3354 1698 et
3405 1644 3644 1698 excutite

2066 1728 2192 1783 folia
2220 1729 2360 1798 ejus,
2397 1740 2451 1784 ct
2485 1730 2784 1800 dispergite
2836 1731 3070 1785 fructum
3136 1733 3294 1801 ejus:
3354 1733 3647 1803 abigautur

373 1824 470 1878 τὸν
504 1823 719 1893 καρπὸν
747 1820 912 1874 αὐτοῦ
936 1837 950 1852 ο
981 1819 1296 1891 σαλευθήτω
1321 1820 1388 1872 τὰ
1412 1817 1576 1889 θηρία
1610 1815 1962 1872 ὑποκάτωθεν

2070 1822 2256 1878 bestia:
2282 1825 2468 1879 subter
2497 1839 2642 1889 eam,
2677 1832 2731 1879 et
2767 1823 3018 1880 volucres
3041 1825 3110 1880 de
3142 1827 3308 1880 ramis
3328 1826 3466 1895 ejus.

379 1914 566 1980 αὐτοῦ,
600 1916 694 1968 καὶ
721 1915 790 1966 τά
827 1913 988 1984 ὄρνεα
1009 1912 1116 1964 ἀπὸ
1139 1913 1244 1964 τῶν
1274 1912 1482 1965 κλάδων
1503 1909 1691 1963 αὐτοῦ.

451 2008 536 2062 12.
567 2006 713 2076 Πλὴν
741 2005 840 2075 τὴν
867 2004 1009 2075 φυὴν
1029 2003 1135 2056 τῶν
1162 2001 1329 2074 ῥιζῶν
1360 2001 1526 2056 αὑτοῦ
1562 2005 1620 2055 ὲν
1661 2005 1727 2072 τῇ
1758 2004 1828 2072 γῇ
1867 2002 1962 2056 ἐά-

385 2115 531 2165 σατε,
570 2099 666 2151 καὶ
710 2097 768 2150 ὲν
801 2093 987 2165 δεσμῷ
1029 2093 1253 2163 σιδηρῷ,
1303 2095 1398 2146 καὶ
1431 2091 1637 2162 χαλκῷ,
1679 2093 1772 2144 καὶ
1796 2093 1852 2144 ὲν
1894 2094 1960 2163 τῇ

386 2190 516 2262 χλόῃ
547 2191 612 2259 τῇ
642 2188 768 2252 ἔξω,
799 2188 894 2239 καὶ
926 2188 982 2238 ὲν
1014 2188 1078 2256 τῇ
1105 2185 1281 2255 δρόσῳ
1306 2183 1399 2237 τοῦ
1427 2182 1658 2255 οὐρανοῦ
1707 2180 1965 2251 αὑλισθή-

397 2299 538 2334 σεται
561 2322 576 2346 ,
610 2281 705 2333 καὶ
733 2279 871 2349 μετὰ
900 2277 1010 2332 τῶν
1053 2275 1257 2347 θηρίων
1291 2277 1324 2348 ὴ
1377 2276 1532 2348 μερὶς
1579 2272 1747 2327 αἱ)τοῦ
1783 2274 1839 2326 ὲν
1886 2271 1964 2344 τῷ

399 2372 567 2444 χόρτῳ
596 2371 687 2440 τῆς
716 2369 838 2437 γῆς.

468 2464 551 2517 15.
592 2463 648 2516 Ἡ
679 2461 875 2532 καρδία
903 2459 1070 2514 αὐτοῦ
1106 2460 1214 2514 ἀπὸ
1249 2459 1360 2513 τῶν
1407 2457 1714 2530 ἀνθρώπων
1741 2456 1966 2511 ἀλλοιω-

399 2553 642 2625 θήσεται,
689 2555 784 2607 καὶ
827 2552 1026 2622 καρδία
1069 2551 1259 2623 θηρίου
1308 2550 1594 2623 δοθήσεται
1637 2549 1821 2620 αὐτῷ,
1870 2549 1966 2603 καὶ

389 2645 519 2698 ἐπτὰ
553 2646 736 2716 καιροὶ
771 2645 1167 2715 ἀλλαγήσονται
1202 2643 1290 2696 ἐπ’
1328 2643 1520 2714 αὐτήν.

454 2737 536 2791 14.
572 2738 672 2790 Διὰ
701 2737 1073 2807 συγκρίματος
1117 2735 1239 2805 Εἲρ,
1266 2736 1294 2788 6
1323 2734 1502 2803 λόγος,
1522 2735 1618 2789 καὶ
1645 2733 1796 2804 ῥῆμα
1812 2732 1966 2802 ἅγιον

384 2826 442 2880 τὺ
469 2825 804 2898 ἐπερώτημα
829 2867 843 2888 ,
897 2826 984 2879 ἵνα
1022 2825 1222 2894 γνῶσιν
1273 2825 1323 2877 οί
1369 2823 1592 2889 ζῶντες,
1651 2825 1733 2876 ὃτι
1765 2822 1968 2894 Κύριός

381 2919 526 2971 ἐστιν
552 2920 582 2971 6
613 2917 876 2988 ’Ύψιστος
903 2917 1004 2986 τῆς
1039 2916 1315 2987 βασιλείας
1344 2916 1454 2969 τῶν
1497 2915 1820 2986 ἀνθρώπων,
1871 2915 1967 2968 καὶ

377 3002 423 3078 ᾧ
457 3008 524 3064 ἂν
544 3009 692 3081 δόξῃ,
728 3008 893 3063 δώσει
923 3008 1112 3080 αὐτὴν,
1151 3009 1246 3063 καὶ
1280 3008 1620 3079 ὲξουθένημα
1663 3007 1967 3080 ἀνθρώπων

379 3102 677 3173 ἀναστήσει
717 3101 804 3154 ἐπ’
836 3101 1028 3170 αὑτήν.

451 3193 541 3248 15.
573 3192 744 3246 Τοῦτο
771 3192 834 3246 τὸ
861 3192 1112 3247 ἐνύπνιον
1158 3187 1299 3246 εἶδον
1345 3189 1458 3260 ἐγὼ
1489 3193 1517 3245 6
1560 3189 1814 3262 βασιλεὺς
1853 3191 1967 3244 Να-

379 3280 784 3351 ϐουχοδονόσορ,
823 3281 1033 3346 καὶσὺ,
1073 3280 1384 3352 Βαλτάσαρ,
1415 3280 1474 3333 τὸ
1511 3279 1790 3351 σύγκριμα
1845 3281 1967 3336 εἰπὲ

380 3372 693 3438 κατέναντι,
725 3373 806 3426 ὅτι
839 3373 1042 3437 πάντες
1069 3373 1120 3426 οἱ
1154 3372 1308 3442 σοφοὶ
1331 3373 1430 3444 τῆς
1458 3372 1738 3444 βασιλείας
1781 3388 1882 3442 μου
1903 3371 1966 3424 οὐ

378 3464 637 3518 δύνανται
657 3464 718 3517 τὸ
752 3466 1034 3536 σύγκριμα
1061 3465 1225 3518 αὑτοῦ
1258 3464 1498 3536 δηλῶσαί
1529 3481 1618 3536 μοι
1641 3477 1655 3493 ·
1701 3465 1765 3518 σὺ
1790 3463 1846 3516 δὲ
1879 3462 1969 3516 δύσ

379 3573 567 3622 νασαι,
595 3557 676 3610 ὅτι
709 3556 938 3629 Πνεῦμα
967 3555 1102 3610 Θεοῦ
1133 3557 1289 3624 ἆγιον
1320 3559 1378 3609 ὲν
1414 3555 1516 3609 σοί.

449 3649 538 3704 16.
580 3649 714 3702 Τότε
743 3648 962 3720 Δανιὴλ,
985 3641 1044 3702 οὗ
1065 3647 1126 3700 τὸ
1153 3647 1322 3718 ὄνομα
1341 3646 1650 3718 Βαλτάσαρ,
1675 3644 1969 3717 ἀπηνεὼοη

380 3742 515 3795 ὡσεὶ
556 3725 706 3813 ὥραν
758 3741 888 3812 μίαν
907 3781 922 3805 ,
956 3740 1054 3793 καὶ
1079 3740 1129 3792 οἱ
1156 3739 1498 3809 διαλογισμοὶ
1527 3738 1695 3792 αὐτοῦ
1741 3738 1968 3790 συνετά·-

383 3850 584 3902 ρασσον
611 3834 777 3888 αὐτόν
796 3850 810 3864 ·
843 3832 1115 3904 ἀπεκρίθη
1143 3834 1172 3884 6
1204 3831 1477 3901 βασιλεὺς,
1503 3833 1595 3886 καὶ
1627 3827 1781 3884 εἶπεν
1802 3848 1813 3860 ·
1833 3829 1970 3882 Βαλ-

381 3925 585 3997 τάσαρ,
609 3925 672 3979 τὸ
704 3924 978 3988 ἐνύπνιον,
1003 3925 1098 3978 καὶ
1139 3925 1172 3993 ἡ
1211 3921 1499 3995 σύγκρισις
1534 3923 1609 3995 μὴ
1651 3938 1970 3976 κατασπευ-

385 4019 536 4072 σάτω
567 4034 664 4070 σε·
718 4016 994 4089 ἀπεκρίθη
1053 4013 1365 4085 Βαλτάσαρ,
1419 4016 1514 4068 καὶ
1563 4011 1748 4067 εἶπεν-
1790 4012 1967 4083 Κύριέ

388 4129 517 4183 μου,
552 4111 613 4165 τὸ
640 4109 892 4164 ἐνύπνιον
938 4111 1052 4174 τοῖς
1084 4108 1301 4181 μισοῦσί
1332 4125 1414 4175 σε,
1449 4108 1544 4160 καὶ
1590 4109 1625 4178 ἡ
1675 4105 1967 4178 σύγκρισις

384 4204 554 4262 αὑτοῦ
584 4206 697 4267 τοῖς
730 4203 945 4274 ἐχθροῖς
970 4221 1087 4258 σου.

456 4297 544 4351 17.
582 4296 655 4349 Τὸ
675 4296 892 4368 δένδρον
921 4295 949 4349 ὂ
978 4291 1119 4360 εἶδες
1139 4295 1202 4350 τὸ
1224 4292 1578 4367 μεγαλυνθὲν,
1613 4290 1708 4345 καὶ
1735 4289 1798 4345 τὸ
1824 4291 1966 4360 ἰσχυ-

382 4388 501 4452 κδς,
519 4382 580 4443 οὗ
606 4387 667 4441 τὸ
687 4387 819 4456 ὕψος
841 4386 1076 4457 ἔφθασεν
1107 4387 1186 4452 είς
1214 4386 1307 4442 τὸν
1329 4383 1580 4458 οὐρανὸν,
1601 4385 1697 4438 καὶ
1719 4383 1778 4438 τὸ
1805 4382 1968 4445 κῦτος

384 4480 552 4534 αὐτοῦ
589 4481 669 4543 εἰς
699 4481 881 4534 πᾶσαν
911 4479 1013 4551 τὴν
1050 4478 1176 4549 γῆν.

455 4571 541 4625 18.
575 4571 683 4623 Καὶ
707 4570 778 4624 τὰ
805 4570 978 4639 φύλλα
1004 4569 1170 4625 αὑτοῦ
1191 4569 1416 4641 εὐθαλῆ,
1437 4568 1533 4623 καὶ
1569 4571 1598 4624 6
1632 4569 1846 4641 καρπδς
1872 4569 1970 4623 αὖ·
1998 4598 2052 4659 D

382 4663 482 4720 τοῦ
512 4663 702 4728 πολὺς,
739 4663 834 4717 καὶ
854 4663 1029 4734 τροφὴ
1059 4664 1228 4722 πᾶσιν
1259 4663 1316 4715 ὲν
1349 4661 1526 4733 αὐτῷ·
1560 4661 1820 4715 ὑποκάτω
1868 4661 1968 4714 αὐ·-

385 4757 481 4811 τοῦ
519 4757 760 4828 κατῴκει
787 4756 854 4810 τὰ
881 4756 1049 4828 θηρία
1071 4756 1140 4809 τὰ
1169 4756 1360 4826 ἄγρια,
1396 4757 1492 4809 καὶ
1525 4758 1582 4808 ὲν
1611 4758 1726 4819 τοῖς
1753 4754 1972 4819 κλάδοις

386 4847 553 4903 αὐτοῦ
578 4848 953 4917 κατεσκήνουν
975 4846 1048 4899 τὰ
1085 4846 1250 4918 ὄρνεα
1279 4845 1375 4899 τοῦ
1414 4845 1666 4917 ούρανοῦ.

458 4941 547 4996 19.
584 4941 657 4994 Σὺ
686 4935 754 5007 εἴ,
788 4938 1032 5011 βασιλεῦ,
1064 4940 1146 4993 ὅτι
1181 4937 1557 5009 ὲμεγαλύνθης
1587 4937 1683 4990 καὶ
1721 4937 1968 5006 ἴσχυσας,

388 5033 482 5086 καὶ
510 5034 544 5104 ἡ
569 5031 928 5103 μεγαλωσύνη
955 5048 1049 5085 σου
1083 5027 1424 5100 ὲμεγαλύνθη
1451 5068 1466 5093 ,
1504 5028 1600 5083 καὶ
1638 5027 1872 5097 ἔφθασεν
1892 5029 1974 5092 είς

387 5124 479 5178 τὸν
503 5121 749 5194 οὐρανὸν,
776 5123 923 5193 καὶὴ
956 5122 1152 5193 κυρεία
1175 5136 1267 5173 σου
1291 5121 1368 5183 εἰς
1398 5119 1465 5174 τὰ
1491 5120 1704 5190 πέρατα
1727 5120 1826 5190 τῆς
1845 5119 1969 5190 γῆς.

458 5213 551 5269 20.
577 5215 690 5268 Καὶ
718 5216 800 5270 ὅτι
835 5210 975 5268 εἶδεν
997 5216 1024 5267 6
1061 5213 1315 5284 βασιλεὺς
1345 5213 1466 5285 Εἳρ,
1493 5212 1586 5264 καὶ
1612 5212 1766 5280 ἅγιον
1801 5227 1973 5264 κατα-

391 5306 645 5361 ϐαίνοντα
674 5310 738 5360 ὲκ
767 5307 860 5361 τοῦ
891 5305 1146 5379 ούρανοῦ,
1168 5305 1262 5360 καὶ
1275 5300 1449 5368 εἶπεν,
1467 5304 1748 5358 Ἐκτίλατε
1771 5303 1832 5357 τὸ
1857 5303 1972 5357 δέν-

392 5396 535 5468 δρον,
568 5399 666 5452 καὶ
684 5398 1034 5467 διαφθείρατε
1065 5397 1216 5462 αὐτὸ,
1247 5396 1342 5450 καὶ
1377 5395 1518 5466 πλὴν
1556 5399 1654 5466 τὴν
1694 5395 1835 5468 φυὴν
1863 5395 1972 5449 τῶν

397 5490 558 5564 ῥιζῶν
589 5491 754 5544 αὐτοῦ
787 5493 845 5544 ὲν
876 5493 940 5562 τῇ
970 5493 1041 5562 γῇ
1063 5490 1283 5553 ἐάσατε,
1320 5487 1416 5542 καὶ
1447 5489 1506 5541 ἐν
1528 5486 1712 5558 δεσμῷ
1744 5488 1970 5560 σιδηρῷ,

391 5583 487 5637 καὶ
513 5582 722 5654 χαλκῷ,
757 5583 851 5637 καὶ
872 5584 929 5634 ὲν
948 5585 1015 5653 τῇ
1049 5581 1181 5653 χλόῃ
1205 5583 1269 5652 τῇ
1306 5579 1431 5644 ἔξω,
1469 5579 1564 5631 καὶ
1601 5579 1660 5630 ὲν
1689 5581 1754 5649 τῇ
1798 5579 1973 5651 δρόσῳ

392 5673 484 5728 τοῦ
537 5673 768 5744 οὐρανοῦ
807 5673 1230 5744 αὐλισθήσεται,
1282 5671 1380 5724 καὶ
1430 5670 1568 5740 μετὰ
1605 5668 1711 5723 τῶν
1767 5669 1974 5741 θηρίων

396 5765 600 5836 ἀγρίων
626 5768 658 5836 ἡ
689 5767 843 5838 μερὶς
869 5765 1056 5831 αὐτοῦ,
1089 5764 1191 5828 ἕως
1223 5763 1360 5817 ἑπτὰ
1397 5763 1578 5834 καιροὶ
1604 5761 1973 5817 άλλοιωθῶσιν

397 5859 479 5913 ἐπ’
508 5857 687 5915 αὐτόν.

2139 2001 2226 2054 12.
2268 1999 2662 2055 Verumtamen
2696 2016 2918 2072 germen
2954 1999 3201 2055 radicum
3233 2001 3353 2069 ejus
3405 1999 3456 2052 in
3502 2007 3648 2053 terra

2066 2095 2250 2160 sinite,
2275 2104 2328 2149 et
2352 2097 2404 2148 in
2425 2095 2644 2149 vinculo
2668 2093 2867 2158 ferreo,
2887 2101 2941 2148 et
2963 2109 3126 2157 agree,
3155 2101 3208 2147 et
3240 2093 3292 2146 in
3321 2093 3508 2157 herba,
3527 2106 3650 2161 qua:

2067 2187 2200 2243 foris
2233 2196 2338 2254 est,
2366 2197 2420 2242 et
2440 2188 2493 2252 in
2526 2203 2648 2241 rore
2671 2188 2796 2242 cmli
2826 2186 3276 2253 commorabitur,
3296 2193 3490 2240 etcum
3519 2183 3650 2238 feris

2065 2297 2193 2353 pars
2225 2282 2344 2352 ejus
2370 2282 2424 2336 in
2467 2282 2632 2336 herba
2667 2289 2847 2334 terrae.

2145 2459 2227 2513 l5.
2267 2457 2374 2512 Cor
2397 2457 2516 2527 ejus
2549 2457 2618 2512 ab
2643 2457 2960 2512 hominibus
2999 2453 3450 2518 commutabitur,
3475 2463 3527 2509 et
3551 2467 3649 2508 cor

2067 2548 2198 2604 fera:
2239 2549 2463 2604 dabitur
2495 2549 2580 2615 ci;
2631 2555 2686 2602 et
2747 2556 2952 2617 septem
2997 2554 3242 2615 tempora
3291 2543 3650 2598 mutabuntur

2067 2657 2232 2712 super
2258 2658 2400 2696 eam.

2141 2735 2228 2788 14.
2270 2733 2376 2788 Per
2406 2735 2682 2788 decretum
2713 2732 2810 2788 i-iir
2841 2746 3044 2796 sermo,
3075 2737 3130 2786 et
3154 2728 3379 2784 verbum
3400 2735 3646 2784 sanctum

2067 2827 2257 2898 petitio
2281 2867 2296 2891 ,
2343 2834 2402 2880 ut
2425 2834 2762 2898 cognoscant
2787 2825 3055 2886 viventes,
3087 2821 3234 2891 quod
3277 2818 3544 2872 Dominus
3567 2829 3654 2870 εει

2069 2919 2186 2988 ipse
2219 2918 2535 2972 Altissimus
2591 2894 2743 2986 regni
2781 2915 3089 2976 hominum,
3115 2922 3168 2966 et
3195 2911 3526 2980 quicumque
3557 2922 3652 2960 vo-

2067 3010 2251 3070 luerit,
2283 3009 2433 3062 dabit
2467 3007 2598 3061 illud
2622 3045 2640 3070 ,
2679 3016 2736 3061 et
2769 3005 2912 3075 quod
2953 3019 3051 3074 pro
3105 3001 3277 3056 nihilo
3323 2997 3555 3053 habetur
3581 2998 3651 3050 ab

2069 3099 2406 3163 hominibus,
2434 3099 2606 3166 eriget
2633 3112 2796 3167 super
2830 3095 2988 3151 illud.

2144 3191 2230 3245 15.
2272 3187 2386 3244 Hoc
2421 3189 2698 3244 somnium
2721 3187 2830 3244 vidi
2867 3203 2967 3259 ego
2998 3202 3089 3242 rex
3120 3184 3652 3245 Nabuchodonosor,

2071 3292 2125 3338 et
2154 3292 2234 3347 tu,
2262 3282 2530 3350 Baltasar,
2555 3283 3061 3353 interpretationem
3087 3280 3252 3336 dicito
3272 3293 3458 3334 coram
3488 3295 3501 3332 :
3524 3276 3652 3347 quia

2071 3391 2265 3431 omnes
2291 3375 2565 3444 sapientes
2597 3375 2749 3444 regni
2773 3373 2879 3428 mei
2917 3387 3026 3428 non
3061 3380 3292 3442 possunt
3325 3371 3652 3440 interpreta-

2073 3470 2277 3524 tionem
2301 3469 2420 3538 ejus
2451 3468 2731 3523 declarare
2762 3466 2934 3532 mihi;
2986 3475 3040 3520 tu
3086 3471 3270 3519 autem
3315 3473 3490 3534 potes,
3523 3461 3654 3533 quia

2073 3561 2311 3632 Spiritus
2336 3559 2429 3614 Dei
2451 3571 2672 3615 sanctus
2698 3568 2784 3614 est
2816 3559 2871 3612 in
2902 3567 2973 3612 te.

2151 3654 2233 3708 16.
2277 3651 2430 3707 Tunc
2461 3651 2671 3717 Daniel,
2708 3651 2868 3720 cujus
2922 3665 3120 3704 nomen
3156 3647 3426 3711 Baltasar,
3458 3645 3656 3699 obmu-

2075 3746 2178 3801 tuit
2202 3746 2360 3816 quasi
2397 3746 2531 3799 hora
2563 3760 2670 3799 uua
2697 3785 2713 3811 ,
2768 3752 2823 3799 et
2855 3741 3218 3813 cogitationes
3269 3741 3390 3808 ejus
3428 3747 3656 3793 contur-

2071 3839 2275 3894 babant
2297 3855 2443 3894 eum.
2469 3837 2771 3908 Respondit
2794 3852 2909 3901 rex,
2934 3845 2987 3890 et
3008 3835 3185 3890 dixit:
3213 3834 3481 3898 Baltasar,
3508 3845 3657 3884 som-

2072 3931 2248 3994 nium,
2283 3942 2337 3985 et
2371 3929 2748 3999 interpretatio
2786 3944 2854 3982 ne
2882 3928 3177 3982 sollicitum
3212 3936 3264 3980 te
3287 3925 3517 3989 reddat;
3559 3937 3652 3977 re-

2072 4023 2292 4093 spondit
2321 4021 2590 4084 Baltasar,
2621 4030 2677 4075 et
2708 4019 2875 4072 dixit:
2915 4018 3141 4072 Domine
3163 4016 3257 4081 mi,
3286 4014 3560 4069 somnium
3586 4013 3658 4066 sit

2074 4114 2182 4176 his,
2215 4112 2310 4182 qui
2341 4119 2393 4166 te
2419 4112 2675 4174 oderunt,
2715 4117 2770 4164 et
2825 4106 3205 4176 interpretatio
3248 4105 3370 4175 ejus
3400 4103 3657 4160 hostibus

2072 4205 2200 4260 tuis.

2144 4299 2234 4352 17.
2275 4297 2455 4352 Arbor
2488 4311 2652 4366 quam
2679 4293 2864 4348 vidisti
2894 4290 3327 4360 magniﬁcatam,
3371 4295 3426 4341 et
3461 4301 3656 4341 corro-

2074 4389 2345 4457 boratam,
2379 4389 2538 4459 cujus
2569 4385 2802 4442 altitudo
2827 4384 3075 4456 pervenit
3105 4382 3173 4436 ad
3199 4380 3422 4442 oculum,
3458 4385 3513 4432 et
3533 4375 3656 4429 lati-

2074 4487 2208 4542 tudo
2237 4485 2357 4556 ejus
2390 4485 2446 4540 in
2477 4485 2786 4540 universam
2821 4491 3043 4536 terram.

2152 4580 2237 4634 18.
2279 4579 2347 4634 Et
2374 4577 2502 4632 folia
2537 4579 2659 4646 ejus
2685 4574 2956 4640 ﬂorentia,
2987 4581 3041 4627 et
3088 4569 3301 4625 fructus
3343 4565 3464 4638 ejus
3507 4563 3654 4618 mul-

2075 4681 2186 4737 tus,
2208 4681 2261 4726 et
2288 4687 2415 4726 esca
2445 4670 2704 4724 omnibus
2759 4669 2812 4722 iu
2863 4682 2928 4722 ea
2963 4683 2976 4719 :
3010 4664 3200 4719 subter
3259 4675 3379 4715 eam
3444 4658 3657 4712 habita-

2073 4765 2207 4820 bant
2235 4764 2423 4820 bestite
2448 4763 2587 4835 agri,
2611 4769 2666 4817 et
2699 4762 2754 4816 in
2787 4760 2955 4816 ramis
2996 4758 3117 4829 ejus
3172 4751 3660 4810 commorabantur

2075 4871 2206 4911 aves
2235 4854 2381 4910 coeli.

2147 4947 2235 5002 19.
2278 4946 2359 5001 Tu
2388 4961 2470 5013 es,
2503 4959 2537 5001 ο
2570 4960 2686 5010 rex,
2714 4944 2842 5014 quia
2898 4941 3278 5010 magnificatus
3299 4952 3381 5000 es,
3412 4946 3466 4991 et
3501 4935 3660 4989 inva-

2075 5039 2248 5106 luisti,
2289 5048 2344 5094 et
2372 5038 2689 5110 magnitudo
2724 5048 2813 5092 tua
2842 5034 3188 5104 magniﬁcata
3229 5039 3347 5096 est,
3372 5037 3427 5083 et
3465 5041 3659 5097 perve-

2075 5133 2158 5186 nit
2183 5131 2247 5186 ad
2279 5131 2502 5193 coelum,
2534 5139 2588 5184 et
2620 5128 2859 5198 potentia
2889 5133 2980 5179 tua
3013 5123 3079 5176 ad
3117 5121 3380 5176 terminos
3412 5129 3588 5172 terrae.

2146 5226 2236 5279 ΞΟ.
2279 5224 2434 5291 Quod
2466 5233 2647 5278 autem
2680 5221 2818 5275 vidit
2873 5233 2970 5273 rex
3002 5215 3119 5280 Hir,
3167 5223 3220 5268 et
3277 5219 3530 5267 sanctum
3562 5209 3658 5262 de-

2075 5317 2427 5374 scendentem
2463 5315 2529 5369 de
2557 5312 2719 5374 caelo,
2745 5321 2801 5366 et
2839 5311 2978 5365 dixit
3007 5327 3020 5364 :
3054 5305 3277 5362 Evellite
3310 5303 3657 5364 arborem,et

2075 5411 2344 5467 destruite
2368 5424 2511 5469 eam,
2562 5413 2806 5461 attamen
2864 5418 3086 5472 germen
3145 5398 3391 5454 radicum
3427 5394 3549 5463 ejus
3599 5392 3654 5446 in

2074 5511 2222 5559 terra
2251 5501 2526 5562 dimittite,
2553 5505 2608 5552 et
2631 5498 2684 5552 in
2716 5495 2931 5550 vinculo
2979 5492 3192 5557 ferreo,
3225 5498 3279 5544 et
3331 5501 3493 5550 aereo,
3522 5493 3577 5537 et
3599 5483 3653 5537 iu

2077 5593 2244 5649 herba
2284 5607 2406 5661 quae
2441 5588 2597 5649 foris,
2629 5595 2684 5640 et
2716 5585 2770 5639 in
2801 5597 2925 5638 rore
2956 5581 3080 5636 coeli
3119 5574 3571 5636 commorabitur,
3601 5585 3656 5627 et

2078 5700 2202 5742 cum
2233 5681 2420 5738 bestiis
2454 5677 2762 5748 agrestibus
2814 5689 2941 5745 pars
2999 5671 3156 5742 ejus,
3213 5670 3384 5724 donec
3444 5671 3654 5733 septem

2077 5788 2326 5848 tempora
2359 5779 2636 5828 mutentur
2666 5783 2826 5840 super
2855 5780 3001 5821 cum.
