4064 6440
411 348 558 407 2863

1487 345 1745 403 DANlEL
1775 345 2005 404 JUXTA
2038 346 2581 406 ΤΗΕΟΒΟΤΙΟΝΕΗ

3553 364 3703 425 2864

481 467 573 520 ει.
614 461 739 518 Ητεε
774 459 1150 532 interpretatio
1187 460 1329 532 ejus,
1383 477 1416 518 o
1442 478 1538 518 rex
1569 503 1584 528 ,
1629 471 1684 518 et
1735 463 1987 519 sententi:

2176 465 2266 520 2-1.
2297 466 2467 520 Τοῦτο
2514 469 2548 539 ἡ
2580 467 2870 540 σύγκρισις
2917 469 3103 538 αὐτοῦ,
3140 472 3384 544 βασιλεῦ,
3430 478 3525 532 acal
3559 480 3700 550 σύγ-

413 555 678 612 Altissimi
701 563 806 618 est,
833 569 956 624 quae
990 554 1238 625 pervenit
1271 568 1435 623 super
1485 554 1770 610 dominum
1809 571 1990 611 meum

413 663 618 719 regem,
645 658 700 701 et
733 655 783 701 te
811 645 1031 716 ejicient
1057 648 1126 700 ab
1156 646 1495 714 hominibus,
1541 657 1596 701 et
1646 663 1769 702 cum
1801 648 1993 706 bestiis

412 740 722 811 agrestibus
745 740 852 794 erit
883 739 1151 795 habitatio
1189 750 1300 795 tua.

489 833 582 888 22.
627 831 696 886 Et
720 832 869 887 faeno
903 841 964 886 ut
1015 832 1208 886 bovem
1259 839 1490 901 pascent
1539 839 1608 898 te,
1640 839 1694 885 et
1744 830 1810 885 de
1867 844 1993 885 rore

413 925 540 981 cteli
597 939 801 994 corpus
836 933 990 979 tuum
1033 931 1370 992 aspergetur,
1405 932 1460 976 et
1491 931 1691 992 septem
1747 930 1991 991 tempora

413 1016 780 1071 mutabuntur
813 1029 981 1085 super
1009 1023 1079 1080 te,
1116 1014 1290 1069 donec
1311 1015 1476 1078 scias,
1498 1014 1644 1084 quod
1678 1015 1992 1068 dominatur

413 1107 675 1162 Excelsus
706 1119 870 1174 super
923 1119 1146 1173 regnum
1200 1103 1507 1169 hominum,
1549 1111 1604 1158 et
1663 1103 1992 1173 cuicumque

412 1199 666 1262 voluerit,
699 1197 848 1254 dabit
874 1196 1033 1251 illud.

481 1293 572 1348 25.
599 1290 756 1358 Quod
779 1297 963 1345 autem
995 1287 1168 1342 dixit:
1200 1285 1467 1340 Dimittite
1493 1300 1714 1356 germen
1741 1284 1990 1342 radicum

413 1384 662 1440 arboris:
691 1397 916 1453 regnum
949 1393 1100 1436 tuum
1126 1380 1224 1434 tibi
1255 1381 1536 1447 manebit,
1578 1387 1868 1450 postquam
1898 1395 1993 1434 co-

413 1475 667 1544 gnoveris
701 1481 1022 1544 potestatem
1055 1472 1356 1527 caelestem.

480 1568 570 1621 24.
613 1566 1004 1633 Quamobrem,
1046 1582 1164 1632 rex,
1197 1565 1496 1621 consilium
1548 1580 1728 1620 meum
1780 1565 1992 1636 placeat

410 1661 531 1726 tibi,
557 1670 611 1715 et
640 1669 860 1730 peccata
896 1668 986 1714 tua
1011 1658 1065 1712 in
1093 1659 1458 1729 eleemosynis
1483 1658 1690 1713 redime
1710 1699 1726 1724 ,
1762 1668 1816 1714 et
1848 1660 1992 1729 inju-

413 1751 590 1806 stitias
620 1761 742 1808 tuas
789 1751 846 1805 in
890 1751 1338 1806 miserationibus
1367 1765 1706 1820 pauperum:
1757 1750 1993 1808 fortasse

411 1843 516 1898 erit
543 1842 929 1911 longanimitas
962 1856 1060 1912 pro
1085 1841 1298 1896 delictis
1333 1843 1463 1897 tuis.

482 1935 574 1990 25.
615 1934 742 1991 Haec
773 1935 959 1990 omnia
1014 1942 1282 1990 venerunt
1330 1949 1495 2004 super
1545 1942 1597 1990 te
1625 1931 1990 1990 Nabuchodo-

413 2039 582 2081 nosor
613 2041 821 2097 regem.

483 2119 574 2174 26.
615 2118 749 2176 Post
781 2134 995 2174 menses
1016 2118 1300 2181 duodecim
1336 2117 1390 2172 in
1443 2116 1643 2188 templo
1688 2117 1841 2188 regni
1903 2116 1991 2173 sui

413 2212 691 2282 Babylone
723 2211 1134 2268 deambulabat.

479 2307 570 2360 9.7.
613 2304 679 2360 Et
713 2305 993 2375 respondit
1024 2320 1140 2367 rex,
1189 2313 1244 2359 et
1291 2302 1469 2359 dixit:
1505 2301 1699 2356 Nonne
1731 2302 1845 2356 tunc
1905 2310 1991 2358 est

414 2397 650 2468 Babylon
687 2412 904 2466 magna,
936 2412 1102 2466 quam
1127 2411 1229 2467 ego
1257 2395 1521 2451 aediﬁcavi
1554 2397 1609 2450 in
1642 2395 1869 2450 domum
1901 2411 1992 2452 re-

412 2489 525 2558 gni.
563 2490 616 2544 in
646 2489 840 2543 robore
862 2487 1200 2543 fortitudinis
1231 2488 1405 2543 mere?

484 2580 577 2635 28.
617 2579 754 2634 Cum
777 2579 958 2634 adhuc
986 2595 1169 2636 sermo
1192 2587 1339 2634 esset
1363 2578 1417 2632 in
1453 2593 1550 2634 ore
1575 2579 1750 2650 regis,
1783 2595 1890 2634 vox
1923 2579 1991 2637 de

413 2672 552 2728 caelo
583 2671 726 2727 laeta
755 2680 874 2727 est:
900 2672 1022 2726 Tibi
1060 2672 1282 2738 dicitur,
1317 2671 1829 2729 Nabuchodonosor
1851 2687 1982 2728 rex:

413 2783 641 2841 regnum
674 2776 826 2823 tuum
853 2769 1070 2825 transiit
1097 2783 1128 2825 a
1155 2779 1228 2828 te.

481 2943 575 3001 29.
615 2943 681 2999 Et
705 2945 774 3000 ab
803 2944 1120 3004 hominibus
1153 2955 1206 3002 te
1250 2946 1490 3017 ejicient,
1521 2958 1575 3004 et
1636 2966 1760 3006 cum
1797 2951 1989 3010 bestiis

411 3035 720 3107 agrestibus
747 3037 1009 3094 habitatio
1055 3048 1170 3104 tua,
1206 3047 1264 3096 et
1301 3039 1452 3096 faeno
1507 3051 1570 3096 ut
1610 3043 1802 3098 bovem
1841 3046 1990 3100 ciba-

411 3128 556 3182 bunt
583 3136 657 3196 te,
690 3136 747 3182 et
771 3137 977 3198 septem
1013 3137 1259 3199 tempora
1283 3132 1644 3186 mutabuntur
1722 3149 1885 3203 super
1938 3145 1990 3191 te

2103 573 2277 627 κριμα
2316 557 2574 628 Ὑψίστου
2625 561 2796 626 ἐστὶν,
2829 561 2858 614 ὃ
2883 561 3116 632 ἔφθασεν
3137 567 3231 619 ἐπὶ
3249 565 3341 620 τὸν
3369 567 3558 641 κύριόν
3586 590 3697 642 μου

2099 647 2192 700 τὸν
2235 647 2483 718 βασιλέα,
2511 651 2605 704 καὶ
2628 652 2685 706 σὲ
2709 653 3056 722 ἐκδιώξουσιν
3084 657 3196 711 ἀπὸ
3224 658 3333 714 τῶν
3361 661 3692 734 ἀνθρώπων,

2099 739 2194 792 καὶ
2229 740 2369 808 μετὰ
2395 739 2602 812 θηρίων
2628 743 2834 815 ἀγρίων
2856 745 3006 800 ἔσται
3037 749 3070 818 ή
3111 750 3363 806 κατοικία
3394 769 3507 807 σου.

2166 829 2258 884 22.
2298 831 2405 884 Καὶ
2438 831 2632 905 χόρτον
2677 835 2756 899 ὼς
2793 835 2920 907 βοῦν
2975 837 3285 907 ψωμίσουσί
3321 859 3404 906 σε,
3435 841 3529 897 καὶ
3575 846 3694 900 ἀπὸ

2096 927 2198 997 τῆς
2229 928 2424 1000 δρόσου
2448 930 2544 984 τοῦ
2572 931 2802 1004 οὐρανοῦ
2823 933 2886 986 τὸ
2915 933 3076 1005 σῶμά
3096 952 3190 989 σου
3222 935 3550 1007 βαφήσεται,
3590 941 3692 994 καὶ

2100 1019 2243 1074 ἐπτά
2276 1023 2460 1093 καιροὶ
2487 1022 2888 1094 ἀλλαγήσονται
2917 1026 3012 1079 ἐπὶ
3050 1026 3133 1093 σὲ,
3167 1027 3272 1091 ἓως
3305 1024 3365 1082 οὗ
3404 1031 3570 1100 γνῷς,
3602 1032 3688 1086 ὅτι

2097 1111 2340 1183 κυριεύει
2387 1115 2416 1166 ό
2477 1113 2739 1184 ’Υψιστος
2765 1119 2862 1186 τῆς
2885 1116 3163 1186 βασιλείας
3217 1117 3326 1172 τῶν
3356 1121 3686 1194 ἀνθρώπων,

2097 1202 2192 1255 καὶ
2215 1195 2259 1270 ᾧ
2289 1202 2356 1256 ἂν
2380 1203 2529 1275 δόξῃ,
2561 1203 2722 1258 δώσει
2764 1207 2957 1278 αὐτήν.

2165 1293 2255 1349 25.
2288 1295 2398 1347 Kal
2419 1295 2500 1348 ὅτι
2530 1291 2703 1362 εἶπεν,
2721 1296 2953 1351 Ἐάσατε
2974 1298 3075 1370 τὴν
3105 1299 3244 1371 φυὴν
3257 1300 3364 1354 τῶν
3389 1302 3560 1373 ῥιζῶν
3586 1303 3686 1358 τοῦ

2096 1384 2312 1456 δένδρου
2332 1401 2349 1419 ο
2388 1388 2421 1457 ἡ
2457 1384 2705 1456 βασιλεία
2733 1405 2825 1441 σου
2849 1390 2933 1442 σοὶ
2965 1393 3140 1462 μενεῖ,
3172 1394 3289 1464 ,ἀφ’
3321 1390 3388 1467 ἧς
3432 1395 3499 1450 ἂν
3536 1397 3687 1468 γνῷς

2097 1476 2195 1548 τὴν
2222 1477 2470 1542 ἐξουσίαν
2488 1479 2586 1550 τὴν
2607 1480 2878 1551 οὐράνιον.

2169 1568 2260 1623 ει.
2291 1570 2390 1624 Διὰ
2415 1570 2593 1635 τοῦτο,
2620 1570 2863 1640 βασιλεῦ,
2899 1575 2932 1644 ή
2972 1572 3135 1647 βουλή
3159 1593 3259 1646 μου
3289 1577 3542 1648 ἀρεσάτω
3571 1597 3682 1650 σοι,

2099 1659 2194 1714 καὶ
2246 1661 2346 1726 τὰς
2401 1663 2675 1734 ἁμαρτίας
2723 1679 2815 1718 σου
2853 1665 2912 1717 ἐν
2944 1665 3338 1736 ἐλεημοσύναις
3378 1669 3681 1742 λύτρωσαι,

2099 1751 2323 1817 καὶτὰς
2364 1753 2580 1817 ἀδικίας
2635 1771 2730 1808 σου
2775 1756 2834 1809 ἐν
2867 1757 3171 1828 οἰκτιρμοῖς
3220 1762 3504 1831 πενήτων·
3546 1764 3682 1830 ἴσως

2023 1843 2070 1899 D
2099 1840 2250 1894 ἔσται
2279 1841 2632 1914 μακροθυμία
2651 1847 2763 1909 τοῖς
2792 1846 3201 1918 παραπτώμασί
3239 1867 3352 1907 σου.

2168 1933 2260 1988 25.
2299 1935 2483 1988 Ταῦτα
2513 1937 2691 1991 πάντα
2720 1936 2955 2007 ἔφθασεν
2987 1939 3083 1993 ἐπὶ
3117 1939 3176 1994 at
3202 1941 3679 2022 Ναϐουχοδονόσορ

2093 2023 2186 2077 τὸν
2218 2022 2462 2094 βασιλέα.

2165 2115 2254 2169 26.
2283 2117 2440 2171 Μετά
2485 2117 2868 2189 δωδεκάμηνον
2915 2119 2973 2172 ἐν
3007 2118 3087 2190 τῷ
3127 2120 3240 2193 ναῷ
3269 2121 3370 2194 τῆς
3399 2123 3677 2194 βασιλείας

2095 2207 2260 2261 αὐτοῦ
2292 2209 2350 2261 ἐν
2377 2209 2655 2263 Βαϐυλῶνι
2683 2209 3000 2280 περιπατῶν
3023 2209 3110 2286 ἦν.

2165 2299 2256 2352 27.
2287 2300 2397 2354 Kal
2430 2301 2700 2373 ἀπεκρίθη
2731 2304 2758 2356 6
2781 2301 3053 2372 βασιλεὺς,
3079 2305 3172 2357 καὶ
3198 2300 3372 2373 εἷπεν,
3397 2307 3509 2378 Οὐχ
3534 2307 3675 2380 αῦτη

2091 2391 2212 2444 ἐστὶ
2250 2390 2509 2445 Βαϐυλὼν
2532 2394 2564 2464 ή
2598 2393 2831 2464 μεγάλη,
2850 2395 2917 2464 ἢν
2940 2394 3052 2464 ἐγὼ
3078 2396 3404 2468 ᾠκοδόμησα
3428 2401 3508 2465 εἰς
3529 2397 3679 2458 οἷκον

2097 2481 2375 2552 βασιλείας
2400 2483 2459 2537 ἐν
2483 2483 2562 2554 τῷ
2592 2485 2782 2556 κράτει
2811 2486 2910 2556 τῆς
2959 2488 3140 2558 ἰσχύος
3175 2507 3315 2559 μου;

2166 2575 2258 2630 28.
2299 2577 2420 2630 Ἔτι
2452 2576 2547 2630 τοῦ
2595 2577 2755 2646 λόγου
2806 2581 2864 2632 ἐν
2891 2579 2970 2650 τῷ
3002 2582 3232 2653 στόματι
3264 2583 3354 2636 τοῦ
3410 2585 3677 2655 βασιλέως

2096 2664 2268 2729 ὄντος,
2287 2667 2438 2739 φωνὴ
2463 2668 2558 2721 ἀπ’
2577 2668 2806 2740 οὐρανοῦ
2834 2671 3071 2739 ἐγένετοο
3095 2674 3185 2725 Σοὶ
3208 2673 3444 2743 λέγεται,
3465 2677 3675 2730 Ναϐου-

2097 2757 2381 2830 χοδονόσορ
2434 2759 2748 2834 βασιλεῦ,ή
2799 2763 3048 2833 βασιλεία
3097 2783 3190 2819 σου
3245 2767 3519 2839 παρῆλθεν
3564 2769 3671 2822 ἀπὸ

2098 2865 2213 2905 σου.

2166 2942 2258 2999 29.
2288 2943 2399 2998 Kal
2445 2942 2554 2998 ἀπὸ
2604 2943 2712 2998 τῶν
2764 2943 3070 3016 ἀνθρώπων
3119 2947 3178 3000 σέ
3209 2948 3542 3016 ἐκδιώξουσι,
3574 2950 3668 3005 xal

2099 3033 2238 3103 μετά
2264 3033 2468 3106 θηρίων
2497 3034 2704 3105 ἀγρίων
2739 3037 2771 3106 ή
2799 3037 3054 3090 κατοικία
3083 3055 3176 3090 σου
3200 3078 3215 3103 ,
3249 3039 3344 3092 καὶ
3378 3041 3571 3110 χόρτον
3599 3039 3672 3104 ὼς

2099 3124 2225 3196 βοῦν
2267 3125 2579 3196 ψωμίσουσί
2613 3143 2696 3191 σε,
2737 3126 2832 3182 καὶ
2889 3127 3030 3181 ἑπτὰ
3059 3130 3238 3197 καιροὶ
3275 3131 3674 3199 ἀλλαγήσονται

410 3217 586 3273 donec
641 3219 808 3284 scias,
867 3218 1014 3289 quod
1064 3219 1382 3277 dominatur
1415 3221 1679 3281 Excelsus
1702 3240 1867 3294 super
1905 3242 1987 3281 re-

2094 3218 2186 3271 ὲπὶ
2216 3219 2318 3282 σοὶ,
2335 3218 2438 3282 ἕως
2462 3213 2522 3273 οῦ
2545 3218 2808 3288 γνῷς,ὃτι
2833 3219 3070 3289 κυριεύει
3097 3219 3125 3271 6
3157 3220 3418 3289 ’Υψιστος
3443 3224 3542 3292 τῆς
3568 3223 3672 3292 βα-

411 3325 578 3378 gnum
609 3310 851 3380 ipsorum
884 3311 1208 3380 hominum,
1261 3321 1319 3370 et
1372 3316 1704 3388 cuicumque
1728 3319 1985 3387 voluerit,

409 3401 561 3457 dabit
589 3401 745 3458 illud.

479 3493 568 3548 30.
614 3491 815 3548 Eadem
843 3492 978 3550 hora
1011 3510 1193 3552 sermo
1216 3496 1520 3566 completus
1554 3507 1638 3553 est
1689 3513 1854 3567 super
1881 3497 1990 3553 Na-

409 3584 834 3641 buchodonosor
862 3625 880 3652 ,
929 3595 986 3642 et
1045 3602 1112 3642 ex
1172 3589 1484 3643 hominibus
1545 3589 1754 3660 ejectus
1783 3601 1902 3660 est,
1935 3600 1991 3648 et

409 3675 616 3730 faenum
648 3686 710 3732 ut
736 3677 838 3733 bos
863 3679 1120 3746 comedit,
1145 3687 1200 3734 et
1224 3680 1291 3736 de
1317 3695 1443 3736 rore
1476 3681 1600 3737 σαειί
1639 3697 1840 3753 corpus
1865 3685 1986 3753 ejus

410 3763 670 3820 infectum
692 3775 797 3833 est,
823 3766 998 3822 donec
1028 3768 1210 3838 capilli
1261 3769 1382 3838 ejus
1430 3771 1588 3840 quasi
1616 3772 1834 3828 leonum
1867 3789 1988 3830 cre-

409 3863 628 3922 verunt,
659 3863 714 3910 et
743 3872 952 3928 ungues
982 3859 1102 3929 ejus
1124 3859 1285 3930 quasi
1311 3860 1521 3916 avium.

475 4028 566 4085 3i.
607 4027 674 4084 Ει
696 4039 821 4101 post
846 4031 1008 4088 linem
1059 4031 1272 4089 dierum
1332 4050 1434 4106 ego
1475 4033 1986 4094 Nabuchodonosor

407 4120 598 4176 oculos
628 4137 780 4177 meos
811 4122 877 4176 ad
907 4123 1106 4178 cmlum
1134 4124 1329 4193 levavi,
1359 4135 1415 4182 et
1443 4143 1638 4183 sensus
1671 4129 1776 4184 mei
1808 4129 1874 4184 ad
1898 4143 1986 4186 me

405 4213 609 4269 reversi
631 4221 782 4278 sunt,
804 4223 860 4270 et
885 4213 1167 4272 Altissimo
1193 4217 1464 4286 benedixi,
1515 4229 1570 4274 et
1617 4220 1886 4296 viventem
1929 4222 1982 4276 in

405 4305 799 4376 sempiternum
831 4307 1066 4376 laudavi,
1092 4317 1148 4364 et
1175 4309 1512 4379 gloriﬁcavi,
1561 4311 1691 4382 quia
1740 4321 1984 4382 potestas

405 4394 527 4462 ejus
556 4405 799 4464 potestas
827 4399 1179 4468 sempiterna,
1212 4407 1268 4456 et
1293 4415 1521 4473 regnum
1565 4403 1686 4473 ejus
1730 4403 1784 4458 iu
1819 4420 1984 4476 gene-

405 4485 674 4542 rationem
703 4496 756 4542 et
785 4490 1216 4558 generationem.

477 4664 565 4721 52.
607 4663 674 4718 Et
711 4679 906 4722 omnes
937 4666 1272 4723 habitatores
1309 4676 1464 4724 terra:
1486 4669 1645 4740 quasi
1673 4669 1808 4725 nihil
1835 4685 1985 4725 eom-

406 4758 582 4829 putati
613 4767 762 4823 sunt,
794 4766 848 4812 et
879 4758 1035 4829 juxta
1075 4759 1408 4836 voluntatem
1433 4778 1590 4817 suam
1623 4761 1756 4818 facit
1785 4765 1840 4819 in
1865 4764 1983 4818 vir-

407 4855 522 4903 tute
544 4849 690 4916 coeli,
719 4859 775 4904 et
804 4850 859 4904 in
895 4850 1228 4906 habitatione
1254 4863 1428 4909 terrae.
1461 4852 1528 4908 Et
1578 4870 1687 4910 non
1720 4865 1828 4923 est,
1887 4855 1982 4927 qui

408 4939 627 4997 resistat
650 4944 835 4998 manui
863 4943 1004 5015 ejus,
1024 4953 1078 5000 et
1104 4945 1252 5001 dicat
1270 4945 1321 5002 ei
1347 4965 1360 5002 :
1381 4945 1523 5013 Quid
1551 4945 1770 5004 fecisti?

476 5143 568 5200 33.
608 5143 733 5216 lpso
765 5154 1009 5216 tempore
1035 5163 1233 5205 sensus
1258 5148 1368 5204 mei
1398 5149 1600 5205 reversi
1629 5159 1760 5206 sunt
1798 5151 1853 5206 in
1876 5166 1982 5222 me,

404 5243 460 5290 et
483 5234 552 5290 ad
585 5235 850 5293 honorem
903 5238 1054 5309 regni
1099 5240 1209 5295 mei
1266 5239 1412 5304 veni,
1453 5248 1508 5296 et
1537 5238 1710 5312 ﬁgura
1754 5255 1872 5296 mea
1898 5257 1984 5298 re-

406 5341 566 5382 versa
593 5337 676 5382 est
701 5329 770 5384 ad
797 5344 918 5385 me:
951 5339 1010 5387 et
1047 5333 1285 5402 tyranni,
1308 5340 1367 5388 et
1394 5342 1677 5402 magnates
1710 5334 1815 5388 mei
1834 5349 1984 5403 quae-

405 5417 604 5472 rebant
636 5431 744 5482 me,
779 5426 835 5472 et
867 5418 922 5473 in
987 5435 1156 5492 regno
1188 5437 1310 5478 meo
1357 5423 1698 5479 confortatus
1751 5439 1870 5480 sum
1897 5463 1911 5490 ,
1931 5431 1986 5481 et

405 5507 814 5581 magniﬁcentia
847 5512 1080 5581 amplior
1112 5515 1296 5571 addita
1319 5525 1402 5572 est
1426 5515 1579 5571 mihi.

473 5690 566 5746 3t.
607 5691 675 5747 Et
735 5708 884 5749 nunc
946 5709 1047 5765 ego
1105 5693 1611 5753 Nabuchodonosor
1673 5698 1871 5762 laudo,
1927 5706 1982 5754 et

404 5783 606 5848 exalto,
636 5794 691 5840 et
721 5784 964 5856 gloriﬁco
994 5802 1178 5859 regem
1210 5788 1354 5854 caeli,
1399 5791 1525 5860 quia
1583 5793 1766 5847 omnia
1819 5808 1980 5862 upt‘ra

2094 3307 2299 3371 σιλείας
2325 3307 2505 3362 αὐτῶν
2537 3308 2644 3364 τῶν
2677 3308 2998 3380 ἀνθρώπων,
3028 3309 3120 3362 καὶ
3142 3303 3188 3377 ᾧ
3212 3309 3308 3363 ἐὰν
3329 3310 3476 3385 δόξῃ,
3505 3310 3670 3364 δώσει

2089 3399 2279 3471 αὐτήν.

2161 3491 2250 3544 50.
2291 3490 2441 3562 Αύτῇ
2470 3493 2534 3562 τῇ
2563 3489 2684 3562 ὥρᾳ
2709 3491 2739 3544 6
2766 3489 2922 3558 λόγος
2953 3488 3304 3561 συνετελέσθη
3328 3489 3423 3542 ἐπὶ
3457 3490 3677 3545 Ναϐου-

2089 3579 2399 3652 χοδονόσορ,
2457 3582 2552 3634 καὶ
2588 3581 2698 3635 ἀπὸ
2728 3581 2837 3635 τῶν
2889 3580 3190 3652 ἀνθρώπων
3228 3581 3542 3654 ἐξεδιώχθη,
3580 3588 3674 3640 καὶ

2088 3669 2282 3741 χόρτον
2307 3672 2384 3735 ὡς
2415 3670 2541 3742 βοῦς
2567 3670 2745 3743 ἤσθιε,
2781 3671 2879 3726 καὶ
2905 3672 3015 3725 ἀπὸ
3041 3671 3143 3742 τῆς
3173 3671 3368 3742 δρόσου
3391 3673 3485 3727 τοῦ
3506 3675 3674 3745 οὐρα-

2087 3761 2180 3816 νοῦ
2235 3761 2298 3814 τὸ
2333 3762 2492 3834 σῶμα
2525 3763 2691 3817 αὑτοῦ
2735 3763 2936 3834 ἐδάφη,
2973 3764 3078 3828 ἐως
3122 3757 3184 3817 οῦ
3211 3764 3268 3816 al
3290 3763 3476 3834 τρίχες
3500 3766 3673 3820 αὐτοῦ

2077 3854 2163 3918 ,ὡς
2186 3854 2416 3909 λεόντων
2441 3855 2914 3926 ἐμεγαλύνθησαν,
2961 3856 3056 3909 καὶ
3086 3856 3136 3908 οἱ
3176 3855 3367 3926 δνυχες
3393 3857 3559 3911 αὐτοῦ
3594 3859 3674 3924 ὡς

2085 3946 2310 4016 ὀρνέων.

2156 4040 2246 4097 51.
2281 4041 2393 4094 Kal
2424 4041 2564 4111 μετά
2585 4039 2646 4094 τὸ
2683 4039 2834 4105 τέλος
2862 4039 2971 4093 τῶν
2999 4039 3222 4111 ἡμερῶν
3249 4039 3359 4108 ἐγὼ
3387 4041 3668 4112 Ναϐουχο-

2083 4131 2304 4202 δονόσορ
2330 4133 2456 4196 τοὺς
2477 4133 2788 4202 ὀφθαλμούς
2823 4149 2924 4202 μου
2971 4132 3052 4196 είς
3076 4131 3167 4185 τὸν
3205 4132 3431 4204 οὐρανὸν
3453 4133 3664 4196 ἐλαῦον,

2083 4225 2180 4278 καὶ
2213 4225 2272 4277 al
2309 4225 2506 4295 φρένες
2538 4241 2639 4295 μου
2671 4224 2760 4278 ἐπ’
2809 4225 2910 4296 ἐμὲ
2940 4225 3384 4294 ἐπεστράφησαν,
3438 4225 3534 4278 καὶ
3577 4227 3668 4278 τὸν

2087 4315 2350 4385 ’Υψιστον
2385 4315 2660 4387 εὐλόγησα
2681 4355 2696 4381 ,
2726 4315 2819 4369 καὶ
2851 4317 2945 4370 τὸν
2977 4315 3155 4380 ζῶντα
3184 4318 3264 4380 είς
3311 4317 3437 4380 τοὺς
3463 4315 3667 4380 αἰῶνας

2083 4403 2288 4475 ⁴ᾔνεσα,
2322 4404 2416 4458 καὶ
2444 4403 2672 4468 ἐδόξασα
2699 4443 2714 4468 ,
2743 4403 2828 4457 ὅτι
2875 4405 2908 4474 ή
2959 4403 3177 4468 ἐξουσία
3223 4403 3412 4468 αὑτοῦ,
3447 4403 3669 4468 ἐξουσία

2085 4494 2332 4560 αἰώνιος,
2379 4493 2476 4549 καὶ
2509 4497 2543 4566 ή
2587 4494 2836 4567 βασιλεία
2864 4494 3031 4550 αὑτοῦ
3076 4496 3159 4559 εἰς
3193 4495 3388 4566 γενεὰν
3446 4497 3542 4550 καὶ
3565 4513 3668 4565 γε-

2085 4605 2231 4644 νεαν.

2154 4677 2245 4737 52.
2285 4679 2395 4732 Kal
2423 4678 2624 4744 πάντες
2645 4680 2694 4733 oi
2725 4681 3106 4744 κατοικοῦντες
3136 4680 3236 4753 τὴν
3271 4680 3374 4751 γῆν
3413 4680 3488 4743 ὡς
3514 4680 3669 4734 οὐδὲν

2083 4770 2442 4842 ἐλογίσθησαν
2464 4788 2479 4802 ·
2511 4772 2606 4826 καὶ
2641 4774 2784 4828 κατά
2810 4774 2870 4828 τὸ
2904 4773 3118 4846 θέλημα
3153 4771 3320 4827 αὑτοῦ
3341 4775 3486 4825 ποιεῖ
3514 4773 3573 4824 ἐν
3598 4774 3666 4842 τῇ

2082 4863 2311 4935 δυνάμει
2356 4863 2451 4917 τοῦ
2479 4865 2737 4936 ούρανοῦ,
2773 4867 2869 4920 καὶ
2913 4868 2972 4919 ἐν
3017 4868 3084 4937 τῇ
3119 4864 3373 4935 κατοικία
3403 4863 3504 4934 τῆς
3535 4865 3665 4933 γῆς.

2084 4959 2196 5013 Kal
2220 4958 2318 5011 οὐκ
2347 4957 2496 5011 ἐστιν
2523 4958 2585 5024 ὃς
2615 4960 2999 5032 ἀντιστήσεται
3046 4959 3112 5029 τῇ
3145 4956 3288 5028 χειρὶ
3322 4956 3510 5023 αὑτοῦ,
3571 4958 3669 5012 καὶ

2083 5050 2201 5122 ἐρεῖ
2235 5048 2400 5119 αὐτῷ·
2434 5049 2499 5102 Τί
2525 5050 2788 5122 ἐποίησας
2807 5068 2822 5118 ;

2138 5142 2244 5198 '53.
2275 5141 2438 5213 Δίδτῷ
2464 5143 2543 5214 τῷ
2574 5143 2752 5214 καιρῷ
2779 5143 2835 5196 al
2865 5141 3058 5214 φρένες
3110 5158 3212 5214 μου
3240 5138 3669 5212 ἐπεστράφησαν

2083 5232 2170 5287 ἐπ’
2202 5235 2343 5305 ἐμοὶ,
2381 5234 2476 5289 καὶ
2507 5236 2588 5298 είς
2613 5234 2711 5306 τὴν
2737 5234 2901 5306 τιμὴν
2921 5236 3021 5306 τῆς
3054 5232 3332 5306 βασιλείας
3354 5248 3455 5302 μου
3478 5227 3667 5303 ἦλθον,

2085 5326 2182 5380 καὶ
2219 5327 2252 5397 ἡ
2286 5326 2468 5398 μορφή
2500 5343 2601 5398 μου
2633 5326 2968 5399 ἐπέστρεψεν
2997 5327 3084 5380 ἐπ’
3133 5324 3255 5396 ἐμὲ,
3318 5323 3414 5376 καὶ
3468 5324 3516 5375 ot
3571 5321 3668 5374 τύ-

2087 5418 2270 5491 ραννοί
2310 5436 2434 5490 μου,
2484 5420 2581 5473 καὶ
2611 5421 2662 5472 οἱ
2695 5420 3020 5491 μεγιστᾶνες
3051 5437 3153 5489 μου
3189 5417 3415 5488 ἐζήτουν
3447 5432 3536 5486 με,
3570 5415 3667 5468 καὶ

2083 5511 2177 5563 ἐπὶ
2197 5510 2296 5580 τὴν
2329 5510 2604 5580 βασιλείαν
2627 5528 2729 5583 μου
2751 5511 3150 5588 ἐκραταιώθην,
3175 5511 3269 5564 καὶ
3304 5507 3664 5580 μεγαλωσύνη

2085 5592 2448 5672 περισσοτέρᾶ
2478 5603 2780 5674 προσετέθη
2810 5621 2924 5674 μοι.

2157 5695 2245 5748 54.
2282 5695 2390 5749 Kal
2425 5694 2521 5750 νῦν
2547 5695 2658 5764 ἐγὼ
2681 5695 3152 5767 Ναϐουχοδονόσορ
3182 5693 3319 5748 αἰνῶ
3340 5734 3356 5760 ,
3401 5692 3494 5746 καὶ⁵
3525 5691 3664 5761 ὑψῶ,

2090 5788 2184 5843 καὶ
2233 5787 2439 5852 δοξάζω
2467 5789 2556 5843 τὸν
2593 5789 2813 5857 βασιλέα
2860 5789 2953 5842 τοῦ
2983 5787 3238 5860 ούρανοῦ,
3273 5787 3366 5866 ὅτι,
3385 5787 3563 5841 πάντα
3587 5785 3666 5859 τὰ
