4064 6422
373 390 522 449 9365

1823 388 2056 446 CAPUT
2101 391 2163 446 V.

3498 401 3644 458 2866

374 522 514 586 ἔργα
540 509 710 564 αὑτοῦ
755 507 1008 580 ἀληθινὰ,
1037 508 1133 563 καὶ
1157 508 1214 565 al
1234 507 1410 580 τρί6οι
1438 507 1604 562 αὑτοῦ
1633 509 1834 581 κρίσις,
1867 507 1950 563 καλ

2069 509 2188 577 ejus
2217 525 2366 578 vera,
2394 519 2448 567 et
2475 504 2682 570 semitae
2709 515 2832 584 ejus
2870 515 3160 586 judicium,
3191 527 3245 574 et
3282 533 3478 575 omnes
3513 533 3639 587 gra-

371 607 586 667 πάντας
633 603 760 667 τοὺς
808 601 1206 674 πορευομένους
1229 602 1286 654 ἐν
1319 600 1688 674 ὑπερηφανίᾳ,
1733 599 1958 655 δύναται

368 697 727 754 ταπεινῶσαι.

898 782 1297 836 ΚΕΦΑΛΑΙΟΝ
1346 779 1424 835 E'.

442 877 496 932 i.
532 875 818 946 Βαλτάσαρ
850 876 878 928 6
911 874 1160 944 βασιλεὺς
1183 873 1405 944 ἐποίησε
1429 871 1644 925 δεῖπνον
1674 872 1815 942 μέγα
1840 874 1954 938 τοῖς

373 970 696 1041 μεγιστᾶσιν
733 966 900 1021 αὐτοῦ
925 967 1115 1038 χιλίοις
1140 1007 1155 1032 ,
1193 965 1286 1018 καὶ
1320 964 1606 1018 κατέναντι
1633 964 1740 1018 τῶν
1764 965 1952 1035 χιλίων

366 1065 395 1117 6
413 1057 576 1124 οἶνος.

435 1154 494 1209 2.
519 1154 695 1206 Πίνων
737 1150 1028 1221 Βαλτάσαρ
1056 1149 1084 1202 6
1119 1150 1373 1220 βασιλεὺς
1397 1143 1551 1202 εἶπεν
1575 1150 1634 1201 ἐν
1665 1150 1730 1219 τῇ
1763 1147 1949 1215 γεύσει

367 1242 458 1298 τοῦ
490 1243 656 1307 οἴνου,
687 1241 786 1294 τοῦ
826 1242 1071 1307 ἐνεγκεῖν
1104 1239 1172 1292 τά
1204 1239 1371 1308 σκεύη
1403 1237 1472 1292 τά
1499 1240 1704 1310 χρυσᾶ,
1760 1238 1852 1291 καὶ
1880 1239 1948 1292 τὰ

369 1336 601 1406 ἀργυρᾶ,
635 1332 671 1388 ἀ
701 1333 960 1404 ἐξήνεγκε
991 1329 1466 1401 Ναϐουχοδονόσορ
1492 1331 1521 1383 ό
1565 1330 1748 1401 πατὴρ
1779 1327 1944 1384 αὑτοῦ

371 1431 430 1484 ἐκ
470 1427 564 1481 τοῦ
614 1424 744 1480 ναοῦ
779 1423 875 1478 τοῦ
904 1425 961 1476 ἐν
1008 1420 1388 1494 Ἰερουσαλὴμ,
1425 1420 1521 1474 καὶ
1569 1421 1840 1474 πιέτωσαν
1886 1423 1944 1474 ἐν

368 1521 548 1580 αὐτοῖς
574 1517 602 1569 6
632 1515 904 1586 βασιλεὺς,
949 1513 1044 1572 καὶ
1091 1515 1138 1566 οἱ
1187 1513 1514 1583 μεγιστᾶνες
1541 1511 1732 1577 αὐτοῦ,
1764 1513 1860 1566 καὶ
1885 1513 1942 1566 al

368 1607 687 1680 παράκοιτοι
716 1603 904 1668 αὑτοῦ,
936 1603 1031 1656 καὶ
1057 1603 1114 1656 αῖ
1149 1601 1420 1656 παλλακαὶ
1446 1600 1634 1655 αὐτοῦ.

432 1701 486 1755 3.
522 1697 634 1751 Kal
663 1694 865 1765 ⁴Ιινέχθη
895 1694 962 1748 τά
991 1693 1158 1765 σκεύη
1183 1693 1251 1746 τὰ
1276 1693 1510 1767 ἀργυρᾶ,
1536 1693 1630 1746 καὶ
1653 1690 1722 1745 τά
1740 1693 1938 1763 χρυσᾶ,

2065 599 2276 656 dientes
2306 602 2357 656 iu
2386 604 2639 674 superbia
2662 615 2842 675 potest
2869 607 3174 664 bumiliare.

2686 798 2918 856 CAPUT
2960 799 3024 856 ν.

2129 893 2183 948 1.
2229 891 2476 949 Baltasar
2503 909 2598 948 rex
2631 894 2760 950 fecit
2807 896 3010 965 grande
3055 896 3368 951 convivium
3401 896 3636 966 Optima-

2058 985 2203 1040 tibus
2221 985 2335 1042 suis
2360 987 2530 1052 mille,
2556 988 2658 1043 et'e
2682 988 2904 1058 regione
2933 987 3176 1058 ipsorum
3195 989 3365 1055 mille,
3386 989 3593 1043 vinum.

2125 1168 2180 1223 2.
2221 1169 2423 1226 Bibens
2477 1170 2722 1227 Baltasar
2777 1188 2872 1228 rex
2935 1171 3073 1229 dixit
3118 1172 3172 1228 in
3221 1179 3380 1242 gustu
3411 1171 3544 1238 vini,
3573 1180 3634 1226 ut

2054 1257 2376 1314 efferrentur
2404 1277 2531 1316 vasa
2568 1278 2753 1328 aurea,
2783 1273 2839 1318 et
2870 1272 3126 1334 argentea
3153 1305 3168 1331 ,
3227 1279 3350 1334 qua:
3388 1272 3634 1333 asporta-

2051 1357 2203 1403 verat
2230 1347 2740 1407 Nabuchodonosor
2767 1362 2923 1422 pater
2955 1354 3076 1424 ejus
3123 1354 3191 1410 de
3227 1355 3448 1425 templo,
3483 1355 3628 1424 quod

2050 1449 2168 1493 erat
2198 1439 2254 1493 in
2279 1430 2605 1507 Jerusalem,
2624 1455 2678 1498 et
2709 1445 2956 1500 biberent
2987 1447 3040 1500 in
3067 1447 3148 1502 eis
3175 1462 3291 1511 rex,
3319 1455 3374 1502 et
3393 1446 3630 1517 optima-

2051 1539 2131 1585 tes
2153 1531 2292 1602 ejus,
2315 1541 2370 1586 et
2395 1534 2715 1590 concubinae
2741 1536 2880 1606 ejus,
2905 1546 2959 1593 et
2986 1547 3166 1594 scorta
3203 1540 3342 1609 ejus.

2120 1711 2174 1767 5.
2217 1713 2287 1768 Et
2318 1713 2479 1768 allata
2511 1723 2640 1770 sunt
2672 1731 2801 1770 vasa
2832 1726 3112 1788 argentea,
3162 1728 3217 1774 et
3276 1733 3464 1785 aurea,
3504 1731 3628 1788 qua:

367 1794 399 1850 ἃ.
424 1793 684 1862 ἐξήνεγκε
713 1785 1184 1857 Ναϐουχοδονόσορ
1211 1787 1274 1838 ἐκ
1301 1785 1396 1838 τοῦ
1419 1785 1548 1839 ναοῦ
1575 1785 1666 1839 τοῦ
1689 1784 1823 1838 Θεοῦ
1846 1784 1940 1840 τοῦ

2052 1815 2424 1874 aSportaverat
2450 1784 2961 1862 Nabuchodonosor
2992 1809 3060 1864 de
3081 1810 3283 1879 templo
3321 1784 3456 1876 Dei,
3479 1784 3626 1880 quod

367 1889 423 1940 ἐν
461 1881 838 1955 Ἰερουσαλὴμ,
874 1880 968 1933 καὶ
997 1879 1181 1932 ἔπινον
1203 1880 1260 1931 ἐν
1285 1880 1466 1942 αὐτοῖς
1499 1881 1526 1932 ὁ
1555 1878 1826 1948 βασιλεὺς,
1851 1879 1946 1932 καὶ

2052 1873 2227 1951 fuerat
2252 1898 2305 1950 in
2337 1897 2642 1954 Jerusalem
2673 1918 2685 1954 :
2713 1909 2768 1954 et
2795 1900 3054 1955 bibebant
3082 1901 3136 1955 in
3161 1873 3242 1956 eis
3270 1916 3386 1968 rex,
3406 1873 3460 1956 et
3487 1873 3630 1972 opti-

368 1977 414 2030 ol
441 1973 761 2045 μεγιστᾶνες
780 1968 944 2022 αύτοῦ
966 2009 982 2036 ,
1016 1969 1111 2023 καὶ
1161 1971 1485 2042 παράκοιτοι
1510 1967 1672 2023 αὑτοῦ
1695 2011 1710 2037 ,
1762 1969 1857 2023 καὶ
1887 1969 1944 2022 αἱ

371 2064 638 2120 παλλακαὶ
663 2062 851 2118 αὐτοῦ.

435 2158 488 2212 4.
513 2156 620 2208 Καὶ
657 2153 842 2206 ἔπινον
885 2149 1049 2213 οἶνον,
1081 2151 1178 2205 καλ⁸
1230 2151 1434 2224 ᾔνεσαν
1461 2150 1587 2213 τοὺς
1629 2149 1784 2212 θεοὺς
1818 2149 1946 2214 τοὺς

378 2243 615 2317 χρυσοῦς,
646 2244 739 2297 καὶ
771 2241 1067 2314 ἀργυροῦς,
1119 2241 1217 2295 καὶ
1247 2239 1506 2312 χαλκοῦς,
1538 2241 1633 2294 καὶ
1667 2239 1942 2310 σιδηροῦς,

385 2337 470 2391 καὶ
493 2335 744 2401 ξυλίνους,
789 2334 886 2386 καὶ
915 2331 1152 2396 λιθίνους
1179 2349 1193 2363 ο
1235 2333 1332 2386 xal
1363 2331 1456 2386 τὸν
1482 2331 1615 2386 Θεὸν
1643 2330 1738 2384 τοῦ
1774 2333 1943 2402 οὐρα-

385 2427 465 2481 νοῦ
486 2428 578 2480 οὐκ
603 2427 922 2497 εὐλόγησαν,
952 2425 1044 2479 τὸν
1069 2424 1262 2498 ἔχοντα
1285 2424 1534 2492 ἐξουσίαν
1575 2423 1670 2478 τοῦ
1698 2423 1828 2478 πνεύ
1838 2442 1944 2496 μα-

376 2536 458 2583 τος
478 2518 674 2574 αὐτῶν.

433 2613 483 2668 5.
521 2613 608 2665 Ἐν
640 2611 776 2684 αὐτῇ
825 2613 892 2682 τῇ
940 2609 1060 2682 ὥρᾳ
1090 2609 1316 2680 ἐξῆλθον
1362 2609 1616 2664 δάκτυλοι
1642 2609 1825 2681 χειρὸς
1851 2609 1945 2665 ἀν-

299 2761 303 2766 ,
369 2702 600 2774 θρώπου,
633 2705 730 2757 καὶ
761 2704 1002 2776 ἔγραφον
1025 2701 1316 2757 κατέναντι
1339 2702 1440 2772 τῆς
1463 2703 1746 2774 λαμπάδος
1770 2704 1863 2756 ἐπὶ
1883 2701 1945 2756 τὸ

367 2796 597 2866 κονίαμα
623 2795 719 2849 τοῦ
746 2795 926 2866 τοίχου
959 2795 1051 2848 τοῦ
1103 2795 1254 2850 οἴκου
1300 2796 1395 2849 τοῦ
1433 2795 1734 2865 βασιλέως·
1782 2796 1878 2850 καὶ
1915 2797 1944 2849 6

364 2885 610 2958 βασιλεὺς
646 2884 870 2958 ἐθεώρει
911 2887 1038 2950 τοὺς
1081 2886 1456 2956 ἀστραγάλους
1493 2887 1596 2959 τῆς
1635 2885 1819 2960 χειρὸς
1843 2891 1944 2960 τῆς

362 2976 700 3048 γραφούσηςο

427 3067 482 3123 6.
513 3069 647 3122 Τότε
679 3068 772 3122 τοῦ
801 3067 1068 3140 βασιλέως
1113 3067 1146 3138 ἡ
1184 3067 1366 3139 μορφὴ
1414 3067 1707 3141 ἠλλοιώθη,
1759 3070 1857 3124 καὶ
1892 3071 1942 3124 οί

361 3160 700 3233 διαλογισμοὶ
725 3162 890 3217 αὐτοῦ
917 3163 1316 3234 συνετάρασσον
1338 3163 1499 3217 αὑτὸν
1518 3206 1533 3230 ,
1562 3165 1657 3218 καὶ
1686 3165 1736 3218 οἱ
1762 3163 1946 3218 σύνδε-

362 3271 488 3325 σμοι
519 3255 620 3325 τῆς
643 3255 842 3324 ὀσφύος
876 3255 1040 3310 αὐτοῦ
1071 3254 1362 3320 διελύοντο,
1387 3257 1485 3310 καὶ¹
1516 3255 1586 3310 τὰ
1622 3256 1825 3327 γόνατα
1848 3258 1947 3311 αῦ-

358 3343 456 3399 τοῦ
484 3349 551 3415 χ(
585 3346 742 3401 τοῦτο
772 3347 948 3419 τούτῳ
969 3347 1025 3418 /.
1060 3348 1438 3418 συνεκρούετο.

430 3438 486 3493 7.
523 3439 632 3493 Kal
665 3440 894 3511 ἐϐόησεν
915 3440 944 3492 6
971 3439 1226 3511 βασιλεὺς
1249 3441 1306 3494 ἐν
1340 3441 1486 3512 ίσχύῖ
1509 3440 1604 3494 τοῦ
1634 3442 1949 3511 εἰσαγαγεῖν

360 3529 593 3598 μάγους,
627 3529 970 3595 Χαλδαίους,
1011 3529 1390 3602 γαζαρηνούςο
1443 3532 1538 3584 καὶ
1590 3531 1866 3604 ἀπεκρίθη
1919 3532 1950 3586 6

360 3621 630 3691 βασιλεὺς,
665 3624 758 3676 καὶ
790 3618 942 3679 εἶπεν
976 3626 1086 3688 τοῖς
1114 3625 1299 3692 σοφοῖς
1341 3622 1682 3691 Βαϐυλῶνος,
1717 3627 1802 3680 ὅτι
1831 3628 1948 3691 Πᾶς

359 3713 679 3786 ἄνθρωπος,
721 3715 780 3780 ὃς
820 3715 915 3770 ἐάν
961 3715 1180 3788 ἀναγνῷ
1213 3717 1312 3788 τὴν
1340 3715 1558 3788 γραφὴν
1580 3717 1818 3788 ταύτην,
1851 3720 1948 3772 καὶ

357 3805 459 3878 τὴν
493 3806 779 3880 σύγκρισιν
801 3807 974 3879 αὐτῆς
1001 3806 1243 3880 γνωρίσῃ
1270 3824 1383 3878 μοι,
1418 3807 1710 3882 πορφύραν
1732 3803 1951 3863 ἐνδύσε-

357 3915 474 3966 ται,
495 3901 588 3954 καὶ
613 3902 641 3954 6
671 3901 941 3973 μανιάκης
978 3903 1006 3954 6
1027 3899 1265 3972 χρυσοῦς
1292 3900 1390 3952 ἐπὶ
1422 3899 1518 3952 τοῦ
1550 3899 1823 3975 τραχήλου
1854 3900 1950 3954 αὐ-

357 3989 480 4061 τοῦ,
499 3993 594 4046 xal
617 3993 800 4065 τρίτος
826 3994 883 4047 ἐν
905 3995 972 4064 τῇ
1006 3991 1256 4064 βασιλείᾳ
1279 4009 1384 4063 μου
1418 3991 1593 4063 ἄρξει.

435 4085 489 4139 8.
525 4085 638 4139 Kal
669 4084 1082 4156 εἰσεπορεύοντο
1131 4083 1327 4148 πάντες
1366 4085 1415 4138 oi
1463 4083 1620 4153 σοφοὶ
1659 4079 1752 4137 τοῦ
1798 4083 1940 4154 βασις

357 4177 524 4242 λέως,
552 4177 646 4231 καὶ
671 4177 774 4230 οὐκ
802 4175 1066 4248 ἠδύναντο
1099 4174 1198 4248 τὴν
1225 4175 1440 4247 γραφὴν
1468 4176 1798 4246 ἀναγνῶναι,
1829 4177 1950 4232 οὐδὲ

362 4269 463 4342 τὴν
489 4269 778 4342 σύγκρισιν
803 4269 1070 4340 γνωρίσαι
1109 4268 1183 4340 τῷ
1219 4269 1449 4340 βασιλεῖ.

437 4359 492 4416 9.
518 4361 630 4414 Kal
660 4361 688 4413 6
715 4359 967 4431 βασιλεὺς
990 4359 1278 4432 Βαλτάσαρ
1302 4359 1602 4432 ἐταράχθη,
1631 4361 1725 4414 καὶ
1756 4361 1791 4429 ἡ
1817 4378 1950 4432 μορ-

366 4449 444 4523 φὴ
467 4449 630 4506 αὑτοῦ
649 4448 918 4522 ἠλλοιώθη
954 4451 1039 4506 ἐπ’
1070 4451 1240 4523 αὐτῷ,
1288 4452 1385 4506 καὶ
1426 4454 1474 4506 οἱ
1505 4454 1826 4524 μεγιστᾶνες
1848 4453 1951 4506 αῦ-
1979 4497 1990 4508 .

1979 4553 2026 4608 D
2056 4553 2275 4607 bantur.

364 4543 463 4602 τοῦ
495 4542 975 4615 συνεταράσσοντο.

441 4635 528 4690 10.
557 4636 671 4689 Kal
699 4637 732 4706 ἡ
765 4634 1052 4706 βασίλισσα
1084 4635 1376 4690 κατέναντι
1399 4635 1509 4690 τῶν
1537 4635 1714 4704 λόγων
1737 4635 1830 4690 τοῦ
1853 4635 1953 4708 βαέ

373 4725 584 4790 σιλέως,
618 4727 710 4780 καὶ
735 4726 845 4779 τῶν
873 4727 1215 4797 μεγιστάνων
1239 4727 1404 4781 αὐτοῦ
1445 4728 1526 4791 είς
1561 4727 1653 4780 τὸν
1683 4723 1829 4781 οἶκον
1856 4726 1952 4780 τοῦ

373 4819 537 4872 πότου
559 4818 829 4889 εἰσῆλθεν,
857 4820 953 4874 καὶ
969 4818 1242 4889 ἀπεκρίθη
1263 4821 1295 4889 ἡ
1325 4819 1632 4890 βασίλισσα,
1659 4821 1755 4874 καὶ
1777 4818 1951 4873 εἶπεν·

374 4909 629 4975 Βασιλεῦ,
652 4911 733 4974 είς
760 4911 889 4974 τοὺς
917 4909 1120 4974 αἰῶνας
1153 4909 1308 4981 ζῆθι·
1336 4909 1411 4982 μὴ
1437 4910 1860 4982 ταρασσέτωσάν
1895 4927 1955 4963 σε

375 5002 426 5056 οἱ
451 5001 798 5073 διαλογισμοί
821 5019 938 5068 σου,
965 5002 1062 5055 καὶ
1088 5003 1121 5073 ἡ
1165 5002 1344 5073 μορφή
1374 5019 1467 5054 σου
1501 5001 1576 5071 μὴ
1602 5001 1950 5056 άλλοιούσθω.

446 5094 535 5149 il.
573 5094 764 5147 Ἔστιν
791 5093 931 5166 ἀνὴρ
961 5094 1020 5147 ἐν
1052 5095 1117 5164 τῇ
1161 5092 1404 5164 βασιλείᾳ
1435 5109 1552 5157 σου,
1582 5095 1640 5147 ἐν
1659 5088 1704 5162 ᾧ
1730 5093 1954 5164 Πνεῦμα

373 5187 505 5242 Θεοῦ
538 5188 691 5258 ἅγιον
716 5190 772 5242 ἐν
797 5187 965 5259 αὐτῷ,
995 5188 1091 5240 καὶ
1129 5188 1186 5239 ἐν
1217 5189 1336 5250 ταῖς
1364 5186 1596 5258 ἡμέραις
1627 5187 1721 5240 τοῦ
1747 5187 1956 5259 πατρός

376 5296 468 5333 σου
499 5280 836 5354 γρηγόρησις
865 5283 960 5334 καὶ
1008 5280 1222 5343 σύνεσις
1269 5278 1470 5350 εὑρέθη
1513 5279 1570 5330 ἐν
1596 5277 1768 5348 αὐτῷ,
1803 5279 1902 5332 καὶ
1927 5279 1956 5331 6

379 5368 630 5440 βασιλεὺς
658 5370 1130 5441 Ναϐουχοδονόσορ
1161 5370 1191 5422 6
1248 5370 1432 5438 πατήρ
1465 5384 1560 5421 σου
1583 5367 1821 5441 ἄρχοντα
1856 5371 1956 5422 ἐπ-

374 5463 566 5516 αοιδῶν
588 5504 604 5530 ,
667 5463 876 5534 μάγων,
936 5460 1220 5517 Χαλδαίων
1243 5503 1257 5527 ,
1305 5459 1629 5531 γαζαρηνῶν
1691 5459 1958 5532 κατέστης

380 5569 471 5607 σεν
507 5556 687 5610 αὐτόν.

452 5644 541 5698 12.
568 5644 690 5698 Ὀτι
723 5643 942 5714 πνεῦμα
970 5642 1228 5714 περισσὸν
1249 5644 1311 5697 ἐν
1342 5643 1510 5715 αὐτῷ,
1545 5643 1642 5697 καὶ
1672 5642 1953 5714 φρόνησις,

381 5734 474 5788 καὶ
487 5735 721 5798 σύνεσις,
739 5733 1046 5806 συγκρίνων
1067 5733 1314 5800 ἐνύπνια,
1334 5736 1428 5788 καὶ
1445 5733 1795 5804 ἀναγγέλλων
1821 5752 1957 5804 κρα-

379 5825 616 5901 τούμενα
635 5844 648 5860 ·
683 5827 776 5883 καὶ
795 5827 824 5880 6
857 5824 1107 5899 βασιλεὺς
1136 5825 1402 5899 ἐπέθηκεν
1432 5825 1578 5898 αὐτῷ
1625 5825 1794 5897 ὄνομα
1820 5825 1954 5880 Βάλε

2048 1999 2222 2045 mates
2251 1990 2394 2060 ejus,
2430 1999 2485 2044 et
2505 1993 2827 2047 concubinae
2854 1993 2994 2063 ejus,
3021 2001 3076 2048 et
3096 2004 3278 2049 scorta
3310 1993 3452 2065 ejus.

2118 2172 2173 2227 4.
2214 2171 2280 2228 Ει
2312 2172 2571 2228 bibebant
2602 2173 2810 2239 vinum,
2844 2183 2899 2228 et
2923 2173 3220 2230 laudabant
3248 2173 3381 2229 deos
3403 2189 3624 2244 aureos,

2047 2273 2098 2320 et
2123 2275 2428 2335 argenteos,
2457 2275 2510 2320 et
2556 2281 2750 2331 aereos,
2803 2275 2857 2321 et
2908 2266 3118 2321 ferreos
3143 2306 3159 2333 ,
3194 2265 3536 2335 ligneosque.
3570 2273 3626 2320 ct

2049 2357 2336 2426 lapideos:
2369 2365 2423 2412 et
2465 2357 2576 2412 Deo
2621 2357 2744 2412 θα)ιί
2796 2372 2904 2412 non
2944 2356 3346 2413 benedixerunt
3402 2356 3624 2412 babenti

2047 2455 2369 2518 potestatem
2399 2448 2622 2518 spiritus
2661 2463 2878 2504 eorum.

2121 2629 2172 2684 5.
2201 2627 2259 2683 ln
2285 2628 2471 2684 eadem
2498 2629 2634 2685 hora
2663 2631 2868 2699 egressi
2898 2639 3026 2687 sunt
3043 2630 3196 2702 digiti
3221 2645 3417 2687 manus
3439 2630 3624 2686 homi-

2048 2720 2153 2787 nis,
2182 2731 2235 2774 et
2259 2721 2571 2777 scribebant
2599 2739 2629 2778 e
2651 2724 2872 2793 regione
2902 2723 3169 2794 lampadis
3196 2724 3251 2778 in
3275 2724 3503 2779 tectorio
3528 2739 3626 2794 pa-

2046 2811 2198 2866 rietis
2224 2811 2422 2868 domus
2450 2815 2632 2883 regis;
2665 2822 2720 2870 ct
2748 2829 2848 2870 rex
2875 2815 3344 2886 contemplabatur
3363 2815 3624 2870 articulos

2045 2919 2242 2959 manus
2269 2903 2579 2960 scribentis.

2117 3085 2170 3141 6.
2212 3085 2369 3142 Tunc
2402 3085 2544 3157 regis
2581 3085 2756 3142 forma
2783 3086 3068 3142 immutata
3099 3094 3203 3154 est,
3235 3094 3290 3141 et
3334 3084 3626 3157 cogitatio-

2051 3195 2149 3235 nes
2200 3180 2319 3248 ejus
2366 3180 2771 3235 conturbabant
2807 3195 2956 3244 eum,
3007 3188 3064 3235 et
3112 3193 3402 3250 compages
3431 3193 3623 3233 renum

2047 3272 2169 3342 ejus
2195 3271 2657 3337 dissolvebantur,
2697 3279 2751 3326 et
2803 3285 2978 3342 genua
3028 3269 3152 3341 ejus
3201 3269 3435 3326 alterum
3467 3269 3627 3325 alteri

2048 3364 2469 3420 collidebantur.

2119 3457 2172 3510 7.
2221 3457 2285 3511 Et
2315 3456 2572 3512 clamavit
2609 3470 2706 3512 rex
2740 3457 2796 3510 in
2827 3453 3167 3519 fortitudine,
3218 3462 3278 3509 ut
3316 3452 3628 3508 introduce-

2047 3553 2167 3598 rent
2189 3559 2394 3614 magos,
2419 3544 2724 3612 Chaldaeos,
2755 3559 3074 3614 gazarenos.
3109 3541 3177 3597 Et
3202 3542 3482 3612 respondit
3505 3557 3623 3608 rex,

2046 3644 2102 3692 et
2128 3637 2264 3691 dixit
2291 3636 2627 3706 sapientibus
2651 3634 2978 3708 Babylonis,
3035 3635 3182 3705 quod
3214 3632 3408 3690 Omnis
3459 3633 3628 3690 homo

2050 3729 2384 3798 quicumque
2409 3728 2602 3799 legerit
2623 3728 2951 3797 scripturam
2982 3729 3146 3794 hanc,
3169 3736 3223 3782 et
3254 3726 3627 3792 conjecturam

2049 3818 2171 3886 ejus
2200 3818 2549 3874 manifestam
2579 3819 2714 3874 mihi
2743 3818 2951 3886 fecerit,
2979 3833 3220 3888 purpura
3261 3817 3544 3882 vestietur,
3576 3825 3630 3872 et

2051 3917 2274 3980 torques
2303 3925 2469 3965 aurea
2501 3927 2666 3981 super
2685 3913 2887 3968 collum
2922 3913 3064 3983 ejus,
3091 3922 3144 3968 et
3165 3911 3358 3968 tertius
3381 3911 3436 3966 in
3459 3926 3628 3982 regno

2051 4016 2173 4054 meo
2204 4001 2455 4070 princeps
2484 4002 2606 4055 erit.

2121 4091 2176 4145 8.
2222 4089 2286 4144 Et
2320 4089 2763 4159 ingrediebantur
2819 4105 3012 4145 omnes
3062 4091 3333 4161 sapientes
3375 4091 3539 4160 regis.
3576 4098 3630 4146 et

2051 4197 2160 4236 nou
2195 4191 2444 4250 poterant
2474 4181 2800 4252 scripturam
2832 4182 3030 4253 legere,
3064 4196 3244 4252 neque
3271 4181 3629 4252 significatio-

2051 4289 2174 4327 nem
2206 4272 2446 4327 indicare
2463 4271 2597 4342 regi.

2123 4364 2176 4418 9.
2220 4365 2285 4417 Et
2341 4377 2431 4417 rex
2470 4361 2715 4416 Baltasar
2763 4362 3014 4417 turbatus
3063 4369 3168 4430 est,
3202 4369 3256 4416 et
3305 4358 3478 4415 forma
3509 4359 3630 4429 ejus

2055 4453 2340 4512 immutata
2372 4467 2455 4512 est
2484 4456 2536 4510 in
2568 4454 2681 4520 illo,
2721 4464 2776 4510 et
2821 4457 3112 4526 optimates
3162 4454 3283 4527 ejus
3335 4454 3628 4510 conturba-

2129 4641 2218 4695 to.
2261 4640 2326 4695 Et
2355 4640 2539 4712 regina
2566 4648 2786 4711 propter
2817 4641 2981 4696 verba
3012 4641 3177 4712 regis,
3224 4649 3280 4696 et
3307 4641 3629 4710 optimatum

2057 4732 2178 4798 ejus
2209 4731 2263 4784 in
2297 4732 2520 4786 domum
2550 4730 2785 4784 convivii
2818 4730 3063 4802 ingressa
3109 4741 3233 4798 est,
3268 4741 3323 4785 et
3357 4732 3637 4801 respondit

2059 4823 2264 4892 regina,
2285 4831 2340 4878 et
2363 4823 2502 4877 dixit
2536 4841 2549 4877 :
2591 4822 2728 4888 Rex,
2763 4822 2817 4876 in
2842 4831 3105 4876 aeternum
3137 4822 3258 4876 vive
3299 4838 3313 4874 :
3353 4838 3459 4875 non
3502 4838 3636 4876 con-

2055 4913 2279 4968 turbent
2311 4921 2362 4968 te
2394 4913 2754 4984 cogitationes
2784 4920 2909 4979 tua,
2941 4923 2997 4968 et
3023 4910 3201 4966 forma
3255 4920 3346 4966 tua
3391 4927 3500 4965 non
3535 4912 3640 4965 in.-

2057 5013 2315 5060 mutetur.

2137 5098 2227 5154 ll.
2273 5097 2367 5154 Est
2395 5099 2479 5153 vir
2511 5083 2762 5168 in‘regno
2789 5105 2906 5162 tuo,
2935 5094 2990 5149 in
3023 5109 3135 5163 quo
3169 5102 3251 5148 est
3273 5091 3510 5161 Spiritus
3535 5091 3628 5146 Dei

2057 5200 2283 5248 sanctus
2318 5193 2374 5247 in
2413 5207 2499 5255 eo,
2529 5191 2658 5245 etin
2690 5190 2885 5244 diebus
2933 5189 3105 5258 patris
3141 5186 3216 5240 tui
3265 5184 3543 5252 vigilantia
3581 5192 3638 5239 et

2060 5285 2414 5356 intelligentia
2443 5285 2675 5339 inventa:
2695 5290 2826 5337 sunt
2849 5281 2906 5336 in
2935 5295 3038 5348 eo;
3063 5289 3116 5335 et
3147 5293 3239 5333 rex
3267 5276 3625 5332 Nabuchodo-

2059 5393 2231 5434 nosor
2266 5386 2420 5446 pater
2461 5385 2588 5431 tuus
2628 5374 2927 5445 principem
2979 5373 3404 5435 iucautatorum,
3450 5383 3624 5438 mago-

2059 5483 2206 5534 rum,
2231 5465 2635 5528 Chaldaaorum,
2663 5475 3062 5534 gazarenorum
3093 5458 3382 5516 constituit
3411 5473 3560 5512 eum.

2138 5646 2224 5699 12.
2266 5642 2402 5709 Quia
2433 5641 2658 5710 spiritus
2679 5638 2909 5710 amplior
2935 5636 2988 5690 in
3027 5652 3112 5701 eo,
3140 5645 3195 5690 et
3239 5630 3546 5704 prudentia,
3580 5638 3629 5684 ct

2061 5737 2365 5792 intellectus
2410 5731 2710 5801 conjiciens
2754 5730 2987 5790 somnia,
3019 5739 3078 5784 et
3114 5727 3362 5782 iudicans
3381 5731 3632 5778 ostenta:

2061 5840 2112 5882 et
2148 5839 2238 5882 rex
2291 5819 2550 5891 imposuit
2575 5820 2622 5876 ei
2667 5836 2862 5877 nomen
2917 5817 3162 5874 Baltasar
3200 5833 3213 5873 :
3273 5828 3418 5870 nunc
3454 5811 3636 5882 itaque
