4064 6478
361 413 503 470 9867

1426 410 1679 467 DANIEL
1714 412 1941 470 JUXTA
1981 409 2535 467 THEODOTIONEM

3496 413 3636 470 2868

362 540 590 588 vocetur
619 527 823 593 Daniel,
853 535 907 583 et
930 525 1300 597 conjecturam
1337 525 1458 596 ejus
1498 527 1761 582 indicabit
1790 527 1911 581 tibi.

2076 523 2258 594 :aaap°
2284 521 2380 576 νῦν
2413 516 2506 574 οὖν
2529 519 2782 591 κληθήτω
2827 519 3026 591 Δανιὴλ
3044 559 3061 589 ,
3089 519 3181 574 καὶ
3209 518 3309 591 τὴν
3349 521 3638 592 σύγκρισιν

434 709 522 763 13.
563 705 717 760 Tunc
751 703 935 758 Daniel
988 701 1336 757 introductus
1368 711 1453 757 est
1495 716 1678 756 coram
1710 714 1854 771 rege,
1895 708 1948 755 et

363 801 499 855 dixit
527 814 621 852 rex
650 795 890 850 Danieli:
925 793 1006 848 Tu
1035 810 1095 850 es
1122 793 1329 859 Daniel,
1378 793 1472 864 qui
1522 793 1588 847 de
1619 792 1744 846 ﬁliis
1775 792 1950 862 capti-

363 891 551 944 vitatis
580 887 805 955 Judaeaa,
859 903 1023 958 quam
1059 886 1286 941 adduxit
1315 901 1409 940 rex
1468 894 1622 955 pater
1673 900 1827 939 meus
1881 883 1950 939 de

363 976 589 1034 1υάωοῖ

440 1070 526 1125 14.
571 1069 636 1122 Et
668 1068 848 1123 audivi
882 1068 949 1122 de
983 1075 1054 1131 te,
1086 1065 1216 1135 quia
1243 1063 1486 1135 Spiritus
1517 1061 1612 1116 Dei
1647 1069 1870 1116 sanctus
1897 1059 1950 1114 in

367 1171 441 1222 te.
485 1169 540 1216 et
576 1161 878 1231 vigilantia,
921 1169 974 1214 et
1003 1158 1377 1228 intelligentia,
1430 1164 1484 1212 et
1528 1153 1799 1226 sapientia
1831 1167 1952 1206 am-

368 1253 508 1324 plior
535 1253 765 1308 inventae
797 1261 925 1308 sunt
953 1252 1006 1305 in
1037 1258 1112 1306 te.

445 1344 535 1399 15.
575 1344 642 1398 Ει
668 1361 812 1399 nunc
840 1344 1070 1414 ingressi
1101 1352 1230 1399 sunt
1282 1341 1338 1397 in
1378 1349 1675 1412 conspectu
1720 1355 1842 1395 meo
1868 1355 1955 1396 sa-

371 1437 604 1506 pientes,
641 1437 806 1507 magi,
842 1436 1117 1507 gazareni,
1155 1445 1215 1491 ut
1260 1433 1588 1503 scripturam
1628 1432 1772 1487 hanc
1807 1431 1954 1501 lege-

374 1537 517 1593 rent,
548 1539 599 1582 et
621 1527 1001 1596 conjecturam
1028 1527 1149 1595 ejus
1203 1525 1513 1580 indicarent
1550 1522 1706 1587 mihi,
1742 1531 1798 1576 et
1844 1537 1952 1576 non

375 1631 670 1690 potuerunt
719 1618 1223 1690 interpretationem
1280 1616 1548 1672 sermonis
1592 1614 1759 1685 hujus
1816 1615 1955 1670 indi-

374 1730 501 1768 care
532 1713 690 1768 mihi.

447 1805 533 1859 16.
579 1806 644 1859 Et
673 1819 775 1874 ego
799 1804 979 1859 audivi
1003 1803 1069 1858 de
1097 1812 1171 1866 te,
1200 1801 1330 1872 quia
1385 1809 1540 1871 potes
1606 1798 1807 1870 judicia
1873 1799 1958 1852 in-

2054 614 2217 668 αύτοῦ
2246 613 2542 681 ἀναγγελεῖ
2569 629 2672 665 σοι.

2126 705 2213 758 15.
2255 705 2388 758 Τότε
2451 698 2653 774 Δανιὴλ
2687 701 2916 774 είσήχθη
2957 702 3190 757 ἐνώπιον
3228 702 3324 756 τοῦ
3353 703 3639 775 βασιλέως,

2054 796 2150 849 καὶ
2175 791 2330 850 εἶπεν
2352 799 2379 850 ό
2411 794 2664 866 βασιλεὺς
2696 794 2774 865 τῷ
2804 795 3025 864 Δανιήλο
3050 795 3124 848 Σὺ
3157 790 3209 848 εἴ
3235 795 3456 866 Δανιὴλ,
3486 799 3514 850 ὁ
3534 797 3642 850 ἀπὸ

2053 887 2164 941 τῶν
2193 887 2324 940 υἱῶν
2356 887 2458 957 τῆς
2479 885 2859 957 αἰχμαλωσίας
2892 887 2990 956 τῆς
3023 886 3306 951 Ἰουδαίας,
3325 881 3402 958 ἧς
3435 888 3644 958 ἢγαγεν

2056 981 2084 1032 ό
2109 979 2359 1050 βασιλεὺς
2383 980 2411 1032 ό
2439 979 2626 1049 πατήρ
2667 995 2768 1048 μου
2809 977 2917 1030 ἀπὸ
2945 978 3045 1048 τῆς
3096 977 3393 1044 Ἰουδαίας;

2129 1068 2218 1122 14.
2251 1069 2361 1122 Kal
2390 1069 2600 1139 ηκουσα
2631 1070 2760 1139 περὶ
2788 1068 2904 1133 σοῦ,
2935 1069 3018 1121 ὅτι
3048 1068 3272 1139 Πνεῦμα
3301 1069 3438 1122 Θεοῦ
3479 1069 3640 1138 ἅγιον

2059 1162 2116 1215 ἐν
2148 1159 2254 1224 σοὶ,
2289 1161 2380 1213 καὶ
2414 1158 2774 1232 γρηγόρησις,
2811 1161 2905 1213 καὶ
2940 1160 3189 1226 σύνεσις,
3223 1163 3318 1214 καὶ
3353 1162 3513 1230 σοφία
3547 1177 3648 1215 πε-

2062 1253 2224 1325 ρισσὴ
2265 1251 2468 1322 εὑρέθη
2498 1254 2556 1306 ὲν
2579 1253 2682 1306 σοί.

2131 1341 2220 1396 15.
2255 1342 2367 1397 Kal
2387 1341 2481 1395 νῦν
2503 1341 2755 1412 εἰσῆλθον
2777 1339 3008 1396 ἐνώπιόν
3041 1359 3142 1414 μου
3171 1343 3221 1396 οἱ
3247 1343 3424 1414 σοφοὶ,
3458 1346 3650 1416 μάγοι,

2061 1434 2383 1504 γαζαρηνοὶ,
2411 1434 2498 1486 ἵνα
2518 1432 2616 1504 τὴν
2641 1433 2858 1504 γραφὴν
2881 1434 3086 1505 ταύτην
3107 1435 3403 1504 ἀναγνῶσι,
3433 1439 3526 1492 καὶ
3547 1439 3651 1507 τὴν

2063 1523 2348 1597 σύγκρισιν
2381 1526 2551 1595 αὐτῆς
2571 1525 2882 1595 γνωρίσωσί
2917 1543 3028 1595 μοι,
3054 1527 3149 1579 καὶ
3178 1527 3278 1580 οὐκ
3300 1528 3652 1600 ἠδυνήθησαν

2061 1615 2158 1687 τὴν
2181 1616 2469 1688 σύγκρισιν
2495 1615 2589 1670 τοῦ
2621 1615 2778 1685 λόγου
2819 1614 3011 1670 τούτου
3034 1617 3355 1685 ἀναγγεῖλαί
3388 1635 3499 1689 μοι.

2134 1819 2221 1872 16.
2252 1817 2362 1872 Kal
2386 1789 2496 1886 ἐγὼ
2524 1819 2731 1890 ἥκουσα
2758 1817 2886 1888 περὶ
2914 1814 3030 1881 σοῦ,
3065 1817 3146 1870 ὅτι
3165 1816 3392 1870 δύνασαι
3423 1820 3650 1890 συγκρί-

373 1897 686 1966 terpretari,
716 1904 770 1949 ct
792 1896 1004 1950 solvere
1024 1893 1280 1964 perplexa
1326 1907 1340 1944 :
1377 1901 1430 1947 et
1479 1906 1627 1945 nunc
1681 1891 1724 1945 si
1761 1890 1963 1959 poteris

2076 1925 2212 1976 {aa-ca
2246 1909 2578 1979 συγκρίνειν,
2605 1907 2697 1961 καὶ
2729 1906 2876 1960 λύειν
2906 1907 3268 1978 συνδέσμους·
3299 1909 3394 1962 καὶ
3421 1908 3517 1962 νῦν
3549 1910 3652 1965 ἐὰν

378 1987 555 2055 legere
613 1985 964 2054 scripturam,
1027 1993 1082 2038 et
1135 1983 1510 2052 conjecturam
1569 1979 1690 2049 ejus
1723 1980 1962 2034 indicare

377 2077 534 2141 mihi,
568 2091 808 2146 purpura
841 2074 1114 2136 vestieris,
1151 2082 1206 2127 et
1233 2081 1459 2142 torques
1493 2087 1695 2127 aureus
1727 2073 1831 2126 erit
1865 2088 1961 2126 su-

2063 1998 2297 2070 δυνηθῇς
2326 1997 2640 2068 ἀναγνῶναι
2687 1997 2787 2068 τὴν
2819 1998 3058 2068 γραφὴν,
3087 2001 3182 2052 καὶ
3231 1999 3330 2070 τὴν
3361 1999 3650 2072 σύγκρισιν

2065 2089 2234 2159 αὐτῆς
2266 2089 2529 2159 γνωρίσαι
2565 2106 2677 2158 μοι,
2711 2088 2997 2160 πορφύραν
3019 2089 3238 2160 ἐνδύσῃ,
3269 2091 3364 2143 καὶ
3393 2093 3421 2144 ό
3460 2093 3652 2161 μανιά-

378 2183 479 2238 per
505 2168 705 2222 collum
738 2176 914 2234 tuum,
944 2176 998 2221 et
1029 2164 1222 2220 tertius
1261 2165 1317 2219 in
1352 2179 1521 2235 regno
1550 2179 1673 2221 meo
1708 2164 1973 2235 princeps

2076 2196 2168 2249 κης
2195 2182 2222 2232 ό
2248 2179 2481 2250 χρυσοῦς
2512 2179 2664 2233 ἔσται
2691 2181 2783 2233 ἐπὶ
2816 2179 2907 2232 τὸν
2934 2179 3204 2251 τράχηλόν
3247 2198 3362 2249 σου,
3399 2185 3496 2238 καὶ
3533 2185 3651 2256 τρί-

380 2275 513 2316 υιιε.

451 2348 538 2402 17.
580 2346 735 2403 Tunc
765 2347 1053 2418 respondit
1081 2347 1294 2412 Daniel,
1322 2357 1377 2404 et
1405 2347 1542 2404 dixit
1580 2363 1763 2404 coram
1798 2363 1962 2418 rege:

380 2439 605 2494 Munera
632 2448 725 2494 tua
747 2441 844 2495 tibi
873 2450 1054 2504 erunt,
1074 2449 1126 2494 et
1151 2442 1352 2494 donum
1375 2441 1525 2511 regni
1557 2441 1630 2494 tui
1663 2441 1818 2496 alteri
1850 2441 1919 2495 da
1947 2457 1960 2493 :

380 2546 481 2600 ego
525 2540 706 2585 autem
745 2532 1070 2599 scripturam
1102 2531 1276 2601 legam
1307 2531 1458 2602 regi,
1502 2542 1557 2587 et
1593 2531 1966 2602 conjecturam

380 2624 500 2692 ejus
530 2620 816 2676 ostendam
846 2620 968 2686 tibi,
1000 2635 1034 2676 ο
1058 2636 1176 2676 rex.

457 2815 541 2869 18.
583 2816 730 2872 Deus
758 2815 1060 2872 altissimus
1089 2829 1325 2887 regnum
1348 2856 1364 2883 ,
1396 2823 1451 2870 et
1479 2814 1967 2884 magniﬁcentiam,

385 2915 440 2962 et
471 2907 758 2974 honorem,
798 2916 854 2962 et
883 2907 1113 2978 gloriam
1143 2907 1294 2964 dedit
1340 2905 1846 2962 Nabuchodonosor
1876 2921 1972 2977 pa-

387 3001 452 3054 tri
483 3009 597 3056 tuo.

458 3093 544 3147 19.
588 3092 710 3148 Eta
757 3095 1189 3166 magniﬁcentia,
1250 3111 1415 3167 quam
1451 3095 1601 3150 dedit
1651 3094 1724 3159 ei,
1780 3108 1970 3148 omnes

388 3185 597 3253 populi,
636 3186 834 3250 tribus,
864 3186 1062 3255 lingua:
1083 3196 1242 3242 erant
1266 3195 1584 3251 trementes,
1620 3193 1674 3238 et
1724 3194 1972 3239 metuen-

389 3251 477 3328 tes
504 3290 532 3326 a
566 3274 704 3328 facie
732 3275 891 3344 ejus:
930 3251 1071 3345 quos
1096 3276 1312 3331 volebat
1355 3278 1471 3347 ipse
1501 3274 1880 3338 interﬁciebat,
1918 3283 1972 3329 et
1997 3251 2040 3309 θ

389 3379 529 3434 quos
556 3365 772 3420 volebat
825 3366 942 3436 ipse
969 3367 1241 3434 servabat,
1293 3377 1347 3424 et
1402 3384 1543 3438 quos
1605 3367 1825 3423 volebat
1859 3368 1974 3438 ipse

392 3457 685 3525 exaltahat,
710 3465 764 3512 et
787 3474 928 3530 quos
951 3460 1170 3515 volebat
1194 3461 1310 3530 ipse
1353 3459 1694 3515 humiliabat.

459 3637 552 3691 20.
594 3636 663 3691 Et
695 3639 915 3706 quando
945 3639 1217 3694 elevatum
1245 3646 1330 3692 est
1360 3653 1457 3693 cor
1485 3637 1624 3706 ejus,
1653 3644 1711 3692 et
1742 3637 1968 3706 spiritus

391 3727 513 3797 ejus
543 3726 864 3783 obﬁrmatus
894 3738 981 3784 est
1017 3730 1084 3783 ad
1117 3727 1568 3797 superbiendum,
1593 3726 1870 3797 depositus
1895 3737 1978 3782 est

394 3819 462 3874 de
489 3819 624 3873 solio
653 3818 804 3888 regni
842 3820 950 3874 sui.

463 3939 554 3996 21.
597 3941 665 3995 Et
689 3941 867 3995 honor
888 3941 1007 4012 ejus
1030 3942 1248 3999 ablatus
1278 3951 1363 3998 est
1393 3943 1462 3997 ab
1494 3957 1578 4006 eo,
1626 3952 1680 3998 et
1713 3958 1778 3998 ex
1801 3942 1980 3997 homi-

394 4032 558 4087 nibus
587 4032 795 4100 ejectus
821 4046 924 4100 est,
956 4041 1010 4088 et
1029 4049 1125 4089 cor
1151 4035 1269 4104 ejus
1298 4051 1423 4091 cum
1454 4035 1644 4090 bestiis
1665 4034 1850 4089 datum
1871 4043 1976 4100 est,

395 4129 450 4176 et
480 4135 601 4174 cum
635 4122 856 4192 onagris
891 4123 1157 4178 habitatio
1187 4125 1307 4194 ejus
1339 4143 1352 4180 :
1399 4133 1451 4179 et
1507 4124 1652 4180 foeno
1685 4133 1746 4178 ut
1783 4125 1978 4178 bovem

396 4210 718 4266 cibaverunt
749 4227 900 4280 eum,
936 4222 989 4268 et
1015 4215 1080 4269 de
1109 4228 1236 4268 rore
1259 4215 1380 4269 coeli
1405 4229 1603 4284 corpus
1647 4215 1766 4283 ejus
1793 4213 1980 4268 made-

396 4300 596 4357 factum
628 4312 732 4370 est,
761 4303 938 4361 donec
983 4304 1259 4377 cognovit,
1312 4305 1441 4374 quia
1493 4305 1806 4359 dominatur
1842 4303 1982 4361 Deus

397 4395 699 4451 altissimus
727 4412 893 4466 super
922 4413 1152 4467 regnum
1203 4397 1513 4462 hominum,
1552 4406 1606 4451 et
1654 4396 1983 4466 cuicumque

397 4486 650 4554 voluerit,
685 4487 835 4542 dabit
859 4488 1012 4542 illud.

2063 2287 2154 2334 τος
2189 2275 2245 2324 ὲν
2279 2274 2345 2343 τῇ
2385 2272 2634 2342 βασιλείᾳ
2665 2289 2766 2342 μου
2795 2270 3002 2342 ἄρξεις.

2137 2360 2224 2414 17.
2267 2361 2399 2413 Τότε
2428 2361 2703 2432 ἀπεκρίθη
2732 2361 2949 2432 Δανιὴλ,
2991 2360 3087 2414 καὶ
3127 2357 3279 2415 εἶπεν
3303 2362 3532 2418 ἐνώπιον
3559 2364 3650 2418 τοῦ

2068 2451 2351 2521 βασιλέως·
2386 2452 2464 2506 Τὰ
2489 2451 2699 2522 δόματόι
2731 2469 2824 2504 σου
2861 2453 2950 2505 σοὶ
2983 2451 3158 2515 ἔσται,
3194 2453 3288 2506 καὶ
3317 2453 3416 2524 τὴν
3443 2454 3653 2525 δωρεὰν

2065 2543 2167 2612 τῆς
2215 2542 2491 2612 βασιλείας
2551 2561 2645 2597 σου
2693 2544 2863 2616 ἑτέρῳ
2920 2545 3038 2608 δός·
3087 2543 3199 2614 ἐγὼ
3224 2545 3279 2598 δὲ
3318 2544 3416 2616 τὴν
3438 2547 3656 2620 γραφὴν

1956 2635 1958 2639 ’
2067 2635 2454 2708 ἀναγνώσομαι
2500 2637 2578 2708 τῷ
2619 2637 2849 2706 βασιλεῖ,
2885 2638 2977 2691 καὶ
3029 2639 3128 2710 τὴν
3167 2637 3456 2710 σύγκρισιν
3485 2641 3656 2710 αὐτῆς

2067 2727 2321 2799 γνωρίσω
2349 2729 2450 2794 σοὶ,
2486 2727 2732 2797 βασιλεῦ.

2141 2821 2228 2877 18.
2274 2820 2334 2875 Ὀ
2364 2821 2495 2884 Θεὸς
2520 2823 2547 2873 ό
2580 2820 2805 2888 ὕψιστος
2833 2821 2931 2891 τὴν
2963 2820 3260 2891 βασιλείαν,
3305 2822 3398 2876 καὶ
3425 2823 3518 2892 τὴν
3550 2840 3646 2890 με·

2069 2911 2413 2984 γαλωσύνην,
2439 2913 2534 2964 καὶ
2563 2911 2664 2982 τὴν
2690 2910 2875 2981 τιμὴν,
2902 2911 2999 2966 καὶ
3019 2912 3120 2983 τὴν
3152 2910 3312 2976 δόξαν
3346 2912 3511 2964 ἔδωκε
3539 2911 3649 2964 Να-

2072 3003 2455 3076 ϐουχοδονόσορ
2478 3002 2556 3072 τῷ
2581 3003 2748 3073 πατρί
2771 3019 2887 3056 σου.

2144 3097 2230 3152 19.
2264 3096 2374 3149 Kal
2406 3093 2514 3147 ἀπὸ
2543 3094 2640 3165 τῆς
2675 3092 3089 3164 μεγαλωσύνης,
3118 3087 3186 3166 ἦς
3237 3093 3436 3146 ἔδωκεν
3489 3091 3658 3162 αὐτῷ,

2074 3187 2279 3248 πάντες
2313 3185 2362 3237 οἱ
2384 3184 2524 3252 λαοὶ,
2554 3182 2739 3252 φυλαὶ,
2765 3183 3008 3252 γλῶσσαι
3038 3178 3178 3252 ἦσαν
3221 3181 3537 3250 τρέμοντες,
3567 3181 3661 3233 καὶ

2074 3279 2397 3351 φοϐούμενοι
2431 3279 2538 3332 ἀπὸ
2573 3278 2866 3349 προσώπου
2903 3275 3062 3330 αὑτοῦ
3085 3292 3098 3305 ·
3133 3275 3222 3339 οὓς
3274 3273 3526 3327 ἐϐούλετο
3561 3273 3658 3327 αὐ-

2072 3372 2162 3435 τὸς
2191 3369 2400 3441 ἀνῄρει,
2453 3370 2548 3423 καὶ
2577 3370 2670 3433 οὒς
2694 3369 2944 3423 ἐϐούλετο
2988 3367 3148 3430 αὐτὸς
3194 3365 3388 3432 ἔσωζε,
3437 3366 3533 3418 καὶ
3562 3363 3659 3427 οὓς

2075 3461 2323 3516 ἐϐούλετο
2346 3461 2506 3525 αὐτὸς
2537 3461 2699 3532 ὕψου,
2730 3464 2827 3516 καὶ
2858 3461 2951 3526 οὓς
2983 3461 3233 3516 ἐϐούλετο
3257 3459 3419 3522 αὐτὸς
3441 3457 3663 3511 ἐταπεί-

2077 3572 2193 3609 νου.

2144 3645 2234 3702 20.
2262 3646 2372 3700 Kal
2394 3647 2481 3699 ὅτε
2522 3645 2712 3716 ὑψώθη
2747 3647 2780 3715 ἡ
2812 3643 3009 3716 καρδία
3032 3642 3222 3708 αὐτοῦ,
3251 3641 3346 3695 καὶ
3366 3641 3426 3694 τὸ
3449 3637 3667 3708 πνεῦμα

2076 3737 2239 3790 αὑτοῦ
2261 3736 2610 3809 ὲκραταιώθη
2637 3735 2732 3788 τοῦ
2765 3733 3280 3806 ὑπερηφανεύεσθαι
3301 3771 3316 3797 ,
3354 3728 3664 3800 κατηνέχθη

2077 3828 2185 3882 ἀπὸ
2210 3828 2302 3882 τοῦ
2335 3828 2523 3900 θρόνου
2565 3830 2664 3898 τῆς
2700 3826 2978 3898 βασιλείας
3013 3825 3203 3882 αὑτοῦ.

2148 3947 2237 4000 21.
2269 3946 2432 4017 Καλή
2461 3943 2596 4016 τιμὴ
2618 3942 2784 3998 αὐτοῦ
2819 3943 3070 4016 ἀφῃρέθη
3099 3943 3196 3996 ἀπ’
3227 3940 3414 4006 αὑτοῦ,
3443 3941 3539 3994 καὶ
3560 3939 3667 3993 ἀπὸ

2079 4039 2186 4093 τῶν
2215 4037 2516 4110 ἀνθρώπων
2544 4037 2859 4108 ὲξεδιώχθη,
2900 4037 2995 4090 καὶ
3043 4037 3077 4106 ἡ
3113 4033 3307 4108 καρδία
3329 4033 3497 4087 αὐτοῦ
3530 4032 3667 4103 μετά

2078 4131 2188 4184 τῶν
2223 4129 2427 4200 θηρίων
2456 4129 2634 4198 ἐδόθη,
2670 4129 2767 4183 καὶ
2797 4127 2936 4199 μετά
2955 4127 3091 4181 ὄνων
3117 4125 3324 4198 ἀγρίων
3355 4127 3388 4196 ἡ
3416 4124 3667 4179 κατοικία

2081 4220 2270 4284 αὐτοῦ,
2307 4220 2404 4274 καὶ
2434 4220 2626 4291 χόρτον
2655 4219 2730 4282 ὡς
2759 4218 2886 4290 βοῦν
2907 4217 3182 4289 ὲψώμιζον
3212 4216 3397 4282 αὐτὸν,
3429 4217 3524 4270 καὶ
3562 4215 3669 4270 ἀπὸ

2080 4313 2182 4383 τῆς
2207 4311 2398 4384 δρόσου
2427 4311 2522 4364 τοῦ
2551 4310 2780 4382 ούρανοῦ
2821 4311 2885 4363 τὸ
2921 4309 3078 4380 σῶμα
3104 4307 3270 4362 αὐτοῦ
3312 4307 3515 4378 eam,
3562 4306 3668 4368 ἕως

2083 4400 2144 4458 οὗ
2170 4403 2331 4472 ἔγνω,
2367 4403 2448 4456 ὅτι
2479 4400 2724 4472 κυριεύει
2751 4403 2780 4454 ό
2809 4399 2944 4462 Θεὸς
2963 4400 2990 4451 ὁ
3016 4397 3237 4468 ὕψιστος
3265 4399 3367 4468 τῆς
3393 4396 3671 4467 βασιλείας

2083 4495 2194 4548 τῶν
2223 4492 2549 4564 ἀνθρώπων,
2577 4482 2737 4558 καὶῷ
2761 4489 2855 4543 ἐὰν
2883 4488 3009 4561 δόξῃ
3033 4487 3195 4542 δώσει
3222 4488 3419 4557 αὑτήν.

469 4597 561 4651 2‘2.
605 4597 671 4652 Et
697 4607 752 4652 tu
781 4598 923 4654 ﬁlius
948 4600 1066 4669 ejus
1112 4598 1359 4655 Baltasar
1410 4615 1518 4654 non
1555 4599 1854 4656 humiliasti
1885 4614 1973 4654 cor

2153 4607 2245 4662 2‘2.
2271 4607 2382 4662 Kal
2412 4608 2476 4661 σὺ
2503 4607 2531 4660 ό
2561 4605 2674 4670 υίὸς
2695 4603 2862 4660 αὑτοῦ
2893 4603 3202 4681 Βαλτάσαρ,
3243 4603 3346 4656 οὐκ
3375 4599 3674 4654 ἐταπείνω-

400 4697 553 4743 tuum
589 4704 774 4745 coram
804 4689 936 4755 Deo,
963 4690 1118 4761 cujus
1152 4691 1337 4746 omnia
1365 4691 1479 4746 haec
1511 4705 1700 4747 noras.

470 4902 560 4957 25.
602 4902 671 4956 Et
707 4917 873 4973 super
905 4902 1197 4958 Dominum
1239 4903 1408 4959 Deum
1462 4903 1585 4959 cceli
1627 4903 1869 4958 elevatus
1901 4918 1977 4968 es,

403 5004 455 5049 et
488 5009 615 5048 vasa
646 4995 841 5050 domus
869 4996 990 5065 ejus
1023 4996 1325 5052 attulerunt
1371 5011 1555 5051 coram
1595 5005 1666 5061 te,
1720 5005 1774 5050 et
1817 5005 1899 5056 tu,
1931 5005 1986 5051 et

404 5086 701 5156 optimates
731 5086 834 5152 tui,
868 5096 923 5140 et
947 5086 1272 5142 concubinae
1311 5075 1437 5150 tuae,
1495 5095 1550 5140 et
1575 5094 1756 5140 scorta
1783 5095 1873 5139 tua
1904 5083 1986 5139 bi-

405 5173 616 5231 bebatis
650 5175 835 5230 vinum
867 5175 921 5230 in
952 5176 1054 5242 eis,
1081 5185 1135 5230 et
1156 5175 1292 5232 deos
1319 5190 1515 5230 aureos
1541 5215 1556 5240 ,
1593 5185 1647 5229 et
1675 5188 1982 5245 argenteos,

405 5274 460 5320 et
489 5279 693 5330 aneos,
727 5275 782 5320 et
808 5266 1039 5333 ferreos,
1057 5275 1112 5321 et
1139 5265 1370 5336 ligneos,
1398 5274 1452 5320 et
1479 5265 1743 5335 lapideos,
1765 5264 1857 5334 qui
1876 5279 1984 5319 non

405 5356 610 5417 vident,
650 5365 705 5410 et
740 5371 847 5411 non
876 5357 1129 5422 audiunt,
1165 5367 1221 5412 et
1248 5373 1358 5412 non
1394 5357 1660 5421 sentiunt,
1709 5356 1981 5425 laudasti;

404 5453 460 5500 et
489 5445 680 5510 Deum,
707 5445 865 5515 cujus
893 5447 1182 5516 respiratio
1215 5457 1306 5503 tua
1339 5446 1394 5500 in
1423 5461 1587 5501 manu
1613 5446 1751 5516 ejus,
1778 5454 1832 5500 et
1863 5460 1983 5499 nin-

404 5552 503 5592 nes
525 5537 627 5593 viae
656 5547 784 5602 ture,
820 5537 999 5607 ipsum
1033 5554 1139 5592 non
1173 5539 1509 5610 gloriﬁcasti.

478 5755 568 5808 2i.
614 5755 819 5812 Idcirco
844 5771 872 5811 a
913 5757 1050 5813 facie
1079 5758 1198 5827 ejus
1231 5760 1434 5813 missus
1463 5770 1542 5813 est
1587 5759 1849 5816 articulus
1875 5775 1987 5816 ιιιει⁴

409 5857 537 5904 nus,
573 5853 626 5897 ct
663 5846 988 5915 scripturam
1016 5846 1158 5903 hanc
1199 5847 1489 5903 ordinatit.

2092 4715 2192 4762 σας
2219 4698 2318 4769 τὴν
2351 4697 2580 4769 καρδίαν
2619 4713 2713 4751 σου
2749 4692 3082 4749 κατενώπιον
3098 4691 3193 4746 τοῦ
3220 4691 3380 4757 Θεοῦ,
3409 4685 3469 4746 οὗ
3495 4691 3677 4744 πάντα

2091 4790 2267 4846 ταῦτα
2292 4791 2484 4860 ἔγνως.

2159 4907 2250 4960 ‘25.
2281 4904 2392 4959 Kal
2439 4904 2534 4958 ἐπὶ
2570 4902 2663 4957 τὸν
2710 4901 2918 4974 Κύριον
2965 4900 3059 4954 τὸν
3113 4897 3246 4952 Θεὸν
3300 4896 3396 4950 τοῦ
3439 4893 3678 4967 ούρανοῦ

2093 4995 2338 5068 ὑψώθης,
2366 4994 2462 5048 καὶ⁷
2491 4995 2560 5048 τὰ
2589 4992 2758 5064 σκεύη
2782 4992 2874 5046 τοῦ
2902 4991 3054 5045 οἴκου
3087 4987 3252 5043 αὐτοῦ
3276 4989 3513 5060 ἤνεγκαν
3545 4984 3680 5039 ὲνώ-

2093 5088 2218 5141 πιόν
2236 5103 2352 5152 σου,
2375 5085 2472 5139 καὶ
2503 5086 2566 5139 σὺ
2596 5085 2689 5138 καὶ
2720 5085 2770 5137 οί
2804 5081 3131 5154 μεγιστᾶνες
3156 5097 3274 5144 σου,
3294 5081 3387 5133 καὶ
3413 5080 3470 5131 al
3493 5076 3677 5148 παρά-

2093 5177 2263 5234 κοιτοί
2293 5195 2410 5242 σου,
2439 5177 2534 5230 καὶ
2559 5177 2616 5229 αἱ
2652 5175 2928 5229 παλλακαί
2958 5191 3051 5227 σου
3079 5173 3295 5225 ὲπίνετε
3323 5165 3467 5224 οἶνον
3493 5171 3551 5222 ὲν
3581 5169 3678 5222 αὐ-

2091 5275 2224 5334 τοῖς,
2248 5269 2342 5323 καὶ
2365 5267 2492 5332 τοὺς
2521 5267 2678 5330 θεοὺς
2711 5266 2839 5330 τοὺς
2862 5265 3120 5336 χρυσοῦς,
3147 5264 3240 5317 καὶ
3267 5261 3563 5333 ἀργυροῦς,
3582 5261 3680 5314 καὶ

2093 5359 2354 5433 χαλκοῦς,
2388 5359 2483 5414 καὶ
2512 5357 2785 5430 σιδηροῦς,
2807 5358 2900 5411 καὶ
2934 5356 3201 5421 ξυλίνους,
3224 5355 3318 5407 καὶ
3350 5353 3606 5415 λιθίνους,
3629 5351 3679 5404 οἳ

2093 5455 2156 5506 οὐ
2190 5452 2467 5524 βλέπουσι,
2495 5449 2589 5503 καὶ
2638 5450 2698 5502 οὐ
2751 5447 3136 5518 γινώσκουσιν,
3193 5446 3416 5517 ᾔνεσας,
3448 5443 3540 5497 καὶ
3590 5442 3682 5494 τὸν

2094 5543 2228 5598 Θεὸν
2257 5535 2318 5596 οὗ
2347 5545 2382 5613 ἡ
2406 5543 2540 5612 πνοή
2575 5557 2671 5593 σου
2707 5541 2764 5592 ὲν
2795 5541 2863 5610 τῇ
2900 5537 3046 5610 χειρὶ
3076 5535 3263 5600 αὑτοῦ,
3293 5533 3388 5587 καὶ
3420 5534 3592 5586 πᾶσαι
3623 5530 3683 5584 αἱ

2096 5637 2206 5690 ὁδοί
2230 5653 2349 5702 σου,
2369 5634 2532 5688 αὐτὸν
2557 5634 2658 5686 οὐκ
2680 5632 2958 5698 ἐδόξασας.
2983 5667 2995 5679 .

2165 5751 2255 5803 2i.
2277 5747 2375 5801 Διά
2398 5747 2558 5801 τοῦτο
2586 5748 2649 5800 ὲκ
2675 5745 2967 5816 προσώπου
2993 5742 3155 5798 αὑτοῦ
3180 5739 3461 5810 ἀπεστάλη
3479 5736 3682 5807 ἀστρά-

2097 5842 2259 5913 γαλος
2293 5841 2494 5912 χειρὸς,
2544 5840 2634 5895 καὶ
2670 5838 2767 5909 τὴν
2793 5838 3009 5909 γραφὴν
3043 5835 3245 5906 ταύτην
3280 5829 3546 5896 ὲνὲταξεν.
