4064 6420
315 364 465 422 2869
1785 368 2018 422 canor
2051 368 2138 422 vv.
3451 383 3594 442 ρεγο
3680 346 3688 362 “

391 481 483 536 25.
535 479 644 534 Kal
695 479 835 550 αὕτη
882 481 913 549 ὴ
969 478 1155 551 γραφὴ
1190 480 1223 550 ὴ
1255 479 1892 553 ὲντεταγμὲνηοΜΑΝΗ,

2079 481 2171 538 25.
2216 481 2281 538 Et
2335 486 2448 540 haec
2512 487 2814 558 scriptura,
2847 505 2967 559 qum
2994 491 3237 546 ordinata
3274 501 3394 549 est:
3427 511 3590 557 ιωιε.

312 571 575 637 ΘΕΚΕΛ,
599 572 838 624 ΦΛΡΕΣ.
2012 589 2241 635 τιιιιεει..
2272 592 2490 630 ιτιιΑιιεε.

399 663 493 718 26.
549 663 660 717 Kal
714 661 871 716 τοῦτο
915 661 978 715 τὸ
1051 661 1332 734 σύγκριμα
1381 661 1477 716 τοῦ
1529 665 1902 736 ἐρωτήματος·

2082 665 2174 719 26.
2217 665 2284 720 Et
2346 669 2462 723 haec
2521 679 2605 725 est
2674 672 3056 741 interpretatio
3112 675 3590 748 interrogationis:

309 757 544 824 MANE,
596 753 901 827 ἐμέτρησεν
930 757 958 808 6
990 754 1122 819 Θεὸς
1168 755 1267 826 τὴν
1299 754 1576 825 βασιλείαν
1625 773 1718 810 σου
1749 798 1764 821 ,
1810 758 1906 811 καὶ

2009 773 2171 822 usus,
2203 775 2423 816 mensus
2451 769 2534 816 est
2568 761 2712 818 Deus
2750 779 2974 832 regnum
3007 775 3182 834 tuum,
3217 777 3271 822 et
3301 759 3590 840 complevit

308 851 642 922 ἐπλήρωσεν
671 848 861 920 αὑτήν.

2009 850 2159 904 illud.

388 944 480 1000 27.
509 942 764 1008 ΘΕΚΕΛ,
796 940 999 1012 ἐστάθη
1045 940 1103 994 ὲν
1148 940 1300 1011 ζυγῷ
1324 981 1339 1007 ,
1387 943 1480 995 καὶ
1504 941 1702 1013 εὑρέθη
1746 943 1905 995 ὑστε-

312 1033 509 1107 ροῦσα.

387 1127 478 1183 28.
504 1126 745 1189 ΦΑΡΕΣ,
780 1125 1032 1197 διῄρηται
1062 1125 1096 1196 ἡ
1127 1124 1374 1195 βασιλεία
1423 1142 1517 1179 σου
1545 1168 1560 1193 ,
1592 1125 1689 1180 καὶ
1744 1127 1899 1200 ἐδόθη

311 1222 544 1292 Μήδοις,
572 1219 668 1273 καὶ
695 1219 957 1290 Πέρσαις.

384 1313 476 1368 29.
507 1313 618 1367 Καὶ
641 1304 796 1365 εἶπεν
829 1311 1140 1383 Βαλτάσαρ,
1177 1311 1273 1365 καὶ
1295 1310 1557 1365 ἐνέδυσαν
1589 1310 1679 1364 τὸν
1702 1311 1900 1382 Δανιὴλ

319 1401 624 1475 πορφύραν,
655 1401 748 1455 καὶ
767 1399 859 1455 τὸν
893 1401 1167 1471 μανιάκην
1187 1401 1278 1455 τὸν
1299 1400 1538 1472 χρυσοῦν
1561 1401 1900 1473 περιέθηκαν

325 1496 446 1567 περὶ
481 1496 573 1547 τὸν
605 1493 873 1565 τράχηλον
902 1493 1093 1560 αὐτοῦ,
1144 1493 1237 1546 καὶ
1277 1493 1511 1564 ἐκήρυξε
1541 1495 1670 1566 περὶ
1707 1493 1897 1563 αὑτοῦ,

319 1582 454 1642 εἶναι
473 1585 634 1640 αὐτὸν
653 1585 889 1658 ἄρχοντα
918 1585 1098 1658 τρίτον
1129 1587 1188 1639 ὲν
1225 1588 1292 1656 τῇ
1328 1585 1578 1658 βασιλείᾳ
1599 1587 1789 1642 αὐτοῦ.

387 1678 477 1736 50.
513 1679 602 1732 Ἐν
632 1677 807 1752 ταύτῃ
833 1679 899 1749 τῇ
929 1677 1084 1732 νυκτὶ
1109 1677 1353 1752 ἀνῃρέθη
1377 1677 1663 1750 Βαλτάσαρ
1689 1680 1716 1732 6
1746 1676 1900 1748 βασι-

317 1774 441 1838 λεῦς
467 1776 494 1827 6
522 1773 808 1836 Χαλδαῖος.

387 1867 477 1921 51.
509 1865 622 1919 Kal
655 1866 882 1934 Δαρεῖος
931 1864 960 1917 6
1005 1863 1188 1935 Μῆδος
1237 1862 1545 1935 παρέλαθεν
1594 1862 1693 1936 τὴν
1746 1861 1898 1933 βασι-
1929 1844 1974 1900 Β

316 1961 484 2028 λείαν,
518 1958 595 2012 ὢν
635 1957 772 2012 ἐτῶν
801 1957 1071 2028 ἑξήκοντα
1107 1956 1220 2010 δύο.

831 2049 1233 2102 neas/mort
1274 2051 1365 2117 cr.

393 2144 444 2199 ι.
473 2143 581 2196 Καὶ
629 2141 830 2213 ἤρεσεν
879 2138 1113 2195 ἐνώπιον
1143 2139 1390 2210 Δαρείου,
1427 2138 1521 2193 καὶ
1557 2138 1895 2209 κατέστησεν

324 2231 416 2285 tul
435 2232 532 2302 τῆς
557 2229 832 2301 βασιλείας
861 2229 1149 2299 σατράπας
1194 2229 1389 2282 ἑκατὸν
1432 2229 1526 2282 καὶ
1569 2229 1762 2296 εἴκοσι,
1796 2227 1893 2282 τοῦ

333 2319 464 2377 εἶναι
484 2322 671 2386 αὐτοὺς
694 2324 752 2375 ὲν
781 2322 878 2394 ὅλῃ
901 2324 967 2394 τῇ
1008 2321 1256 2393 βασιλείᾳ
1279 2319 1469 2374 αὐτοῦ.

400 2413 454 2468 2.
486 2414 589 2467 Kal
615 2414 794 2468 ἐπάνω
820 2413 1041 2467 πάντων
1064 2411 1246 2466 αὐτῶν
1274 2411 1568 2474 τακτικοὺς
1599 2411 1748 2483 τρεῖς
1767 2428 1781 2442 ο
1803 2409 1897 2464 καὶ

335 2501 398 2578 ἦν
422 2505 614 2573 Δανιὴλ
637 2500 718 2568 εἷς
756 2503 816 2568 ἐξ
849 2503 1054 2567 αὐτῶν,
1105 2502 1200 2558 τοῦ
1231 2503 1539 2558 ἀποδιδόναι
1565 2504 1747 2566 αὐτοῖς
1773 2505 1898 2567 τοὺς

328 2597 600 2669 σατράπας
621 2596 801 2666 λόγον,
832 2597 980 2660 ὅπως
999 2598 1026 2649 6
1057 2594 1310 2667 βασιλεὺς
1345 2595 1419 2668 μὴ
1450 2595 1754 2666 ἐνοχλῆται.

385 2691 437 2745 5.
461 2690 570 2743 Kal
589 2684 658 2761 ἦν
678 2688 878 2761 Δανιὴλ
907 2687 1216 2759 ὑπερνικῶν
1248 2688 1388 2759 ὑπὲρ
1430 2688 1556 2752 τοὺς
1606 2686 1898 2751 τακτικοὺς

322 2783 561 2846 καὶτοὺς
582 2781 870 2854 σατράπας
905 2780 1214 2849 κατέναντι,
1257 2781 1340 2834 ὅτι
1379 2780 1596 2852 πνεῦμα
1635 2779 1898 2852 περισσὸν

317 2871 382 2948 ἦν
410 2877 469 2929 ὲν
488 2873 660 2946 αὐτῷ.

383 2971 439 3026 4.
468 2971 580 3024 Kal
603 2972 631 3023 6
664 2969 920 3040 βασιλεὺς
953 2967 1290 3037 κατέστησεν
1323 2968 1486 3022 αὑτὸν
1527 2969 1610 3037 ἐφ’
1633 2967 1762 3039 ὅλης
1797 2965 1899 3035 τῆς

319 3059 600 3131 βασιλείας
629 3057 796 3114 αὑτοῦ
818 3075 832 3088 ο
869 3058 966 3112 καὶ
994 3059 1042 3110 οἱ
1070 3057 1324 3110 τακτικοὶ
1392 3056 1489 3110 καὶ
1539 3056 1590 3109 οἱ
1621 3055 1898 3125 σατράπαι

315 3152 543 3223 ἐζήτουν
587 3152 861 3225 πρόφασιν
908 3149 1090 3222 εὑρεῖν
1120 3149 1263 3204 κατὰ
1297 3149 1496 3221 Δανιὴλ
1529 3150 1594 3203 ὲκ
1612 3149 1713 3216 τῆς
1746 3147 1898 3218 βασι-

313 3244 486 3310 λείας,
523 3244 618 3299 καὶ
637 3246 818 3298 πᾶσαν
843 3243 1118 3312 πρόφασιν
1174 3242 1270 3296 καὶ
1297 3243 1652 3313 παράπτωμα
1686 3241 1784 3310 οὺχ
1813 3231 1903 3293 εῦ-

311 3353 413 3409 ρον
442 3337 564 3391 κατ’
597 3334 785 3402 αὑτοῦ,
817 3337 900 3390 ὅτι
933 3335 1125 3398 πιστὸς
1145 3330 1228 3406 ἦν.

396 3429 449 3485 5.
480 3428 588 3482 Kal
609 3424 761 3482 εἷπον
812 3428 862 3481 οἱ
891 3426 1144 3482 τακτικοὶ
1199 3427 1420 3490 ἐκεῖνοι,
1456 3425 1570 3494 Οὐχ
1596 3423 1903 3494 εὑρήσομεν

308 3520 462 3576 κατὰ
490 3519 686 3592 Δανιὴλ
709 3522 983 3594 πρόφασιν
1007 3561 1022 3585 ,
1053 3521 1100 3573 εί
1131 3519 1206 3591 μὴ
1243 3521 1302 3572 ἐν
1334 3518 1587 3590 νομίμοις
1635 3515 1771 3570 Θεοῦ
1803 3517 1904 3569 αὐ-

315 3631 434 3668 του.

380 3705 442 3759 ὃ.
478 3705 612 3758 Τότε
633 3706 682 3758 οἱ
717 3703 968 3758 τακτικοὶ
1015 3704 1110 3758 καὶ
1141 3705 1420 3776 σατράπαι
1458 3703 1806 3775 παρέστησαν
1826 3703 1904 3775 τῷ

317 3796 552 3868 βασιλεῖ,
605 3795 699 3850 καὶ
759 3791 914 3850 εἶπον
962 3796 1131 3867 αὐτῷ·
1170 3798 1362 3867 Δαρεῖε
1389 3795 1633 3866 βασιλεῦ,
1665 3799 1745 3860 είς
1778 3797 1906 3860 τοὺς

308 3887 523 3952 αἰῶνας
555 3887 700 3959 ζῆθι.

391 3979 446 4035 7.
477 3979 975 4034 Συνεϐουλεύσαντο
1023 3979 1225 4043 πάντες
1263 3979 1431 4032 οίὲπὶ
1474 3977 1575 4049 τῆς
1628 3978 1906 4049 βασιλείας

316 4090 416 4128 σου
450 4073 769 4146 στρατηγοὶ,
797 4073 892 4126 καὶ
922 4073 1220 4143 σατράπαι,
1254 4071 1471 4137 ὕπατοι,
1496 4073 1590 4125 καὶ
1612 4072 1904 4145 τοπάρχαι,

315 4167 415 4220 τοῦ
443 4167 637 4236 στῆσαι
672 4166 862 4220 στάσιν
894 4163 1201 4236 βασιλικὴν,
1231 4164 1328 4218 καὶ
1348 4163 1628 4235 ἐνισχῦσαι
1654 4165 1902 4236 ὁρισμὸν,

315 4259 470 4322 ὅπως
504 4257 563 4321 ὃς
619 4256 716 4310 ἐὰν
757 4258 959 4329 αἰτήσῃ
1015 4255 1226 4326 αἴτημα
1257 4255 1412 4326 παρὰ
1451 4256 1654 4320 παντὸς
1689 4255 1834 4321 θεοῦ,
1871 4255 1904 4328 ἢ

315 4347 645 4422 ἀνθρώπων,
673 4349 776 4410 ἕως
796 4347 1020 4418 ἡμερῶν
1054 4347 1373 4419 τριάκοντα,
1405 4349 1572 4420 ἀλλ’ἢ
1603 4347 1753 4420 παρὰ
1787 4347 1904 4416 σοῦ,

317 4437 569 4509 βασιλεῦ,
601 4438 1008 4509 ὲμὸληθήσεται
1034 4440 1114 4500 είς
1156 4438 1249 4492 τὸν
1284 4437 1488 4492 λάκκον
1515 4439 1625 4491 τῶν
1655 4437 1905 4492 λεόντων.

391 4528 447 4582 8.
476 4528 591 4582 Νῦν
609 4524 724 4594 οὖν,
749 4528 992 4599 βασιλεῦ,
1018 4527 1218 4598 στῆσον
1237 4529 1328 4582 τὸν
1353 4529 1600 4602 ὁρισμὸν,
1631 4532 1726 4582 καὶ
1749 4529 1907 4592 ἔκθες

317 4620 561 4693 γραφὴν,
602 4623 754 4686 ὅπως
797 4619 872 4693 μὴ
907 4620 1173 4692 άλλοιωθῇ
1212 4622 1273 4674 τὸ
1323 4623 1502 4693 δόγμα
1548 4623 1750 4694 Μήδων
1807 4622 1905 4675 καὶ

317 4713 568 4785 Περσῶν,
596 4714 744 4777 ὅπως
777 4713 852 4784 μὴ
877 4712 1202 4784 παραλλαγῇ
1228 4713 1517 4767 κατέναντι
1547 4714 1762 4767 τούτου.
1874 4737 1878 4740 ·

389 4806 446 4861 9.
479 4806 613 4859 Τότε
639 4806 670 4858 6
705 4805 960 4876 βασιλεὺς
984 4806 1209 4877 Δαρεῖος
1259 4805 1489 4872 ἐπέταξε
1534 4805 1814 4878 γραφῆναι
1847 4803 1909 4858 τὸ

317 4900 520 4970 δόγμα.

394 4991 484 5046 10.
517 4991 628 5045 Kal
645 4991 842 5064 Δανιὴλ
871 4990 1034 5064 ἡνίκα
1067 4990 1232 5059 ἔγνω,
1254 4989 1336 5044 ὅτι
1365 4987 1598 5059 ὲνετάγη
1621 4987 1683 5042 τὸ
1711 4987 1909 5060 δόγμα.

319 5081 575 5152 εἰσῆλθεν
603 5083 684 5146 εἰς
716 5081 810 5135 τὸν
837 5077 985 5135 οἷκον
1008 5079 1200 5145 αὑτοῦ,
1250 5079 1344 5133 καὶ
1391 5077 1604 5148 θυρίδες
1628 5076 1882 5148 ἁνεῳγμέ
1899 5105 1914 5116 -

321 5191 414 5228 ναι
441 5172 590 5244 αὑτῷ
626 5175 684 5228 ὲν
709 5175 824 5238 τοῖς
857 5171 1132 5244 ὑπερῴοις
1178 5169 1345 5226 αὐτοῦ
1380 5170 1670 5224 κατέναντι
1711 5169 1913 5240 Ἰερου-

323 5264 528 5337 σαλὴμ,
579 5265 676 5320 καὶ
720 5266 947 5338 καιροὺς
984 5268 1137 5336 τρεῖς
1169 5265 1270 5334 τῆς
1307 5263 1521 5335 ἡμέρας
1545 5257 1614 5333 ἦν
1640 5261 1910 5332 κάμπτων

325 5356 426 5410 ἐπὶ
451 5357 518 5412 τὰ
548 5359 752 5428 γόνατα
785 5357 974 5426 αὑτοῦ,
997 5359 1094 5412 καὶ
1115 5356 1576 5428 προσευχόμενος,
1607 5355 1703 5408 καὶ
1725 5354 1913 5424 ἐξομο-

325 5448 652 5520 λογούμενος
679 5449 922 5504 ἐναντίον
941 5449 1035 5502 τοῦ
1054 5448 1191 5502 Θεοῦ
1223 5447 1410 5514 αὑτοῦ,
1441 5445 1625 5510 καθὼς
1647 5440 1913 5516 ἦν-ποιῶν

329 5539 661 5612 ἔμπροσθεν.
733 5553 741 5569 ’

402 5633 488 5688 Η.
525 5636 658 5688 Τότε
681 5637 729 5689 oi
753 5636 944 5706 ἄνδρες
975 5636 1173 5689 ἐκεῖνοι
1203 5634 1681 5706 παρετηρήσαντο,
1705 5629 1802 5686 καὶ
1824 5622 1915 5685 εῦ-

334 5741 427 5794 ρον
448 5725 540 5778 τὸν
560 5726 759 5798 Δανιὴλ
784 5725 1059 5794 ἀξιοῦντα,
1093 5726 1188 5784 καὶ
1207 5726 1460 5798 δεόμενον
1491 5722 1800 5796 ἔμπροσθεν
1822 5721 1916 5777 τοῦ

332 5814 469 5869 Θεοῦ
504 5817 688 5872 αὐτοῦ.

2076 943 2165 997 27.
2205 944 2772 1017 Tnecm...appcnsum
2811 956 2895 1004 est
2939 947 2994 1002 in
3041 957 3266 1018 statera,
3305 959 3360 1006 et
3393 952 3584 1007 inven-

2005 1044 2120 1089 tum
2151 1047 2233 1092 est
2259 1039 2443 1093 minus
2470 1040 2697 1095 habens.

2073 1131 2163 1185 28.
2205 1134 2441 1196 ΡιιΑιιεε,
2472 1134 2710 1190 divisum
2746 1145 2832 1192 est
2857 1153 3085 1210 regnum
3118 1149 3270 1194 tuum
3318 1145 3373 1193 et
3396 1136 3584 1192 datum

2001 1230 2087 1279 est
2115 1224 2313 1288 Medis,
2351 1235 2406 1280 et
2444 1225 2642 1282 Persis.

2071 1316 2162 1372 29.
2205 1316 2271 1372 Ει
2321 1318 2460 1372 dixit
2519 1319 2791 1386 Baltasar,
2846 1330 2902 1376 et
2957 1321 3255 1377 induerunt
3306 1321 3585 1377 Danielem

2001 1423 2266 1478 purpura,
2303 1418 2358 1464 et
2387 1421 2888 1480 torquemaureum
2924 1414 3402 1470 circumdederunt
3444 1413 3587 1468 collo

2000 1499 2143 1568 ejus,
2178 1510 2231 1555 et
2279 1503 2592 1571 praedicavit
2643 1505 2710 1560 de
2737 1521 2825 1571 eo,
2878 1521 3001 1561 esse
3059 1506 3237 1576 ipsum
3281 1505 3582 1574 principem

2003 1597 2221 1651 tertium
2259 1599 2315 1652 in
2347 1615 2513 1669 regno
2540 1616 2661 1655 suo.

2071 1687 2162 1741 30.
2205 1688 2264 1742 ln
2295 1689 2484 1744 eadem
2519 1701 2678 1747 nocte
2727 1689 3048 1746 interfectus
3083 1701 3166 1747 est
3209 1691 3456 1745 Baltasar
3485 1704 3584 1745 rex

1999 1777 2307 1836 Chaldmus.

2075 1869 2163 1923 3|.
2211 1869 2276 1925 Et
2309 1871 2508 1928 Darius
2557 1871 2746 1928 Medus
2792 1874 3096 1944 assumpsit
3149 1889 3377 1945 regnum
3409 1886 3586 1928 annos

2002 1970 2169 2018 natus
2191 1964 2476 2034 sexaginta
2506 1964 2667 2019 duos.

2609 2055 2839 2110 CAPUT
2895 2055 2981 2112 Vl.

2077 2145 2129 2199 1.
2173 2144 2240 2200 Et
2274 2146 2479 2217 placuit
2535 2146 2589 2200 in
2633 2155 2930 2216 conspectu
2992 2145 3160 2211 Darii,
3217 2151 3272 2199 et
3300 2143 3586 2200 constituit

2004 2251 2171 2306 super
2207 2253 2432 2307 regnum
2448 2244 2697 2308 satrapas
2723 2248 2942 2293 centum
3005 2246 3061 2291 et
3092 2236 3303 2307 viginti,
3327 2245 3384 2290 ut
3401 2243 3586 2290 essent

2005 2327 2061 2382 in
2103 2335 2216 2382 toto
2242 2342 2411 2397 regno
2446 2342 2568 2382 suo.

2074 2421 2129 2474 2.
2172 2418 2239 2473 Ει
2278 2434 2444 2488 super
2484 2432 2678 2474 omnes
2724 2434 2843 2482 eos,
2872 2417 3155 2487 praefectos
3186 2426 3296 2472 tres
3328 2430 3344 2468 :
3375 2423 3430 2470 et
3466 2421 3587 2470 erat

2008 2511 2196 2567 Daniel
2225 2526 2371 2566 unus
2397 2525 2464 2565 ex
2495 2509 2575 2565 eis
2601 2528 2616 2564 :
2651 2518 2713 2565 ut
2741 2521 2972 2581 satrapae
3008 2511 3119 2564 illis
3166 2509 3459 2564 redderent
3487 2522 3580 2560 ra-

2007 2601 2231 2664 tionem,
2274 2609 2336 2655 ut
2357 2617 2451 2655 rex
2483 2615 2592 2655 non
2615 2601 2912 2657 sustineret
2943 2600 3246 2656 molestias.

2077 2690 2131 2746 5.
2173 2689 2239 2745 Ει
2271 2699 2390 2746 erat
2418 2691 2608 2745 Daniel
2638 2692 2938 2761 praevalens
2990 2708 3156 2764 super
3201 2695 3486 2765 praefectos
3531 2702 3586 2751 et

2003 2791 2258 2853 satrapas
2284 2797 2488 2848 coram,
2521 2783 2650 2854 quia
2678 2783 2900 2854 spiritus
2938 2787 3172 2856 amplior
3196 2797 3315 2844 erat
3339 2789 3394 2846 in
3425 2807 3512 2847 eo.

2076 2964 2130 3019 4.
2177 2963 2244 3018 Et
2269 2979 2363 3020 rex
2412 2963 2701 3019 constituit
2751 2977 2877 3020 eum
2933 2978 3098 3034 super
3161 2980 3326 3022 omne
3355 2982 3584 3038 regnum

2009 3071 2204 3112 suum:
2241 3065 2295 3111 et
2320 3054 2557 3126 praefecti
2613 3064 2667 3111 et
2705 3066 2942 3126 satrapae
2973 3058 3293 3128 quaerebant
3343 3059 3588 3117 invenire

2008 3148 2352 3204 occasionem
2386 3157 2579 3203 contra
2602 3146 2879 3202 Danielem
2911 3148 2980 3204 de
3035 3163 3240 3220 regno:
3272 3158 3327 3206 et
3369 3165 3586 3207 omnem

2005 3241 2352 3296 occasionem
2431 3249 2487 3297 et
2539 3241 2797 3297 delictum
2856 3257 2969 3297 non
3035 3242 3357 3300 invenerunt
3397 3254 3588 3300 contra

2004 3349 2156 3399 eum,
2187 3350 2253 3390 eo
2287 3334 2434 3405 quod
2464 3335 2639 3390 ﬁdelis
2668 3343 2808 3390 erat.

2077 3427 2130 3483 5.
2175 3427 2240 3482 Et
2289 3427 2545 3482 dixerunt
2599 3426 2842 3498 praefecti
2892 3427 3008 3482 illi:
3068 3427 3186 3484 Non
3249 3428 3590 3484 inveniemus

2007 3528 2198 3576 contra
2226 3518 2503 3574 Danielem
2535 3519 2902 3585 occasionem,
2945 3518 3053 3574 nisi
3103 3518 3159 3573 in
3197 3517 3460 3590 legitimis
3491 3517 3587 3574 Dei

2007 3612 2112 3668 sui.

2081 3704 2132 3758 6.
2177 3701 2333 3760 Tunc
2365 3705 2627 3776 praesides
2672 3712 2725 3760 et
2747 3713 2982 3774 satrapae
3013 3701 3308 3757 astiterunt
3348 3699 3494 3772 regi,
3533 3707 3592 3755 et

2008 3795 2266 3852 dixerunt
2292 3797 2342 3852 ei
2369 3815 2384 3853 ;
2417 3795 2544 3852 Dari
2575 3811 2691 3862 rex,
2720 3796 2776 3850 in
2796 3804 3061 3851 :rternum
3089 3793 3230 3848 vive.

2079 3976 2134 4034 7.
2174 3976 2477 4033 Consilium
2503 3977 2746 4033 inierunt
2771 3991 2985 4041 omnes,
3022 3975 3117 4046 qui
3151 3991 3317 4046 super
3358 3989 3588 4046 regnum

2011 4078 2164 4124 tuum
2192 4069 2358 4125 duces
2415 4077 2469 4123 et
2499 4078 2751 4138 satrapae,
2784 4068 3039 4124 consules
3068 4077 3124 4122 et
3159 4067 3453 4137 toparclm,
3476 4074 3590 4120 sta-

2011 4170 2166 4217 tuere
2199 4161 2481 4216 decretum
2513 4161 2740 4232 regium,
2771 4169 2827 4215 et
2867 4159 3196 4214 conﬁrmare
3238 4158 3592 4214 constitutio-

2009 4268 2133 4308 nem
2155 4293 2171 4317 ,
2208 4262 2269 4308 ut
2303 4253 2636 4324 quicumque
2671 4252 2890 4322 petierit
2923 4251 3236 4321 petitionem
3264 4266 3294 4304 a
3323 4264 3592 4318 quocum-

2009 4361 2116 4414 que
2147 4344 2274 4406 dco,
2309 4352 2404 4399 aut
2435 4344 2506 4399 ab
2545 4343 2862 4399 hominibus
2889 4357 3064 4413 usque
3093 4343 3162 4397 ad
3205 4343 3422 4412 triginta
3446 4340 3587 4407 dies,

2011 4435 2116 4490 nisi
2152 4451 2182 4489 a
2219 4442 2292 4502 te,
2313 4437 2701 4502 rex,mittatur
2733 4437 2788 4491 in
2820 4437 2997 4491 lacum
3028 4436 3270 4490 leonum.
3429 4423 3447 4439 ’

2084 4527 2138 4582 8.
2181 4525 2340 4583 Nunc
2377 4528 2563 4598 igitur,
2619 4544 2740 4595 rex,
2792 4536 2973 4584 statue
3027 4523 3505 4588 constitutionem,
3537 4531 3592 4576 et

2013 4633 2258 4689 propone
2283 4619 2637 4690 scripturam,
2674 4630 2734 4676 ut
2784 4636 2892 4676 non
2943 4621 3263 4676 immutetur
3311 4618 3592 4673 decretum

2011 4709 2290 4766 Medorum
2323 4720 2378 4766 et
2399 4709 2713 4778 Persarum,
2744 4727 2918 4781 neque
2951 4711 3188 4766 violetur
3208 4724 3373 4778 super
3407 4709 3530 4762 hoc.

2082 4801 2136 4857 9.
2171 4802 2327 4858 Tunc
2348 4819 2444 4859 rex
2475 4804 2672 4859 Darius
2693 4804 2861 4875 jussit
2889 4802 3052 4858 scribi
3087 4802 3393 4856 decretum.

2090 4982 2178 5038 10.
2223 4983 2289 5039 Ει
2319 4982 2508 5040 Daniel
2547 4983 2764 5055 quando
2793 4981 3049 5053 cognovit
3087 4978 3444 5035 constitutum
3471 4991 3594 5032 esse

2014 5076 2318 5143 decretum,
2343 5077 2626 5148 ingressus
2651 5087 2736 5132 est
2758 5076 2814 5130 in
2836 5075 3060 5129 domum
3094 5085 3252 5127 suam
3286 5084 3301 5122 :
3339 5077 3395 5123 et
3440 5067 3595 5122 fene-

2017 5173 2149 5228 stris
2181 5171 2384 5242 apertis
2413 5171 2464 5226 ei
2496 5170 2551 5224 in
2578 5166 2880 5224 ccenaculis
2907 5165 3023 5220 suis
3052 5172 3240 5219 contra
3266 5159 3592 5221 Jerusalem,

2016 5273 2070 5321 et
2108 5266 2282 5320 tribus
2313 5261 2652 5333 temporibus
2675 5258 2781 5314 diei
2819 5264 2938 5311 erat
2963 5254 3181 5309 ﬂectens
3210 5267 3270 5306 se
3309 5265 3472 5321 super
3505 5265 3597 5319 ge-

2019 5372 2127 5412 nua
2155 5373 2275 5422 sua,
2335 5363 2390 5409 et
2446 5366 2631 5417 orans,
2664 5360 2718 5406 et
2771 5346 3037 5403 confitens
3089 5358 3276 5398 coram
3328 5340 3440 5397 Deo
3471 5356 3593 5406 suo,

2019 5451 2162 5506 sicut
2190 5456 2316 5505 ante
2345 5445 2526 5501 facere
2563 5445 2942 5498 consueverat.

2093 5622 2182 5676 11.
2223 5621 2375 5674 Tunc
2402 5615 2501 5670 viri
2531 5614 2608 5669 illi
2644 5614 3024 5675 observarunt,
3058 5615 3113 5662 et
3147 5607 3472 5660 invenerunt
3496 5601 3600 5655 Da-

2023 5718 2220 5782 nielem
2251 5713 2625 5770 obsecrantcm
2671 5719 2725 5762 et
2754 5711 2997 5761 orantem
3030 5713 3216 5754 coram
3268 5695 3378 5749 Deo
3404 5709 3528 5751 suo.

2496 5893 2528 5909 Α
