4064 6408
498 338 602 396 ἐἴ
614 342 637 398 1

1566 330 1821 386 DANIEL
1860 329 2085 388 .IUXTA
2126 329 2680 388 THEODO'I‘IONEM

3622 339 3764 397 2872

573 453 662 510 12.
705 451 769 508 Et
797 450 1116 508 accedentes
1150 449 1341 505 dicunt
1377 447 1527 520 regi:
1562 446 1700 513 Rex,
1733 464 1916 504 nonne
1946 463 2077 504 eon-

2257 448 2349 504 12.
2382 449 2496 504 Kal
2533 448 2926 521 προσελθόντες
2961 449 3182 519 λέγουσι
3214 451 3292 522 τῷ
3327 449 3567 521 βασιλεῖ·
3605 454 3766 508 Βασι-

503 545 840 602 stitutionem
870 542 1101 613 posuistl
1140 581 1154 605 ,
1201 549 1263 596 ut
1307 540 1489 596 omnis
1545 539 1712 594 homo
1741 540 2079 610 quicumque

503 637 716 708 petierit
743 650 773 689 a
799 648 1146 704 quocumque
1174 634 1278 690 deo
1343 640 1397 688 et
1426 632 1740 687 hominibus
1763 633 2077 702 petitionem

503 739 676 794 usque
707 724 773 778 ad
809 724 1069 794 tringinta
1096 723 1234 792 dies,
1267 723 1373 778 nisi
1403 738 1434 778 a
1481 731 1554 791 te,
1579 739 1671 780 rex
1699 764 1715 790 ,
1747 724 1991 778 mittatur
2022 724 2078 778 in

504 821 680 874 lacum
711 817 955 872 leonum?

573 911 659 964 15.
704 909 770 962 Et
799 910 934 964 dixit
963 924 1078 975 rex,
1109 907 1284 964 Verus
1328 916 1413 963 est
1441 922 1652 974 sermo,
1705 917 1761 963 et
1798 907 2077 964 decretum

503 1001 782 1056 Medorum
805 1010 859 1055 et
887 998 1176 1054 Persarum
1205 1015 1311 1053 non
1345 1009 1745 1054 contemnetur.

581 1095 666 1148 l6.
707 1091 863 1147 Tunc
911 1091 1331 1160 responderunt,
1363 1099 1418 1145 et
1469 1090 1658 1144 dicunt
1698 1104 1883 1145 coram
1914 1105 2073 1161 rege:

504 1183 716 1250 Daniel,
747 1181 839 1252 qui
869 1180 937 1236 de
968 1181 1094 1234 liliis
1121 1179 1453 1250 captivitatis
1475 1178 1701 1245 Judteze,
1749 1195 1856 1234 non
1887 1181 2076 1235 subdi-

502 1276 583 1330 dit
608 1290 666 1329 se
693 1274 911 1328 decreto
936 1281 1029 1326 tuo
1070 1271 1217 1327 circa
1273 1271 1467 1341 legem,
1525 1286 1692 1340 quam
1723 1271 2080 1325 statuisti:et

505 1365 679 1420 tribus
712 1363 1051 1432 temporibus
1095 1361 1201 1416 diei
1241 1361 1378 1430 petit
1421 1376 1453 1414 a
1507 1359 1618 1415 Deo
1649 1375 1750 1415 suo
1792 1360 2079 1430 petitiones

503 1472 649 1511 suas.
693 1453 849 1509 Tune
879 1468 995 1521 rex,
1029 1461 1090 1507 ut
1120 1451 1331 1506 audivit
1362 1451 1591 1506 verbum
1618 1492 1634 1517 ,
1673 1450 1830 1505 valde
1876 1450 2080 1505 contri-

501 1557 677 1604 status
706 1557 788 1602 est
821 1547 874 1600 in
903 1560 970 1601 eo
999 1565 1012 1600 :
1046 1556 1098 1600 et
1130 1559 1232 1614 pro
1266 1542 1487 1598 Daniele
1511 1541 1827 1598 decertabat
1857 1541 1924 1596 ad
1943 1541 2080 1597 libe-

501 1639 729 1694 randum
762 1652 913 1699 eum,
937 1646 992 1692 et
1021 1651 1194 1706 usque
1218 1634 1287 1689 ad
1325 1649 1582 1691 occasum
1609 1633 1743 1688 solis
1776 1632 2077 1700 laborabat,

500 1741 560 1786 ut
591 1738 806 1786 erueret
833 1743 980 1784 eum.

572 1928 661 1983 15.
703 1925 859 1982 Tunc
893 1925 993 1980 viri
1030 1925 1104 1978 illi
1127 1925 1628 1980 animadverterunt
1657 1938 1823 1993 super
1871 1934 2078 1991 regem,

499 2025 554 2072 ot
580 2017 770 2071 dicunt
799 2016 943 2087 regi:
983 2015 1152 2081 Scito,
1187 2030 1304 2078 rex,
1331 2014 1458 2083 quia
1485 2014 1764 2068 decretum
1793 2011 1962 2066 Medis
2030 2017 2084 2064 et

499 2107 684 2166 Persis
701 2118 805 2172 est,
840 2117 900 2162 ut
927 2123 1145 2163 omnem
1172 2108 1341 2174 legem
1370 2115 1428 2162 et
1453 2114 1744 2172 statutum,
1778 2105 2084 2176 quodcum-

499 2213 609 2267 que
628 2213 717 2253 rex
750 2198 1024 2264 statuerit,
1058 2212 1168 2252 non
1213 2203 1464 2268 oporteat
1495 2195 1795 2250 immutari.

571 2376 660 2433 16.
703 2374 859 2431 Tune
896 2391 990 2431 rex
1022 2376 1200 2430 dixit:
1237 2384 1293 2431 et
1323 2375 1672 2432 adduxerunt
1700 2374 2000 2441 Danielem,
2025 2382 2082 2430 et

501 2467 914 2521 miserunteum
951 2467 1004 2520 in
1035 2465 1215 2520 lacum
1261 2465 1479 2521 leonum
1517 2505 1533 2530 ,
1577 2474 1633 2520 et
1670 2465 1810 2519 dixit
1833 2481 1928 2520 rex
1971 2467 2079 2521 Da-

501 2554 630 2611 nieli
657 2572 672 2610 :
704 2553 871 2622 Deus,
899 2570 1062 2625 quem
1093 2564 1151 2611 tu
1197 2555 1336 2611 colis
1382 2570 1598 2626 semper
1621 2593 1638 2621 ,
1683 2556 1799 2627 ipse
1831 2556 2082 2611 liberabit

501 2657 575 2706 te.
602 2680 618 2691 -
1455 2696 1460 2703 .

571 2738 660 2794 17.
700 2737 768 2794 Ει
803 2739 1108 2794 attulerunt
1138 2738 1374 2810 lapidem
1397 2755 1590 2808 unum,
1618 2749 1672 2794 et
1701 2741 2083 2810 imposuerunt

501 2847 665 2902 super
690 2847 754 2888 os
785 2832 887 2886 laci
921 2850 937 2888 :
971 2840 1026 2888 et
1059 2833 1373 2903 obsignavit
1405 2849 1498 2888 rex
1535 2833 1588 2887 in
1629 2834 1830 2888 annulo
1875 2851 1996 2901 suo,
2028 2843 2083 2889 et

501 2921 704 2976 annulo
725 2923 1048 2992 optimatum
1073 2937 1330 2988 suorum,
1355 2937 1425 2981 ne
1453 2925 1586 2996 quid
1633 2939 1792 2980 secus
1843 2925 1996 2980 ﬁeret
2024 2925 2079 2980 in

501 3012 800 3070 Danielem.

2185 539 2298 604 λεῢ,
2329 541 2426 611 οὐχ
2464 540 2690 611 ὁρισμὸν
2713 540 2928 607 ἔταξας,
2962 543 3110 606 ὅπως
3143 545 3252 606 πᾶς
3275 543 3558 612 ἄνθρωπος
3584 545 3643 610 ὃς
3669 548 3766 602 ἐὰν

2185 632 2389 705 αἰτήσῃ
2421 632 2574 704 παρὰ
2606 635 2807 697 παντὸς
2841 633 2964 688 θεοῦ
3010 635 3105 690 καὶ
3171 635 3478 708 ἀνθρώπων
3528 639 3762 710 αἴτημα,

2185 725 2291 788 ἕως
2320 724 2545 795 ήμερῶν
2591 726 2884 795 τριάκοντα
2908 767 2922 790 ,
2955 728 3072 780 ἀλλ’
3101 728 3133 799 ἢ
3171 731 3327 801 παρά
3373 732 3490 797 σοῦ,
3515 733 3764 803 βασιλεῦ,

2185 814 2586 887 ὲμδληθήσεται
2618 818 2698 879 εἰς
2727 815 2818 870 τὸν
2850 817 3054 870 λάκκον
3081 818 3188 870 τῶν
3211 819 3479 888 λεόντων;

2257 904 2342 958 13.
2377 905 2488 957 Kal
2524 901 2678 958 εἶπεν
2703 908 2731 960 6
2767 903 3042 976 βασιλεὺς,
3078 908 3354 980 Ἀληθινὺς
3399 914 3430 965 6
3463 912 3644 982 λόγος,
3676 917 3768 971 καὶ

2185 995 2246 1049 τὸ
2275 996 2452 1066 δόγμα
2495 997 2692 1066 Μήδων
2737 999 2830 1052 καὶ
2857 999 3084 1069 Περσῶν
3115 1002 3175 1054 οὐ
3203 1004 3622 1074 παρελεύσεται.

2260 1089 2345 1142 14.
2385 1090 2518 1141 Τότε
2546 1089 2943 1160 ἀπεκρίθησαν,
2993 1093 3088 1145 καὶ
3133 1093 3384 1163 λέγουσιν
3413 1096 3643 1152 ἐνώπιον
3675 1101 3768 1154 τοῦ

2192 1181 2454 1252 βασιλέως
2479 1198 2491 1210 ·
2524 1183 2742 1252 Δανιὴλ,
2764 1186 2794 1238 6
2822 1185 2930 1239 ἀπὸ
2961 1186 3071 1240 τῶν
3100 1188 3232 1242 υίῶν
3267 1189 3368 1259 τῆς
3394 1193 3773 1261 αἰχμαλωσίας

2188 1273 2288 1343 τῆς
2313 1272 2594 1338 Ἰουδαίας,
2622 1273 2718 1345 οὑχ
2758 1275 3007 1348 ὑπετάγη
3038 1276 3117 1347 τῷ
3140 1277 3372 1347 δόγματι
3403 1297 3494 1334 σου
3520 1284 3649 1352 περί
3675 1284 3769 1337 τοῦ

2187 1361 2438 1434 ὁρισμοῦ,
2468 1358 2529 1417 οὗ
2557 1363 2838 1429 ἐνέταξας,
2868 1366 2962 1419 καὶ⁵
2989 1369 3215 1438 καιροὺς
3243 1371 3394 1440 τρεῖς
3422 1371 3522 1442 τῆς
3554 1373 3772 1444 ἡμέρας

2188 1458 2420 1510 αἰτεῖται
2456 1455 2608 1526 παρά
2633 1456 2727 1510 τοῦ
2753 1457 2888 1510 Θεοῦ
2913 1459 3078 1512 αὑτοῦ
3107 1460 3389 1530 αἰτήματα
3413 1461 3600 1521 αὑτοῦ,
3634 1465 3769 1519 Τότε

2187 1549 2216 1601 6
2244 1548 2497 1618 βασιλεὺς
2544 1549 2620 1612 ὡς
2653 1549 2715 1602 τὸ
2761 1550 2914 1620 ῥῆμα
2948 1550 3172 1621 ἤκουσε,
3225 1552 3360 1606 πολῦ
3399 1554 3646 1624 ἐλυπήθη
3685 1557 3771 1608 ἐπ’

2188 1634 2358 1705 αὐτῷ,
2386 1635 2480 1688 καὶ
2512 1635 2640 1702 περὶ
2665 1636 2760 1690 τοῦ
2791 1637 2992 1709 Δανιὴλ
3021 1639 3331 1708 ἠγωνίσατο
3363 1641 3457 1696 τοῦ
3490 1642 3771 1708 ἐξελέσθαι

2189 1727 2373 1789 αὑτὸν,
2398 1726 2491 1778 καὶ
2518 1727 2625 1789 ἕως
2653 1726 2790 1797 πρὸς
2809 1727 3041 1798 δυσμαῖς
3065 1729 3218 1800 ήλίου
3262 1727 3330 1802 ἦν
3368 1733 3773 1806 ἀγωνιζόμενος

2118 1810 2161 1869 Β
2190 1815 2467 1880 ἐξελέσθαι
2495 1818 2684 1872 αὐτόν.

2261 1907 2347 1962 15.
2375 1909 2507 1962 Τότε
2529 1911 2576 1962 οἰ
2601 1910 2792 1981 ἄνδρες
2827 1910 3027 1964 ἐκεῖνοι
3070 1913 3525 1985 παρετηρήσαντο
3551 1917 3645 1972 ἐπὶ
3678 1919 3769 1973 τὸν

2189 1999 2434 2070 βασιλέα,
2464 2003 2559 2054 καὶ
2586 2001 2806 2071 λέγουσι
2833 2003 2911 2074 τῷ
2939 2003 3180 2073 βασιλεῖ’
3198 2005 3393 2070 Γνῶθι,
3421 2006 3668 2077 βασιλεῦ,
3689 2012 3768 2065 ὅτι

2186 2095 2247 2148 τὸ
2275 2095 2450 2165 δόγμα
2470 2097 2577 2158 τοῖς
2609 2095 2814 2167 Μήδοις
2871 2096 2968 2150 καὶ
2992 2095 3231 2168 Πέρσαις
3252 2138 3267 2162 ,
3312 2097 3408 2152 τοῦ
3438 2100 3616 2155 πάντα
3655 2103 3770 2175 όρι-

2189 2188 2346 2258 σμὸν,
2381 2187 2476 2241 καὶ
2519 2188 2710 2242 στάσιν
2737 2228 2752 2255 ,
2785 2189 2852 2260 ἤν
2887 2188 2985 2243 ἐὰν
3011 2191 3040 2242 6
3071 2189 3322 2260 βασιλεὺς
3359 2193 3554 2264 στήσῃ,
3592 2196 3656 2247 οὐ
3693 2195 3770 2248 δεί

2189 2279 2553 2352 παραλλάξαι.

2260 2370 2349 2426 16.
2392 2371 2527 2424 Τότε
2563 2373 2592 2424 ό
2623 2370 2875 2442 βασιλεὺς
2903 2364 3058 2426 εἶπεν
3085 2387 3100 2402 °
3134 2371 3230 2427 καὶ
3277 2374 3483 2445 ἤγαγον
3528 2375 3622 2430 τδν
3669 2379 3766 2431 Δαο

2187 2461 2329 2534 νιὴλ,
2370 2461 2465 2514 καὶ
2497 2460 2750 2516 ἐνέϐαλον
2777 2460 2942 2514 αὐτὸν
2993 2464 3076 2524 εἰς
3102 2461 3197 2515 τὸν
3226 2463 3429 2518 λάκκον
3478 2464 3588 2518 τῶν
3620 2465 3766 2520 λεόν⁹

2185 2570 2314 2620 των,
2349 2554 2442 2607 καὶ
2470 2549 2625 2607 εἶπεν
2667 2555 2697 2608 6
2729 2552 2984 2624 βασιλεὺς
3014 2553 3090 2624 τῷ
3129 2555 3352 2626 Δανιήλ·
3388 2555 3446 2609 '0
3473 2555 3607 2621 Θεὸς
3628 2550 3674 2626 ᾧ
3708 2559 3762 2612 σὺ

2187 2643 2468 2716 λατρεύεις
2498 2643 2813 2715 ἐνδελεχῶς,
2841 2644 3004 2708 αὐτὸς
3034 2644 3300 2710 ἐξελεῖταί
3337 2661 3419 2702 σε.

2261 2735 2348 2790 17.
2381 2737 2493 2790 Kal
2519 2737 2757 2808 ἤνεγκαν
2793 2736 2939 2790 λίθον
2988 2737 3107 2802 ἐνα,
3148 2736 3244 2789 καὶ
3271 2736 3562 2808 ἐπέθηκαν
3590 2738 3680 2791 ἐπὶ
3703 2737 3762 2791 τὸ

2190 2826 2364 2898 στόμα
2394 2827 2488 2881 τοῦ
2541 2825 2765 2890 λάκκου,
2817 2827 2908 2880 καὶ
2956 2827 3333 2898 ἐσφραγίσατο
3366 2831 3394 2882 6
3422 2828 3664 2899 βασιλεὺς
3699 2829 3756 2879 ἐν

2186 2920 2266 2992 τῷ
2303 2921 2576 2991 δακτυλίῳ
2607 2919 2796 2985 αὑτοῦ,
2847 2919 2945 2974 καὶ
2974 2920 3031 2973 ἐν
3077 2918 3156 2990 τῷ
3183 2920 3452 2992 δακτυλίῳ
3474 2919 3578 2973 τῶν
3607 2935 3752 2989 μεγιο

2189 3015 2398 3068 στάνων
2420 3011 2609 3079 αὐτοῦ,
2639 3015 2788 3077 ὅπως
2822 3011 2899 3084 μὴ
2933 3011 3204 3084 ἀλλοιωθῇ
3227 3012 3289 3066 τὸ
3333 3015 3565 3083 πρᾶγμα
3598 3013 3654 3066 ἐν
3684 3007 3762 3082 τῷ

2187 3107 2406 3179 Δανιὴλ.

574 3198 664 3254 18.
702 3199 768 3253 Et
800 3198 935 3253 abiit
959 3213 1054 3254 rex
1087 3199 1140 3255 in
1168 3199 1392 3257 domum
1417 3215 1599 3267 suam,
1629 3209 1684 3256 et
1717 3200 1974 3256 dorml’vit
1998 3200 2077 3255 in-

2260 3170 2351 3255 l8:
2388 3199 2498 3254 Kal
2525 3197 2766 3275 ἀπῆλθεν
2790 3199 2819 3252 6
2851 3197 3103 3269 βασιλεὺς
3127 3198 3209 3260 εἰς
3251 3195 3345 3250 τὸν
3377 3191 3526 3250 οἷκον
3574 3192 3764 3261 αὑτοῦ,

503 3301 773 3358 etnnatus,
821 3300 877 3345 et
923 3291 1076 3346 cibos
1132 3307 1241 3346 non
1294 3293 1594 3348 attulerunt
1644 3293 1728 3359 ei,
1766 3301 1822 3347 et
1853 3307 2081 3348 somnus

501 3383 731 3439 recessit
763 3383 832 3437 ab
858 3398 924 3440 eo
951 3402 963 3438 :
991 3373 1056 3438 et
1073 3384 1343 3438 conclusit
1383 3383 1527 3440 Deus
1579 3399 1676 3440 ora
1733 3385 1976 3451 leonum,
2028 3392 2082 3439 et

502 3491 612 3533 non
640 3476 940 3534 alfecerunt
969 3476 1219 3533 molestia
1245 3477 1549 3533 Danielem.

574 3655 661 3711 19.
698 3657 854 3711 Tunc
877 3670 972 3711 rex
1004 3655 1244 3711 surrexit
1268 3671 1429 3712 mane
1455 3655 1723 3723 diluculo,
1754 3666 1808 3712 et
1849 3656 1903 3712 in
1929 3655 2082 3712 festi-

499 3746 724 3800 natione
747 3745 896 3800 venit
919 3747 986 3801 ad
1016 3747 1197 3802 lacum
1224 3747 1472 3802 leonum.

489 3859 492 3863 -
571 3835 661 3890 20.
703 3834 912 3891 Etcum
943 3837 1404 3908 appropinquaret
1434 3840 1550 3908 ipse
1578 3837 1742 3905 lacui,
1791 3837 1996 3895 Danieli
2026 3839 2079 3895 in

499 3943 636 3984 voce
666 3927 792 3984 forti
815 3929 1089 3994 clamavit,
1121 3938 1177 3984 et
1237 3931 1523 3998 respondit
1567 3945 1684 3996 rex,
1720 3941 1774 3986 et
1796 3931 1935 3986 dixit
1967 3931 2076 3986 Da-

503 4020 628 4076 nieli
665 4039 679 4075 :
707 4018 897 4075 Daniel
927 4035 1084 4076 serve
1106 4019 1203 4076 Dei
1232 4020 1489 4086 viventis,
1525 4019 1670 4078 Deus
1704 4031 1852 4089 tuus,
1895 4024 1983 4079 cui
2019 4037 2078 4080 tu

501 4113 674 4168 servis
703 4127 938 4182 semper,
971 4128 1102 4170 num
1129 4113 1308 4184 potuit
1361 4113 1600 4168 liberare
1635 4122 1689 4170 te
1742 4115 1811 4170 de
1852 4131 1948 4172 ore
1975 4117 2080 4172 leo-

499 4205 668 4260 num?

566 4297 656 4352 21.
696 4296 765 4352 Et
795 4297 1055 4367 loquutus
1081 4305 1169 4353 est
1194 4295 1385 4353 Daniel
1414 4297 1547 4370 regi,
1580 4307 1636 4354 et
1685 4298 1762 4354 ait
1791 4314 1804 4352 :
1843 4299 1985 4368 Rex,
2023 4300 2079 4356 in

501 4388 698 4446 Saecula
723 4388 865 4444 vive.

568 4475 660 4530 22.
702 4477 846 4531 Deus
873 4492 1030 4534 meus
1061 4476 1211 4532 misit
1236 4478 1490 4550 angelum
1522 4495 1706 4546 suum,
1729 4490 1784 4536 et
1805 4481 2080 4538 obstruxit

499 4583 598 4624 ora
626 4568 864 4635 leonum,
885 4582 940 4624 et
966 4584 1075 4625 non
1101 4581 1406 4625 nocuerunt
1440 4573 1603 4638 mihi,
1636 4575 1766 4644 quia
1798 4591 1983 4630 coram
2008 4591 2074 4631 eo

499 4661 768 4718 rectitudo
801 4663 1019 4717 inventa
1047 4672 1133 4718 est
1157 4664 1290 4718 milii
1338 4680 1352 4716 :
1393 4667 1489 4721 sed
1535 4676 1590 4722 et
1621 4682 1806 4722 coram
1836 4677 1909 4735 te,
1944 4685 2061 4738 rex,

497 4752 757 4810 delictum
789 4768 898 4808 non
941 4753 1065 4810 feci.

565 4931 658 4986 23.
701 4929 856 4987 Tunc
887 4948 982 4988 rex
1020 4933 1373 4989 vehementer
1416 4933 1640 5005 gavisus
1673 4944 1756 4991 est
1797 4951 1961 5006 super
1986 4953 2072 5006 eo,

495 5029 549 5076 et
576 5019 851 5076 Danielem
874 5022 1041 5092 jussit
1064 5023 1223 5078 educi
1246 5024 1313 5079 de
1338 5023 1492 5090 lacu;
1525 5033 1580 5078 et
1611 5025 1845 5083 eductus
1873 5038 1955 5083 est
1969 5027 2077 5082 Da-

497 5112 607 5167 niel
635 5117 702 5169 de
728 5113 870 5179 lacu,
902 5123 958 5169 et
985 5115 1131 5169 nulla
1177 5115 1329 5170 laesio
1375 5115 1592 5172 inventa
1642 5119 1807 5173 estin
1836 5134 1921 5185 eo,
1947 5119 2072 5190 quia

495 5204 723 5258 credidit
758 5204 870 5260 Deo
893 5221 1015 5262 suo.

475 5345 478 5350 .
564 5295 655 5350 21.
695 5296 766 5351 Et
786 5298 924 5353 dixit
963 5314 1078 5363 rex,
1103 5309 1159 5354 et
1182 5299 1526 5354 adduxerunt
1565 5300 1751 5368 viros,
1779 5301 1872 5374 qui
1908 5317 2074 5359 accu-

494 5398 754 5444 saveraut
783 5388 1078 5458 Da’nielem,
1107 5399 1160 5446 et
1187 5393 1240 5447 in
1271 5393 1450 5448 lacum
1499 5393 1720 5449 leonum
1762 5396 1916 5451 missi
1941 5408 2073 5453 sunt

495 5481 621 5551 ipsi,
662 5491 717 5536 et
744 5481 836 5535 lilii
863 5496 1078 5548 eorum,
1107 5492 1164 5538 et
1195 5501 1393 5541 uxores
1443 5501 1632 5541 eorum
1666 5505 1679 5540 :
1728 5496 1783 5542 et
1815 5504 1921 5543 non
1953 5505 2073 5559 per-

493 5582 761 5629 venerunt
793 5574 860 5628 ad
889 5575 1258 5644 pavimentum
1286 5576 1413 5643 laci,
1450 5578 1623 5636 donec
1641 5580 1906 5636 dominati
1946 5593 2076 5638 sunt

493 5682 688 5724 eorum
745 5670 955 5740 leones,
1012 5679 1069 5727 et
1101 5673 1286 5728 omnia
1337 5687 1465 5732 ossa
1521 5689 1712 5732 eorum
1740 5677 2073 5734 comminue-

493 5768 640 5814 runt.

2186 3293 2281 3346 καὶ
2305 3292 2575 3363 ἐκοιμήθη
2603 3292 2873 3355 ἄδειπνος,
2902 3290 2994 3344 καὶ
3015 3289 3286 3358 ἐδέσματα
3311 3288 3412 3341 οὐκ
3434 3287 3766 3358 εἰσήνεγκαν

2185 3385 2354 3455 αὐτῷ,
2406 3384 2500 3438 καὶ
2523 3385 2552 3436 6
2608 3382 2773 3446 ὕπνος
2799 3381 3011 3452 ἀπέστη
3038 3379 3129 3434 ἀπ’
3156 3377 3319 3434 αὑτοῦ
3338 3395 3353 3410 ο
3387 3378 3484 3432 καὶ
3507 3377 3766 3432 ἀπέκλειε»

2185 3495 2277 3530 σεν
2310 3479 2338 3529 6
2357 3477 2493 3540 Θεὸς
2519 3475 2589 3529 τὰ
2610 3476 2856 3546 στόματα
2879 3473 2987 3527 τῶν
3015 3472 3264 3538 λεόντων,
3313 3472 3412 3526 καὶ
3447 3471 3508 3524 οὐ
3557 3486 3765 3540 παρην-

2183 3567 2432 3639 ώχλησαν
2468 3567 2545 3638 τῷ
2571 3567 2788 3637 Δανιήλ.

2256 3660 2342 3714 19.
2373 3659 2507 3712 Τότε
2529 3659 2558 3711 6
2585 3657 2840 3729 βασιλεὺς
2863 3657 3062 3728 ἀνέστη
3106 3656 3169 3710 τὺ
3211 3657 3356 3728 πρωῒ
3402 3659 3461 3712 ἐν
3495 3660 3575 3731 τῷ
3606 3661 3766 3730 φωτὶ,

2183 3751 2276 3806 καὶ
2304 3752 2361 3804 ἐν
2387 3751 2590 3822 σπουδῇ
2620 3745 2784 3821 ἦλθεν
2808 3749 2901 3802 ἐπὶ
2930 3749 3021 3801 τὸν
3047 3748 3252 3802 λάκκον
3277 3749 3388 3804 τῶν
3426 3750 3679 3806 λεόντων.

2251 3843 2342 3897 20.
2368 3843 2476 3898 Καὶ
2514 3844 2572 3894 ἐν
2616 3840 2695 3911 τῷ
2727 3840 2967 3909 ἐγγίζειν
3004 3840 3169 3894 αὑτὸν
3201 3840 3280 3911 τῷ
3321 3841 3531 3913 λάκκῳ,
3553 3843 3633 3914 τῷ
3665 3844 3759 3896 Aa-

2181 3935 2303 4007 νιὴλ
2337 3937 2394 3988 ἐν
2433 3936 2583 4004 φωνῇ
2617 3933 2812 4004 ἰσχυρᾷ
2835 3932 3064 4003 ἐὸὀησε,
3100 3932 3195 3985 καὶ
3228 3933 3502 4004 ἀπεκρίθη
3542 3935 3571 3986 6
3616 3933 3763 4004 βασι·

2181 4025 2327 4091 λεὺς,
2354 4024 2447 4078 καὶ
2472 4019 2626 4077 εἷπεν
2651 4021 2729 4092 τῷ
2753 4021 2977 4092 Δανιήλ·
3016 4021 3213 4092 Δανιὴλ
3241 4023 3269 4076 6
3293 4021 3479 4085 δοῦλος
3509 4022 3602 4076 τοῦ
3634 4021 3768 4076 Θεοῦ

2181 4117 2276 4173 τοῦ
2309 4115 2530 4180 ζῶντος,
2560 4118 2589 4169 ό
2609 4115 2740 4179 Θεός
2779 4132 2872 4169 σου
2901 4107 2949 4182 ᾧ
2970 4116 3034 4169 σὺ
3057 4114 3342 4184 λατρεύεις
3375 4115 3692 4184 ἐνδελεχῶς,
3721 4115 3768 4168 εἰ

2135 4215 2140 4218 ’
2181 4208 2412 4280 ἐδυνήθη
2447 4207 2728 4273 ἐξελέσθαι
2757 4224 2817 4260 σε
2844 4207 2954 4261 ἀπὸ
2985 4207 3255 4277 στόματος
3284 4206 3394 4259 τῶν
3426 4205 3700 4272 λεόντων;

2251 4301 2342 4356 21.
2392 4302 2503 4356 Kal
2551 4301 2779 4372 ἐλάλησε
2819 4298 3018 4370 Δανιὴλ
3069 4298 3148 4369 τῷ
3183 4299 3416 4368 βασιλεῖ,
3447 4297 3543 4352 καὶ
3572 4292 3766 4350 εἰπενο

2180 4395 2432 4458 Βασιλεῦ,
2470 4396 2550 4458 εἰς
2575 4395 2701 4457 τοὺς
2730 4391 2931 4456 αἰῶνας
2962 4391 3108 4463 ζῆθι.

2250 4487 2342 4542 22.
2383 4487 2443 4540 '0
2476 4485 2610 4550 Θεός
2643 4502 2744 4556 μου
2775 4484 3062 4538 ἀπέστειλε
3091 4483 3182 4536 τὸν
3202 4482 3434 4552 ἄγγελον
3460 4482 3650 4550 αὐτοῦ,
3677 4485 3770 4539 καὶ

2183 4579 2478 4649 ἐνέφραξεν
2498 4577 2569 4631 τά
2594 4579 2840 4648 στόματα
2878 4576 2989 4630 τῶν
3007 4575 3261 4639 λεόντων,
3297 4575 3392 4628 καὶ
3434 4575 3534 4628 οὐκ
3563 4576 3773 4649 ὲλυμῄ-

2182 4669 2343 4724 ναντό
2371 4685 2462 4738 με,
2492 4668 2575 4721 ὅτι
2609 4667 2899 4721 κατέναντι
2943 4663 3110 4718 αὑτοῦ
3151 4662 3383 4734 εὐθύτης
3421 4664 3620 4736 εὑρέθη
3657 4684 3771 4737 μοι,

2183 4763 2278 4816 καὶ
2299 4759 2530 4814 ἐνώπιον
2557 4759 2613 4814 δὲ
2641 4757 2758 4827 σοῦ,
2791 4757 3036 4830 βασιλεῦ,
3081 4756 3439 4827 παράπτωμα
3476 4758 3576 4811 οὐκ
3622 4761 3774 4814 ἐποί-

2182 4871 2312 4927 ησα.

2251 4945 2343 5001 25.
2375 4945 2508 4999 Τότε
2535 4944 2564 4997 6
2596 4943 2848 5015 βασιλεὺς
2873 4942 3008 4996 πολὺ
3041 4940 3326 5013 ὴγαθύνθη
3358 4941 3446 4994 ἐπ’
3481 4941 3654 5014 αὐτῷ,
3681 4945 3773 4998 καὶ

2181 5037 2273 5093 τὸν
2320 5037 2521 5108 Δανιὴλ
2549 5032 2705 5091 εἶπεν
2751 5038 3067 5104 ἀνενεγκεῖν
3122 5037 3188 5088 ἐκ
3243 5035 3338 5087 τοῦ
3377 5034 3581 5089 λάκκου
3603 5051 3616 5066 °
3674 5037 3773 5092 καὶ

2182 5127 2454 5200 ἀνηνέχθη
2476 5128 2675 5198 Δανιὴλ
2699 5129 2763 5181 ἐκ
2801 5127 2896 5181 τοῦ
2925 5127 3130 5182 λάκκου
3154 5168 3170 5194 ,
3207 5128 3302 5182 καὶ
3326 5129 3477 5180 πᾶσα
3501 5128 3774 5200 διαφθορά

2179 5221 2281 5290 οὐχ
2307 5219 2505 5291 εὑρέθη
2532 5221 2591 5273 ἐν
2617 5218 2787 5288 αὐτῷ,
2814 5219 2894 5271 ὅτι
2919 5219 3210 5272 ἐπίστευσε
3243 5217 3322 5289 τῷ
3355 5218 3474 5289 Θεῷ
3502 5219 3696 5273 αὐτοῦ.
3776 5250 3789 5289 ε

2251 5311 2342 5366 τι.
2366 5310 2474 5364 Kal
2503 5306 2656 5364 εἶπεν
2682 5312 2710 5363 6
2747 5309 3021 5380 βασιλεὺς,
3051 5311 3142 5364 καὶ
3179 5310 3386 5380 ἤγαγον
3419 5311 3544 5374 τοὺς
3569 5310 3774 5382 ἄνδρας

2180 5405 2308 5468 τοὺς
2339 5403 2694 5464 διαϐαλόντας
2720 5402 2812 5456 τδν
2832 5403 3055 5474 Δανιὴλ,
3087 5403 3182 5456 καὶ
3209 5404 3290 5466 εἰς
3314 5402 3407 5455 τὸν
3431 5402 3635 5455 λάκκον
3659 5403 3773 5456 τῶν

2180 5497 2413 5551 λεόντων
2470 5493 2837 5566 ἐνεϐλήθησαν
2889 5494 3066 5560 αὐτοὶ,
3099 5494 3194 5547 καὶ
3218 5496 3266 5548 οἱ
3289 5493 3394 5547 υἰοὶ
3430 5493 3630 5556 αὐτῶν,
3673 5496 3772 5548 καὶ

2179 5589 2236 5642 αἰ
2260 5588 2519 5655 γυναῖκες
2548 5586 2727 5640 αὐτῶν
2751 5602 2765 5617 ·
2797 5586 2893 5639 καὶ
2922 5587 3023 5642 οὐκ
3063 5587 3307 5658 ἔφθασαν
3356 5589 3436 5651 εἰς
3474 5587 3537 5640 τὸ
3570 5587 3774 5655 ἔδαφος

2179 5678 2275 5733 τοῦ
2301 5678 2529 5742 λάκκου,
2555 5678 2660 5741 ἕως
2699 5670 2761 5731 οὗ
2787 5678 3115 5750 ἐκυρίευσαν
3135 5679 3316 5734 αὐτῶν
3341 5681 3390 5734 oi
3410 5678 3644 5744 λέοντες,
3672 5679 3772 5734 καὶ

2183 5771 2360 5827 πάντα
2385 5769 2455 5828 τὰ
2482 5770 2617 5827 ὀστᾶ
2649 5769 2829 5826 αὐτῶν
2855 5772 3173 5829 ἐλέπτυναν.
