4064 6428
326 367 472 425 2873

1775 381 2004 442 CAPUT
2037 384 2148 445 Vll.

3448 391 3592 461 2874

395 481 488 537 εδ.
530 479 665 536 Τότε
708 483 934 557 Δαρεῖος
987 484 1017 537 ὁ
1070 484 1324 555 βασιλεὺς
1373 489 1582 563 ἔγραψε
1629 495 1759 550 πᾶσι
1799 502 1912 563 τοῖς

2084 505 2175 563 25.
2213 505 2365 564 Tunc
2393 509 2589 570 Darius
2649 529 2746 570 rex
2797 516 3015 588 scripsit
3061 519 3316 577 omnibus
3355 523 3592 592 populis,

323 574 499 641 λαοῖς,
559 577 775 646 φυλαῖς,
816 578 1114 649 γλώσσαις,
1148 585 1261 649 τοῖς
1288 585 1532 641 οἰκοῦσιν
1581 591 1639 644 ἐν
1670 592 1820 666 πάσῃ
1842 596 1910 666 τῇ

321 671 422 741 γῇ·
454 669 658 741 Είρήνη
682 669 811 741 ὑμῖν
841 671 1202 746 πληθυνθείη.

400 761 492 817 26.
537 763 632 816 Ἐκ
669 763 966 834 προσώπου
993 767 1151 840 ἐτέθη
1173 769 1351 842 δόγμα
1379 766 1439 827 ἐν
1473 775 1619 847 πάσῃ
1648 777 1787 849 ἀρχῇ
1812 778 1914 850 τῆς

323 852 609 926 βασιλείας
639 871 766 925 μου,
797 857 891 910 τοῦ
911 855 1053 912 εῐναι
1073 860 1380 930 τρέμοντας
1425 867 1522 918 καὶ
1543 867 1914 938 φοϐουμένους

322 946 438 1000 ἀπὸ
470 945 757 1018 προσώπου
786 947 882 1001 τοῦ
908 948 1044 1003 Θεοῦ
1083 953 1307 1024 Δανιὴλ,
1340 955 1421 1008 ὅτι
1453 957 1617 1020 αὐτός
1647 959 1914 1025 ἐστιΘεὸς

323 1037 460 1104 ζῶν,
491 1041 585 1092 καὶ
608 1038 784 1108 μένων
810 1041 892 1104 είς
917 1042 1046 1106 τοὺς
1082 1043 1309 1113 αἰῶνας,
1346 1047 1442 1100 καὶ
1478 1049 1510 1119 ή
1537 1047 1783 1118 βασιλεία
1816 1052 1914 1104 αὑ-

321 1130 423 1186 τοῦ
446 1133 507 1186 οὐ
529 1132 984 1205 διαφθαρήσεται,
1035 1135 1130 1190 καὶ
1158 1139 1355 1208 κυρεία
1386 1140 1552 1194 αὐτοῦ
1575 1141 1683 1206 ἕως
1704 1143 1909 1206 τέλους.

399 1225 489 1279 27.
539 1224 1043 1295 Ἀντιλαμὸάνεται.
1098 1228 1191 1282 καὶ
1222 1229 1465 1300 ῥύσεται,
1512 1232 1606 1286 καὶ
1636 1235 1782 1286 ποιεῖ
1814 1251 1912 1305 ση-

333 1318 460 1388 μεῖα
517 1316 611 1370 καὶ
643 1315 844 1388 τέρατα
865 1319 922 1373 ἐν
959 1319 1197 1392 οὐρανῷ,
1234 1322 1329 1376 καὶ
1357 1323 1450 1376 ἐπὶ
1483 1327 1582 1396 τῆς
1608 1326 1733 1395 γῆς,
1765 1327 1914 1392 ὅστις

335 1407 564 1476 ἐξείλετο
590 1409 681 1462 τὸν
719 1409 916 1482 Δανιὴλ
946 1413 1010 1466 ἐκ
1041 1413 1310 1485 στόματος
1341 1415 1451 1470 τῶν
1483 1417 1733 1473 λεόντων.

401 1501 487 1555 28.
521 1501 632 1555 Καὶ
655 1503 852 1574 Δανιὴλ
897 1499 1054 1569 οὗτος
1105 1507 1440 1563 κατεύθυνεν
1479 1512 1536 1564 ἐν
1565 1515 1629 1583 τῇ
1666 1511 1914 1585 βασιλείᾳ

333 1592 574 1664 Δαρείου,
601 1593 696 1647 καὶ
730 1594 788 1646 ἐν
810 1597 876 1666 τῇ
906 1595 1153 1670 βασιλείᾳ
1187 1598 1374 1670 Κύρου
1409 1600 1502 1655 τοῦ
1534 1601 1767 1676 Πέρσου.

855 1733 1154 1788 ΚΕΦΑΛΑΙ
1162 1736 1254 1791 ΟΝ
1301 1736 1375 1792 Z'.

2015 596 2290 665 tribubus,
2333 599 2554 671 linguis.
2606 603 2980 665 habitantibus
3024 609 3080 664 in
3123 611 3382 668 universa
3416 622 3592 670 terra:

2016 688 2124 744 Pax
2150 691 2302 746 vobis
2334 693 2743 762 multiplicetur.

2083 780 2173 835 26.
2215 781 2256 835 A
2289 781 2425 839 facie
2456 787 2692 855 positum
2718 775 2802 843 εει
2829 788 3108 846 decretum
3159 793 3214 848 in
3257 797 3406 851 omni
3447 798 3597 868 prin—

2015 872 2197 940 cipatu
2224 877 2373 946 regni
2403 879 2528 944 mei,
2563 890 2620 934 ut
2649 881 2756 936 sint
2792 889 3088 939 trementes
3153 895 3202 941 et
3236 897 3538 946 metuentes
3562 908 3594 947 ε

2015 959 2154 1016 facie
2182 962 2273 1018 Dei
2311 963 2566 1029 Danielis,
2602 970 2729 1039 quia
2759 971 2874 1042 ipse
2897 983 2980 1029 est
3008 975 3150 1030 Deus
3170 976 3378 1042 vivens,
3400 989 3454 1034 et
3475 997 3597 1036 ma-

2015 1070 2152 1110 nens
2183 1056 2236 1111 in
2263 1060 2460 1114 saecula
2499 1079 2512 1115 :
2544 1070 2599 1116 et
2637 1079 2865 1135 regnum
2891 1067 3012 1138 ejus
3044 1083 3152 1123 non
3187 1069 3520 1140 destruetur,
3544 1085 3596 1129 et

2015 1143 2318 1202 dominatio
2347 1150 2466 1220 ejus
2499 1167 2673 1222 usque
2702 1155 2759 1208 in
2788 1159 2969 1212 linem.

2086 1237 2176 1292 27.
2223 1238 2484 1312 Suscipit,
2511 1251 2565 1298 et
2602 1245 2819 1313 liberat,
2871 1259 2925 1304 et
2956 1249 3087 1306 facit
3131 1251 3284 1322 signa
3336 1262 3389 1307 et
3416 1253 3598 1322 prodi-

2016 1325 2101 1394 gia
2142 1327 2196 1380 in
2220 1330 2378 1396 caelo,
2411 1341 2465 1386 et
2490 1332 2544 1386 in
2578 1343 2753 1389 terra:
2791 1338 2885 1409 qui
2929 1338 3180 1395 liberavit
3225 1340 3502 1398 Danielem
3531 1344 3597 1400 de

2016 1431 2112 1472 ore
2148 1419 2390 1478 leonum.

2085 1507 2176 1563 28.
2201 1509 2268 1564 Et
2297 1509 2485 1568 Daniel
2510 1514 2624 1584 ipse
2648 1531 2906 1590 prospere
2933 1519 3127 1593 agebat
3151 1520 3204 1576 in
3233 1537 3400 1594 regno
3423 1522 3596 1592 Darii,

2013 1606 2069 1655 et
2096 1599 2151 1654 in
2181 1616 2349 1673 regno
2383 1603 2511 1676 Cyri
2543 1606 2742 1664 Persae.

2597 1742 2830 1800 CAPUT
2879 1745 2994 1802 VII.

403 1885 456 1941 1.
504 1886 593 1940 Ἐν
618 1887 696 1958 τῷ
737 1887 939 1961 πρώτῳ
976 1891 1086 1945 ἔτει
1118 1893 1406 1967 Βαλτάσαρ
1454 1895 1718 1967 βασιλέως
1762 1900 1911 1954 Χαλ-

2086 1873 2138 1928 l.
2175 1872 2232 1928 In
2255 1890 2400 1929 anno
2449 1876 2626 1946 primo
2701 1878 2952 1937 Baltasar
3000 1882 3146 1954 regis
3191 1884 3594 1948 Chaldaeorum.

331 1977 514 2046 δαίων,
547 1980 745 2051 Δανιὴλ
771 1981 1023 2037 ἐνύπνιον
1055 1980 1184 2052 εἶδε,
1220 1987 1314 2040 καὶ
1348 1989 1404 2042 αἰ
1439 1991 1660 2060 ὁράσεις
1685 1990 1787 2062 τῆς
1819 2009 1913 2045 κε-

335 2071 506 2142 φαλῆς
532 2072 697 2126 αὑτοῦ
731 2075 823 2127 ἐπὶ
852 2075 954 2146 τῆς
986 2077 1175 2148 κοίτης
1196 2078 1382 2146 αὑτοῦ,
1428 2082 1521 2135 καὶ
1559 2082 1621 2136 τὸ
1658 2083 1910 2138 ἐνύπνιον

319 2161 565 2234 ’ἔγραψεν
584 2178 598 2191 ·
632 2163 774 2236 ἀρχὴ
804 2164 979 2234 λόγων
1009 2168 1197 2236 αὑτοῦ,
1251 2171 1348 2223 καὶ
1387 2173 1706 2243 ἀποκριθεὶς
1730 2169 1907 2229 εἶπεν.

402 2253 458 2307 2.
491 2253 628 2324 Ἐγὼ
664 2257 865 2327 Δανιὴλ
910 2257 1182 2330 ἐθεώρουν
1212 2263 1270 2314 ἐν
1321 2262 1387 2331 τῇ
1437 2263 1627 2334 ὁράσει
1663 2282 1765 2335 μου
1809 2265 1908 2335 τῆς

345 2344 556 2408 νυκτόςο
610 2347 699 2401 καὶ
746 2347 854 2401 ίδοὺ
904 2350 954 2402 οἱ
1007 2350 1274 2422 τέσσαρες
1325 2354 1516 2425 ἄνεμοι
1544 2355 1636 2410 τοῦ
1674 2358 1908 2428 οὐρανοῦ

351 2436 696 2505 προσέϐαλλον
718 2440 799 2505 είς
831 2439 930 2512 τὴν
961 2440 1237 2498 θάλασσαν
1260 2445 1359 2516 τὴν
1388 2448 1652 2520 μεγάλην.

408 2524 460 2578 5.
486 2527 587 2580 Καὶ
614 2527 853 2600 τέσσαρα
893 2531 1057 2602 θηρία
1113 2535 1326 2604 μεγάλα
1369 2538 1654 2594 ἀνέϐαινον
1704 2541 1768 2594 ἐκ
1805 2541 1910 2613 τῆς

339 2615 601 2688 θαλάσσης
624 2617 951 2690 διαφέροντα
984 2621 1258 2695 ἀλλήλων.

397 2709 448 2763 4.
475 2711 545 2763 Τὸ
573 2712 788 2782 πρῶτον
823 2714 956 2768 ὡσεὶ
983 2715 1194 2782 λέαινα,
1232 2718 1325 2772 καὶ
1360 2719 1538 2791 πτερὰ
1581 2721 1748 2776 αὑτοῦ
1776 2722 1910 2778 ὡσεὶ

334 2801 514 2854 ἀετοῦο
555 2802 823 2875 ἐθεώρουν
867 2807 972 2871 ἕως
1026 2803 1087 2863 οὗ
1125 2809 1338 2883 ἐξετίλη
1369 2811 1439 2866 τὰ
1479 2814 1656 2885 πτερὰ
1707 2815 1905 2871 αὑτοῦ·

331 2893 423 2947 καὶ
451 2893 651 2966 ἐξήρθη
688 2896 796 2952 ἀπὸ
828 2898 929 2967 τῆς
961 2897 1088 2969 γῆς,
1123 2901 1219 2954 καὶ
1262 2903 1357 2956 ἐπὶ
1403 2905 1582 2960 ποδῶν
1616 2906 1908 2979 ἀνθρώπου

329 2987 551 3059 ἐστάθη,
580 2989 674 3042 καὶ
702 2990 901 3059 καρδία
933 2992 1221 3066 ἀνθρώπου
1247 2995 1402 3069 ἐδόθη
1433 2999 1594 3070 αὐτῇ.

399 3076 452 3132 5.
482 3078 590 3130 Kal
623 3078 731 3132 ἰδοὺ
779 3078 967 3152 θηρίον
1001 3082 1191 3155 ἕτερον
1231 3085 1418 3156 ὅμοιον
1461 3087 1647 3161 ἄρκῳ,
1688 3091 1784 3145 καὶ
1828 3093 1910 3156 είς

329 3167 494 3239 μέρος
513 3168 570 3221 ἓν
600 3169 824 3242 ἐστάθη,
856 3173 954 3227 καὶ
983 3175 1110 3246 τρία
1136 3175 1346 3248 πλεῦρα
1371 3181 1429 3233 ἐν
1450 3180 1527 3252 τῷ
1553 3182 1782 3252 στόματι
1809 3185 1908 3237 αὐ·-

325 3258 445 3329 τῆς,
473 3259 744 3328 ἀνάμεσον
767 3263 875 3316 τῶν
912 3263 1141 3319 ὀδόντων
1167 3267 1345 3338 αὐτῆς
1365 3287 1378 3301 ·
1410 3271 1504 3324 καὶ
1525 3271 1698 3337 οὕτως
1724 3273 1910 3344 ἔλεγον

327 3350 488 3422 αὐτῇ,
522 3352 830 3424 Ἀνάστηθι,
863 3355 1004 3426 φάγε
1036 3359 1248 3428 σάρκας
1277 3360 1502 3426 πολλάς.

402 3441 454 3496 6.
497 3443 701 3498 Ὀπίσω
724 3445 916 3500 τούτου
940 3447 1211 3522 ἐθεώρουν
1237 3453 1296 3506 ἐν
1314 3453 1552 3524 ὁράματι
1575 3453 1672 3527 τῆς
1696 3456 1910 3520 νυκτόςο
1997 3457 1999 3460 ⁴

326 3533 427 3587 καὶ
479 3535 586 3590 ίδοὺ
636 3535 824 3609 ἕτερον
876 3539 1066 3612 θηρίον
1115 3543 1248 3597 ὡσεὶ
1287 3545 1586 3614 πάρδαλις·
1629 3547 1725 3601 καὶ
1771 3547 1912 3619 αὐτῇ

327 3626 507 3698 πτερὰ
535 3627 774 3701 τέσσαρα
796 3634 1044 3687 πετεινοῦ
1071 3634 1332 3708 ὑπεράνω
1373 3638 1565 3708 αὐτῆς,
1595 3639 1688 3693 καὶ
1715 3639 1916 3694 τέσσα-

331 3735 428 3788 ρες
459 3720 692 3788 κεφαλαὶ
716 3721 794 3794 τῷ
821 3722 1018 3796 θηρίῳ,
1043 3727 1139 3780 καὶ
1170 3725 1392 3792 ἐξουσία
1425 3730 1581 3802 ἐδόθη
1613 3716 1785 3803 αὐτῷ.

402 3812 457 3866 7.
510 3813 715 3868 Ὀπίσω
765 3815 959 3870 τούτου
993 3818 1266 3892 ἐθεώρουν
1297 3821 1357 3875 ἐν
1407 3823 1647 3894 ὁράματι
1693 3821 1795 3894 τῆς
1823 3841 1914 3877 νυ·

327 3904 489 3967 κτὸς’
527 3907 620 3958 καὶ
643 3905 750 3960 ίδοὺ
785 3906 975 3981 θηρίον
1005 3910 1273 3982 τέταρτον
1308 3913 1559 3983 φοϐερὸν,
1581 3914 1675 3968 καὶ
1703 3914 1913 3986 ἐκθαμ-

328 3992 444 4058 δον,
470 3994 567 4048 καὶ
599 3996 820 4068 ἰσχυρὸν
843 3999 1142 4069 περισσῶς,
1175 4000 1271 4054 καὶ
1309 4002 1360 4054 οἱ
1384 4002 1596 4066 ὀδόντες
1635 4002 1802 4057 αὐτοῦ
1835 4021 1912 4058 σι-

327 4085 507 4157 δηροῖ,
556 4088 650 4140 καὶ
701 4089 948 4159 μεγάλοι,
993 4091 1194 4158 ἐσθίον,
1250 4093 1347 4146 καὶ
1385 4092 1668 4161 λεπτύνον,
1702 4095 1797 4149 καὶ
1843 4095 1916 4150 τὰ

329 4177 588 4231 ἐπίλοιπα
609 4183 724 4244 τοίς
749 4181 909 4234 ποσὶν
943 4181 1110 4236 αὐτοῦ
1146 4185 1438 4238 συνεπάτει
1460 4227 1475 4250 ,
1517 4187 1614 4240 καὶ
1657 4187 1788 4242 αὐτὸ
1842 4187 1916 4242 δι-

335 4267 502 4340 έφερε
532 4271 808 4343 περισσῶς
836 4275 985 4346 παρὰ
1020 4274 1198 4330 πάντα
1235 4277 1302 4332 τὰ
1336 4278 1498 4351 θηρία
1515 4279 1584 4334 τὰ
1604 4278 1914 4353 ἔμπροσθεν
1962 4334 1963 4337 η

329 4359 519 4426 αὐτοῦ,
560 4363 653 4415 καὶ⁸
681 4363 888 4435 κέρατα
917 4365 1067 4439 αὐτῷ
1095 4367 1248 4424 δέκα.

404 4450 456 4505 8.
485 4452 820 4523 Προσενόουν
849 4460 963 4522 τοῖς
985 4459 1214 4531 κέρασιν
1247 4459 1438 4529 αὑτοῦ,
1466 4463 1562 4517 καὶ
1606 4463 1714 4518 ίδοὺ
1743 4463 1914 4538 κέρας

328 4544 518 4616 ἕτερον
555 4547 752 4619 μικρὸν
804 4548 1089 4606 ἀνέϐαινεν
1114 4555 1174 4608 ἐν
1215 4554 1366 4626 μέσῳ
1406 4554 1608 4621 αὐτῶν,
1648 4557 1741 4610 καὶ
1786 4556 1913 4629 τρία

329 4637 541 4707 κέρατα
579 4639 689 4694 τῶν
736 4640 1046 4714 ἔμπροσθεν
1073 4645 1239 4700 αὑτοῦ
1263 4646 1562 4719 ἐξεριζώθη
1589 4647 1701 4702 ἀπὸ
1739 4663 1914 4721 προσ-

326 4727 484 4781 ώπου
513 4730 677 4785 αὑτοῦ
699 4748 714 4763 ·
747 4733 842 4786 καὶ
870 4735 980 4791 ἰδοὺ
1024 4735 1316 4808 ὀφθαλμοὶ,
1358 4739 1492 4792 ὡσεὶ⁸
1519 4738 1792 4812 ὀφθαλμοὶ
1822 4741 1916 4796 ἀν-

330 4819 553 4892 θρώπου
585 4823 643 4877 ἐν
665 4823 743 4896 τῷ
771 4825 968 4899 κέρατι
1006 4827 1214 4901 τούτῳ,
1247 4829 1344 4885 καὶ
1386 4831 1561 4902 στόμα
1584 4831 1782 4890 λαλοῦν
1815 4853 1915 4907 με·

329 4913 494 4983 γάλα.

292 5032 328 5058 ν
402 5006 455 5062 9.
485 5008 782 5083 Ἐθεώρουν
802 5011 910 5078 ἐως
935 5014 1024 5068 ὅτε
1049 5013 1228 5087 θρόνοι
1253 5015 1539 5088 ἐτέθησαν,
1560 5017 1654 5072 καὶ
1675 5019 1919 5087 Παλαιὸς

331 5098 556 5168 ἡμερῶν
602 5101 857 5172 ἐκάθητο,
919 5104 1017 5159 καὶ
1065 5104 1130 5158 τὸ
1159 5103 1360 5176 ἔνδυμα
1397 5105 1584 5172 αὑτοῦ,
1617 5106 1751 5161 ὡσεὶ
1783 5107 1918 5179 χιὼν

313 5187 543 5262 λευκὸν,
580 5193 673 5246 καὶ
703 5195 735 5265 ἡ
772 5193 896 5266 θρὶξ
940 5197 1042 5268 τῆς
1073 5197 1320 5268 κεφαλῆς
1351 5197 1540 5264 αὐτοῦ,
1588 5197 1721 5252 ὡσεὶ
1771 5199 1918 5272 ἔριον

334 5278 596 5348 καθαρὸν,
625 5282 653 5334 ὁ
685 5283 874 5356 θρόνος
902 5287 1069 5341 αὑτοῦ
1099 5285 1231 5358 φλὸξ
1251 5289 1444 5363 πυρὸς,
1476 5289 1527 5342 οἱ
1546 5289 1731 5360 τροχοὶ
1750 5290 1917 5345 αὐτοῦ

335 5371 447 5443 πῦρ
471 5373 689 5443 φλέγον.
1048 5406 1052 5410 ·

414 5462 496 5518 10.
531 5465 784 5538 Ποταμὺς
812 5469 984 5540 πυρὸς
1016 5466 1198 5525 εἷλκεν
1241 5471 1677 5544 ἐκπορευόμενος
1711 5473 1934 5546 ἐμπρο-’

339 5555 467 5610 σθεν
493 5557 686 5612 αὐτοῦ’
728 5559 899 5630 χίλιαι
939 5562 1178 5632 χιλιάδες
1215 5563 1593 5636 ἐλειτούργουν
1619 5564 1790 5636 αὐτῷ,
1824 5565 1921 5620 καὶ

343 5644 534 5717 μύριαι
569 5651 828 5720 μυριάδες
855 5655 1323 5724 παρειστήκεισαν
1362 5654 1675 5727 ἔμπροσθεν
1715 5655 1917 5710 αὐτοῦ·

343 5738 627 5808 κριτήριον
656 5739 898 5805 ἐκάθισε,
927 5742 1022 5794 καὶ
1056 5742 1228 5813 βίϐλοι
1247 5742 1693 5814 ἀνεγνώσθησαν.

415 5827 502 5883 Η.
550 5822 850 5900 Ἐθεώρουν
875 5831 997 5885 τότε
1022 5831 1131 5889 ἀπὸ
1153 5832 1340 5902 φωνῆς
1371 5831 1482 5890 τῶν
1527 5831 1729 5903 λόγων,
1755 5827 1831 5890 ὧν
1858 5833 1922 5887 τὸ

2013 1962 2204 2020 Daniel
2245 1969 2523 2024 somnium
2571 1970 2732 2038 vidit,
2775 1985 2829 2027 et
2864 1974 3104 2031 visiones
3150 1977 3344 2048 capitis
3389 1979 3508 2048 ejus
3542 1980 3598 2034 in

2012 2059 2266 2114 cubiculo
2289 2061 2434 2132 ejus,
2482 2073 2539 2119 et
2584 2065 2862 2119 somnium
2926 2067 3148 2138 scripsit
3195 2086 3208 2122 :
3267 2070 3596 2141 principium

2011 2163 2329 2206 sermonum
2355 2155 2497 2224 ejus,
2519 2162 2573 2209 et
2607 2157 2946 2226 respondens
2976 2159 3134 2213 dixit.

2081 2241 2135 2294 2.
2178 2240 2292 2312 Ego
2324 2242 2512 2299 Daniel
2541 2245 2788 2301 videbam
2835 2248 2890 2302 in
2916 2249 3128 2304 visione
3157 2265 3280 2306 mea
3310 2253 3508 2320 noctis,
3540 2262 3596 2308 et

2010 2347 2137 2388 ecce
2165 2344 2402 2404 quatuor
2449 2337 2596 2392 venti
2651 2339 2772 2394 caeli
2835 2339 3116 2396 irruebant
3177 2341 3232 2398 in
3291 2357 3439 2398 mare
3477 2359 3595 2400 ma-

2011 2443 2202 2497 gnum.

2082 2521 2135 2574 5.
2179 2520 2245 2575 Et
2307 2531 2544 2591 quatuor
2594 2525 2781 2580 bestiae
2841 2525 3074 2597 grandes
3128 2527 3494 2584 ascendebant
3527 2532 3596 2586 dc

2013 2614 2152 2667 mari
2191 2614 2421 2670 diversa:
2449 2616 2590 2671 inter
2619 2634 2699 2674 se.

2081 2705 2136 2759 4.
2178 2705 2358 2761 Prima
2391 2709 2552 2778 quasi
2585 2711 2774 2777 leaena,
2808 2719 2864 2767 et
2894 2714 2994 2768 alae
3017 2714 3136 2786 ejus
3170 2717 3314 2772 sicut
3358 2715 3590 2786 aquilae:

2011 2799 2366 2867 aspiciebam,
2389 2801 2567 2858 donec
2585 2804 2786 2858 evulsa:
2809 2815 2940 2860 sunt
2970 2807 3068 2862 alae
3090 2808 3231 2879 ejus,
3299 2819 3354 2864 et
3381 2809 3594 2863 sublata

2012 2901 2098 2945 est
2128 2893 2195 2946 de
2228 2903 2396 2960 terra,
2434 2905 2488 2949 et
2517 2910 2680 2966 super
2708 2897 2874 2966 pedes
2898 2897 3143 2955 hominis
3199 2900 3366 2964 stetit,
3406 2907 3461 2954 et
3499 2913 3596 2954 cor

2012 2983 2254 3040 hominis
2283 2987 2472 3041 datum
2499 2997 2582 3044 est
2615 2989 2686 3043 ei.
3232 3033 3237 3040 .

2084 3077 2136 3132 5.
2173 3078 2242 3132 Et
2271 3091 2399 3134 ecce
2452 3080 2630 3136 bestia
2685 3081 2792 3136 alia
2848 3082 3042 3138 similis
3087 3097 3242 3149 urso,
3279 3091 3332 3138 et
3362 3083 3417 3138 in
3439 3090 3594 3154 parte

2014 3187 2122 3225 una
2151 3173 2320 3238 stetit,
2352 3181 2407 3228 et
2463 3175 2565 3229 tria
2602 3176 2774 3230 latera
2823 3176 2876 3231 in
2912 3192 3008 3231 ore
3057 3176 3178 3247 ejus
3232 3178 3373 3231 inter
3402 3177 3593 3232 dentes

2013 3263 2154 3332 ejus,
2187 3275 2240 3319 et
2269 3267 2350 3320 sic
2371 3267 2625 3323 dicebant
2645 3268 2695 3324 ei
2720 3285 2734 3320 ε
2763 3267 2960 3340 Surge,
2989 3269 3217 3326 comede
3238 3283 3432 3325 carnes
3454 3267 3597 3322 mul-

2012 3363 2117 3410 tas.
2922 3359 2940 3372 '
3472 3407 3474 3410 -

2082 3447 2134 3501 6.
2176 3447 2308 3503 Post
2333 3448 2475 3504 hanc
2500 3450 2830 3520 aspiciebam
2856 3451 2908 3506 in
2942 3451 3154 3508 visione
3185 3452 3383 3518 noctis,
3405 3460 3598 3507 etecce

2013 3538 2118 3594 alia
2150 3541 2322 3595 bestia
2357 3542 2516 3611 quasi
2548 3544 2775 3612 pardus,
2801 3551 2857 3598 et
2885 3543 3013 3599 huic
3043 3545 3143 3599 alae
3181 3553 3418 3614 quatuor
3440 3543 3596 3598 volu-

2012 3631 2124 3686 cris
2158 3647 2324 3700 super
2356 3635 2553 3702 ipsam,
2583 3642 2638 3689 et
2675 3642 2912 3704 quatuor
2949 3636 3126 3706 capita
3157 3635 3365 3702 bestiae,
3406 3643 3461 3690 et
3498 3651 3598 3705 po-

2013 3729 2182 3776 testas
2207 3721 2335 3778 data
2369 3733 2451 3779 est
2473 3724 2543 3780 ei.

2082 3809 2136 3863 7.
2178 3809 2310 3867 Post
2352 3815 2492 3869 hanc
2543 3812 2880 3886 aspiciebam
2932 3816 2986 3870 in
3046 3815 3257 3874 visione
3297 3819 3498 3881 noctis.
3547 3824 3603 3873 et

2013 3917 2140 3958 ecce
2161 3904 2332 3959 bestia
2364 3914 2554 3977 quarta
2584 3909 2863 3971 terribilis,
2903 3918 3069 3980 atque
3092 3911 3380 3976 mirabilis,
3403 3921 3458 3966 et
3488 3910 3600 3966 lor-

2013 3995 2085 4049 tis
2120 3995 2303 4062 nimis,
2327 4006 2381 4052 et
2411 3997 2602 4053 dentes
2633 3999 2756 4069 ejus
2807 3996 2996 4065 ferrei,
3054 4010 3111 4056 et
3161 4002 3364 4074 magni,
3419 4017 3602 4058 come-

2014 4085 2174 4153 dens,
2203 4096 2369 4160 atque
2395 4092 2778 4146 comminuens
2803 4132 2818 4157 ,
2861 4099 2916 4146 et
2962 4091 3173 4163 reliqua
3223 4094 3454 4162 pedibus
3483 4095 3600 4150 suis

2013 4178 2410 4249 conculcabat;
2441 4191 2494 4236 et
2522 4181 2639 4252 ipsa
2671 4179 2961 4236 differebat
2993 4181 3159 4237 nimis
3199 4197 3312 4252 prae
3337 4183 3598 4237 omnibus

2016 4269 2230 4338 bestiis,
2262 4286 2385 4340 quae
2415 4281 2542 4328 ante
2598 4287 2719 4328 eam
2753 4268 3038 4343 (fuerant),
3080 4281 3136 4327 et
3163 4287 3372 4328 cornua
3423 4273 3474 4328 ei
3501 4273 3599 4328 de-

2015 4375 2158 4416 cem.

2087 4451 2142 4508 8.
2177 4448 2604 4511 Considerabam
2655 4465 2860 4512 cernua
2903 4455 3025 4526 ejus
3055 4497 3071 4524 ,
3132 4465 3188 4512 et
3235 4449 3364 4513 ecce
3427 4470 3603 4512 cornu

2018 4541 2166 4599 aliud
2199 4559 2425 4612 parvum
2459 4545 2789 4602 ascendebat
2814 4547 2869 4600 in
2897 4546 3080 4603 medio
3100 4562 3292 4603 eorum
3345 4565 3360 4603 :
3411 4555 3466 4603 et
3500 4546 3603 4602 tria

2019 4649 2224 4691 cornua
2253 4652 2466 4705 eorum,
2497 4653 2620 4710 qua:
2657 4646 2815 4694 erant
2839 4648 2966 4695 ante
3005 4639 3183 4710 ipsum
3210 4679 3226 4706 ,
3261 4639 3448 4695 evulsa
3475 4645 3605 4694 sunt

2015 4740 2046 4781 a
2079 4727 2216 4783 facie
2246 4728 2366 4798 ejus
2395 4747 2409 4784 :
2443 4738 2496 4784 et
2528 4745 2657 4785 ecce
2682 4729 2827 4786 oculi
2873 4731 3035 4802 quasi
3080 4731 3224 4788 oculi
3271 4730 3513 4788 hominis
3548 4730 3603 4786 in

2015 4831 2188 4875 cornu
2215 4821 2341 4887 isto,
2375 4829 2430 4876 et
2459 4833 2523 4878 os
2550 4823 2784 4893 loquens
2809 4837 3029 4895 magna.

2086 4997 2141 5055 9.
2182 4997 2552 5068 Aspiciebam,
2599 4999 2775 5056 donec
2808 4999 2992 5056 throni
3021 4997 3187 5070 positi
3225 5005 3376 5064 sunt,
3408 5006 3463 5053 et
3490 4995 3604 5053 An-

2016 5090 2204 5162 tiquus
2257 5090 2470 5146 dierum
2517 5093 2676 5159 sedit,
2728 5101 2784 5147 et
2827 5093 3215 5148 vestimentum
3268 5091 3389 5162 ejus
3443 5092 3603 5162 quasi

2015 5183 2111 5239 nix
2133 5183 2448 5251 candidum,
2491 5192 2546 5238 et
2567 5180 2800 5254 capillus
2856 5183 3054 5254 capitis
3113 5182 3235 5252 ejus
3279 5183 3436 5253 quasi
3475 5182 3602 5238 lana

2017 5275 2222 5329 munda
2250 5293 2263 5329 :
2292 5276 2523 5330 thronus
2555 5273 2677 5345 ejus
2705 5271 2924 5328 ﬂamma
2953 5271 3114 5344 ignis,
3140 5281 3276 5329 rotae
3315 5274 3436 5346 ejus
3461 5275 3604 5346 ignis

2018 5365 2277 5437 ﬂagrans.

2092 5460 2180 5514 10.
2221 5458 2450 5514 Flumen
2474 5458 2616 5526 ignis
2646 5457 2896 5514 trahebat
2919 5457 3282 5529 egrediensin
3304 5468 3600 5530 conspectu

2019 5555 2140 5626 ejus
2167 5573 2180 5608 :
2223 5555 2390 5608 millia
2423 5553 2654 5609 millium
2689 5554 3075 5609 deserviebant
3097 5555 3146 5610 ei
3173 5595 3190 5620 ,
3221 5561 3277 5611 et
3306 5556 3446 5612 dena
3475 5556 3602 5610 mil-

2020 5649 2091 5703 lia
2114 5648 2312 5703 denum
2346 5644 2574 5699 millium
2600 5645 2894 5701 adstabant
2938 5653 3063 5701 ante
3117 5661 3243 5702 eum
3275 5665 3289 5702 :
3327 5646 3598 5717 judicium

2022 5741 2186 5808 sedit,
2211 5748 2266 5795 et
2285 5737 2410 5793 libri
2437 5737 2562 5793 lecti
2595 5746 2742 5794 sunt.

2094 5831 2182 5886 tl.
2223 5827 2570 5898 Aspiciebam
2616 5837 2747 5885 tunc
2778 5843 2810 5884 a
2860 5842 2993 5885 voce
3044 5842 3357 5886 sermonum
3393 5869 3409 5898 ,
3457 5845 3598 5901 quos
