4064 6474
449 380 595 438 2875

1510 366 1764 424 DANIEL
1802 363 2033 422 JUXTA
2068 359 2616 417 TllEODOTIONEM

3565 357 3722 418 2876

449 509 622 549 cornu
683 488 811 545 illud
871 485 1223 556 loquebatur,
1281 483 1557 554 aSpiciens
1627 499 1800 548 eram,
1850 479 2026 553 quoad

2150 475 2298 547 ιέρας
2327 478 2503 529 ἐκεῖνο
2539 474 2741 537 ἐλάλει,
2773 473 2995 556 θεωρῶν
3023 476 3191 546 ἢμην,
3225 470 3331 534 ἓως
3364 469 3609 541 ἀνῃρέθη
3651 472 3725 525 τὸ

454 600 631 654 usque
661 579 944 636 interfecta
972 587 1056 633 est
1086 576 1282 639 bestia,
1309 587 1362 630 et
1395 575 1573 644 periit,
1603 583 1658 629 et
1677 589 1880 644 corpus
1910 574 2030 644 ejus

451 677 638 731 datum
665 683 749 730 est
780 675 832 727 in
865 671 1307 726 combustionem
1342 669 1504 739 ignis.

529 766 612 820 12.
651 763 717 818 Et
744 771 1062 817 czeterarum
1095 760 1396 814 bestiarum
1433 755 1732 810 translatus
1769 763 1852 810 est
1873 755 2029 825 prin-

452 857 688 928 cipatus,
719 862 775 908 et
809 852 1094 922 longitudo
1133 851 1261 904 vita:
1311 851 1434 903 data
1481 856 1565 902 est
1623 847 1703 903 eis
1749 862 1925 916 usque
1962 845 2030 901 ad

457 963 670 1016 tempus
729 953 784 1001 et
821 943 1306 1015 opportunitatem.

527 1037 613 1091 15.
659 1035 1005 1105 Aspiciebam
1044 1035 1096 1087 in
1155 1033 1368 1087 visione
1415 1028 1610 1095 noctis,
1635 1037 1688 1082 et
1723 1041 1849 1083 ecce
1906 1040 2030 1080 cum

457 1129 696 1182 nubibus
738 1127 857 1182 caeli
903 1126 1059 1195 quasi
1088 1125 1260 1179 Filius
1291 1122 1528 1178 hominis
1556 1121 1781 1176 veniens
1816 1128 1954 1186 erat,
1978 1127 2034 1174 et

459 1235 632 1289 usque
689 1219 755 1272 ad
788 1218 1085 1286 Antiqunm
1125 1216 1335 1270 dierum
1389 1214 1670 1284 pervenit,
1707 1220 1761 1267 et
1817 1211 1871 1266 in
1902 1226 2035 1266 con-

458 1320 646 1379 spectu
679 1311 798 1379 ejus
825 1309 1041 1362 oblatus
1067 1316 1148 1362 est
1187 1305 1258 1361 ei.

530 1401 617 1456 14.
661 1401 728 1455 Et
759 1399 861 1470 ipsi
897 1400 1058 1454 datus
1095 1408 1179 1454 est
1227 1398 1606 1469 principatus,
1659 1406 1712 1452 et
1753 1398 1952 1463 honor,
1982 1405 2037 1452 et

460 1505 785 1566 regnum,et
806 1510 1000 1549 omnes
1053 1494 1262 1563 populi,
1315 1493 1511 1560 tribus,
1557 1493 1754 1564 linguae
1779 1492 1880 1561 ipsi
1919 1505 2037 1546 ser-

457 1587 651 1640 viunt:
687 1594 740 1640 et
767 1593 1009 1655 potestas
1052 1587 1405 1654 sempiterna,
1438 1600 1561 1654 qua:
1601 1599 1709 1640 non
1761 1593 2038 1654 pertrans-

459 1676 581 1741 ibit,
611 1688 664 1730 et
680 1691 908 1746 regnum
933 1675 1053 1743 ejus
1077 1690 1186 1728 non
1209 1675 1543 1729 destruetur.

533 1768 621 1823 15.
664 1767 890 1822 Horruit
923 1767 1150 1836 spiritus
1177 1780 1356 1829 meus,
1389 1781 1492 1836 ego
1537 1765 1722 1821 Daniel
1753 1766 1805 1819 in
1850 1763 2038 1820 habitu

461 1875 606 1924 meo,
644 1869 697 1914 et
724 1860 960 1914 visiones
990 1857 1182 1927 capitis
1213 1859 1317 1912 mei
1343 1857 1742 1912 conturbabant
1764 1872 1868 1912 me.

535 1951 623 2005 16.
672 1953 734 2005 Et
762 1952 970 2006 accessi
997 1951 1063 2005 ad
1099 1965 1268 2004 unum
1301 1949 1709 2016 assistentium,
1757 1959 1813 2004 et
1845 1949 2042 2004 verita-

461 2053 572 2096 tem
609 2040 919 2111 quaerebam
953 2041 1021 2094 ab
1069 2055 1136 2095 eo
1165 2041 1376 2095 discere
1407 2039 1475 2094 de
1523 2040 1781 2094 omnibus
1828 2039 1952 2095 bis:
1987 2048 2042 2094 et

464 2133 603 2187 dixit
641 2131 776 2185 mibi
812 2133 1116 2199 veritatem,
1160 2143 1215 2186 et
1279 2131 1781 2201 interpretationem
1829 2146 2042 2187 sermo-

466 2241 596 2278 num
624 2223 924 2278 declaravit
954 2223 1109 2277 mibi.

540 2313 628 2368 17.
673 2311 764 2367 Han
800 2313 987 2367 bestia:
1029 2327 1242 2383 magna:
1288 2321 1546 2383 quatuor,
1593 2321 1830 2383 quatuor
1878 2327 2044 2384 regna

467 2412 697 2476 surgent
734 2405 792 2458 in
823 2413 989 2470 terra,
1016 2421 1138 2476 quae
1159 2405 1496 2462 auferentur.

541 2578 628 2633 18.
668 2578 735 2632 Ει
769 2578 1066 2648 suscipient
1097 2594 1320 2649 regnum
1345 2581 1518 2637 sancti
1542 2581 1831 2650 Altissimi,
1863 2593 1917 2638 et
1944 2585 2045 2640 0b-

471 2670 722 2726 tinebunt
759 2669 895 2725 illud
936 2685 1111 2739 usque
1143 2673 1213 2725 in
1234 2671 1496 2726 saeculum
1519 2674 1868 2730 saeculorum.

540 2848 628 2904 19.
670 2848 736 2902 Ει
763 2848 1068 2916 quaerebam
1096 2848 1381 2918 diligenter
1400 2851 1468 2906 de
1496 2851 1666 2907 bestia
1680 2861 1896 2921 quarta,
1919 2851 2048 2923 quia

469 2949 590 2996 erat
623 2939 910 2994 dissimilis
937 2939 1006 2994 ab
1029 2941 1178 2995 omni
1215 2942 1410 3006 bestia,
1443 2953 1496 2997 et
1545 2944 1804 2998 terribilis
1849 2945 2046 3001 nimis:

474 3031 664 3084 dentes
685 3029 805 3098 ejus
835 3028 1018 3096 ferrei,
1051 3041 1106 3084 et
1139 3047 1348 3102 ungues
1390 3032 1510 3102 ejus
1533 3035 1696 3088 aerei:
1736 3035 2048 3100 comedens,

473 3129 530 3175 et
562 3119 971 3186 comminuens,
1005 3127 1059 3173 et
1089 3121 1299 3190 reliqua
1331 3122 1559 3191 pedibus
1599 3123 1715 3178 suis
1761 3124 2052 3178 conculca-

474 3211 590 3266 bat.

543 3303 635 3358 20.
673 3302 741 3357 Et
765 3303 830 3357 de
857 3301 1119 3360 cornibus
1141 3303 1260 3373 ejus
1277 3305 1485 3373 decem,
1509 3322 1632 3377 qua:
1653 3307 1704 3359 in
1719 3308 1895 3376 capite
1909 3307 2050 3376 ejus,

471 3403 528 3450 et
551 3394 660 3449 alio
691 3393 836 3464 quod
870 3393 1138 3459 ascendit,
1169 3403 1225 3448 et
1245 3399 1490 3453 excussit
1517 3399 1584 3453 de
1609 3399 1887 3469 prioribus
1917 3399 2049 3453 tria:

473 3498 530 3541 ct
551 3504 721 3544 cornu
750 3491 904 3557 illud,
933 3491 1022 3547 cui
1053 3491 1197 3546 oculi
1221 3499 1351 3546 sunt
1372 3490 1443 3553 ei,
1471 3498 1525 3544 et
1545 3505 1607 3545 os
1635 3489 1865 3560 loquens
1891 3505 2056 3559 gran-

476 3584 587 3650 dia,
616 3595 671 3641 et
699 3596 956 3657 aspectus
991 3602 1183 3643 eorum
1207 3585 1384 3654 major
1407 3585 1638 3640 caeteris.

545 3761 638 3817 2|.
676 3763 1047 3832 Aspiciebam,
1075 3773 1129 3818 et
1176 3778 1346 3818 cornu
1379 3763 1511 3818 illud
1561 3763 1794 3819 faciebat
1851 3763 2056 3820 bellum

477 3866 604 3907 cum
647 3852 877 3918 sanctis,
907 3861 961 3906 et
984 3853 1310 3922 praevalebat
1347 3853 1610 3908 adversus
1644 3869 1755 3909 eos.

547 3940 640 3994 22.
682 3941 871 4006 Quoad
907 3957 1079 4012 usque
1109 3943 1258 3998 venit
1287 3945 1558 4012 Antiquus
1586 3945 1818 4012 dierum,
1841 3947 2059 4018 etjudi-

2131 567 2339 637 θηρίον,
2374 569 2467 620 καὶ
2500 564 2768 630 ἀπώλετο,
2795 550 2892 617 καὶ
2912 563 2974 616 τὸ
3005 562 3167 634 σῶμα
3217 561 3384 615 αὑτοῦ
3431 561 3586 633 ἐδόθη
3633 561 3728 624 εἰς

2131 655 2327 710 καῦσιν
2369 655 2559 728 πυρός.

2204 747 2291 801 12.
2323 747 2433 801 Kal
2461 747 2569 800 τῶν
2622 745 2824 800 λοιπῶν
2880 744 3089 817 θηρίων
3140 742 3448 814 μετεστάθη
3483 744 3517 812 ή
3550 740 3726 815 ἀρχη,

2131 835 2227 888 καὶ
2258 835 2538 907 μακρότης
2584 835 2730 908 ζωῆς
2784 835 2941 905 ἐδόθη
2975 837 3160 896 αὐτοῖς
3199 833 3305 896 ἕως
3356 834 3552 905 χρόνου
3624 833 3726 887 καὶ

2133 927 2351 997 καιροῦ.

2205 1019 2293 1074 15.
2339 1019 2640 1091 Ἐθεώρουν
2681 1019 2738 1071 ὲν
2766 1017 3008 1089 ὁράματι
3041 1016 3143 1087 τῆς
3191 1014 3406 1083 νυκτδς,
3463 1014 3559 1068 καὶ
3610 1015 3731 1068 ἰδοὺ

2137 1108 2278 1181 μετὰ
2319 1108 2430 1162 τῶν
2465 1107 2704 1178 νεφελῶν
2739 1107 2832 1161 τοῦ
2870 1105 3122 1178 οὐρανοῦ,
3152 1105 3228 1170 ὼς
3255 1105 3382 1167 Υἱὸς
3428 1103 3732 1175 ἀνθρώπου

2135 1201 2430 1271 ἐρχόμενος
2488 1195 2593 1270 ἦν,
2629 1201 2726 1254 καὶ
2781 1199 2885 1261 ’έως
2929 1197 3024 1250 τοῦ
3064 1196 3304 1252 Παλαιοῦ
3348 1195 3460 1249 τῶν
3498 1195 3736 1267 ἡμερῶν

2134 1290 2358 1361 ἔφθασε,
2399 1292 2493 1346 καὶ
2525 1292 2754 1346 ἐνώπιον
2780 1291 2947 1345 αὑτοῦ
2979 1289 3322 1361 προσηνέχθη
3371 1287 3541 1357 αὐτῷ.

2208 1383 2294 1437 14.
2321 1383 2431 1436 Kal
2459 1382 2606 1452 αὐτῷ
2633 1382 2788 1453 ἐδόθη
2821 1383 2854 1453 ἡ
2880 1381 3044 1452 ἀρχὴ,
3079 1381 3174 1434 καὶ
3201 1381 3234 1451 ή
3262 1379 3420 1449 τιμὴ,
3444 1381 3590 1451 καὶή
3639 1380 3736 1450 βα-

2139 1473 2337 1538 σιλεία,
2391 1475 2485 1528 καὶ
2531 1475 2734 1537 πάντες
2781 1475 2830 1526 oi
2886 1473 3025 1537 λαοὶ,
3063 1467 3263 1541 φυλαὶ,
3298 1469 3542 1538 γλῶσσαι
3575 1467 3736 1539 αὑτῷ

2136 1565 2507 1620 δουλεύουσιν⁸
2535 1568 2628 1619 καὶ
2655 1569 2687 1636 ή
2709 1564 2926 1630 ἐξουσία
2949 1563 3186 1626 αἰώνιος,
3207 1563 3241 1633 ἦ
3267 1580 3349 1626 τις
3368 1563 3429 1615 οὑ
3455 1560 3738 1633 παρελεύ-

2139 1669 2313 1719 σεται,
2347 1654 2442 1706 καὶ
2472 1655 2505 1724 ή
2541 1653 2789 1723 βασιλεία
2827 1653 2992 1706 αὐτοῦ
3026 1653 3086 1706 οὺ
3122 1652 3579 1722 διαφθαρήσεται.

2214 1743 2298 1798 15.
2333 1743 2560 1815 Ἐφριξε
2585 1744 2645 1797 τὸ
2671 1745 2890 1815 πνεῦμά
2923 1743 3174 1815 μου,ὲγὼ
3205 1742 3406 1814 Δανιὴλ
3435 1744 3493 1796 έν
3520 1746 3587 1813 τῇ
3613 1741 3736 1809 ἕξει

2070 1845 2114 1901 Β
2147 1851 2269 1905 μου,
2303 1836 2397 1888 καὶ
2414 1837 2469 1888 αἱ
2503 1833 2723 1907 ὁράσεις
2755 1836 3133 1907 τῆς-κεφαλῆς
3163 1852 3268 1906 μου
3299 1831 3606 1906 ἐτάρασσον
3639 1852 3732 1906 με.

2219 1927 2306 1982 16.
2343 1929 2454 1980 Kal
2492 1929 2797 2000 προσῆλθον
2852 1930 2933 1982 ἐνὶ
2966 1928 3073 1981 τῶν
3128 1928 3459 1998 ἑστηκότων,
3499 1928 3598 1981 καὶ
3632 1928 3734 2000 τὴν

2147 2017 2433 2089 ἀκρίϐειαν
2462 2018 2687 2090 ἐζήτουν
2727 2020 2854 2090 παρ’
2898 2018 3066 2073 αὑτοῦ
3112 2019 3304 2088 μαθεῖν
3344 2020 3474 2088 περὶ
3507 2021 3736 2073 πάντων

2146 2109 2382 2164 τούτων·
2439 2109 2534 2165 καὶ
2569 2107 2689 2163 εῐπέ
2724 2128 2813 2181 μοι
2863 2111 2962 2181 τήν
2989 2111 3312 2182 ἀκρίϐειαν,
3354 2111 3450 2164 καὶ
3472 2110 3571 2182 τὴν
3602 2111 3736 2181 σύγ-

2149 2217 2330 2272 κρισιν
2355 2199 2464 2254 τῶν
2499 2200 2673 2269 λόγων
2701 2201 2966 2274 ὲγνώρισέ
3002 2219 3114 2273 μοι.

2221 2291 2309 2348 17.
2349 2291 2536 2346 Ταῦτα
2560 2293 2629 2348 τά
2663 2293 2830 2365 θηρία
2854 2295 2924 2349 τὰ
2970 2295 3183 2366 μεγάλα
3220 2297 3288 2350 τά
3317 2296 3581 2367 τέσσαρα,
3611 2295 3734 2350 τέσ-

2151 2401 2317 2456 σαρες
2353 2383 2620 2455 βασιλεῖαι
2648 2385 3044 2458 ἀναστήσονται
3082 2387 3174 2441 ἐπὶ
3197 2388 3296 2459 τῆς
3322 2389 3450 2460 γῆς,
3478 2389 3535 2442 αἶ
3559 2389 3732 2460 ἀρθή-

2151 2493 2356 2532 σονται.

2227 2569 2314 2624 18.
2344 2570 2454 2624 Kal
2480 2571 2896 2643 παραλήψονται
2922 2572 3022 2643 τὴν
3058 2573 3336 2644 βασιλείαν
3388 2574 3535 2644 ἅγιοι
3583 2575 3728 2644 Ὑψί-

2154 2679 2302 2729 στου,
2335 2663 2430 2716 καὶ
2486 2664 2808 2731 καθέξουσιν
2853 2665 3023 2736 αὐτὴν
3074 2666 3179 2731 ἕως
3232 2667 3452 2734 αίῶνος,
3490 2667 3585 2722 καὶ
3629 2669 3733 2732 ἕως

2152 2754 2347 2818 αἰῶνος
2384 2754 2492 2809 τῶν
2519 2753 2752 2813 αἰώνων.

2227 2845 2313 2900 19.
2351 2848 2461 2901 Kal
2492 2849 2716 2918 ἐζήτουν
2741 2849 2985 2920 ἀκριϐῶς
3012 2851 3144 2923 περὶ
3183 2853 3276 2907 τοῦ
3305 2853 3490 2925 θηρίου
3525 2852 3615 2908 τοῦ
3640 2868 3725 2904 τε-

2153 2937 2375 3010 τάρτου,
2415 2941 2496 2993 ὅτι
2530 2935 2598 3011 ἦν
2627 2940 2880 3012 διάφορον
2903 2941 3055 3013 παρά
3083 2945 3192 2998 πᾶν
3217 2944 3425 3016 θηρίον,
3457 2944 3548 2996 καὶ
3569 2941 3730 3011 φοϐε-

2160 3027 2250 3098 ρὸν
2285 3030 2597 3100 περισσῶς·
2628 3031 2677 3082 οἱ
2704 3031 2914 3096 ὀδόντες
2940 3033 3106 3086 αὐτοῦ
3139 3035 3374 3104 σιδηροῖ,
3404 3035 3498 3088 καλ⁸
3542 3036 3592 3087 ol.
3614 3033 3734 3086 δνυ-

2157 3137 2249 3188 χες
2277 3119 2441 3173 αὐτοῦ
2466 3121 2674 3190 χαλκοῖ,
2700 3121 2900 3187 ἐσθίον,
2933 3122 3025 3176 καὶ⁵
3047 3123 3326 3190 λεπτύνον,
3362 3125 3458 3178 καὶ
3484 3124 3554 3178 τά
3573 3122 3746 3178 κατά-

2076 3199 2122 3260 C
2154 3208 2317 3262 λοιπα
2349 3213 2457 3274 τοῖς
2494 3213 2651 3265 ποσὶν
2679 3213 2844 3266 αὑτοῦ
2894 3215 3202 3270 συνεπάτει.

2224 3301 2314 3355 20.
2353 3303 2464 3356 Kal
2496 3305 2624 3376 περὶ
2655 3305 2763 3357 τῶν
2783 3306 3033 3377 κεράτων
3063 3305 3224 3358 αὐτοῦ
3247 3305 3354 3357 τῶν
3381 3304 3514 3357 δέκα
3535 3302 3648 3356 τῶν
3678 3303 3742 3354 ἐν

2153 3393 2220 3463 τῇ
2258 3393 2466 3464 κεφαλῇ
2496 3396 2686 3462 αὑτοῦ,
2723 3396 2930 3450 καὶτοῦ
2955 3397 3137 3468 ἑτέρου
3163 3395 3258 3450 τοῦ
3289 3396 3612 3462 ἀναϐάντος,
3639 3395 3738 3449 καὶ⁸

2155 3485 2538 3551 ὲκτινάξαντος
2561 3487 2668 3539 τῶν
2701 3489 2979 3558 προτέρων
3009 3488 3152 3558 τρία,
3176 3489 3271 3541 καὶ
3302 3488 3365 3540 τὸ
3398 3488 3568 3558 κέρας
3594 3488 3739 3539 ἐκεῖ·

2155 3593 2236 3641 νο,
2261 3570 2304 3644 ᾧ
2335 3577 2604 3647 ὀφθαλμοὶ
2631 3578 2802 3650 αὐτῷ,
2833 3581 2927 3632 καὶ
2949 3580 3123 3650 στόμα
3149 3577 3349 3632 λαλοῦν
3383 3578 3618 3650 μεγάλα,
3646 3575 3739 3631 καὶ

2157 3667 2192 3738 ἡ
2220 3668 2408 3737 ὅρασις
2429 3669 2609 3722 αὐτῶν
2637 3669 2838 3740 μείζων
2865 3671 2972 3724 τῶν
2995 3669 3216 3723 λοιπῶν.

2227 3759 2320 3813 21.
2367 3759 2695 3832 Ἐθεώρουν,
2736 3762 2831 3815 καὶ
2865 3761 2924 3814 τὸ
2967 3762 3134 3833 κέρας
3163 3765 3339 3816 ἐκεῖνο
3383 3761 3560 3815 ἐποίει
3591 3761 3737 3815 πόλε-

2162 3868 2263 3921 μον
2297 3852 2435 3922 μετά
2459 3853 2570 3906 τῶν
2599 3853 2792 3922 ἀγίων,
2821 3855 2916 3907 καὶ
2943 3855 3129 3924 ἴσχυσε
3157 3855 3293 3926 πρὸς
3315 3855 3538 3919 αὐτούς.

2230 3944 2321 3999 2‘2.
2356 3946 2501 4010 Ἕως
2537 3939 2597 3999 οὗ
2636 3942 2802 4016 ἦλθεν
2848 3951 2876 4001 ὁ
2911 3948 3149 4012 Παλαιὸς
3202 3949 3310 4002 τῶν
3356 3947 3618 4019 ἡμερῶν,
3651 3946 3737 4001 καὶ

479 4032 624 4086 cium
665 4033 811 4088 dedit
838 4034 1043 4089 sanctis
1073 4035 1359 4102 Altissimi,
1397 4045 1451 4090 et
1493 4045 1708 4107 tempus
1738 4039 1974 4107 advenit,
2003 4050 2042 4094 el

2157 4036 2218 4089 τὸ
2249 4039 2418 4107 κρῖμα
2432 4038 2629 4092 ἔδωκεν
2655 4039 2833 4108 ἁγίοις
2849 4039 3124 4110 Ὑψίστου,
3143 4040 3237 4093 καὶ
3255 4042 3282 4093 ὀ
3308 4040 3500 4111 καιρὸς
3518 4040 3739 4109 ἔφθασε,

479 4139 707 4196 regnum
739 4125 1095 4182 obtinuerunt
1131 4129 1324 4184 sancti.

549 4217 639 4271 23.
679 4217 744 4272 Et
770 4218 908 4273 dixit
938 4219 1056 4275 sic:
1093 4219 1282 4276 Bestia
1329 4231 1521 4292 quarta
1555 4239 1780 4294 regnum
1805 4233 2058 4296 quartum

2159 4125 2255 4178 καὶ
2287 4127 2386 4197 τὴν
2415 4127 2694 4197 βασιλείαν
2723 4131 2986 4202 κατέσχον
3011 4133 3058 4184 οἱ
3084 4132 3247 4200 ἅγιοι.

2231 4215 2323 4269 25.
2352 4216 2462 4268 Kal
2510 4213 2668 4272 εἶπεν
2722 4218 2931 4282 οὕτως’
2999 4221 3074 4273 Τὸ
3131 4221 3320 4292 θηρίον
3374 4221 3438 4276 τὸ
3486 4223 3744 4295 τέταρτον

479 4309 581 4366 erit
613 4311 667 4365 in
698 4320 862 4379 terra,
901 4315 1047 4383 quod
1073 4315 1335 4370 eminebit
1362 4331 1528 4386 super
1569 4318 1753 4372 omnia
1794 4334 1980 4390 regna,
2006 4335 2042 4375 ei

2163 4307 2412 4378 βασιλεία
2469 4310 2704 4382 τετάρτη
2753 4311 2906 4365 ἔσται
2939 4313 2997 4364 ὲν
3059 4316 3151 4384 τῇ,
3182 4317 3252 4385 γῇ
3303 4315 3428 4386 ἥτις
3489 4316 3746 4388 ὑπερέξει

481 4401 766 4456 devorabit
795 4403 1106 4460 universam
1137 4415 1358 4474 terram,
1390 4418 1444 4463 et
1469 4409 1818 4465 conculcabit
1847 4426 2036 4476 eam,e

2163 4399 2345 4463 πάσας
2381 4401 2476 4464 τάς
2503 4401 2820 4472 βασιλείας,
2858 4403 2954 4456 καὶ
2992 4407 3370 4474 καταφάγεται
3419 4409 3607 4461 πᾶσαν
3651 4411 3748 4477 τὴν

480 4491 736 4546 concidet
763 4508 905 4548 eam.

2163 4493 2290 4562 γῆν,
2325 4493 2420 4546 καὶ
2475 4497 2826 4568 συμπατήσει
2905 4495 3097 4567 αὐτὴν,
3145 4498 3237 4550 καὶ
3299 4499 3605 4569 κατακόψει
3659 4498 3750 4554 αὐ-

2163 4601 2285 4639 την.

555 4666 646 4720 24.
691 4665 756 4721 Et
785 4667 971 4723 decem
1006 4685 1210 4725 cornua
1242 4672 1383 4742 ejus,
1418 4673 1605 4730 decem
1639 4690 1794 4746 reges
1832 4691 2042 4732 consur-

2163 4603 2193 4635 τ
2237 4603 2285 4639 ν.

2200 4603 2326 4734 ηίὶᾶ.
2363 4680 2473 4734 Kal
2528 4681 2595 4736 τὰ
2643 4683 2777 4738 δέκα
2830 4685 3038 4757 κέρατα
3095 4681 3285 4747 αὐτοῦ,
3337 4683 3472 4737 δέκα
3508 4684 3751 4753 βασιλεῖς

483 4771 648 4830 gent:
680 4769 734 4814 et
767 4770 889 4830 post
948 4777 1044 4817 eos
1093 4775 1387 4836 consurget
1413 4767 1575 4834 alius,
1631 4769 1722 4838 qui
1783 4769 2035 4840 superabi

2164 4772 2585 4846 ἀναστήσονται,
2629 4778 2725 4831 καὶ
2763 4778 2938 4830 ὀπίσω
2995 4777 3176 4830 αὐτῶν
3222 4777 3594 4846 ἀναστήσεται
3642 4778 3751 4830 ἕτε-

485 4853 646 4908 malis
669 4869 862 4910 omnes
894 4856 1126 4926 priores,
1157 4866 1211 4913 et
1237 4867 1346 4914 tres
1378 4875 1532 4930 reges
1561 4862 1888 4917 bumiliabit.

2169 4884 2282 4938 ρος,
2307 4867 2365 4932 ὃς
2395 4868 2676 4942 ὑπεροίσει
2711 4872 2904 4933 κακοῖς
2956 4869 3166 4931 πάντας
3223 4869 3350 4932 τοὺς
3408 4867 3749 4939 ἔμπροσθεν,

2165 4961 2261 5013 καὶ
2293 4963 2444 5031 τρεῖς
2471 4961 2710 5032 βασιλεῖς
2739 4960 3087 5015 ταπεινώσει.

551 5029 642 5086 25.
687 5029 751 5084 Et
772 5046 1052 5089 sermones
1113 5044 1304 5090 contra
1358 5035 1642 5093 Excelsum
1701 5040 2038 5110 loquetur,e

2234 5029 2481 5106 25.7Kalv
2500 5053 2692 5123 λόγους
2752 5054 2890 5124 πρὸς
2911 5053 3002 5105 τὸν
3044 5052 3307 5122 ’Υψιστον
3376 5051 3628 5124 λαλήσει,
3661 5050 3752 5106 καὶ

482 5132 701 5177 sanctos
753 5124 1019 5180 Allissimi
1067 5128 1402 5198 antiquabit,
1454 5139 1510 5183 et
1549 5131 1807 5200 cOgitabit
1854 5143 2042 5187 mutari

2164 5145 2292 5209 τοὺς
2327 5147 2517 5214 ἁγίους
2565 5146 2824 5215 Ὑψίστου
2857 5146 3184 5213 παλαιώσει,
3212 5146 3304 5198 καὶ
3327 5147 3624 5216 ὐπονοήσει
3656 5142 3750 5197 τοῦ

483 5224 752 5284 tempora,
788 5226 841 5271 et
863 5218 1057 5288 legem,
1087 5229 1142 5273 et
1172 5219 1389 5274 dabitur
1419 5221 1471 5274 in
1517 5238 1682 5275 manu
1738 5223 1859 5292 ejus
1891 5239 2042 5295 usqu:

2165 5236 2462 5292 ἀλλοιῶσαι
2512 5238 2762 5309 καιροὺς,
2815 5239 2912 5291 καὶ
2967 5238 3152 5310 νόμον,
3193 5237 3290 5291 καὶ
3339 5237 3631 5308 δοθήσεται
3693 5237 3750 5289 ἐν

483 5307 550 5360 ad
585 5316 819 5377 tempus,
851 5320 904 5364 et
934 5321 1203 5382 tempora,
1230 5322 1285 5368 et
1317 5310 1604 5368 dimidium
1634 5317 1914 5387 temporis.

550 5483 642 5540 26.
685 5483 1038 5556 Etjudicium
1069 5488 1229 5554 sedit,
1265 5498 1319 5546 et
1346 5491 1711 5562 principatum
1746 5491 1864 5564 ejus
1880 5503 2060 5550 trans-

481 5575 657 5633 ferent
688 5582 753 5633 ad
813 5582 1291 5640 exterminandum
1326 5595 1379 5642 et
1428 5586 1765 5656 perdendum
1796 5603 1969 5659 usque
2000 5588 2054 5643 in

483 5667 663 5723 tinem.

552 5769 641 5825 27.
685 5771 749 5827 Et
811 5788 1057 5845 regnum,
1093 5785 1145 5834 ct
1176 5787 1432 5849 potestas,
1488 5787 1540 5836 et
1589 5779 1904 5850 magnitudo
1965 5795 2050 5837 re-

2163 5327 2309 5398 χειρὶ
2349 5327 2515 5382 αὑτοῦ
2546 5328 2650 5392 ἕως
2676 5327 2892 5400 καιροῦ,
2919 5329 3012 5382 καὶ
3044 5328 3274 5399 καιρῶν,
3307 5328 3402 5382 καὶ
3427 5330 3603 5399 ἥμισυ
3628 5345 3749 5382 και-

2202 5437 2285 5473 Ου.

2202 5437 2285 5473 ου.

2168 5437 2199 5492 ρ
2234 5511 2327 5566 26.
2369 5510 2478 5565 Kal.
2531 5509 2596 5564 τὸ
2649 5512 2931 5584 κριτήριον
2992 5512 3238 5576 ἐκάθισε,
3290 5511 3386 5564 καὶ
3439 5511 3538 5582 τὴν
3573 5509 3748 5582 ἀρχὴν

2164 5603 2330 5657 αὑτοῦ
2355 5605 2755 5675 μεταστήσουσι
2789 5604 2882 5658 τοῦ
2926 5605 3213 5675 ἀφανίσαι,
3245 5603 3455 5658 καὶτοῦ
3483 5603 3749 5658 ἀπολέσαι

2164 5697 2267 5759 ἓως
2306 5696 2514 5761 τέλους.

2236 5790 2326 5844 27.
2364 5792 2472 5846 Kal
2513 5793 2544 5858 ἡ
2578 5791 2843 5859 βασιλεία,
2879 5795 2971 5847 καὶ
3005 5793 3037 5862 ή
3068 5791 3304 5864 ἐξουσία,
3351 5792 3446 5846 καὶ
3477 5791 3509 5860 ή
3566 5799 3740 5861 μεγα-
