4064 6438
294 463 437 519 2877
1732 461 1886 518 CAPi

2007 463 2141 520 Vill.

3410 466 3549 523 2878

293 575 507 646 λωσύνη
568 575 680 631 τῶν
732 578 1016 649 βασιλέων,
1056 581 1166 634 τῶν
1226 581 1485 636 ὑποκάτω
1518 582 1719 645 παντὸς
1776 581 1870 636 τοῦ

1989 602 2128 657 gum,
2152 587 2248 657 qui
2279 587 2383 643 sub
2414 589 2564 643 omni
2598 589 2737 645 οωιυ
2767 590 2939 661 (sunt)
2984 589 3109 646 data
3158 600 3290 647 sunt
3347 591 3554 648 sanctis

290 667 549 741 ούρανοῦ,
599 668 756 740 ἐδόθη
810 672 990 739 ἁγίοις
1069 672 1360 742 Ὑψίστου⁸
1426 673 1583 744 καὶὴ
1624 672 1872 743 βασιλεία

1989 678 2249 733 Altissimi
2281 697 2294 732 :
2329 688 2383 734 et
2413 694 2638 751 regnum
2664 680 2812 750 ejus,
2858 697 3082 751 regnum
3133 683 3551 751 sempiternum,

291 759 466 812 αὑτοῦ
498 759 744 829 βασιλεία
769 762 1010 828 αἰώνιος,
1050 767 1146 818 καὶ
1185 766 1357 819 πᾶσαι
1411 767 1469 819 αἱ
1513 766 1680 835 ἀρχαὶ
1722 764 1874 836 αὐτῷ

1989 777 2033 823 et
2047 783 2238 824 omnes
2264 770 2606 840 principatus
2628 771 2734 841 ipsi
2750 772 3012 836 servient,
3035 780 3089 827 et
3106 774 3382 829 obedient.
3408 773 3558 830 Huc-

291 848 664 916 δουλεύσουσι,
689 852 785 903 καὶΙ
809 852 1236 907 ὑπακούσονται.
1273 854 1417 918 Ἕως
1446 848 1548 907 ὧδε
1582 855 1757 925 πέρας
1778 856 1874 909 τοῦ

1989 875 2154 931 usque
2183 860 2309 917 ﬁnis
2337 863 2628 918 sermonis.

292 938 478 993 λόγου.

393 958 478 992 ου.

358 958 461 1083 ἒὸ.
510 1028 653 1097 Ἐγὼ
679 1031 877 1101 Δανιὴλ
903 1034 951 1086 οἱ
972 1032 1314 1113 διαλογισμοί
1340 1051 1441 1105 μου
1470 1035 1563 1087 ἐπὶ
1588 1034 1721 1089 πολὺ
1754 1053 1879 1089 συν-

295 1119 601 1190 ετάρασσόν
635 1137 722 1192 με,
772 1123 869 1174 καὶ
912 1125 944 1194 ή
1004 1125 1185 1195 μορφή
1221 1141 1323 1194 μου
1377 1124 1669 1195 ἠλλοιώθη,
1699 1128 1796 1180 καὶ
1818 1126 1880 1179 τὸ

299 1214 450 1283 ῥῆμα
473 1214 531 1265 ὲν
563 1215 631 1283 τῇ
660 1212 859 1285 καρδίᾳ
887 1230 988 1284 μου
1018 1216 1381 1287 συνετήρησα.

828 1351 1229 1409 ΚΕΦΛΛΑΙΟΝ
1273 1353 1354 1407 Η’.

382 1488 427 1544 l.
468 1490 557 1542 'Ev
590 1487 703 1541 ἔτει
738 1486 908 1558 τρίτῳ
931 1486 1032 1557 τῆς
1059 1486 1660 1559 βασιλείαςΒαλτάσαρ,
1693 1491 1881 1559 ὅρασις

301 1578 456 1651 ὤφθη
491 1578 632 1651 πρὸς
668 1579 736 1650 μέ
760 1596 773 1609 ·
819 1576 962 1647 Ἐγὼ
985 1577 1185 1649 Δανιὴλ
1210 1578 1347 1649 μετὰ
1375 1578 1475 1647 τὴν
1503 1578 1762 1648 ὀφθεῖσαν
1792 1596 1882 1648 μοι

302 1671 399 1739 τὴν
431 1671 625 1741 ἀρχήν-

371 1763 426 1816 2.
460 1762 569 1815 Kal
599 1757 739 1814 εἶδον
763 1761 820 1814 δν
854 1763 920 1832 τῇ
951 1752 1165 1833 ὁράσει,
1209 1762 1302 1816 καὶ
1335 1762 1552 1831 ἐγένετο
1581 1762 1729 1833 ἐντῷ
1753 1763 1881 1817 ἰδεῖν

303 1874 394 1927 με,
427 1857 525 1909 καὶ
561 1856 711 1926 ήμην
735 1856 792 1907 ὲν
813 1854 1037 1918 Σούσοις
1064 1857 1131 1926 τῇ
1165 1855 1350 1926 βάρει,
1386 1856 1421 1927 ἥ
1453 1857 1602 1909 ἐστιν
1635 1858 1692 1909 ὲν
1727 1854 1883 1926 χώρα

2051 1034 2140 1089 28.
2185 1033 2300 1106 Ego
2328 1034 2517 1091 Daniel
2568 1035 2928 1106 cogitationes
2976 1051 3113 1092 meae
3154 1036 3391 1091 multum
3427 1052 3560 1092 con-

1984 1126 2275 1183 turbabant
2301 1142 2408 1193 me,
2441 1135 2495 1183 et
2529 1126 2705 1182 forma
2735 1144 2857 1184 mea
2883 1139 3091 1184 mutata
3116 1140 3220 1194 est,
3246 1137 3301 1185 et
3332 1129 3558 1184 verbum

1984 1214 2038 1271 in
2065 1218 2231 1272 corde
2266 1233 2386 1273 meo
2413 1223 2754 1274 conservavi.

2561 1353 2791 1411 CAPUT
2832 1355 2970 1411 Vill.

2056 1487 2106 1538 l.
2151 1484 2210 1539 ln
2248 1501 2392 1539 anno
2416 1487 2579 1540 tertio
2610 1486 2762 1557 regni
2805 1486 3083 1552 Baltasar,
3126 1487 3267 1543 visio
3308 1490 3561 1559 apparuit

1984 1577 2118 1631 mihi
2163 1595 2175 1630 :
2211 1592 2312 1645 ego
2342 1576 2531 1634 Daniel
2568 1589 2689 1648 post
2707 1595 2850 1644 eam,
2882 1595 3005 1649 qua:
3048 1591 3377 1650 apparuerat
3424 1581 3559 1635 mihi

1984 1669 2040 1724 in
2077 1670 2366 1740 principio.
3282 1656 3285 1659 I

2054 1761 2110 1815 2.
2153 1762 2217 1816 Et
2250 1763 2359 1817 vidi
2389 1763 2442 1817 in
2467 1764 2700 1829 visione,
2723 1773 2776 1819 ct
2803 1762 3003 1819 factum
3039 1774 3123 1819 est
3147 1779 3272 1818 cum
3297 1764 3559 1831 viderem,

1984 1860 2039 1907 et
2068 1867 2217 1908 eram
2254 1853 2308 1907 in
2340 1852 2498 1910 Susis
2518 1864 2721 1922 castro,
2739 1856 2884 1925 quod
2911 1864 2997 1910 est
3024 1855 3076 1909 in
3103 1855 3322 1925 regione
3346 1855 3560 1910 {Elamz

301 1949 516 2019 Δίλάμθ
550 1948 644 2003 καὶ
676 1941 817 2001 εἶδον
849 1948 907 2000 ὲν
941 1947 1200 2019 ὁράματι,
1243 1948 1337 2001 καὶ
1366 1948 1515 2018 ἤμην
1535 1948 1631 2000 ἐπὶ
1655 1945 1749 1999 τοῦ
1780 1948 1882 2000 Οὑ-

1989 1954 2037 2001 et
2065 1946 2173 2001 vidi
2235 1948 2290 2001 in
2318 1948 2543 2014 visione,
2577 1960 2630 2003 et
2659 1966 2808 2004 cram
2844 1965 3008 2020 super
3036 1947 3286 2003 Ubalula.

300 2039 563 2094 δαλοῦλα.

370 2134 426 2189 5.
449 2133 560 2187 Kal
587 2126 700 2206 ᾗρα
747 2131 874 2194 τοὺς
945 2129 1260 2202 ὀφθαλμούς
1302 2148 1426 2202 μου,
1459 2132 1555 2185 καὶ
1595 2127 1762 2186 εἶδον·
1788 2131 1881 2185 καὶ

310 2225 417 2279 ἰδοὺ
481 2224 636 2296 κριὸς
691 2217 773 2287 εἷς
796 2221 1049 2293 ἑστηκὼς
1085 2222 1192 2294 πρὸ
1227 2221 1324 2276 τοῦ
1391 2222 1729 2288 υὺϐαλοῦλα,
1786 2224 1883 2276 καὶ

313 2316 461 2388 αὐτῷ
484 2316 702 2388 κέρατα,
732 2318 828 2370 καὶ
855 2316 925 2370 τὰ
953 2315 1162 2387 κέρατα
1188 2314 1370 2387 ὑψηλά
1390 2333 1405 2345 ³
1429 2316 1527 2369 καὶ
1551 2315 1611 2369 τὸ
1648 2314 1706 2369 ἒν
1740 2315 1881 2385 ὑψη-

319 2407 534 2479 λότερον
582 2407 670 2463 τοῦ
728 2408 941 2478 ἐτέρου,
1002 2409 1097 2462 καὶ
1148 2407 1211 2460 τὸ
1241 2407 1447 2479 ὑψηλὸν
1475 2406 1761 2461 ἀνέϐαινεν
1792 2406 1881 2458 ἐπ’

323 2497 543 2567 ἐσχάτῳ.
1288 2484 1293 2492 ’

379 2590 433 2644 4.
463 2589 567 2642 Kal
580 2585 822 2643 εἴδοντὸν
837 2589 989 2661 κριὸν
1015 2586 1378 2660 κερατίζοντα
1408 2589 1551 2641 κατὰ
1582 2586 1880 2650 θάλασσαν,

310 2683 401 2735 καὶ
430 2680 655 2754 βορρᾶν,
686 2683 782 2737 καὶ
807 2682 981 2747 νότον,
1015 2682 1111 2735 καὶ
1140 2682 1320 2736 πάντα
1350 2681 1422 2736 τὰ
1446 2679 1612 2753 θηρία
1656 2681 1718 2734 οὐ
1752 2682 1884 2751 στή-

311 2791 489 2828 σονται
525 2773 754 2829 ἐνώπιον
783 2773 971 2839 αὐτοῦ,
1004 2774 1100 2828 καὶ
1127 2773 1228 2827 ούκ
1247 2769 1315 2845 ἦν
1349 2775 1378 2826 ό
1407 2771 1793 2844 ἐξαιρούμενος
1820 2773 1885 2826 ἐκ

310 2866 489 2936 χειρὸς
515 2865 685 2936 αὐτοῦ
745 2866 839 2919 καὶ
883 2864 1107 2936 ἐποίησε
1164 2866 1307 2918 κατὰ
1355 2862 1417 2917 τὸ
1445 2862 1660 2934 θέλημα
1692 2861 1882 2927 αὐτοῦ,

310 2960 402 3012 καὶ
423 2957 788 3029 ἐμεγαλύνθη.

377 3050 434 3106 5.
468 3051 580 3104 Kal
641 3048 752 3120 ἐγὼ
782 3051 931 3122 ήμην
970 3049 1191 3116 συνιών,
1222 3051 1318 3103 καὶ
1349 3049 1457 3103 ἰδοὺ
1485 3049 1688 3121 τράγος
1713 3047 1885 3117 αἰγῶν

310 3141 508 3213 ἤρχετο
538 3141 649 3196 ἀπὸ
679 3142 842 3207 Λιϐὸς
862 3143 1273 3213 ἐπὶ.πρόσωπον
1298 3141 1396 3212 τῆς
1419 3141 1526 3212 γῆς
1546 3143 1729 3213 πάσης
1751 3155 1765 3170 ’
1788 3140 1886 3194 καὶ

315 3232 414 3285 οὐκ
434 3228 502 3304 ἦν
554 3232 860 3304 ἁπτόμενος
912 3236 1013 3305 τῆς
1051 3221 1177 3304 γῆς·
1223 3233 1415 3304 καὶτῷ
1461 3233 1652 3305 τράγῳ
1693 3233 1887 3305 ἐκείνῳ

312 3325 478 3396 κέρας
502 3325 776 3398 θεωρητὸν
798 3326 1074 3398 ἀνάμεσον
1111 3326 1218 3382 τῶν
1265 3325 1561 3398 ὀφθαλμῶν
1589 3325 1777 3380 αὐτοῦ.

379 3420 432 3475 6.
466 3420 577 3473 Kal
598 3416 761 3492 ἦλθεν
796 3421 825 3473 ὁ
850 3419 1052 3491 τράγος
1085 3419 1191 3484 ἕως
1219 3418 1315 3472 τοῦ
1363 3417 1522 3490 κριοῦ
1545 3418 1642 3472 τοῦ
1694 3418 1765 3474 τὰ
1799 3419 1889 3473 κέ-

314 3530 449 3584 ρατα
482 3513 719 3584 ἔχοντος,
775 3513 833 3566 ὃν
884 3510 1024 3568 εἶδον
1058 3512 1270 3567 ἑστῶτα
1318 3511 1551 3567 ἐνώπιον
1576 3509 1672 3564 τοῦ
1703 3511 1885 3565 0:36a-

312 3605 496 3672 λοῦλα,
526 3606 621 3659 καὶ
647 3605 851 3678 ἔδραμε
878 3605 1017 3677 πρὸς
1043 3605 1228 3671 αὑτὸν,
1263 3607 1321 3659 ὲν
1361 3605 1507 3674 ὁρμῇ
1563 3603 1664 3673 τῆς
1706 3604 1889 3674 ἰσχύος

312 3711 495 3748 αυτου.
1650 3726 1655 3729 ‘

387 3786 435 3840 7.
472 3786 583 3838 Kal
627 3781 766 3839 εἶδον
814 3786 975 3839 αὐτὸν
1002 3786 1285 3856 φθάσαντα
1318 3786 1426 3851 ἕως
1455 3790 1551 3842 τοῦ
1583 3790 1762 3863 κριοῦ,
1795 3791 1889 3844 καὶ

316 3876 623 3948 ἐξηγριώθη
668 3877 804 3948 πρὸς
835 3876 1017 3942 αὑτὸν,
1060 3879 1156 3931 καὶ
1198 3876 1392 3931 ἔπαισε
1425 3878 1518 3931 τὸν
1564 3879 1737 3952 κριὸν,
1795 3882 1890 3933 καὶ

319 3970 631 4042 συνέτριψεν
668 3971 957 4042 ἀμφότερα
993 3972 1063 4026 τὰ
1128 3971 1337 4043 κέρατα
1391 3971 1580 4036 αὑτοῦ,
1645 3974 1741 4026 καὶ
1788 3973 1890 4026 οὐκ

320 4055 380 4133 ἧν
412 4064 565 4133 ἰσχὺς
590 4064 668 4134 τῷ
699 4064 838 4134 κριῷ
884 4064 981 4118 τοῦ
1016 4064 1207 4136 στῆναι
1267 4064 1498 4119 ἐνώπιον
1547 4064 1712 4118 αὑτοῦ
1737 4082 1752 4097 ι
1794 4065 1890 4118 καὶ

320 4154 534 4227 ἔρριψεν
559 4155 721 4209 αὑτὸν
759 4157 852 4210 ἐπὶ
878 4158 975 4228 τὴν
1014 4157 1142 4228 γῆν,
1177 4158 1273 4212 κα)⁵
1300 4157 1677 4230 συνεπάτησεν
1703 4158 1887 4225 αὐτὸν,

317 4247 408 4298 καὶ
431 4247 532 4299 οὐκ
549 4242 614 4318 ἦν
643 4249 671 4300 ὁ
722 4247 1111 4320 ἐξαιρούμενος
1167 4250 1257 4304 τὸν
1289 4249 1443 4323 κριὸν
1487 4253 1551 4305 ὲκ
1579 4250 1679 4323 τῆς
1704 4249 1890 4322 χειρὸς

314 4337 500 4391 αὑτοῦ.

385 4430 438 4483 8.
471 4432 580 4485 Kal
605 4432 634 4485 ό
666 4432 868 4503 τράγος
903 4434 1011 4489 τῶν
1044 4436 1217 4505 αἰγῶν
1266 4436 1611 4509 ὲμεγαλύνθη
1641 4438 1847 4508 σφόδρα
1871 4456 1884 4468 ·

314 4523 404 4575 καὶ
444 4524 503 4576 ὲν
531 4524 609 4597 τῷ
632 4524 848 4594 ἰσχύσαι
872 4527 1056 4593 αὑτὸν,
1085 4529 1380 4601 συνετρίϐη
1423 4529 1484 4583 τὸ
1522 4530 1692 4602 κέρας
1721 4530 1888 4583 αὐτοῦ

2054 2125 2107 2179 5.
2150 2123 2214 2179 Ει
2246 2125 2418 2180 levavi
2447 2126 2640 2180 oculos
2669 2141 2844 2192 meos,
2880 2134 2933 2181 et
2963 2125 3069 2180 vidi
3098 2143 3111 2177 :
3159 2137 3210 2180 et
3261 2141 3389 2181 cccc
3422 2126 3565 2179 aries

1986 2230 2130 2269 unus
2162 2224 2316 2270 stans
2343 2224 2469 2270 ante
2503 2213 2758 2280 Ubalula,
2804 2225 2859 2269 et
2909 2215 2960 2270 ei
3001 2231 3230 2280 cornua,
3267 2223 3321 2269 et
3354 2230 3562 2269 cornua

1984 2306 2236 2374 excelsa;
2296 2316 2350 2362 et
2409 2322 2581 2361 unum
2629 2308 2900 2363 excelsius
2941 2306 3135 2372 altero,
3173 2317 3228 2362 et
3286 2307 3563 2362 excelsum

1985 2399 2315 2455 ascendebat
2348 2399 2401 2454 in
2430 2398 2750 2456 novissimo.

2057 2581 2111 2635 4.
2152 2577 2219 2633 Ει
2245 2577 2356 2632 vidi
2388 2579 2612 2633 arietem
2663 2577 2925 2632 cornibus
2976 2576 3331 2632 ventilantem
3376 2585 3567 2631 contra

1988 2688 2159 2738 mare,
2192 2684 2245 2729 et
2270 2674 2580 2743 aquilonem
2631 2687 2686 2729 et
2740 2684 3012 2739 austrum,
3059 2684 3114 2729 ct
3147 2690 3342 2729 omnes
3379 2674 3568 2728 bestiae

1987 2780 2097 2821 non
2132 2766 2563 2821 stabantcoram
2599 2780 2667 2821 eo
2694 2785 2706 2820 :
2735 2777 2790 2822 et
2820 2781 2927 2821 non
2959 2775 3079 2823 erat
3125 2768 3216 2837 qui
3255 2778 3473 2822 erueret
3501 2767 3568 2820 de

1985 2873 2154 2915 manu
2189 2857 2332 2928 ejus,
2366 2857 2602 2929 fecitque
2623 2859 2921 2914 secundum
2952 2859 3278 2913 voluntatem
3315 2869 3566 2926 suam,et

1988 2951 2371 3021 magnificatus
2400 2960 2506 3006 est.

2056 3039 2111 3094 5.
2155 3039 2222 3095 Et
2257 3056 2358 3112 ego
2395 3056 2545 3096 eram
2575 3041 2885 3114 intelligens
2926 3059 2942 3096 :
2996 3051 3049 3097 et
3081 3059 3210 3099 ecce
3258 3043 3446 3099 hircus
3473 3059 3565 3099 ea-

1986 3148 2214 3204 prarum
2239 3135 2492 3190 veniebat
2524 3135 2594 3191 ab
2620 3135 2807 3190 Africo
2831 3151 2993 3206 super
3026 3135 3219 3192 faciem
3261 3148 3418 3192 terra:
3442 3139 3567 3191 uni-

1988 3239 2180 3292 versae,
2213 3236 2402 3281 etnon
2434 3236 2555 3281 erat
2608 3238 2839 3298 tangens
2891 3237 3094 3283 terram
3135 3247 3149 3283 :
3212 3239 3265 3285 et
3303 3229 3456 3284 hirco
3489 3230 3566 3284 illi

1991 3330 2160 3372 cornu
2191 3319 2545 3387 conspicuum
2576 3319 2718 3375 inter
2746 3320 2939 3375 oculos
2968 3319 3111 3390 ejus.

2061 3410 2115 3467 6.
2151 3410 2220 3467 Et
2252 3415 2397 3468 venit
2432 3414 2618 3469 hircus
2645 3431 2819 3485 usque
2844 3415 2908 3469 ad
2936 3416 3184 3480 arietem,
3212 3416 3306 3485 qui
3337 3415 3570 3471 habebat

1990 3518 2218 3572 cornua,
2253 3521 2417 3575 quem
2452 3505 2694 3562 videram
2751 3515 2986 3562 stantem
3043 3517 3168 3562 ante
3231 3486 3568 3574 Ubalula,et

1989 3598 2234 3654 cucurrit
2262 3599 2331 3655 ad
2356 3615 2482 3655 eum
2511 3600 2564 3653 in
2591 3598 2798 3670 impetu
2830 3600 3166 3656 fortitudinis
3191 3617 3324 3657 suae.

2062 3777 2116 3832 7.
2159 3777 2225 3832 Et
2253 3779 2357 3835 vidi
2390 3796 2514 3835 eum
2550 3782 2854 3838 venientem
2910 3799 3083 3853 usque
3128 3785 3194 3840 ad
3241 3789 3486 3856 arietem,
3518 3802 3570 3846 et

1990 3870 2248 3928 efferatus
2279 3884 2363 3929 est
2429 3876 2483 3929 in
2518 3891 2666 3941 eum.
2690 3887 2743 3932 et
2770 3878 3316 3947 percussit-arietem,
3352 3892 3404 3938 et
3433 3900 3569 3939 cun--

1993 3962 2142 4017 trivit
2173 3964 2283 4019 duo
2310 3980 2516 4020 cornua
2545 3966 2688 4036 ejus,
2715 3976 2769 4022 et
2807 3982 2917 4021 non
2953 3981 3071 4024 erat
3120 3971 3384 4027 fortitudo
3412 3976 3571 4029 arieti

1992 4056 2170 4111 standi
2231 4072 2417 4112 coram
2471 4075 2576 4113 eo:
2638 4070 2693 4114 et
2735 4062 2969 4131 projecit
3003 4078 3129 4117 eum
3163 4066 3217 4118 iu
3272 4075 3571 4129 terram,et

1991 4150 2335 4205 coneulcavit
2368 4167 2516 4217 eum,
2545 4162 2598 4208 ct
2628 4170 2736 4209 non
2766 4164 2887 4210 erat
2929 4157 3024 4225 qui
3058 4156 3317 4213 liberaret
3343 4160 3568 4215 arietem

1991 4240 2057 4296 de
2087 4256 2252 4296 manu
2283 4243 2424 4313 ejus.

2063 4421 2115 4503 8.
2162 4422 2226 4478 Et
2256 4422 2445 4479 hircus
2475 4439 2765 4495 caprarum
2816 4426 3199 4503 magnificatus
3249 4438 3333 4484 est
3368 4424 3561 4487 valde:

1992 4500 2077 4580 et,
2103 4516 2232 4570 dum
2251 4515 2627 4581 invalesceret,
2646 4519 2945 4574 contritum
2972 4500 3063 4575 est
3086 4535 3257 4576 cornu
3283 4522 3431 4578 illius
3458 4540 3567 4579 ma.-

315 4614 374 4667 τὸ
395 4615 556 4685 μέγα,
603 4619 698 4672 καὶ
729 4618 901 4691 ἁνὲὁη
930 4621 1172 4691 τέσσαρα
1218 4623 1426 4692 κέρατα
1455 4623 1619 4694 ἕτερα
1649 4622 1886 4677 ὑποκάτ-

1994 4623 2181 4679 gnum,
2222 4618 2277 4664 et
2304 4610 2672 4666 ascenderunt
2714 4621 2950 4681 quatuor
2985 4628 3195 4670 cornua
3248 4617 3354 4671 alia
3385 4619 3575 4674 subter

314 4706 454 4761 ωθεν
506 4708 670 4763 αὑτοῦ
724 4712 807 4774 εἰς
860 4713 986 4776 τοὺς
1042 4713 1317 4786 τέσσαρας
1358 4716 1596 4785 ἀνέμους
1646 4714 1741 4768 τοῦ
1795 4714 1887 4768 ού-

317 4797 500 4868 parci}.

383 4898 438 4948 9.
468 4895 577 4948 Kal
602 4896 667 4950 ἐκ
695 4895 790 4950 τοῦ
830 4898 950 4961 ἐνὸς
993 4897 1173 4952 αὐτῶν
1205 4898 1396 4970 ἐξῆλθε
1438 4900 1606 4972 κέρας
1632 4900 1691 4953 ἓν
1741 4903 1891 4971 ἰσχυ-

317 4983 428 5052 ρὸν,
458 4986 550 5038 καὶ
578 4978 921 5059 ὲμὲγαλύνθη
954 4990 1231 5061 περισσῶς
1256 4991 1390 5061 πρὸς
1444 4992 1534 5044 τὸν
1580 4992 1750 5056 νότον,
1796 4992 1890 5044 καὶ

316 5075 450 5145 πρὸς
471 5077 753 5151 ἀνατολὴν,
790 5081 885 5134 καὶ
917 5081 1055 5149 πρὸς
1071 5082 1169 5154 τὴν
1205 5081 1453 5153 δύναμιν.

387 5169 475 5223 10.
513 5171 624 5224 Kal
651 5171 998 5246 ὲμγαλύνθη
1021 5174 1127 5237 ἕως
1158 5176 1259 5245 τῆς
1286 5175 1568 5245 δυνάμεως
1601 5177 1694 5229 τοῦ
1729 5179 1888 5250 οὐρα-

316 5261 436 5315 νοῢ’
464 5265 558 5318 καὶ
576 5264 771 5322 ἔπεσεν
804 5269 899 5321 ἐπὶ
929 5269 1030 5339 τὴν
1054 5271 1159 5342 γῆν
1186 5270 1295 5323 ἀπὸ
1320 5271 1418 5340 τῆς
1460 5271 1763 5343 δυνάμεως,
1797 5275 1890 5327 καὶ

316 5355 424 5407 ἀπὸ
443 5356 551 5411 τῶν
585 5358 852 5430 ἀστέρων,
884 5362 981 5415 καὶ
1008 5362 1385 5432 συνεπάτησεν
1418 5362 1638 5426 αὐτούς.

390 5447 476 5502 il.
508 5450 619 5504 Kal
651 5450 758 5514 ἕως
787 5450 1049 5523 ἄρχοντος
1069 5454 1168 5524 τῆς
1190 5453 1474 5525 δυνάμεως
1502 5453 1765 5527 ὴδρύνθη,
1795 5457 1890 5510 καὶ

317 5538 420 5605 ἕως
447 5535 506 5596 οὗ
530 5544 559 5596 ό
587 5545 1029 5619 ἀρχιστράτηγος
1062 5547 1294 5618 ρύσηται
1346 5546 1445 5618 τὴν
1485 5547 1887 5618 αἰχμαλωσίαν,

319 5634 412 5687 καὶ
459 5633 525 5689 δι’
583 5634 747 5688 αὐτὸν
804 5635 964 5690 θυσία
995 5639 1272 5711 ἐταράχθη
1321 5636 1728 5709 παραπτώματι
1756 5655 1768 5669 ο
1798 5640 1893 5692 καὶ

320 5725 569 5798 ἐγενήθη,
605 5729 702 5781 καὶ
733 5730 1092 5803 κατευωδώθη
1133 5731 1283 5802 αύτῷ
1307 5747 1320 5759 ·
1366 5731 1545 5785 καὶτὸ
1567 5732 1722 5799 ἆγιον
1761 5731 1892 5801 ἐρη-

326 5817 650 5888 μωθήσεται.

263 5920 309 5959 1
396 5910 479 5963 1:2.
510 5910 618 5964 Kal
646 5908 801 5981 ἐδόθη
831 5911 921 5964 ἐπὶ
954 5913 1052 5984 τὴν
1077 5913 1268 5968 θυσίαν
1307 5915 1573 5985 ἁμαρτία,
1606 5914 1699 5969 καὶ
1733 5914 1886 5985 ὲρρι-

598 6026 868 6085 ιδῃ-εισι..
909 6026 1027 6085 Gn.
1064 6031 1229 6089 XV].

1993 4701 2126 4757 illud
2158 4716 2256 4772 per
2288 4714 2530 4774 quatuor
2556 4715 2746 4762 ventos
2774 4708 2921 4763 coeli.

2063 4876 2116 4930 9.
2157 4875 2224 4931 Ει
2246 4878 2311 4934 de
2342 4895 2451 4934 uno
2497 4896 2565 4936 ex
2613 4883 2693 4937 eis
2737 4898 3018 4955 egressum
3076 4896 3158 4941 est
3202 4900 3371 4941 cornu
3401 4904 3570 4943 unum

1992 4964 2151 5032 forte,
2183 4977 2238 5023 et
2270 4971 2677 5041 magnificath
2713 4986 2798 5029 est
2827 4975 2989 5030 nimis
3029 4985 3223 5030 centra
3284 4986 3533 5033 austrum
3554 5019 3570 5043 ,

1992 5069 2042 5116 et
2070 5071 2258 5117 contra
2290 5064 2555 5121 orientem
2582 5107 2598 5132 ,
2623 5075 2674 5122 et
2706 5077 2897 5124 contra
2924 5066 3322 5124 fortitudinem.

2065 5178 2154 5233 10.
2196 5177 2263 5233 Ει
2287 5182 2697 5251 magnificatum
2726 5193 2810 5238 est
2832 5199 3005 5255 usque
3034 5184 3102 5240 ad
3128 5185 3381 5239 virtutem
3402 5186 3524 5240 coeli
3552 5203 3567 5251 ;

1992 5279 2045 5325 ct
2070 5270 2266 5340 dejecit
2295 5272 2349 5327 in
2386 5283 2588 5331 terram
2610 5277 2679 5331 de
2709 5275 3048 5345 fortitudine,
3075 5291 3131 5333 et
3170 5278 3239 5333 de
3286 5278 3480 5343 stellis,
3518 5289 3572 5334 ct

1992 5362 2338 5418 coneulcavit
2365 5378 2480 5421 cas.

2066 5454 2155 5509 ll.
2195 5455 2262 5512 Et
2285 5472 2461 5527 usque
2489 5457 2558 5512 ad
2591 5457 2891 5528 principem
2909 5458 3129 5516 virtutis
3144 5460 3351 5531 grande
3375 5460 3571 5523 evasit,

1993 5556 2049 5602 et
2079 5550 2443 5618 quoadusque
2488 5551 2596 5606 dux
2652 5549 2863 5606 militiae
2908 5550 3226 5607 liberaverit
3287 5553 3573 5620 captivita—

1997 5648 2127 5707 tem,
2155 5651 2209 5696 et
2243 5651 2463 5711 propter
2508 5657 2634 5697 cum
2685 5643 3014 5697 sacrilicium
3055 5645 3333 5699 turbatura
3368 5653 3451 5697 est
3481 5645 3576 5697 tle-

1994 5730 2153 5787 licto:
2180 5741 2235 5787 et
2266 5731 2473 5786 factum
2512 5742 2617 5797 est,
2657 5741 2712 5788 ct
2731 5748 2991 5805 prospere
3023 5735 3191 5789 cessit
3227 5736 3308 5801 ci;
3350 5742 3406 5789 et
3446 5750 3575 5790 san-

1996 5824 2265 5879 ctuarium
2296 5823 2634 5879 desolabitur

2070 5913 2151 5971 l2.
2202 5915 2264 5969 Et
2292 5915 2477 5970 datum
2508 5928 2593 5972 cst
2625 5933 2792 5987 super
2832 5918 3162 5975 sacrilicium
3179 5928 3485 5991 peccatum,
3523 5928 3575 5972 ct

3221 6038 3295 6097 9i
