4064 6436
335 492 466 550 2881

1763 491 2000 549 CAPUT
2038 493 2132 551 lx.

3461 494 3608 551 388!

335 605 548 676 συνῆκα
584 607 643 659 ἐν
669 607 793 669 ταῖς
830 605 1033 676 βίϐλοις
1086 605 1178 660 τὸν
1235 604 1470 678 ἀριθμὸν
1516 605 1628 659 τῶν
1662 604 1822 671 ἐτῶν,
1857 605 1919 670 ὃς

2023 607 2082 662 in
2116 605 2274 664 libris
2299 622 2593 663 numerum
2622 623 2915 670 annorum.
2957 609 3051 679 qui
3092 607 3269 665 factus
3299 616 3385 663 est
3420 623 3609 664 sermn

332 697 561 769 ἐγενήθη
597 697 756 766 λόγος
779 699 987 769 Κυρίου
1015 699 1154 769 πρὶς
1179 698 1452 770 Ἰερεμίαν
1479 698 1574 752 τὸν
1608 699 1919 770 προφήτην,

332 792 416 854 εἰς
476 789 872 862 συμπλήρωσιν
901 788 1237 863 ἐρημώσεως
1273 791 1633 864 Ἰερουσαλὴμ
1682 792 1919 863 ἑϐδομή-

330 899 494 936 κοντα
524 882 640 954 ἐτη.

402 976 455 1029 5.
487 977 596 1029 Καὶ
616 976 798 1032 ἔδωκα
825 976 888 1030 τὺ
911 975 1207 1049 πρόσωπόν
1244 993 1348 1048 μου
1402 975 1540 1046 πρίκ
1584 974 1788 1048 Κύριον
1825 974 1921 1028 τὸν

328 1065 484 1129 Θεὸν,
532 1065 627 1118 τοῦ
687 1066 1020 1137 ἐπιζητῆσαι
1084 1065 1420 1137 προσευχὴν,
1484 1066 1579 1118 καὶ
1621 1064 1829 1136 δέησιν,
1858 1066 1919 1118 ὲν

337 1157 623 1229 νηστείαις,
647 1157 744 1210 καὶ
773 1159 831 1211 ὲν
853 1159 1062 1229 σάκκῳ.
1092 1157 1188 1212 καὶ
1219 1159 1420 1229 σποδῷ.

399 1254 451 1302 4.
478 1249 587 1301 Καὶ
614 1249 1015 1321 προσηυξάμην
1041 1249 1180 1320 πρὸς
1214 1249 1421 1322 Κύριον
1483 1248 1574 1303 τὸν
1624 1248 1758 1302 Θεόν
1787 1265 1915 1319 μου,

331 1343 423 1396 καὶ
477 1341 1002 1413 ὲξωμολογησάμην,
1058 1343 1154 1395 καὶ
1213 1336 1388 1395 εἷπον·
1422 1340 1597 1413 Κύριε
1644 1342 1673 1394 6
1702 1339 1837 1404 Θεὸς
1888 1341 1918 1394 6

335 1433 525 1504 μέγας,
577 1434 671 1485 καὶ
725 1431 1057 1503 θαυμαστὸς,
1099 1436 1128 1486 6
1163 1433 1455 1503 φυλάσσων
1504 1434 1604 1504 τὴν
1651 1434 1917 1506 διαθήκην

335 1527 423 1579 καὶ
450 1526 541 1578 τὸν
570 1524 717 1578 ἔλεον
742 1526 855 1588 τοῖς
887 1525 1145 1594 ἅγαπῶσί
1182 1543 1262 1590 σε,
1320 1527 1416 1580 καὶ
1446 1524 1792 1596 φυλάσσουσι
1817 1527 1919 1592 τὰς

333 1613 551 1678 ἐντολάς
579 1631 698 1669 σου.

404 1707 457 1761 5.
495 1706 866 1778 Ἦμάρτομεν,
917 1706 1300 1779 ἠδικήσαμεν,
1364 1706 1755 1779 ὴσεὸήσάμεν,
1820 1711 1917 1762 καὶ

332 1797 666 1867 ἀπέστημεν,
714 1799 809 1851 καὶ
865 1797 1219 1869 ὲξεκλίναμεν
1248 1799 1359 1852 ἀπὸ
1386 1797 1498 1852 τῶν
1521 1798 1758 1854 ἐντολῶν
1787 1816 1910 1866 σου,

335 1888 427 1943 καὶ
447 1888 554 1942 ἀπὸ
578 1886 684 1941 τῶν
715 1889 1007 1960 κριμάτων
1042 1906 1167 1945 σου.

2025 698 2241 753 Domini
2271 698 2338 755 ad
2370 696 2688 765 Jeremiam,
2730 702 3050 770 prophetam
3096 700 3152 753 in
3180 699 3607 769 completionern

2022 788 2381 848 desolationis
2415 789 2723 847 Jerusalem
2750 789 3098 863 septuaginta
3134 793 3317 847 annis.

2095 969 2149 1025 5.
2192 967 2260 1024 Et
2289 969 2412 1026 dedi
2442 969 2638 1027 faciem
2663 985 2844 1027 meam
2886 970 2952 1026 ad
2987 970 3279 1026 Dominum
3325 971 3517 1040 Deum,
3547 982 3609 1027 ut

2021 1077 2322 1134 quaererem
2356 1078 2566 1132 preces,
2602 1073 2658 1120 et
2686 1063 3133 1121 obsecrationem
3165 1065 3221 1119 in
3269 1063 3520 1135 jejuniis,
3554 1074 3609 1119 et

2022 1156 2076 1209 ln
2112 1168 2293 1222 sacco,
2327 1163 2383 1212 et
2408 1155 2612 1213 cinere.

2093 1244 2149 1298 ι.
2191 1243 2258 1300 Et
2286 1246 2437 1300 oravi
2471 1246 2539 1301 ad
2572 1245 2869 1302 Dominum
2923 1244 3097 1302 Deum
3145 1254 3354 1312 meum,
3385 1257 3441 1303 et
3472 1260 3609 1303 con-

2021 1333 2202 1391 fessus
2231 1350 2377 1401 sum,
2404 1346 2458 1392 et
2479 1337 2592 1393 dixi
2617 1354 2636 1392 :
2664 1336 2895 1394 Domine
2922 1337 3070 1395 Deus
3105 1354 3322 1410 magne,
3350 1349 3404 1394 et
3440 1340 3608 1394 mirac

2018 1427 2168 1496 bilis,
2199 1429 2517 1485 custodiens
2565 1439 2980 1495 testamentum,
3047 1440 3103 1487 et
3171 1432 3607 1487 misericordiam

2020 1519 2374 1592 diligentibus
2411 1529 2484 1586 te,
2519 1526 2574 1577 et
2607 1522 3045 1578 custodientibus
3079 1524 3335 1578 mandata
3366 1534 3479 1578 tua.

2092 1707 2148 1762 5.
2189 1705 2566 1771 Peccavimus,
2603 1703 2953 1773 iniquitatem
2986 1701 3237 1777 fecimus,
3288 1702 3457 1770 impie
3483 1702 3604 1772 egi-

2019 1815 2166 1863 mus,
2215 1809 2270 1855 ct
2319 1798 2669 1861 recessimus,
2727 1805 2785 1850 et-
2836 1794 3299 1850 declinavimus:
3329 1794 3607 1847 mandatis

2020 1890 2150 1956 tuis,
2180 1897 2235 1945 et
2260 1905 2291 1945 a
2315 1888 2539 1960 iudiciis
2566 1888 2699 1942 tuis.

401 1978 454 2031 6.
483 1978 591 2030 Καὶ
615 1964 714 2031 οὒκ
741 1978 1058 2051 ἠκούσαμεν
1096 1981 1209 2034 τῶν
1261 1981 1466 2037 δούλων
1505 2002 1600 2038 σου
1632 1985 1742 2038 τῶν
1777 2003 1917 2059 προ-

2092 1955 2148 2036 6.
2184 1981 2249 2036 Et
2273 1955 2383 2036 non
2415 1979 2730 2035 audivimus
2763 1992 2955 2034 servos
2981 1988 3105 2034 tuos
3134 1978 3437 2049 prophetas
3459 2016 3475 2041 ,
3508 1977 3604 2047 qui

337 2068 540 2137 φητῶν,
567 2069 615 2123 οἳ
638 2068 861 2124 ἐλάλουν
887 2073 945 2124 ὲν
969 2071 1047 2142 τῷ
1074 2073 1306 2145 ὀνόματί
1333 2093 1425 2129 σου
1457 2077 1594 2146 πρὸς
1618 2080 1745 2142 τοὺς
1763 2077 1917 2149 βασι-

334 2158 441 2223 λεῖς
458 2158 636 2231 ήμῶν,
665 2161 920 2232 καὶπρὸς
951 2163 1078 2228 τοὺς
1105 2164 1374 2236 ἄρχοντας
1400 2166 1578 2239 ήμῶν,
1626 2169 1719 2223 καὶ
1747 2169 1917 2223 πατέ-

342 2268 437 2322 ρας
462 2251 635 2323 ήμῶν,
675 2254 768 2306 καὶ
802 2254 939 2326 πρὸς
966 2257 1144 2311 πάντα
1171 2257 1262 2311 τὸν
1288 2258 1417 2312 λαὸν
1455 2259 1557 2330 τῆς
1587 2261 1710 2331 γῆς.

414 2341 470 2393 Ἷ.
492 2341 600 2408 Σοὶ,
629 2343 824 2416 Κύριε,
868 2347 901 2410 ἡ
942 2346 1287 2418 δικαιοσύνη,
1315 2351 1409 2404 καὶ
1438 2352 1568 2422 ἡμῖν
1616 2353 1651 2423 ή
1686 2352 1916 2424 αἰσχύνη

353 2430 444 2485 τοῦ
481 2433 777 2504 προσώπου,
809 2436 886 2500 ὡς
921 2440 954 2508 ή
989 2439 1177 2511 ήμέρα
1205 2440 1369 2512 αὕτη,
1402 2442 1557 2513 ἀνδρὶ
1594 2443 1788 2507 Ἰούδα,
1822 2447 1918 2498 καὶ

350 2523 460 2586 τοῖς
482 2525 819 2580 κατοικοῦσιν
842 2529 902 2580 ὲν
937 2530 1315 2602 Ἰερουσαλὴμ.
1346 2534 1441 2587 καὶ
1469 2535 1635 2588 παντὶ
1676 2534 1915 2607 Ἰσραὴλ,

342 2613 449 2675 τοῖς
480 2613 667 2682 ἐγγὺς,
702 2618 930 2682 καὶτοῖς
962 2619 1182 2689 μακρὰν
1205 2623 1262 2675 ὲν
1315 2622 1466 2697 πάσῃ
1500 2627 1566 2695 τῇ
1595 2628 1690 2697 γῇ,
1720 2619 1781 2679 οἶ)
1810 2626 1919 2679 διέ-

340 2717 562 2779 σπειρας
591 2708 788 2775 αὐτοὺς
820 2710 936 2765 ἐκεῖ
956 2712 1014 2765 ὲν
1045 2711 1239 2785 άθεσίᾳ
1270 2715 1450 2768 αὐτῶν
1537 2717 1815 2789 ἠθέτησαν
1858 2718 1918 2773 ὲν

343 2795 441 2849 σοί.

404 2888 458 2944 8.
484 2889 680 2961 Κύριε,
714 2893 846 2963 ἡμῖν
897 2895 1129 2968 αἰσχύνη
1174 2896 1268 2950 τοῦ
1328 2898 1645 2969 προσώπου,
1687 2901 1918 2964 καὶτοῖς

340 2974 648 3046 βασιλεῦσιν
676 2980 855 3052 ήμῶν,
885 2984 980 3037 καὶ
1008 2987 1123 3048 τοῖς
1177 2984 1440 3057 ἄρχουσιν
1472 2994 1504 3058 1;
1515 2988 1652 3059 μῶν,
1682 2991 1777 3043 και)⁸
1806 2993 1917 3053 τοῖς

339 3071 610 3140 πατράσιν
642 3073 823 3143 ήμῶν,
854 3076 908 3128 οἵ
926 3091 1071 3139 τινες
1096 3076 1427 3149 ἡμάρτομεν
1452 3080 1512 3134 ὲν
1546 3082 1649 3135 σοι.

407 3160 461 3216 9.
494 3154 586 3225 Τῷ
616 3164 804 3234 Κυρίῳ
835 3164 1135 3237 Θεῷήμῶν
1160 3168 1211 3221 oi.
1249 3169 1547 3241 οἰκτιρμοί,
1590 3171 1685 3223 καὶ
1714 3171 1765 3224 οἱ
1802 3171 1918 3224 ἱλα-

343 3255 487 3324 σμοὶ,
508 3255 591 3308 ὅτι
611 3256 818 3328 ἀπέστη
828 3275 945 3328 μεν.

412 3346 500 3400 10.
526 3346 628 3401 Καὶ
648 3349 750 3403 οὐκ
778 3352 1188 3423 εἰσηκούσαμεν
1234 3354 1338 3425 τῆς
1372 3356 1559 3427 φωνῆς
1590 3357 1799 3430 Κυρίου
1824 3357 1921 3412 τοῦ

344 3439 477 3493 Θεοῦ
503 3442 680 3513 ήμῶν,
714 3445 1043 3516 πορεύεσθαι
1092 3450 1151 3502 ἐν
1202 3451 1316 3513 τοῖς
1371 3451 1561 3522 νόμοις
1615 3452 1805 3517 αὑτοῦ,
1841 3447 1924 3518 οἷς

346 3529 510 3585 ἔδωκε
553 3533 695 3587 κατά
745 3537 1039 3608 πρόσωπον
1084 3538 1246 3610 ήμῶν
1279 3542 1339 3593 ὲν
1372 3542 1520 3613 χειρὶ
1574 3542 1683 3597 τῶν
1717 3542 1923 3597 δούλων

336 3622 511 3695 αὑτοῦ
536 3624 645 3677 τῶν
675 3628 992 3698 προφητῶν.
1630 3626 1635 3639 ’

420 3716 505 3770 11.
539 3719 648 3772 Καὶ
676 3723 782 3785 πᾶς
827 3722 1050 3796 Ἰσραὴλ
1072 3722 1399 3797 παρέϐησαν
1443 3727 1535 3781 τὸν
1597 3728 1762 3798 νόμον
1802 3746 1921 3796 σου,

348 3804 441 3862 καὶ
471 3810 749 3875 ἐξέκλιναν
776 3813 870 3868 τοῦ
923 3818 999 3888 μή
1045 3814 1280 3872 ἀκοῦσαι
1341 3820 1444 3890 τῆς
1472 3820 1659 3891 φωνῆς
1682 3837 1798 3885 σου,
1830 3823 1925 3874 καὶ

351 3902 579 3975 ἐπῆλθεν
600 3907 686 3974 ἐφ’
718 3906 867 3978 ἡμᾶς
892 3910 925 3980 ή
949 3912 1189 3983 κατάρα,
1225 3911 1322 3965 καὶ
1369 3915 1398 3965 6
1424 3913 1585 3983 ὅρκος
1607 3915 1636 3966 6
1671 3930 1925 3985 γεγραμ-

355 3997 506 4066 μένος
529 3998 585 4050 ὲν
608 3997 758 4071 νόμῳ
792 4001 962 4074 Μωσῆ
1010 4002 1201 4056 δούλου
1233 4003 1329 4058 τοῦ
1356 4002 1516 4066 Θεοῦ,
1544 4005 1628 4059 ὅτι
1667 4006 1919 4077 ἡμάρτο-

353 4104 447 4157 μεν
469 4089 639 4161 αὐτῷ.

416 4182 502 4236 ιε.
532 4184 639 4237 Καὶ
655 4182 850 4256 ἔστησε
877 4186 1004 4246 τοὺς
1050 4186 1244 4256 λόγους
1299 4186 1491 4252 αὐτοῦ,
1514 4187 1608 4253 οὓς
1658 4188 1925 4260 ἐλάλησεν

347 4273 432 4340 ἐφ’
463 4274 631 4344 ἡμᾶς,
663 4278 757 4330 καῖ
811 4277 904 4330 ἐπὶ
969 4279 1097 4342 τοὺς
1151 4280 1346 4350 κριτάς
1390 4279 1571 4351 ἡμῶν,
1608 4280 1658 4334 οἳ
1711 4280 1926 4353 ἔκρινον

345 4365 377 4433 ή
385 4365 490 4433 μᾶς
499 4367 797 4437 ἐπαγαγεῖν
819 4372 903 4439 ἐφ’
919 4371 1069 4442 ἡμᾶς
1087 4370 1239 4425 κακά
1263 4372 1494 4442 μεγάλα,
1512 4366 1600 4426 οἷα
1615 4374 1676 4426 ού
1702 4375 1926 4444 γέγονεν

348 4455 599 4511 ὑποκάτω
624 4460 826 4524 παντὸς
861 4458 958 4514 τοῦ
987 4460 1241 4534 οὐρανοῦ,
1274 4462 1419 4517 κατὰ
1441 4462 1512 4517 τὰ
1551 4462 1821 4534 γενόμενα
1867 4465 1926 4516 ὲν

355 4547 662 4621 Ίερουσαλή
672 4569 729 4622 μ.

2020 2070 2386 2141 loquebantur
2414 2071 2637 2125 nomine
2689 2077 2785 2124 tuo
2818 2070 2891 2124 ad
2932 2080 3090 2142 reges
3141 2081 3361 2125 nostros
3386 2108 3402 2135 ,
3456 2074 3512 2123 et
3538 2069 3605 2123 ad

2018 2163 2296 2234 principes
2326 2170 2567 2226 nostros,
2595 2172 2653 2218 et
2683 2172 2867 2233 patres
2892 2172 3140 2228 nostros,
3185 2175 3239 2218 et
3288 2163 3356 2217 ad
3383 2177 3604 2218 omnem

2018 2254 2279 2326 populum
2318 2263 2496 2310 terrae.
2596 2326 2599 2331 _

2093 2347 2145 2401 7.
2189 2345 2334 2410 Tibi,
2366 2343 2613 2410 Domine,
2650 2344 2883 2417 iustitia,
2918 2345 3081 2401 nobis
3107 2356 3290 2400 autem
3352 2343 3608 2399 confusio

2018 2436 2201 2502 faciei,
2228 2436 2372 2492 sicut
2390 2436 2508 2492 dies
2543 2436 2679 2501 haec,
2715 2435 2833 2489 viro
2861 2434 3021 2501 Juda,
3046 2445 3102 2490 et
3148 2436 3524 2491 habitantibus
3551 2436 3605 2490 in

2017 2529 2344 2595 Jerusalem,
2379 2530 2436 2584 et
2469 2528 2619 2583 oumi
2664 2528 2855 2589 lsrael.
2903 2528 2990 2583 his
3036 2529 3132 2598 qui
3174 2542 3341 2598 prope
3372 2538 3522 2591 sunt,
3555 2536 3609 2582 ct

2019 2621 2108 2677 bis
2165 2621 2260 2691 qui
2291 2619 2482 2691 procul
2529 2619 2585 2673 iu
2636 2619 2894 2674 universa
2933 2628 3099 2684 terra,
3149 2633 3262 2689 quo
3298 2619 3607 2689 dispersistl

2019 2728 2114 2769 eos
2143 2712 2295 2778 illuc,
2330 2712 2386 2768 in
2433 2712 2886 2782 praevaricatione
2935 2725 3149 2776 eorum,
3186 2724 3295 2781 qua
3350 2711 3609 2782 praevari-

2020 2804 2132 2862 cati
2170 2813 2306 2860 sunt
2328 2805 2381 2859 in
2413 2815 2488 2860 te.

2091 2897 2147 2952 8.
2190 2892 2444 2963 Domine,
2477 2896 2640 2952 nobis
2671 2894 2927 2951 confusio
2960 2895 3139 2959 faciei,
3177 2905 3231 2950 ct
3262 2896 3482 2965 regibus
3507 2911 3610 2951 no-

2020 2989 2175 3055 stris,
2233 2998 2287 3043 et
2345 2988 2690 3059 principibus
2721 2988 2948 3050 nostris,
2989 2996 3044 3042 et
3096 2987 3348 3058 patribus
3381 2987 3605 3052 nostris,

2021 3085 2115 3155 qui
2152 3084 2506 3155 peccavimus
2537 3081 2593 3135 in
2631 3090 2702 3136 te.

2095 3177 2150 3231 9.
2194 3174 2431 3230 Domino
2460 3172 2575 3228 Deo
2611 3183 2805 3228 nostro
2843 3172 3253 3238 miserationes,
3305 3182 3362 3227 et
3420 3172 3608 3242 proin.

2025 3268 2307 3333 tialiones,
2348 3267 2473 3336 quia
2505 3267 2861 3322 recessimus.

2098 3360 2187 3417 to.
2231 3360 2300 3414 Et
2323 3374 2431 3414 nou
2464 3357 2846 3414 eraudivimus
2877 3371 3070 3412 vocem
3122 3355 3347 3412 Domini
3382 3353 3479 3410 Dei
3513 3372 3614 3411 nu-

2026 3454 2230 3518 stri,ut
2256 3452 2670 3507 ambularemus
2724 3449 2782 3505 in
2842 3448 3057 3520 legibus
3115 3448 3258 3518 ejus,
3294 3462 3433 3519 quas
3463 3448 3615 3503 dedit

2026 3554 2154 3601 ante
2185 3542 2383 3600 faciem
2424 3550 2672 3599 nostram
2726 3540 2783 3595 in
2835 3554 3003 3595 manu
3067 3554 3352 3596 sonorum
3385 3555 3645 3604 suorum.

2025 3638 2440 3711 prophetarum.

2099 3731 2189 3785 11.
2230 3729 2298 3784 Et
2328 3727 2508 3784 omnis
2534 3727 2704 3783 lsrael
2723 3726 3064 3797 pmvaricati
3089 3734 3217 3782 sunt
3240 3726 3416 3797 legem
3440 3735 3611 3790 tuam,

2025 3831 2081 3876 et
2118 3821 2553 3883 declinaverunt,
2581 3833 2649 3873 ne
2683 3817 2938 3872 audirent
2980 3832 3173 3873 vocem
3212 3829 3385 3881 tuam,
3436 3825 3491 3872 et
3521 3834 3616 3872 su-

2024 3910 2278 3981 pervenit
2301 3923 2469 3979 super
2496 3922 2598 3963 nos
2621 3906 2962 3971 maledictio,
2990 3916 3047 3962 et
3069 3907 3442 3975 jurameutum
3468 3907 3613 3976 quod

2026 4003 2299 4074 scriptum
2334 4009 2419 4057 est
2443 3999 2500 4055 in
2530 3999 2653 4070 lege
2680 3997 2817 4053 Mosi
2853 3999 2999 4053 servi
3020 3997 3136 4067 Dei,
3186 4000 3319 4071 quia
3361 4000 3617 4071 peccavi—

2027 4108 2151 4150 mus
2182 4094 2253 4150 ei.

2098 4186 2188 4242 12.
2231 4187 2298 4240 Et
2327 4184 2521 4240 statuit
2552 4198 2840 4240 sermones
2869 4197 3025 4247 suos,
3072 4195 3215 4252 quos
3262 4181 3479 4237 lecutus
3531 4193 3617 4237 est

2026 4290 2194 4352 super
2228 4296 2353 4346 nos,
2389 4290 2443 4335 et
2473 4293 2638 4348 Super
2654 4276 2872 4345 judices
2902 4282 3145 4341 nostros,
3180 4274 3274 4345 qui
3295 4273 3615 4344 judicarunt

2028 4391 2146 4441 nos,
2184 4386 2245 4428 ut
2288 4372 2785 4442 superinducerent
2839 4386 3005 4442 super
3061 4383 3161 4424 nos
3218 4367 3361 4423 mala
3388 4376 3610 4437 magna,

2025 4468 2209 4540 qualia
2232 4452 2595 4522 nonfueruut
2621 4466 2725 4519 sub
2772 4465 2921 4520 omni
2976 4463 3137 4524 caelo.
3195 4466 3497 4519 secundum
3524 4477 3613 4530 ea,

2030 4572 2150 4629 quae
2180 4557 2320 4612 facta
2351 4564 2481 4611 sunt
2519 4556 2574 4611 in
2606 4554 2935 4612 JeruSalem.

418 4642 502 4695 l5.
530 4642 728 4706 Καθὼς
749 4643 1059 4715 γέγραπται
1076 4644 1134 4698 ὲν
1157 4644 1235 4716 τῷ
1253 4646 1404 4717 νόμῳ
1424 4642 1625 4714 Μωσῆ,
1651 4646 1832 4700 πάντα
1855 4645 1921 4699 τά

2101 4651 2193 4707 13.
2236 4636 2393 4707 Sicut
2416 4650 2681 4721 scriptum
2715 4661 2800 4705 est
2832 4649 2887 4704 in
2918 4649 3039 4720 lege
3072 4649 3232 4714 ﬂesi,
3267 4647 3451 4705 omnia
3469 4646 3612 4702 mala

347 4728 492 4783 κακά
515 4729 686 4785 ταῦτα
700 4727 867 4804 ἦλθεν
891 4733 979 4802 ἐφ’
1012 4736 1191 4805 ἡμᾶς·
1227 4735 1324 4788 καὶ
1366 4736 1467 4788 οὐκ
1497 4734 1800 4806 ἐδεήθημεν
1828 4733 1924 4790 τοῦ

348 4820 635 4891 προσώπου
661 4825 869 4894 Κυρίου
896 4824 991 4879 τοῦ
1025 4825 1161 4879 Θεοῦ
1219 4825 1398 4898 ἡμῶν,
1427 4826 1770 4899 ἀποστρέψαι
1816 4827 1927 4880 ἀπὸ

344 4912 452 4968 τῶν
478 4914 702 4972 ἀδικιῶν
731 4916 907 4989 ήμῶν,
958 4919 1052 4972 καὶ
1080 4917 1179 4972 τοῦ
1231 4917 1468 4972 συνιέναι
1507 4918 1567 4971 ὲν
1606 4919 1758 4995 πάσῃ
1787 4919 1923 4992 άλη-

345 5005 481 5078 θείᾳ.

414 5101 503 5154 14.
527 5101 638 5154 Καὶ
675 5101 1019 5174 ὲγρηγὸρησε
1048 5101 1256 5173 Κύριος
1286 5102 1316 5154 6
1342 5102 1474 5164 Θεδς
1510 5102 1671 5174 ήμῶν
1698 5099 1793 5158 ἐπὶ
1825 5105 1927 5178 τὴν

345 5191 542 5245 κακίαν
567 5192 747 5263 ήμῶν,
772 5195 865 5247 καὶ
890 5194 1099 5265 ήγαγεν
1129 5193 1300 5267 αὐτὴν
1320 5194 1590 5268 ἐφ’ήμᾶς,
1608 5195 1691 5249 ὅτι
1717 5196 1927 5261 δίκαιος

348 5281 549 5353 Κύριος
570 5284 600 5337 6
620 5284 753 5349 Θέὸς
783 5286 942 5357 ἡμῶν
981 5287 1075 5341 ὲπὶ
1107 5290 1299 5342 πᾶσαν
1328 5285 1428 5358 τὴν
1480 5288 1701 5361 ποίησιν
1733 5287 1924 5355 αὐτοῦ,

345 5372 413 5446 ήν
460 5376 706 5448 ἐποίησε,
767 5381 899 5434 διὰτι
946 5379 1048 5433 οὐκ
1103 5378 1510 5452 εἰσηκούσαμεν
1585 5378 1684 5450 τῆς
1739 5378 1926 5450 φωνῆς

348 5483 508 5520 αυτου
517 5506 528 5520 .

417 5581 504 5637 15.
535 5582 647 5636 Καὶ
671 5581 766 5636 νῦν
795 5580 1014 5655 Κύριεὸ
1042 5582 1175 5648 Θεὸς
1204 5580 1385 5656 ήμῶν,
1416 5584 1479 5648 ὃς
1530 5584 1803 5656 ἐξήγαγες
1831 5583 1926 5637 τὸν

347 5670 473 5727 λαόν
521 5690 613 5727 σου
657 5674 723 5726 ὲκ
780 5674 883 5744 γῆς
930 5672 1207 5742 Αἰγύπτου
1250 5677 1309 5727 ὲν
1350 5675 1497 5746 χειρὶ
1535 5669 1792 5746 κραταιᾷ,
1829 5672 1926 5727 καὶ

350 5764 602 5834 ἐποίησας
634 5765 846 5834 σεαυτῷ
873 5764 1044 5829 ὄνομα
1074 5764 1150 5828 ὡς
1179 5765 1214 5834 ή
1260 5765 1448 5837 ἡμέρα
1488 5765 1652 5837 αῦτη,
1682 5763 1928 5839 ήμάρτο-

346 5872 462 5925 μιν,
480 5855 861 5926 ήνομήσαμεν.

411 5945 501 6002 16.
533 5946 729 6015 Κύριε,
746 5947 806 6001 ἑν
829 5946 975 6019 πάσῃ
1000 5946 1340 6020 ὲλιημοσύνῃ
1373 5964 1489 6015 σου,
1513 5947 1924 6020 ἀποστραφὴτω

2028 4745 2144 4799 haec
2181 4750 2451 4797 venerunt
2479 4756 2646 4812 super
2679 4755 2819 4797 nos:
2849 4748 2906 4796 et
2934 4752 3042 4796 non
3076 4738 3393 4810 rogavimus
3414 4735 3611 4793 faciem

2030 4833 2245 4891 Domini
2278 4832 2372 4888 Dei
2414 4833 2611 4899 nostri,
2646 4843 2709 4889 ut
2730 4840 3139 4889 reverteremur
3179 4830 3250 4886 ab
3304 4828 3623 4898 iniquitati-

2026 4925 2131 4984 bus
2157 4927 2387 4993 nostris,
2408 4934 2464 4981 et
2490 4934 2552 4981 ut
2572 4926 3005 4998 intelligeremus
3028 4925 3084 4979 in
3108 4923 3258 4978 omni
3288 4920 3538 4977 veritate.

2100 5099 2188 5155 η.
2233 5098 2300 5153 Et
2330 5098 2575 5171 vigilavit
2601 5096 2870 5154 Dominus
2896 5096 3041 5153 Deus
3071 5106 3259 5154 noster
3283 5108 3451 5171 super
3492 5110 3613 5154 ma-

2027 5189 2199 5246 litiam
2226 5197 2496 5255 nostram,
2530 5197 2586 5245 et
2648 5188 2877 5245 adduxit
2908 5204 3033 5245 eam
3091 5194 3259 5259 super
3280 5206 3382 5247 nos
3421 5204 3445 5245 :‘
3480 5192 3611 5263 qnia

2024 5283 2210 5354 justus
2249 5280 2518 5338 Demin'us
2569 5281 2714 5338 Deus
2761 5286 2950 5337 noster
2983 5280 3039 5337 in
3090 5281 3242 5336 omni
3284 5285 3457 5355 apere
3483 5284 3609 5347 duo,

2029 5374 2177 5445 quod
2207 5373 2337 5430 fecit
2370 5391 2383 5427 :
2415 5374 2547 5444 quia
2570 5382 2682 5429 non
2705 5371 3090 5429 exaudivimu‘s
3115 5376 3305 5430 vocem
3335 5373 3480 5445 ejus.

2102 5577 2190 5633 15.
2234 5566 2300 5632 Et
2333 5589 2502 5640 nunc,
2532 5572 2766 5632 Domine
2794 5575 2940 5633 Deus
2989 5586 3198 5644 noster,
3227 5574 3323 5648 qui
3373 5566 3610 5634 eduxisti

2028 5670 2287 5740 populum
2316 5674 2472 5721 tu‘um
2504 5665 2572 5722 de
2593 5678 2737 5724 terra
2785 5666 3008 5742 A‘ngpIi
3054 5669 3110 5725 in
3158 5683 3324 5723 manu
3357 5655 3510 5735 forti,
3559 5680 3613 5725 et

2027 5759 2205 5816 fecisti
2228 5757 2325 5814 tibi
2365 5760 2564 5813 nomen
2591 5758 2735 5814 sicut
2763 5760 2885 5816 dies
2913 5761 3030 5817 hate
3069 5777 3087 5813 εκ
3113 5761 3484 5833 peccavimus,
3515 5760 3616 5819 lm-

2028 5851 2117 5921 pie
2145 5851 2377 5922 egimus.

2102 5941 2192 5998 16.
2232 5939 2483 6007 Domine,
2514 5944 2569 5999 in
2620 5943 2772 5997 omni
2828 5943 3208 6002 misericordia
3255 5954 3370 6014 tua,
3396 5951 3616 5999 averta-
