4064 6422
425 439 570 494 9383

1499 437 1749 492 DANIEL
1802 426 2025 491 JUXTA
2066 435 2609 493 TllEUDOTlONEiI
2683 411 2688 415 ’

3533 430 3677 488 2884

428 568 536 619 tur.
565 556 816 618 obsecro,
851 552 1002 607 furor
1037 563 1186 619 tuus,
1227 561 1282 608 et
1315 555 1395 608 ira
1445 561 1538 609 tua
1593 570 1622 608 a
1658 555 1878 608 civitate
1908 562 1998 606 tua

2108 552 2174 623 δὴ
2198 557 2225 607 6
2256 554 2429 622 θυμός
2461 571 2574 617 σου,
2602 554 2696 606 καὶ
2727 553 2757 622 ἡ
2793 553 2928 620 ὀργή
2954 567 3047 603 σου
3088 550 3198 604 ἀπὸ
3225 551 3324 621 τῆς
3351 548 3558 613 πόλεως
3590 567 3682 602 σου

424 648 752 711 Jerusalem,
808 657 992 701 monte
1031 657 1223 701 saneto
1280 655 1394 700 tuo.
1433 645 1573 712 Quia
1629 655 1852 715 propter
1879 660 2001 714 pec-

426 754 548 796 cata
580 751 786 809 nostra,
815 751 872 796 et
897 749 1119 811 propter
1151 740 1466 810 iniquitates
1521 748 1738 792 nostras
1758 779 1773 802 ,
1819 747 1872 791 et
1907 752 2004 806 pa-

427 844 569 886 trum
597 845 956 897 nostrorum,
1013 831 1340 894 Jerusalem,
1398 839 1452 884 et
1506 831 1736 900 populus
1795 837 1918 882 tuus
1949 829 2002 880 in

425 926 782 995 opprobrium
839 924 1018 980 factus
1073 934 1156 980 est
1203 925 1480 986 omnibus,
1546 923 1638 991 qui
1675 922 1728 975 in
1769 922 2003 976 circuitu

429 1027 616 1070 nostro
641 1026 791 1072 sunt.

500 1109 583 1162 17.
633 1109 699 1162 Et
731 1123 877 1161 nunc
907 1107 1125 1168 exaudi,
1162 1106 1386 1159 Domine
1405 1105 1546 1160 Deus
1565 1111 1772 1169 noster,
1801 1104 2008 1158 oratio—

426 1215 547 1253 nem
575 1199 717 1255 servi
748 1199 854 1266 tui,
889 1208 944 1252 et
987 1212 1177 1267 preces
1227 1196 1384 1266 ejus,
1441 1205 1498 1250 et
1544 1195 1774 1250 ostende
1806 1195 2002 1250 faciem

426 1303 574 1346 tuam
608 1307 775 1360 super
798 1291 1170 1345 sanctuarium
1204 1295 1386 1354 tuum,
1415 1289 1560 1359 quod
1592 1289 1868 1344 desertum
1898 1296 2002 1353 est,

425 1394 647 1454 propter
679 1393 752 1446 te,
783 1382 1030 1436 Domine.

497 1476 583 1528 18.
627 1475 854 1538 lnclina,
891 1473 1032 1528 Deus
1065 1487 1240 1537 meus,
1289 1486 1477 1526 aurem
1530 1480 1702 1532 tuam,
1750 1478 1800 1524 et
1834 1469 1998 1525 audi:

425 1567 573 1634 aperi
605 1565 796 1619 oculos
820 1573 968 1629 tuos,
996 1572 1049 1618 et
1078 1563 1201 1617 vide
1243 1561 1638 1617 desolationem
1671 1570 1933 1622 nostram,
1957 1569 2011 1613 et

426 1657 660 1712 civitatis
686 1666 808 1721 tuae,
843 1657 898 1710 in
929 1671 1040 1726 qua
1075 1655 1389 1709 invocatum
1424 1663 1511 1708 est
1543 1667 1740 1706 nomen
1771 1661 1920 1704 tuum
1954 1652 2007 1704 in

424 1767 488 1805 ea
517 1769 530 1805 :
568 1751 698 1819 quia
727 1765 836 1804 non
886 1749 942 1804 in
969 1746 1468 1817 justiﬁeationibus
1503 1746 1707 1799 nostris
1749 1759 1846 1797 nos
1879 1759 2008 1812 pro-

428 1843 726 1896 Sternimus
754 1840 1162 1896 miserationem
1193 1852 1379 1893 coram
1406 1846 1480 1900 te,
1517 1837 1614 1891 sed
1657 1835 2009 1904 supermise-

427 1936 672 1989 rationes
705 1944 830 1988 tuas
853 1931 1076 1996 multas,
1109 1928 1362 1982 Domine.

496 2026 584 2080 19.
606 2025 836 2087 Exaudi,
867 2021 1117 2078 Domine.
1136 2019 1463 2090 propitiare,
1484 2015 1735 2080 Domine,
1773 2015 2010 2077 attende,

425 2117 673 2180 Domine,
708 2113 814 2181 fac,
838 2113 1078 2167 Domine
1128 2128 1142 2166 ι
1182 2120 1238 2166 et
1299 2125 1366 2165 ne
1425 2110 1656 2164 moreris
1683 2120 1904 2178 propter
1960 2118 2014 2162 te

426 2209 625 2277 ipsum,
666 2206 807 2262 Deus
834 2219 987 2259 meus
1019 2219 1033 2255 :
1067 2203 1326 2273 quoniam
1366 2217 1568 2256 nomen
1599 2211 1752 2255 tttum
1781 2201 2004 2254 invoca-

421 2307 535 2349 tum
549 2305 632 2351 est
653 2311 816 2365 super
836 2295 1109 2350 civitatem
1130 2301 1363 2358 tuam,et
1377 2307 1542 2361 super
1557 2291 1815 2361 populum
1836 2300 2009 2344 tuum.

490 2390 586 2445 20.
629 2390 902 2444 Etadbnc
937 2403 1023 2442 me
1050 2388 1345 2457 loquente,
1403 2396 1458 2440 et
1515 2396 1728 2444 orante,
1759 2392 1816 2437 et
1846 2386 2014 2437 conli-

427 2487 570 2532 tente
602 2486 823 2547 peccata
849 2491 1010 2541 mea,
1042 2485 1096 2530 et
1126 2483 1345 2544 peccata
1375 2473 1563 2543 populi
1593 2473 1696 2526 mei
1739 2471 1925 2536 Israel,
1958 2481 2013 2526 et

426 2575 811 2636 prosterneute
857 2563 1268 2620 miserationem
1327 2577 1504 2616 meam
1554 2577 1739 2616 coram
1780 2560 2013 2615 Domino

426 2663 537 2724 Deo
567 2674 709 2723 meo,
741 2674 840 2730 pro
863 2666 1047 2711 monte
1075 2665 1268 2713 sancto
1300 2655 1475 2711 sancti
1525 2653 1620 2710 Dei
1651 2653 1776 2708 mei.

493 2836 583 2891 21.
628 2837 692 2891 Et
718 2835 896 2892 adhuc
924 2849 1012 2889 me
1049 2834 1308 2906 loquente
1366 2833 1419 2888 in
1466 2832 1747 2899 oratione,
1777 2843 1831 2888 et
1885 2847 2013 2889 ecce

423 2930 508 2984 vir
537 2929 784 2994 Gabriel,
811 2944 976 2999 quem
1003 2929 1251 2983 videram
1282 2927 1336 2980 in
1364 2926 1574 2981 visione
1602 2941 1722 2982 mea
1771 2927 1822 2980 in
1857 2927 2010 2997 prin-

425 3023 591 3091 cipio,
628 3023 840 3087 volans,
866 3027 920 3076 et
953 3020 1130 3090 tetigit
1163 3034 1250 3073 me
1271 3019 1432 3088 quasi
1459 3019 1594 3073 liora
1629 3019 1886 3074 sacriﬁcii
1918 3035 2011 3074 ve-

425 3114 677 3184 Sperlini.

493 3205 584 3258 2'2.
628 3205 693 3258 Et
726 3202 1028 3269 intelligere
1064 3201 1192 3257 fecit
1237 3215 1326 3256 me
1363 3240 1379 3268 ,
1412 3189 1728 3256 et‘loeutus
1761 3210 1845 3256 est
1892 3215 2009 3255 me-

425 3311 573 3361 eum,
605 3303 658 3349 et
680 3292 857 3348 dixit:
891 3291 1104 3357 Daniel,
1140 3305 1286 3347 nunc
1315 3291 1458 3347 exivi
1479 3291 1730 3346 imbuere
1758 3302 1811 3346 te
1845 3291 2006 3346 intel-

418 3388 668 3458 ligentia.

493 3478 580 3532 25.
622 3478 681 3531 lu
709 3477 986 3548 principio
1017 3474 1422 3532 obsecrationis
1448 3484 1555 3531 tua:
1580 3476 1751 3530 exivit
1780 3489 1999 3530 sermo:

422 3581 476 3624 et
513 3584 614 3637 ego
647 3569 788 3632 veni,
827 3581 887 3622 ut
917 3569 1240 3622 annuntiem
1269 3567 1391 3627 tibi,
1418 3566 1550 3637 quia
1577 3566 1662 3620 vir
1699 3567 2004 3622 desiderio-

424 3675 544 3712 rum
570 3672 631 3711 cs
659 3659 750 3727 ιμξ
780 3666 834 3710 et
863 3657 1102 3725 recOgita
1141 3658 1196 3709 in
1218 3654 1403 3709 verbo.

493 3748 582 3802 Ἡ.
662 3748 1017 3818 Septuaginta
1075 3746 1443 3801 hebdomades
1496 3745 1826 3800 abbreviata:
1873 3754 2003 3800 sunt

420 3859 589 3914 super
615 3845 873 3914 populum
907 3855 1078 3910 tuum,
1109 3853 1164 3898 et
1194 3860 1362 3914 super
1412 3845 1682 3900 civitatem
1727 3856 1998 3912 sanctam,

423 3935 781 4005 quoadusque
814 3935 1129 4004 antiquetur
1159 3935 1445 3999 delictum,
1486 3947 1542 3990 et
1587 3945 2000 3992 consummetur

427 4037 726 4095 peccatum,
762 4037 814 4081 et
840 4028 1195 4097 obsignentnr
1225 4037 1467 4098 peccata,
1500 4037 1555 4082 et
1589 4031 1872 4084 deleantur
1895 4030 1999 4083 im—

421 4118 671 4186 pietates,
722 4127 776 4170 et
825 4117 1187 4186 propitientur
1226 4116 1564 4185 iniquitates,
1596 4126 1649 4170 et
1697 4117 1998 4170 adducatur

417 4211 627 4279 iustitia
656 4211 1008 4279 sempiterna,
1064 4217 1117 4261 et
1166 4208 1408 4276 signetur
1435 4207 1594 4272 visio,
1627 4217 1680 4262 et
1708 4205 1995 4277 propheta,

419 4309 473 4354 et
510 4309 745 4369 ungatur
773 4298 1008 4354 Sanctus
1035 4307 1371 4353 sanctorum.

490 4485 581 4542 ᾖξ’),
619 4483 689 4539 Et
719 4481 1231 4550 scies,etintelliges
1259 4521 1274 4546 ,
1306 4481 1372 4535 ab
1398 4480 1554 4536 exitu
1582 4497 1899 4536 sermonum
1925 4482 1994 4535 ad

2119 645 2477 715 Ἰερουσαλὴμ
2501 645 2661 714 ὅρους
2686 645 2842 710 ἁγίου
2875 661 2968 695 σου
2994 660 3006 672 ο
3033 644 3114 696 ὃτι
3145 643 3200 694 ἐν
3239 645 3358 704 ταῖς
3388 643 3685 714 ἁμαρτίαις

2106 738 2284 806 ἡμῶν,
2315 738 2408 789 καὶ⁹
2434 737 2490 788 ἐν
2528 739 2647 794 ταῖς
2680 737 2914 798 ἀδικίαις
2945 735 3099 805 ἡμῶν
3163 734 3257 786 καὶ
3298 733 3405 785 τῶν
3434 734 3686 803 πατέρων

2105 827 2286 897 ἡμῶν,
2316 828 2688 898 Ἰερουσαλὴμ,
2726 829 2818 880 καὶ
2850 831 2878 879 6
2913 827 3042 888 λαός
3104 842 3197 877 σου
3253 826 3331 888 είς
3380 825 3684 894 ὀνειδισμὸν

2107 919 2326 988 ἐγένετο
2355 922 2413 972 ἐν
2434 923 2569 972 πᾶσι
2602 923 2712 983 τοῖς
2746 918 3058 988 περικύκλῳ
3085 918 3265 986 ἡμῶν.

2181 1097 2268 1150 17.
2304 1098 2412 1150 Καὶ
2445 1097 2540 1150 νῦν
2567 1097 2908 1159 εἰσάκουσον,
2946 1096 3117 1167 Κύριε
3144 1097 3172 1148 6
3201 1095 3333 1159 Θεὸς
3365 1096 3542 1166 ἡμῶν,
3583 1098 3683 1167 τῆς

2113 1189 2423 1257 προσευχῆς
2455 1187 2550 1240 τοῦ
2599 1187 2784 1240 δούλου
2815 1204 2929 1250 σου,
2959 1188 3053 1239 καὶ
3099 1185 3207 1238 τῶν
3239 1187 3474 1256 δεήσεων
3497 1189 3681 1253 αὑτοῦ,

2109 1278 2202 1330 καὶ
2223 1278 2488 1346 ἐπίφανον
2521 1283 2582 1330 τὸ
2609 1279 2902 1349 πρόσωπόν
2935 1295 3029 1330 σου
3047 1278 3139 1330 ἐπὶ
3176 1278 3236 1330 τὸ
3289 1278 3539 1348 ἁγίασμά
3587 1299 3683 1334 σου

2111 1369 2333 1440 ἔρημον,
2369 1371 2554 1423 ἕνεκέν
2586 1389 2701 1435 σου,
2733 1371 2920 1443 Κύριε.

2185 1464 2278 1514 18.
2307 1461 2523 1526 Κλῖνον,
2563 1464 2590 1516 6
2619 1463 2749 1526 Θεός
2779 1480 2906 1532 μου,
2949 1461 3009 1514 τὸ
3034 1457 3124 1524 οὖς
3164 1479 3278 1526 σου,
3305 1462 3397 1514 καὶ
3425 1462 3682 1516 ἄκουσον·

2110 1549 2317 1614 ἄνοιξον
2340 1550 2468 1614 τοὺς
2496 1550 2808 1620 ὀφθαλμούς
2839 1567 2954 1612 σου,
2981 1551 3075 1602 καὶ
3119 1549 3195 1602 ίδε
3245 1552 3336 1602 τὸν
3383 1553 3688 1622 ἀφανισμξν

2111 1641 2288 1710 ἡμῶν,
2345 1642 2440 1693 καὶ
2487 1641 2583 1709 τῆς
2631 1639 2838 1702 πόλεώς
2868 1656 2983 1703 σου,
3017 1637 3101 1707 ἐφ’
3139 1634 3207 1708 ἦς
3242 1638 3598 1706 ἐπικέκληται
3630 1639 3690 1690 τὸ

2111 1731 2283 1801 δνομὰ
2313 1749 2407 1784 σου
2439 1732 2527 1786 ἐπ’
2558 1733 2695 1802 αὐτῇ
2717 1747 2730 1759 '
2767 1732 2850 1784 ὅτι
2904 1732 3005 1783 οὐκ
3052 1731 3146 1782 ἐπὶ
3171 1732 3289 1792 ταῖς
3323 1729 3689 1792 δικαιοσύναις

2110 1824 2269 1893 ἡμῶν
2296 1827 2459 1893 ἡμεῖς
2485 1824 2748 1896 ρίπτομεν
2808 1823 2899 1875 τὸν
2956 1823 3240 1894 οἱκτιρμὸν
3297 1820 3528 1874 ἐνώπιόν
3570 1839 3686 1889 σου,

2042 1911 2084 1966 Β
2112 1915 2226 1969 ἁλλ’
2256 1917 2348 1968 ἐπὶ
2367 1918 2488 1979 τοὺς
2509 1916 2828 1988 οἰκτιρμούς
2853 1932 2946 1968 σου
2980 1917 3103 1978 τοὺς
3130 1913 3380 1977 πολλοὺς,
3418 1913 3611 1986 Κύριε.

2190 2007 2274 2060 19.
2309 2006 2642 2061 Είσὰκουσον
2678 2007 2872 2077 Κύριε,
2934 2005 3182 2076 ίλάσθητι
3225 2005 3418 2076 Κύριε,
3451 2006 3689 2076 πρόσχες

2114 2095 2308 2168 Κύριε,
2339 2097 2563 2167 ποίησον
2599 2097 2792 2169 Κύριε,
2814 2099 2908 2150 καὶ
2941 2098 3015 2169 μὴ
3046 2098 3301 2168 χρονίσῃς
3322 2098 3505 2150 ἕνεκέν
3542 2115 3635 2150 σου
3659 2101 3689 2151 6

2114 2187 2246 2250 Θεὸς
2284 2205 2406 2258 μου,
2438 2189 2520 2241 ὅτι
2560 2188 2618 2241 τὸ
2670 2189 2845 2260 ὄνομά
2883 2206 2977 2241 σου
3033 2188 3395 2258 ἐπικέκληται
3443 2190 3536 2242 ἐπὶ
3589 2191 3688 2262 τὴν
3765 2232 3778 2242 .

2115 2280 2269 2332 πόλιν
2303 2297 2419 2344 σου,
2447 2281 2542 2332 καὶ
2565 2281 2658 2332 ἐπὶ
2685 2281 2774 2332 τὸν
2813 2280 2939 2332 λαόν
2977 2297 3071 2333 σου

2185 2369 2274 2425 90.
2301 2372 2411 2424 Καὶ
2431 2371 2510 2423 ἐτι
2545 2371 2679 2441 ἐμοῦ
2727 2371 3034 2437 λαλοῦντος,
3090 2372 3188 2424 καὶ
3227 2374 3686 2442 προσευχομένου,

2115 2466 2210 2518 καὶ
2229 2464 2646 2538 ἐξαγορεύοντος
2674 2467 2773 2530 τὰς
2813 2468 3087 2538 ἁμαρτίας
3121 2486 3244 2538 μου,
3265 2470 3357 2522 καὶ
3386 2469 3482 2531 τὰς
3512 2471 3686 2541 ἁμαρ·

2113 2557 2234 2621 τίας
2263 2558 2357 2611 τοῦ
2385 2559 2515 2613 λαοῦ
2558 2577 2659 2630 μου
2701 2561 2937 2632 Ἰσραὴλ,
2968 2562 3062 2613 καὶ
3088 2561 3373 2630 ρίπτοντος
3418 2561 3507 2613 τὸν
3541 2563 3687 2615 ἔλεόν

2117 2665 2216 2718 μου
2243 2649 2482 2703 ἐναντίον
2509 2650 2716 2721 Κυρίου
2767 2651 2861 2703 τοῦ
2913 2650 3048 2704 Θεοῦ
3078 2669 3179 2721 μου
3216 2652 3344 2722 περὶ
3399 2651 3496 2705 τοῦ
3533 2653 3687 2725 ὖρους

2113 2739 2207 2794 τοῦ
2237 2741 2392 2810 ἁγίου
2422 2742 2517 2795 τοῦ
2551 2742 2708 2811 ἁγίου
2731 2743 2824 2796 τοῦ
2854 2743 2989 2796 Θεοῦ
3016 2761 3140 2813 μου.

2181 2835 2270 2888 2L
2308 2837 2424 2902 Καὶ·
2448 2837 2526 2888 ἔτι
2569 2835 2702 2906 ἐμοῦ
2747 2835 3038 2900 λαλοῦντος
3067 2839 3124 2890 ἐν
3167 2841 3234 2909 τῇ
3266 2843 3560 2911 προσευχῇ,
3589 2840 3680 2892 καὶ

2116 2919 2224 2973 ἰδοὺ
2258 2923 2286 2974 6
2310 2922 2447 2991 ἀνὴρ
2482 2923 2744 2995 Γαϐριὴλ,
2784 2923 2843 2979 ὃν
2867 2921 3004 2978 εἶδον
3031 2927 3087 2978 ἐν
3109 2930 3175 2997 τῇ
3195 2929 3381 2998 ὁράσει
3413 2947 3506 2998 μου
3530 2930 3585 2980 ἐν
3608 2930 3674 2999 τῇ

2112 3013 2253 3084 ἀρχῇ
2279 3055 2293 3077 ,
2322 3016 2621 3086 πετόμενος
2643 3057 2657 3073 .
2686 3018 2780 3070 καὶ
2801 3017 2977 3088 ἥψατὸ
3003 3035 3127 3089 μου,
3148 3019 3281 3074 ὡσεὶ
3321 3021 3469 3094 ὥραν
3494 3022 3680 3085 Θυσίας

2112 3107 2424 3178 ἐσπερινῆς.

2180 3197 2271 3252 22.
2306 3199 2416 3251 Καὶ
2446 3198 2726 3252 ἐσυνέτισέ
2750 3215 2838 3269 με,
2864 3200 2960 3252 καὶ
2982 3199 3212 3271 ἐλάλησε
3236 3203 3354 3272 μετ’
3391 3203 3549 3272 ἐμοῦ,
3587 3207 3681 3259 καὶ

2110 3287 2299 3345 εἴπεν·
2355 3291 2580 3362 Δανιὴλ,
2648 3292 2742 3346 νῦν
2791 3291 3014 3364 ἐξῆλθον
3063 3295 3390 3366 συμϐιϐάσαι
3447 3313 3507 3348 σε
3553 3297 3682 3352 σύν-

2106 3397 2243 3434 εσιν.

2175 3473 2264 3527 25.
2305 3473 2394 3525 Ἐν
2420 3475 2560 3546 ἀρχῇ
2587 3473 2687 3544 τῆς
2719 3474 2958 3545 δεήσεως
2979 3493 3072 3530 σου
3094 3477 3309 3548 ἐξῆλθεν
3325 3479 3353 3531 6
3377 3477 3557 3546 λόγος,
3582 3483 3683 3534 καὶ

2103 3565 2214 3633 ἐγὼ
2263 3561 2428 3636 ἦλθον
2463 3567 2556 3619 τοῦ
2601 3567 2924 3635 ἀναγγεῖλαί
2958 3587 3059 3636 σοι,
3095 3571 3176 3623 ὅτι
3206 3570 3341 3643 ἀνὴρ
3375 3571 3685 3644 ἐπιθυμιῶν

2103 3650 2155 3708 εί
2180 3657 2266 3721 σὺ,
2301 3658 2395 3709 καὶ
2420 3658 2698 3729 ἐννοήθητι
2725 3661 2782 3713 ἐν
2809 3659 2888 3731 τῷ
2928 3663 3152 3732 ῥήματι.

2172 3748 2262 3804 24.
2296 3749 2697 3821 Ἐὅδομήκοντα
2715 3752 3011 3822 ἐΰδομάδες
3035 3753 3451 3824 συνετμήθησαν
3476 3757 3572 3810 ἐπὶ
3593 3757 3680 3809 τὸν

2101 3843 2229 3896 λαόν
2259 3860 2376 3908 σου,
2409 3846 2503 3897 καὶ
2525 3845 2618 3896 ἐπὶ
2648 3845 2747 3916 τὴν
2778 3846 2932 3898 πόλιν
2978 3847 3078 3918 τὴν
3107 3847 3288 3915 ἁγίαν,
3313 3847 3418 3911 ἕως
3449 3848 3545 3901 τοῦ
3585 3867 3676 3901 πα-

2101 3933 2398 4005 λαιωθῆναι
2447 3934 2508 3987 τὸ
2565 3937 2940 4007 παράπτωμα,
2991 3939 3086 3991 καὶ
3135 3937 3230 3992 τοῦ
3267 3939 3672 4010 συντελεσθῆναι

2101 4027 2395 4097 ἁμαρτίαν,
2443 4027 2540 4080 καὶ
2597 4026 2691 4079 τοῦ
2742 4030 3043 4096 σφραγίσαι
3099 4029 3390 4100 ἁμαρτίας,
3443 4031 3536 4084 καὶ
3581 4031 3674 4083 τοῦ

2100 4117 2398 4188 ἀπαλεῖψαι
2423 4118 2673 4187 ἀνομίας,
2705 4120 2800 4172 καὶ
2825 4119 2918 4172 τοῦ
2943 4119 3290 4185 ἐξιλάσασθαι
3325 4121 3562 4185 ἀδικίας,
3582 4122 3676 4174 καὶ

2098 4205 2194 4258 τοῦ
2224 4206 2453 4275 ἀγαγεῖν
2486 4207 2834 4278 δικαιοσύνην
2862 4211 3098 4275 αίώνιον,
3129 4212 3224 4263 καὶ
3256 4211 3349 4263 τοῦ
3376 4211 3676 4282 σφραγίσαι

2097 4300 2309 4370 ὅρασιν,
2379 4302 2472 4353 καὶ
2538 4303 2862 4373 προφήτην,
2927 4304 3021 4356 καὶ
3083 4303 3180 4358 τοῦ
3245 4307 3430 4375 χρῖσαι
3484 4305 3677 4373 Ἀγιον

2100 4389 2292 4457 ἁγίων.

2166 4483 2258 4536 25.
2286 4483 2396 4535 Καὶ
2425 4481 2631 4556 γνώσῃ,
2665 4486 2760 4538 καὶ
2792 4488 3060 4557 συνήσεις,
3113 4484 3222 4539 ἀπὸ
3271 4485 3457 4551 ἐξόδου
3499 4486 3676 4552 λόγων

423 4574 886 4646 respondendum,
919 4583 974 4629 et
1011 4585 1070 4628 ut
1116 4574 1414 4628 aedificetur
1461 4571 1767 4627 Jerusalem
1819 4586 1992 4641 usque

2102 4573 2189 4626 τοῦ
2213 4575 2597 4645 ἀποκριθῆναι,
2617 4578 2712 4629 καὶ
2729 4578 2822 4630 τοῦ
2845 4578 3260 4649 οἰκοδομηθῆναι
3295 4575 3674 4648 Ἰερουσαλὴμ,

420 4667 485 4722 ad
519 4667 799 4723 Christum
824 4667 1035 4730 ducem,
1056 4664 1421 4719 hebdomades
1451 4674 1679 4735 septem,
1707 4673 1759 4718 et
1786 4663 1993 4718 hebdo-

422 4762 605 4816 mades
625 4761 906 4831 sexaginta
937 4760 1089 4814 duae:
1117 4768 1171 4812 et
1200 4769 1526 4820 revertetur,
1561 4764 1614 4810 et
1635 4755 1996 4810 :edilicabitur

421 4856 594 4924 platea
621 4895 636 4918 ,
661 4863 716 4908 et
749 4855 1187 4918 circumnturale,
1213 4862 1267 4908 et
1287 4853 1698 4907 evacuabuntur
1727 4861 1991 4919 tempora.

485 5033 577 5090 96.
623 5031 689 5086 Et
717 5043 839 5102 post
866 5033 1237 5088 hebdomadas
1277 5033 1560 5101 sexaginta
1615 5033 1752 5086 duas
1805 5042 1990 5087 exter-

418 5125 715 5178 minabitur
762 5125 982 5178 unctio:
1039 5132 1094 5177 et
1138 5123 1407 5192 judicium
1468 5139 1574 5175 non
1606 5131 1691 5177 est
1725 5123 1780 5176 in
1804 5140 1889 5180 eo.
1926 5122 1992 5177 Et

367 5269 371 5277 ,
417 5214 712 5277 civitatem,
745 5223 799 5267 et
822 5217 1196 5270 sanctuarium
1224 5214 1511 5283 dissipabit
1542 5229 1666 5266 cum
1701 5215 1840 5268 duce
1891 5213 1990 5268 ad-

367 5297 372 5310 ’
420 5305 1154 5370 ιἐιιίθιιιε,ειριςιῑὶηόεηιυι·
1186 5308 1340 5376 quasi
1369 5306 1421 5358 in
1462 5305 1688 5370 diluvio,
1721 5317 1772 5360 ct
1818 5321 1992 5375 usque

415 5395 482 5448 ad
512 5397 673 5450 finem
702 5397 825 5450 belli
859 5398 1066 5451 concisi
1122 5395 1577 5450 desolationibus.
1631 5394 1992 5449 Conlirmabit

413 5497 594 5542 autem
662 5497 1050 5542 testamentum
1105 5487 1291 5542 multis
1341 5487 1682 5542 ltebdomada
1749 5501 1854 5540 una
1895 5495 1991 5540 :et

414 5579 700 5633 dimidium
738 5579 1094 5634 hebdomadas
1131 5594 1346 5635 cessare
1384 5579 1548 5634 faciet
1581 5579 1902 5649 thymiama,
1935 5587 1990 5631 et

414 5670 770 5736 sacriﬁcium,
799 5680 853 5725 et
891 5671 1148 5737 libamen,
1180 5681 1234 5725 et
1289 5687 1448 5741 super
1491 5670 1844 5740 pinnaculum
1895 5686 1980 5724 or-

412 5763 538 5817 dine
575 5763 950 5830 desolationis,
979 5774 1032 5820 et
1063 5779 1234 5833 usque
1267 5765 1332 5817 ad
1357 5764 1906 5827 consummationem,
1935 5772 1988 5816 et

417 5852 816 5906 festinationem
845 5854 1053 5918 ordine,
1080 5853 1466 5908 destructione.

2096 4664 2201 4728 ἕως
2231 4665 2468 4736 Χριστοῦ
2500 4667 2822 4737 ἡγουμένου,
2855 4669 3143 4740 ἐϐδομάδες
3171 4669 3330 4732 ἑπτὰ,
3380 4670 3474 4721 καὶ
3521 4668 3675 4719 ἐϐδο-

2099 4756 2264 4826 μὰδες
2286 4755 2548 4826 ἐξήκοντα
2570 4758 2694 4811 δύο·
2737 4761 2832 4813 καὶ
2871 4761 3208 4832 ἐπιστρέψει,
3246 4762 3340 4813 καὶ
3395 4760 3679 4828 οἰκοδομη-

2095 4848 2322 4919 θήσεται
2357 4849 2603 4915 πλατεῖα,
2633 4853 2728 4905 καὶ
2767 4853 3096 4923 περίτειχος.
3141 4854 3236 4906 καὶ
3269 4852 3676 4921 ἐκκενωθήσον-

2092 4958 2182 4994 ται
2206 4943 2256 4994 oi
2280 4943 2481 5014 καιροί.

2099 5093 2104 5098 ,
2165 5033 2256 5087 26.
2293 5036 2401 5088 Καὶ
2452 5035 2592 5105 μετὰ
2634 5036 2735 5097 τὰς
2771 5035 3073 5106 ἑϐδομάδας
3125 5035 3225 5098 τὰς
3278 5033 3540 5104 ἐξήκοντα
3579 5033 3675 5086 δύο

2094 5121 2616 5196 ἐξολοθρευθήσεται
2649 5125 2875 5195 χρίσμα,
2919 5127 3014 5179 καὶ
3067 5129 3240 5196 κρῖμα
3291 5127 3391 5176 οὐκ
3444 5125 3589 5177 ἔστιν
3613 5127 3675 5177 ἐν

2093 5215 2272 5285 αὐτῷ·
2307 5218 2400 5269 icui.
2425 5217 2523 5285 τὴν
2557 5217 2731 5281 πόλιν,
2765 5218 2968 5271 καὶτὸν
2989 5219 3143 5286 ἅγιον
3167 5218 3450 5286 διαφθερεῖ
3486 5217 3674 5286 σῦντῷ

2093 5306 2380 5376 ἡγουμένῳ
2434 5305 2511 5377 τῷ
2558 5307 2860 5378 ἐρχομένῳ,
2923 5309 3015 5360 καὶ
3065 5309 3467 5378 ἐκκοπήσονται
3503 5307 3576 5369 ὼς
3611 5308 3673 5357 ἐν

2093 5394 2485 5465 κατακλυσμῷ,
2509 5395 2602 5448 καὶ
2629 5394 2730 5456 ἕως
2751 5395 2939 5458 τέλους
2963 5393 3202 5464 πολέμου
3226 5410 3496 5461 συντετμη
3507 5397 3670 5460 μένου

2091 5487 2438 5556 ἀφανισμοῖς.
2493 5486 2604 5539 Καὶ
2650 5485 2956 5556 δυναμώσει
2979 5486 3242 5557 διαθήκην
3272 5484 3488 5546 πολλοῖς
3525 5483 3674 5536 €660-

2095 5578 2200 5645 μὰς
2259 5577 2388 5646 μία·
2453 5577 2548 5628 καὶ
2592 5576 2764 5645 ἥμισυ
2822 5580 2921 5648 τῆς
2973 5575 3266 5647 ἑϐδομάδος
3325 5573 3673 5627 καταπαύσει

2093 5667 2365 5739 θυμίαμα,
2397 5669 2492 5722 καὶ
2527 5667 2736 5733 θυσίαν,
2775 5669 2868 5723 xui.
2898 5669 3154 5740 σπονδὴν,
3197 5669 3292 5721 καὶ
3350 5667 3441 5720 ἐπί
3472 5671 3671 5736 πτερὺε

2090 5776 2208 5827 γιον
2235 5759 2385 5823 τάξει
2407 5761 2741 5832 ἀφανισμοῦ,
2773 5765 2866 5818 καὶ
2892 5763 2996 5826 ἕως
3014 5760 3350 5826 συντελείας,
3372 5762 3465 5813 καὶ
3499 5775 3667 5812 σπου-

2090 5853 2184 5919 δῆς
2218 5850 2364 5913 τάξει
2398 5853 2710 5923 ἀφανισμῷ.
