4064 6422
367 310 508 366 2883

1818 318 2052 375 CAPUT
2092 321 2160 375 Χ.

3491 332 3633 389 2835

433 433 524 486 27.
550 430 661 482 Kal
684 429 993 500 δυναμιὶηει
1017 428 1287 501 διαθήκην
1321 432 1536 497 πολλοῖς
1555 434 1790 504 ἑϐδομὰς
1820 435 1941 505 μία,

2120 436 2211 491 27.
2255 437 2321 491 Et
2353 440 2703 495 conﬁrmabit
2764 450 3147 497 testamentum
3207 443 3403 500 multis
3427 443 3641 500 hebdo-

363 524 460 577 καὶ
483 525 541 575 ἐν
593 521 667 591 τῷ
713 522 905 593 ἡμίσει
947 521 1048 591 τῆς
1096 522 1392 594 ἑϐδομάδος
1428 525 1728 596 ἀρθήσεται
1768 525 1951 586 θυσία,

364 617 461 670 καὶ
513 614 734 684 σπονδὴ.
784 613 877 666 καὶ
906 614 997 666 ἐπὶ
1023 613 1259 679 τούτοις,
1285 616 1378 669 ἐπὶ
1405 617 1466 670 τὸ
1494 617 1641 689 ἱερὸν
1672 617 1953 688 βδέλυγμα

363 708 467 776 τῆς
496 704 851 776 ἐρημώσεως,
880 706 976 757 καὶ
1022 704 1131 768 ἕως
1168 707 1483 772 συντελείας
1516 708 1715 781 καιροῦ
1764 708 1954 763 συντέ-

364 796 481 851 λεια
514 796 801 870 δοθήσεται
830 798 923 851 ἐπὶ
954 795 1052 868 τὴν
1075 798 1380 869 ἐρήμωσιν.

929 1005 1329 1060 ΚΕΦΑΛΑῙΟΝ
1351 974 1423 1062 ιη’

437 1144 491 1199 1.
525 1144 615 1197 Ἐν
645 1141 758 1196 ἔτει
816 1142 989 1213 τρίτῳ
1019 1141 1206 1215 Κύρου
1256 1143 1353 1197 τοῦ
1404 1143 1675 1213 βασιλέως
1721 1145 1950 1216 Περσῶν

362 1234 521 1304 λόγος
551 1233 912 1303 ἀπεκαλύφθη
937 1233 1015 1304 τῷ
1046 1233 1248 1303 Δανιὴλ
1280 1225 1341 1287 οὗ
1374 1232 1435 1286 τὸ
1468 1233 1641 1304 ὄνομα
1670 1234 1949 1306 ἐπεκλήθη

365 1325 615 1379 Βαλτάσα
622 1343 654 1396 ρ
678 1342 691 1354 ·
708 1326 803 1378 καὶ
825 1324 1078 1395 ἀληθινὸς
1103 1327 1131 1378 ό
1148 1325 1327 1394 λόγος,
1354 1325 1451 1379 καὶ
1462 1325 1690 1398 δύναμις
1710 1327 1947 1399 μεγάλη,

364 1420 460 1472 καὶ
488 1416 703 1478 σύνεσις
744 1414 900 1487 ἐδόθη
928 1415 1078 1486 αὐτῷ
1108 1419 1166 1470 ἐν
1203 1421 1272 1488 τῇ
1299 1417 1557 1489 ὀπτασίᾳ.

432 1505 487 1562 2.
530 1506 617 1558 Ἐν
660 1506 782 1567 ταῖς
833 1507 1072 1577 ἡμέραις
1119 1507 1355 1570 ἐκείναις
1402 1506 1516 1576 ἐγὼ
1563 1507 1766 1580 Δανιὴλ
1796 1508 1948 1580 ήμην

364 1594 576 1649 πενθῶν
601 1598 751 1665 τρεῖς
789 1595 1094 1665 ἑϐδομάδας
1123 1597 1369 1668 ἡμερῶν.

432 1690 486 1743 5.
538 1689 736 1759 Ἄρτον
765 1688 993 1759 ἡμερῶν
1028 1690 1132 1743 οὐκ
1184 1689 1412 1760 ἔφαγον,
1475 1693 1570 1747 καὶ
1613 1693 1805 1766 κρέας,
1853 1694 1948 1749 καὶ

2057 530 2218 584 mada
2251 547 2379 594 una,
2436 541 2491 586 et
2544 534 2599 586 in
2661 533 2901 589 dimidio
2945 536 3313 594 hebdomadis
3360 536 3641 594 auferetur

2056 624 2409 689 sacriﬁcium,
2441 635 2495 679 et
2526 626 2786 691 libamen,
2818 637 2872 682 ct
2899 637 3021 698 post
3061 631 3174 684 haec
3200 632 3253 684 in
3289 637 3488 701 templo
3503 632 3639 687 alio-

2056 713 2288 769 minatio
2316 715 2675 771 desolationis
2698 734 2712 773 :
2736 726 2790 772 et
2819 734 2993 787 usque
3013 720 3080 774 ad
3108 723 3637 777 consummationem

2056 806 2321 876 temporis
2370 808 2788 863 consummatio
2836 809 3055 865 dabitur
3107 826 3273 881 super
3348 813 3638 868 desolatio-

2056 911 2205 953 nem.

2655 1013 2889 1072 CAPUT
2963 1014 3034 1071 Χ.

2127 1152 2182 1205 1.
2218 1151 2275 1206 ln
2300 1168 2446 1209 anno
2475 1153 2636 1209 tertio
2695 1153 2823 1225 Cyri
2867 1155 3012 1224 regis
3068 1153 3386 1217 Persarum,
3413 1154 3637 1209 verbum

2056 1244 2359 1298 revelatum
2408 1255 2493 1301 est
2545 1244 2790 1308 Danieli,
2840 1246 3000 1315 cujus
3043 1260 3243 1300 nomen
3271 1254 3526 1301 vocatum
3557 1257 3639 1302 est

2054 1333 2326 1401 Baltasar,
2375 1347 2430 1391 et
2466 1352 2656 1392 verum
2684 1338 2933 1404 verbum,
2958 1346 3013 1392 et
3042 1337 3306 1394 fortitudo
3336 1353 3553 1409 magna,
3587 1350 3640 1395 et

2053 1424 2410 1495 intelligentia
2440 1425 2569 1481 data
2607 1436 2694 1483 est
2726 1430 2778 1483 ei
2810 1428 2866 1482 in
2898 1429 3134 1483 visione.

2122 1516 2177 1570 2.
2220 1515 2278 1569 la
2314 1517 2509 1572 diebus
2554 1518 2665 1573 illis
2725 1534 2829 1591 ego
2859 1518 3052 1575 Daniel
3103 1534 3254 1575 eram
3306 1520 3496 1593 lugens
3526 1531 3637 1577 tres

2053 1607 2423 1665 hebdomadas
2459 1611 2689 1668 dierum.

2125 1700 2179 1754 5.
2220 1699 2424 1756 Panem
2445 1692 2658 1758 dierum
2692 1719 2801 1760 non
2830 1704 3069 1772 comedi,
3104 1716 3159 1762 et
3186 1721 3338 1773 caro,
3370 1716 3425 1762 et
3449 1708 3634 1762 vinum

361 1778 501 1845 οῐνος
521 1781 624 1835 οὐκ
654 1780 906 1851 εἰσῆλθεν
920 1781 1000 1846 είς
1017 1782 1077 1835 τὺ
1105 1783 1283 1852 στόμα
1307 1801 1434 1853 μου.
1456 1787 1549 1839 καὶ
1574 1786 1820 1857 ἄλειμμα
1845 1789 1942 1841 οὐκ

2051 1810 2164 1850 non
2198 1795 2534 1850 introierunt
2560 1797 2612 1852 in
2648 1813 2712 1853 os
2736 1813 2945 1862 meum,
2990 1809 3044 1854 et
3069 1808 3348 1869 unguento
3378 1816 3486 1855 non
3512 1815 3633 1854 sum

361 1872 794 1945 ὴλειψάμην,ἕως
807 1872 1143 1944 πληρώσεως
1154 1875 1323 1948 τριῶν
1347 1877 1663 1948 ἑϐδομάδων
1689 1882 1800 1959 ημε
1807 1881 1936 1951 ρῶν.

432 2056 481 2109 4.
510 2056 620 2110 Kal
647 2056 707 2110 tv
742 2057 928 2129 ἡμέρᾳ
963 2059 1185 2130 εἰκοστῇ
1223 2059 1319 2114 καὶ
1372 2060 1613 2136 τετάρτῃ
1650 2063 1747 2117 τοῦ
1775 2064 1943 2135 μηνὸς

364 2144 455 2202 τοῦ
489 2147 701 2219 πρώτου
718 2148 776 2201 ἐν
811 2149 889 2219 τῷ
916 2149 1087 2221 τρίτῳ
1113 2151 1249 2218 ἔτει,
1280 2152 1392 2222 ἐγὼ
1416 2154 1567 2225 ἤμην
1589 2154 1826 2227 ἐχόμενα
1848 2156 1942 2210 τοῦ

279 2226 296 2239 ’
370 2240 606 2310 ποταμοῦ
626 2240 720 2294 τοῦ
755 2242 1020 2311 μεγάλου,
1056 2244 1221 2308 αὑτός
1250 2245 1369 2299 ἐστι
1395 2246 1612 2318 Τίγρις.
1747 2304 1755 2312 ,

443 2330 496 2387 5.
524 2333 630 2385 Kal
686 2331 799 2410 ᾔρα
836 2334 962 2398 τοὺς
1018 2336 1332 2409 ὀφθαλμούς
1365 2356 1493 2410 μου,
1526 2342 1622 2395 καὶ
1654 2336 1816 2407 εἶδον,
1845 2343 1945 2396 καὶ

383 2421 483 2476 non
519 2424 646 2495 ἀνὴρ
671 2420 752 2488 εἷς
776 2426 1125 2499 ἐνδεδυμένος
1157 2429 1473 2500 βαδδὶν,καὶ
1500 2435 1534 2504 ὴ
1568 2435 1743 2504 ὀσφὺς
1778 2436 1946 2490 αὑτοῦ

376 2518 773 2590 περιεζωσμένη
813 2520 1028 2593 χρυσίῳ
1094 2522 1296 2592 Ὠφὰζ,
1356 2524 1451 2578 καὶ
1498 2526 1563 2580 τδ
1591 2526 1756 2598 σῶμα
1776 2528 1946 2582 αὑτοῦ

352 2608 491 2662 ὡσεὶ
509 2610 757 2681 Θαρσεῖς.

427 2701 480 2757 6.
507 2704 617 2758 Kal
644 2706 708 2759 τὸ
739 2706 1032 2777 πρόσωπον
1056 2708 1221 2763 αὐτοῦ
1247 2709 1384 2765 ὡσεὶ
1404 2711 1599 2783 ὅρασις
1617 2714 1935 2786 ἀστραπῆς,

363 2794 453 2849 xal
482 2797 531 2850 ol
565 2797 838 2870 ὀφθαλμοὶ
876 2800 1043 2857 αὐτοῦ
1068 2801 1202 2856 ὡσεὶ
1244 2803 1528 2876 λαμπάδες
1559 2808 1755 2881 πυρὸς,
1784 2811 1880 2864 καὶ
1898 2815 1947 2868 ot

364 2885 641 2958 βραχίονες
669 2890 860 2954 αὐτοῦ,
894 2894 990 2947 xal
1029 2894 1099 2948 τὰ
1153 2895 1322 2967 σκέλη
1359 2896 1438 2962 ὡς
1488 2898 1684 2968 ὅρασις
1735 2901 1943 2972 χαλκοῦ

361 2975 688 3121 ἔτξλϐοντος,
716 2982 811 3035 καὶ
844 2984 877 3054 ἡ
931 2984 1086 3057 φωνὴ
1132 2986 1245 3041 τῶν
1272 2987 1453 3058 λόγων
1482 2989 1653 3044 αὑτοῦ
1684 2991 1762 3057 ὡς
1790 2995 1946 3068 φωνὴ

393 3086 422 3121 γ
456 3085 540 3121 ου.

391 3085 540 3138 χΑου.

2048 1896 2249 1943 unctus
2280 1907 2294 1942 :
2322 1904 2501 1958 usque
2527 1890 2594 1945 ad
2623 1891 3041 1961 completionem
3072 1892 3237 1947 trium
3267 1890 3637 1947 hebdomada-

2049 1996 2172 2036 rum
2195 1981 2428 2037 dierum.

2120 2073 2177 2128 4.
2220 2074 2287 2128 Et
2311 2074 2366 2130 in
2402 2075 2493 2131 die
2529 2075 2911 2145 vigesima,et
2953 2076 3150 2146 quarta
3215 2076 3427 2131 mensis
3471 2076 3634 2147 primi

2052 2164 2106 2219 in
2131 2179 2278 2220 armo
2301 2166 2484 2233 tertio,
2518 2182 2620 2239 ego
2666 2183 2818 2224 erant
2870 2169 3040 2239 juxta.
3081 2167 3308 2222 ﬂuvium
3350 2182 3635 2237 magnum,

2053 2257 2172 2329 ipse
2198 2268 2282 2314 est
2303 2258 2505 2329 Tigris.

2122 2351 2176 2406 5.
2219 2350 2288 2406 Et
2319 2352 2524 2408 elevavi
2581 2354 2773 2409 oculos
2805 2370 2977 2420 meos,
3027 2364 3083 2409 et
3124 2356 3256 2419 vidi,
3287 2364 3341 2410 et
3374 2369 3506 2409 ecce
3539 2352 3630 2407 vir

2053 2456 2200 2497 unus
2240 2444 2473 2499 vestitus
2499 2444 2726 2511 baddin,
2777 2454 2831 2501 et
2856 2461 3021 2501 renes
3072 2447 3208 2517 ejus.
3240 2446 3633 2502 accinetiauro

2053 2533 2263 2605 Opliaz,
2294 2543 2350 2590 et
2381 2551 2586 2607 corpus
2613 2537 2736 2608 ejus
2761 2538 2920 2608 quasi
2953 2539 3202 2596 Tharsis.

2124 2718 2178 2773 6.
2218 2718 2287 2776 Et
2310 2718 2482 2777 facies
2513 2722 2637 2791 ejus
2673 2722 2839 2777 veluti
2880 2724 3093 2793 species
3118 2723 3372 2794 fulguris,
3412 2731 3468 2780 et
3485 2723 3632 2780 oculi

2054 2810 2177 2881 ejus
2212 2821 2273 2867 ut
2302 2813 2583 2882 lampades
2616 2815 2782 2881 ignis,
2818 2823 2874 2870 et
2899 2814 3121 2870 brachia
3174 2814 3319 2885 ejus,
3378 2826 3434 2870 et
3470 2831 3626 2872 crura

2053 2904 2212 2973 quasi
2265 2904 2479 2974 species
2505 2906 2634 2961 atris
2688 2906 2971 2962 candentis
3027 2915 3127 2962 :et
3169 2922 3272 2962 vox
3314 2921 3629 2964 sermonum

2052 2994 2173 3065 ejus
2203 3006 2260 3052 ut
2290 3011 2397 3052 vox
2420 2997 2807 3054 multitudinis.

430 3158 482 3254 7.
511 3160 624 3254 Kal
662 3156 807 3217 εῐδον
837 3163 948 3234 ἐγὼ
979 3166 1179 3240 Δανιὴλ
1209 3169 1373 3240 μόνος
1400 3172 1502 3244 τὴν
1527 3174 1819 3245 ὀπτασίαν,
1844 3179 1941 3233 καί⁵

2118 3183 2173 3237 7.
2217 3181 2283 3237 Et
2314 3183 2427 3238 vidi
2460 3197 2562 3254 ego
2590 3181 2778 3240 Daniel
2841 3184 2994 3241 solus
3056 3184 3364 3242 visionem:
3415 3194 3472 3242 et
3501 3186 3625 3247 viri.

361 3252 408 3304 οί
438 3252 627 3324 ἄνδρες
647 3256 695 3309 oi
729 3258 855 3327 ’μετ’
886 3259 1024 3330 ἐμοῦ
1046 3261 1147 3315 οὐκ
1180 3258 1325 3318 εἶδον
1359 3265 1460 3339 τὴν
1492 3268 1782 3339 ὀπτασίαν,
1819 3272 1938 3329 ἀλλ’

362 3343 397 3413 ἡ
431 3343 689 3409 ἔκστασις
720 3349 934 3423 μεγάλη
980 3353 1252 3410 ἐπέπεσεν
1297 3357 1388 3412 ἐπ’
1425 3359 1644 3428 αὐτοὺς,
1679 3363 1775 3418 καὶ
1809 3363 1941 3435 ἐφιλ-

362 3451 458 3505 γον
487 3438 543 3490 ἐν
569 3437 740 3509 φόϐῳ.

429 3529 480 3623 δ.
507 3531 617 3623 Kal
638 3532 749 3602 ἐγὼ
775 3535 1108 3611 ὑπελείφθην
1139 3541 1320 3611 μόνος,
1356 3543 1452 3598 καὶ
1497 3546 1600 3602 οὐκ
1632 3522 1938 3623 ὓπελείέρθη

364 3619 422 3712 tv
441 3622 561 3691 ἐμοὶ
591 3624 765 3696 ἰσχὺς,
795 3629 890 3682 καὶ
919 3630 952 3700 ἠ
982 3630 1110 3697 δόξα
1144 3649 1247 3705 μου
1281 3638 1634 3712 μετεστράφη
1679 3641 1762 3706 είς
1816 3619 1933 3697 Sta;

366 3710 585 3785 φθορὰν,
607 3717 701 3771 καὶ
740 3720 841 3774 οὐκ
869 3722 1151 3796 ἐκράτησα
1196 3725 1403 3797 ἰσχύος.

429 3805 627 3893 9._Kal
647 3810 860 3881 ἤκουσα
887 3815 988 3886 τὴν
1013 3817 1198 3893 φωνὴν
1223 3818 1335 3886 τῶν
1386 3820 1564 3892 λόγων
1600 3825 1767 3880 αὐτοῦ
1791 3844 1805 3858 ⁸
1844 3832 1939 3885 καὶ

362 3889 419 3942 ἐν
446 3889 525 3961 τῷ
572 3892 807 3950 ἀκοῦσαί
848 3914 918 3969 με
964 3899 1068 3971 τὴν
1100 3889 1284 3975 φῶνὴν
1312 3904 1424 3958 τῶν
1455 3889 1719 3979 ῥημάτων
1744 3912 1936 3979 αὐτοῦ,

361 3980 505 4053 ἥμην
556 3991 1024 4062 κατανενυγμένος
1062 3994 1157 4049 ἐπὶ
1211 3997 1506 4067 πρόσωπόν
1565 4018 1694 4072 μου,
1753 4003 1939 4059 καὶτὸ

361 4072 651 4145 πρόσωπόν
672 4096 776 4150 μου
796 4082 889 4137 ἐπὶ
911 4083 1010 4156 τὴν
1041 4086 1170 4158 γῆν.

431 4166 533 4261 l0.
554 4170 665 4224 Kal
705 4172 814 4226 ἰδοὺ
843 4174 969 4248 χεὶρ
997 4177 1279 4254 ἁπτομένη
1319 4199 1446 4253 μου,
1490 4185 1587 4240 καὶ
1645 4186 1834 4261 ἤγειρὲ
1867 4207 1936 4259 με

359 4256 455 4313 ἐπὶ
480 4259 550 4316 τά
600 4264 806 4331 γόνατά
855 4284 982 4339 μου,
1033 4272 1132 4326 καὶ
1179 4273 1275 4326 ἐπὶ
1324 4275 1397 4330 τὰ
1430 4276 1554 4350 ῐχνη
1600 4256 1713 4334 τῶν
1756 4256 1937 4336 ποδῶν

364 4366 491 4420 μου.
824 4371 833 4377 ’

427 4443 517 4502 Η.
543 4448 657 4559 lCal
679 4445 843 4559 εἶπεν
869 4456 1011 4559 πρὸς
1039 4457 1155 4529 με·
1184 4461 1385 4534 Δανιὴλ
1419 4463 1560 4538 ἀνὴρ
1602 4464 1932 4537 ἐπιθυμιῶν,
1970 4504 2013 4559 0

364 4535 512 4631 σύνες
538 4542 597 4593 ἐν
618 4546 733 4610 τοῖς
749 4545 935 4615 λόγοις
960 4547 1042 4614 οἷς
1074 4551 1187 4621 ἐγὼ
1214 4551 1365 4608 λαλῶ
1391 4535 1637 4628 πρὸς-σὲ,
1665 4558 1760 4612 καὶ
1774 4535 1938 4631 στῆθι

360 4629 447 4682 ἐπὶ
473 4634 537 4703 τῇ
580 4633 768 4690 στάσει
804 4656 919 4706 σου,
952 4641 1035 4695 δτι
1061 4643 1159 4697 νῦν
1189 4644 1506 4719 ἀπεστάλην
1544 4648 1682 4720 πρὸς
1712 4649 1792 4704 σέ.
1826 4629 1939 4704 Kal

359 4721 513 4793 ἐντῷ
552 4725 784 4799 λαλῆσαι
847 4733 1013 4788 αὐτὸν
1061 4738 1203 4809 πρὸς
1265 4738 1335 4810 μέ
1386 4740 1480 4793 τὸν
1528 4740 1688 4812 λόγον
1721 4741 1932 4810 τοῦτον,

358 4812 584 4887 ἀνέστην
600 4819 881 4893 ἔντρομος.

427 4907 513 4963 12.
545 4911 657 4967 Kal
706 4909 861 4969 εἶπεν
897 4918 1035 4990 πρὸς
1060 4918 1128 4990 μέ
1159 4938 1173 4952 ο
1206 4918 1299 4992 Μὴ
1350 4921 1518 4991 φοϐοῦ
1564 4925 1782 4994 Δανιὴλ,
1852 4929 1937 4982 δτι

356 4998 465 5055 ἀπὸ
485 5003 585 5075 τῆς
615 5008 838 5080 πρώτης
860 5011 1078 5084 ἡμέρας
1101 5007 1170 5085 ἧς
1204 5013 1412 5078 ἔδωκας
1438 5014 1542 5086 τὴν
1591 5016 1819 5088 καρδίαν
1840 5037 1934 5074 σου

354 5092 446 5145 τοῦ
482 5097 746 5165 συνιέναι,
779 5101 877 5155 καῖ
932 5103 1251 5174 κακωθῆνᾶι
1303 5105 1550 5159 ἐναντίον
1580 5109 1788 5181 Κυρίου
1838 5112 1933 5164 τοῦ

355 5183 488 5237 Θεοῦ
518 5204 632 5254 σου,
667 5191 1015 5264 ὴκούσθησαν
1042 5195 1093 5248 οί
1130 5194 1278 5265 λόγοι
1322 5213 1441 5262 σου,
1472 5197 1569 5253 καλ⁸
1620 5199 1732 5269 ἐγὼ
1769 5197 1935 5275 ἦλθον

355 5275 412 5328 ἐν
434 5280 544 5343 τοῖς
562 5280 739 5350 λόγοις
763 5302 878 5340 σου.

425 5369 512 5425 15.
544 5372 699 5429 Καὶό
725 5376 911 5448 ἄρχων
954 5379 1233 5449 βασιλείας
1281 5381 1507 5454 Περσῶν
1559 5383 1803 5455 εἱστήκει
1846 5387 1937 5449 ἐξ·

359 5460 609 5526 ἐναντίας
643 5480 746 5533 μου
784 5466 960 5521 εἰκοσι
992 5469 1089 5523 καὶ⁵
1120 5471 1251 5541 μίαν
1277 5471 1526 5542 ἡμέραν
1560 5472 1656 5525 καὶ
1680 5473 1788 5526 ἰδοὺ
1822 5476 1929 5529 Μι-

356 5547 491 5621 χαὴλ
520 5546 598 5615 εἷς
621 5554 729 5609 τῶν
761 5556 1040 5627 ἀρχόντων
1070 5559 1179 5614 τῶν
1223 5561 1456 5632 πρώτων
1486 5557 1620 5635 ἦλθε
1670 5562 1932 5635 βοηθῆσαί

359 5655 470 5707 μοι,
507 5643 601 5696 καὶ
662 5646 829 5700 αὐτὸν
878 5649 1178 5707 κατέλιπον.
1230 5654 1347 5708 ἐκεῖ
1375 5656 1514 5727 μετὰ
1546 5654 1639 5709 τοῦ
1670 5655 1931 5727 ἄρχοντος

360 5731 619 5801 βασιλέως
634 5738 878 5809 Περσῶν.

2045 3275 2141 3349 qui
2168 3283 2324 3331 erant
2351 3291 2589 3342 mecum,
2614 3291 2723 3332 non
2748 3275 3308 3344 videruntvisionem,
3329 3277 3427 3334 sed
3453 3286 3629 3334 terror

2047 3383 2274 3439 magnus
2308 3369 2469 3424 irruit
2496 3384 2662 3438 super
2688 3383 2805 3438 eos,
2839 3378 2899 3426 et
2926 3369 3191 3442 fugerunt
3221 3370 3528 3428 intimare.

2118 3553 2172 3608 8.
2218 3551 2285 3606 Et
2316 3568 2419 3624 ego
2447 3553 2673 3610 relictus
2723 3570 2843 3610 sum
2873 3555 3022 3610 solus
3063 3572 3077 3609 ε
3135 3562 3189 3609 et
3219 3569 3326 3610 non
3362 3539 3628 3611 remansit

2046 3646 2103 3702 in
2134 3661 2222 3701 me
2246 3644 2535 3711 fortitudo,
2566 3655 2616 3701 et
2653 3647 2826 3718 gloria
2861 3663 2978 3701 mea
3011 3662 3277 3703 conversa
3311 3657 3395 3703 est
3444 3647 3498 3702 in
3545 3648 3626 3702 in-

2046 3738 2271 3794 teritum
2299 3758 2312 3794 :
2350 3749 2405 3793 et
2430 3754 2539 3794 non
2571 3742 2768 3795 retinui
2800 3740 3201 3799 fortitudinem.

2116 3830 2171 3885 9.
2210 3833 2277 3887 Et
2304 3832 2488 3888 audivi
2524 3849 2716 3889 vocem
2749 3851 3065 3890 sermonum
3089 3836 3249 3905 ejus:
3276 3843 3339 3891 et
3367 3850 3492 3890 cum
3525 3851 3628 3891 au-

2044 3922 2221 3977 direm
2254 3940 2444 3979 vocem
2477 3926 2777 3981 verborum
2837 3927 2999 3995 ejus,
3055 3943 3206 3982 eram
3263 3936 3627 3996 compunctus

2044 4029 2209 4086 super
2232 4014 2429 4072 faciem
2465 4031 2667 4084 meam,
2695 4030 2750 4074 et
2783 4016 2954 4074 facies
2985 4033 3107 4073 mea
3142 4034 3310 4089 super
3335 4027 3562 4080 terram.

2117 4200 2206 4258 10.
2251 4200 2319 4255 Et
2344 4216 2472 4257 ecce
2510 4216 2709 4257 manus
2741 4214 2968 4271 tangens
2997 4216 3105 4266 me,
3137 4201 3315 4257 erexit
3354 4217 3438 4256 me
3460 4179 3650 4272 super.

2043 4310 2224 4366 genua
2245 4309 2387 4362 mea,
2422 4303 2479 4350 et
2506 4307 2672 4363 super
2695 4293 2912 4364 plantas
2936 4292 3131 4364 pedum
3158 4307 3431 4348 meorum.

2118 4458 2313 4514 lis-Et
2335 4457 2473 4511 dixit
2501 4456 2564 4511 ad
2595 4471 2702 4511 me:
2736 4455 2925 4510 Daniel
2957 4456 3042 4511 vir
3081 4455 3503 4523 desideriorum,
3536 4456 3625 4527 in-

2044 4550 2302 4621 telligein
2332 4550 2539 4613 verbis,
2575 4564 2700 4620 quae
2733 4564 2831 4618 ego
2867 4550 3062 4620 loquor
3107 4550 3173 4604 ad
3218 4559 3270 4604 te
3300 4569 3315 4606 :
3364 4560 3419 4607 et
3446 4564 3528 4606 sta
3567 4551 3621 4604 in

2041 4643 2215 4712 gradu
2246 4649 2378 4695 tuo:
2410 4641 2537 4710 quia
2590 4655 2736 4695 nunc
2768 4640 2973 4695 missus
3003 4656 3124 4695 sum
3173 4641 3239 4694 ad
3270 4651 3353 4695 te:
3386 4655 3623 4709 cumque

2041 4734 2271 4789 dixisset
2297 4735 2413 4805 ipse
2445 4734 2513 4789 ad
2550 4748 2635 4789 me
2675 4748 2981 4789 sermonem
3018 4733 3181 4788 istum
3207 4774 3222 4797 ,
3270 4733 3484 4787 surrexi
3509 4742 3621 4788 tre—
3655 4804 3663 4812 ‘

2041 4841 2219 4883 mens.
2555 4876 2561 4883 .

2111 4919 2200 4973 19..
2242 4917 2318 4974 Et.
2339 4918 2485 4974 dixit
2505 4917 2572 4974 ad
2603 4934 2729 4973 me:
2764 4918 2887 4973 Noli
2938 4927 3199 4983 metuere,
3254 4917 3460 4984 Daniel;
3489 4917 3616 4986 quia

2038 5027 2105 5066 ex
2139 5013 2318 5082 primo
2345 5013 2453 5078 die,
2478 5028 2590 5084 quo
2617 5014 2846 5084 posuisti
2877 5029 2974 5070 cor
3011 5022 3164 5067 tuum
3214 5014 3280 5067 ad
3311 5014 3616 5084 intelligen-

2037 5106 2191 5170 dum,
2213 5115 2268 5161 et
2296 5106 2639 5177 amigendum
2674 5115 2725 5161 te
2754 5121 2937 5159 coram
2976 5102 3209 5158 Domino
3239 5103 3346 5158 Deo
3380 5115 3492 5169 tuo,
3515 5120 3616 5159 au-

2038 5197 2151 5253 dita
2186 5207 2316 5256 sunt
2345 5199 2510 5252 verba
2537 5206 2626 5253 tua
2658 5214 2671 5249 :
2705 5205 2759 5251 et
2786 5210 2887 5265 ego
2914 5195 3037 5249 veni
3069 5195 3122 5247 in
3153 5195 3336 5250 verbis
3379 5195 3509 5250 tuis.

2106 5385 2195 5439 15.
2216 5383 2284 5438 Et
2316 5384 2572 5454 princeps
2601 5382 2757 5454 regni
2797 5380 3087 5436 Persarum
3117 5379 3267 5435 stetit
3296 5396 3362 5434 ex
3385 5382 3616 5437 adverso

2039 5478 2172 5532 mihi
2198 5477 2398 5543 vigenti
2426 5485 2482 5531 et
2516 5492 2627 5530 uno
2654 5476 2880 5540 diebus;
2935 5484 2990 5529 et
3027 5489 3155 5528 ecce
3202 5471 3435 5529 Michael
3472 5489 3614 5528 "Illis

2037 5568 2103 5622 (le
2131 5566 2472 5637 principibus
2504 5566 2697 5634 primis
2726 5568 2878 5623 venit
2928 5567 2995 5622 ad
3024 5564 3398 5621 auxiliandum
3454 5564 3609 5627 mihi,

2034 5668 2090 5713 ct
2121 5659 2298 5727 ipsum
2359 5658 2554 5724 reliqui
2618 5657 2691 5713 ibi
2736 5671 2862 5713 cum
2924 5658 3175 5730 principe
3213 5659 3359 5726 regis
3414 5654 3603 5713 Persa-

2036 5767 2178 5806 ιἰιιιι.
