4064 6408
417 285 556 341 $887

495 399 688 455 “(Et
714 400 857 464 veni,
904 406 962 450 ut
1012 398 1266 453 docerem
1316 409 1386 464 te,
1418 416 1541 469 qua:
1579 409 1804 454 ventura
1859 408 1986 452 sunt
2016 403 2071 470 Α,

421 491 620 559 populo
641 498 729 544 tuo
757 489 807 542 in
833 487 1146 543 novissimis
1176 489 1389 556 diebus,
1421 491 1680 559 quoniam
1707 504 1834 544 ecce
1851 487 1987 541 visio

423 580 477 634 in
505 581 641 634 dies.

495 670 581 724 15.
621 669 865 739 Cumque
898 671 1213 739 loqueretur
1275 671 1389 738 ipse
1425 685 1638 723 mecum
1686 668 1986 723 secundum

407 761 795 828 hujuscemodi
832 762 1014 825 verba,
1053 763 1175 816 dedi
1219 762 1410 815 faciem
1443 776 1617 815 meam
1663 759 1716 812 in
1761 768 1984 819 terram,

418 862 475 907 et
509 863 866 921 compunctus
895 869 1042 908 sum.

492 941 578 996 16.
624 941 686 994 Et
713 957 839 997 ecce
868 945 1026 1012 quasi
1059 943 1360 997 similitudo
1403 943 1496 996 filii
1529 941 1768 995 hominis
1817 939 1990 1008 tetigit

422 1035 560 1088 labia
602 1050 762 1088 mea:
799 1045 850 1090 et
898 1036 1082 1104 aperui
1117 1051 1178 1090 os
1211 1051 1412 1099 meum,
1469 1043 1522 1088 et
1574 1035 1786 1088 loculus
1844 1048 1986 1096 sum,

421 1137 474 1181 et
502 1127 610 1181 dixi
641 1125 706 1179 ad
737 1141 884 1190 eum,
915 1127 1007 1196 qui
1065 1127 1242 1181 stabat
1274 1136 1462 1181 contra
1520 1141 1642 1179 me:
1672 1124 1899 1177 Domine.
1933 1123 1987 1177 in

423 1218 632 1272 visione
658 1228 748 1272 tua
795 1235 1059 1273 conversa
1095 1228 1227 1273 sunt
1262 1219 1517 1272 interiora
1574 1219 1626 1271 in
1660 1233 1764 1278 me,
1787 1226 1842 1271 et
1863 1231 1990 1271 ecce

425 1328 529 1364 non
565 1311 740 1364 habeo
771 1311 1163 1364 fortitudinem.

494 1401 581 1456 17.
624 1401 690 1456 Et
721 1401 994 1469 quomodo
1024 1402 1222 1470 poterit
1243 1416 1433 1455 servus
1459 1408 1607 1461 tuus,
1641 1397 1990 1462 Domine,.lo-

423 1492 514 1562 qui
543 1506 666 1544 eum
694 1489 924 1544 Domino
954 1491 1098 1545 isto?
1137 1501 1192 1544 et
1238 1506 1338 1560 ego
1367 1489 1563 1543 amodo
1603 1504 1708 1542 non
1739 1486 1902 1541 stabit
1933 1487 1987 1539 in

422 1599 504 1634 me
533 1580 816 1645 fortitudo,
844 1581 1044 1636 halitus
1069 1597 1178 1662 non
1209 1581 1468 1635 remansit
1505 1580 1559 1633 in
1602 1595 1705 1633 me.

491 1763 576 1818 18.
618 1765 681 1818 Et
719 1763 947 1826 addidit,
980 1771 1033 1816 et
1057 1763 1230 1833 tetigit
1257 1777 1342 1817 me
1373 1761 1529 1831 quasi
1558 1760 1696 1816 visio
1727 1759 1986 1824 hominis,
2021 1736 2064 1791 Β

417 1867 472 1910 ct
500 1856 828 1911 confortavit
861 1871 966 1908 me.

498 1947 579 2002 l9.
616 1946 682 2001 Et
707 1947 845 2000 dixit
876 1946 1004 1999 mihi
1029 1963 1041 1998 :
1063 1945 1176 2000 Noli
1212 1946 1424 2008 timere,
1447 1946 1528 2000 vir
1560 1945 1986 2000 desideriorum:

418 2054 520 2109 pas
548 2038 644 2092 tibi
676 2054 690 2090 :
733 2039 966 2092 viriliter
1008 2053 1125 2108 age,
1149 2049 1200 2092 et
1243 2037 1574 2091 confortarc.
1630 2038 1877 2106 Cumque
1907 2037 1989 2088 lo-

418 2140 678 2198 queretur
710 2130 826 2199 ipse
858 2144 1097 2192 mecum,
1122 2129 1398 2192 convalui,
1433 2138 1488 2183 et
1518 2130 1632 2184 dixi
1661 2147 1672 2182 :
1711 2129 1990 2200 Loquatur

421 2220 681 2274 Dominus
714 2233 888 2283 meus,
916 2217 1043 2288 quia
1068 2217 1394 2297 .eonfortasti
1428 2234 1532 2273 me.

483 2312 575 2368 9.0.
617 2310 682 2364 Et
710 2311 848 2366 dixit
903 2329 916 2364 :
972 2309 1182 2374 Scisne,
1209 2325 1377 2379 quare
1427 2310 1666 2364 venerim
1716 2310 1783 2364 ad
1809 2311 1891 2363 te?
1940 2320 1990 2364 et

417 2420 564 2459 nunc
594 2411 857 2466 revertar,
891 2411 948 2456 ut
974 2402 1185 2470 przelier
1215 2416 1340 2455 cum
1381 2402 1624 2470 principe
1652 2401 1942 2456 Persarum
1973 2421 1986 2455 :

415 2510 470 2552 et
509 2512 610 2567 ego
665 2496 1004 2566 egrediebar,
1051 2505 1104 2550 et
1151 2495 1404 2564 princeps
1449 2493 1762 2549 Grtccorum
1810 2495 1991 2550 venie-

421 2593 530 2643 Ital.

487 2679 585 2733 9|.
607 2678 995 2734 Verumtamen
1018 2679 1358 2734 annuntiabo
1388 2678 1506 2742 tibi,
1543 2678 1688 2747 quod
1719 2679 1988 2732 constitu-

419 2782 532 2826 tum
564 2780 646 2825 est
679 2772 731 2824 in
767 2770 1039 2839 scriptura
1064 2771 1308 2824 veritatis
1335 2788 1348 2824 :
1383 2779 1437 2824 et
1483 2785 1588 2822 non
1619 2777 1704 2824 est
1735 2784 1874 2823 unus
1895 2770 1991 2822 ad-

418 2867 632 2920 haerens
662 2863 794 2917 mihi
827 2861 896 2918 de
924 2863 1026 2920 his.
1056 2863 1160 2916 nisi
1192 2861 1418 2916 Michael
1449 2863 1697 2932 princeps
1716 2869 1913 2916 vester.

1012 2975 1244 3031 CAPUT
1290 2975 1386 3030 Xl.

491 3095 540 3147 1.
584 3091 647 3146 Ει
676 3091 876 3146 factum
909 3092 1065 3158 estin
1099 3107 1244 3146 anno
1278 3092 1453 3162 primo
1483 3089 1642 3162 Cyri,
1676 3089 1884 3145 stabam
1921 3088 1987 3143 ad
2013 3076 2060 3138 C

419 3186 608 3251 robur,
629 3193 682 3237 et
711 3182 1105 3236 fortitudinem.

487 3275 541 3327 ἓ.
588 3274 649 3327 lit
679 3289 823 3327 nunc
853 3273 1118 3327 annuntio
1146 3273 1240 3328 tibi
1265 3274 1550 3328 veritatem
1597 3291 1610 3326 :
1666 3287 1791 3327 cccc
1808 3270 1988 3324 adhuc

420 3381 526 3421 tres
560 3381 712 3435 reges
749 3375 972 3434 surgent
1000 3364 1051 3418 in
1089 3362 1332 3430 Perside,
1370 3374 1423 3418 et
1452 3373 1680 3434 quartus
1728 3362 1989 3416 ditahitur

417 3455 618 3512 divitiis
652 3459 863 3528 magnis
907 3472 1069 3525 super
1119 3471 1310 3511 omnes
1355 3472 1370 3522 ;
1420 3465 1474 3508 et
1512 3471 1637 3510 eum
1700 3453 1988 3508 invaluerit

419 3553 534 3622 ipse
568 3551 796 3614 divitiis,
839 3548 1083 3618 insurget
1142 3564 1306 3617 super
1339 3547 1521 3602 omnia
1568 3561 1733 3616 regna
1768 3543 1986 3599 Graeco-

417 3659 560 3698 rum.

488 3735 541 3786 5.
588 3732 650 3786 Et
672 3741 856 3808 surget
882 3748 973 3788 rex
1006 3740 1222 3800 potens,
1255 3740 1309 3784 et
1333 3728 1710 3784 dominabitur
1737 3727 1985 3783 domina-

415 3821 563 3876 tione
597 3821 785 3885 multa,
812 3830 866 3873 et
899 3820 1060 3874 faciet
1100 3820 1398 3875 secundum
1443 3820 1771 3874 voluntatem
1805 3833 1982 3873 suam.

484 4007 540 4062 4.
583 4009 647 4061 Et
684 4023 807 4061 cum
870 4005 1078 4060 steterit
1119 4021 1345 4074 regnum
1395 4007 1536 4075 ejus,
1569 4015 1902 4067 conteretur,
1931 4014 1984 4060 ct

413 4101 686 4154 dividetur
717 4099 769 4152 in
799 4108 1032 4168 quatuor
1061 4106 1250 4150 ventos
1279 4098 1401 4152 cteli
1424 4138 1440 4162 ,
1470 4107 1524 4151 et
1563 4113 1668 4150 non
1701 4098 1755 4151 in
1797 4098 1984 4152 novis-

413 4195 553 4250 sima
581 4209 701 4258 sua,
758 4207 933 4261 neque
979 4191 1278 4246 secundum
1332 4189 1763 4245 dominationem
1801 4205 1981 4252 suam,

412 4301 519 4356 qua
544 4284 859 4338 dominatus
885 4291 969 4336 est
991 4299 1006 4336 :
1032 4281 1158 4351 quia
1185 4279 1574 4350 cxstirpabitur
1599 4295 1823 4351 regnum
1840 4280 1980 4349 ejus,

412 4388 467 4431 et
493 4377 712 4432 dabitur
735 4375 860 4428 aliis
898 4383 1092 4444 praeter
1123 4374 1277 4427 istos.
1789 4434 1802 4446 .

484 4464 540 4528 5.
582 4463 647 4516 Et
679 4460 1074 4516 confortabitur
1098 4477 1190 4515 rex
1236 4461 1444 4515 austri:
1481 4469 1534 4516 et
1558 4479 1697 4516 unus
1727 4461 1793 4516 de
1825 4462 1980 4531 prin-

413 4556 630 4627 cipibus
661 4555 781 4621 ejus
810 4555 1123 4625 praevalebit
1150 4569 1311 4624 super
1340 4569 1488 4619 eum,
1521 4563 1576 4608 et
1613 4553 1982 4608 dominabitur

414 4649 788 4703 dominatione
821 4647 989 4699 multa
1025 4655 1217 4715 printer
1243 4655 1564 4715 potestatem
1588 4662 1766 4700 suam.
1848 4654 1854 4658 '

484 4739 538 4792 6.
572 4739 638 4794 Et
664 4747 788 4808 post
813 4753 987 4793 annos
1012 4737 1154 4792 illius
1200 4737 1734 4791 commiscehuntur:
1763 4737 1981 4808 {iliaque

411 4831 555 4902 regis
590 4831 759 4885 austri
789 4830 1126 4900 ingredietur
1166 4829 1231 4882 ad
1264 4845 1444 4900 regem
1491 4829 1763 4898 aquilonis
1798 4827 1979 4883 facere

413 4924 616 4978 fmdera
648 4938 770 4976 cum
795 4938 882 4988 eo,
915 4931 968 4976 et
1001 4938 1105 4974 non
1144 4922 1410 4977 obtinebit
1457 4921 1828 4976 fortitudinem
1858 4921 1981 4975 bra-

412 5016 546 5086 chii,
582 5031 684 5071 nec
713 5015 882 5072 Stabit
937 5029 1120 5069 semen
1155 5014 1309 5084 ejus,
1363 5021 1419 5068 et
1465 5013 1709 5068 tradetur
1759 5015 1897 5084 ipsa,
1927 5022 1980 5066 et

411 5109 503 5177 qui
539 5108 881 5162 adducebant
905 5121 1048 5166 eam,
1081 5113 1134 5160 et
1161 5105 1596 5170 adolescentula,
1640 5111 1695 5157 et
1721 5104 1814 5174 qui
1849 5117 1976 5156 con-

413 5198 647 5253 fortabat
670 5214 789 5254 eam
824 5198 877 5251 in
919 5194 1272 5264 temporibus.

483 5370 534 5424 7.
573 5368 643 5424 Et
671 5380 856 5441 surget
883 5369 951 5424 de
986 5368 1118 5426 flore
1172 5369 1370 5425 radicis
1417 5371 1538 5440 ejus
1571 5372 1979 5440 prmparationis

408 5462 556 5520 illius
586 5482 598 5515 :
633 5470 686 5516 et
714 5462 895 5516 veniet
927 5461 993 5515 ad
1014 5460 1295 5528 virtutem,
1330 5472 1384 5518 et
1410 5464 1742 5533 ingredietur
1773 5465 1824 5518 in
1852 5481 1977 5534 pro-

409 5555 713 5635 pugnacula
750 5554 892 5628 regis
929 5555 1200 5626 aquilonis
1227 5572 1239 5608 :
1265 5565 1318 5610 et
1350 5555 1511 5612 faciet
1539 5557 1590 5612 in
1630 5559 1729 5623 eis,
1764 5569 1817 5613 et
1839 5559 1978 5613 obti-

408 5646 576 5703 nebit.
1595 5647 1597 5650 ’

1492 283 1740 339 DANiEL
1780 284 2000 340 JUXTA
2041 281 2587 343 THEODOTIONEM

3517 276 3663 332 2888

2160 400 2248 455 Η.
2281 403 2393 455 Καὶ
2421 396 2586 471 ἦλθον
2616 396 2893 452 συνετίσαι
2949 409 3009 446 σε
3041 393 3144 446 ὅσα
3174 391 3552 460 ἀπαντήσεται
3578 391 3658 462 τῷ

2088 491 2202 563 λαῷ
2240 509 2331 545 σου
2359 493 2447 544 ἐπ’
2475 490 2718 561 ὲσχάτων
2743 487 2851 541 τῶν
2877 484 3122 557 ἡμερῶν,
3153 484 3236 536 ὅτι
3266 480 3376 534 ἰδοὺ
3413 483 3446 551 ἡ
3469 481 3659 553 ὅρασις

2089 585 2171 646 εἰς
2203 583 2434 654 ἡμέρας.

2161 675 2248 728 13.
2287 677 2397 728 Καὶ
2420 677 2478 728 ὲν
2502 672 2580 742 τῷ
2602 670 2835 740 λαλῆσαι
2860 669 3022 724 αὐτὸν
3057 668 3173 739 μετ’
3201 664 3338 736 ἐμοῦ
3365 664 3506 719 κατὰ
3532 665 3659 727 τοὺς

2086 767 2280 834 λόγους
2300 767 2542 829 τούτους,
2578 765 2752 817 ἔδωκα
2781 763 2841 816 τὸ
2866 760 3155 834 πρόσωπόν
3171 777 3272 832 μου
3307 761 3388 822 εἰς
3403 759 3504 829 τὴν
3532 758 3657 828 γῆν·

2091 859 2185 909 xui.
2219 856 2542 924 κατενύγην.

2162 950 2248 1004 16.
2283 949 2392 1001 Καὶ
2421 949 2528 1001 ἰδοὺ
2591 947 2665 1010 ὡς
2718 943 2976 1013 ὁμοίωσις
3005 938 3121 994 υἱοῦ
3157 935 3445 1010 ἀνθρώπου
3484 937 3662 1006 ἥψατο

2089 1039 2198 1092 τῶν
2230 1038 2453 1109 χειλέων
2487 1037 2725 1107 μου,καὶ
2746 1031 2936 1106 ήνοιξα
2960 1032 3022 1085 τὸ
3045 1032 3224 1100 στόμα
3258 1046 3382 1099 μου.
3417 1029 3512 1080 xui.
3538 1027 3662 1080 ἐλά-

2088 1131 2251 1200 λησα,
2299 1130 2394 1183 καὶ
2447 1123 2602 1182 εἷπον
2651 1126 2788 1198 πρὸς
2841 1125 2932 1178 τὸν
2982 1124 3193 1176 ἑστῶτα
3239 1121 3479 1174 ἐναντίον
3523 1135 3660 1188 μουο

2091 1224 2288 1294 Κύριε,
2342 1223 2400 1275 ἐν
2423 1224 2491 1292 τῇ
2525 1218 2713 1292 ὁράσει
2764 1235 2858 1270 σου
2913 1213 3160 1284 ἐστράφη
3187 1213 3256 1266 τὰ
3287 1210 3438 1274 ἐντός
3467 1225 3570 1280 μου
3605 1209 3666 1260 ὲν

2091 1316 2239 1385 ἐμοὶ,
2273 1316 2367 1368 καὶ
2404 1314 2512 1368 ἰδοὺ
2547 1313 2645 1366 οὐκ
2674 1311 2782 1381 ἔχω
2818 1309 2992 1378 ἰσχύν.

2162 1406 2250 1460 17.
2280 1406 2389 1458 Καὶ
2452 1403 2568 1466 πῶς
2602 1403 2890 1472 δυνήσεται
2940 1400 2968 1451 ὁ
3007 1397 3138 1458 παῖς
3169 1412 3287 1458 σου,
3329 1393 3522 1465 Κύριε,
3568 1394 3670 1446 λα.

2092 1497 2252 1565 λῆσαι
2285 1496 2422 1566 μετά
2453 1493 2548 1546 τοῦ
2583 1493 2786 1564 Κυρίου
2825 1489 3056 1552 τούτου;
3117 1487 3213 1540 καὶ
3263 1485 3395 1554 ἐγὼ,
3434 1486 3542 1539 ἀπὸ
3568 1487 3666 1538 τοῦ

2094 1587 2193 1640 νῦν
2237 1587 2297 1638 οὐ
2332 1587 2594 1656 στήσεται
2625 1586 2684 1637 ὲν
2708 1584 2834 1655 ἐμοὶ
2875 1583 3050 1653 ἰσχὺς.
3101 1584 3194 1635 καὶ
3238 1583 3377 1651 πνοὴ
3401 1583 3500 1652 οὐχ
3526 1582 3665 1634 ὑπε-

2089 1676 2288 1746 λείφθη
2314 1677 2371 1729 ὲν
2403 1676 2546 1747 ἐμοί.

2163 1770 2252 1824 18.
2308 1771 2416 1823 Καὶ
2470 1768 2785 1840 προσέθετο,
2841 1770 2937 1822 καὶ
2975 1767 3150 1838 ἣψατό
3192 1784 3293 1837 μου
3351 1767 3426 1829 ὠς
3477 1767 3670 1837 ὅρασις

2092 1863 2402 1936 ἀνθρώπου,
2435 1865 2529 1917 καὶ
2552 1861 2800 1932 ὲνίσχυσέ
2833 1878 2923 1928 με.

2164 1957 2249 2010 19.
2283 1957 2395 2009 Καὶ
2454 1951 2606 2006 εἶπεν
2633 1970 2720 2023 μοι
2741 1970 2752 1981 ·
2805 1953 2895 2020 Μὴ
2928 1949 3119 2019 φοϐοῦ,
3157 1949 3298 2020 ἀνὴρ
3328 1948 3663 2018 ἐπιθυμιῶν.

2092 2048 2282 2116 εἰρήνη
2313 2062 2415 2097 σοι·
2445 2043 2718 2115 ἁνδρίζου,
2753 2043 2848 2096 καὶ
2898 2042 3050 2110 ἴσχυε
3072 2058 3083 2068 ·
3119 2039 3215 2091 καὶ
3242 2041 3300 2091 ὲν
3324 2038 3404 2107 τῷ
3431 2039 3667 2108 λαλῆσαι

2091 2137 2253 2190 αὑτὸν
2309 2138 2425 2205 μετ’
2454 2134 2610 2204 ἐμοῦ,
2661 2134 2940 2204 ὲνίσχυσα,
2987 2133 3081 2184 xui.
3137 2127 3309 2184 εἷπον·
3350 2132 3596 2185 Λαλείτω
3635 2134 3667 2185 ὀ
3763 2203 3766 2205 _

2092 2228 2298 2299 Κύριός
2335 2245 2459 2298 μου,
2493 2227 2574 2280 ὅτι
2602 2227 2894 2296 ὲνίσχυσάς
2929 2241 3017 2294 με.

2161 2321 2251 2374 20.
2274 2321 2384 2372 Καὶ
2419 2314 2592 2381 εἶπεν,
2615 2320 2662 2370 εἰ
2694 2313 2843 2380 οἶδας
2869 2316 2922 2368 τί
2952 2311 3117 2386 ἦλθον
3145 2315 3281 2384 πρὸς
3309 2315 3369 2368 σὲ
3392 2332 3407 2377 ;
3436 2315 3533 2368 xui.
3569 2313 3669 2368 νῦν

2090 2412 2408 2482 ἐπιστρέψω
2433 2412 2526 2464 τοῦ
2563 2409 2870 2479 πολεμῆσαι
2922 2410 3059 2478 μετὰ
3092 2408 3351 2480 ἄρχοντος
3393 2407 3626 2478 Περσῶν
3647 2425 3665 2441 ·

2092 2504 2189 2556 καὶ
2211 2502 2321 2570 ἐγὼ
2351 2502 2778 2573 ὲξεπορευόμην,
2826 2501 2920 2555 καὶ
2959 2501 2988 2553 ὁ
3031 2499 3214 2570 ἀρχων
3247 2497 3356 2551 τῶν
3396 2499 3668 2570 Ἑλλήνων

2089 2593 2308 2664 ἤρχετο.

2159 2683 2250 2737 2|.
2286 2682 2425 2736 Ἀλλ’
2449 2684 2481 2754 ἦ
2508 2682 2796 2752 ἀναγγελῶ
2829 2700 2910 2736 σοι
2930 2683 2991 2736 τὸ
3013 2682 3352 2751 τεταγμένον
3384 2681 3444 2733 ὲν
3477 2679 3660 2751 γραφῇ

2088 2775 2366 2845 ἀληθείας,
2389 2777 2482 2829 xui.
2532 2776 2630 2828 οὐκ
2658 2776 2806 2828 ἐστιν
2859 2771 2942 2838 εἷς
2993 2775 3353 2845 ἀντεχόμενος
3389 2769 3660 2844 μετ’ὲμοῦ

2088 2870 2216 2940 περὶ
2245 2868 2466 2932 τούτων,
2491 2868 2605 2922 ἀλλ’
2635 2869 2668 2938 ἢ
2697 2867 2917 2938 Μιχαὴλ
2949 2869 2978 2919 ὁ
3005 2866 3380 2938 ἄρχωνὺμῶν.

2605 2980 2998 3033 ΚΕΦΑΛΛΙΟΝ
3033 2981 3138 3033 lA'.

2165 3094 2214 3148 1.
2247 3093 2354 3147 Καὶ
2379 3094 2596 3162 ἐγένετο
2635 3094 2692 3146 ἐν
2719 3093 2830 3147 ἔτει
2874 3091 3076 3164 πρώτῳ
3128 3092 3332 3165 Κύρου,
3372 3093 3537 3163 ἔστην
3584 3094 3668 3156 εἰς

2089 3187 2288 3256 κράτος
2312 3185 2404 3238 xui.
2430 3187 2600 3254 ἰσχύν.

2158 3279 2212 3332 2.
2238 3280 2348 3331 Καὶ
2373 3279 2468 3331 νῦν
2494 3277 2810 3347 ἀναγγέλλω
2845 3295 2925 3332 σοι
2954 3277 3208 3348 ἀλήθειαν
3228 3291 3239 3303 '
3273 3275 3378 3326 ἰδοὺ
3401 3272 3481 3325 ἔτι
3507 3277 3663 3343 τρεῖς

2091 3366 2331 3436 βασιλεῖς
2354 3369 2748 3437 ἀναστήσονται
2778 3369 2834 3420 ὲν
2860 3370 2924 3438 τῇ
2959 3367 3196 3438 Περσίδι,
3229 3365 3321 3417 καὶ
3341 3365 3369 3416 ὁ
3397 3363 3664 3434 τέταρτος

2089 3459 2384 3529 πλουτήσει
2418 3459 2646 3512 πλοῦτον
2675 3459 2849 3529 μέγαν
2882 3460 3032 3529 παρά
3053 3459 3275 3522 πάντας,
3305 3457 3397 3508 xui.
3423 3455 3565 3524 μετὰ
3602 3455 3669 3507 τὸ

2088 3552 2360 3623 κρατῆσαι
2394 3551 2557 3604 αὐτὸν
2590 3550 2680 3603 τοῦ
2707 3550 2958 3616 πλούτου,
2986 3549 3418 3620 ἐπαναστήσεται
3461 3547 3671 3611 πάσαις

2088 3646 2210 3706 ταῖς
2239 3643 2539 3712 βασιλείαις
2564 3642 2674 3695 τῶν
2716 3643 3006 3714 Ἑλλήνων.

2158 3735 2211 3787 5.
2237 3733 2347 3789 Καὶ
2376 3733 2739 3802 ἀναστήσεται
2768 3731 3018 3802 βασιλεὺς
3043 3731 3284 3796 δυνατὸς,
3310 3729 3405 3783 xui.
3439 3727 3663 3801 κυριεύ-

2091 3841 2172 3878 σει
2201 3825 2426 3896 κυρείας
2454 3824 2678 3894 πολλῆς,
2705 3825 2798 3877 xui.
2822 3827 3039 3894 ποιήσει
3067 3823 3208 3876 κατά
3239 3821 3300 3875 τὸ
3327 3821 3544 3891 θέλημα
3566 3819 3659 3872 αὑ-

2084 3917 2202 3976 τοῦ.

2157 4013 2208 4064 4.
2242 4012 2351 4066 Καὶ
2373 4011 2448 4074 ὡς
2477 4009 2541 4064 ἂν
2568 4013 2665 4081 στῇ
2695 4011 2727 4080 ή
2757 4008 3004 4080 βασιλεία
3033 4007 3198 4062 αὐτοῦ
3219 4006 3667 4078 συντριϐήσεται,

2086 4104 2182 4156 καὶ
2214 4102 2598 4174 δαιρεθήσεται
2625 4105 2704 4166 εἰς
2730 4103 2857 4166 τοὺς
2887 4103 3158 4174 τέσσαρας
3185 4103 3422 4172 ἀνέμους
3456 4100 3550 4152 τοῦ
3571 4100 3667 4151 οὐ-

2089 4193 2275 4268 ρανοῦ,
2311 4195 2404 4247 καὶ
2431 4196 2531 4248 οὐκ
2559 4197 2640 4259 εἰς
2666 4196 2732 4248 τὰ
2777 4194 2980 4265 ἔσχατα
3009 4193 3197 4256 αὑτοῦ.
3228 4195 3352 4247 οὐδὲ
3383 4193 3526 4247 κατά
3563 4191 3665 4260 τὴν

2084 4286 2311 4358 κυρείαν
2337 4286 2524 4345 αὑτοῦ,
2558 4288 2624 4356 ἦν
2657 4287 2997 4358 ἐκυρίευσεν,
3031 4288 3113 4339 ὅτι
3133 4286 3530 4354 ὲκτιλήσεταιή
3558 4283 3664 4352 βα-

2089 4378 2263 4430 σιλεία
2293 4377 2483 4444 αὑτοῦ,
2510 4379 2606 4432 καὶ
2643 4378 2930 4448 δοθήσεται
2969 4377 3176 4450 ἑτέροις
3202 4375 3359 4439 ἐκτὸς
3391 4374 3618 4428 τούτων.

2059 4507 2080 4546 ι
2159 4469 2211 4523 5.
2242 4469 2352 4522 Καὶ
2380 4468 2649 4539 ὲνισχύσει
2678 4470 2705 4520 ὁ
2730 4468 2979 4540 βασιλεὺς
3006 4466 3102 4520 τοῦ
3131 4467 3302 4531 νότου,
3330 4467 3424 4520 καὶ
3453 4459 3531 4527 εἷς
3552 4464 3665 4517 ἀπὸ

2083 4560 2190 4614 τῶν
2213 4561 2486 4631 ἀρχόντων
2515 4559 2679 4612 αὑτοῦ
2703 4559 2976 4630 ἐνισχύσει
3003 4562 3087 4612 ἐπ’
3109 4560 3291 4624 αὐτον,
3317 4560 3412 4616 xui.
3438 4557 3666 4632 κυριεύ-

2087 4671 2167 4706 σει
2199 4653 2423 4723 κυρείας
2450 4652 2651 4722 πολλῆς
2684 4653 2841 4716 ἐκτὸς
2872 4653 3119 4719 ἐξουσίας
3149 4653 3336 4706 αὑτοῦ.

2154 4747 2206 4801 6.
2238 4745 2348 4799 Καὶ
2382 4745 2520 4815 μετά
2548 4746 2614 4798 τὰ
2643 4746 2739 4815 ἔτη
2793 4746 2958 4798 αὐτοῦ
2995 4746 3433 4815 συμμιγήσονται
3455 4761 3468 4773 ·
3502 4745 3594 4796 καὶ
3623 4747 3659 4817 ή

2084 4837 2329 4907 θυγάτηρ
2353 4835 2614 4906 βασιλέως
2635 4837 2728 4888 τοῦ
2752 4835 2904 4888 νότου
2935 4835 3306 4898 εἰσελεύσεται
3337 4837 3474 4906 πρὸς
3497 4837 3662 4904 βασι-

2080 4930 2175 4982 λέα
2201 4927 2294 4982 τοῦ
2329 4928 2500 5000 βορρᾶ
2525 4928 2746 4997 ποιῆσαι
2774 4928 3046 4996 συνθήκας
3079 4929 3195 4996 μετ’
3235 4928 3420 4988 αὑτοῦ,
3467 4930 3562 4981 xui.
3594 4931 3660 4980 οὐ

2082 5016 2343 5086 κρατήσει
2370 5015 2551 5085 ἰσχύος
2583 5015 2882 5085 βραχίονος,
2910 5015 3002 5068 καὶ
3021 5017 3082 5068 οὐ
3119 5019 3374 5087 στήσεται
3405 5018 3465 5070 τὸ
3490 5019 3662 5086 σπέρ-

2084 5125 2156 5177 μα
2177 5107 2366 5170 αὐτοῦ,
2403 5108 2496 5162 xui.
2527 5107 2962 5178 παραδοθήσεται
2991 5107 3148 5178 αὐτὴ,
3187 5109 3278 5160 καὶ
3313 5110 3360 5161 οἱ
3397 5110 3662 5177 φέροντες

2079 5199 2270 5268 αὐτὴν,
2321 5198 2418 5251 xui.
2467 5198 2668 5262 νεᾶνις,
2707 5198 2798 5250 καὶ
2831 5199 2859 5250 ὁ
2887 5199 3198 5269 κατισχύων
3242 5200 3412 5270 αὐτὴν
3459 5203 3517 5253 ὲν
3545 5202 3660 5263 τοῖς

2081 5294 2305 5359 καιροῖς.

2154 5382 2202 5435 7.
2229 5381 2339 5436 Ku‘t
2365 5381 2725 5452 ἀναστήσεται
2755 5382 2817 5433 ὲκ
2838 5380 2930 5434 τοῦ
2960 5381 3153 5448 ἄνθους
3174 5381 3273 5449 τῆς
3303 5383 3459 5453 ῥίζης
3484 5369 3664 5452 αὐτῆς.

2081 5473 2176 5536 τῆς
2211 5471 2528 5539 ὲτοιμασίας
2557 5469 2743 5530 αὑτοῦ,
2796 5470 2890 5521 καὶ
2930 5469 3050 5539 ἥξει
3081 5471 3216 5540 πρὸς
3263 5471 3362 5538 τήν
3401 5470 3656 5539 δύναμιν,

2081 5563 2174 5615 καὶ
2208 5561 2572 5614 εἰσελεύσεται
2590 5562 2670 5622 εἰς
2693 5561 2762 5612 τὰ
2786 5561 3238 5632 ὑποστηρίγματα
3263 5561 3357 5613 τοῦ
3386 5560 3658 5631 βασιλέως

2080 5655 2172 5708 τοῦ
2207 5655 2396 5725 βορρᾶ,
2427 5655 2518 5707 καὶ
2560 5655 2774 5722 ποιήσει
2810 5655 2867 5706 ἐν
2905 5655 3113 5719 αὐτοῖς,
3143 5655 3236 5708 καὶ
3269 5652 3612 5726 κατισχύσαι.
