4064 6428
346 306 494 363 2889

1799 317 2033 380 CAPUT
2069 320 2158 377 XI.

3467 323 3619 380 sm

417 420 471 478 8.
510 423 621 477 Καί
652 441 716 493 γε
742 428 869 493 τοὺς
901 428 1056 495 θεοὺς
1089 432 1271 486 αὐτῶν
1308 435 1451 506 μετὰ
1494 437 1603 493 τῶν
1645 436 1922 508 χωνευτῶν

2103 432 2157 488 8.
2201 433 2377 490 Etiam
2408 435 2542 491 deos
2566 450 2758 491 eorum
2781 452 2907 493 cum
2947 436 3203 496 futilibus
3231 451 3422 495 eorum
3452 453 3618 495 omne

344 512 549 577 αὑτῶν,
587 517 698 568 πᾶν
748 518 942 582 σκεῦος
987 521 1327 594 ἐπιθυμητὸν
1375 528 1576 593 αὑτῶν,
1640 528 1929 600 ἀργυρίου,

345 604 442 657 καὶ
484 607 732 676 χρυσίου,
768 610 905 678 μετὰ
941 613 1323 683 αἰχμαλωσίας
1379 619 1601 673 εἰσοίσει
1636 622 1716 684 εἰς
1762 619 1931 687 Αἴγυ-

345 715 503 760 πτον,
538 700 633 753 καὶ
662 701 830 765 αὐτὸς
862 705 1119 775 στήσεται
1149 708 1290 780 ὑπὲρ
1323 710 1589 780 βασιλέως
1616 714 1709 769 τοῦ
1736 714 1928 786 βορῤᾶ.

419 789 473 844 9.
501 790 610 842 Καὶ
646 792 1016 849 εἰσελεύσεται
1054 800 1134 861 ei;
1170 798 1269 871 τὴν
1308 800 1585 872 βασιλείαν
1634 806 1726 859 τοῦ
1778 805 1933 877 βασι-

341 879 485 943 λέως
520 881 614 935 τοῦ
641 883 820 951 νότου,
849 887 941 940 καὶ
970 889 1303 963 ἀναστρέψει
1329 896 1410 957 εἰς
1436 895 1533 966 τὴν
1566 896 1668 967 γῆν
1703 897 1890 952 αὑτοῦ.

418 972 505 1026 ft).
538 974 647 1028 Kal.
673 978 723 1029 oi
762 979 868 1031 υίοὶ
896 981 1063 1035 αὑτοῦ
1096 985 1418 1051 συνάξουσιν
1449 985 1607 1057 ὄχλον
1644 988 1931 1059 δυνάμεων

343 1063 580 1130 πολλῶν,
616 1068 710 1121 καὶ
751 1071 1064 1138 συνάξουσι,
1096 1077 1192 1130 καὶ
1214 1077 1585 1132 εἰσελεύσεται
1609 1081 1927 1151 ἐρχόμενος,

342 1156 439 1209 καὶ
468 1156 847 1222 κατακλὺζων.
886 1163 981 1216 καὶ
1016 1166 1440 1236 παρελεύσεται,
1481 1171 1576 1223 καὶ
1624 1171 1928 1239 καθιείται,

343 1247 441 1302 καὶ
464 1249 523 1302 οὑ
556 1249 895 1323 πλεκήσεται
926 1254 1031 1319 ἕως
1058 1257 1160 1328 τῆς
1188 1259 1373 1330 ἰσχύος
1399 1262 1591 1317 αὐτοῦ.

415 1342 500 1395 Η.
533 1342 641 1396 Καὶ
663 1343 1068 1417 ἀγριωθήσεται
1091 1348 1347 1418 βασιλεὺς
1368 1352 1463 1407 τοῦ
1485 1354 1640 1409 νότου
1672 1395 1686 1417 ,
1714 1356 1807 1408 καὶ
1835 1357 1929 1422 ἐξ-

342 1431 645 1501 ελεύσεται,
676 1436 770 1490 καὶ
787 1437 1090 1510 πολεμήσει
1116 1440 1257 1513 μετὰ
1278 1443 1374 1497 τοῦ
1398 1444 1665 1516 βασιλέως
1679 1446 1772 1499 τοῦ
1792 1446 1927 1518 Βορ-

350 1527 436 1596 ρᾶ,
472 1527 559 1580 καὶ
594 1528 781 1600 στήσει
816 1529 974 1602 ὄχλον
1014 1532 1217 1600 πολὺν,
1266 1535 1361 1590 καὶ
1417 1538 1858 1610 παραδοθήσεται
1898 1538 1928 1590 ὁ

343 1615 497 1690 ὕχλος
516 1620 575 1671 ὲν
602 1621 746 1692 χειρὶ
784 1623 974 1678 αὑτοῦ.

413 1708 501 1764 12.
536 1709 646 1764 Kal
694 1709 926 1783 λήψεται
976 1714 1068 1770 τὸν
1117 1714 1279 1788 δχλον
1304 1758 1320 1782 ,
1384 1719 1480 1772 καὶ
1510 1719 1920 1790 ὑψωθήσεταιή

2037 539 2134 579 vas
2156 524 2519 581 desiderabile
2541 541 2732 582 eorum
2760 528 2993 598 argenti,
3027 538 3084 584 et
3117 530 3239 585 aurl
3271 544 3399 585 cum
3440 530 3617 601 capti-

2036 611 2203 666 vitate
2224 613 2526 683 aspartabit
2552 614 2608 669 in
2633 612 2925 686 Egyptum
2950 632 2969 669 :
2996 626 3051 672 et
3097 617 3213 689 ipse
3260 618 3427 677 stabit
3454 635 3619 691 super

2034 715 2215 771 regem
2243 704 2539 774 aquilonis.

2107 793 2160 847 9.
2201 792 2269 848 Et
2297 794 2525 851 intrabit
2554 794 2609 852 in
2642 811 2870 868 regnum
2904 797 3048 870 regis
3098 801 3303 868 austri,
3344 810 3398 857 et
3431 817 3616 857 rever-

2036 894 2184 940 tetur
2215 887 2268 941 in
2306 897 2508 944 terram
2540 905 2721 944 suam.
3354 890 3359 893 ’

2109 978 2196 1030 10.
2238 974 2306 1031 Et
2358 977 2452 1033 ﬁlii
2520 978 2642 1049 ejus
2683 979 3096 1052 congregabunt
3149 980 3372 1039 turbam
3401 985 3614 1040 exerci-

2035 1074 2189 1121 tuum
2226 1069 2549 1134 multorum,
2575 1079 2630 1127 et
2651 1073 2984 1145 conjungent
3081 1084 3133 1133 et
3164 1074 3498 1146 ingredietur
3525 1092 3619 1134 veh-

2033 1157 2213 1225 niens,
2242 1168 2296 1216 et
2318 1161 2617 1230 inundans,
2681 1173 2737 1221 et
2789 1167 3169 1236 pertrmsibit,
3217 1178 3272 1224 et
3301 1165 3535 1234 sedebit,
3564 1180 3616 1224 et

2032 1266 2141 1304 non
2171 1255 2554 1323 congredietur
2585 1272 2764 1329 usque
2790 1259 2858 1314 ad
2888 1257 3264 1317 fortitudinem
3294 1261 3438 1333 ejus.

2104 1342 2191 1397 il.
2218 1342 2283 1398 Et
2305 1360 2401 1401 rex
2430 1350 2605 1405 austri
2642 1351 2973 1418 etl'erabitur,
3000 1360 3055 1407 et
3076 1350 3410 1425 egredietur.
3440 1360 3497 1409 et
3512 1367 3616 1423 pu-

2028 1432 2218 1502 gnabit
2247 1450 2371 1490 cum
2412 1452 2541 1507 rege
2567 1439 2863 1509 aquilonis,
2895 1449 2954 1498 et
2998 1440 3165 1498 faciet
3210 1451 3361 1499 stare
3393 1440 3612 1499 turbam

2033 1524 2279 1589 multam,
2319 1536 2375 1582 et
2402 1527 2647 1586 tradetur
2677 1531 2836 1587 turba
2867 1532 2924 1588 in
2963 1548 3129 1591 manu
3148 1534 3292 1605 ejus.

2105 1702 2192 1758 i2.
2237 1703 2305 1760 Et
2335 1707 2520 1777 capiet
2574 1709 3009 1780 multitudinem,
3062 1719 3117 1769 et
3161 1712 3631 1770 exaltabiturcor.

342 1801 538 1872 καρδία
558 1801 747 1871 αὑτοῦ,
771 1805 864 1859 καὶ
892 1807 1195 1862 καταϐαλεῖ
1224 1809 1513 1882 μυριάδας,
1550 1810 1646 1864 καὶ
1659 1811 1759 1864 οὐκ
1796 1811 1925 1863 ἀντ·
1962 1812 2001 1871 Β
2031 1796 2175 1868 eius:
2211 1798 2522 1871 ﬂdejieic‘
2555 1803 2858 1875 ωὶτίέάθεο
2888 1813 2942 1860 ει
2963 1818 3076 1860 ηοη
3096 1805 3465 1876 Ρηθνδίθδίιδ-

345 1910 574 1966 ισχυσει.

417 1986 504 2043 15.
527 1988 634 2040 Καὶ
656 1987 977 2059 ἐπιστρέψει
1009 1991 1039 2043 ὁ
1059 1988 1316 2061 βασιλεὺς
1346 1993 1441 2050 τοῦ
1472 1994 1666 2069 βορρᾶ,
1686 1997 1780 2050 καὶ
1802 1995 1919 2062 ἄξει

344 2077 498 2151 ὖχλον
538 2079 702 2134 πολὺν
752 2079 894 2151 ὑπὲρ
942 2080 1039 2135 τὸν
1095 2082 1397 2155 πρότερον·
1432 2085 1529 2139 καὶ
1568 2087 1648 2151 εἰς
1681 2086 1745 2140 τὸ
1771 2087 1924 2152 τέλος

345 2170 454 2226 τῶν
477 2170 698 2244 ήμερῶν
728 2170 1078 2229 ἐπελεύσεται
1104 2174 1313 2231 εἰσόδια
1331 2177 1388 2231 ὲν
1424 2176 1652 2248 δυνάμει
1683 2179 1919 2252 μεγάλῃ,

351 2264 445 2317 καὶ
479 2265 533 2316 ὲν
561 2262 792 2333 ὑπάρξει
814 2264 984 2337 πολλῇ
996 2308 1008 2319 .

428 2357 510 2411 14.
545 2357 648 2410 Καὶ
667 2360 721 2410 ἓν
753 2359 867 2420 τοῖς
899 2360 1114 2429 καιροῖς
1134 2360 1363 2427 ἐκείνοις
1398 2363 1585 2417 πολλοὶ
1609 2365 1921 2436 ἐπαναστήσ-

363 2466 533 2503 σονται
556 2450 641 2502 ἐπὶ
671 2448 896 2520 βασιλέα
925 2451 1022 2505 τοῦ
1051 2453 1227 2518 νότου,
1257 2456 1419 2509 καὶοί
1449 2458 1556 2510 υἱοὶ
1586 2457 1694 2510 τῶν
1713 2457 1916 2528 λοιμῶν

353 2539 444 2593 τοῦ
471 2539 594 2594 λαοῦ
631 2559 724 2596 σου
749 2542 1180 2615 ὲπαρθήσονται,
1220 2546 1316 2599 τοῦ
1349 2548 1546 2620 στῆσαι
1571 2548 1784 2619 ὅρασιν,
1827 2550 1921 2602 καὶ

345 2629 540 2703 ἀσθενή
550 2648 722 2687 σουσι.

417 2739 503 2795 15.
536 2742 645 2795 Καὶ
667 2743 1032 2800 εἰσελεύσεται
1066 2746 1322 2818 βασιλεῦε
1351 2747 1448 2803 τοῦ
1480 2749 1675 2822 βορῤἄ,
1713 2754 1805 2805 καὶ
1824 2755 1919 2807 ὲκ-

341 2834 456 2903 χεεῖ
477 2834 805 2907 πρόσχωμα,
837 2839 934 2892 καὶ
966 2838 1298 2910 συλλήψεται
1347 2841 1531 2906 πόλεις
1563 2844 1790 2915 ὀχυρὰς,
1825 2846 1919 2900 καὶ

342 2923 625 2997 βραχίονες
646 2926 911 2997 βασιλέως
926 2930 1023 2984 τοῦ
1050 2932 1200 2986 νότου
1231 2935 1542 3005 στήσονται,
1568 2936 1663 2989 καὶ
1690 2938 1920 3009 ἀναστή-

341 3033 522 3072 σονται
552 3021 601 3073 οἰ
640 3020 889 3076 ἐκλεκτοὶ
938 3024 1127 3089 αὑτοῦ,
1180 3027 1274 3080 καὶ
1308 3027 1409 3080 οὑκ
1455 3026 1606 3080 ἔσται
1644 3029 1797 3098 ἰσχὺς
1822 3028 1918 3082 τοῦ

340 3108 553 3181 στῆναι.

409 3220 499 3277 16.
532 3223 641 3277 Καὶ
672 3227 934 3296 ποιήσειὸ
953 3228 1406 3301 εἰσπορευόμενος
1427 3233 1564 3304 πρὸς
1594 3235 1755 3288 αὑτὸν
1780 3239 1922 3290 κατὰ

338 3310 402 3366 τὸ
426 3312 639 3386 θέλημα
672 3316 860 3385 αὑτοῦ,
904 3322 997 3373 καί
1035 3321 1137 3375 οὑκ
1170 3322 1323 3376 ἔστιν
1354 3323 1529 3390 ἑστὼς
1578 3326 1721 3380 κατὰ
1752 3327 1920 3399 πρόσω

341 3422 486 3459 ωπον
511 3408 676 3461 αὑτοῦ
699 3426 710 3438 ·
744 3412 837 3464 καὶ
860 3414 1121 3483 στήσεται
1154 3415 1212 3467 ὲν
1235 3418 1301 3487 τῇ
1343 3420 1414 3489 γῇ
1440 3418 1532 3472 τοῦ
1562 3418 1785 3493 Σαὸεἰρ,
1823 3424 1922 3475 καὶ

343 3499 823 3571 συντελεσθήσεται
850 3505 908 3557 ὲν
946 3508 1013 3576 τῇ
1049 3506 1192 3578 χειρὶ
1231 3508 1422 3562 αὑτοῦ.

413 3613 498 3671 l7.
531 3616 639 3669 Καὶ
680 3617 833 3685 τάξει
889 3620 951 3675 τὸ
978 3623 1273 3693 πρόσωπον
1319 3625 1509 3690 αὑτοῦ,
1564 3627 1827 3682 εἰσελθεῖν
1862 3630 1922 3682 ὲν

347 3705 488 3778 ἰσχύϊ
509 3707 688 3780 πάσης
720 3711 823 3783 τῆς
853 3711 1128 3783 βασιλείας
1158 3715 1348 3781 αὑτοῦ,
1385 3718 1481 3771 καὶ
1524 3718 1689 3781 εὐθέα
1739 3719 1922 3775 πάντα

345 3799 462 3870 μετ’
485 3801 648 3855 αὑτοῦ
675 3806 922 3875 ποιήσει·
953 3809 1048 3861 καὶ
1076 3807 1363 3881 θυγατέρα⁴
1380 3810 1491 3864 τῶν
1519 3811 1922 3880 γυναικῶνδὼ-

344 3909 423 3948 cet
444 3896 589 3967 αὐτῷ
613 3897 704 3951 τοῦ
725 3898 1038 3972 διαφθεῖραι
1072 3902 1264 3973 αὐτὴν,
1295 3903 1392 3957 καὶ
1420 3904 1497 3958 οὑν
1515 3904 1589 3976 μὴ
1635 3907 1918 3977 παραμεί-

340 4001 426 4060 νῃ,
458 3988 550 4042 καί
576 3989 675 4043 οὑκ
703 3991 852 4062 αὑτῷ
880 3991 1056 4048 ἔσται.

410 4101 495 4157 18.
523 4104 630 4157 Καὶ
675 4106 994 4177 ἐπιστρέψει
1043 4109 1103 4161 τὸ
1144 4109 1440 4179 πρόσωπον
1471 4109 1636 4163 αὑτοῦ
1684 4110 1766 4174 εἰς
1814 4109 1916 4173 τὰς

342 4195 555 4267 νήσους,
579 4199 671 4252 καὶ
706 4200 1036 4272 συλλήψεται
1064 4201 1285 4267 πολλὰς,
1316 4202 1412 4256 καὶ
1447 4205 1791 4259 κατακαύσει
1818 4204 1918 4275 ἄρ⁵

341 4305 531 4360 κοντας
565 4291 872 4363 ὀνειδισμοῠ
902 4293 1103 4361 αὑτῶν,
1154 4296 1296 4368 πλὴν
1328 4298 1358 4353 ὁ
1409 4276 1717 4370 ινέιδισμδς
1749 4297 1931 4353 αὑτοῦ»

341 4383 650 4455 ἐπιστρέψει
675 4385 843 4459 αὑτῷ.

411 4496 497 4552 49.
525 4499 633 4553 Καὶ
679 4501 999 4573 ἐπιστρέψει
1028 4503 1091 4557 τδ
1129 4503 1425 4576 πρόσωπον
1458 4508 1627 4564 αὑτοῦ
1683 4511 1767 4575 εἰς
1814 4511 1912 4581 τὴν
1947 4518 1992 4572 D

342 4587 495 4659 ἰσχὺν
524 4590 621 4662 τῆς
642 4592 744 4663 γῆς
772 4593 967 4659 αὐτοῦ,
1005 4597 1100 4650 καὶ
1154 4597 1466 4672 ἀσθενήσει,
1500 4603 1597 4655 καὶ
1642 4605 1912 4669 πεσεῖται,

339 4679 432 4733 καὶ
449 4682 547 4753 οὑχ
565 4682 945 4756 εὑρεθήσεται.

405 4792 493 4849 20.
524 4797 637 4851 Καὶ
672 4798 1042 4872 ἀναστήσεται
1078 4803 1146 4857 ὲκ
1180 4803 1279 4875 τῆς
1325 4805 1483 4877 ῥίζης
1510 4807 1677 4862 αὑτοῦ
1716 4808 1916 4878 φύλλον

339 4880 614 4952 βασιλείας
654 4891 749 4945 ἐπὶ
798 4891 897 4964 τήν
923 4893 1246 4966 ὴοιμασίαν
1275 4896 1466 4962 αὑτοῦ,
1517 4900 1914 4971 παραὸιὸἀζον,

338 4975 433 5029 καὶ
459 4979 703 5052 πράσσον
729 4982 889 5051 δόξαν
918 4983 1218 5057 βασιλείας.

403 5089 493 5147 91.
524 5095 634 5148 Ka‘t
654 5097 713 5150 ὲν
753 5099 874 5162 ταῖς
914 5099 1151 5171 ήμέραις
1189 5099 1430 5164 ἐκείναις
1471 5100 1912 5170 συντριϐήσεται,

335 5182 429 5235 καὶ
454 5184 554 5236 οὐκ
578 5187 637 5240 έν
671 5188 1005 5259 προσώποις,
1027 5191 1149 5244 οὑδὲ
1178 5192 1236 5244 ὲν
1272 5190 1496 5262 πολέμῳ
1518 5232 1533 5256 ,
1583 5194 1678 5244 καὶ
1724 5195 1917 5261 στήσε-

335 5292 424 5329 ται
454 5279 545 5331 ἐπὶ
577 5281 677 5349 τὴν
707 5282 1026 5352 ἑτοιμασίαν
1054 5281 1222 5337 αὑτοῦ
1244 5300 1258 5313 ·
1302 5282 1651 5353 ὲξουδενὼθη,
1690 5285 1783 5338 καὶ
1816 5287 1916 5340 οὑκ

336 5369 499 5441 ὲιῖόθτι⁵
526 5372 611 5424 ἐπ’
632 5375 795 5428 αὑτὸν
824 5373 954 5439 δόξα
977 5374 1255 5446 βασιλείας
1279 5416 1294 5437 ,
1320 5375 1415 5430 καὶ
1433 5374 1551 5447 ἥξει
1586 5376 1645 5429 ἐν
1666 5376 1914 5449 εὐθηνία,

339 5462 430 5514 καὶ
457 5465 776 5536 κατισχύσει
808 5465 1084 5536 βασιλείας
1110 5470 1170 5522 ὲν
1203 5467 1554 5540 ὀλισθήμασι.

404 5573 493 5629 22.
517 5578 627 5632 Καὶ
646 5576 935 5647 βραχίονες
960 5577 1056 5633 τοῦ
1080 5578 1514 5645 κατακλύζοντος
1541 5578 1919 5651 κατακλυσθή-

341 5679 521 5719 σονται
553 5669 660 5723 ἀπὸ
714 5667 1010 5740 προσώπου
1067 5670 1231 5724 αὑτοῦ
1257 5713 1270 5736 ,
1306 5672 1401 5725 καὶ
1445 5671 1915 5744 συντριϐήσονται,

339 5759 428 5811 καί
457 5776 517 5827 τε
546 5761 847 5841 ἡγούμενος
873 5761 1159 5835 διαθήκης.

1945 3164 2012 3228 G.

2105 1976 2194 2032 l3.
2234 1979 2300 2035 Et
2321 1993 2676 2041 convertatur
2703 1986 3120 2057 rex-aquilonis,
3157 1994 3210 2043 et
3236 1984 3470 2041 adducet
3492 1993 3643 2041 tur--

2026 2069 2150 2125 bam
2203 2074 2429 2129 multam
2489 2091 2666 2148 supen
2710 2077 2947 2148 priorem
2986 2086 3112 2156 :et1
3141 2078 3199 2134 in
3262 2077 3372 2134 fine
3395 2077 3607 2136 dierum

2028 2162 2367 2235 ingredietur
2390 2170 2509 2224 vias
2540 2170 2596 2225 in
2625 2170 2830 2228 virtute
2868 2187 3066 2244 magna
3089 2209 3106 2237 ,
3132 2180 3196 2228 et
3220 2170 3295 2227 oin
3345 2180 3606 2242 apparatu

2023 2256 2217 2312 multo.

2096 2346 2185 2402 14.
2227 2349 2293 2405 Et
2322 2350 2375 2405 in
2398 2352 2740 2423 temporibus
2772 2354 2880 2412 illis
2905 2355 3063 2412 multi
3093 2364 3608 2428 consurgentsupcr

2031 2454 2209 2509 regem
2245 2443 2458 2501 austri:
2519 2456 2575 2502 et
2629 2447 2729 2503 filii
2756 2448 3127 2518 pestilentium
3176 2449 3361 2520 papuli
3397 2449 3476 2504 tui
3508 2463 3636 2504 ιιι-Δ

2026 2534 2308 2604 tollentur,
2334 2547 2399 2594 ut
2435 2547 2683 2598 statuant
2704 2542 2998 2611 visionem,
3029 2551 3087 2599 et
3118 2540 3586 2598 intirmabuntur-

2098 2731 2188 2788 15.
2228 2733 2299 2790 Εἰ
2343 2736 2685 2811 ingredietur
2743 2759 2835 2799 res
2891 2745 3167 2816 aquilonis
3196 2731 3235 2814 ,ί
3270 2756 3326 2804 et
3370 2747 3639 2806 effundet

2023 2838 2276 2893 aggerem
2302 2870 2315 2894 ,
2342 2837 2402 2884 et
2448 2831 2631 2901 capiet
2674 2831 2924 2891 civitates
2972 2837 3244 2898 munitas.
3282 2848 3337 2894 et
3380 2838 3637 2895 brachia,

2024 2917 2167 2986 regis
2200 2920 2372 2975 austri
2398 2921 2643 2989 stabunt,
2671 2935 2725 2980 et
2772 2936 3117 3000 consurgent
3162 2929 3321 2985 electi
3357 2930 3500 3001 eius,
3552 2940 3641 2988 et.

2026 3023 2140 3064 non
2162 3010 2267 3066 erit
2298 3011 2564 3070 fortitudo
2590 3017 2658 3070 ad
2689 3020 2964 3074 standum.

2096 3212 2185 3268 l6.
2228 3214 2294 3271 Et
2316 3216 2484 3274 faciet
2507 3219 2820 3291 ingrediens
2846 3222 3111 3281 adversus
3138 3238 3265 3280 eum
3301 3226 3632 3282 secundum.

2025 3306 2361 3365 voluntatem
2393 3326 2574 3380 suam,
2595 3323 2650 3370 ct
2674 3331 2780 3372 non
2812 3327 2917 3383 est,
2951 3317 3045 3390 qui
3068 3327 3173 3375 stet
3196 3328 3383 3377 contra
3413 3319 3629 3378 faciem»

2022 3399 2145 3470 ejus
2177 3419 2192 3457 :
2228 3412 2284 3458 et
2317 3405 2485 3461 stabit
2514 3406 2569 3461 in
2608 3417 2752 3464 terra
2809 3409 2970 3467 Sabir
2994 3451 3012 3481 ,
3055 3420 3111 3468 et
3165 3423 3524 3470 consumetur
3550 3417 3630 3471 in.

2024 3506 2191 3549 manu
2231 3496 2373 3567 ejus.

2096 3604 2187 3663 l7.
2229 3606 2483 3680 Etponet
2510 3610 2703 3670 fariem
2733 3630 2913 3683 suam,
2946 3625 3009 3673 ut
3035 3617 3376 3690 ingrediatur
3405 3620 3457 3674 in
3492 3618 3607 3675 for-

2025 3697 2260 3757 titudine
2289 3703 2457 3760 totius
2489 3704 2643 3776 regni
2673 3706 2820 3778 ejus,
2846 3717 2903 3764 et
2945 3716 3112 3766 recta.
3146 3710 3332 3767 omnia
3378 3727 3504 3767 cum
3534 3726 3603 3767 eo

2024 3786 2310 3848 facietzet
2344 3794 2514 3851 filiam
2576 3797 2913 3857 feminarum
2976 3802 3129 3859 dabit
3175 3804 3247 3868 ei,
3300 3815 3362 3860 ut
3414 3804 3605 3876 perdat

2022 3881 2171 3939 illam
2202 3902 2217 3941 :
2248 3894 2302 3942 et
2327 3902 2436 3943 non
2470 3892 2833 3960 permanebit,
2866 3902 3053 3951 etnon
3077 3897 3183 3952 erit
3211 3896 3280 3952 ei.

2095 4087 2200 4143 18..
2223 4088 2292 4146 Ει
2321 4101 2603 4149 convertet
2642 4092 2837 4152 facient
2870 4112 3026 4155 suam
3056 4098 3126 4153 ad
3164 4099 3395 4161 insulas.
3423 4109 3479 4156 et
3507 4113 3602 4156 ca-

2020 4182 2133 4253 piet
2159 4185 2359 4242 multas
2392 4205 2406 4242 :
2439 4195 2501 4267 et
2521 4201 2811 4246 consumet
2852 4191 3124 4262 principes
3181 4192 3457 4263 opprobrii
3493 4194 3621 4255 sui..

2019 4286 2399 4334 verumtamen
2425 4274 2776 4351 Opprobrium
2807 4282 2929 4355 ejus
2968 4294 3321 4341 convertetur
3347 4284 3419 4343 ei.

2096 4479 2185 4536 19.
2228 4482 2297 4539 Et
2363 4497 2644 4543 convertet
2692 4489 2888 4546 faciem
2924 4506 3079 4546 suam
3121 4491 3190 4548 ad
3228 4490 3599 4551 fortitudinem

2018 4586 2186 4632 terrze
2214 4592 2349 4644 sua,
2377 4587 2434 4635 et
2456 4579 2845 4650 intirmsbitur,
2903 4594 2961 4639 et
2989 4583 3175 4648 cadet.
3208 4592 3277 4641 et
3315 4600 3426 4642 non
3455 4587 3625 4644 iove--

2022 4669 2221 4724 nietur.

2089 4785 2180 4840 20.
2225 4784 2288 4840 Et
2322 4797 2505 4858 surget
2557 4788 2625 4843 tle
2674 4788 2857 4844 radice
2917 4788 3049 4859 ejus
3073 4803 3294 4861 germen
3347 4788 3504 4856 regni
3535 4789 3602 4844 ad

2022 4879 2475 4946 pra'parationem
2518 4879 2688 4948 ipsius
2720 4878 3058 4936 transferens
3085 4919 3100 4946 ,
3153 4888 3207 4935 et
3259 4877 3464 4936 faciens
3489 4879 3607 4951 διο·-

2022 4966 2157 5020 riam
2191 4967 2362 5039 regni.

2090 5076 2181 5132 21.
2222 5075 2291 5132 Et
2320 5078 2375 5132 in
2412 5076 2611 5135 diebus
2647 5081 2756 5136 illis
2783 5088 3130 5147 conteretur,
3166 5089 3221 5135 et
3260 5095 3368 5135 non
3401 5080 3454 5135 in
3481 5096 3603 5151 per-

2020 5169 2196 5232 sonis,
2225 5185 2403 5240 neque
2426 5170 2481 5224 in
2515 5170 2695 5225 bello:
2751 5180 2802 5227 et
2840 5171 3008 5229 stabit
3050 5186 3215 5242 super
3247 5173 3601 5242 prmparatio-

2022 5275 2145 5315 nem
2179 5262 2341 5331 ejus:
2372 5271 2720 5333 contemptus
2751 5263 2873 5333 fuit,
2915 5274 2969 5321 et
3000 5279 3108 5319 non
3161 5263 3287 5318 data
3323 5272 3407 5318 cst
3436 5279 3630 5342 supcr_

2019 5367 2145 5406 cum
2177 5355 2348 5421 gloria
2374 5355 2551 5425 regni,
2577 5363 2632 5408 et
2654 5353 2835 5409 veniet
2872 5356 2926 5410 in
2974 5354 3397 5426 tranquillitate,
3426 5352 3601 5409 etob—

2020 5443 2217 5497 tinebit
2240 5459 2464 5514 regnum
2502 5444 2556 5496 in
2584 5443 3009 5500 lubricitatibus.

2089 5557 2179 5612 22.
2224 5557 2287 5610 Et
2317 5555 2879 5612 bracbiainundantis
2932 5556 3348 5614 inundabuutur
3402 5553 3599 5612 afacie

2019 5647 2159 5717 ejus,
2189 5657 2241 5702 ct
2263 5652 2613 5701 conterentur
2657 5663 2669 5698 :
2701 5652 2754 5699 et
2785 5643 2909 5699 dux.
2945 5642 3279 5701 testamenti.
