4064 6420
443 286 577 353 εδει

1471 369 1476 373 _
1523 297 1773 353 DANIEL
1810 294 2039 353 JUXTA
2076 296 2644 357 THEODOTIONEM.

3564 282 3711 361 esse

515 404 607 459 ‘25.
650 405 715 458 Et
740 420 805 460 ex
831 405 1312 461 comtuistionibus
1362 407 1628 465 adversus
1682 426 1809 465 eum
1867 409 2030 465 faciet

2202 411 2293 467 25.
2329 413 2442 467 Kal
2461 412 2571 466 ἀπὸ
2610 412 2721 465 τῶν
2750 412 3068 485 συμμίξεων
3119 415 3258 488 πρὸς
3296 418 3458 473 αὐτὸν
3492 418 3709 491 ποιήσει

444 496 648 557 delum,
690 505 744 550 et
770 498 1047 561 ascendet,
1082 507 1135 552 et
1169 501 1480 568 praevalebit
1507 502 1560 555 in
1574 517 1698 556 eum
1729 503 1782 557 in
1810 502 2025 556 modica

445 598 625 653 gente.

514 679 605 731 24.
649 678 715 732 Et
762 680 814 734 in
869 682 1303 752 prosperitatcm,
1342 692 1394 737 et
1425 683 1480 737 in
1525 684 1710 754 plures
1768 685 2024 754 regiones

445 771 623 824 veniet
651 789 665 826 :
690 782 747 853 ct.
776 772 935 827 faciet
966 789 1089 843 qua:
1147 789 1253 828 non
1293 774 1539 829 fecerunt
1582 786 1765 846 patres
1803 776 1941 846 ejus,
1972 785 2029 830 et

446 873 629 930 patres
658 873 873 933 patrum
907 867 1061 935 ejus;
1089 867 1475 935 direptionem,
1507 877 1559 922 et
1592 868 1785 937 spolia,
1821 876 1874 921 et
1897 868 2028 923 sub»

445 954 700 1006 stantiam
723 954 803 1009 eis
823 955 1129 1023 dissipabit,
1158 966 1393 1026 etsuper
1425 957 1719 1028 Egyptum
1767 958 2027 1028 cogitabit

445 1046 805 1113 cogitationes
837 1063 988 1113 suas,
1011 1057 1065 1101 et
1099 1063 1272 1118 usque
1303 1049 1372 1102 ad
1404 1058 1637 1120 tempus.

518 1139 608 1193 :25.
656 1138 720 1191 Et
775 1141 1105 1194 excitabitur
1159 1140 1425 1198 fortitudo
1458 1143 1600 1212 ejus,
1636 1151 1692 1198 et
1751 1159 1847 1198 cor
1905 1143 2026 1212 ejus

449 1247 616 1300 super
647 1246 826 1300 regem
852 1232 1028 1286 austri
1062 1233 1115 1285 in
1148 1233 1348 1289 virtute
1378 1250 1573 1305 magna
1599 1253 1614 1290 :
1655 1245 1711 1289 et
1743 1250 1837 1289 rex
1855 1237 2027 1290 austri

447 1319 742 1389 conjunget
785 1321 1033 1389 praelium
1084 1336 1211 1375 cum
1269 1338 1337 1377 eo
1389 1324 1677 1402 inyirtute
1708 1340 1928 1395 magna,
1975 1332 2030 1378 et

448 1408 786 1471 fortinimis,
820 1422 875 1464 et
923 1426 1032 1465 non
1085 1413 1271 1478 stabit,
1322 1414 1450 1485 quia
1498 1416 1824 1485 cositabunt
1865 1432 2030 1485 super

447 1514 572 1552 eum
604 1498 980 1561 cogitationes.

518 1586 608 1641 9.6.
652 1587 714 1641 Et
750 1588 1037 1644 comedent
1069 1591 1378 1645 necessaria
1409 1591 1860 1660 ejus,conterent
1881 1607 2026 1657 cum,

2133 505 2308 570 δόλον,
2358 509 2452 561 καὶ
2480 508 2840 581 ἀναϐήσεται,
2896 511 2990 564 καὶ
3037 512 3394 586 ὑπερισχύσει
3441 514 3609 572 αὐτοῦ
3652 518 3712 570 ἐν

2126 597 2294 668 ὀλίγῳ
2315 596 2484 653 ἔθνει.

2193 689 2284 744 24.
2322 691 2433 744 Καὶ
2464 692 2524 744 ἐν
2548 691 2794 765 εὐθηνίᾳ,
2822 697 2919 750 καὶ
2963 698 3025 752 ἐν
3055 695 3267 750 πλείοσι
3313 695 3516 768 χώραις
3565 698 3711 770 ἥξει,

2128 783 2223 834 καὶ
2244 783 2464 855 ποιήσει
2496 782 2533 838 ἃ.
2557 786 2658 838 οὐκ
2684 786 2951 858 ἐποίησαν
2975 789 3023 840 oi
3055 789 3292 857 πατέρες
3325 787 3514 855 αὑτοῦ,
3540 791 3635 842 καὶ
3662 792 3714 845 οἱ

2126 873 2367 944 πατέρες
2400 875 2510 929 τῶν
2559 876 2812 947 πατέρων
2869 876 3069 931 αὐτοῦ·
3099 879 3378 950 προνομὴν
3414 881 3506 932 καὶ
3544 880 3713 934 σκῦλα

2128 964 2225 1018 καὶ
2261 964 2499 1036 ὕπαρξιν
2548 968 2735 1032 αὐτοῖς
2779 969 3146 1040 διασκορπιεϊ,
3179 970 3275 1022 καὶ
3308 971 3394 1023 ἐπ’
3440 971 3714 1038 Αἴγυπτον

2128 1056 2390 1126 λογιεῖται
2410 1061 2706 1130 λογισμοὺς
2737 1061 2925 1126 αὐτοῦ,
2963 1061 3058 1115 καὶ
3085 1061 3191 1125 ἓως
3222 1060 3441 1133 καιροῦ.

2197 1150 2288 1205 25.
2318 1150 2428 1205 Καὶ
2458 1152 2935 1225 ἐξεγερθήσεταιή
2964 1155 3117 1223 ἰσχὺς
3147 1151 3311 1206 αὐτοῦ
3335 1193 3348 1215 ,
3383 1152 3478 1206 καὶ
3520 1153 3553 1222 ἠ
3583 1169 3718 1222 καρ-

2128 1241 2216 1294 δία
2240 1241 2407 1295 αὐτοῦ
2445 1243 2539 1296 ἐπὶ
2566 1243 2795 1314 βασιλέα
2813 1243 2909 1297 τοῦ
2936 1243 3088 1296 νότου
3124 1247 3181 1296 ἐν
3211 1244 3441 1314 δυνάμει
3476 1244 3715 1317 μεγάλῃ,

2130 1334 2225 1386 καὶ
2252 1334 2283 1385 ὁ
2306 1333 2557 1403 βασιλεὺς
2582 1335 2675 1390 τοῦ
2703 1337 2857 1390 νότου
2882 1335 3106 1406 συνάψει
3133 1336 3364 1407 πόλεμον
3393 1339 3529 1408 πρὸς
3559 1337 3720 1392 αὑτὸν

2130 1425 2188 1478 ἐν
2209 1425 2439 1496 δυνάμει
2469 1428 2703 1502 μεγάλῃ,
2734 1429 2830 1482 καὶ
2859 1430 3057 1500 ἰσχυρᾷ
3094 1429 3320 1500 σφόδρα,
3353 1429 3448 1482 καὶ
3497 1429 3559 1483 οὐ
3588 1431 3721 1501 στή-

2132 1535 2305 1582 σεται,
2332 1520 2416 1573 ὅτι
2446 1519 2755 1589 λογιοῦνται
2790 1523 2877 1574 ἐπ’
2901 1521 3065 1575 αὐτὸν
3093 1521 3411 1590 λογισμούς.

2202 1608 2294 1666 26.
2328 1612 2439 1664 Kal
2463 1613 2731 1681 φάγονται
2770 1613 2839 1667 τά
2890 1612 3082 1666 δέοντα
3110 1612 3300 1675 αὐτοῦ,
3337 1612 3723 1683 συντρίψουσιν

448 1689 502 1732 et
560 1680 794 1736 virtutes
852 1682 974 1752 ejus
1043 1681 1365 1738 inundabit:
1403 1692 1458 1738 et
1499 1684 1696 1739 cadent
1752 1684 2027 1739 interfecti

2143 1700 2315 1767 ιύτὸν,
2350 1703 2443 1755 καὶ
2461 1702 2722 1774 δυνάμεις
2762 1703 2929 1758 αὐτοῦ
2967 1703 3323 1769 κατακλύσει,
3367 1705 3461 1758 καί
3488 1705 3721 1758 πεσοῦν-

455 1771 635 1824 multi.

520 1863 612 1917 27.
655 1861 721 1916 Et
755 1863 976 1933 utrique
1002 1880 1176 1936 reges,
1212 1865 1377 1920 corda
1409 1880 1596 1921 eorum
1631 1866 1696 1921 ad
1741 1866 2031 1931 malitiam,

449 1964 504 2010 et
528 1954 594 2007 ad
627 1969 875 2010 mensam
907 1972 1071 2011 unam
1126 1958 1407 2012 mendacia
1442 1958 1770 2027 loquentur,
1821 1969 1875 2013 et
1923 1974 2032 2013 non

454 2047 739 2114 proﬁcient
766 2065 779 2101 :
816 2047 944 2118 quia
973 2050 1151 2103 adhuc
1177 2050 1300 2105 finis
1329 2052 1384 2103 in
1422 2059 1661 2119 tempus.

522 2140 614 2195 28.
658 2140 723 2196 Et
746 2152 1051 2197 revertetur
1076 2144 1131 2197 in
1179 2153 1384 2197 terram
1440 2158 1596 2197 suam
1626 2143 1680 2196 in
1728 2142 2048 2197 substantia

450 2236 621 2288 multa
664 2253 680 2289 :
720 2245 771 2288 ct
805 2250 899 2288 cor
920 2236 1040 2304 ejus
1075 2251 1239 2306 super
1266 2244 1652 2290 testamentum
1683 2245 1956 2304 sanctum,
1981 2245 2035 2291 et

449 2324 631 2392 faciet,
661 2337 710 2380 et
736 2336 1038 2381 revertetur
1069 2328 1122 2381 in
1161 2336 1357 2381 terram
1393 2342 1569 2382 suam.

518 2419 609 2474 29.
651 2421 732 2473 Ad
754 2429 970 2489 tempus
1000 2429 1327 2484 revertetur,
1360 2428 1417 2475 et
1437 2420 1623 2475 veniet
1650 2419 1720 2475 ad
1745 2428 2029 2477 austrum:

449 2520 503 2564 et
531 2526 636 2565 non
658 2512 761 2565 erit
780 2512 922 2565 sicut
952 2512 1148 2580 prima,
1169 2521 1225 2565 et
1244 2511 1386 2565 sicut
1419 2513 1740 2567 novissima.

410 2664 425 2669 _
523 2602 612 2657 50.
657 2601 725 2657 Ει
754 2604 1128 2673 ingrctlientur
1160 2602 1228 2658 ad
1251 2603 1403 2657 illum
1429 2603 1865 2673 egredientes,et
1885 2605 2035 2674 equi-

452 2708 618 2757 tatus,
649 2704 701 2751 et
742 2696 1141 2759 humiliabitur,
1167 2704 1223 2751 et
1278 2705 1604 2763 revertetur,
1686 2704 1742 2750 et
1784 2695 2036 2768 indigna-

454 2789 600 2843 hitur
627 2805 792 2858 super
823 2797 1214 2844 testamentum
1243 2796 1521 2852 sanctum,
1552 2796 1607 2841 et
1651 2786 1835 2851 faciet,
1869 2798 1925 2842 et
1949 2803 2036 2842 re-

452 2891 713 2947 vertetur,
752 2890 808 2936 et
863 2880 1127 2951 intelliget
1171 2895 1338 2950 super
1371 2893 1492 2946 eos,
1543 2878 1637 2949 qui
1693 2878 2037 2949 reliquerunt

456 2981 840 3027 testamentum
877 2979 1152 3028 sanctum.

521 3062 612 3118 51.
653 3061 721 3116 Ει
745 3062 967 3117 brachia
1001 3078 1064 3116 ex
1091 3061 1179 3116 his
1208 3060 1453 3123 stabunt,
1476 3067 1531 3115 et
1558 3058 1802 3129 polluent
1830 3057 2036 3113 sancti-

442 3154 764 3211 ticatiOnem
800 3153 1159 3215 fortitudinis,
1190 3160 1247 3206 et
1300 3150 1636 3207 transferent
1669 3150 1801 3221 juge
1823 3150 2035 3206 sacrifi-

455 3249 628 3312 cium,
663 3255 717 3300 et
739 3245 949 3301 dabunt
970 3246 1024 3299 in
1053 3244 1517 3300 abominationem
1546 3243 1872 3300 desolatam.

528 3428 617 3483 52.
662 3428 728 3482 Et
765 3441 882 3492 eos,
912 3426 1005 3497 qui
1038 3424 1204 3496 impie
1233 3433 1404 3496 agunt
1431 3423 1485 3477 in
1509 3428 1918 3485 testamentum,
1943 3421 2041 3475 ad-

458 3523 659 3576 ducent
685 3521 739 3574 iu
775 3518 1138 3574 lubricitates:
1164 3526 1218 3573 et
1248 3516 1483 3588 populus
1510 3528 1850 3586 cognoscens
1870 3514 2038 3569 Deum

459 3629 618 3667 suum
647 3611 936 3676 obtinebit,
962 3618 1016 3665 et
1047 3610 1228 3665 faciet.

528 3705 618 3758 55.
662 3705 730 3758 Ει
805 3702 1171 3772 intelligentes
1237 3701 1305 3756 de
1375 3700 1578 3772 populo
1635 3699 1940 3771 intelligent
1985 3698 2039 3754 in

463 3797 632 3850 multa
664 3816 677 3850 :
708 3806 760 3850 et
788 3794 1218 3849 inﬁrmabuntur
1272 3793 1324 3848 in
1357 3794 1558 3866 gladio,
1599 3802 1654 3848 et
1706 3793 1760 3847 in
1797 3791 2038 3857 ﬂamma,

461 3899 515 3942 et
546 3888 599 3942 in
629 3888 961 3957 captivitate,
985 3896 1037 3942 et
1064 3887 1116 3940 in
1149 3886 1339 3956 rapina
1380 3886 1619 3940 dierum.

535 3981 627 4035 54.
664 3980 915 4051 Cumque
938 3979 1199 4035 inﬁrmati
1248 3978 1452 4035 fuerint
1495 3977 1598 4049 ipsi
1634 3977 2043 4048 adjuvabuntur

463 4072 784 4143 adjumento
818 4074 1082 4142 parvulo:
1114 4081 1168 4128 et
1216 4070 1637 4143 applicabuntur
1679 4070 1760 4125 eis
1797 4068 1955 4123 multi
1989 4068 2040 4122 in

465 4164 885 4219 lubricitatibus.

534 4256 625 4312 55.
667 4257 731 4311 Et
760 4257 829 4312 de
884 4255 1311 4326 iutelligcntibus
1358 4254 1781 4309 iulirmabuntur
1812 4254 1879 4309 ad
1910 4268 2043 4307 con—

464 4349 704 4404 [landum
729 4331 784 4401 in
823 4348 923 4411 eis,
952 4356 1006 4402 et
1038 4346 1402 4400 dealbandum
1456 4358 1633 4412 usque
1684 4342 1750 4397 ad
1781 4341 2044 4412 temporis

464 4440 778 4504 terminum,
801 4439 927 4508 quia
953 4437 1131 4491 adhuc
1155 4436 1209 4490 in
1241 4444 1475 4505 tempus.

535 4527 626 4582 56.
669 4526 737 4580 Ει
771 4526 931 4580 faciet
960 4526 1115 4594 juxta
1146 4524 1480 4578 voluntatem
1512 4537 1668 4579 suam
1695 4536 1812 4585 rex,
1855 4530 1910 4577 et
1936 4521 2044 4576 cle-

468 4619 703 4684 vabitur,
731 4627 785 4673 et
813 4617 1248 4686 magnificabitur
1293 4616 1558 4669 adversus
1596 4628 1810 4667 omnem
1855 4614 2039 4680 deum,

464 4723 518 4767 et
544 4713 808 4768 advrt'sus
841 4710 1012 4764 Deum
1045 4709 1296 4773 deorum,
1330 4717 1384 4762 et
1425 4707 1681 4775 loquetur
1714 4706 1968 4775 superba,
1990 4714 2044 4760 et

464 4806 753 4875 dirigetur,
782 4805 959 4859 donec
992 4801 1332 4872 compleatur
1364 4799 1445 4853 ira
1483 4817 1496 4852 :
1524 4799 1575 4851 in
1611 4799 2041 4854 consummatio-

463 4914 586 4952 nem
612 4899 779 4961 enim,
804 4907 859 4952 et
894 4895 1299 4951 festinationem
1345 4892 1422 4945 lit.
2006 4946 2011 4951 ,

530 4990 620 5046 5⁸1.
667 4990 730 5043 Et
759 5004 927 5059 super
961 5001 1154 5041 omnes
1180 4987 1312 5041 deos
1337 4994 1553 5055 patrum
1586 5000 1812 5040 suorum
1837 4984 2040 5039 intelli-

459 5093 568 5155 get,
597 5092 651 5137 et
680 5080 1183 5151 concupiscentiam
1215 5077 1542 5132 feminarum
1572 5118 1588 5144 ,
1637 5086 1692 5131 et
1725 5092 1888 5146 super
1921 5092 2038 5130 om-

463 5191 583 5229 nem
613 5176 772 5230 deum
811 5190 921 5229 non
974 5173 1236 5243 intelliget
1270 5190 1283 5225 :
1329 5173 1456 5242 quia
1492 5186 1656 5241 super
1707 5184 1900 5224 omnes
1925 5185 2042 5222 ma—

460 5268 824 5338 gnificabitur.

531 5362 623 5419 58.
664 5363 732 5416 Ει
761 5364 922 5417 deum
955 5357 1182 5413 Mazuim
1229 5357 1278 5411 in
1310 5358 1426 5412 loco
1465 5372 1567 5411 suo
1613 5353 1957 5424 gluriﬁcabil,
1990 5362 2044 5409 et

459 5461 650 5520 deum,
686 5470 850 5525 quem
902 5455 1291 5523 ignoraveruut
1320 5458 1505 5519 patres
1534 5447 1674 5517 ejus,
1719 5445 2043 5526 gloriﬁca‘bit

461 5553 517 5605 in
543 5555 792 5619 argento,
827 5554 882 5600 et
912 5559 1068 5607 auro,
1096 5550 1148 5597 et
1181 5540 1359 5612 lapide
1381 5539 1643 5609 pretioso,
1677 5550 1730 5592 ct
1756 5538 1807 5591 in
1840 5551 2039 5591 concuv

464 5641 768 5714 pisceutiis.

532 5735 619 5790 59.
659 5732 909 5788 Etfacict
953 5730 1006 5784 iu
1052 5726 1448 5784 munitionibus
1500 5723 1881 5795 confugiorum
1914 5738 2037 5780 cum

2062 1770 2104 1825 Β
2132 1809 2223 1846 ται
2246 1793 2583 1864 τραυματίαι
2600 1770 2830 1848 τπολλοί.

2203 1883 2294 1937 27.
2324 1884 2436 1937 Kal
2459 1883 2758 1955 ἀμφότεροι
2789 1887 2837 1938 οἱ
2886 1884 3145 1956 βασιλεῖς,
3185 1887 3241 1939 al
3280 1884 3499 1955 καρδίαι
3540 1884 3723 1938 αὐτῶν

2133 1975 2228 2028 ἐπὶ
2261 1975 2547 2046 πονηρίαν,
2579 1978 2676 2029 καὶ
2710 1977 2806 2029 ἐπὶ
2828 1977 3080 2049 τραπέζῃ
3117 1979 3216 2047 μιᾷ
3245 1976 3415 2048 ψευδῆ
3456 1976 3723 2047 λαλήσου-

2135 2083 2210 2131 σι,
2248 2066 2344 2120 καὶ
2372 2068 2434 2120 οὐ
2459 2067 2804 2135 κατευθυνεῖ,
2834 2070 2916 2121 ὄτι
2941 2068 3022 2121 ἔτι
3054 2068 3223 2140 πέρας
3251 2071 3330 2131 εἰς
3366 2069 3575 2139 xatpdv.

2202 2158 2294 2213 28.
2330 2161 2447 2213 Kal
2469 2160 2788 2232 ἐπιστρέψει
2816 2162 2899 2224 είς
2933 2160 3031 2231 τὴν
3059 2160 3164 2229 γῆν
3198 2160 3363 2214 αὐτοῦ
3405 2165 3463 2213 ἐν
3493 2159 3726 2232 ὑπάρξει

2135 2250 2330 2322 πολλῇ,
2365 2251 2459 2305 καὶ
2484 2253 2517 2322 ἡ
2547 2252 2745 2324 καρδία
2768 2252 2934 2306 αὑτοῦ
2979 2253 3072 2305 ἐπὶ
3090 2252 3359 2325 διαθήκην
3394 2252 3578 2321 ἁγίαν,
3624 2251 3726 2305 καὶ

2134 2344 2371 2413 ποιήσει,
2404 2343 2501 2398 καὶ
2528 2344 2850 2417 ἐπιστρέψει
2872 2346 2955 2407 είς
2991 2344 3094 2414 τὴν
3119 2344 3227 2413 γῆν
3259 2343 3443 2397 αὐτοῦ.

2202 2430 2295 2487 29.
2329 2431 2424 2493 Εἰς
2451 2432 2541 2484 τὸν
2598 2433 2791 2504 καιρὸν
2842 2432 3185 2502 ἐπιστρέψει,
3239 2434 3334 2484 καὶ
3380 2430 3501 2501 ἥξει
3541 2432 3600 2484 ἐν
3647 2430 3729 2501 τῷ

2132 2523 2295 2594 νότῳ,
2325 2522 2421 2576 καὶ
2443 2523 2546 2575 οὐκ
2571 2522 2727 2576 ἔσται
2761 2524 2887 2594 ὡςή
2914 2521 3131 2593 πρώτη,
3166 2522 3261 2575 καὶ
3285 2524 3362 2583 ὼς
3397 2523 3431 2588 ή
3462 2521 3693 2592 ἐσχάτη.

2204 2613 2294 2668 50.
2327 2615 2436 2668 Kal
2464 2613 2869 2667 εἰσελεύσονται
2923 2615 2982 2665 ἐν
3011 2611 3161 2682 αὐτῷ
3187 2612 3239 2664 οἱ
3273 2610 3728 2681 ἐκπορευόμενοι,

2134 2707 2231 2760 καὶ
2261 2706 2441 2772 ἵπποι,
2467 2706 2562 2759 καὶ
2589 2704 3082 2775 ταπεινωθήσεται,
3116 2705 3215 2756 καὶ
3251 2700 3592 2771 ἐπιστρέψει,
3631 2702 3731 2755 καὶ

2133 2796 2525 2869 όργισθήσεται
2565 2795 2661 2849 ἐπὶ
2692 2794 2959 2865 διαθήκην
2986 2795 3169 2862 ἁγίαν,
3215 2794 3311 2846 καὶ
3354 2792 3598 2861 ποιήσει,
3629 2794 3720 2845 καὶ

2135 2887 2476 2960 ἐπιστρέψει,
2510 2886 2606 2940 καὶ
2635 2890 2860 2955 συνήσει
2888 2885 2981 2939 ἐπὶ
3009 2887 3138 2948 τοὺς
3175 2883 3572 2945 καταλιπόντας
3601 2881 3715 2935 δια-

2137 2979 2315 3050 θήκην
2348 2978 2532 3046 ἁγίαν.

2208 3069 2297 3124 51.
2323 3066 2427 3121 Καὶ
2461 3066 2748 3139 βραχίονες
2774 3065 2832 3132 ἐξ
2865 3064 3047 3121 αὐτῶν
3071 3066 3384 3138 στήσονται,
3419 3065 3514 3119 καὶ
3558 3064 3721 3135 βεϐη-

2137 3161 2372 3216 λώσουσι
2401 3162 2465 3215 τὸ
2494 3160 2747 3231 ἀγίασμα
2777 3161 2878 3230 τῆς
2906 3159 3228 3223 δυναστείας
3251 3198 3268 3223 ,
3324 3159 3417 3212 καὶ
3447 3158 3726 3228 μεταστή-

2139 3268 2296 3306 σουσι
2326 3251 2419 3305 τὸν
2459 3248 2873 3321 ἐνδελεχισμὸν,
2910 3251 3008 3304 καὶ
3036 3249 3298 3304 δώσουσιν
3323 3250 3402 3311 είς
3446 3248 3505 3300 τὸ
3531 3247 3727 3317 βδέλυ-

2143 3360 2262 3415 γμα
2282 3341 2677 3413 ἠφανισμένον.

2210 3434 2299 3487 52.
2333 3433 2443 3486 Kal
2468 3433 2594 3497 τοὺς
2623 3431 2964 3503 ἁνομοῢντας
3010 3431 3282 3503 διαθήκην
3318 3428 3620 3493 ἀπάξουσιν
3666 3428 3728 3481 ἐν

2140 3520 2470 3591 ὀλισθήμασι
2493 3537 2507 3550 ·
2539 3521 2633 3574 καὶ
2666 3521 2792 3586 λαὸς
2826 3521 3188 3591 γινώσκοντες
3226 3521 3359 3575 Θεὸν
3397 3518 3564 3574 αὑτοῦ
3593 3535 3729 3572 κατ-

2144 3612 2476 3684 ισχύσουσιν,
2503 3614 2598 3668 καὶ
2637 3614 2950 3685 ποιήσουσι.

2213 3704 2303 3757 55.
2329 3704 2441 3757 Kal
2469 3704 2518 3756 oi
2542 3703 2754 3756 συνετοὶ
2782 3700 2877 3757 τοῦ
2919 3701 3046 3756 λαοῦ
3074 3703 3398 3773 συνήσουσιν
3428 3701 3508 3764 εἰς
3530 3698 3723 3761 πολλὰ,

2143 3796 2238 3850 καὶ
2270 3795 2658 3866 ἀσθενήσουσιν
2692 3795 2752 3848 ἐν
2786 3793 3052 3867 ῥομφαία,
3088 3794 3181 3848 καὶ
3227 3794 3284 3845 ἐν
3319 3792 3499 3861 φλογὶ,
3535 3790 3631 3844 καὶ
3667 3790 3723 3841 ἐν

2144 3887 2513 3959 αἰχμαλωσίᾳ,
2537 3885 2632 3940 καὶ
2653 3889 2712 3941 ἐν
2748 3886 3027 3958 διαρπαγῇ
3057 3884 3302 3957 ἡμερῶν.

2216 3978 2306 4032 54.
2339 3978 2450 4054 Kal
2472 3978 2531 4030 ἐν
2563 3976 2641 4048 τῷ
2689 3976 2989 4048 ἀσθενῆσαι
3039 3976 3238 4039 αὐτοὺς
3295 3972 3725 4044 βοηθηθήσονται

2146 4068 2400 4139 βοήθειαν
2430 4067 2658 4140 μικρὰν,
2701 4068 2798 4122 καί⁵
2833 4066 3297 4138 προστεθήσονται
3346 4064 3486 4134 πρὸς
3527 4062 3727 4123 αὐτοὺς

2145 4159 2331 4213 πολλοὶ
2352 4161 2410 4212 ὲν
2436 4159 2784 4230 ὀλισθήμασι.

2215 4250 2311 4304 55,
2331 4251 2441 4303 Kal
2469 4249 2578 4303 ἀπὸ
2607 4250 2718 4303 τῶν
2763 4248 3051 4303 συνιέντων
3079 4247 3460 4321 ἀσθενήσουσι,
3503 4245 3596 4300 τοῦ
3618 4262 3727 4298 πυ-

2148 4338 2322 4414 ρῶσαι
2348 4343 2405 4395 ἐν
2436 4342 2642 4404 αὐτοῖς,
2673 4342 2771 4394 καὶ
2790 4341 2883 4395 τοῦ
2911 4341 3238 4395 ἐκλευκάναι
3274 4341 3382 4404 ἕως
3412 4337 3604 4411 καιροῦ
3630 4337 3719 4391 πέ.

2076 4465 2120 4521 D
2152 4453 2271 4509 ρας,
2304 4434 2438 4488 διότι
2468 4433 2551 4487 ἔτι
2576 4435 2656 4498 είς
2679 4432 2889 4505 καιρόν.

2218 4525 2307 4581 56.
2337 4526 2447 4578 Kal
2475 4525 2690 4594 ποιήσει
2717 4524 2859 4578 κατὰ
2879 4524 2939 4577 τὸ
2964 4523 3179 4596 θέλημα
3204 4521 3370 4578 αὐτοῦ
3390 4525 3418 4577 ὁ
3449 4521 3726 4595 βασιλεὺς,

2144 4620 2239 4672 καὶ
2293 4617 2675 4689 ὑψωθήσεται,
2720 4618 2813 4671 καὶ
2868 4617 3335 4689 μεγαλυνθήσεται
3393 4617 3487 4670 ἐπὶ
3546 4614 3728 4669 πάντα

2143 4711 2296 4777 Θεὸν,
2331 4712 2426 4764 καὶ
2457 4711 2545 4764 ἐπὶ
2574 4711 2663 4764 τὸν
2684 4710 2815 4764 Θεὸν
2848 4709 2959 4763 τῶν
2993 4709 3157 4773 θεῶν,
3186 4710 3279 4764 καὶ
3311 4709 3535 4781 λαλήσει
3559 4706 3729 4778 ὑπέρ-

2143 4821 2304 4872 ογκα,
2341 4804 2435 4857 xal
2474 4802 2792 4856 κατευθυνεῖ
2837 4802 3001 4875 μέχρι
3044 4800 3140 4855 τοῦ
3182 4801 3598 4871 συντελεσθῆναι
3627 4800 3729 4872 τὴν

2143 4896 2334 4968 ὀργὴν,
2362 4898 2440 4960 εἰς
2471 4896 2580 4967 γὰρ
2607 4894 2915 4949 συντέλειαν
2947 4894 3041 4947 καὶ
3074 4893 3311 4964 σπουδὴν
3353 4893 3579 4962 γίνεται.

2215 4991 2304 5042 57.
2336 4990 2443 5042 Kal
2472 4989 2566 5042 ἐπὶ
2588 4989 2797 5052 πάντας
2836 4988 2962 5051 τοὺς
2998 4987 3158 5051 θεοὺς
3184 4986 3292 5040 τῶν
3334 4987 3590 5059 πατέρων
3633 4988 3729 5040 αὐ-

2143 5080 2236 5134 τοῦ
2267 5083 2505 5153 σννήσει,
2530 5082 2625 5134 καὶ
2645 5080 2940 5150 ἐπιθυμίαν
2974 5078 3269 5147 γυναικῶν,
3294 5080 3388 5133 καὶ
3418 5079 3512 5133 ἐπὶ
3547 5080 3728 5134 πάντα

2147 5175 2268 5228 θεὸν
2320 5175 2381 5227 οὐ
2433 5175 2676 5245 συνήσει,
2706 5174 2789 5228 ὅτι
2825 5174 2917 5225 ἐπὶ
2952 5173 3161 5238 πάντας
3191 5171 3689 5245 μεγαλυνθήσεται.

2215 5355 2303 5408 58.
2342 5353 2451 5406 Kal
2492 5351 2615 5405 θεὸν
2668 5351 2930 5423 Μεζωεὶμ
2957 5351 3232 5407 ἐπἰτόπου
3281 5334 3453 5407 αὐτοῦ
3486 5351 3725 5417 δοξάσει,

2143 5445 2240 5500 καὶ
2269 5444 2422 5509 θεὸν,
2457 5443 2516 5497 ὃν
2546 5443 2646 5497 οὐκ
2680 5443 2924 5511 ἔγνωσαν
2942 5445 2991 5497 οι
3031 5445 3268 5517 πατέρες
3299 5441 3727 5507 αὐτοῦ,δοξάσει

2144 5535 2203 5586 ἐν
2235 5534 2507 5605 ἀργυρίῳ,
2541 5534 2636 5586 καὶ
2663 5533 2892 5604 χρυσίῳ,
2928 5534 3025 5587 καὶ
3053 5533 3188 5605 λίθῳ
3239 5532 3428 5604 τιμίῳ,
3477 5533 3573 5587 καὶ
3601 5532 3718 5583 ἐπι-

2145 5628 2289 5698 θυμή
2300 5643 2486 5696 μασιν.

2216 5721 2301 5776 '59.
2334 5720 2440 5774 Kal
2480 5722 2693 5791 ποιήσει
2722 5722 2779 5776 ἐν
2810 5723 2920 5786 τοῖς
2962 5719 3284 5793 ὀχυρώμασι
3326 5719 3435 5774 τῶν
3470 5731 3725 5795 κατα-φῆ
