4064 6426
335 320 476 375 28ἷὸ

1778 333 2010 390 CAPUT
2042 336 2156 394 XII.

3470 353 3612 412 2894

329 443 442 504 γῶν
475 436 615 510 μετὰ
638 437 764 492 θεοῦ
789 440 1099 511 ἀλλοτρίου,
1123 441 1182 495 ὂν
1208 443 1310 496 οὐκ
1336 444 1624 520 ἐγνώρισε,
1648 449 1742 501 καὶ
1774 450 1913 519 πλη-

2023 453 2122 510 deo
2163 455 2364 520 alieno,
2419 471 2583 527 quem
2617 473 2723 513 non
2775 464 3068 533 cognovit,
3112 472 3166 519 et
3229 466 3613 537 multiplicabit

330 531 485 584 θυνετ
516 529 695 596 δόξαν,
726 532 820 585 καὶ
857 532 1116 599 ὑποτάξει
1151 534 1337 600 αὐτοῖς
1384 538 1635 604 πολλοὺς,
1689 543 1784 594 καὶ
1819 543 1922 613 γῆν

327 622 497 676 διελεῖ
524 625 582 675 ἐν
613 622 826 694 δώροις.

398 715 488 770 40.
522 715 632 767 Kal
665 717 723 767 ὲν
761 717 957 788 καιροῦ
984 718 1180 789 πέρατι
1214 721 1490 792 συνθήκας
1527 723 1755 794 θήσεται
1786 730 1925 797 μετὰ

327 806 422 859 τοῦ
456 806 720 874 βασιλέως
752 808 846 860 τοῦ
876 811 1056 875 νότου,
1096 812 1192 864 καὶ
1213 814 1609 884 συναχθήσεται
1640 818 1730 869 ἐπ’
1762 820 1924 871 αὐτὸν

330 897 586 968 βασιλεὺς
612 896 706 951 τοῦ
738 891 913 972 βορρᾶ
952 904 1010 954 ἐν
1044 901 1277 974 ἅρμασι,
1312 907 1407 958 καὶ
1440 907 1499 959 ἐν
1542 909 1791 971 ἱππεῦσι,
1827 911 1922 962 καὶ

328 992 387 1042 ἐν
418 990 579 1040 ναυσὶ
627 988 872 1055 πολλοῖς,
908 990 1007 1044 καὶ
1037 993 1414 1048 εἰσελεύσεται
1462 999 1540 1059 εἰς
1586 998 1685 1068 τὴν
1732 999 1835 1069 γῆν
1864 1002 1923 1061 ἐν

324 1083 448 1143 ταῖς
491 1080 882 1148 κατακλύσεσι,
915 1084 1009 1136 καὶ
1043 1086 1349 1157 συντρίψει,
1372 1089 1468 1141 καὶ
1494 1090 1919 1160 παρελεύσεται.

401 1174 487 1227 Η.
525 1175 637 1227 Kal
667 1175 1035 1230 εἰσελεύσεται
1072 1181 1154 1241 εἰς
1186 1180 1286 1250 τὴν
1312 1183 1415 1251 γῆν
1447 1181 1542 1234 τοῦ
1575 1183 1803 1254 Σαόεὶμ.
1828 1189 1922 1238 καὶ

327 1267 515 1320 πολλοὶ
546 1268 930 1338 ἀσθενήσουσι,
962 1273 1057 1324 καὶ
1083 1264 1229 1327 οὗτοι
1258 1274 1693 1346 διασωθήσονται
1724 1281 1789 1331 ἐκ
1811 1296 1924 1348 χει-

329 1360 422 1428 ρος
445 1358 635 1423 αὑτοῦ,
683 1361 883 1432 Ἐδὼμ,
923 1364 1017 1416 καὶ
1053 1364 1242 1430 Μωὰὸ,
1292 1368 1386 1420 καὶ
1418 1368 1561 1439 ἁρχὴ
1594 1368 1726 1421 υἱῶν
1784 1370 1918 1440 Ἀμ-

334 1468 470 1521 μων.

398 1541 488 1595 42.
527 1544 640 1597 Καὶ
675 1545 887 1597 ἐκτενεῖ
913 1545 1011 1616 τὴν
1045 1550 1204 1617 χεῖρα
1227 1549 1394 1603 αὑτοῦ
1432 1551 1524 1605 ἐπὶ
1548 1551 1646 1623 τὴν
1676 1549 1801 1622 γῆν,
1824 1550 1921 1605 xal.

327 1631 359 1699 ἡ
389 1631 460 1700 γῆ
491 1631 774 1700 Αἰγύπτου
803 1634 905 1687 οὐκ
935 1634 1086 1689 ἔσται
1122 1640 1203 1701 εἰς
1232 1641 1528 1712 σωτηρίαν.

398 1722 488 1776 45.
522 1723 631 1776 Kal
678 1724 960 1795 κυριεύσει
999 1729 1058 1779 ἐν
1086 1731 1199 1791 τοῖς
1253 1732 1597 1802 ἁποκρύφοις
1649 1734 1743 1788 τοῦ
1784 1751 1918 1807 χρυ-ι
1984 1773 1997 1783 ς

2027 545 2280 615 gloriam,
2312 556 2364 601 et
2393 549 2649 619 subjiciet
2672 551 2807 621 ipsis
2830 555 3054 620 mullos,
3084 566 3138 612 et
3169 567 3367 612 terram
3410 561 3612 617 dividet

2026 638 2079 691 in
2110 638 2296 695 donis.

2095 729 2184 786 40.
2224 730 2290 786 Et
2322 732 2376 786 in
2406 735 2666 804 temporis
2715 735 2822 789 ﬁne.
2869 736 3075 792 fmdera
3131 739 3291 795 faciet
3329 758 3450 797 cum
3487 759 3612 816 rege

2025 823 2222 889 austri,
2251 833 2309 879 et
2336 828 2761 896 congregabitur
2790 844 2955 897 super
3003 846 3128 884 eum
3187 848 3283 887 rex
3338 837 3611 904 aquilonis

2027 914 2078 967 in
2117 917 2395 983 curribus,
2422 928 2477 973 et
2506 919 2559 971 in
2587 920 2887 989 equitibus,
2923 928 2977 976 et
3027 923 3079 975 in
3117 925 3346 981 navibus
3397 929 3608 992 multis,

2024 1014 2079 1061 et
2119 1009 2450 1078 ingredietur
2483 1012 2536 1065 in
2567 1019 2768 1067 terram
2801 1014 2854 1068 in
2886 1015 3356 1081 inundationibus,
3395 1030 3448 1074 et
3480 1036 3612 1075 con-

2026 1109 2164 1155 teret
2192 1111 2247 1157 et
2286 1105 2659 1172 pertransibit.

2095 1195 2185 1249 41.
2231 1195 2295 1250 Et
2318 1197 2652 1267 ingredietur
2688 1200 2741 1253 in
2775 1209 2975 1255 terram
3010 1200 3221 1268 Sabim,
3255 1212 3308 1258 et
3343 1202 3496 1259 multi
3533 1204 3613 1259 in-

2024 1289 2411 1355 firmabuntur,
2480 1301 2534 1347 et
2584 1294 2637 1347 bi
2696 1296 3056 1350 salvalmntur
3118 1297 3186 1351 de
3247 1313 3414 1352 manu
3464 1298 3606 1367 ejus,

2026 1380 2220 1444 Edom,
2251 1390 2305 1436 et
2329 1383 2509 1451 Moab,
2542 1393 2596 1440 et
2623 1388 2948 1457 principium
2973 1388 3210 1444 filiorum
3242 1390 3499 1445 Ammon.

2092 1559 2182 1614 42.
2225 1559 2292 1615 Et
2316 1542 2574 1618 extendet
2625 1580 2848 1619 manum
2907 1581 3062 1622 suam
3097 1583 3260 1638 super
3306 1578 3525 1635 terram,
3551 1580 3609 1625 et

2023 1660 2167 1707 terra
2201 1651 2422 1725 A‘Igypti
2454 1670 2563 1710 non
2594 1658 2698 1711 erit
2728 1657 2780 1710 in
2810 1662 3063 1713 salutem.

2091 1744 2183 1799 45.
2227 1745 2292 1800 ΕΙ.
2320 1748 2693 1802 dominabitur
2724 1750 2778 1803 in
2813 1752 3116 1805 reconditis
3145 1753 3286 1817 auri,
3322 1763 3375 1808 et
3409 1769 3606 1819 argen-

328 1813 467 1877 σίου,
504 1813 724 1866 καὶτοῦ
784 1816 1072 1888 ἀργυρίου,
1110 1819 1202 1872 καὶ
1240 1823 1298 1874 ἐν
1350 1824 1517 1876 πᾶσιν
1562 1825 1918 1897 ἐπιθυμητοῖς

2026 1834 2087 1897 ti,
2118 1845 2172 1889 et
2202 1836 2252 1888 in
2269 1837 2527 1893 omnibus
2555 1838 3016 1894 desiderabilibus
3038 1813 3283 1911 Egypti,
3314 1813 3604 1906 etLibum,

325 1904 630 1974 Αἰγύπτου,
690 1909 786 1961 καὶ
817 1908 1056 1975 Λιϐύων,
1118 1911 1215 1966 καὶ
1253 1914 1549 1983 Αἰθιόπων,
1580 1918 1674 1970 καί
1712 1919 1769 1971 ἐν
1802 1922 1914 1983 τοῖς

326 1995 679 2066 ὀχυρώμασιν
710 1998 907 2052 αὐτῶν.

396 2090 486 2143 Η.
520 2090 631 2143 Καὶ
673 2091 836 2144 ἀκοαὶ
863 2132 877 2155 ,
931 2091 1028 2146 καὶ
1055 2094 1287 2148 σπουδαὶ
1317 2095 1648 2167 ταράξουσιν
1666 2098 1829 2152 αὐτὸν
1857 2098 1915 2163 ἐξ

326 2182 601 2236 ἀνατολῶν
644 2183 737 2235 καὶ
768 2183 940 2255 βορρᾶ
962 2202 974 2213 ·
1027 2186 1121 2238 καὶ
1153 2188 1273 2258 ἥξει
1311 2189 1371 2242 ἐν
1410 2189 1567 2261 θυμῷ
1601 2190 1781 2262 πολλῷ
1808 2192 1913 2247 τοῦ

327 2274 606 2343 ἀφανίσαι,
640 2275 739 2327 καὶ
767 2276 861 2329 τοῦ
901 2276 1304 2349 ἁναθεματίσαι
1334 2281 1585 2345 πολλούς.

406 2367 495 2420 45.
524 2368 630 2421 Kal
678 2369 843 2439 πήξει
884 2370 983 2442 τὴν
1031 2372 1235 2444 σκηνὴν
1288 2373 1455 2427 αὐτοῦ
1506 2376 1565 2429 ἐν
1601 2376 1912 2448 ’Δπαδανῷ,

337 2461 601 2531 ἀνάμεσον
632 2461 742 2515 τῶν
773 2461 1082 2528 θαλασσῶν,
1126 2464 1204 2528 εἰς
1226 2464 1353 2536 ὅρος
1392 2466 1585 2522 Σαῆεὶν
1612 2468 1790 2539 ἆγιον,
1821 2469 1914 2524 καὶ

332 2552 445 2620 ἥξει
473 2552 575 2616 ἕως
606 2554 806 2626 μέρους
830 2556 1017 2622 αὐτοῦ,
1051 2557 1146 2611 καὶ
1183 2558 1286 2611 οὐκ
1310 2557 1458 2613 ἐστιν
1475 2560 1503 2611 ὁ
1527 2561 1791 2632 ῥυόμενος
1817 2563 1915 2616 αὑ-

327 2645 437 2698 τόν.

851 2764 1253 2822 ΚΕΦΑΛΑΙΟΝ
1285 2767 1385 2823 IB'.

399 2856 450 2910 1.
484 2857 596 2911 Καὶ
618 2859 677 2911 ἐν
706 2856 783 2928 τῷ
807 2857 986 2930 καιρῷ
1020 2858 1215 2925 ἐκείνῳ
1242 2859 1611 2931 ἀναστήσεται
1642 2862 1868 2934 Μιχαὴλ
1886 2863 1916 2917 ὁ

325 2947 509 3019 ἄρχων
541 2952 569 3003 ό
607 2950 807 3021 μέγας,
847 2951 876 3003 ὁ
924 2949 1244 3021 ἐφεστηκὼς
1302 2951 1397 3004 ἐπὶ
1443 2952 1571 3015 τοὺς
1623 2954 1777 3018 υἱοὺς
1821 2953 1914 3009 τοῦ

323 3040 457 3095 λαοῦ
489 3058 584 3095 σου
607 3058 620 3072 ·
653 3044 746 3095 καὶ
781 3041 934 3095 ἕσται
980 3043 1173 3115 καιρὸς
1206 3042 1460 3114 θλίψεως,
1502 3042 1682 3115 θλίψις
1721 3045 1811 3099 οἵα
1850 3046 1911 3099 οὐ

323 3133 550 3202 γέγονεν
571 3135 665 3202 ἀφ’
697 3128 760 3189 οῦ
792 3137 1088 3206 γεγένηται
1118 3135 1272 3200 ἔθνος
1301 3136 1393 3189 ἐπὶ
1416 3138 1516 3207 τῆς
1544 3138 1670 3206 γῆς,
1691 3138 1788 3191 καὶ
1810 3138 1916 3203 ἓως

326 3225 421 3278 τοῦ
452 3226 649 3300 καιροῦ
680 3228 914 3284 ἐκείνου.
949 3229 1062 3283 Kal
1090 3230 1149 3283 ἐν
1187 3228 1264 3301 τῷ
1297 3228 1476 3300 καιρῷ
1517 3230 1711 3302 ἐκείνῳ
1743 3231 1919 3303 σωθή-

330 3337 485 3374 σεται
512 3324 540 3375 ὁ
571 3322 700 3387 λαός
732 3339 826 3376 σου
853 3324 960 3387 πᾶς
990 3322 1019 3374 ὁ
1057 3321 1306 3395 εὑρεθεὶς
1333 3323 1722 3395 γεγραμμένος
1769 3324 1827 3379 ἐν
1849 3326 1917 3396 τῇ

333 3412 523 3483 βίϐλῳ.

401 3509 456 3559 ‘2.
486 3507 599 3561 Kal.
636 3504 824 3560 πολλοὶ
870 3505 978 3561 τῶν
1028 3506 1402 3561 καθευδόντων
1441 3508 1500 3561 ἐν
1546 3506 1653 3579 γῆς
1703 3507 1921 3581 χώματι

332 3597 806 3670 ἐξεγερθήσονται,
848 3591 996 3652 οὗτοι
1038 3599 1118 3662 εἰς
1151 3597 1297 3670 ζωὴν
1349 3597 1592 3667 αἰώνιον,
1647 3599 1743 3653 καὶ
1772 3591 1922 3653 οὗτοι

333 3693 412 3754 εἰς
434 3690 759 3760 ὀνειδισμὸν,
798 3691 895 3743 καὶ
922 3691 1002 3754 εἰς
1040 3690 1309 3763 αἰσχύνην
1328 3690 1570 3747 αἰώνιον.

407 3783 459 3836 5.
488 3783 598 3836 Καὶ
627 3784 675 3835 οἱ
701 3782 973 3845 συνιέντες
1002 3781 1374 3852 ἐκλάμψουσιν
1410 3782 1487 3847 ὡς
1526 3784 1560 3853 ἡ
1598 3783 1923 3855 λαμπρότης

333 3875 427 3930 τοῦ
470 3873 872 3947 στερεώματος,
900 3875 995 3928 καὶ
1032 3874 1141 3928 ἀπὸ
1185 3874 1294 3927 τῶν
1319 3873 1544 3929 δικαίων
1573 3872 1683 3929 τῶν
1711 3875 1925 3931 πολλῶν

332 3967 409 4031 ὡς
440 3967 490 4020 οἰ
528 3965 757 4037 ἀστέρες
795 3967 875 4029 εἰς
910 3966 1035 4029 τοὺς
1059 3965 1285 4029 αἰῶνας.

401 4056 453 4109 4.
473 4056 583 4110 Kal.
601 4057 688 4119 σὺ,
715 4055 937 4126 Δανιὴλ,
954 4053 1234 4126 ἔμφραξον
1261 4057 1389 4120 τοὺς
1412 4054 1626 4125 λόγους,
1641 4056 1734 4110 καὶ
1753 4055 1926 4129 σφρά-

333 4166 484 4217 γισαι
518 4146 578 4199 τὸ
623 4146 829 4219 βιϐλίον
880 4148 987 4211 ἐως
1015 4147 1207 4219 καιροῦ
1251 4148 1582 4215 συντελείας,
1632 4151 1727 4202 καὶ
1770 4148 1921 4203 διδα-

334 4242 504 4313 χθῶσι
540 4241 742 4307 πολλοὶ,
774 4240 869 4294 καί
904 4239 1184 4312 πληθυνθῇ
1284 4240 1511 4310 γνῶσις.

404 4336 457 4390 5.
481 4336 590 4390 Kal.
623 4330 761 4389 εἶδον
786 4335 897 4402 ἐγὼ
924 4332 1156 4405 Δανιὴλ,
1188 4334 1284 4387 καὶ
1333 4333 1442 4388 ἰδοὺ
1492 4333 1588 4387 δύο
1627 4332 1806 4405 ἕτεροι
1851 4334 1928 4386 εἱ-

336 4429 651 4500 στήκεισαν,
684 4421 763 4490 εἷς
795 4425 1042 4480 ἐντεῦθεν
1071 4426 1166 4480 τοῦ
1195 4426 1406 4498 χείλους
1425 4426 1520 4481 τοῦ
1546 4425 1816 4497 ποταμοῦ,
1834 4427 1929 4480 καὶ

336 4513 418 4582 εἷς
442 4519 713 4573 ἐντεῦθεν.
1678 4586 1679 4589 η

406 4608 458 4663 6.
501 4612 611 4664 Kal.
651 4606 804 4664 εἷπον
855 4610 935 4682 τῷ
963 4609 1116 4682 ἀνδρὶ
1136 4608 1213 4681 τῷ
1244 4610 1582 4681 ὲνδεδυμένῳ
1624 4611 1685 4663 τὸ
1717 4610 1920 4681 βαδδὶν,

335 4703 394 4767 ὃς
421 4701 487 4775 ἦν
535 4705 720 4759 ἐπάνω
757 4704 849 4758 τοῦ
882 4705 1071 4767 ῦδατος
1106 4704 1196 4758 τοῦ
1221 4704 1463 4774 ποταμοῦ
1485 4720 1499 4734 ο
1532 4705 1679 4768 Ἕως
1709 4705 1839 4758 πότε
1866 4706 1927 4758 τὸ

336 4798 514 4865 πέρας
535 4790 609 4851 ὧν
639 4797 869 4869 εἴρηκας
897 4798 1007 4851 τῶν
1041 4796 1378 4869 θαυμασίων,
1411 4800 1503 4850 καὶ
1530 4799 1559 4848 ὁ
1588 4796 1927 4868 καθαρισμὸς

336 4888 541 4942 τούτων
561 4906 575 4954 ;

413 4979 465 5034 7.
499 4980 610 5034 Kal
668 4981 878 5051 ἥκουσα
930 4979 1023 5033 τοῦ
1071 4979 1262 5051 ἀνδρὸς
1316 4978 1412 5032 τοῦ
1463 4978 1816 5050 ἐνδεδυμένον
1865 4979 1926 5033 τὸ

343 5069 544 5140 βαδδὶν,
579 5069 636 5132 ὃς
664 5066 731 5141 ἦν
761 5069 947 5123 ἐπάνω
1000 5068 1095 5122 τοῦ
1130 5068 1321 5133 ὓδατος
1373 5067 1465 5121 τοῦ
1512 5069 1785 5138 ποταμοῦ,
1828 5068 1925 5122 καὶ

341 5157 526 5227 ῦψωσε
557 5159 656 5230 τὴν
703 5158 885 5225 δεξιὰν
935 5158 1123 5224 αὐτοῦ,
1160 5160 1255 5213 καὶ
1301 5157 1400 5231 τὴν
1438 5159 1732 5230 ἀριστερὰν
1758 5159 1924 5227 αὐτοῦ

340 5250 423 5312 εἰς
453 5250 542 5303 τὸν
568 5251 819 5321 οὐρανὸν,
857 5250 953 5304 καὶ
982 5249 1164 5322 ὤμοσε
1192 5249 1268 5321 τῷ
1301 5249 1462 5315 ζῶντι
1492 5253 1571 5314 εἰς
1602 5250 1694 5304 τὸν
1731 5250 1924 5313 αἰῶνα,

342 5342 423 5395 ὅτι
452 5344 532 5407 εἰς
563 5341 775 5415 καιρὸν,
800 5343 894 5396 καὶ
916 5344 1158 5414 καιροὺς,
1192 5343 1288 5396 καὶ
1329 5343 1503 5413 ἥμισυ
1538 5343 1729 5414 καιροῦ
1762 5345 1819 5395 ἐν
1848 5341 1926 5413 τῷ

346 5434 765 5506 συντελεσθῆναι
798 5434 1230 5506 διασκορπισμὸν
1270 5436 1453 5507 χειρὸς
1481 5435 1611 5488 λαοῦ
1657 5435 1928 5507 ἡγιασμέν-

343 5541 458 5591 νου,
486 5526 788 5594 γνώσονται
821 5527 998 5596 ἅγιον,
1036 5527 1132 5580 καὶ
1161 5527 1673 5597 συντελεσθήσονται
1713 5528 1927 5582 ἅπαντα

345 5617 538 5674 ταῦτα.

416 5709 468 5763 8.
503 5709 611 5762 Kal
644 5707 755 5776 ἐγὼ
780 5708 990 5780 ἥκουσα
1014 5748 1030 5772 ,
1061 5709 1154 5762 καὶ
1183 5710 1392 5784 συνῆκα
1414 5750 1427 5777 ,
1465 5709 1558 5764 καὶ
1594 5704 1772 5765 εἷπον·
1810 5708 1926 5764 Κύ-

352 5816 455 5870 ριε,
482 5800 536 5854 τί
564 5800 630 5853 τὰ
658 5799 858 5868 ἔσχατα
888 5801 1091 5855 τούτων
1114 5818 1131 5872 ;

2020 1936 2076 1982 et
2111 1927 2455 1999 Ethiopum,
2485 1940 2539 1987 et
2565 1931 2619 1985 in
2647 1933 3048 1989 munitionibus
3071 1949 3285 1988 eorum.

2091 2109 2181 2164 Μ.
2225 2108 2292 2163 Ει
2318 2124 2590 2175 rumores,
2623 2118 2677 2163 et
2715 2109 3095 2166 festinationes
3147 2110 3450 2166 turbabunt
3481 2127 3608 2167 eum

2021 2200 2090 2255 ab
2118 2202 2353 2265 oriente,
2386 2213 2440 2256 et
2467 2203 2744 2272 aquilone,
2782 2211 2838 2258 et
2884 2203 3066 2257 veniet
3092 2204 3145 2256 in
3200 2203 3393 2259 furore
3434 2206 3608 2260 multo

2021 2293 2089 2348 ad
2128 2294 2579 2364 disperdendum,
2620 2304 2674 2350 et
2706 2296 3149 2350 interficiendum
3181 2297 3404 2350 multos.

2092 2386 2182 2440 45.
2225 2385 2291 2441 Et
2314 2387 2439 2457 ﬁget
2461 2387 2874 2443 tabernaculum
2929 2405 3089 2444 suum
3143 2391 3196 2443 in
3255 2390 3517 2459 Apadano
3551 2388 3607 2442 in

2021 2479 2202 2534 medio
2237 2479 2472 2534 marium
2498 2538 2499 2541 η
2530 2480 2586 2534 in
2642 2489 2827 2535 monte
2874 2479 3041 2535 Sabin
3094 2490 3308 2546 sancto,
3345 2490 3401 2535 et
3429 2480 3611 2536 veniet

2022 2585 2197 2641 usque
2229 2570 2296 2625 ad
2327 2580 2536 2641 partem
2567 2569 2688 2640 ejus
2715 2587 2728 2622 :
2759 2580 2815 2626 et
2852 2587 2957 2626 non
2982 2580 3085 2639 est,
3116 2573 3208 2642 qui
3242 2581 3398 2627 cruat
3422 2586 3570 2626 eum.

2588 2792 2592 2795 ‘
2621 2776 2853 2833 CAPUT
2892 2778 3009 2833 XII.

2093 2871 2146 2925 l.
2189 2869 2256 2925 Et
2279 2869 2334 2925 in
2358 2877 2605 2940 tempore
2636 2871 2731 2924 illo
2753 2879 3054 2943 consurget
3082 2870 3316 2926 Michael
3355 2870 3611 2941 princeps

2021 2977 2276 3035 magnus,
2302 2964 2395 3033 qui
2426 2971 2536 3018 stat
2566 2979 2665 3034 pro
2693 2963 2834 3019 ﬁliis
2858 2964 3040 3033 populi
3068 2963 3154 3018 sui
3179 2983 3192 3017 :
3231 2972 3286 3018 et
3310 2964 3416 3018 erit
3467 2970 3609 3018 tem-

2020 3069 2125 3124 pus
2160 3055 2557 3120 tribulationis,
2584 3055 2865 3110 tribulatio
2886 3055 3068 3125 qualis
3091 3070 3201 3109 non
3236 3054 3359 3119 fuit,
3397 3069 3464 3110 ex
3498 3070 3609 3125 quo

2022 3143 2166 3200 facta
2193 3155 2277 3200 est
2306 3161 2441 3216 gens
2470 3146 2524 3201 in
2557 3158 2722 3213 terra,
2763 3156 2818 3201 et
2848 3162 3022 3216 usque
3082 3146 3151 3201 ad
3195 3155 3412 3217 tempus
3451 3145 3607 3201 illud.

2019 3234 2088 3290 Et
2114 3235 2172 3292 in
2201 3245 2448 3307 tempore
2487 3237 2581 3292 illo
2605 3238 2909 3294 salvabitur
2957 3238 3194 3307 populus
3243 3249 3374 3293 tuus
3405 3237 3610 3304 omnis,

2020 3329 2115 3400 qui
2149 3330 2408 3386 inventus
2431 3329 2600 3386 fuerit
2622 3331 2863 3402 scriptus
2893 3330 2947 3385 in
2988 3330 3149 3385 libro.

2092 3508 2150 3563 2.
2192 3506 2259 3563 Et
2289 3509 2443 3565 multi
2479 3486 2545 3564 de
2574 3508 2684 3573 bis,
2715 3508 2810 3578 qui
2856 3507 3139 3562 dormiunt
3187 3508 3240 3562 in
3284 3516 3442 3575 terra:
3487 3505 3611 3575 pul-

1994 3594 2171 3670 ivere,
2205 3602 2584 3673 evigilabunt:
2617 3601 2709 3656 alii
2737 3602 2791 3656 in
2823 3601 2990 3655 vitam
3029 3610 3312 3663 aeternam,
3340 3608 3395 3655 et
3421 3599 3514 3654 alii
3551 3599 3611 3654 in

2024 3695 2406 3767 opprobrium,
2436 3706 2491 3751 et
2523 3695 2575 3749 in
2600 3694 2982 3750 confusionem
3007 3702 3293 3748 aeternam.

2096 3789 2150 3842 3.
2192 3787 2260 3841 Et
2290 3787 2653 3858 intelligentcs
2684 3785 2969 3858 fulgebunt
3025 3785 3172 3841 sicut
3227 3783 3485 3854 splendor
3512 3782 3612 3838 lir-

2024 3880 2311 3944 mamenti,
2340 3889 2396 3935 et
2424 3880 2491 3935 de
2512 3880 2681 3951 justis
2703 3879 2956 3950 plurimis
2997 3878 3156 3949 quasi
3213 3877 3384 3935 stella:
3407 3877 3464 3931 in
3509 3889 3614 3932 saa-

2025 3972 2170 4028 cula.

2096 4065 2150 4120 4.
2194 4063 2274 4119 Tu
2306 4072 2516 4130 autem,
2547 4062 2760 4127 Daniel,
2807 4062 3002 4118 claude
3031 4077 3334 4128 sermones,
3369 4071 3425 4118 ct
3454 4060 3608 4131 signa

2027 4158 2228 4213 librum
2258 4171 2435 4228 usque
2460 4158 2528 4212 ad
2570 4166 2787 4225 tempus
2838 4156 3356 4220 consummationis,
3403 4164 3458 4209 et
3506 4154 3610 4209 do-

2029 4261 2261 4307 ceantur
2291 4250 2469 4314 multi,
2500 4257 2556 4304 et
2585 4247 2979 4317 multiplicetur
3001 4245 3255 4301 scientia.

2102 4342 2154 4397 5.
2197 4343 2262 4397 Et
2287 4342 2395 4396 vidi
2422 4357 2524 4412 ego
2566 4340 2778 4406 Daniel,
2806 4347 2862 4394 et
2913 4353 3042 4394 ecce
3088 4337 3200 4392 duo
3243 4336 3336 4391 alii
3391 4335 3612 4391 stabant

2031 4450 2175 4489 unus
2208 4434 2336 4488 b‘inc
2362 4448 2528 4503 super
2562 4431 2767 4486 labium
2798 4428 3067 4497 ﬂuminis,
3093 4434 3149 4482 et
3173 4426 3317 4483 alius
3353 4426 3500 4481 inde.

2100 4615 2153 4670 6.
2190 4615 2253 4668 Et
2285 4613 2399 4667 dixi
2427 4611 2569 4675 viro,
2606 4609 2701 4680 qui
2727 4608 2948 4663 indutus
2980 4615 3099 4661 erat
3125 4604 3348 4670 baddin,
3381 4603 3476 4675 qui
3500 4612 3616 4659 sta-

2027 4709 2121 4763 bat
2153 4722 2318 4776 super
2348 4720 2544 4775 aquam
2577 4702 2819 4757 ﬂuminis
2853 4717 2866 4752 :
2905 4699 3202 4770 Usquequo
3236 4697 3361 4751 linis
3422 4711 3613 4750 eorum

2029 4816 2154 4872 quae
2178 4799 2365 4856 dixisti
2393 4797 2747 4864 mirabilium,
2776 4805 2830 4849 et
2867 4795 3110 4864 expiatio
3139 4789 3417 4847 istorum?

2099 4978 2154 5031 7.
2197 4976 2262 5030 Et
2302 4973 2488 5029 audivi
2523 4974 2740 5039 virum,
2777 4970 2868 5041 qui
2928 4968 3153 5024 indutus
3209 4976 3330 5021 erat
3382 4965 3610 5030 baddin,

2028 5069 2122 5139 qui
2162 5066 2341 5122 stabat
2370 5081 2535 5134 super
2562 5079 2761 5134 aquam
2793 5060 3059 5123 ﬂuminis,
3089 5066 3144 5114 et
3174 5057 3403 5112 elevavit
3427 5057 3615 5111 dexte-

2029 5177 2168 5225 ram,
2195 5172 2248 5215 et
2274 5161 2557 5215 sinistram
2591 5174 2749 5212 suam
2787 5158 2843 5212 in
2877 5158 3102 5220 coelum,
3170 5162 3225 5207 et
3272 5151 3479 5222 juravit
3526 5152 3611 5205 vi—

2027 5255 2174 5308 venti
2204 5254 2257 5307 in
2290 5261 2590 5315 aeternum,
2631 5249 2759 5319 quia
2794 5248 2847 5302 in
2886 5258 3122 5317 tempus,
3155 5253 3210 5299 et
3235 5253 3503 5311 tempora,
3557 5249 3612 5294 et

2028 5347 2318 5401 dimidium
2351 5343 2637 5414 temporis,
2668 5356 2793 5395 cum
2835 5347 3218 5394 consummata
3276 5334 3443 5391 fuerit
3492 5334 3606 5389 dis-

2030 5443 2211 5509 persio
2251 5452 2446 5492 manus
2502 5433 2688 5504 pepuli
2730 5430 3082 5496 sanctilieati,
3122 5437 3456 5501 cognoscent
3484 5440 3612 5482 san-

2031 5543 2204 5596 ctum,
2230 5540 2284 5585 et
2305 5527 2838 5585 consummabuntur
2869 5523 3056 5579 omnia
3090 5524 3227 5578 hac.

2105 5712 2156 5764 8.
2199 5707 2267 5763 Et
2306 5723 2405 5778 ego
2431 5704 2649 5772 audivi,
2675 5715 2728 5760 et
2758 5699 3091 5766 intellexi,et
3129 5701 3239 5756 dixi
3288 5718 3300 5753 :
3360 5701 3610 5767 Domine,

2033 5802 2161 5875 quid
2203 5800 2494 5857 novissima
2534 5799 2771 5854 horum?
