  <div class='ocr_page' id='page_1' title='image "/cluster/home/n/w/nwhite01/storage/ocr_20150623/16:no.6:pt.3/coo.31924054872969/273.png"; bbox 0 0 4064 6464; ppageno 0'>
   <div class='ocr_carea' id='block_1_1' title="bbox 443 324 592 383">
    <p class='ocr_par' dir='ltr' id='par_1_1' title="bbox 443 324 592 383">
     <span class='ocr_line' id='line_1_1' title="bbox 443 324 592 383; baseline 0.02 -5"><span class='ocrx_word' id='word_1_1' title='bbox 443 324 592 383; x_wconf 74' lang='grc'><strong>9895</strong></span> 
     </span>
    </p>
   </div>
   <div class='ocr_carea' id='block_1_2' title="bbox 1509 321 2645 387">
    <p class='ocr_par' dir='ltr' id='par_1_2' title="bbox 1509 321 2645 387">
     <span class='ocr_line' id='line_1_2' title="bbox 1509 321 2645 387; baseline 0.001 -1"><span class='ocrx_word' id='word_1_2' title='bbox 1509 330 1767 386; x_wconf 78' lang='lat' dir='ltr'><strong>DANIEL</strong></span> <span class='ocrx_word' id='word_1_3' title='bbox 1808 324 2039 384; x_wconf 72' lang='lat' dir='ltr'><strong>JUXTA</strong></span> <span class='ocrx_word' id='word_1_4' title='bbox 2078 321 2645 387; x_wconf 72' lang='lat' dir='ltr'><strong>THEODOTIONEM.</strong></span> 
     </span>
    </p>
   </div>
   <div class='ocr_carea' id='block_1_3' title="bbox 3572 328 3718 384">
    <p class='ocr_par' dir='ltr' id='par_1_3' title="bbox 3572 328 3718 384">
     <span class='ocr_line' id='line_1_3' title="bbox 3572 328 3718 384; baseline -0.021 0"><span class='ocrx_word' id='word_1_5' title='bbox 3572 328 3718 384; x_wconf 72' lang='grc' dir='ltr'><strong>ι2896</strong></span> 
     </span>
    </p>
   </div>
   <div class='ocr_carea' id='block_1_4' title="bbox 512 440 2041 519">
    <p class='ocr_par' dir='ltr' id='par_1_4' title="bbox 512 440 2021 517">
     <span class='ocr_line' id='line_1_4' title="bbox 512 440 2021 517; baseline 0.001 -18"><span class='ocrx_word' id='word_1_6' title='bbox 512 446 569 500; x_wconf 81' lang='lat'><strong>9.</strong></span> <span class='ocrx_word' id='word_1_7' title='bbox 610 441 679 497; x_wconf 80' lang='lat' dir='ltr'><strong>Et</strong></span> <span class='ocrx_word' id='word_1_8' title='bbox 698 442 873 497; x_wconf 80' lang='lat' dir='ltr'><strong>dixit:</strong></span> <span class='ocrx_word' id='word_1_9' title='bbox 906 440 1207 515; x_wconf 81' lang='lat' dir='ltr'><strong>Hucusque</strong></span> <span class='ocrx_word' id='word_1_10' title='bbox 1236 444 1450 507; x_wconf 81' lang='lat' dir='ltr'><strong>Daniel,</strong></span> <span class='ocrx_word' id='word_1_11' title='bbox 1472 447 1604 517; x_wconf 85' lang='lat' dir='ltr'><strong>quia</strong></span> <span class='ocrx_word' id='word_1_12' title='bbox 1627 446 2021 515; x_wconf 80' lang='lat' dir='ltr'><strong>clausi,signa-</strong></span> 
     </span>
    </p>
   </div>
   <div class='ocr_carea' id='block_1_5' title="bbox 2147 440 3716 519">
    <p class='ocr_par' dir='ltr' id='par_1_5' title="bbox 2193 444 3716 519">
     <span class='ocr_line' id='line_1_5' title="bbox 2193 444 3716 519; baseline 0.001 -21"><span class='ocrx_word' id='word_1_13' title='bbox 2193 444 2248 498; x_wconf 85' lang='lat'><strong>9.</strong></span> <span class='ocrx_word' id='word_1_14' title='bbox 2281 446 2390 501; x_wconf 86' lang='lat' dir='ltr'><strong>Kal</strong></span> <span class='ocrx_word' id='word_1_15' title='bbox 2418 444 2570 500; x_wconf 73' lang='grc' dir='ltr'>εἶπεν</span> <span class='ocrx_word' id='word_1_16' title='bbox 2592 463 2606 477; x_wconf 74' lang='grc' dir='ltr'><strong>ο</strong></span> <span class='ocrx_word' id='word_1_17' title='bbox 2631 445 2800 516; x_wconf 76' lang='grc' dir='ltr'>Δεῦρο</span> <span class='ocrx_word' id='word_1_18' title='bbox 2858 446 3074 518; x_wconf 75' lang='grc' dir='ltr'>Δανιὴλ,</span> <span class='ocrx_word' id='word_1_19' title='bbox 3101 447 3183 500; x_wconf 79' lang='grc' dir='ltr'>ὅτι</span> <span class='ocrx_word' id='word_1_20' title='bbox 3216 446 3673 519; x_wconf 78' lang='grc' dir='ltr'>ἐμπεφραγμένοι</span> <span class='ocrx_word' id='word_1_21' title='bbox 3700 462 3716 477; x_wconf 88' lang='grc'><strong>·</strong></span> 
     </span>
    </p>
   </div>
   <div class='ocr_carea' id='block_1_6' title="bbox 443 535 1883 609">
    <p class='ocr_par' dir='ltr' id='par_1_6' title="bbox 443 535 1883 609">
     <span class='ocr_line' id='line_1_6' title="bbox 443 535 1883 609; baseline 0.002 -19"><span class='ocrx_word' id='word_1_22' title='bbox 443 535 596 606; x_wconf 92' lang='lat' dir='ltr'><strong>tique</strong></span> <span class='ocrx_word' id='word_1_23' title='bbox 621 546 749 589; x_wconf 75' lang='lat' dir='ltr'><strong>stunt</strong></span> <span class='ocrx_word' id='word_1_24' title='bbox 776 550 1062 592; x_wconf 85' lang='lat' dir='ltr'><strong>sermones</strong></span> <span class='ocrx_word' id='word_1_25' title='bbox 1092 552 1266 607; x_wconf 85' lang='lat' dir='ltr'><strong>usque</strong></span> <span class='ocrx_word' id='word_1_26' title='bbox 1306 540 1371 592; x_wconf 84' lang='lat' dir='ltr'><strong>ad</strong></span> <span class='ocrx_word' id='word_1_27' title='bbox 1404 540 1667 609; x_wconf 83' lang='lat' dir='ltr'><strong>temporis</strong></span> <span class='ocrx_word' id='word_1_28' title='bbox 1698 539 1883 594; x_wconf 81' lang='lat' dir='ltr'><strong>linem.</strong></span> 
     </span>
    </p>
   </div>
   <div class='ocr_carea' id='block_1_7' title="bbox 516 625 2024 703">
    <p class='ocr_par' dir='ltr' id='par_1_7' title="bbox 516 625 2024 703">
     <span class='ocr_line' id='line_1_7' title="bbox 516 625 2024 703; baseline 0.003 -22"><span class='ocrx_word' id='word_1_29' title='bbox 516 627 603 681; x_wconf 88' lang='lat'><strong>10.</strong></span> <span class='ocrx_word' id='word_1_30' title='bbox 636 625 819 682; x_wconf 84' lang='lat' dir='ltr'><strong>Donec</strong></span> <span class='ocrx_word' id='word_1_31' title='bbox 847 628 1144 698; x_wconf 81' lang='lat' dir='ltr'><strong>eligantur,</strong></span> <span class='ocrx_word' id='word_1_32' title='bbox 1174 639 1227 684; x_wconf 92' lang='lat' dir='ltr'><strong>et</strong></span> <span class='ocrx_word' id='word_1_33' title='bbox 1256 630 1600 697; x_wconf 86' lang='lat' dir='ltr'><strong>dealbentur,</strong></span> <span class='ocrx_word' id='word_1_34' title='bbox 1635 642 1689 687; x_wconf 91' lang='lat' dir='ltr'><strong>et</strong></span> <span class='ocrx_word' id='word_1_35' title='bbox 1718 648 1812 701; x_wconf 88' lang='lat' dir='ltr'><strong>per</strong></span> <span class='ocrx_word' id='word_1_36' title='bbox 1846 634 2024 703; x_wconf 84' lang='lat' dir='ltr'><strong>ignem</strong></span> 
     </span>
    </p>
   </div>
   <div class='ocr_carea' id='block_1_8' title="bbox 446 720 2029 794">
    <p class='ocr_par' dir='ltr' id='par_1_8' title="bbox 446 720 2029 794">
     <span class='ocr_line' id='line_1_8' title="bbox 446 720 2029 794; baseline 0.003 -21"><span class='ocrx_word' id='word_1_37' title='bbox 446 720 746 791; x_wconf 83' lang='lat' dir='ltr'><strong>probentur</strong></span> <span class='ocrx_word' id='word_1_38' title='bbox 775 720 953 780; x_wconf 85' lang='lat' dir='ltr'><strong>multi.</strong></span> <span class='ocrx_word' id='word_1_39' title='bbox 991 729 1046 775; x_wconf 90' lang='lat' dir='ltr'><strong>et</strong></span> <span class='ocrx_word' id='word_1_40' title='bbox 1084 720 1250 791; x_wconf 88' lang='lat' dir='ltr'><strong>impie</strong></span> <span class='ocrx_word' id='word_1_41' title='bbox 1281 731 1443 791; x_wconf 80' lang='lat' dir='ltr'><strong>agent</strong></span> <span class='ocrx_word' id='word_1_42' title='bbox 1494 723 1646 790; x_wconf 84' lang='lat' dir='ltr'><strong>impii</strong></span> <span class='ocrx_word' id='word_1_43' title='bbox 1676 765 1692 788; x_wconf 94' lang='lat'><strong>,</strong></span> <span class='ocrx_word' id='word_1_44' title='bbox 1738 739 1916 794; x_wconf 79' lang='lat' dir='ltr'><strong>neque</strong></span> <span class='ocrx_word' id='word_1_45' title='bbox 1947 724 2029 778; x_wconf 89' lang='lat' dir='ltr'><strong>in-</strong></span> 
     </span>
    </p>
   </div>
   <div class='ocr_carea' id='block_1_9' title="bbox 447 813 1741 887">
    <p class='ocr_par' dir='ltr' id='par_1_9' title="bbox 447 813 1741 887">
     <span class='ocr_line' id='line_1_9' title="bbox 447 813 1741 887; baseline 0.003 -21"><span class='ocrx_word' id='word_1_46' title='bbox 447 813 689 884; x_wconf 81' lang='lat' dir='ltr'><strong>telligent</strong></span> <span class='ocrx_word' id='word_1_47' title='bbox 718 826 911 868; x_wconf 90' lang='lat' dir='ltr'><strong>omnes</strong></span> <span class='ocrx_word' id='word_1_48' title='bbox 946 813 1121 883; x_wconf 87' lang='lat' dir='ltr'><strong>impii,</strong></span> <span class='ocrx_word' id='word_1_49' title='bbox 1162 823 1217 869; x_wconf 88' lang='lat' dir='ltr'><strong>et</strong></span> <span class='ocrx_word' id='word_1_50' title='bbox 1241 813 1390 869; x_wconf 86' lang='lat' dir='ltr'><strong>docti</strong></span> <span class='ocrx_word' id='word_1_51' title='bbox 1417 815 1741 887; x_wconf 68' lang='lat' dir='ltr'><strong>intelligent.</strong></span> 
     </span>
    </p>
   </div>
   <div class='ocr_carea' id='block_1_10' title="bbox 518 998 2029 1071">
    <p class='ocr_par' dir='ltr' id='par_1_10' title="bbox 518 998 2029 1071">
     <span class='ocr_line' id='line_1_10' title="bbox 518 998 2029 1071; baseline 0.005 -19"><span class='ocrx_word' id='word_1_52' title='bbox 518 998 605 1054; x_wconf 81' lang='grc'><strong>11.</strong></span> <span class='ocrx_word' id='word_1_53' title='bbox 644 998 710 1055; x_wconf 85' lang='lat' dir='ltr'><strong>Et</strong></span> <span class='ocrx_word' id='word_1_54' title='bbox 739 1016 768 1054; x_wconf 89' lang='lat' dir='ltr'><strong>a</strong></span> <span class='ocrx_word' id='word_1_55' title='bbox 818 1009 1061 1068; x_wconf 81' lang='lat' dir='ltr'><strong>tempore</strong></span> <span class='ocrx_word' id='word_1_56' title='bbox 1110 1000 1431 1056; x_wconf 80' lang='lat' dir='ltr'><strong>mutationis</strong></span> <span class='ocrx_word' id='word_1_57' title='bbox 1467 1000 1615 1071; x_wconf 82' lang='lat' dir='ltr'><strong>jugis</strong></span> <span class='ocrx_word' id='word_1_58' title='bbox 1666 1003 1944 1062; x_wconf 81' lang='lat' dir='ltr'><strong>sacriﬁcii.</strong></span> <span class='ocrx_word' id='word_1_59' title='bbox 1975 1014 2029 1060; x_wconf 92' lang='lat' dir='ltr'><strong>et</strong></span> 
     </span>
    </p>
   </div>
   <div class='ocr_carea' id='block_1_11' title="bbox 447 1090 2031 1159">
    <p class='ocr_par' dir='ltr' id='par_1_11' title="bbox 447 1090 2031 1159">
     <span class='ocr_line' id='line_1_11' title="bbox 447 1090 2031 1159; baseline 0.004 -13"><span class='ocrx_word' id='word_1_60' title='bbox 447 1107 572 1146; x_wconf 87' lang='lat' dir='ltr'><strong>cum</strong></span> <span class='ocrx_word' id='word_1_61' title='bbox 603 1091 729 1146; x_wconf 87' lang='lat' dir='ltr'><strong>data</strong></span> <span class='ocrx_word' id='word_1_62' title='bbox 764 1090 928 1146; x_wconf 79' lang='lat' dir='ltr'><strong>fuerit</strong></span> <span class='ocrx_word' id='word_1_63' title='bbox 957 1090 1295 1147; x_wconf 88' lang='lat' dir='ltr'><strong>abominatio</strong></span> <span class='ocrx_word' id='word_1_64' title='bbox 1325 1092 1714 1159; x_wconf 86' lang='lat' dir='ltr'><strong>desolationis,</strong></span> <span class='ocrx_word' id='word_1_65' title='bbox 1744 1095 1860 1150; x_wconf 90' lang='lat' dir='ltr'><strong>dies</strong></span> <span class='ocrx_word' id='word_1_66' title='bbox 1881 1096 2031 1153; x_wconf 88' lang='lat' dir='ltr'><strong>mille</strong></span> 
     </span>
    </p>
   </div>
   <div class='ocr_carea' id='block_1_12' title="bbox 450 1184 1013 1256">
    <p class='ocr_par' dir='ltr' id='par_1_12' title="bbox 450 1184 1013 1256">
     <span class='ocr_line' id='line_1_12' title="bbox 450 1184 1013 1256; baseline -0.002 -17"><span class='ocrx_word' id='word_1_67' title='bbox 450 1184 667 1239; x_wconf 80' lang='lat' dir='ltr'><strong>ducenti</strong></span> <span class='ocrx_word' id='word_1_68' title='bbox 697 1184 1013 1256; x_wconf 73' lang='lat' dir='ltr'><strong>nonaginta.</strong></span> 
     </span>
    </p>
   </div>
   <div class='ocr_carea' id='block_1_13' title="bbox 520 1264 2031 1349">
    <p class='ocr_par' dir='ltr' id='par_1_13' title="bbox 520 1264 2031 1349">
     <span class='ocr_line' id='line_1_13' title="bbox 520 1264 2031 1349; baseline 0.005 -20"><span class='ocrx_word' id='word_1_69' title='bbox 520 1275 609 1329; x_wconf 76' lang='lat'><strong>12.</strong></span> <span class='ocrx_word' id='word_1_70' title='bbox 651 1274 851 1331; x_wconf 81' lang='lat' dir='ltr'><strong>Beatus</strong></span> <span class='ocrx_word' id='word_1_71' title='bbox 884 1279 978 1346; x_wconf 86' lang='lat' dir='ltr'><strong>qui</strong></span> <span class='ocrx_word' id='word_1_72' title='bbox 1028 1264 1332 1347; x_wconf 81' lang='lat' dir='ltr'><strong>exspectat,</strong></span> <span class='ocrx_word' id='word_1_73' title='bbox 1395 1286 1451 1333; x_wconf 90' lang='lat' dir='ltr'><strong>et</strong></span> <span class='ocrx_word' id='word_1_74' title='bbox 1505 1279 1755 1349; x_wconf 82' lang='lat' dir='ltr'><strong>pervenit</strong></span> <span class='ocrx_word' id='word_1_75' title='bbox 1822 1280 1888 1336; x_wconf 88' lang='lat' dir='ltr'><strong>ad</strong></span> <span class='ocrx_word' id='word_1_76' title='bbox 1913 1280 2031 1338; x_wconf 84' lang='lat' dir='ltr'><strong>dies</strong></span> 
     </span>
    </p>
   </div>
   <div class='ocr_carea' id='block_1_14' title="bbox 452 1366 1441 1441">
    <p class='ocr_par' dir='ltr' id='par_1_14' title="bbox 452 1366 1441 1441">
     <span class='ocr_line' id='line_1_14' title="bbox 452 1366 1441 1441; baseline 0.005 -21"><span class='ocrx_word' id='word_1_77' title='bbox 452 1366 599 1420; x_wconf 88' lang='lat' dir='ltr'><strong>mille</strong></span> <span class='ocrx_word' id='word_1_78' title='bbox 631 1376 903 1424; x_wconf 88' lang='lat' dir='ltr'><strong>trecentos</strong></span> <span class='ocrx_word' id='word_1_79' title='bbox 935 1368 1152 1437; x_wconf 77' lang='lat' dir='ltr'><strong>triginta</strong></span> <span class='ocrx_word' id='word_1_80' title='bbox 1180 1372 1441 1441; x_wconf 88' lang='lat' dir='ltr'><strong>quinque.</strong></span> 
     </span>
    </p>
   </div>
   <div class='ocr_carea' id='block_1_15' title="bbox 521 1456 2031 1531">
    <p class='ocr_par' dir='ltr' id='par_1_15' title="bbox 521 1456 2031 1531">
     <span class='ocr_line' id='line_1_15' title="bbox 521 1456 2031 1531; baseline 0.005 -19"><span class='ocrx_word' id='word_1_81' title='bbox 521 1459 611 1513; x_wconf 78' lang='grc'>15.</span> <span class='ocrx_word' id='word_1_82' title='bbox 652 1456 733 1513; x_wconf 88' lang='lat' dir='ltr'><strong>Tu</strong></span> <span class='ocrx_word' id='word_1_83' title='bbox 775 1468 980 1523; x_wconf 87' lang='lat' dir='ltr'><strong>autem,</strong></span> <span class='ocrx_word' id='word_1_84' title='bbox 1012 1460 1173 1527; x_wconf 85' lang='lat' dir='ltr'><strong>vade,</strong></span> <span class='ocrx_word' id='word_1_85' title='bbox 1209 1470 1264 1515; x_wconf 91' lang='lat' dir='ltr'><strong>et</strong></span> <span class='ocrx_word' id='word_1_86' title='bbox 1318 1461 1542 1531; x_wconf 85' lang='lat' dir='ltr'><strong>quiesce</strong></span> <span class='ocrx_word' id='word_1_87' title='bbox 1578 1480 1592 1517; x_wconf 89' lang='lat'><strong>:</strong></span> <span class='ocrx_word' id='word_1_88' title='bbox 1647 1460 1828 1517; x_wconf 89' lang='lat' dir='ltr'><strong>adhuc</strong></span> <span class='ocrx_word' id='word_1_89' title='bbox 1884 1464 2031 1519; x_wconf 89' lang='lat' dir='ltr'><strong>enim</strong></span> 
     </span>
    </p>
   </div>
   <div class='ocr_carea' id='block_1_16' title="bbox 448 1551 2032 1627">
    <p class='ocr_par' dir='ltr' id='par_1_16' title="bbox 448 1551 2032 1627">
     <span class='ocr_line' id='line_1_16' title="bbox 448 1551 2032 1627; baseline 0.003 -21"><span class='ocrx_word' id='word_1_90' title='bbox 448 1551 564 1606; x_wconf 88' lang='lat' dir='ltr'><strong>dies</strong></span> <span class='ocrx_word' id='word_1_91' title='bbox 592 1551 648 1605; x_wconf 89' lang='lat' dir='ltr'><strong>in</strong></span> <span class='ocrx_word' id='word_1_92' title='bbox 692 1551 1115 1622; x_wconf 84' lang='lat' dir='ltr'><strong>eompletionem</strong></span> <span class='ocrx_word' id='word_1_93' title='bbox 1160 1553 1677 1619; x_wconf 76' lang='lat' dir='ltr'><strong>consummationis,</strong></span> <span class='ocrx_word' id='word_1_94' title='bbox 1739 1565 1793 1610; x_wconf 91' lang='lat' dir='ltr'><strong>et</strong></span> <span class='ocrx_word' id='word_1_95' title='bbox 1846 1558 2032 1627; x_wconf 86' lang='lat' dir='ltr'><strong>requi-</strong></span> 
     </span>
    </p>
   </div>
   <div class='ocr_carea' id='block_1_17' title="bbox 447 1646 2034 1715">
    <p class='ocr_par' dir='ltr' id='par_1_17' title="bbox 447 1646 2034 1715">
     <span class='ocr_line' id='line_1_17' title="bbox 447 1646 2034 1715; baseline 0.003 -15"><span class='ocrx_word' id='word_1_96' title='bbox 447 1660 624 1709; x_wconf 87' lang='lat' dir='ltr'><strong>esees,</strong></span> <span class='ocrx_word' id='word_1_97' title='bbox 655 1654 708 1698; x_wconf 90' lang='lat' dir='ltr'><strong>et</strong></span> <span class='ocrx_word' id='word_1_98' title='bbox 738 1660 991 1715; x_wconf 79' lang='lat' dir='ltr'><strong>resurges</strong></span> <span class='ocrx_word' id='word_1_99' title='bbox 1026 1646 1079 1698; x_wconf 91' lang='lat' dir='ltr'><strong>in</strong></span> <span class='ocrx_word' id='word_1_100' title='bbox 1119 1654 1266 1701; x_wconf 87' lang='lat' dir='ltr'><strong>sorte</strong></span> <span class='ocrx_word' id='word_1_101' title='bbox 1317 1655 1409 1700; x_wconf 90' lang='lat' dir='ltr'><strong>tua</strong></span> <span class='ocrx_word' id='word_1_102' title='bbox 1460 1646 1514 1700; x_wconf 93' lang='lat' dir='ltr'><strong>in</strong></span> <span class='ocrx_word' id='word_1_103' title='bbox 1562 1651 2034 1706; x_wconf 79' lang='lat' dir='ltr'><strong>consummatione</strong></span> 
     </span>
    </p>
   </div>
   <div class='ocr_carea' id='block_1_18' title="bbox 2134 538 3581 611">
    <p class='ocr_par' dir='ltr' id='par_1_18' title="bbox 2134 538 3581 611">
     <span class='ocr_line' id='line_1_18' title="bbox 2134 538 3581 611; baseline 0 -17"><span class='ocrx_word' id='word_1_104' title='bbox 2134 539 2231 594; x_wconf 69' lang='grc' dir='ltr'>καὶ</span> <span class='ocrx_word' id='word_1_105' title='bbox 2251 538 2681 610; x_wconf 73' lang='grc' dir='ltr'><strong>ἐσφραγισμένοι</strong></span> <span class='ocrx_word' id='word_1_106' title='bbox 2709 541 2757 593; x_wconf 76' lang='grc' dir='ltr'><strong>οἱ</strong></span> <span class='ocrx_word' id='word_1_107' title='bbox 2788 539 2936 605; x_wconf 89' lang='grc' dir='ltr'>λόγοι</span> <span class='ocrx_word' id='word_1_108' title='bbox 2961 539 3065 603; x_wconf 69' lang='grc' dir='ltr'><strong>ἕως</strong></span> <span class='ocrx_word' id='word_1_109' title='bbox 3101 538 3295 611; x_wconf 80' lang='grc' dir='ltr'>καιροῦ</span> <span class='ocrx_word' id='word_1_110' title='bbox 3324 539 3581 610; x_wconf 82' lang='grc' dir='ltr'>πέρατος.</span> 
     </span>
    </p>
   </div>
   <div class='ocr_carea' id='block_1_19' title="bbox 2209 630 3726 700">
    <p class='ocr_par' dir='ltr' id='par_1_19' title="bbox 2209 630 3726 700">
     <span class='ocr_line' id='line_1_19' title="bbox 2209 630 3726 700; baseline -0.001 -13"><span class='ocrx_word' id='word_1_111' title='bbox 2209 634 2296 687; x_wconf 91' lang='grc'><strong>10.</strong></span> <span class='ocrx_word' id='word_1_112' title='bbox 2329 632 2477 696; x_wconf 82' lang='grc' dir='ltr'><strong>Ἕως</strong></span> <span class='ocrx_word' id='word_1_113' title='bbox 2510 631 2798 700; x_wconf 83' lang='grc' dir='ltr'>ἐκλεγῶσι,</span> <span class='ocrx_word' id='word_1_114' title='bbox 2835 631 2929 685; x_wconf 69' lang='grc' dir='ltr'>καὶ</span> <span class='ocrx_word' id='word_1_115' title='bbox 2951 631 3377 693; x_wconf 85' lang='grc' dir='ltr'>ἐκλευκανθῶσι,</span> <span class='ocrx_word' id='word_1_116' title='bbox 3405 630 3499 686; x_wconf 72' lang='grc' dir='ltr'>καὶ</span> <span class='ocrx_word' id='word_1_117' title='bbox 3547 634 3726 685; x_wconf 81' lang='grc' dir='ltr'>ἐκπυ-</span> 
     </span>
    </p>
   </div>
   <div class='ocr_carea' id='block_1_20' title="bbox 2137 722 3722 797">
    <p class='ocr_par' dir='ltr' id='par_1_20' title="bbox 2137 722 3722 797">
     <span class='ocr_line' id='line_1_20' title="bbox 2137 722 3722 797; baseline -0.002 -18"><span class='ocrx_word' id='word_1_118' title='bbox 2137 724 2354 797; x_wconf 86' lang='grc' dir='ltr'>ρωθῶσι</span> <span class='ocrx_word' id='word_1_119' title='bbox 2412 724 2627 777; x_wconf 86' lang='grc' dir='ltr'>πολλοί·</span> <span class='ocrx_word' id='word_1_120' title='bbox 2670 724 2765 778; x_wconf 74' lang='grc' dir='ltr'>καὶ</span> <span class='ocrx_word' id='word_1_121' title='bbox 2820 724 3187 795; x_wconf 82' lang='grc' dir='ltr'>ἁνομὴσουσιν</span> <span class='ocrx_word' id='word_1_122' title='bbox 3240 723 3454 794; x_wconf 80' lang='grc' dir='ltr'>ἄνομοι,</span> <span class='ocrx_word' id='word_1_123' title='bbox 3512 724 3605 776; x_wconf 71' lang='grc' dir='ltr'>καὶ</span> <span class='ocrx_word' id='word_1_124' title='bbox 3654 722 3722 776; x_wconf 81' lang='grc' dir='ltr'><strong>οὐ</strong></span> 
     </span>
    </p>
   </div>
   <div class='ocr_carea' id='block_1_21' title="bbox 2138 814 3725 888">
    <p class='ocr_par' dir='ltr' id='par_1_21' title="bbox 2138 814 3725 888">
     <span class='ocr_line' id='line_1_21' title="bbox 2138 814 3725 888; baseline -0.002 -19"><span class='ocrx_word' id='word_1_125' title='bbox 2138 817 2429 888; x_wconf 84' lang='grc' dir='ltr'><strong>συνήσουσι</strong></span> <span class='ocrx_word' id='word_1_126' title='bbox 2482 816 2683 879; x_wconf 84' lang='grc' dir='ltr'>πάντες</span> <span class='ocrx_word' id='word_1_127' title='bbox 2742 814 2960 878; x_wconf 79' lang='grc' dir='ltr'>ἀσεϐεῖς</span> <span class='ocrx_word' id='word_1_128' title='bbox 2987 854 3002 878; x_wconf 87' lang='grc'><strong>,</strong></span> <span class='ocrx_word' id='word_1_129' title='bbox 3062 815 3157 869; x_wconf 74' lang='grc' dir='ltr'>καὶ</span> <span class='ocrx_word' id='word_1_130' title='bbox 3197 816 3248 870; x_wconf 90' lang='grc' dir='ltr'><strong>οί</strong></span> <span class='ocrx_word' id='word_1_131' title='bbox 3292 816 3553 886; x_wconf 81' lang='grc' dir='ltr'><strong>νοήμονες</strong></span> <span class='ocrx_word' id='word_1_132' title='bbox 3595 832 3725 869; x_wconf 76' lang='grc' dir='ltr'>συνο</span> 
     </span>
    </p>
   </div>
   <div class='ocr_carea' id='block_1_22' title="bbox 2135 907 2348 976">
    <p class='ocr_par' dir='ltr' id='par_1_22' title="bbox 2135 907 2348 976">
     <span class='ocr_line' id='line_1_22' title="bbox 2135 907 2348 976; baseline 0 -18"><span class='ocrx_word' id='word_1_133' title='bbox 2135 907 2348 976; x_wconf 85' lang='grc' dir='ltr'>ήσουσι.</span> 
     </span>
    </p>
   </div>
   <div class='ocr_carea' id='block_1_23' title="bbox 2209 994 3723 1069">
    <p class='ocr_par' dir='ltr' id='par_1_23' title="bbox 2209 994 3723 1069">
     <span class='ocr_line' id='line_1_23' title="bbox 2209 994 3723 1069; baseline -0.003 -16"><span class='ocrx_word' id='word_1_134' title='bbox 2209 1000 2296 1055; x_wconf 81' lang='grc'><strong>11.</strong></span> <span class='ocrx_word' id='word_1_135' title='bbox 2314 1000 2424 1052; x_wconf 97' lang='lat' dir='ltr'><strong>Kal</strong></span> <span class='ocrx_word' id='word_1_136' title='bbox 2453 998 2562 1053; x_wconf 85' lang='grc' dir='ltr'><strong>ἀπὸ</strong></span> <span class='ocrx_word' id='word_1_137' title='bbox 2583 996 2776 1068; x_wconf 73' lang='grc' dir='ltr'>καιροῦ</span> <span class='ocrx_word' id='word_1_138' title='bbox 2796 994 3179 1067; x_wconf 78' lang='grc' dir='ltr'>παραλλάξεως</span> <span class='ocrx_word' id='word_1_139' title='bbox 3198 997 3291 1052; x_wconf 80' lang='grc' dir='ltr'>τοῦ</span> <span class='ocrx_word' id='word_1_140' title='bbox 3316 995 3723 1069; x_wconf 78' lang='grc' dir='ltr'>ἐνδελεχισμοῦ.</span> 
     </span>
    </p>
   </div>
   <div class='ocr_carea' id='block_1_24' title="bbox 2137 1086 3724 1163">
    <p class='ocr_par' dir='ltr' id='par_1_24' title="bbox 2137 1086 3724 1163">
     <span class='ocr_line' id='line_1_24' title="bbox 2137 1086 3724 1163; baseline -0.001 -20"><span class='ocrx_word' id='word_1_141' title='bbox 2137 1090 2234 1145; x_wconf 75' lang='grc' dir='ltr'>καὶ</span> <span class='ocrx_word' id='word_1_142' title='bbox 2260 1090 2354 1144; x_wconf 82' lang='grc' dir='ltr'>τοῦ</span> <span class='ocrx_word' id='word_1_143' title='bbox 2383 1090 2601 1160; x_wconf 82' lang='grc' dir='ltr'>δοθῆναι</span> <span class='ocrx_word' id='word_1_144' title='bbox 2623 1089 2902 1160; x_wconf 75' lang='grc' dir='ltr'><strong>βδέλυγμα</strong></span> <span class='ocrx_word' id='word_1_145' title='bbox 2928 1086 3281 1160; x_wconf 79' lang='grc' dir='ltr'>ἐρημώσεως,</span> <span class='ocrx_word' id='word_1_146' title='bbox 3313 1088 3520 1163; x_wconf 77' lang='grc' dir='ltr'>ἡμέραι</span> <span class='ocrx_word' id='word_1_147' title='bbox 3551 1088 3724 1160; x_wconf 82' lang='grc' dir='ltr'>χίλιαι</span> 
     </span>
    </p>
   </div>
   <div class='ocr_carea' id='block_1_25' title="bbox 2136 1182 2788 1252">
    <p class='ocr_par' dir='ltr' id='par_1_25' title="bbox 2136 1182 2788 1252">
     <span class='ocr_line' id='line_1_25' title="bbox 2136 1182 2788 1252; baseline -0.003 -16"><span class='ocrx_word' id='word_1_148' title='bbox 2136 1182 2408 1236; x_wconf 84' lang='grc' dir='ltr'>διακόσιαι</span> <span class='ocrx_word' id='word_1_149' title='bbox 2441 1183 2788 1252; x_wconf 74' lang='grc' dir='ltr'>ἐνενήκοντα.</span> 
     </span>
    </p>
   </div>
   <div class='ocr_carea' id='block_1_26' title="bbox 2210 1271 3722 1346">
    <p class='ocr_par' dir='ltr' id='par_1_26' title="bbox 2210 1271 3722 1346">
     <span class='ocr_line' id='line_1_26' title="bbox 2210 1271 3722 1346; baseline -0.003 -17"><span class='ocrx_word' id='word_1_150' title='bbox 2210 1275 2299 1330; x_wconf 70' lang='grc'>12.</span> <span class='ocrx_word' id='word_1_151' title='bbox 2328 1275 2617 1345; x_wconf 79' lang='grc' dir='ltr'>Μακάριος</span> <span class='ocrx_word' id='word_1_152' title='bbox 2640 1275 2670 1327; x_wconf 88' lang='grc' dir='ltr'><strong>ό</strong></span> <span class='ocrx_word' id='word_1_153' title='bbox 2699 1273 3006 1346; x_wconf 70' lang='grc' dir='ltr'>ὑπομένων,</span> <span class='ocrx_word' id='word_1_154' title='bbox 3042 1274 3135 1326; x_wconf 79' lang='grc' dir='ltr'>καὶ</span> <span class='ocrx_word' id='word_1_155' title='bbox 3160 1271 3371 1342; x_wconf 83' lang='grc' dir='ltr'>φθάσας</span> <span class='ocrx_word' id='word_1_156' title='bbox 3396 1273 3476 1336; x_wconf 81' lang='grc' dir='ltr'><strong>εἰς</strong></span> <span class='ocrx_word' id='word_1_157' title='bbox 3507 1272 3722 1345; x_wconf 82' lang='grc' dir='ltr'>ἡμέρας</span> 
     </span>
    </p>
   </div>
   <div class='ocr_carea' id='block_1_27' title="bbox 2140 1365 3183 1438">
    <p class='ocr_par' dir='ltr' id='par_1_27' title="bbox 2140 1365 3183 1438">
     <span class='ocr_line' id='line_1_27' title="bbox 2140 1365 3183 1438; baseline -0.003 -17"><span class='ocrx_word' id='word_1_158' title='bbox 2140 1366 2320 1437; x_wconf 87' lang='grc' dir='ltr'>χιλίας</span> <span class='ocrx_word' id='word_1_159' title='bbox 2342 1367 2665 1438; x_wconf 81' lang='grc' dir='ltr'>τριακοσίας</span> <span class='ocrx_word' id='word_1_160' title='bbox 2697 1365 3183 1436; x_wconf 78' lang='grc' dir='ltr'>τριακονταπέντε.</span> 
     </span>
    </p>
   </div>
   <div class='ocr_carea' id='block_1_28' title="bbox 2212 1457 3725 1531">
    <p class='ocr_par' dir='ltr' id='par_1_28' title="bbox 2212 1457 3725 1531">
     <span class='ocr_line' id='line_1_28' title="bbox 2212 1457 3725 1531; baseline -0.003 -17"><span class='ocrx_word' id='word_1_161' title='bbox 2212 1460 2301 1514; x_wconf 83' lang='grc'>15.</span> <span class='ocrx_word' id='word_1_162' title='bbox 2335 1460 2447 1514; x_wconf 89' lang='lat' dir='ltr'><strong>Kal</strong></span> <span class='ocrx_word' id='word_1_163' title='bbox 2477 1461 2542 1514; x_wconf 82' lang='grc' dir='ltr'>σὺ</span> <span class='ocrx_word' id='word_1_164' title='bbox 2575 1459 2755 1531; x_wconf 77' lang='grc' dir='ltr'>δεῦρο,</span> <span class='ocrx_word' id='word_1_165' title='bbox 2796 1459 2890 1512; x_wconf 73' lang='grc' dir='ltr'>καὶ</span> <span class='ocrx_word' id='word_1_166' title='bbox 2921 1458 3229 1513; x_wconf 82' lang='grc' dir='ltr'>ἀναπαύου·</span> <span class='ocrx_word' id='word_1_167' title='bbox 3268 1459 3349 1513; x_wconf 78' lang='grc' dir='ltr'>ἔτι</span> <span class='ocrx_word' id='word_1_168' title='bbox 3380 1458 3486 1529; x_wconf 81' lang='grc' dir='ltr'><strong>γὰρ</strong></span> <span class='ocrx_word' id='word_1_169' title='bbox 3519 1457 3725 1529; x_wconf 79' lang='grc' dir='ltr'>ἡμέραι</span> 
     </span>
    </p>
   </div>
   <div class='ocr_carea' id='block_1_29' title="bbox 2140 1552 3727 1625">
    <p class='ocr_par' dir='ltr' id='par_1_29' title="bbox 2140 1552 3727 1625">
     <span class='ocr_line' id='line_1_29' title="bbox 2140 1552 3727 1625; baseline -0.002 -18"><span class='ocrx_word' id='word_1_170' title='bbox 2140 1556 2223 1618; x_wconf 84' lang='grc' dir='ltr'><strong>εἰς</strong></span> <span class='ocrx_word' id='word_1_171' title='bbox 2244 1552 2632 1625; x_wconf 77' lang='grc' dir='ltr'>ἀναπλήρωσιν</span> <span class='ocrx_word' id='word_1_172' title='bbox 2654 1552 2984 1618; x_wconf 76' lang='grc' dir='ltr'>συντελείας,</span> <span class='ocrx_word' id='word_1_173' title='bbox 3014 1553 3108 1606; x_wconf 78' lang='grc' dir='ltr'>καὶ</span> <span class='ocrx_word' id='word_1_174' title='bbox 3135 1552 3350 1608; x_wconf 87' lang='grc' dir='ltr'>άναπαύ</span> <span class='ocrx_word' id='word_1_175' title='bbox 3361 1570 3447 1625; x_wconf 77' lang='grc' dir='ltr'>σῃ,</span> <span class='ocrx_word' id='word_1_176' title='bbox 3480 1552 3573 1607; x_wconf 69' lang='grc' dir='ltr'>καὶ</span> <span class='ocrx_word' id='word_1_177' title='bbox 3593 1552 3727 1605; x_wconf 83' lang='grc' dir='ltr'>ἀνα-</span> 
     </span>
    </p>
   </div>
   <div class='ocr_carea' id='block_1_30' title="bbox 2143 1642 3724 1717">
    <p class='ocr_par' dir='ltr' id='par_1_30' title="bbox 2143 1642 3724 1717">
     <span class='ocr_line' id='line_1_30' title="bbox 2143 1642 3724 1717; baseline -0.003 -16"><span class='ocrx_word' id='word_1_178' title='bbox 2143 1647 2317 1717; x_wconf 81' lang='grc' dir='ltr'>στήσῃ</span> <span class='ocrx_word' id='word_1_179' title='bbox 2344 1647 2426 1710; x_wconf 86' lang='grc' dir='ltr'><strong>είς</strong></span> <span class='ocrx_word' id='word_1_180' title='bbox 2476 1646 2569 1699; x_wconf 77' lang='grc' dir='ltr'><strong>τὸν</strong></span> <span class='ocrx_word' id='word_1_181' title='bbox 2605 1645 2808 1717; x_wconf 79' lang='grc' dir='ltr'>κλῆρόν</span> <span class='ocrx_word' id='word_1_182' title='bbox 2860 1663 2952 1699; x_wconf 85' lang='grc' dir='ltr'><strong>σου</strong></span> <span class='ocrx_word' id='word_1_183' title='bbox 2993 1647 3072 1708; x_wconf 82' lang='grc' dir='ltr'><strong>είς</strong></span> <span class='ocrx_word' id='word_1_184' title='bbox 3128 1645 3439 1699; x_wconf 73' lang='grc' dir='ltr'>συντέλειαν</span> <span class='ocrx_word' id='word_1_185' title='bbox 3475 1642 3724 1716; x_wconf 73' lang='grc' dir='ltr'>ἡμερῶν.</span> 
     </span>
    </p>
   </div>
   <div class='ocr_carea' id='block_1_31' title="bbox 449 1733 2041 1810">
    <p class='ocr_par' dir='ltr' id='par_1_31' title="bbox 449 1735 2034 1810">
     <span class='ocr_line' id='line_1_31' title="bbox 449 1735 2034 1810; baseline 0.004 -20"><span class='ocrx_word' id='word_1_186' title='bbox 449 1737 685 1792; x_wconf 89' lang='lat' dir='ltr'><strong>dierum.</strong></span> <span class='ocrx_word' id='word_1_187' title='bbox 716 1735 784 1790; x_wconf 90' lang='lat' dir='ltr'><strong>Et</strong></span> <span class='ocrx_word' id='word_1_188' title='bbox 844 1752 939 1793; x_wconf 84' lang='lat' dir='ltr'><strong>rex</strong></span> <span class='ocrx_word' id='word_1_189' title='bbox 975 1736 1240 1807; x_wconf 79' lang='lat' dir='ltr'><strong>Astyages</strong></span> <span class='ocrx_word' id='word_1_190' title='bbox 1265 1738 1549 1808; x_wconf 84' lang='lat' dir='ltr'><strong>appositus</strong></span> <span class='ocrx_word' id='word_1_191' title='bbox 1599 1749 1687 1794; x_wconf 90' lang='lat' dir='ltr'><strong>est</strong></span> <span class='ocrx_word' id='word_1_192' title='bbox 1738 1740 1806 1794; x_wconf 83' lang='lat' dir='ltr'><strong>ad</strong></span> <span class='ocrx_word' id='word_1_193' title='bbox 1855 1751 2034 1810; x_wconf 82' lang='lat' dir='ltr'><strong>patres</strong></span> 
     </span>
    </p>
   </div>
   <div class='ocr_carea' id='block_1_32' title="bbox 2147 1733 3725 1810">
    <p class='ocr_par' dir='ltr' id='par_1_32' title="bbox 2147 1733 3725 1807">
     <span class='ocr_line' id='line_1_32' title="bbox 2147 1733 3725 1807; baseline -0.002 -17"><span class='ocrx_word' id='word_1_194' title='bbox 2147 1736 2253 1790; x_wconf 87' lang='lat' dir='ltr'><strong>Kal</strong></span> <span class='ocrx_word' id='word_1_195' title='bbox 2290 1738 2318 1790; x_wconf 86' lang='grc' dir='ltr'><strong>ό</strong></span> <span class='ocrx_word' id='word_1_196' title='bbox 2342 1735 2597 1806; x_wconf 78' lang='grc' dir='ltr'>βασιλεὺς</span> <span class='ocrx_word' id='word_1_197' title='bbox 2629 1736 2936 1806; x_wconf 76' lang='grc' dir='ltr'><strong>Ἀστυάγης</strong></span> <span class='ocrx_word' id='word_1_198' title='bbox 2962 1737 3263 1807; x_wconf 76' lang='grc' dir='ltr'>προσετέθη</span> <span class='ocrx_word' id='word_1_199' title='bbox 3293 1733 3431 1807; x_wconf 70' lang='grc' dir='ltr'>πρὸς</span> <span class='ocrx_word' id='word_1_200' title='bbox 3466 1736 3591 1799; x_wconf 81' lang='grc' dir='ltr'>τοὺς</span> <span class='ocrx_word' id='word_1_201' title='bbox 3615 1752 3725 1787; x_wconf 66' lang='grc' dir='ltr'>παι</span> 
     </span>
    </p>
   </div>
   <div class='ocr_carea' id='block_1_33' title="bbox 451 1803 2041 1903">
    <p class='ocr_par' dir='ltr' id='par_1_33' title="bbox 451 1803 2039 1903">
     <span class='ocr_line' id='line_1_33' title="bbox 451 1803 2039 1903; baseline 0.006 -22"><span class='ocrx_word' id='word_1_202' title='bbox 451 1844 603 1893; x_wconf 81' lang='lat' dir='ltr'><strong>suos,</strong></span> <span class='ocrx_word' id='word_1_203' title='bbox 626 1840 683 1883; x_wconf 88' lang='lat' dir='ltr'><strong>et</strong></span> <span class='ocrx_word' id='word_1_204' title='bbox 709 1830 947 1899; x_wconf 83' lang='lat' dir='ltr'><strong>suscepit</strong></span> <span class='ocrx_word' id='word_1_205' title='bbox 979 1803 1372 1901; x_wconf 39' lang='lat' dir='ltr'><strong>(Iyrus‘Perse-s</strong></span> <span class='ocrx_word' id='word_1_206' title='bbox 1397 1847 1624 1903; x_wconf 85' lang='lat' dir='ltr'><strong>regnum</strong></span> <span class='ocrx_word' id='word_1_207' title='bbox 1655 1832 1796 1902; x_wconf 92' lang='lat' dir='ltr'><strong>ejus.</strong></span> <span class='ocrx_word' id='word_1_208' title='bbox 1822 1803 1888 1889; x_wconf 69' lang='lat' dir='ltr'><strong>Et</strong></span> <span class='ocrx_word' id='word_1_209' title='bbox 1920 1844 2039 1890; x_wconf 88' lang='lat' dir='ltr'><strong>erat</strong></span> 
     </span>
    </p>
   </div>
   <div class='ocr_carea' id='block_1_34' title="bbox 2147 1803 3729 1903">
    <p class='ocr_par' dir='ltr' id='par_1_34' title="bbox 2147 1803 3729 1901">
     <span class='ocr_line' id='line_1_34' title="bbox 2147 1803 3729 1901; baseline -0.001 -19"><span class='ocrx_word' id='word_1_210' title='bbox 2147 1827 2307 1901; x_wconf 83' lang='grc' dir='ltr'>τέρας</span> <span class='ocrx_word' id='word_1_211' title='bbox 2342 1803 2558 1881; x_wconf 64' lang='grc' dir='ltr'>ἀὺτοῦ·</span> <span class='ocrx_word' id='word_1_212' title='bbox 2608 1829 2702 1882; x_wconf 76' lang='grc' dir='ltr'>καὶ</span> <span class='ocrx_word' id='word_1_213' title='bbox 2757 1803 3032 1898; x_wconf 77' lang='grc' dir='ltr'>παρέλαϐε</span> <span class='ocrx_word' id='word_1_214' title='bbox 3086 1803 3265 1900; x_wconf 78' lang='grc' dir='ltr'>Κύρος</span> <span class='ocrx_word' id='word_1_215' title='bbox 3305 1803 3348 1881; x_wconf 30' lang='grc' dir='ltr'><strong>ὁ-</strong></span> <span class='ocrx_word' id='word_1_216' title='bbox 3384 1827 3601 1899; x_wconf 82' lang='grc' dir='ltr'>Πέρσης</span> <span class='ocrx_word' id='word_1_217' title='bbox 3624 1826 3729 1898; x_wconf 73' lang='grc' dir='ltr'><strong>τὴν</strong></span> 
     </span>
    </p>
   </div>
   <div class='ocr_carea' id='block_1_35' title="bbox 458 1919 2039 1995">
    <p class='ocr_par' dir='ltr' id='par_1_35' title="bbox 458 1919 2039 1995">
     <span class='ocr_line' id='line_1_35' title="bbox 458 1919 2039 1995; baseline 0.007 -24"><span class='ocrx_word' id='word_1_218' title='bbox 458 1919 645 1974; x_wconf 87' lang='lat' dir='ltr'><strong>Daniel</strong></span> <span class='ocrx_word' id='word_1_219' title='bbox 675 1921 903 1975; x_wconf 82' lang='lat' dir='ltr'><strong>conviva</strong></span> <span class='ocrx_word' id='word_1_220' title='bbox 951 1922 1115 1992; x_wconf 78' lang='lat' dir='ltr'><strong>regis,</strong></span> <span class='ocrx_word' id='word_1_221' title='bbox 1173 1932 1227 1978; x_wconf 92' lang='lat' dir='ltr'><strong>et</strong></span> <span class='ocrx_word' id='word_1_222' title='bbox 1287 1924 1592 1978; x_wconf 89' lang='lat' dir='ltr'><strong>honoratus</strong></span> <span class='ocrx_word' id='word_1_223' title='bbox 1639 1939 1804 1995; x_wconf 83' lang='lat' dir='ltr'><strong>super</strong></span> <span class='ocrx_word' id='word_1_224' title='bbox 1847 1942 2039 1983; x_wconf 86' lang='lat' dir='ltr'><strong>omnes</strong></span> 
     </span>
    </p>
   </div>
   <div class='ocr_carea' id='block_1_36' title="bbox 455 2013 842 2083">
    <p class='ocr_par' dir='ltr' id='par_1_36' title="bbox 455 2013 842 2083">
     <span class='ocr_line' id='line_1_36' title="bbox 455 2013 842 2083; baseline 0.005 -17"><span class='ocrx_word' id='word_1_225' title='bbox 455 2013 669 2069; x_wconf 81' lang='lat' dir='ltr'><strong>amicos</strong></span> <span class='ocrx_word' id='word_1_226' title='bbox 701 2015 842 2083; x_wconf 84' lang='lat' dir='ltr'><strong>ejus.</strong></span> 
     </span>
    </p>
   </div>
   <div class='ocr_carea' id='block_1_37' title="bbox 1018 2128 1459 2187">
    <p class='ocr_par' dir='ltr' id='par_1_37' title="bbox 1018 2128 1459 2187">
     <span class='ocr_line' id='line_1_37' title="bbox 1018 2128 1459 2187; baseline 0.002 -3"><span class='ocrx_word' id='word_1_227' title='bbox 1018 2128 1256 2187; x_wconf 81' lang='lat' dir='ltr'><strong>CAPUT</strong></span> <span class='ocrx_word' id='word_1_228' title='bbox 1315 2130 1459 2186; x_wconf 81' lang='lat' dir='ltr'>XIII.</span> 
     </span>
    </p>
   </div>
   <div class='ocr_carea' id='block_1_38' title="bbox 529 2216 2037 2295">
    <p class='ocr_par' dir='ltr' id='par_1_38' title="bbox 529 2216 2037 2295">
     <span class='ocr_line' id='line_1_38' title="bbox 529 2216 2037 2295; baseline 0.006 -24"><span class='ocrx_word' id='word_1_229' title='bbox 529 2217 582 2271; x_wconf 86' lang='lat'><strong>1.</strong></span> <span class='ocrx_word' id='word_1_230' title='bbox 626 2216 692 2272; x_wconf 87' lang='lat' dir='ltr'><strong>Et</strong></span> <span class='ocrx_word' id='word_1_231' title='bbox 723 2225 842 2273; x_wconf 90' lang='lat' dir='ltr'><strong>erat</strong></span> <span class='ocrx_word' id='word_1_232' title='bbox 874 2219 957 2273; x_wconf 92' lang='lat' dir='ltr'><strong>vir</strong></span> <span class='ocrx_word' id='word_1_233' title='bbox 991 2219 1247 2277; x_wconf 84' lang='lat' dir='ltr'><strong>habitans</strong></span> <span class='ocrx_word' id='word_1_234' title='bbox 1296 2221 1350 2277; x_wconf 90' lang='lat' dir='ltr'><strong>in</strong></span> <span class='ocrx_word' id='word_1_235' title='bbox 1408 2221 1706 2295; x_wconf 82' lang='lat' dir='ltr'><strong>Babylone,</strong></span> <span class='ocrx_word' id='word_1_236' title='bbox 1755 2233 1811 2280; x_wconf 92' lang='lat' dir='ltr'><strong>et</strong></span> <span class='ocrx_word' id='word_1_237' title='bbox 1840 2239 2037 2282; x_wconf 91' lang='lat' dir='ltr'><strong>nomen</strong></span> 
     </span>
    </p>
   </div>
   <div class='ocr_carea' id='block_1_39' title="bbox 454 2310 768 2366">
    <p class='ocr_par' dir='ltr' id='par_1_39' title="bbox 454 2310 768 2366">
     <span class='ocr_line' id='line_1_39' title="bbox 454 2310 768 2366; baseline -0.003 -1"><span class='ocrx_word' id='word_1_238' title='bbox 454 2311 502 2365; x_wconf 84' lang='lat' dir='ltr'><strong>ei</strong></span> <span class='ocrx_word' id='word_1_239' title='bbox 532 2310 768 2366; x_wconf 79' lang='lat' dir='ltr'><strong>Joakim.</strong></span> 
     </span>
    </p>
   </div>
   <div class='ocr_carea' id='block_1_40' title="bbox 524 2404 2038 2476">
    <p class='ocr_par' dir='ltr' id='par_1_40' title="bbox 524 2404 2038 2476">
     <span class='ocr_line' id='line_1_40' title="bbox 524 2404 2038 2476; baseline 0.007 -19"><span class='ocrx_word' id='word_1_240' title='bbox 524 2405 579 2458; x_wconf 76' lang='lat'><strong>2.</strong></span> <span class='ocrx_word' id='word_1_241' title='bbox 624 2404 690 2459; x_wconf 85' lang='lat' dir='ltr'><strong>Et</strong></span> <span class='ocrx_word' id='word_1_242' title='bbox 723 2406 934 2476; x_wconf 83' lang='lat' dir='ltr'><strong>accepit</strong></span> <span class='ocrx_word' id='word_1_243' title='bbox 959 2422 1210 2474; x_wconf 84' lang='lat' dir='ltr'><strong>uxorem,</strong></span> <span class='ocrx_word' id='word_1_244' title='bbox 1274 2408 1365 2465; x_wconf 89' lang='lat' dir='ltr'><strong>cui</strong></span> <span class='ocrx_word' id='word_1_245' title='bbox 1413 2425 1614 2465; x_wconf 89' lang='lat' dir='ltr'><strong>nomen</strong></span> <span class='ocrx_word' id='word_1_246' title='bbox 1648 2410 1902 2468; x_wconf 87' lang='lat' dir='ltr'><strong>Susanna</strong></span> <span class='ocrx_word' id='word_1_247' title='bbox 1930 2412 2038 2467; x_wconf 83' lang='lat' dir='ltr'><strong>ﬁlia</strong></span> 
     </span>
    </p>
   </div>
   <div class='ocr_carea' id='block_1_41' title="bbox 454 2496 1860 2568">
    <p class='ocr_par' dir='ltr' id='par_1_41' title="bbox 454 2496 1860 2568">
     <span class='ocr_line' id='line_1_41' title="bbox 454 2496 1860 2568; baseline 0.004 -16"><span class='ocrx_word' id='word_1_248' title='bbox 454 2496 710 2563; x_wconf 68' lang='lat' dir='ltr'><strong>Chelciaa,</strong></span> <span class='ocrx_word' id='word_1_249' title='bbox 748 2498 973 2568; x_wconf 87' lang='lat' dir='ltr'><strong>pulchra</strong></span> <span class='ocrx_word' id='word_1_250' title='bbox 1012 2499 1198 2567; x_wconf 87' lang='lat' dir='ltr'><strong>nimis,</strong></span> <span class='ocrx_word' id='word_1_251' title='bbox 1234 2510 1289 2557; x_wconf 90' lang='lat' dir='ltr'><strong>et</strong></span> <span class='ocrx_word' id='word_1_252' title='bbox 1317 2502 1516 2558; x_wconf 89' lang='lat' dir='ltr'><strong>timens</strong></span> <span class='ocrx_word' id='word_1_253' title='bbox 1546 2502 1860 2558; x_wconf 89' lang='lat' dir='ltr'><strong>Dominum.</strong></span> 
     </span>
    </p>
   </div>
   <div class='ocr_carea' id='block_1_42' title="bbox 527 2673 2036 2748">
    <p class='ocr_par' dir='ltr' id='par_1_42' title="bbox 527 2673 2036 2748">
     <span class='ocr_line' id='line_1_42' title="bbox 527 2673 2036 2748; baseline 0.009 -23"><span class='ocrx_word' id='word_1_254' title='bbox 527 2674 580 2726; x_wconf 77' lang='lat'><strong>3.</strong></span> <span class='ocrx_word' id='word_1_255' title='bbox 618 2673 685 2727; x_wconf 86' lang='lat' dir='ltr'><strong>Et</strong></span> <span class='ocrx_word' id='word_1_256' title='bbox 724 2686 975 2743; x_wconf 85' lang='lat' dir='ltr'><strong>parentes</strong></span> <span class='ocrx_word' id='word_1_257' title='bbox 1027 2677 1150 2745; x_wconf 87' lang='lat' dir='ltr'><strong>ejus</strong></span> <span class='ocrx_word' id='word_1_258' title='bbox 1194 2678 1345 2748; x_wconf 83' lang='lat' dir='ltr'><strong>justi,</strong></span> <span class='ocrx_word' id='word_1_259' title='bbox 1403 2686 1456 2733; x_wconf 90' lang='lat' dir='ltr'><strong>et</strong></span> <span class='ocrx_word' id='word_1_260' title='bbox 1495 2680 1815 2735; x_wconf 79' lang='lat' dir='ltr'><strong>erudierunt</strong></span> <span class='ocrx_word' id='word_1_261' title='bbox 1873 2681 2036 2737; x_wconf 78' lang='lat' dir='ltr'><strong>titiam</strong></span> 
     </span>
    </p>
   </div>
   <div class='ocr_carea' id='block_1_43' title="bbox 458 2765 1182 2839">
    <p class='ocr_par' dir='ltr' id='par_1_43' title="bbox 458 2765 1182 2839">
     <span class='ocr_line' id='line_1_43' title="bbox 458 2765 1182 2839; baseline 0.007 -20"><span class='ocrx_word' id='word_1_262' title='bbox 458 2765 782 2829; x_wconf 77' lang='lat' dir='ltr'><strong>suzunjuxta</strong></span> <span class='ocrx_word' id='word_1_263' title='bbox 820 2768 988 2839; x_wconf 86' lang='lat' dir='ltr'><strong>legem</strong></span> <span class='ocrx_word' id='word_1_264' title='bbox 1021 2767 1182 2824; x_wconf 79' lang='lat' dir='ltr'><strong>Mosi.</strong></span> 
     </span>
    </p>
   </div>
   <div class='ocr_carea' id='block_1_44' title="bbox 530 2858 2043 2936">
    <p class='ocr_par' dir='ltr' id='par_1_44' title="bbox 530 2858 2043 2936">
     <span class='ocr_line' id='line_1_44' title="bbox 530 2858 2043 2936; baseline 0.004 -24"><span class='ocrx_word' id='word_1_265' title='bbox 530 2858 583 2912; x_wconf 81' lang='grc'><strong>4.</strong></span> <span class='ocrx_word' id='word_1_266' title='bbox 624 2858 752 2913; x_wconf 85' lang='lat' dir='ltr'><strong>Erat</strong></span> <span class='ocrx_word' id='word_1_267' title='bbox 780 2869 960 2914; x_wconf 87' lang='lat' dir='ltr'><strong>autem</strong></span> <span class='ocrx_word' id='word_1_268' title='bbox 985 2858 1200 2916; x_wconf 82' lang='lat' dir='ltr'><strong>Joakim</strong></span> <span class='ocrx_word' id='word_1_269' title='bbox 1230 2862 1385 2918; x_wconf 81' lang='lat' dir='ltr'><strong>dives</strong></span> <span class='ocrx_word' id='word_1_270' title='bbox 1412 2864 1588 2929; x_wconf 86' lang='lat' dir='ltr'><strong>valde,</strong></span> <span class='ocrx_word' id='word_1_271' title='bbox 1620 2871 1676 2920; x_wconf 90' lang='lat' dir='ltr'><strong>et</strong></span> <span class='ocrx_word' id='word_1_272' title='bbox 1709 2874 1827 2920; x_wconf 89' lang='lat' dir='ltr'><strong>erat</strong></span> <span class='ocrx_word' id='word_1_273' title='bbox 1856 2865 1905 2920; x_wconf 90' lang='lat' dir='ltr'><strong>ei</strong></span> <span class='ocrx_word' id='word_1_274' title='bbox 1952 2881 2043 2936; x_wconf 86' lang='lat' dir='ltr'><strong>po-</strong></span> 
     </span>
    </p>
   </div>
   <div class='ocr_carea' id='block_1_45' title="bbox 459 2950 2040 3027">
    <p class='ocr_par' dir='ltr' id='par_1_45' title="bbox 459 2950 2040 3027">
     <span class='ocr_line' id='line_1_45' title="bbox 459 2950 2040 3027; baseline 0.006 -25"><span class='ocrx_word' id='word_1_275' title='bbox 459 2950 693 3005; x_wconf 78' lang='lat' dir='ltr'><strong>marium</strong></span> <span class='ocrx_word' id='word_1_276' title='bbox 721 2950 963 3006; x_wconf 86' lang='lat' dir='ltr'><strong>viciuum</strong></span> <span class='ocrx_word' id='word_1_277' title='bbox 996 2953 1181 3008; x_wconf 89' lang='lat' dir='ltr'><strong>domui</strong></span> <span class='ocrx_word' id='word_1_278' title='bbox 1222 2970 1358 3019; x_wconf 68' lang='lat' dir='ltr'><strong>suae.</strong></span> <span class='ocrx_word' id='word_1_279' title='bbox 1389 2964 1443 3010; x_wconf 85' lang='lat' dir='ltr'><strong>et</strong></span> <span class='ocrx_word' id='word_1_280' title='bbox 1494 2956 1638 3027; x_wconf 87' lang='lat' dir='ltr'><strong>apud</strong></span> <span class='ocrx_word' id='word_1_281' title='bbox 1690 2958 1868 3027; x_wconf 79' lang='lat' dir='ltr'><strong>ipsum</strong></span> <span class='ocrx_word' id='word_1_282' title='bbox 1902 2973 2040 3015; x_wconf 89' lang='lat' dir='ltr'><strong>con-</strong></span> 
     </span>
    </p>
   </div>
   <div class='ocr_carea' id='block_1_46' title="bbox 460 3042 2042 3120">
    <p class='ocr_par' dir='ltr' id='par_1_46' title="bbox 460 3042 2042 3120">
     <span class='ocr_line' id='line_1_46' title="bbox 460 3042 2042 3120; baseline 0.006 -25"><span class='ocrx_word' id='word_1_283' title='bbox 460 3043 828 3115; x_wconf 82' lang='lat' dir='ltr'><strong>gregabantur</strong></span> <span class='ocrx_word' id='word_1_284' title='bbox 850 3042 1050 3111; x_wconf 67' lang='lat' dir='ltr'><strong>Judaei.</strong></span> <span class='ocrx_word' id='word_1_285' title='bbox 1078 3062 1145 3102; x_wconf 92' lang='lat' dir='ltr'><strong>eo</strong></span> <span class='ocrx_word' id='word_1_286' title='bbox 1173 3047 1322 3118; x_wconf 87' lang='lat' dir='ltr'><strong>quod</strong></span> <span class='ocrx_word' id='word_1_287' title='bbox 1360 3059 1509 3103; x_wconf 85' lang='lat' dir='ltr'><strong>esset</strong></span> <span class='ocrx_word' id='word_1_288' title='bbox 1554 3049 1672 3120; x_wconf 86' lang='lat' dir='ltr'><strong>ipse</strong></span> <span class='ocrx_word' id='word_1_289' title='bbox 1719 3050 2042 3105; x_wconf 80' lang='lat' dir='ltr'><strong>honoratior</strong></span> 
     </span>
    </p>
   </div>
   <div class='ocr_carea' id='block_1_47' title="bbox 459 3136 736 3193">
    <p class='ocr_par' dir='ltr' id='par_1_47' title="bbox 459 3136 736 3193">
     <span class='ocr_line' id='line_1_47' title="bbox 459 3136 736 3193; baseline 0.007 -2"><span class='ocrx_word' id='word_1_290' title='bbox 459 3136 736 3193; x_wconf 89' lang='lat' dir='ltr'><strong>omnibus.</strong></span> 
     </span>
    </p>
   </div>
   <div class='ocr_carea' id='block_1_48' title="bbox 532 3228 2040 3305">
    <p class='ocr_par' dir='ltr' id='par_1_48' title="bbox 532 3228 2040 3305">
     <span class='ocr_line' id='line_1_48' title="bbox 532 3228 2040 3305; baseline 0.007 -21"><span class='ocrx_word' id='word_1_291' title='bbox 532 3229 586 3284; x_wconf 81' lang='lat'><strong>5.</strong></span> <span class='ocrx_word' id='word_1_292' title='bbox 619 3228 689 3283; x_wconf 85' lang='lat' dir='ltr'><strong>Et</strong></span> <span class='ocrx_word' id='word_1_293' title='bbox 713 3229 985 3301; x_wconf 84' lang='lat' dir='ltr'><strong>designati</strong></span> <span class='ocrx_word' id='word_1_294' title='bbox 1016 3239 1149 3286; x_wconf 90' lang='lat' dir='ltr'><strong>sunt</strong></span> <span class='ocrx_word' id='word_1_295' title='bbox 1176 3232 1287 3288; x_wconf 89' lang='lat' dir='ltr'><strong>duo</strong></span> <span class='ocrx_word' id='word_1_296' title='bbox 1318 3248 1478 3289; x_wconf 84' lang='lat' dir='ltr'><strong>senes</strong></span> <span class='ocrx_word' id='word_1_297' title='bbox 1509 3233 1577 3290; x_wconf 91' lang='lat' dir='ltr'><strong>de</strong></span> <span class='ocrx_word' id='word_1_298' title='bbox 1607 3234 2040 3305; x_wconf 75' lang='lat' dir='ltr'><strong>populojudiees</strong></span> 
     </span>
    </p>
   </div>
   <div class='ocr_carea' id='block_1_49' title="bbox 462 3322 2038 3394">
    <p class='ocr_par' dir='ltr' id='par_1_49' title="bbox 462 3322 2038 3394">
     <span class='ocr_line' id='line_1_49' title="bbox 462 3322 2038 3394; baseline 0.007 -20"><span class='ocrx_word' id='word_1_299' title='bbox 462 3322 516 3376; x_wconf 90' lang='lat' dir='ltr'><strong>in</strong></span> <span class='ocrx_word' id='word_1_300' title='bbox 547 3336 695 3377; x_wconf 91' lang='lat' dir='ltr'><strong>anno</strong></span> <span class='ocrx_word' id='word_1_301' title='bbox 745 3322 890 3378; x_wconf 90' lang='lat' dir='ltr'><strong>illo:</strong></span> <span class='ocrx_word' id='word_1_302' title='bbox 940 3323 1009 3380; x_wconf 90' lang='lat' dir='ltr'><strong>de</strong></span> <span class='ocrx_word' id='word_1_303' title='bbox 1048 3325 1253 3394; x_wconf 83' lang='lat' dir='ltr'><strong>quibus</strong></span> <span class='ocrx_word' id='word_1_304' title='bbox 1317 3327 1536 3383; x_wconf 85' lang='lat' dir='ltr'><strong>loculus</strong></span> <span class='ocrx_word' id='word_1_305' title='bbox 1586 3336 1675 3383; x_wconf 87' lang='lat' dir='ltr'><strong>est</strong></span> <span class='ocrx_word' id='word_1_306' title='bbox 1722 3327 2038 3384; x_wconf 84' lang='lat' dir='ltr'><strong>Dominus:</strong></span> 
     </span>
    </p>
   </div>
   <div class='ocr_carea' id='block_1_50' title="bbox 460 3413 2043 3493">
    <p class='ocr_par' dir='ltr' id='par_1_50' title="bbox 460 3413 2043 3493">
     <span class='ocr_line' id='line_1_50' title="bbox 460 3413 2043 3493; baseline 0.007 -25"><span class='ocrx_word' id='word_1_307' title='bbox 460 3413 602 3480; x_wconf 85' lang='lat' dir='ltr'><strong>Quia</strong></span> <span class='ocrx_word' id='word_1_308' title='bbox 633 3431 852 3486; x_wconf 84' lang='lat' dir='ltr'><strong>egressa</strong></span> <span class='ocrx_word' id='word_1_309' title='bbox 884 3426 968 3474; x_wconf 90' lang='lat' dir='ltr'><strong>est</strong></span> <span class='ocrx_word' id='word_1_310' title='bbox 987 3418 1252 3489; x_wconf 89' lang='lat' dir='ltr'><strong>iniquitas</strong></span> <span class='ocrx_word' id='word_1_311' title='bbox 1283 3420 1349 3475; x_wconf 89' lang='lat' dir='ltr'><strong>de</strong></span> <span class='ocrx_word' id='word_1_312' title='bbox 1373 3419 1651 3493; x_wconf 82' lang='lat' dir='ltr'><strong>Babylone</strong></span> <span class='ocrx_word' id='word_1_313' title='bbox 1680 3436 1709 3475; x_wconf 87' lang='lat' dir='ltr'><strong>a</strong></span> <span class='ocrx_word' id='word_1_314' title='bbox 1732 3422 2043 3479; x_wconf 85' lang='lat' dir='ltr'><strong>senioribus</strong></span> 
     </span>
    </p>
   </div>
   <div class='ocr_carea' id='block_1_51' title="bbox 454 3509 1780 3586">
    <p class='ocr_par' dir='ltr' id='par_1_51' title="bbox 454 3509 1780 3586">
     <span class='ocr_line' id='line_1_51' title="bbox 454 3509 1780 3586; baseline 0.007 -24"><span class='ocrx_word' id='word_1_315' title='bbox 454 3509 760 3576; x_wconf 81' lang='lat' dir='ltr'><strong>judicibus.</strong></span> <span class='ocrx_word' id='word_1_316' title='bbox 793 3511 886 3582; x_wconf 89' lang='lat' dir='ltr'><strong>qui</strong></span> <span class='ocrx_word' id='word_1_317' title='bbox 922 3512 1248 3568; x_wconf 83' lang='lat' dir='ltr'><strong>videbantur</strong></span> <span class='ocrx_word' id='word_1_318' title='bbox 1270 3529 1460 3586; x_wconf 87' lang='lat' dir='ltr'><strong>regere</strong></span> <span class='ocrx_word' id='word_1_319' title='bbox 1493 3516 1780 3586; x_wconf 82' lang='lat' dir='ltr'><strong>populum.</strong></span> 
     </span>
    </p>
   </div>
   <div class='ocr_carea' id='block_1_52' title="bbox 531 3600 2044 3674">
    <p class='ocr_par' dir='ltr' id='par_1_52' title="bbox 531 3600 2044 3674">
     <span class='ocr_line' id='line_1_52' title="bbox 531 3600 2044 3674; baseline 0.006 -18"><span class='ocrx_word' id='word_1_320' title='bbox 531 3601 584 3656; x_wconf 90' lang='lat'><strong>6.</strong></span> <span class='ocrx_word' id='word_1_321' title='bbox 619 3600 712 3657; x_wconf 83' lang='lat' dir='ltr'><strong>Isti</strong></span> <span class='ocrx_word' id='word_1_322' title='bbox 753 3601 1176 3674; x_wconf 78' lang='lat' dir='ltr'><strong>frequentabant</strong></span> <span class='ocrx_word' id='word_1_323' title='bbox 1207 3605 1432 3662; x_wconf 90' lang='lat' dir='ltr'><strong>domum</strong></span> <span class='ocrx_word' id='word_1_324' title='bbox 1485 3606 1700 3663; x_wconf 74' lang='lat' dir='ltr'><strong>Joaltim</strong></span> <span class='ocrx_word' id='word_1_325' title='bbox 1726 3651 1740 3674; x_wconf 91' lang='lat'><strong>,</strong></span> <span class='ocrx_word' id='word_1_326' title='bbox 1777 3618 1831 3664; x_wconf 85' lang='lat' dir='ltr'><strong>et</strong></span> <span class='ocrx_word' id='word_1_327' title='bbox 1858 3610 2044 3665; x_wconf 87' lang='lat' dir='ltr'><strong>venie-</strong></span> 
     </span>
    </p>
   </div>
   <div class='ocr_carea' id='block_1_53' title="bbox 459 3678 1721 3771">
    <p class='ocr_par' dir='ltr' id='par_1_53' title="bbox 459 3678 1721 3771">
     <span class='ocr_line' id='line_1_53' title="bbox 459 3678 1721 3771; baseline 0.005 -24"><span class='ocrx_word' id='word_1_328' title='bbox 459 3678 593 3766; x_wconf 60' lang='lat' dir='ltr'><strong>bant</strong></span> <span class='ocrx_word' id='word_1_329' title='bbox 623 3695 688 3749; x_wconf 88' lang='lat' dir='ltr'><strong>ad</strong></span> <span class='ocrx_word' id='word_1_330' title='bbox 721 3710 818 3751; x_wconf 85' lang='lat' dir='ltr'><strong>eos</strong></span> <span class='ocrx_word' id='word_1_331' title='bbox 838 3710 1052 3761; x_wconf 90' lang='lat' dir='ltr'><strong>omnes,</strong></span> <span class='ocrx_word' id='word_1_332' title='bbox 1076 3697 1173 3769; x_wconf 89' lang='lat' dir='ltr'><strong>qui</strong></span> <span class='ocrx_word' id='word_1_333' title='bbox 1199 3699 1465 3756; x_wconf 83' lang='lat' dir='ltr'><strong>habebant</strong></span> <span class='ocrx_word' id='word_1_334' title='bbox 1493 3700 1721 3771; x_wconf 87' lang='lat' dir='ltr'><strong>judicia.</strong></span> 
     </span>
    </p>
   </div>
   <div class='ocr_carea' id='block_1_54' title="bbox 536 3786 2047 3865">
    <p class='ocr_par' dir='ltr' id='par_1_54' title="bbox 536 3786 2047 3865">
     <span class='ocr_line' id='line_1_54' title="bbox 536 3786 2047 3865; baseline 0.007 -26"><span class='ocrx_word' id='word_1_335' title='bbox 536 3787 587 3841; x_wconf 85' lang='lat'><strong>7.</strong></span> <span class='ocrx_word' id='word_1_336' title='bbox 631 3787 697 3840; x_wconf 85' lang='lat' dir='ltr'><strong>Et</strong></span> <span class='ocrx_word' id='word_1_337' title='bbox 733 3788 936 3844; x_wconf 80' lang='lat' dir='ltr'><strong>factum</strong></span> <span class='ocrx_word' id='word_1_338' title='bbox 970 3800 1078 3856; x_wconf 87' lang='lat' dir='ltr'><strong>est,</strong></span> <span class='ocrx_word' id='word_1_339' title='bbox 1108 3786 1330 3862; x_wconf 77' lang='lat' dir='ltr'><strong>quando</strong></span> <span class='ocrx_word' id='word_1_340' title='bbox 1359 3794 1596 3864; x_wconf 86' lang='lat' dir='ltr'><strong>populus</strong></span> <span class='ocrx_word' id='word_1_341' title='bbox 1641 3795 1927 3850; x_wconf 85' lang='lat' dir='ltr'><strong>recedebat</strong></span> <span class='ocrx_word' id='word_1_342' title='bbox 1952 3810 2047 3865; x_wconf 90' lang='lat' dir='ltr'><strong>per</strong></span> 
     </span>
    </p>
   </div>
   <div class='ocr_carea' id='block_1_55' title="bbox 468 3878 2048 3954">
    <p class='ocr_par' dir='ltr' id='par_1_55' title="bbox 468 3878 2048 3954">
     <span class='ocr_line' id='line_1_55' title="bbox 468 3878 2048 3954; baseline 0.004 -21"><span class='ocrx_word' id='word_1_343' title='bbox 468 3878 770 3942; x_wconf 84' lang='lat' dir='ltr'><strong>meridiem,</strong></span> <span class='ocrx_word' id='word_1_344' title='bbox 799 3881 1208 3954; x_wconf 84' lang='lat' dir='ltr'><strong>ingrediebatur</strong></span> <span class='ocrx_word' id='word_1_345' title='bbox 1241 3881 1517 3949; x_wconf 87' lang='lat' dir='ltr'><strong>Susanna,</strong></span> <span class='ocrx_word' id='word_1_346' title='bbox 1555 3894 1609 3940; x_wconf 86' lang='lat' dir='ltr'><strong>et</strong></span> <span class='ocrx_word' id='word_1_347' title='bbox 1662 3886 2048 3941; x_wconf 84' lang='lat' dir='ltr'><strong>deambulabat</strong></span> 
     </span>
    </p>
   </div>
   <div class='ocr_carea' id='block_1_56' title="bbox 456 3972 1073 4040">
    <p class='ocr_par' dir='ltr' id='par_1_56' title="bbox 456 3972 1073 4040">
     <span class='ocr_line' id='line_1_56' title="bbox 456 3972 1073 4040; baseline 0.006 -15"><span class='ocrx_word' id='word_1_348' title='bbox 456 3972 519 4025; x_wconf 63' lang='lat' dir='ltr'><strong>‘in</strong></span> <span class='ocrx_word' id='word_1_349' title='bbox 553 3974 797 4040; x_wconf 84' lang='lat' dir='ltr'><strong>pomario</strong></span> <span class='ocrx_word' id='word_1_350' title='bbox 833 3974 933 4028; x_wconf 84' lang='lat' dir='ltr'><strong>viri</strong></span> <span class='ocrx_word' id='word_1_351' title='bbox 966 3976 1073 4030; x_wconf 85' lang='lat' dir='ltr'><strong>sui.</strong></span> 
     </span>
    </p>
   </div>
   <div class='ocr_carea' id='block_1_57' title="bbox 534 4061 2042 4146">
    <p class='ocr_par' dir='ltr' id='par_1_57' title="bbox 534 4061 2042 4146">
     <span class='ocr_line' id='line_1_57' title="bbox 534 4061 2042 4146; baseline 0.009 -32"><span class='ocrx_word' id='word_1_352' title='bbox 534 4065 588 4115; x_wconf 73' lang='lat'><strong>8.</strong></span> <span class='ocrx_word' id='word_1_353' title='bbox 620 4061 685 4116; x_wconf 86' lang='lat' dir='ltr'><strong>Et</strong></span> <span class='ocrx_word' id='word_1_354' title='bbox 715 4064 971 4121; x_wconf 79' lang='lat' dir='ltr'><strong>videbant</strong></span> <span class='ocrx_word' id='word_1_355' title='bbox 1004 4082 1124 4123; x_wconf 87' lang='lat' dir='ltr'><strong>eam</strong></span> <span class='ocrx_word' id='word_1_356' title='bbox 1149 4082 1311 4126; x_wconf 86' lang='lat' dir='ltr'><strong>senes</strong></span> <span class='ocrx_word' id='word_1_357' title='bbox 1341 4074 1591 4141; x_wconf 85' lang='lat' dir='ltr'><strong>quotidie</strong></span> <span class='ocrx_word' id='word_1_358' title='bbox 1618 4074 2042 4146; x_wconf 87' lang='lat' dir='ltr'><strong>ingredientem,</strong></span> 
     </span>
    </p>
   </div>
   <div class='ocr_carea' id='block_1_58' title="bbox 467 4156 2043 4236">
    <p class='ocr_par' dir='ltr' id='par_1_58' title="bbox 467 4156 2043 4236">
     <span class='ocr_line' id='line_1_58' title="bbox 467 4156 2043 4236; baseline 0.008 -29"><span class='ocrx_word' id='word_1_359' title='bbox 467 4156 1000 4226; x_wconf 79' lang='lat' dir='ltr'><strong>etdeambulautem,</strong></span> <span class='ocrx_word' id='word_1_360' title='bbox 1057 4171 1112 4216; x_wconf 77' lang='lat' dir='ltr'><strong>et</strong></span> <span class='ocrx_word' id='word_1_361' title='bbox 1147 4175 1478 4220; x_wconf 80' lang='lat' dir='ltr'><strong>exarserunt</strong></span> <span class='ocrx_word' id='word_1_362' title='bbox 1534 4166 1588 4220; x_wconf 91' lang='lat' dir='ltr'><strong>in</strong></span> <span class='ocrx_word' id='word_1_363' title='bbox 1636 4166 2043 4236; x_wconf 82' lang='lat' dir='ltr'><strong>concupiscen-</strong></span> 
     </span>
    </p>
   </div>
   <div class='ocr_carea' id='block_1_59' title="bbox 468 4249 773 4319">
    <p class='ocr_par' dir='ltr' id='par_1_59' title="bbox 468 4249 773 4319">
     <span class='ocr_line' id='line_1_59' title="bbox 468 4249 773 4319; baseline 0.016 -16"><span class='ocrx_word' id='word_1_364' title='bbox 468 4249 598 4304; x_wconf 84' lang='lat' dir='ltr'><strong>tiam</strong></span> <span class='ocrx_word' id='word_1_365' title='bbox 633 4250 773 4319; x_wconf 82' lang='lat' dir='ltr'><strong>ejus.</strong></span> 
     </span>
    </p>
   </div>
   <div class='ocr_carea' id='block_1_60' title="bbox 537 4344 2050 4415">
    <p class='ocr_par' dir='ltr' id='par_1_60' title="bbox 537 4344 2050 4415">
     <span class='ocr_line' id='line_1_60' title="bbox 537 4344 2050 4415; baseline 0.005 -18"><span class='ocrx_word' id='word_1_366' title='bbox 537 4344 591 4398; x_wconf 89' lang='lat'><strong>9.</strong></span> <span class='ocrx_word' id='word_1_367' title='bbox 632 4344 701 4399; x_wconf 84' lang='lat' dir='ltr'><strong>Et</strong></span> <span class='ocrx_word' id='word_1_368' title='bbox 724 4355 1041 4404; x_wconf 81' lang='lat' dir='ltr'><strong>everterunt</strong></span> <span class='ocrx_word' id='word_1_369' title='bbox 1066 4364 1290 4406; x_wconf 81' lang='lat' dir='ltr'><strong>sensum</strong></span> <span class='ocrx_word' id='word_1_370' title='bbox 1323 4366 1505 4415; x_wconf 88' lang='lat' dir='ltr'><strong>suum,</strong></span> <span class='ocrx_word' id='word_1_371' title='bbox 1550 4361 1605 4408; x_wconf 88' lang='lat' dir='ltr'><strong>et</strong></span> <span class='ocrx_word' id='word_1_372' title='bbox 1633 4352 2050 4408; x_wconf 89' lang='lat' dir='ltr'><strong>declinaverunt</strong></span> 
     </span>
    </p>
   </div>
   <div class='ocr_carea' id='block_1_61' title="bbox 467 4436 2046 4513">
    <p class='ocr_par' dir='ltr' id='par_1_61' title="bbox 467 4436 2046 4513">
     <span class='ocr_line' id='line_1_61' title="bbox 467 4436 2046 4513; baseline 0.005 -26"><span class='ocrx_word' id='word_1_373' title='bbox 467 4436 655 4492; x_wconf 83' lang='lat' dir='ltr'><strong>oculos</strong></span> <span class='ocrx_word' id='word_1_374' title='bbox 684 4453 836 4497; x_wconf 89' lang='lat' dir='ltr'><strong>suos.</strong></span> <span class='ocrx_word' id='word_1_375' title='bbox 867 4455 939 4496; x_wconf 90' lang='lat' dir='ltr'><strong>ne</strong></span> <span class='ocrx_word' id='word_1_376' title='bbox 971 4441 1282 4511; x_wconf 80' lang='lat' dir='ltr'><strong>aspicerent</strong></span> <span class='ocrx_word' id='word_1_377' title='bbox 1305 4442 1359 4497; x_wconf 88' lang='lat' dir='ltr'><strong>in</strong></span> <span class='ocrx_word' id='word_1_378' title='bbox 1393 4445 1616 4510; x_wconf 69' lang='lat' dir='ltr'><strong>coelum,</strong></span> <span class='ocrx_word' id='word_1_379' title='bbox 1646 4457 1825 4513; x_wconf 87' lang='lat' dir='ltr'><strong>neque</strong></span> <span class='ocrx_word' id='word_1_380' title='bbox 1850 4441 2046 4496; x_wconf 89' lang='lat' dir='ltr'><strong>memi-</strong></span> 
     </span>
    </p>
   </div>
   <div class='ocr_carea' id='block_1_62' title="bbox 470 4527 1351 4605">
    <p class='ocr_par' dir='ltr' id='par_1_62' title="bbox 470 4527 1351 4605">
     <span class='ocr_line' id='line_1_62' title="bbox 470 4527 1351 4605; baseline 0.011 -24"><span class='ocrx_word' id='word_1_381' title='bbox 470 4527 679 4584; x_wconf 87' lang='lat' dir='ltr'><strong>nissent</strong></span> <span class='ocrx_word' id='word_1_382' title='bbox 696 4528 1030 4598; x_wconf 91' lang='lat' dir='ltr'><strong>judiciorum</strong></span> <span class='ocrx_word' id='word_1_383' title='bbox 1052 4535 1351 4605; x_wconf 75' lang='lat' dir='ltr'><strong>iustorum.</strong></span> 
     </span>
    </p>
   </div>
   <div class='ocr_carea' id='block_1_63' title="bbox 542 4620 2054 4697">
    <p class='ocr_par' dir='ltr' id='par_1_63' title="bbox 542 4620 2054 4697">
     <span class='ocr_line' id='line_1_63' title="bbox 542 4620 2054 4697; baseline 0.005 -24"><span class='ocrx_word' id='word_1_384' title='bbox 542 4620 631 4675; x_wconf 93' lang='grc'><strong>10.</strong></span> <span class='ocrx_word' id='word_1_385' title='bbox 674 4621 843 4679; x_wconf 84' lang='lat' dir='ltr'><strong>Erant</strong></span> <span class='ocrx_word' id='word_1_386' title='bbox 864 4639 994 4697; x_wconf 87' lang='lat' dir='ltr'><strong>ergo</strong></span> <span class='ocrx_word' id='word_1_387' title='bbox 1022 4628 1186 4683; x_wconf 90' lang='lat' dir='ltr'><strong>ambo</strong></span> <span class='ocrx_word' id='word_1_388' title='bbox 1216 4628 1483 4683; x_wconf 84' lang='lat' dir='ltr'><strong>vulnerati</strong></span> <span class='ocrx_word' id='word_1_389' title='bbox 1527 4642 1719 4683; x_wconf 87' lang='lat' dir='ltr'><strong>amore</strong></span> <span class='ocrx_word' id='word_1_390' title='bbox 1773 4627 1916 4696; x_wconf 87' lang='lat' dir='ltr'><strong>ejus,</strong></span> <span class='ocrx_word' id='word_1_391' title='bbox 1950 4641 2054 4681; x_wconf 90' lang='lat' dir='ltr'><strong>nec</strong></span> 
     </span>
    </p>
   </div>
   <div class='ocr_carea' id='block_1_64' title="bbox 472 4713 1764 4776">
    <p class='ocr_par' dir='ltr' id='par_1_64' title="bbox 472 4713 1764 4776">
     <span class='ocr_line' id='line_1_64' title="bbox 472 4713 1764 4776; baseline 0.005 -10"><span class='ocrx_word' id='word_1_392' title='bbox 472 4713 851 4770; x_wconf 87' lang='lat' dir='ltr'><strong>indicaverunt</strong></span> <span class='ocrx_word' id='word_1_393' title='bbox 880 4717 985 4773; x_wconf 89' lang='lat' dir='ltr'><strong>sibi</strong></span> <span class='ocrx_word' id='word_1_394' title='bbox 1019 4717 1250 4775; x_wconf 83' lang='lat' dir='ltr'><strong>invicem</strong></span> <span class='ocrx_word' id='word_1_395' title='bbox 1292 4719 1536 4776; x_wconf 89' lang='lat' dir='ltr'><strong>dolorem</strong></span> <span class='ocrx_word' id='word_1_396' title='bbox 1580 4733 1764 4773; x_wconf 89' lang='lat' dir='ltr'><strong>suum.</strong></span> 
     </span>
    </p>
   </div>
   <div class='ocr_carea' id='block_1_65' title="bbox 542 4806 2052 4881">
    <p class='ocr_par' dir='ltr' id='par_1_65' title="bbox 542 4806 2052 4881">
     <span class='ocr_line' id='line_1_65' title="bbox 542 4806 2052 4881; baseline 0.003 -20"><span class='ocrx_word' id='word_1_397' title='bbox 542 4806 630 4861; x_wconf 85' lang='grc'><strong>11.</strong></span> <span class='ocrx_word' id='word_1_398' title='bbox 700 4806 1114 4865; x_wconf 82' lang='lat' dir='ltr'><strong>Erubescebant</strong></span> <span class='ocrx_word' id='word_1_399' title='bbox 1158 4810 1306 4867; x_wconf 91' lang='lat' dir='ltr'><strong>enim</strong></span> <span class='ocrx_word' id='word_1_400' title='bbox 1366 4810 1609 4865; x_wconf 88' lang='lat' dir='ltr'><strong>iudicare</strong></span> <span class='ocrx_word' id='word_1_401' title='bbox 1658 4809 2052 4881; x_wconf 86' lang='lat' dir='ltr'><strong>concupiscen-</strong></span> 
     </span>
    </p>
   </div>
   <div class='ocr_carea' id='block_1_66' title="bbox 473 4898 1911 4972">
    <p class='ocr_par' dir='ltr' id='par_1_66' title="bbox 473 4898 1911 4972">
     <span class='ocr_line' id='line_1_66' title="bbox 473 4898 1911 4972; baseline 0.004 -19"><span class='ocrx_word' id='word_1_402' title='bbox 473 4898 602 4954; x_wconf 83' lang='lat' dir='ltr'><strong>tiam</strong></span> <span class='ocrx_word' id='word_1_403' title='bbox 631 4915 809 4965; x_wconf 89' lang='lat' dir='ltr'><strong>suam,</strong></span> <span class='ocrx_word' id='word_1_404' title='bbox 836 4902 964 4972; x_wconf 90' lang='lat' dir='ltr'><strong>quia</strong></span> <span class='ocrx_word' id='word_1_405' title='bbox 990 4902 1244 4959; x_wconf 82' lang='lat' dir='ltr'><strong>volebant</strong></span> <span class='ocrx_word' id='word_1_406' title='bbox 1274 4903 1640 4960; x_wconf 89' lang='lat' dir='ltr'><strong>concumbere</strong></span> <span class='ocrx_word' id='word_1_407' title='bbox 1668 4920 1794 4960; x_wconf 92' lang='lat' dir='ltr'><strong>cum</strong></span> <span class='ocrx_word' id='word_1_408' title='bbox 1826 4921 1911 4960; x_wconf 90' lang='lat' dir='ltr'><strong>ea.</strong></span> 
     </span>
    </p>
   </div>
   <div class='ocr_carea' id='block_1_67' title="bbox 546 4992 2050 5068">
    <p class='ocr_par' dir='ltr' id='par_1_67' title="bbox 546 4992 2050 5068">
     <span class='ocr_line' id='line_1_67' title="bbox 546 4992 2050 5068; baseline 0.006 -22"><span class='ocrx_word' id='word_1_409' title='bbox 546 4992 633 5048; x_wconf 78' lang='grc'>12.</span> <span class='ocrx_word' id='word_1_410' title='bbox 675 4993 741 5048; x_wconf 85' lang='grc' dir='ltr'>Ει</span> <span class='ocrx_word' id='word_1_411' title='bbox 765 4995 1131 5053; x_wconf 84' lang='lat' dir='ltr'><strong>observabant</strong></span> <span class='ocrx_word' id='word_1_412' title='bbox 1163 4998 1411 5068; x_wconf 89' lang='lat' dir='ltr'><strong>quotidie</strong></span> <span class='ocrx_word' id='word_1_413' title='bbox 1434 4998 1668 5055; x_wconf 86' lang='lat' dir='ltr'><strong>sollicite</strong></span> <span class='ocrx_word' id='word_1_414' title='bbox 1690 5000 1878 5056; x_wconf 90' lang='lat' dir='ltr'><strong>videre</strong></span> <span class='ocrx_word' id='word_1_415' title='bbox 1892 5014 2050 5056; x_wconf 83' lang='lat' dir='ltr'><strong>eam:</strong></span> 
     </span>
    </p>
   </div>
   <div class='ocr_carea' id='block_1_68' title="bbox 473 5088 1374 5147">
    <p class='ocr_par' dir='ltr' id='par_1_68' title="bbox 473 5088 1374 5147">
     <span class='ocr_line' id='line_1_68' title="bbox 473 5088 1374 5147; baseline 0.007 -6"><span class='ocrx_word' id='word_1_416' title='bbox 473 5095 528 5142; x_wconf 86' lang='lat' dir='ltr'><strong>et</strong></span> <span class='ocrx_word' id='word_1_417' title='bbox 561 5088 819 5143; x_wconf 76' lang='lat' dir='ltr'><strong>dixerunt</strong></span> <span class='ocrx_word' id='word_1_418' title='bbox 846 5090 984 5145; x_wconf 90' lang='lat' dir='ltr'><strong>alter</strong></span> <span class='ocrx_word' id='word_1_419' title='bbox 1008 5090 1077 5146; x_wconf 87' lang='lat' dir='ltr'><strong>ad</strong></span> <span class='ocrx_word' id='word_1_420' title='bbox 1100 5091 1327 5145; x_wconf 90' lang='lat' dir='ltr'><strong>alterum</strong></span> <span class='ocrx_word' id='word_1_421' title='bbox 1360 5109 1374 5147; x_wconf 90' lang='lat'><strong>:</strong></span> 
     </span>
    </p>
   </div>
   <div class='ocr_carea' id='block_1_69' title="bbox 549 5180 2058 5255">
    <p class='ocr_par' dir='ltr' id='par_1_69' title="bbox 549 5180 2058 5255">
     <span class='ocr_line' id='line_1_69' title="bbox 549 5180 2058 5255; baseline 0.005 -20"><span class='ocrx_word' id='word_1_422' title='bbox 549 5181 634 5236; x_wconf 76' lang='lat'><strong>13.</strong></span> <span class='ocrx_word' id='word_1_423' title='bbox 677 5180 882 5238; x_wconf 90' lang='lat' dir='ltr'><strong>Eamus</strong></span> <span class='ocrx_word' id='word_1_424' title='bbox 910 5183 1156 5248; x_wconf 87' lang='lat' dir='ltr'><strong>domum,</strong></span> <span class='ocrx_word' id='word_1_425' title='bbox 1207 5184 1338 5252; x_wconf 91' lang='lat' dir='ltr'><strong>quia</strong></span> <span class='ocrx_word' id='word_1_426' title='bbox 1365 5185 1583 5255; x_wconf 85' lang='lat' dir='ltr'><strong>prandii</strong></span> <span class='ocrx_word' id='word_1_427' title='bbox 1635 5195 1720 5243; x_wconf 90' lang='lat' dir='ltr'><strong>est</strong></span> <span class='ocrx_word' id='word_1_428' title='bbox 1770 5188 1945 5242; x_wconf 89' lang='lat' dir='ltr'><strong>hora:</strong></span> <span class='ocrx_word' id='word_1_429' title='bbox 2001 5195 2058 5242; x_wconf 89' lang='lat' dir='ltr'><strong>et</strong></span> 
     </span>
    </p>
   </div>
   <div class='ocr_carea' id='block_1_70' title="bbox 472 5276 1464 5345">
    <p class='ocr_par' dir='ltr' id='par_1_70' title="bbox 472 5276 1464 5345">
     <span class='ocr_line' id='line_1_70' title="bbox 472 5276 1464 5345; baseline 0.004 -15"><span class='ocrx_word' id='word_1_430' title='bbox 472 5276 682 5345; x_wconf 87' lang='lat' dir='ltr'><strong>egressi</strong></span> <span class='ocrx_word' id='word_1_431' title='bbox 728 5284 1076 5333; x_wconf 90' lang='lat' dir='ltr'><strong>recesserunt</strong></span> <span class='ocrx_word' id='word_1_432' title='bbox 1108 5292 1137 5331; x_wconf 94' lang='lat' dir='ltr'><strong>a</strong></span> <span class='ocrx_word' id='word_1_433' title='bbox 1166 5291 1224 5332; x_wconf 87' lang='lat' dir='ltr'><strong>se</strong></span> <span class='ocrx_word' id='word_1_434' title='bbox 1251 5288 1464 5334; x_wconf 92' lang='lat' dir='ltr'><strong>mutuo.</strong></span> 
     </span>
    </p>
   </div>
   <div class='ocr_carea' id='block_1_71' title="bbox 546 5367 2059 5438">
    <p class='ocr_par' dir='ltr' id='par_1_71' title="bbox 546 5367 2059 5438">
     <span class='ocr_line' id='line_1_71' title="bbox 546 5367 2059 5438; baseline -0.001 -16"><span class='ocrx_word' id='word_1_435' title='bbox 546 5368 635 5423; x_wconf 71' lang='grc'>16.</span> <span class='ocrx_word' id='word_1_436' title='bbox 676 5369 926 5438; x_wconf 84' lang='lat' dir='ltr'><strong>Cumque</strong></span> <span class='ocrx_word' id='word_1_437' title='bbox 959 5367 1333 5435; x_wconf 88' lang='lat' dir='ltr'><strong>revertissent,</strong></span> <span class='ocrx_word' id='word_1_438' title='bbox 1364 5381 1632 5427; x_wconf 80' lang='lat' dir='ltr'><strong>venerunt</strong></span> <span class='ocrx_word' id='word_1_439' title='bbox 1665 5373 1718 5426; x_wconf 90' lang='lat' dir='ltr'><strong>in</strong></span> <span class='ocrx_word' id='word_1_440' title='bbox 1765 5388 1935 5427; x_wconf 92' lang='lat' dir='ltr'><strong>unum</strong></span> <span class='ocrx_word' id='word_1_441' title='bbox 1968 5374 2059 5422; x_wconf 91' lang='lat' dir='ltr'><strong>:et</strong></span> 
     </span>
    </p>
   </div>
   <div class='ocr_carea' id='block_1_72' title="bbox 475 5459 2058 5536">
    <p class='ocr_par' dir='ltr' id='par_1_72' title="bbox 475 5459 2058 5536">
     <span class='ocr_line' id='line_1_72' title="bbox 475 5459 2058 5536; baseline -0.001 -19"><span class='ocrx_word' id='word_1_442' title='bbox 475 5460 822 5518; x_wconf 86' lang='lat' dir='ltr'><strong>sciscitantes</strong></span> <span class='ocrx_word' id='word_1_443' title='bbox 852 5462 918 5517; x_wconf 88' lang='lat' dir='ltr'><strong>ad</strong></span> <span class='ocrx_word' id='word_1_444' title='bbox 948 5459 1202 5529; x_wconf 90' lang='lat' dir='ltr'><strong>invicem,</strong></span> <span class='ocrx_word' id='word_1_445' title='bbox 1239 5479 1491 5534; x_wconf 67' lang='lat' dir='ltr'><strong>quaenam</strong></span> <span class='ocrx_word' id='word_1_446' title='bbox 1537 5475 1684 5536; x_wconf 73' lang='lat' dir='ltr'><strong>esset</strong></span> <span class='ocrx_word' id='word_1_447' title='bbox 1710 5481 1896 5531; x_wconf 88' lang='lat' dir='ltr'><strong>causa,</strong></span> <span class='ocrx_word' id='word_1_448' title='bbox 1924 5479 2058 5521; x_wconf 79' lang='lat' dir='ltr'><strong>eon-</strong></span> 
     </span>
    </p>
   </div>
   <div class='ocr_carea' id='block_1_73' title="bbox 2143 1915 3731 1990">
    <p class='ocr_par' dir='ltr' id='par_1_73' title="bbox 2143 1915 3731 1990">
     <span class='ocr_line' id='line_1_73' title="bbox 2143 1915 3731 1990; baseline 0.001 -17"><span class='ocrx_word' id='word_1_449' title='bbox 2143 1918 2423 1988; x_wconf 86' lang='grc' dir='ltr'>βασιλείαν</span> <span class='ocrx_word' id='word_1_450' title='bbox 2457 1919 2646 1985; x_wconf 74' lang='grc' dir='ltr'>αὐτοῦ,</span> <span class='ocrx_word' id='word_1_451' title='bbox 2675 1920 2771 1974; x_wconf 69' lang='grc' dir='ltr'>καὶ</span> <span class='ocrx_word' id='word_1_452' title='bbox 2796 1915 2863 1989; x_wconf 79' lang='grc' dir='ltr'><strong>ἦν</strong></span> <span class='ocrx_word' id='word_1_453' title='bbox 2887 1920 3084 1990; x_wconf 82' lang='grc' dir='ltr'>Δανιὴλ</span> <span class='ocrx_word' id='word_1_454' title='bbox 3114 1918 3430 1990; x_wconf 82' lang='grc' dir='ltr'>συμϐιωτὴς</span> <span class='ocrx_word' id='word_1_455' title='bbox 3448 1918 3539 1972; x_wconf 76' lang='grc' dir='ltr'>τοῦ</span> <span class='ocrx_word' id='word_1_456' title='bbox 3575 1918 3731 1989; x_wconf 83' lang='grc' dir='ltr'>βασι-</span> 
     </span>
    </p>
   </div>
   <div class='ocr_carea' id='block_1_74' title="bbox 2140 2010 3631 2082">
    <p class='ocr_par' dir='ltr' id='par_1_74' title="bbox 2140 2010 3631 2082">
     <span class='ocr_line' id='line_1_74' title="bbox 2140 2010 3631 2082; baseline 0.003 -18"><span class='ocrx_word' id='word_1_457' title='bbox 2140 2010 2299 2076; x_wconf 83' lang='grc' dir='ltr'>λέως,</span> <span class='ocrx_word' id='word_1_458' title='bbox 2326 2013 2421 2065; x_wconf 71' lang='grc' dir='ltr'>καὶ</span> <span class='ocrx_word' id='word_1_459' title='bbox 2448 2011 2657 2078; x_wconf 75' lang='grc' dir='ltr'>ἔνδοξος</span> <span class='ocrx_word' id='word_1_460' title='bbox 2684 2012 2825 2082; x_wconf 81' lang='grc' dir='ltr'>ὑπὲρ</span> <span class='ocrx_word' id='word_1_461' title='bbox 2854 2011 3059 2076; x_wconf 84' lang='grc' dir='ltr'>πάντας</span> <span class='ocrx_word' id='word_1_462' title='bbox 3083 2013 3208 2077; x_wconf 67' lang='grc' dir='ltr'>τοῦς</span> <span class='ocrx_word' id='word_1_463' title='bbox 3235 2011 3424 2082; x_wconf 85' lang='grc' dir='ltr'>φίλους</span> <span class='ocrx_word' id='word_1_464' title='bbox 3445 2010 3631 2068; x_wconf 72' lang='grc' dir='ltr'>αὐτοῦ.</span> 
     </span>
    </p>
   </div>
   <div class='ocr_carea' id='block_1_75' title="bbox 2665 2123 3197 2179">
    <p class='ocr_par' dir='ltr' id='par_1_75' title="bbox 2665 2123 3197 2179">
     <span class='ocr_line' id='line_1_75' title="bbox 2665 2123 3197 2179; baseline 0 -1"><span class='ocrx_word' id='word_1_465' title='bbox 2665 2124 3063 2178; x_wconf 78' lang='grc' dir='ltr'><strong>ΚΕΦΛΛΛῘΟΝ</strong></span> <span class='ocrx_word' id='word_1_466' title='bbox 3101 2123 3197 2179; x_wconf 87' lang='grc' dir='ltr'><strong>ΙΓ⁹.</strong></span> 
     </span>
    </p>
   </div>
   <div class='ocr_carea' id='block_1_76' title="bbox 2214 2212 3730 2291">
    <p class='ocr_par' dir='ltr' id='par_1_76' title="bbox 2214 2212 3730 2291">
     <span class='ocr_line' id='line_1_76' title="bbox 2214 2212 3730 2291; baseline 0.002 -20"><span class='ocrx_word' id='word_1_467' title='bbox 2214 2218 2265 2273; x_wconf 95' lang='grc'><strong>1.</strong></span> <span class='ocrx_word' id='word_1_468' title='bbox 2294 2217 2403 2271; x_wconf 85' lang='lat' dir='ltr'><strong>Kal</strong></span> <span class='ocrx_word' id='word_1_469' title='bbox 2431 2212 2499 2289; x_wconf 79' lang='grc' dir='ltr'><strong>ἦν</strong></span> <span class='ocrx_word' id='word_1_470' title='bbox 2519 2217 2656 2289; x_wconf 83' lang='grc' dir='ltr'>ἀνὴρ</span> <span class='ocrx_word' id='word_1_471' title='bbox 2678 2216 2844 2271; x_wconf 86' lang='grc' dir='ltr'>οἰκῶν</span> <span class='ocrx_word' id='word_1_472' title='bbox 2860 2218 2918 2270; x_wconf 81' lang='grc' dir='ltr'><strong>ἐν</strong></span> <span class='ocrx_word' id='word_1_473' title='bbox 2943 2216 3245 2285; x_wconf 83' lang='grc' dir='ltr'>Βαϐυλῶνι,</span> <span class='ocrx_word' id='word_1_474' title='bbox 3268 2219 3362 2273; x_wconf 79' lang='grc' dir='ltr'>καὶ</span> <span class='ocrx_word' id='word_1_475' title='bbox 3384 2218 3555 2291; x_wconf 77' lang='grc' dir='ltr'>ὄνομα</span> <span class='ocrx_word' id='word_1_476' title='bbox 3579 2218 3730 2291; x_wconf 80' lang='grc' dir='ltr'>αὐτῷ</span> 
     </span>
    </p>
   </div>
   <div class='ocr_carea' id='block_1_77' title="bbox 2158 2309 3077 2381">
    <p class='ocr_par' dir='ltr' id='par_1_77' title="bbox 2158 2309 3077 2381">
     <span class='ocr_line' id='line_1_77' title="bbox 2158 2309 3077 2381; baseline 0.002 -16"><span class='ocrx_word' id='word_1_477' title='bbox 2158 2309 2433 2381; x_wconf 85' lang='grc' dir='ltr'>Ἰωακείμ.</span> <span class='ocrx_word' id='word_1_478' title='bbox 3069 2337 3077 2344; x_wconf 71' lang='grc'><em>’</em></span> 
     </span>
    </p>
   </div>
   <div class='ocr_carea' id='block_1_78' title="bbox 2210 2398 3732 2477">
    <p class='ocr_par' dir='ltr' id='par_1_78' title="bbox 2210 2398 3732 2477">
     <span class='ocr_line' id='line_1_78' title="bbox 2210 2398 3732 2477; baseline 0.002 -20"><span class='ocrx_word' id='word_1_479' title='bbox 2210 2402 2267 2457; x_wconf 73' lang='grc'>2.</span> <span class='ocrx_word' id='word_1_480' title='bbox 2307 2404 2417 2457; x_wconf 81' lang='lat' dir='ltr'><strong>Kal</strong></span> <span class='ocrx_word' id='word_1_481' title='bbox 2454 2403 2615 2458; x_wconf 76' lang='grc' dir='ltr'>ἔλαϐε</span> <span class='ocrx_word' id='word_1_482' title='bbox 2641 2406 2899 2471; x_wconf 86' lang='grc' dir='ltr'>γυναῖκα,</span> <span class='ocrx_word' id='word_1_483' title='bbox 2946 2398 3180 2477; x_wconf 76' lang='grc' dir='ltr'>ᾖδνομα</span> <span class='ocrx_word' id='word_1_484' title='bbox 3213 2406 3518 2470; x_wconf 81' lang='grc' dir='ltr'>Σουσάννα,</span> <span class='ocrx_word' id='word_1_485' title='bbox 3559 2405 3732 2475; x_wconf 83' lang='grc' dir='ltr'>θυγά-</span> 
     </span>
    </p>
   </div>
   <div class='ocr_carea' id='block_1_79' title="bbox 2142 2495 3733 2568">
    <p class='ocr_par' dir='ltr' id='par_1_79' title="bbox 2142 2495 3733 2568">
     <span class='ocr_line' id='line_1_79' title="bbox 2142 2495 3733 2568; baseline 0.002 -20"><span class='ocrx_word' id='word_1_486' title='bbox 2142 2512 2247 2566; x_wconf 81' lang='grc' dir='ltr'><strong>τηρ</strong></span> <span class='ocrx_word' id='word_1_487' title='bbox 2273 2496 2527 2560; x_wconf 78' lang='grc' dir='ltr'>Χελκίου,</span> <span class='ocrx_word' id='word_1_488' title='bbox 2560 2495 2699 2567; x_wconf 80' lang='grc' dir='ltr'>καλὴ</span> <span class='ocrx_word' id='word_1_489' title='bbox 2726 2495 2964 2565; x_wconf 73' lang='grc' dir='ltr'>σφόδρα,</span> <span class='ocrx_word' id='word_1_490' title='bbox 3005 2496 3100 2549; x_wconf 71' lang='grc' dir='ltr'>καὶ</span> <span class='ocrx_word' id='word_1_491' title='bbox 3135 2496 3444 2568; x_wconf 74' lang='grc' dir='ltr'>φοϐουμένη</span> <span class='ocrx_word' id='word_1_492' title='bbox 3480 2498 3574 2553; x_wconf 83' lang='grc' dir='ltr'>τὸν</span> <span class='ocrx_word' id='word_1_493' title='bbox 3618 2497 3733 2553; x_wconf 80' lang='grc' dir='ltr'><strong>Κύ-</strong></span> 
     </span>
    </p>
   </div>
   <div class='ocr_carea' id='block_1_80' title="bbox 2142 2604 2278 2657">
    <p class='ocr_par' dir='ltr' id='par_1_80' title="bbox 2142 2604 2278 2657">
     <span class='ocr_line' id='line_1_80' title="bbox 2142 2604 2278 2657; baseline 0.015 -18"><span class='ocrx_word' id='word_1_494' title='bbox 2142 2604 2278 2657; x_wconf 91' lang='grc' dir='ltr'>ριον.</span> 
     </span>
    </p>
   </div>
   <div class='ocr_carea' id='block_1_81' title="bbox 2214 2677 3735 2753">
    <p class='ocr_par' dir='ltr' id='par_1_81' title="bbox 2214 2677 3735 2753">
     <span class='ocr_line' id='line_1_81' title="bbox 2214 2677 3735 2753; baseline 0.001 -20"><span class='ocrx_word' id='word_1_495' title='bbox 2214 2679 2266 2733; x_wconf 78' lang='lat'><strong>5.</strong></span> <span class='ocrx_word' id='word_1_496' title='bbox 2288 2677 2398 2732; x_wconf 80' lang='lat' dir='ltr'><strong>Kal.</strong></span> <span class='ocrx_word' id='word_1_497' title='bbox 2430 2678 2481 2730; x_wconf 87' lang='lat' dir='ltr'><strong>oi.</strong></span> <span class='ocrx_word' id='word_1_498' title='bbox 2505 2678 2687 2745; x_wconf 84' lang='grc' dir='ltr'><strong>γονεῖς</strong></span> <span class='ocrx_word' id='word_1_499' title='bbox 2715 2677 2886 2747; x_wconf 74' lang='grc' dir='ltr'>αὐτῆς</span> <span class='ocrx_word' id='word_1_500' title='bbox 2931 2677 3166 2738; x_wconf 85' lang='grc' dir='ltr'>δίκαιοι,</span> <span class='ocrx_word' id='word_1_501' title='bbox 3203 2680 3299 2732; x_wconf 75' lang='grc' dir='ltr'>καὶ</span> <span class='ocrx_word' id='word_1_502' title='bbox 3343 2679 3592 2744; x_wconf 81' lang='grc' dir='ltr'>ἐδίδαξαν</span> <span class='ocrx_word' id='word_1_503' title='bbox 3631 2681 3735 2753; x_wconf 79' lang='grc' dir='ltr'><strong>τὴν</strong></span> 
     </span>
    </p>
   </div>
   <div class='ocr_carea' id='block_1_82' title="bbox 2143 2768 3338 2840">
    <p class='ocr_par' dir='ltr' id='par_1_82' title="bbox 2143 2768 3338 2840">
     <span class='ocr_line' id='line_1_82' title="bbox 2143 2768 3338 2840; baseline 0.002 -19"><span class='ocrx_word' id='word_1_504' title='bbox 2143 2769 2421 2840; x_wconf 86' lang='grc' dir='ltr'>θυγατέρα</span> <span class='ocrx_word' id='word_1_505' title='bbox 2451 2768 2633 2822; x_wconf 82' lang='grc' dir='ltr'>αὐτῶν</span> <span class='ocrx_word' id='word_1_506' title='bbox 2660 2769 2806 2822; x_wconf 72' lang='grc' dir='ltr'>κατὰ</span> <span class='ocrx_word' id='word_1_507' title='bbox 2837 2768 2929 2821; x_wconf 73' lang='grc' dir='ltr'>τὸν</span> <span class='ocrx_word' id='word_1_508' title='bbox 2958 2770 3123 2840; x_wconf 85' lang='grc' dir='ltr'>νόμον</span> <span class='ocrx_word' id='word_1_509' title='bbox 3147 2771 3338 2840; x_wconf 79' lang='grc' dir='ltr'>Μωσῆ.</span> 
     </span>
    </p>
   </div>
   <div class='ocr_carea' id='block_1_83' title="bbox 2214 2855 3723 2933">
    <p class='ocr_par' dir='ltr' id='par_1_83' title="bbox 2214 2855 3723 2933">
     <span class='ocr_line' id='line_1_83' title="bbox 2214 2855 3723 2933; baseline 0.001 -19"><span class='ocrx_word' id='word_1_510' title='bbox 2214 2861 2268 2914; x_wconf 71' lang='grc'><strong>4.</strong></span> <span class='ocrx_word' id='word_1_511' title='bbox 2300 2860 2408 2914; x_wconf 85' lang='lat' dir='ltr'><strong>Kal</strong></span> <span class='ocrx_word' id='word_1_512' title='bbox 2422 2855 2491 2930; x_wconf 83' lang='grc' dir='ltr'><strong>ἦν</strong></span> <span class='ocrx_word' id='word_1_513' title='bbox 2531 2860 2793 2932; x_wconf 69' lang='grc' dir='ltr'>Ἱωακεὶμ</span> <span class='ocrx_word' id='word_1_514' title='bbox 2824 2861 3078 2924; x_wconf 82' lang='grc' dir='ltr'>πλούσιος</span> <span class='ocrx_word' id='word_1_515' title='bbox 3110 2861 3337 2932; x_wconf 77' lang='grc' dir='ltr'>σφόδρα,</span> <span class='ocrx_word' id='word_1_516' title='bbox 3372 2861 3465 2915; x_wconf 71' lang='grc' dir='ltr'>καὶ</span> <span class='ocrx_word' id='word_1_517' title='bbox 3482 2856 3547 2933; x_wconf 74' lang='grc' dir='ltr'>ἦν</span> <span class='ocrx_word' id='word_1_518' title='bbox 3574 2863 3723 2933; x_wconf 83' lang='grc' dir='ltr'><strong>αύτῷ</strong></span> 
     </span>
    </p>
   </div>
   <div class='ocr_carea' id='block_1_84' title="bbox 2143 2952 3725 3028">
    <p class='ocr_par' dir='ltr' id='par_1_84' title="bbox 2143 2952 3725 3028">
     <span class='ocr_line' id='line_1_84' title="bbox 2143 2952 3725 3028; baseline -0.003 -19"><span class='ocrx_word' id='word_1_519' title='bbox 2143 2955 2471 3028; x_wconf 82' lang='grc' dir='ltr'>παράδεισος</span> <span class='ocrx_word' id='word_1_520' title='bbox 2507 2953 2759 3022; x_wconf 84' lang='grc' dir='ltr'>γειτνιῶν</span> <span class='ocrx_word' id='word_1_521' title='bbox 2792 2953 2871 3023; x_wconf 82' lang='grc' dir='ltr'>τῷ</span> <span class='ocrx_word' id='word_1_522' title='bbox 2903 2955 3036 3023; x_wconf 79' lang='grc' dir='ltr'>οἴκῳ</span> <span class='ocrx_word' id='word_1_523' title='bbox 3062 2952 3251 3009; x_wconf 80' lang='grc' dir='ltr'>αὐτοῦ,</span> <span class='ocrx_word' id='word_1_524' title='bbox 3277 2953 3372 3006; x_wconf 71' lang='grc' dir='ltr'>καὶ</span> <span class='ocrx_word' id='word_1_525' title='bbox 3398 2953 3527 3024; x_wconf 81' lang='grc' dir='ltr'>πρὸς</span> <span class='ocrx_word' id='word_1_526' title='bbox 3561 2953 3725 3007; x_wconf 72' lang='grc' dir='ltr'>αὑτὸν</span> 
     </span>
    </p>
   </div>
   <div class='ocr_carea' id='block_1_85' title="bbox 2148 3041 3729 3121">
    <p class='ocr_par' dir='ltr' id='par_1_85' title="bbox 2148 3041 3729 3121">
     <span class='ocr_line' id='line_1_85' title="bbox 2148 3041 3729 3121; baseline -0.003 -18"><span class='ocrx_word' id='word_1_527' title='bbox 2148 3050 2443 3121; x_wconf 83' lang='grc' dir='ltr'>συνήγοντο</span> <span class='ocrx_word' id='word_1_528' title='bbox 2466 3049 2514 3101; x_wconf 77' lang='grc' dir='ltr'><strong>οἱ</strong></span> <span class='ocrx_word' id='word_1_529' title='bbox 2548 3046 2812 3112; x_wconf 76' lang='grc' dir='ltr'>Ἰουδαῖοι,</span> <span class='ocrx_word' id='word_1_530' title='bbox 2841 3046 2929 3100; x_wconf 75' lang='grc' dir='ltr'><strong>διὰ</strong></span> <span class='ocrx_word' id='word_1_531' title='bbox 2948 3046 3008 3099; x_wconf 82' lang='grc' dir='ltr'>τὸ</span> <span class='ocrx_word' id='word_1_532' title='bbox 3028 3041 3167 3099; x_wconf 78' lang='grc' dir='ltr'>εἶναι</span> <span class='ocrx_word' id='word_1_533' title='bbox 3198 3046 3361 3099; x_wconf 75' lang='grc' dir='ltr'>αὐτὸν</span> <span class='ocrx_word' id='word_1_534' title='bbox 3393 3045 3729 3116; x_wconf 78' lang='grc' dir='ltr'>ἐνδοξότερον</span> 
     </span>
    </p>
   </div>
   <div class='ocr_carea' id='block_1_86' title="bbox 2068 3143 2384 3211">
    <p class='ocr_par' dir='ltr' id='par_1_86' title="bbox 2068 3143 2384 3211">
     <span class='ocr_line' id='line_1_86' title="bbox 2068 3143 2384 3211; baseline -0.009 -13"><span class='ocrx_word' id='word_1_535' title='bbox 2068 3151 2114 3211; x_wconf 83' lang='lat' dir='ltr'>c</span> <span class='ocrx_word' id='word_1_536' title='bbox 2146 3143 2384 3197; x_wconf 85' lang='grc' dir='ltr'>πάντων.</span> 
     </span>
    </p>
   </div>
   <div class='ocr_carea' id='block_1_87' title="bbox 2222 3227 3731 3302">
    <p class='ocr_par' dir='ltr' id='par_1_87' title="bbox 2222 3227 3731 3302">
     <span class='ocr_line' id='line_1_87' title="bbox 2222 3227 3731 3302; baseline -0.005 -13"><span class='ocrx_word' id='word_1_537' title='bbox 2222 3235 2275 3289; x_wconf 83' lang='lat'><strong>5.</strong></span> <span class='ocrx_word' id='word_1_538' title='bbox 2311 3234 2424 3289; x_wconf 84' lang='lat' dir='ltr'><strong>Kal</strong></span> <span class='ocrx_word' id='word_1_539' title='bbox 2448 3231 2851 3302; x_wconf 82' lang='grc' dir='ltr'>ἀπεδείχθησαν</span> <span class='ocrx_word' id='word_1_540' title='bbox 2872 3232 2965 3285; x_wconf 84' lang='grc' dir='ltr'><strong>δύο</strong></span> <span class='ocrx_word' id='word_1_541' title='bbox 2997 3228 3355 3302; x_wconf 88' lang='grc' dir='ltr'>πρεσϐύτεροι</span> <span class='ocrx_word' id='word_1_542' title='bbox 3387 3230 3451 3283; x_wconf 92' lang='grc' dir='ltr'><strong>ἐκ</strong></span> <span class='ocrx_word' id='word_1_543' title='bbox 3479 3228 3574 3283; x_wconf 77' lang='grc' dir='ltr'><strong>τοῦ</strong></span> <span class='ocrx_word' id='word_1_544' title='bbox 3599 3227 3731 3283; x_wconf 78' lang='grc' dir='ltr'>λαοῦ</span> 
     </span>
    </p>
   </div>
   <div class='ocr_carea' id='block_1_88' title="bbox 2152 3315 3740 3397">
    <p class='ocr_par' dir='ltr' id='par_1_88' title="bbox 2152 3315 3740 3397">
     <span class='ocr_line' id='line_1_88' title="bbox 2152 3315 3740 3397; baseline -0.002 -18"><span class='ocrx_word' id='word_1_545' title='bbox 2152 3326 2340 3397; x_wconf 73' lang='grc' dir='ltr'>κριταὶ</span> <span class='ocrx_word' id='word_1_546' title='bbox 2365 3326 2423 3378; x_wconf 88' lang='grc' dir='ltr'><strong>ἐν</strong></span> <span class='ocrx_word' id='word_1_547' title='bbox 2452 3323 2530 3394; x_wconf 84' lang='grc' dir='ltr'>τῷ</span> <span class='ocrx_word' id='word_1_548' title='bbox 2578 3321 2810 3393; x_wconf 76' lang='grc' dir='ltr'>ἐνιαυτῷ</span> <span class='ocrx_word' id='word_1_549' title='bbox 2842 3321 3070 3393; x_wconf 85' lang='grc' dir='ltr'>ἐκείνῳ,</span> <span class='ocrx_word' id='word_1_550' title='bbox 3112 3323 3241 3391; x_wconf 78' lang='grc' dir='ltr'>περὶ</span> <span class='ocrx_word' id='word_1_551' title='bbox 3280 3315 3356 3376; x_wconf 81' lang='grc' dir='ltr'>ὧν</span> <span class='ocrx_word' id='word_1_552' title='bbox 3395 3322 3659 3393; x_wconf 87' lang='grc' dir='ltr'>ἐλάλησεν</span> <span class='ocrx_word' id='word_1_553' title='bbox 3707 3322 3740 3376; x_wconf 84' lang='grc' dir='ltr'><strong>ό</strong></span> 
     </span>
    </p>
   </div>
   <div class='ocr_carea' id='block_1_89' title="bbox 2151 3412 3739 3486">
    <p class='ocr_par' dir='ltr' id='par_1_89' title="bbox 2151 3412 3739 3486">
     <span class='ocr_line' id='line_1_89' title="bbox 2151 3412 3739 3486; baseline -0.004 -15"><span class='ocrx_word' id='word_1_554' title='bbox 2151 3416 2433 3486; x_wconf 86' lang='grc' dir='ltr'>Δεσπότης</span> <span class='ocrx_word' id='word_1_555' title='bbox 2456 3414 2540 3468; x_wconf 80' lang='grc' dir='ltr'>ὅτι</span> <span class='ocrx_word' id='word_1_556' title='bbox 2560 3412 2784 3483; x_wconf 80' lang='grc' dir='ltr'>ἐξῆλθεν</span> <span class='ocrx_word' id='word_1_557' title='bbox 2812 3413 3011 3482; x_wconf 85' lang='grc' dir='ltr'>ἀνομία</span> <span class='ocrx_word' id='word_1_558' title='bbox 3039 3414 3102 3467; x_wconf 87' lang='grc' dir='ltr'><strong>ἐκ</strong></span> <span class='ocrx_word' id='word_1_559' title='bbox 3129 3412 3446 3477; x_wconf 81' lang='grc' dir='ltr'>Βαϐυλῶνος</span> <span class='ocrx_word' id='word_1_560' title='bbox 3479 3414 3545 3466; x_wconf 89' lang='grc' dir='ltr'><strong>ἐκ</strong></span> <span class='ocrx_word' id='word_1_561' title='bbox 3599 3430 3739 3484; x_wconf 81' lang='grc' dir='ltr'>πρε-</span> 
     </span>
    </p>
   </div>
   <div class='ocr_carea' id='block_1_90' title="bbox 2153 3504 3593 3580">
    <p class='ocr_par' dir='ltr' id='par_1_90' title="bbox 2153 3504 3593 3580">
     <span class='ocr_line' id='line_1_90' title="bbox 2153 3504 3593 3580; baseline -0.003 -16"><span class='ocrx_word' id='word_1_562' title='bbox 2153 3508 2433 3580; x_wconf 88' lang='grc' dir='ltr'>σϐυτέρων</span> <span class='ocrx_word' id='word_1_563' title='bbox 2462 3504 2688 3579; x_wconf 85' lang='grc' dir='ltr'>κριτῶν,</span> <span class='ocrx_word' id='word_1_564' title='bbox 2715 3505 2764 3559; x_wconf 83' lang='grc' dir='ltr'><strong>οἳ</strong></span> <span class='ocrx_word' id='word_1_565' title='bbox 2786 3504 3006 3559; x_wconf 76' lang='grc' dir='ltr'>ἐδόκουν</span> <span class='ocrx_word' id='word_1_566' title='bbox 3035 3505 3307 3578; x_wconf 84' lang='grc' dir='ltr'>κυϐερνᾷν</span> <span class='ocrx_word' id='word_1_567' title='bbox 3322 3506 3411 3559; x_wconf 85' lang='grc' dir='ltr'>τὸν</span> <span class='ocrx_word' id='word_1_568' title='bbox 3442 3504 3593 3561; x_wconf 88' lang='grc' dir='ltr'>λαόν.</span> 
     </span>
    </p>
   </div>
   <div class='ocr_carea' id='block_1_91' title="bbox 2222 3596 3739 3671">
    <p class='ocr_par' dir='ltr' id='par_1_91' title="bbox 2222 3596 3739 3671">
     <span class='ocr_line' id='line_1_91' title="bbox 2222 3596 3739 3671; baseline -0.004 -14"><span class='ocrx_word' id='word_1_569' title='bbox 2222 3603 2277 3657; x_wconf 85' lang='lat'><strong>6.</strong></span> <span class='ocrx_word' id='word_1_570' title='bbox 2308 3596 2468 3657; x_wconf 73' lang='grc' dir='ltr'>Οὗτοι</span> <span class='ocrx_word' id='word_1_571' title='bbox 2501 3598 2980 3671; x_wconf 80' lang='grc' dir='ltr'>προσεκαρτέρουν</span> <span class='ocrx_word' id='word_1_572' title='bbox 3016 3600 3083 3670; x_wconf 81' lang='grc' dir='ltr'>τῇ</span> <span class='ocrx_word' id='word_1_573' title='bbox 3126 3599 3274 3670; x_wconf 74' lang='grc' dir='ltr'>οἰκίᾳ</span> <span class='ocrx_word' id='word_1_574' title='bbox 3313 3598 3592 3670; x_wconf 77' lang='grc' dir='ltr'>Ἰωακεὶμ,</span> <span class='ocrx_word' id='word_1_575' title='bbox 3642 3597 3739 3653; x_wconf 71' lang='grc' dir='ltr'>καὶ</span> 
     </span>
    </p>
   </div>
   <div class='ocr_carea' id='block_1_92' title="bbox 2153 3691 3463 3767">
    <p class='ocr_par' dir='ltr' id='par_1_92' title="bbox 2153 3691 3463 3767">
     <span class='ocr_line' id='line_1_92' title="bbox 2153 3691 3463 3767; baseline -0.005 -16"><span class='ocrx_word' id='word_1_576' title='bbox 2153 3697 2384 3767; x_wconf 77' lang='grc' dir='ltr'>ήρχοντο</span> <span class='ocrx_word' id='word_1_577' title='bbox 2416 3692 2553 3764; x_wconf 71' lang='grc' dir='ltr'>προς</span> <span class='ocrx_word' id='word_1_578' title='bbox 2582 3692 2781 3756; x_wconf 80' lang='grc' dir='ltr'>αὐτοὺς</span> <span class='ocrx_word' id='word_1_579' title='bbox 2815 3691 3018 3755; x_wconf 88' lang='grc' dir='ltr'>πάντες</span> <span class='ocrx_word' id='word_1_580' title='bbox 3040 3693 3087 3745; x_wconf 79' lang='lat' dir='ltr'><strong>oi</strong></span> <span class='ocrx_word' id='word_1_581' title='bbox 3129 3691 3463 3762; x_wconf 87' lang='grc' dir='ltr'>κρινόμενοι.</span> 
     </span>
    </p>
   </div>
   <div class='ocr_carea' id='block_1_93' title="bbox 2224 3780 3735 3867">
    <p class='ocr_par' dir='ltr' id='par_1_93' title="bbox 2224 3780 3735 3867">
     <span class='ocr_line' id='line_1_93' title="bbox 2224 3780 3735 3867; baseline -0.005 -26"><span class='ocrx_word' id='word_1_582' title='bbox 2224 3787 2277 3841; x_wconf 87' lang='lat'><strong>7.</strong></span> <span class='ocrx_word' id='word_1_583' title='bbox 2303 3786 2415 3841; x_wconf 85' lang='lat' dir='ltr'><strong>Kal</strong></span> <span class='ocrx_word' id='word_1_584' title='bbox 2443 3786 2662 3854; x_wconf 85' lang='grc' dir='ltr'>ἐγένετο</span> <span class='ocrx_word' id='word_1_585' title='bbox 2689 3784 2853 3856; x_wconf 81' lang='grc' dir='ltr'>ἡνίκα</span> <span class='ocrx_word' id='word_1_586' title='bbox 2875 3784 3177 3856; x_wconf 85' lang='grc' dir='ltr'>ἀπέτρεχεν</span> <span class='ocrx_word' id='word_1_587' title='bbox 3195 3785 3224 3837; x_wconf 89' lang='grc' dir='ltr'><strong>ό</strong></span> <span class='ocrx_word' id='word_1_588' title='bbox 3250 3782 3379 3847; x_wconf 81' lang='grc' dir='ltr'>λαὸς</span> <span class='ocrx_word' id='word_1_589' title='bbox 3415 3783 3580 3867; x_wconf 76' lang='grc' dir='ltr'>μέσον</span> <span class='ocrx_word' id='word_1_590' title='bbox 3600 3780 3735 3854; x_wconf 79' lang='grc' dir='ltr'>ήμέο</span> 
     </span>
    </p>
   </div>
   <div class='ocr_carea' id='block_1_94' title="bbox 2158 3874 3733 3952">
    <p class='ocr_par' dir='ltr' id='par_1_94' title="bbox 2158 3874 3733 3952">
     <span class='ocr_line' id='line_1_94' title="bbox 2158 3874 3733 3952; baseline -0.008 -17"><span class='ocrx_word' id='word_1_591' title='bbox 2158 3898 2276 3952; x_wconf 86' lang='grc' dir='ltr'>ρας,</span> <span class='ocrx_word' id='word_1_592' title='bbox 2306 3879 2686 3952; x_wconf 80' lang='grc' dir='ltr'>εἰσεπορεύετο</span> <span class='ocrx_word' id='word_1_593' title='bbox 2721 3878 2997 3933; x_wconf 83' lang='grc' dir='ltr'>Σουσάννα</span> <span class='ocrx_word' id='word_1_594' title='bbox 3023 3919 3041 3944; x_wconf 94' lang='grc'><strong>,</strong></span> <span class='ocrx_word' id='word_1_595' title='bbox 3082 3880 3175 3931; x_wconf 73' lang='grc' dir='ltr'>καὶ</span> <span class='ocrx_word' id='word_1_596' title='bbox 3208 3876 3532 3947; x_wconf 78' lang='grc' dir='ltr'>περιεπάτει</span> <span class='ocrx_word' id='word_1_597' title='bbox 3559 3876 3617 3929; x_wconf 88' lang='grc' dir='ltr'>ἐν</span> <span class='ocrx_word' id='word_1_598' title='bbox 3658 3874 3733 3945; x_wconf 73' lang='grc' dir='ltr'><strong>τῷ</strong></span> 
     </span>
    </p>
   </div>
   <div class='ocr_carea' id='block_1_95' title="bbox 2154 3970 3037 4045">
    <p class='ocr_par' dir='ltr' id='par_1_95' title="bbox 2154 3970 3037 4045">
     <span class='ocr_line' id='line_1_95' title="bbox 2154 3970 3037 4045; baseline -0.006 -17"><span class='ocrx_word' id='word_1_599' title='bbox 2154 3973 2472 4045; x_wconf 85' lang='grc' dir='ltr'>παραδείσῳ</span> <span class='ocrx_word' id='word_1_600' title='bbox 2502 3972 2599 4027; x_wconf 80' lang='grc' dir='ltr'><strong>τοῦ</strong></span> <span class='ocrx_word' id='word_1_601' title='bbox 2632 3972 2826 4043; x_wconf 80' lang='grc' dir='ltr'>ἀνδρὸς</span> <span class='ocrx_word' id='word_1_602' title='bbox 2846 3970 3037 4041; x_wconf 78' lang='grc' dir='ltr'>αὐτῆς.</span> 
     </span>
    </p>
   </div>
   <div class='ocr_carea' id='block_1_96' title="bbox 2226 4058 3744 4137">
    <p class='ocr_par' dir='ltr' id='par_1_96' title="bbox 2226 4058 3744 4137">
     <span class='ocr_line' id='line_1_96' title="bbox 2226 4058 3744 4137; baseline -0.006 -17"><span class='ocrx_word' id='word_1_603' title='bbox 2226 4065 2279 4120; x_wconf 88' lang='grc'><strong>8.</strong></span> <span class='ocrx_word' id='word_1_604' title='bbox 2303 4067 2415 4119; x_wconf 80' lang='lat' dir='ltr'><strong>Kal</strong></span> <span class='ocrx_word' id='word_1_605' title='bbox 2432 4064 2704 4137; x_wconf 83' lang='grc' dir='ltr'>ἐθεώρουν</span> <span class='ocrx_word' id='word_1_606' title='bbox 2728 4062 2899 4135; x_wconf 75' lang='grc' dir='ltr'>αὐτὴν</span> <span class='ocrx_word' id='word_1_607' title='bbox 2924 4065 2974 4117; x_wconf 84' lang='grc' dir='ltr'>οἱ</span> <span class='ocrx_word' id='word_1_608' title='bbox 2991 4061 3355 4134; x_wconf 85' lang='grc' dir='ltr'>πρεσϐύτεροι</span> <span class='ocrx_word' id='word_1_609' title='bbox 3384 4060 3506 4115; x_wconf 82' lang='grc' dir='ltr'>καθ’</span> <span class='ocrx_word' id='word_1_610' title='bbox 3526 4062 3558 4130; x_wconf 70' lang='grc' dir='ltr'><strong>ἡ</strong></span> <span class='ocrx_word' id='word_1_611' title='bbox 3569 4058 3635 4130; x_wconf 87' lang='grc' dir='ltr'><strong>μέ</strong></span> <span class='ocrx_word' id='word_1_612' title='bbox 3645 4076 3744 4131; x_wconf 89' lang='grc' dir='ltr'><strong>ραν</strong></span> 
     </span>
    </p>
   </div>
   <div class='ocr_carea' id='block_1_97' title="bbox 2156 4151 3746 4229">
    <p class='ocr_par' dir='ltr' id='par_1_97' title="bbox 2156 4151 3746 4229">
     <span class='ocr_line' id='line_1_97' title="bbox 2156 4151 3746 4229; baseline -0.004 -18"><span class='ocrx_word' id='word_1_613' title='bbox 2156 4157 2643 4229; x_wconf 86' lang='grc' dir='ltr'>εἰσπορευομένην,</span> <span class='ocrx_word' id='word_1_614' title='bbox 2677 4157 2773 4210; x_wconf 73' lang='grc' dir='ltr'>καὶ</span> <span class='ocrx_word' id='word_1_615' title='bbox 2800 4155 3213 4227; x_wconf 79' lang='grc' dir='ltr'>περιπατοῦσαν</span> <span class='ocrx_word' id='word_1_616' title='bbox 3236 4194 3250 4218; x_wconf 88' lang='grc'><strong>,</strong></span> <span class='ocrx_word' id='word_1_617' title='bbox 3286 4154 3381 4208; x_wconf 80' lang='grc' dir='ltr'>καὶ</span> <span class='ocrx_word' id='word_1_618' title='bbox 3405 4151 3656 4223; x_wconf 87' lang='grc' dir='ltr'>ἐγένοντο</span> <span class='ocrx_word' id='word_1_619' title='bbox 3685 4155 3746 4206; x_wconf 89' lang='grc' dir='ltr'><strong>ἐν</strong></span> 
     </span>
    </p>
   </div>
   <div class='ocr_carea' id='block_1_98' title="bbox 2157 4248 2652 4322">
    <p class='ocr_par' dir='ltr' id='par_1_98' title="bbox 2157 4248 2652 4322">
     <span class='ocr_line' id='line_1_98' title="bbox 2157 4248 2652 4322; baseline -0.008 -17"><span class='ocrx_word' id='word_1_620' title='bbox 2157 4251 2425 4322; x_wconf 81' lang='grc' dir='ltr'>ἐπιθυμίᾳ</span> <span class='ocrx_word' id='word_1_621' title='bbox 2460 4248 2652 4318; x_wconf 83' lang='grc' dir='ltr'>αὐτῆς.</span> 
     </span>
    </p>
   </div>
   <div class='ocr_carea' id='block_1_99' title="bbox 2226 4334 3746 4411">
    <p class='ocr_par' dir='ltr' id='par_1_99' title="bbox 2226 4334 3746 4411">
     <span class='ocr_line' id='line_1_99' title="bbox 2226 4334 3746 4411; baseline -0.008 -13"><span class='ocrx_word' id='word_1_622' title='bbox 2226 4343 2282 4399; x_wconf 87' lang='lat'><strong>9.</strong></span> <span class='ocrx_word' id='word_1_623' title='bbox 2314 4342 2428 4396; x_wconf 79' lang='lat' dir='ltr'><strong>Kal</strong></span> <span class='ocrx_word' id='word_1_624' title='bbox 2454 4339 2777 4411; x_wconf 76' lang='grc' dir='ltr'>διέστρεψαν</span> <span class='ocrx_word' id='word_1_625' title='bbox 2799 4339 2890 4392; x_wconf 80' lang='grc' dir='ltr'>τὸν</span> <span class='ocrx_word' id='word_1_626' title='bbox 2918 4338 3128 4393; x_wconf 88' lang='grc' dir='ltr'>ἐαυτῶν</span> <span class='ocrx_word' id='word_1_627' title='bbox 3156 4338 3305 4402; x_wconf 77' lang='grc' dir='ltr'>νοῦν,</span> <span class='ocrx_word' id='word_1_628' title='bbox 3331 4339 3427 4392; x_wconf 69' lang='grc' dir='ltr'><strong>καὶ</strong></span> <span class='ocrx_word' id='word_1_629' title='bbox 3462 4334 3746 4401; x_wconf 78' lang='grc' dir='ltr'>ἐξέκλιναν</span> 
     </span>
    </p>
   </div>
   <div class='ocr_carea' id='block_1_100' title="bbox 2156 4427 3746 4504">
    <p class='ocr_par' dir='ltr' id='par_1_100' title="bbox 2156 4427 3746 4504">
     <span class='ocr_line' id='line_1_100' title="bbox 2156 4427 3746 4504; baseline -0.006 -13"><span class='ocrx_word' id='word_1_630' title='bbox 2156 4437 2285 4501; x_wconf 83' lang='grc' dir='ltr'>τοὺς</span> <span class='ocrx_word' id='word_1_631' title='bbox 2310 4435 2622 4504; x_wconf 69' lang='grc' dir='ltr'>ὀφθαλμοὺς</span> <span class='ocrx_word' id='word_1_632' title='bbox 2642 4432 2843 4493; x_wconf 87' lang='grc' dir='ltr'>αὐτῶν,</span> <span class='ocrx_word' id='word_1_633' title='bbox 2875 4431 2970 4485; x_wconf 79' lang='grc' dir='ltr'><strong>τοῦ</strong></span> <span class='ocrx_word' id='word_1_634' title='bbox 2998 4431 3073 4503; x_wconf 80' lang='grc' dir='ltr'>μὴ</span> <span class='ocrx_word' id='word_1_635' title='bbox 3104 4431 3323 4502; x_wconf 87' lang='grc' dir='ltr'>βλέπειν</span> <span class='ocrx_word' id='word_1_636' title='bbox 3349 4432 3430 4494; x_wconf 84' lang='grc' dir='ltr'><strong>εἰς</strong></span> <span class='ocrx_word' id='word_1_637' title='bbox 3457 4430 3548 4484; x_wconf 80' lang='grc' dir='ltr'>τὸν</span> <span class='ocrx_word' id='word_1_638' title='bbox 3575 4427 3746 4499; x_wconf 77' lang='grc' dir='ltr'>οὖρα·</span> 
     </span>
    </p>
   </div>
   <div class='ocr_carea' id='block_1_101' title="bbox 2085 4516 3434 4601">
    <p class='ocr_par' dir='ltr' id='par_1_101' title="bbox 2085 4516 3434 4601">
     <span class='ocr_line' id='line_1_101' title="bbox 2085 4516 3434 4601; baseline -0.006 -16"><span class='ocrx_word' id='word_1_639' title='bbox 2085 4516 2130 4573; x_wconf 83' lang='grc' dir='ltr'><strong>Ῑ)</strong></span> <span class='ocrx_word' id='word_1_640' title='bbox 2156 4529 2269 4591; x_wconf 84' lang='grc' dir='ltr'>νδν,</span> <span class='ocrx_word' id='word_1_641' title='bbox 2305 4528 2442 4601; x_wconf 85' lang='grc' dir='ltr'><strong>μηδέ</strong></span> <span class='ocrx_word' id='word_1_642' title='bbox 2478 4523 2837 4598; x_wconf 86' lang='grc' dir='ltr'>μνημονεύειν</span> <span class='ocrx_word' id='word_1_643' title='bbox 2871 4524 3158 4596; x_wconf 86' lang='grc' dir='ltr'>κριμάτων</span> <span class='ocrx_word' id='word_1_644' title='bbox 3184 4524 3434 4579; x_wconf 87' lang='grc' dir='ltr'>δικαίων.</span> 
     </span>
    </p>
   </div>
   <div class='ocr_carea' id='block_1_102' title="bbox 2231 4612 3750 4691">
    <p class='ocr_par' dir='ltr' id='par_1_102' title="bbox 2231 4612 3750 4691">
     <span class='ocr_line' id='line_1_102' title="bbox 2231 4612 3750 4691; baseline -0.008 -15"><span class='ocrx_word' id='word_1_645' title='bbox 2231 4622 2317 4677; x_wconf 87' lang='grc'><strong>10.</strong></span> <span class='ocrx_word' id='word_1_646' title='bbox 2345 4620 2457 4676; x_wconf 88' lang='lat' dir='ltr'><strong>Kal</strong></span> <span class='ocrx_word' id='word_1_647' title='bbox 2487 4616 2628 4691; x_wconf 82' lang='grc' dir='ltr'>ἦσαν</span> <span class='ocrx_word' id='word_1_648' title='bbox 2659 4620 2959 4691; x_wconf 84' lang='grc' dir='ltr'>ἀμφότεροι</span> <span class='ocrx_word' id='word_1_649' title='bbox 2988 4614 3454 4686; x_wconf 86' lang='grc' dir='ltr'>κατανενυγμένοι</span> <span class='ocrx_word' id='word_1_650' title='bbox 3489 4613 3619 4684; x_wconf 75' lang='grc' dir='ltr'>περὶ</span> <span class='ocrx_word' id='word_1_651' title='bbox 3646 4612 3750 4665; x_wconf 77' lang='grc' dir='ltr'><strong>αὐ-</strong></span> 
     </span>
    </p>
   </div>
   <div class='ocr_carea' id='block_1_103' title="bbox 2156 4702 3749 4786">
    <p class='ocr_par' dir='ltr' id='par_1_103' title="bbox 2156 4702 3749 4786">
     <span class='ocr_line' id='line_1_103' title="bbox 2156 4702 3749 4786; baseline -0.011 -17"><span class='ocrx_word' id='word_1_652' title='bbox 2156 4714 2274 4786; x_wconf 77' lang='grc' dir='ltr'>τῆς,</span> <span class='ocrx_word' id='word_1_653' title='bbox 2304 4712 2402 4768; x_wconf 71' lang='grc' dir='ltr'>καὶ</span> <span class='ocrx_word' id='word_1_654' title='bbox 2426 4713 2526 4766; x_wconf 76' lang='grc' dir='ltr'><strong>οὐκ</strong></span> <span class='ocrx_word' id='word_1_655' title='bbox 2554 4709 2898 4782; x_wconf 84' lang='grc' dir='ltr'>ἀπήγγειλαν</span> <span class='ocrx_word' id='word_1_656' title='bbox 2919 4708 3171 4778; x_wconf 76' lang='grc' dir='ltr'>ἀλλήλοις</span> <span class='ocrx_word' id='word_1_657' title='bbox 3191 4707 3290 4777; x_wconf 74' lang='grc' dir='ltr'>τὴν</span> <span class='ocrx_word' id='word_1_658' title='bbox 3317 4704 3511 4774; x_wconf 83' lang='grc' dir='ltr'>ὀδύνην</span> <span class='ocrx_word' id='word_1_659' title='bbox 3538 4702 3749 4756; x_wconf 84' lang='grc' dir='ltr'>αὐτῶν.</span> 
     </span>
    </p>
   </div>
   <div class='ocr_carea' id='block_1_104' title="bbox 2230 4793 3749 4874">
    <p class='ocr_par' dir='ltr' id='par_1_104' title="bbox 2230 4793 3749 4874">
     <span class='ocr_line' id='line_1_104' title="bbox 2230 4793 3749 4874; baseline -0.01 -16"><span class='ocrx_word' id='word_1_660' title='bbox 2230 4804 2317 4859; x_wconf 86' lang='lat'><strong>11.</strong></span> <span class='ocrx_word' id='word_1_661' title='bbox 2351 4802 2474 4857; x_wconf 84' lang='grc' dir='ltr'>Ὅτι</span> <span class='ocrx_word' id='word_1_662' title='bbox 2508 4802 2805 4874; x_wconf 74' lang='grc' dir='ltr'>ᾐσχύνοντο</span> <span class='ocrx_word' id='word_1_663' title='bbox 2835 4798 3165 4868; x_wconf 79' lang='grc' dir='ltr'>ἀπαγγεῖλαι</span> <span class='ocrx_word' id='word_1_664' title='bbox 3188 4797 3288 4867; x_wconf 82' lang='grc' dir='ltr'>τὴν</span> <span class='ocrx_word' id='word_1_665' title='bbox 3314 4794 3618 4865; x_wconf 82' lang='grc' dir='ltr'>ἐπιθυμίαν</span> <span class='ocrx_word' id='word_1_666' title='bbox 3648 4793 3749 4847; x_wconf 84' lang='grc' dir='ltr'>αύ-</span> 
     </span>
    </p>
   </div>
   <div class='ocr_carea' id='block_1_105' title="bbox 2157 4893 3231 4969">
    <p class='ocr_par' dir='ltr' id='par_1_105' title="bbox 2157 4893 3231 4969">
     <span class='ocr_line' id='line_1_105' title="bbox 2157 4893 3231 4969; baseline -0.007 -17"><span class='ocrx_word' id='word_1_667' title='bbox 2157 4898 2287 4960; x_wconf 87' lang='grc' dir='ltr'>τῶν,</span> <span class='ocrx_word' id='word_1_668' title='bbox 2318 4897 2402 4951; x_wconf 85' lang='grc' dir='ltr'>ὅτι</span> <span class='ocrx_word' id='word_1_669' title='bbox 2439 4895 2631 4969; x_wconf 76' lang='grc' dir='ltr'>ἤθελον</span> <span class='ocrx_word' id='word_1_670' title='bbox 2664 4893 3029 4965; x_wconf 86' lang='grc' dir='ltr'>συγγενέσθαι</span> <span class='ocrx_word' id='word_1_671' title='bbox 3068 4893 3231 4961; x_wconf 78' lang='grc' dir='ltr'>αὐτῇ.</span> 
     </span>
    </p>
   </div>
   <div class='ocr_carea' id='block_1_106' title="bbox 2230 4977 3749 5061">
    <p class='ocr_par' dir='ltr' id='par_1_106' title="bbox 2230 4977 3749 5061">
     <span class='ocr_line' id='line_1_106' title="bbox 2230 4977 3749 5061; baseline -0.009 -16"><span class='ocrx_word' id='word_1_672' title='bbox 2230 4989 2317 5045; x_wconf 74' lang='grc'>12.</span> <span class='ocrx_word' id='word_1_673' title='bbox 2355 4989 2469 5044; x_wconf 87' lang='lat' dir='ltr'><strong>Kal</strong></span> <span class='ocrx_word' id='word_1_674' title='bbox 2503 4988 2849 5061; x_wconf 84' lang='grc' dir='ltr'>παρετήρουν</span> <span class='ocrx_word' id='word_1_675' title='bbox 2880 4985 3000 5040; x_wconf 80' lang='grc' dir='ltr'>καθ’</span> <span class='ocrx_word' id='word_1_676' title='bbox 3053 4983 3269 5056; x_wconf 77' lang='grc' dir='ltr'>ἡμέραν</span> <span class='ocrx_word' id='word_1_677' title='bbox 3321 4979 3623 5052; x_wconf 83' lang='grc' dir='ltr'>φιλοτίμως</span> <span class='ocrx_word' id='word_1_678' title='bbox 3652 4977 3749 5032; x_wconf 78' lang='grc' dir='ltr'>τοῦ</span> 
     </span>
    </p>
   </div>
   <div class='ocr_carea' id='block_1_107' title="bbox 2157 5073 3388 5155">
    <p class='ocr_par' dir='ltr' id='par_1_107' title="bbox 2157 5073 3388 5155">
     <span class='ocr_line' id='line_1_107' title="bbox 2157 5073 3388 5155; baseline -0.009 -18"><span class='ocrx_word' id='word_1_679' title='bbox 2157 5082 2291 5155; x_wconf 78' lang='grc' dir='ltr'>δρᾷν</span> <span class='ocrx_word' id='word_1_680' title='bbox 2319 5082 2521 5153; x_wconf 84' lang='grc' dir='ltr'>αὐτήν·</span> <span class='ocrx_word' id='word_1_681' title='bbox 2551 5078 2648 5134; x_wconf 69' lang='grc' dir='ltr'>καὶ</span> <span class='ocrx_word' id='word_1_682' title='bbox 2679 5075 2833 5132; x_wconf 78' lang='grc' dir='ltr'>εἷπον</span> <span class='ocrx_word' id='word_1_683' title='bbox 2861 5077 3051 5148; x_wconf 82' lang='grc' dir='ltr'>ἐτερος</span> <span class='ocrx_word' id='word_1_684' title='bbox 3087 5074 3166 5146; x_wconf 82' lang='grc' dir='ltr'>τῷ</span> <span class='ocrx_word' id='word_1_685' title='bbox 3193 5073 3388 5145; x_wconf 73' lang='grc' dir='ltr'>ἐτέρῳο</span> 
     </span>
    </p>
   </div>
   <div class='ocr_carea' id='block_1_108' title="bbox 2233 5157 3745 5242">
    <p class='ocr_par' dir='ltr' id='par_1_108' title="bbox 2233 5157 3745 5242">
     <span class='ocr_line' id='line_1_108' title="bbox 2233 5157 3745 5242; baseline -0.012 -15"><span class='ocrx_word' id='word_1_686' title='bbox 2233 5172 2322 5227; x_wconf 78' lang='lat'><strong>13.</strong></span> <span class='ocrx_word' id='word_1_687' title='bbox 2347 5169 2714 5242; x_wconf 86' lang='grc' dir='ltr'>Πορευθῶμεν</span> <span class='ocrx_word' id='word_1_688' title='bbox 2753 5169 2833 5232; x_wconf 88' lang='grc' dir='ltr'>εἰς</span> <span class='ocrx_word' id='word_1_689' title='bbox 2862 5162 3031 5230; x_wconf 85' lang='grc' dir='ltr'>οἷκον,</span> <span class='ocrx_word' id='word_1_690' title='bbox 3068 5164 3151 5218; x_wconf 82' lang='grc' dir='ltr'>ὅτι</span> <span class='ocrx_word' id='word_1_691' title='bbox 3179 5162 3406 5235; x_wconf 78' lang='grc' dir='ltr'>ἀρίστου</span> <span class='ocrx_word' id='word_1_692' title='bbox 3433 5159 3585 5214; x_wconf 76' lang='grc' dir='ltr'>ἐστὶν</span> <span class='ocrx_word' id='word_1_693' title='bbox 3604 5157 3745 5228; x_wconf 84' lang='grc' dir='ltr'>ὥρα·</span> 
     </span>
    </p>
   </div>
   <div class='ocr_carea' id='block_1_109' title="bbox 2159 5252 3496 5331">
    <p class='ocr_par' dir='ltr' id='par_1_109' title="bbox 2159 5252 3496 5331">
     <span class='ocr_line' id='line_1_109' title="bbox 2159 5252 3496 5331; baseline -0.011 -11"><span class='ocrx_word' id='word_1_694' title='bbox 2159 5264 2260 5322; x_wconf 79' lang='grc' dir='ltr'>καὶ</span> <span class='ocrx_word' id='word_1_695' title='bbox 2291 5262 2600 5327; x_wconf 83' lang='grc' dir='ltr'>ἐξελθόντες</span> <span class='ocrx_word' id='word_1_696' title='bbox 2627 5257 3061 5331; x_wconf 86' lang='grc' dir='ltr'>διεχωρίσθησαν</span> <span class='ocrx_word' id='word_1_697' title='bbox 3095 5255 3192 5311; x_wconf 76' lang='grc' dir='ltr'><strong>ἀπ’</strong></span> <span class='ocrx_word' id='word_1_698' title='bbox 3225 5252 3496 5326; x_wconf 81' lang='grc' dir='ltr'>ἀλλήλων.</span> 
     </span>
    </p>
   </div>
   <div class='ocr_carea' id='block_1_110' title="bbox 2234 5338 3754 5422">
    <p class='ocr_par' dir='ltr' id='par_1_110' title="bbox 2234 5338 3754 5422">
     <span class='ocr_line' id='line_1_110' title="bbox 2234 5338 3754 5422; baseline -0.013 -12"><span class='ocrx_word' id='word_1_699' title='bbox 2234 5355 2324 5410; x_wconf 74' lang='grc'><strong>14.</strong></span> <span class='ocrx_word' id='word_1_700' title='bbox 2353 5354 2467 5408; x_wconf 85' lang='lat' dir='ltr'><strong>Kal</strong></span> <span class='ocrx_word' id='word_1_701' title='bbox 2514 5350 2941 5422; x_wconf 82' lang='grc' dir='ltr'>ἀνακάμψαντες</span> <span class='ocrx_word' id='word_1_702' title='bbox 2992 5344 3156 5419; x_wconf 81' lang='grc' dir='ltr'>ἦλθον</span> <span class='ocrx_word' id='word_1_703' title='bbox 3200 5345 3297 5401; x_wconf 69' lang='grc' dir='ltr'>ἐπὶ</span> <span class='ocrx_word' id='word_1_704' title='bbox 3334 5344 3398 5398; x_wconf 84' lang='grc' dir='ltr'>τὸ</span> <span class='ocrx_word' id='word_1_705' title='bbox 3436 5342 3597 5403; x_wconf 77' lang='grc' dir='ltr'>αὐτὸ,</span> <span class='ocrx_word' id='word_1_706' title='bbox 3654 5338 3754 5393; x_wconf 76' lang='grc' dir='ltr'>καὶ</span> 
     </span>
    </p>
   </div>
   <div class='ocr_carea' id='block_1_111' title="bbox 2162 5430 3751 5516">
    <p class='ocr_par' dir='ltr' id='par_1_111' title="bbox 2162 5430 3751 5516">
     <span class='ocr_line' id='line_1_111' title="bbox 2162 5430 3751 5516; baseline -0.011 -14"><span class='ocrx_word' id='word_1_707' title='bbox 2162 5447 2515 5513; x_wconf 77' lang='grc' dir='ltr'>άνετάζοντες</span> <span class='ocrx_word' id='word_1_708' title='bbox 2546 5444 2830 5516; x_wconf 86' lang='grc' dir='ltr'>ἀλλήλους,</span> <span class='ocrx_word' id='word_1_709' title='bbox 2860 5442 2944 5505; x_wconf 86' lang='grc' dir='ltr'><strong>τίς</strong></span> <span class='ocrx_word' id='word_1_710' title='bbox 2975 5443 3010 5513; x_wconf 88' lang='grc' dir='ltr'><strong>ή</strong></span> <span class='ocrx_word' id='word_1_711' title='bbox 3040 5439 3192 5495; x_wconf 71' lang='grc' dir='ltr'>αἰτία</span> <span class='ocrx_word' id='word_1_712' title='bbox 3210 5481 3225 5506; x_wconf 91' lang='grc'><strong>,</strong></span> <span class='ocrx_word' id='word_1_713' title='bbox 3260 5434 3622 5508; x_wconf 83' lang='grc' dir='ltr'>ὡμολόγησαν</span> <span class='ocrx_word' id='word_1_714' title='bbox 3650 5430 3751 5484; x_wconf 83' lang='grc' dir='ltr'>άλ-</span> 
     </span>
    </p>
   </div>
   <div class='ocr_carea' id='block_1_112' title="bbox 473 5523 2041 5627">
    <p class='ocr_par' dir='ltr' id='par_1_112' title="bbox 473 5554 2041 5627">
     <span class='ocr_line' id='line_1_112' title="bbox 473 5554 2041 5627; baseline -0.001 -14"><span class='ocrx_word' id='word_1_715' title='bbox 473 5554 608 5626; x_wconf 68' lang='lat' dir='ltr'><strong>fessi</strong></span> <span class='ocrx_word' id='word_1_716' title='bbox 637 5567 767 5612; x_wconf 91' lang='lat' dir='ltr'><strong>sunt</strong></span> <span class='ocrx_word' id='word_1_717' title='bbox 803 5556 942 5611; x_wconf 91' lang='lat' dir='ltr'><strong>inter</strong></span> <span class='ocrx_word' id='word_1_718' title='bbox 975 5570 1034 5611; x_wconf 90' lang='lat' dir='ltr'><strong>se</strong></span> <span class='ocrx_word' id='word_1_719' title='bbox 1062 5557 1564 5627; x_wconf 80' lang='lat' dir='ltr'><strong>concupiscentiam</strong></span> <span class='ocrx_word' id='word_1_720' title='bbox 1600 5575 1756 5615; x_wconf 86' lang='lat' dir='ltr'><strong>suam</strong></span> <span class='ocrx_word' id='word_1_721' title='bbox 1801 5576 1814 5612; x_wconf 92' lang='lat'>:</span> <span class='ocrx_word' id='word_1_722' title='bbox 1854 5569 1907 5615; x_wconf 90' lang='lat' dir='ltr'><strong>et</strong></span> <span class='ocrx_word' id='word_1_723' title='bbox 1930 5569 2041 5613; x_wconf 85' lang='lat' dir='ltr'><strong>tum</strong></span> 
     </span>
    </p>
   </div>
   <div class='ocr_carea' id='block_1_113' title="bbox 2147 5523 3751 5627">
    <p class='ocr_par' dir='ltr' id='par_1_113' title="bbox 2162 5523 3751 5627">
     <span class='ocr_line' id='line_1_113' title="bbox 2162 5523 3751 5627; baseline -0.009 -33"><span class='ocrx_word' id='word_1_724' title='bbox 2162 5540 2345 5611; x_wconf 82' lang='grc' dir='ltr'>λήλοις</span> <span class='ocrx_word' id='word_1_725' title='bbox 2379 5539 2477 5610; x_wconf 79' lang='grc' dir='ltr'>τὴν</span> <span class='ocrx_word' id='word_1_726' title='bbox 2502 5534 2797 5607; x_wconf 87' lang='grc' dir='ltr'>ἐπιθυμίαν</span> <span class='ocrx_word' id='word_1_727' title='bbox 2813 5533 3031 5621; x_wconf 43' lang='grc' dir='ltr'>ῐαύτῶν·</span> <span class='ocrx_word' id='word_1_728' title='bbox 3067 5531 3162 5588; x_wconf 72' lang='grc' dir='ltr'>καὶ</span> <span class='ocrx_word' id='word_1_729' title='bbox 3189 5531 3309 5585; x_wconf 85' lang='grc' dir='ltr'>τότε</span> <span class='ocrx_word' id='word_1_730' title='bbox 3333 5530 3487 5599; x_wconf 84' lang='grc' dir='ltr'>κοινῇ</span> <span class='ocrx_word' id='word_1_731' title='bbox 3526 5523 3751 5627; x_wconf 77' lang='grc' dir='ltr'>συνετά-</span> 
     </span>
    </p>
   </div>
   <div class='ocr_carea' id='block_1_114' title="bbox 478 5646 2058 5722">
    <p class='ocr_par' dir='ltr' id='par_1_114' title="bbox 478 5646 2058 5722">
     <span class='ocr_line' id='line_1_114' title="bbox 478 5646 2058 5722; baseline 0.003 -19"><span class='ocrx_word' id='word_1_732' title='bbox 478 5646 533 5703; x_wconf 91' lang='lat' dir='ltr'><strong>in</strong></span> <span class='ocrx_word' id='word_1_733' title='bbox 556 5664 851 5705; x_wconf 90' lang='lat' dir='ltr'><strong>commune</strong></span> <span class='ocrx_word' id='word_1_734' title='bbox 886 5657 1199 5706; x_wconf 86' lang='lat' dir='ltr'><strong>statuerunt</strong></span> <span class='ocrx_word' id='word_1_735' title='bbox 1228 5659 1463 5721; x_wconf 87' lang='lat' dir='ltr'><strong>tempus,</strong></span> <span class='ocrx_word' id='word_1_736' title='bbox 1501 5652 1723 5722; x_wconf 85' lang='lat' dir='ltr'><strong>quando</strong></span> <span class='ocrx_word' id='word_1_737' title='bbox 1781 5669 1900 5707; x_wconf 83' lang='lat' dir='ltr'><strong>eam</strong></span> <span class='ocrx_word' id='word_1_738' title='bbox 1939 5667 2058 5721; x_wconf 89' lang='lat' dir='ltr'><strong>pos-</strong></span> 
     </span>
    </p>
   </div>
   <div class='ocr_carea' id='block_1_115' title="bbox 482 5742 1102 5799">
    <p class='ocr_par' dir='ltr' id='par_1_115' title="bbox 482 5742 1102 5799">
     <span class='ocr_line' id='line_1_115' title="bbox 482 5742 1102 5799; baseline -0.002 -3"><span class='ocrx_word' id='word_1_739' title='bbox 482 5750 605 5797; x_wconf 86' lang='lat' dir='ltr'><strong>sent</strong></span> <span class='ocrx_word' id='word_1_740' title='bbox 628 5742 875 5798; x_wconf 83' lang='lat' dir='ltr'><strong>invenire</strong></span> <span class='ocrx_word' id='word_1_741' title='bbox 906 5744 1102 5799; x_wconf 85' lang='lat' dir='ltr'><strong>solam.</strong></span> 
     </span>
    </p>
   </div>
   <div class='ocr_carea' id='block_1_116' title="bbox 558 5832 2050 5905">
    <p class='ocr_par' dir='ltr' id='par_1_116' title="bbox 558 5832 2050 5905">
     <span class='ocr_line' id='line_1_116' title="bbox 558 5832 2050 5905; baseline 0 -16"><span class='ocrx_word' id='word_1_742' title='bbox 558 5833 646 5889; x_wconf 80' lang='lat'><strong>15.</strong></span> <span class='ocrx_word' id='word_1_743' title='bbox 689 5832 753 5887; x_wconf 87' lang='lat' dir='ltr'><strong>Et</strong></span> <span class='ocrx_word' id='word_1_744' title='bbox 787 5832 990 5889; x_wconf 83' lang='lat' dir='ltr'><strong>factum</strong></span> <span class='ocrx_word' id='word_1_745' title='bbox 1026 5844 1107 5892; x_wconf 89' lang='lat' dir='ltr'><strong>est</strong></span> <span class='ocrx_word' id='word_1_746' title='bbox 1158 5849 1282 5889; x_wconf 88' lang='lat' dir='ltr'><strong>cum</strong></span> <span class='ocrx_word' id='word_1_747' title='bbox 1330 5834 1685 5892; x_wconf 76' lang='lat' dir='ltr'><strong>observarent</strong></span> <span class='ocrx_word' id='word_1_748' title='bbox 1750 5834 1852 5905; x_wconf 86' lang='lat' dir='ltr'><strong>ipsi</strong></span> <span class='ocrx_word' id='word_1_749' title='bbox 1907 5834 2050 5891; x_wconf 90' lang='lat' dir='ltr'><strong>diem</strong></span> 
     </span>
    </p>
   </div>
   <div class='ocr_carea' id='block_1_117' title="bbox 2165 5618 3674 5703">
    <p class='ocr_par' dir='ltr' id='par_1_117' title="bbox 2165 5618 3674 5703">
     <span class='ocr_line' id='line_1_117' title="bbox 2165 5618 3674 5703; baseline -0.014 -15"><span class='ocrx_word' id='word_1_750' title='bbox 2165 5632 2325 5700; x_wconf 85' lang='grc' dir='ltr'>ξαντο</span> <span class='ocrx_word' id='word_1_751' title='bbox 2359 5632 2571 5703; x_wconf 78' lang='grc' dir='ltr'>καιρὸν,</span> <span class='ocrx_word' id='word_1_752' title='bbox 2602 5631 2690 5684; x_wconf 81' lang='grc' dir='ltr'>ὅτε</span> <span class='ocrx_word' id='word_1_753' title='bbox 2719 5618 2885 5698; x_wconf 77' lang='grc' dir='ltr'>αὐτὴν</span> <span class='ocrx_word' id='word_1_754' title='bbox 2918 5626 3237 5697; x_wconf 85' lang='grc' dir='ltr'>δυνήσονται</span> <span class='ocrx_word' id='word_1_755' title='bbox 3266 5622 3445 5692; x_wconf 81' lang='grc' dir='ltr'>εὑρεῖν</span> <span class='ocrx_word' id='word_1_756' title='bbox 3484 5618 3674 5690; x_wconf 76' lang='grc' dir='ltr'>μόνην.</span> 
     </span>
    </p>
   </div>
   <div class='ocr_carea' id='block_1_118' title="bbox 2238 5816 3753 5899">
    <p class='ocr_par' dir='ltr' id='par_1_118' title="bbox 2238 5816 3753 5899">
     <span class='ocr_line' id='line_1_118' title="bbox 2238 5816 3753 5899; baseline -0.01 -11"><span class='ocrx_word' id='word_1_757' title='bbox 2238 5834 2323 5889; x_wconf 74' lang='grc'>13.</span> <span class='ocrx_word' id='word_1_758' title='bbox 2362 5831 2471 5888; x_wconf 78' lang='lat' dir='ltr'><strong>Kal</strong></span> <span class='ocrx_word' id='word_1_759' title='bbox 2497 5829 2714 5899; x_wconf 80' lang='grc' dir='ltr'>ἐγένετο</span> <span class='ocrx_word' id='word_1_760' title='bbox 2748 5829 2802 5884; x_wconf 78' lang='grc' dir='ltr'><strong>ἐν</strong></span> <span class='ocrx_word' id='word_1_761' title='bbox 2830 5825 2907 5898; x_wconf 81' lang='grc' dir='ltr'>τῷ</span> <span class='ocrx_word' id='word_1_762' title='bbox 2941 5824 3279 5896; x_wconf 78' lang='grc' dir='ltr'>παρατηρεῖν</span> <span class='ocrx_word' id='word_1_763' title='bbox 3310 5821 3509 5883; x_wconf 66' lang='grc' dir='ltr'>αὐτοὺς</span> <span class='ocrx_word' id='word_1_764' title='bbox 3535 5816 3753 5889; x_wconf 74' lang='grc' dir='ltr'>ἡμέραν</span> 
     </span>
    </p>
   </div>
  </div>
