4064 6430
269 313 414 369 2897

1704 316 1937 375 CAPUT
1976 321 2109 379 Xlll.

3403 335 3547 392 2898

270 426 514 494 εὔθετον,
572 428 758 494 καθὼς
794 432 941 503 χθὲς,
982 432 1075 485 καὶ
1113 434 1307 507 τρίτην
1355 435 1593 511 ἡμέραν,
1645 437 1858 508 εἰσῆλθέ

1969 456 2180 517 aptum,
2210 449 2355 503 sicut
2381 450 2517 515 lteri,
2548 461 2602 505 et
2655 451 2856 508 nudius
2907 453 3121 518 tertius,
3180 453 3424 525 ingressa
3465 465 3551 510 est

273 520 473 591 ποτεὴ
521 519 800 575 Σουσάννα
856 523 993 593 μετὰ
1041 523 1135 577 δύο
1199 526 1379 596 μόνων
1418 527 1711 600 κορασίων,
1766 528 1863 582 καὶ

270 611 589 683 ἐπεθύμησε
619 612 915 667 λούσασθαι
956 617 1013 668 ἐν
1042 615 1119 687 τῷ
1167 618 1505 689 παραδείσῳ,
1547 620 1630 672 ὃτι
1670 617 1859 690 καῦμα

268 699 359 775 ἦν.

350 799 439 852 16.
464 797 575 852 Kal
599 798 700 852 οὐκ
728 795 794 870 ἦν
832 801 1007 865 οὐδεὶς
1033 803 1168 862 ἐκεῖ.
1202 798 1342 875 πλὴν
1368 805 1416 858 οἱ
1437 804 1531 857 δύο
1561 804 1862 875 πρεσϐύτε-

275 905 361 956 ροι
392 887 793 959 κεκρυμμένοι,
826 891 920 943 καὶ
954 892 1405 963 παρατηροῦντες
1435 894 1626 962 αὐτήν.

347 980 433 1034 17.
472 981 583 1033 Kal
626 978 779 1035 εἶπεν
827 986 941 1048 τοῖς
979 985 1284 1056 κορασίοις·
1320 986 1612 1054 Ἐνέγκατε
1664 986 1726 1056 δή
1772 1004 1863 1055 μοι

272 1071 475 1137 ἔλαιον,
508 1074 601 1126 καὶ
626 1073 880 1145 σμῆγμα,
920 1077 1013 1130 καὶ
1044 1077 1144 1142 τὰς
1180 1078 1351 1150 θύρας
1388 1078 1482 1132 τοῦ
1530 1077 1861 1149 παραδείσου

272 1163 550 1230 κλεῖσατε,
581 1166 732 1231 ὅπως
763 1166 1070 1239 λούσωμαι.

343 1256 431 1312 18.
469 1257 579 1310 Kal
609 1258 874 1330 ἐποίησαν
902 1261 1086 1326 καθὼς
1117 1263 1213 1318 καὶ
1240 1260 1414 1330 εἶπεν,
1464 1267 1558 1319 καὶ
1603 1267 1863 1323 ἀπέκλει-

275 1368 374 1405 σαν
402 1351 501 1416 τὰς
528 1350 698 1424 θύρας
723 1353 817 1406 τοῦ
841 1355 1191 1425 παραδείσου,
1228 1357 1322 1411 καὶ
1343 1356 1566 1429 ἐξῆλθον
1590 1360 1733 1414 κατὰ
1762 1361 1864 1425 τὰς

280 1442 539 1512 πλαγίους
570 1441 761 1513 θύρας,
782 1444 1029 1512 ἐνεγκεῖν
1062 1444 1130 1499 τὰ
1154 1448 1610 1518 προστεταγμένα
1643 1450 1857 1515 αὑταῖς,

279 1534 365 1585 καὶ
414 1533 517 1587 ούκ
565 1528 704 1587 εἶδον
748 1535 873 1599 τοὺς
911 1536 1340 1609 πρεσϐυτέρους,
1400 1538 1482 1591 ὅτι
1524 1534 1666 1611 ἦσαν
1700 1542 1862 1608 ἐγκε-

272 1641 373 1695 κρυ
382 1625 598 1695 μμένοι.

343 1716 430 1770 19.
466 1717 575 1770 Kal
608 1716 825 1785 ἐγένετο
877 1717 954 1782 ὡς
1011 1717 1239 1790 ἐξῆλθον
1267 1719 1335 1774 τὰ
1358 1720 1611 1789 κοράσια,
1645 1723 1740 1777 καὶ
1769 1724 1862 1777 ἀνα

1975 539 2273 609 aliquando
2306 539 2560 596 Susanna
2610 559 2733 598 cum
2762 544 2978 599 duabus
3032 545 3163 600 solis
3214 545 3430 615 puellis,
3464 561 3552 600 vo-

1972 634 2184 704 luitque
2211 634 2380 689 lavari
2416 635 2470 689 in
2508 636 2753 705 pomario
2784 646 2986 692 :aastus
3006 640 3206 708 quippe
3232 647 3371 692 erat.

2047 810 2132 864 16.
2174 810 2240 866 Et
2274 827 2381 865 non
2416 821 2534 866 erat
2566 810 2638 865 ibi
2668 812 2959 883 quisquam
3000 822 3195 882 prater
3222 815 3359 868 duos
3389 828 3547 869 senes

1970 902 2346 969 absconditos,
2373 912 2427 957 et
2453 905 2885 974 contemplantes
2908 920 3053 960 eam.

2043 994 2131 1048 17.
2171 996 2239 1049 Et
2270 995 2408 1051 dixit
2435 996 2632 1065 puellis
2659 1012 2673 1049 :
2707 995 2909 1063 Alferte
2938 996 3053 1066 jam
3086 996 3222 1050 mihi
3260 995 3463 1061 oleum,
3491 1003 3549 1049 ct

1975 1099 2242 1155 smcgma,
2278 1095 2333 1141 et
2362 1087 2505 1142 ostia
2534 1088 2766 1158 pomarii
2790 1088 3059 1153 claudite,
3092 1098 3153 1143 ut
3191 1086 3362 1144 laver.

2040 1265 2128 1321 18.
2171 1265 2239 1320 Et
2272 1264 2521 1322 fecerunt
2544 1266 2703 1323 sicuti
2736 1268 2901 1327 etiam
2933 1267 3147 1323 dixerat
3177 1281 3194 1323 :
3228 1273 3284 1322 et
3331 1266 3546 1323 claustra

1966 1366 2096 1411 runt
2113 1358 2252 1411 ostia
2275 1358 2528 1426 pomarii,
2555 1367 2609 1414 et
2644 1374 2879 1429 egressa:
2907 1370 3037 1417 sunt
3066 1376 3163 1430 per
3187 1360 3430 1429 posticas
3460 1359 3544 1415 fo—

1965 1467 2075 1516 res,
2103 1460 2165 1505 ut
2203 1449 2460 1506 aﬂ‘errent
2491 1466 2614 1521 quze
2644 1452 2900 1507 mandata
2929 1451 3268 1507 fuerantsibi
3306 1466 3321 1504 :
3353 1460 3407 1507 et
3432 1466 3542 1509 non

1963 1541 2217 1598 viderunt
2243 1557 2426 1609 senes,
2458 1545 2590 1614 quia
2617 1552 2773 1600 erant
2792 1542 3118 1600 absconditi.

2040 1723 2126 1779 ιο.
2164 1722 2233 1777 Ει
2263 1721 2462 1779 factum
2486 1730 2592 1786 est,
2616 1737 2882 1795 posquam
2904 1738 3141 1793 egressae
3178 1731 3306 1778 sunt
3329 1721 3540 1792 puellae,

270 1808 510 1879 ἔστησαν
561 1810 609 1862 οἱ
640 1808 734 1862 δύο
771 1808 1155 1882 πρεσῦύτεροι,
1202 1814 1296 1866 καὶ
1336 1813 1647 1885 ἐπέδραμον
1696 1815 1858 1887 αὐτῇ,

1963 1819 2018 1867 et
2048 1819 2413 1869 surrexerunt
2438 1811 2550 1867 duo
2577 1826 2760 1876 senes.
2782 1821 2839 1868 et
2860 1819 3218 1868 accurrerunt
3240 1811 3308 1866 ad
3332 1826 3474 1871 eam,
3489 1818 3545 1865 et

270 1901 364 1953 καὶ
391 1897 566 1953 εἷπον

340 1992 432 2045 20.
478 1992 610 2046 ’ἰδοὺ
640 1993 695 2045 al
722 1990 884 2063 θύραι
918 1993 1013 2047 τοῦ
1042 1996 1372 2067 παραδείσου
1413 1998 1739 2064 κέκλεινται,
1766 2001 1860 2054 ml

270 2084 446 2148 οὐδεὶς
479 2083 674 2155 θεωρεῖ
703 2086 871 2154 ἡμᾶς.
903 2085 996 2140 καὶ
1021 2087 1078 2139 ἐν
1112 2089 1381 2161 ἐπιθυμία
1411 2090 1506 2144 σού
1540 2093 1712 2163 ἐσμεν
1733 2107 1747 2123 ·
1777 2093 1860 2148 διὸ

276 2175 620 2243 συγκατάθου
660 2178 813 2246 ἡμῖν,
855 2177 950 2229 καὶ
977 2177 1135 2245 γενοῦ
1168 2178 1289 2248 μεθ’
1320 2180 1497 2251 ἡμῶν.

341 2267 434 2322 2|.
466 2269 527 2321 Εἰ
554 2268 610 2321 δὲ
633 2269 728 2340 μὴ,
752 2273 1332 2343 καταμαρτυρήσομέν
1370 2292 1485 2339 σου,
1514 2276 1595 2330 ὅτι
1615 2271 1684 2348 ἦν
1718 2278 1859 2348 μετὰ

283 2356 378 2409 σοῦ
405 2357 703 2420 νεανίσκος,
735 2360 828 2413 καὶ
854 2359 942 2412 διὰ
967 2360 1128 2413 τοῦτο
1174 2360 1565 2428 ἐξαπέστειλας
1592 2365 1661 2420 τὰ
1691 2367 1857 2437 κορά-

286 2462 376 2498 σια
411 2444 514 2498 ἀπὸ
545 2445 659 2501 σοῦ.

350 2535 434 2590 22.
464 2536 578 2594 Kal
603 2537 961 2603 ἀνεστέναξεν
990 2540 1287 2605 Σουσάννα,
1333 2544 1428 2596 καὶ
1454 2538 1609 2598 εἶπεν
1630 2562 1643 2576 ’
1683 2547 1856 2601 Στενά

279 2646 367 2700 μοι
397 2629 687 2684 πάντοθεν·
723 2631 819 2685 ἐάν
852 2648 911 2684 τε
931 2632 1038 2705 γὰρ
1064 2633 1222 2688 τοῦτο
1258 2634 1469 2706 πράξω,
1501 2635 1733 2701 θάνατός
1763 2640 1853 2711 μοί

276 2724 422 2775 ἐστιν
441 2737 454 2749 ·
482 2721 578 2775 ἐάν
599 2738 656 2774 τε
695 2721 769 2793 μὴ
798 2722 1012 2792 πράξω,
1044 2723 1145 2776 οὐκ
1175 2723 1514 2795 ἐκφεύξομαι
1536 2726 1636 2790 τὰς
1664 2729 1854 2803 χεῖρας

276 2831 448 2883 υμιυν.

339 2904 430 2959 25.
465 2905 834 2978 Αἱρετώτερὸν
870 2907 961 2976 μοι
999 2908 1117 2963 ἐστι
1161 2907 1549 2979 μὴπράξασαν
1590 2912 1854 2982 ἐμπεσεῖν

271 2997 350 3060 εἰς
379 2997 479 3060 τὰς
499 2999 689 3067 χεῖρας
717 2996 889 3066 ὑμῶν,
922 2997 954 3069 ἢ
992 2998 1262 3068 ἁμαρτεῖν
1291 2998 1524 3054 ἐνώπιον
1561 3003 1791 3073 Κυρίου.

339 3088 430 3142 24.
469 3090 580 3143 Kal
605 3090 872 3161 ἀνεϐόησε
930 3092 1208 3145 Σουσάννα
1259 3095 1411 3164 φωνῇ
1460 3095 1672 3168 μεγάλῃ
1699 3112 1713 3126 ·
1759 3097 1854 3149 ἀν-
1882 3139 1923 3197 c

270 3183 503 3255 εϐόησαν
531 3185 587 3238 δὲ
610 3186 706 3239 καὶ
733 3186 783 3239 οἱ
815 3185 909 3238 δύο
927 3186 1232 3256 πρεσϐύται
1271 3188 1560 3241 κατέναντι
1587 3188 1783 3260 αὐτῆς.

337 3276 429 3329 25.
466 3276 574 3329 Kal
592 3275 816 3348 δραμὼν
843 3277 870 3330 ὁ
892 3272 996 3343 εἷς,
1024 3278 1206 3351 ἤνοιξε
1225 3279 1323 3343 τὰς
1358 3278 1529 3351 θύρας
1554 3280 1648 3333 τοῦ
1672 3297 1853 3353 παραι-

270 3367 468 3423 δείσου.

338 3457 428 3512 26.
478 3458 566 3522 Ὠς
594 3457 650 3511 δὲ
680 3458 921 3530 ἥκουσαν
949 3460 1049 3532 τὴν
1076 3460 1329 3531 κραυγὴν
1372 3461 1471 3531 τὴν
1496 3461 1553 3514 ὲν
1573 3460 1652 3533 τῷ
1675 3479 1855 3536 παρα-

269 3548 432 3619 δείσῳ
472 3549 522 3602 οἱ
561 3549 770 3602 οἰκέται
800 3548 899 3619 τῆς
943 3550 1163 3620 κυρίας,
1205 3551 1573 3624 εἰσεπήδησαν
1616 3552 1706 3607 διὰ
1756 3554 1854 3627 τῆς

273 3639 506 3708 πλαγίας
544 3639 715 3713 θύρας
746 3642 875 3695 ἰδεῖν
912 3641 974 3694 τὸ
1014 3642 1360 3714 συμϐεϐηκὸς
1385 3643 1545 3714 αὐτῇ.
1649 3631 1657 3641 ’

338 3729 431 3784 27.
480 3730 676 3785 Ἦνίκα
725 3731 781 3784 δὲ
815 3727 975 3784 εἶπαν
1008 3732 1057 3785 οξ
1090 3731 1454 3803 πρεσϐύτεροι
1492 3735 1619 3799 τοὺς
1661 3733 1855 3805 λόγους

272 3821 471 3888 αὐτῶν,
518 3824 971 3897 κατῃσχύνθησαν
1000 3825 1048 3878 οἱ
1097 3824 1274 3879 δοῦλοι
1334 3825 1561 3896 σφόδρα,
1601 3827 1685 3881 ὅτι
1732 3828 1853 3882 οὐδὲ

272 3919 492 3974 πώποτε
523 3922 722 3994 ἐῤῥέθη
751 3922 908 3991 λόγος
942 3922 1181 3987 τοιοῦτος
1218 3922 1348 3993 περὶ
1376 3920 1708 3987 Σουσάννας.

341 4102 432 4156 28.
464 4103 575 4156 Kal
602 4102 817 4172 ἐγένετο
831 4106 897 4174 τῇ
933 4102 1195 4174 ἐπαύριον
1225 4098 1486 4172 συνῆλθον
1507 4100 1536 4153 ὁ
1565 4099 1693 4165 λαὸς
1714 4100 1853 4169 πρὸς

268 4195 362 4249 τὸν
392 4196 561 4267 ἄνδρα
585 4197 685 4267 τῆς
712 4197 1020 4260 Σουσάννας
1044 4196 1136 4250 τὸν
1176 4196 1455 4267 Ὶευακεὶμ,
1486 4195 1583 4247 καὶ
1609 4189 1774 4265 ἦλθον
1800 4197 1850 4248 οἱ

268 4286 362 4340 δύο
386 4286 746 4367 πρεσϐύτεροι
789 4286 1015 4359 πλήρεις
1062 4286 1164 4356 τῆς
1196 4287 1397 4357 ἀνόμου
1428 4285 1609 4340 αὐτῶν
1639 4286 1851 4350 ἐννοίας

269 4379 410 4433 κατὰ
447 4378 774 4445 Σουσάννας,
815 4378 909 4431 τοῦ
940 4378 1252 4432 θανατῶσαι
1285 4379 1476 4450 αὐτήν.

1964 1902 2256 1959 dixerunt:

2035 1993 2124 2047 20.
2164 1992 2303 2047 Ecce
2329 1992 2469 2047 ostia
2502 1993 2732 2062 pomarii
2756 1993 2947 2049 clausa
3000 2000 3152 2060 sunt,
3175 2001 3232 2047 et
3267 2005 3430 2047 nemo
3459 1990 3546 2046 vi-

1963 2085 2056 2140 det
2083 2100 2204 2148 nos,
2232 2094 2287 2140 et
2348 2085 2405 2140 in
2462 2087 2906 2156 concupiscentia
2951 2096 3046 2141 tua
3071 2100 3309 2142 sumus:
3351 2098 3548 2154 quam-

1962 2177 2151 2230 obrem
2183 2176 2455 2231 assentire
2478 2176 2656 2242 nobis,
2686 2186 2741 2231 et
2768 2176 3126 2233 commiscere
3157 2175 3465 2230 nobiscum.

2032 2264 2122 2320 2|.
2166 2264 2324 2332 Quod
2357 2265 2406 2320 si
2464 2266 2741 2336 nolueris,
2799 2266 3046 2322 dicemus
3088 2273 3277 2321 contra
3311 2274 3362 2319 te
3391 2266 3545 2319 test?-

1961 2357 2231 2424 monium,
2262 2359 2409 2428 quod
2444 2358 2608 2413 fuerit
2655 2367 2835 2413 tecum
2881 2358 3126 2429 juvenis,
3180 2364 3237 2413 et
3296 2355 3368 2412 ob
3399 2355 3543 2411 hanc

1960 2465 2183 2506 causam
2220 2451 2471 2507 emiseris
2504 2451 2712 2522 puellas
2734 2467 2764 2505 ιι
2796 2459 2867 2505 te.

2029 2543 2122 2599 22.
2166 2544 2235 2599 Ει
2265 2545 2533 2616 ingemuit
2572 2543 2848 2609 Susanna,
2878 2552 2932 2598 et
2960 2542 3038 2598 ait
3068 2541 3382 2613 :Angustiaa
3411 2546 3544 2594 sunt

1960 2636 2095 2691 milii
2124 2635 2401 2706 undique:
2427 2634 2474 2691 si
2499 2635 2774 2690 cnimlioc
2806 2649 2990 2705 egero,
3042 2648 3194 2689 mors
3236 2631 3372 2687 mihi
3421 2636 3539 2696 est;

1957 2730 2066 2786 nisi
2099 2738 2281 2785 autem
2318 2742 2504 2797 egero,
2540 2743 2647 2783 non
2674 2726 2928 2799 eliugiam
2952 2741 3148 2781 manus
3176 2732 3406 2780 vestras.

2025 2905 2118 2961 23.
2162 2905 2357 2961 Melius
2385 2912 2469 2961 est
2494 2903 2627 2958 mihi
2660 2903 2866 2969 absque
2888 2914 3054 2970 opere
3083 2896 3326 2954 incidere
3347 2894 3401 2948 in
3422 2907 3542 2948 ma-

1956 3012 2062 3053 nus
2096 3005 2331 3064 vestras,
2356 3011 2521 3066 quam
2553 3009 2784 3065 peccare
2821 2995 2873 3047 in
2905 2999 3196 3061 conspectu
3230 2985 3466 3043 Domini.

2025 3091 2115 3145 24.
2160 3089 2226 3143 Et
2256 3090 2587 3144 exclamavit
2619 3085 2875 3142 Susanna
2903 3100 3036 3139 voce
3064 3097 3261 3153 magna
3295 3098 3311 3136 :
3357 3077 3541 3135 excla-

1957 3192 2247 3238 maverunt
2269 3190 2450 3237 autem
2475 3190 2529 3236 et
2556 3180 2666 3235 duo
2692 3192 2854 3233 senes
2887 3176 3152 3231 adversus
3181 3188 3327 3229 eam.

2025 3271 2118 3328 25.
2171 3270 2237 3328 Et
2267 3285 2497 3328 currens
2529 3284 2671 3325 unus
2698 3265 3071 3339 aperuitostia
3113 3260 3369 3336 pomarii.

2025 3451 2117 3513 26.
2162 3452 2233 3511 Ut
2261 3460 2441 3508 autem
2497 3449 2792 3505 audierunt
2849 3446 3144 3503 clamorem
3179 3442 3232 3497 in
3285 3439 3540 3512 pomario

1957 3547 2145 3605 famuli
2178 3547 2437 3612 dominre,
2466 3545 2746 3600 irruerunt
2772 3557 2868 3612 per
2889 3541 3128 3611 posticas
3160 3536 3336 3600 fores,
3377 3540 3436 3588 ut
3460 3530 3540 3588 νία-

1954 3640 2423 3710 derentquidnam
2455 3637 2743 3697 accidisset
2772 3635 2842 3690 ei.

2021 3732 2115 3789 27.
2156 3731 2455 3801 Postquam
2505 3737 2686 3785 autem
2745 3741 2904 3783 senes
2946 3724 3205 3780 dixerunt
3257 3734 3538 3777 sermones

1954 3838 2110 3888 suos,
2137 3823 2480 3881 erubuerunt
2511 3820 2655 3877 servi
2703 3819 3055 3875 vehementer
3088 3835 3102 3872 :
3139 3814 3270 3888 quia
3330 3828 3537 3883 nequa-

1954 3931 2117 3984 quam
2151 3930 2394 3985 unquam
2419 3915 2601 3969 dictus
2623 3912 2803 3966 fuerat
2833 3925 3016 3966 sermo
3053 3905 3437 3979 hujuscemodi
3464 3903 3537 3961 de

1953 4002 2228 4058 Susanna.

2021 4095 2115 4151 28.
2144 4096 2211 4151 Et
2238 4094 2443 4154 factum
2478 4102 2562 4149 est
2596 4092 2685 4147 die
2719 4090 2981 4157 crastina,
3037 4105 3162 4146 cum
3193 4088 3537 4145 convenisset

1953 4190 2190 4259 populus
2220 4189 2286 4243 ad
2316 4189 2492 4242 virum
2533 4186 2801 4242 Susanna:
2823 4183 3060 4245 Joakim,
3087 4181 3537 4238 veneruntetiam

1950 4283 2060 4335 duo
2086 4297 2245 4337 senes
2267 4279 2407 4350 pleni
2434 4280 2621 4350 iniqua
2655 4293 2753 4337 sua
2790 4277 3122 4349 cogitatione
3143 4276 3405 4330 adversus
3426 4272 3534 4328 Su-

1952 4390 2203 4437 sannam,
2237 4383 2297 4427 ut
2327 4383 2502 4427 morte
2534 4370 2810 4427 aiiieerent
2834 4385 2979 4425 eam.

337 4469 406 4524 29
449 4471 558 4523 Kal
588 4466 749 4525 εἶπαν
780 4469 1089 4541 ἔμπροσθεν
1134 4470 1228 4524 τοῦ
1282 4469 1414 4523 λαοῦ
1440 4508 1454 4532 ,
1488 4469 1849 4524 ἀποστείλατε

2026 4468 2119 4524 29.
2159 4466 2226 4522 Et
2255 4468 2513 4523 dixerunt
2574 4480 2761 4523 coram
2806 4463 3050 4535 populo:
3105 4459 3301 4516 Mittite
3329 4459 3396 4514 ad
3423 4455 3532 4514 Su-

266 4560 363 4614 ἐπὶ
389 4561 692 4615 Σουσάνναν
716 4561 813 4632 τὴν
841 4561 1119 4634 θυγατέρα
1142 4561 1397 4629 Χελκίου,
1424 4563 1547 4634 ἥτις
1568 4561 1687 4615 ἐστὶ
1711 4563 1850 4635 γυνὴ

279 4653 556 4724 Ἰωακείμ.
595 4655 658 4707 Ol
686 4652 743 4706 δὲ
773 4654 1127 4708 ἀπέστειλαν.

336 4746 426 4800 30.
460 4747 569 4799 Kal
594 4742 760 4818 ἦλθον
788 4746 949 4817 αὑτὴ,
984 4745 1081 4800 καὶ
1119 4746 1169 4798 οἱ
1192 4747 1369 4813 γονεῖς
1399 4743 1598 4815 αὐτῆς,
1639 4745 1735 4799 καὶ
1779 4744 1851 4799 τὰ

267 4836 431 4889 τέκνα
452 4837 644 4906 αὐτῆς,
676 4838 771 4891 καὶ
808 4837 1011 4900 πάντες
1038 4839 1088 4891 οὶ
1125 4839 1408 4906 συγγενεῖς
1443 4838 1630 4908 αὐτῆς.

336 4930 427 4984 51.
469 4931 532 4984 Ἡ
563 4930 621 4984 δέ
649 4931 926 5009 Σουσάννα
955 4925 1023 5002 ἦν
1046 4928 1295 5003 τρυφερά
1324 4927 1551 5000 σφόδρα,
1587 4928 1684 4982 καὶ
1707 4926 1849 5000 καλὴ

264 5018 344 5091 τῷ
376 5020 523 5075 εῖδει.
1690 5070 1701 5079 .

336 5111 424 5166 ⁵52.
454 5113 516 5165 υἱ
546 5112 604 5166 δὲ
627 5112 937 5184 παράνομοι
962 5111 1257 5166 ἐκέλευσαν
1273 5109 1620 5181 ἀποκαλύψαι
1650 5111 1845 5186 αὐτὴν,

266 5199 332 5275 ἦν
380 5205 488 5277 γάρ
532 5203 1092 5275 κατακεκαλυμμένη,
1142 5204 1293 5268 ὅπως
1342 5202 1703 5275 ἐμπλησθῶσι
1750 5202 1846 5256 τοῦ

265 5296 493 5359 κάλλους
515 5296 708 5367 αὐτῆς.

336 5388 423 5443 55.
460 5388 716 5443 Ἔκλαιον
743 5387 799 5443 δέ
829 5389 878 5442 οἱ
919 5390 1049 5458 παρ’
1081 5389 1273 5460 αὐτῆς,
1315 5388 1408 5442 καὶ
1459 5388 1662 5452 πάντες
1689 5390 1738 5441 οἱ
1767 5390 1845 5443 εἰ-

264 5479 414 5545 δότες
440 5481 629 5552 αὐτην.

336 5573 425 5628 51.
450 5574 560 5629 Kal
587 5575 920 5637 ἀναστάντες
963 5573 1013 5626 οἱ
1064 5571 1158 5626 δύο
1188 5571 1551 5645 πρεσϐύτεροι
1600 5574 1658 5627 ἐν
1691 5572 1843 5643 μέσῳ

268 5665 363 5719 τοῦ
384 5665 534 5731 λαοῦ,
569 5666 773 5734 ἔθηκαν
801 5667 898 5728 τὰς
926 5667 1113 5736 χεῖρας
1137 5664 1316 5718 αὐτῶν
1346 5667 1438 5718 ἐπὶ
1475 5664 1575 5735 τὴν
1600 5665 1842 5735 κεφαλὴν

267 5758 454 5827 αὐτῆς.

1955 4576 2183 4616 sannam
2215 4560 2379 4614 tiliam
2408 4557 2661 4625 Chelciae,
2698 4573 2820 4628 quae
2863 4565 2948 4613 est
2988 4570 3128 4610 uxor
3179 4551 3415 4609 Joakim.
3450 4549 3534 4608 illi

1953 4671 2082 4709 vero
2108 4656 2397 4710 miserunt.

2021 4746 2111 4802 50.
2154 4745 2218 4801 Et
2241 4754 2510 4802 venerunt
2558 4745 2698 4815 ipsa,
2755 4751 2812 4800 et
2864 4751 3117 4814 parentes
3165 4739 3325 4812 ejus,
3360 4746 3415 4794 et
3435 4735 3532 4792 lilii

1944 4837 1995 4910 ej
2009 4853 2092 4903 us,
2118 4845 2175 4893 et
2200 4853 2393 4894 omnes
2431 4838 2645 4909 cognati
2683 4836 2825 4906 ejus.

2022 4932 2113 4989 51.
2155 4931 2327 4987 Porro
2347 4930 2602 4987 Susanna
2619 4942 2737 4987 erat
2757 4926 2986 4985 delicata
3017 4923 3200 4986 nimis,
3226 4932 3281 4978 et
3300 4921 3530 4993 pulchra

1949 5039 2150 5082 εοεοιο.

2046 5040 2150 5080 cie.

1979 5040 2112 5174 p22.
2153 5117 2223 5171 At
2274 5115 2450 5187 iniqui
2492 5113 2800 5186 jusserunt,
2836 5120 2899 5167 ut
2943 5105 3376 5177 discooperirent
3405 5118 3528 5157 eam

1948 5212 2091 5282 (erat.
2124 5209 2269 5265 enim
2300 5207 2607 5280 cooperta),
2640 5205 3056 5261 utsatiarentur
3088 5201 3284 5256 decore
3315 5196 3453 5266 ejus.

2016 5391 2108 5445 '55.
2149 5389 2379 5445 Flebant
2426 5387 2592 5459 igitur
2620 5385 2729 5451 sui,
2789 5394 2844 5440 et
2868 5399 3084 5449 omnes,
3137 5381 3226 5452 qui
3266 5387 3530 5435 noverant

1945 5497 2090 5538 eam.

2016 5577 2106 5632 Si.
2148 5576 2550 5644 Consurgentcs
2576 5580 2756 5627 autem
2788 5569 2899 5624 duo
2940 5567 3240 5639 presbyteri
3264 5566 3318 5619 in
3348 5559 3531 5619 medio

1945 5669 2154 5740 populi,
2184 5674 2485 5737 posuerunt
2525 5678 2721 5719 manus
2744 5676 2873 5717 suas
2903 5676 3065 5729 super
3099 5665 3258 5729 caput
3278 5657 3425 5728 ejus.
