4064 6460
505 321 645 375 2889

1548 300 1802 369 DANIEL
1833 312 2061 369 wxn
2102 314 2649 376 THEODOTIONEM

2224 215 2275 223 --υ

3596 318 3743 374 290"

467 468 477 487 .
558 427 646 479 35.
687 426 817 491 Qum
841 442 969 480 vero
992 427 1123 482 l'lcns
1146 432 1389 500 suspexit
1422 433 1474 486 in
1507 433 1706 487 emittm
1742 449 1754 482 :
1789 432 2063 487 eratenitn

2240 434 2329 488 55.
2375 437 2438 489 Ἠ
2470 438 2525 491 δὲ
2558 440 2816 493 κλαίουσα
2842 442 3135 510 ἀνέϐλεψεν
3158 444 3235 507 εἰς
3269 442 3359 496 τὸν
3391 442 3639 514 οὐρανὸν,
3660 444 3746 496 ὅτι

491 531 585 571 cur
612 516 731 585 ejus
771 518 1023 571 ﬁduciam
1066 521 1271 575 habens
1296 523 1348 575 in
1389 523 1638 578 Domino.

559 607 648 659 56.
693 608 755 660 Et
786 609 1041 662 dixerunt
1061 613 1389 682 presbyteri:
1417 613 2068 668 Deambulantibusnobis

496 698 544 751 in
572 701 813 765 pomario
843 702 994 764 solis,
1022 704 1263 772 inut-esea
1288 716 1370 759 est
1399 706 1501 760 ista
1531 722 1654 761 cum
1676 708 1889 761 duabus
1915 706 2068 776 puel-

495 791 578 853 lis,
606 804 655 846 et
683 794 877 847 clausit
917 795 1053 848 ostia
1086 797 1339 864 pomarii,
1371 806 1425 851 et
1468 798 1675 852 dimisit
1710 798 1941 868 puellas.

566 968 657 1022 57.
696 966 966 1038 Venitque
998 971 1064 1022 ad
1112 985 1232 1023 eam
1289 971 1637 1035 adolescens,
1684 971 1777 1041 qui
1825 981 1944 1026 erat
1971 972 2071 1027 ab-

496 1062 803 1126 seonditus,
835 1070 892 1115 et
917 1063 1217 1116 concubuit
1252 1079 1379 1116 cum
1419 1078 1503 1117 ea.

567 1152 659 1206 58.
702 1151 872 1205 Porro
900 1168 999 1205 nos
1029 1168 1153 1207 cum
1182 1169 1436 1208 essemus
1490 1156 1541 1207 in
1590 1155 1791 1223 angulo
1812 1153 2071 1223 pomarii,

500 1246 744 1299 videntes
796 1246 1160 1315 iniquitatem,
1204 1247 1553 1302 cucurritnus
1603 1246 1670 1300 ad
1720 1261 1837 1311 eos,
1891 1254 1946 1300 et
1974 1260 2074 1299 no-

497 1346 713 1391 scentes
740 1352 837 1392 eos
877 1338 1219 1393 commisceri
1246 1357 1259 1392 :

572 1430 663 1483 39.
696 1429 851 1483 Illum
906 1430 1126 1499 quidem
1184 1431 1535 1500 nequivimus
1589 1428 2071 1500 comprehendere,

499 1522 625 1589 quia
658 1521 853 1577 fortior
886 1523 1002 1592 ipse
1030 1523 1190 1577 nobis
1209 1532 1350 1586 erat,
1377 1534 1431 1577 et
1470 1524 1672 1593 apertis
1702 1523 1858 1579 ostiis
1886 1522 2074 1577 exsili-

501 1615 598 1668 vit.

568 1707 658 1761 40.
693 1705 845 1761 Hanc
868 1714 1045 1761 autem
1077 1722 1204 1762 cum
1239 1707 1812 1777 apprehendissemus,
1846 1707 2076 1761 interro-

501 1798 747 1867 gavimus
773 1799 1028 1867 quisnam
1061 1808 1205 1855 esset
1236 1802 1555 1857 adolescens
1577 1844 1592 1868 ,
1639 1810 1693 1856 et
1730 1799 1907 1856 noluit
1928 1800 2071 1856 indi-

501 1905 627 1943 care
658 1889 818 1943 nobis
848 1906 861 1941 :
896 1889 1012 1944 haec
1044 1898 1335 1945 testamur.

568 1978 659 2032 41.
698 1976 764 2031 Et
785 1978 1016 2032 credidit
1043 1980 1123 2035 eis
1148 1981 1460 2045 multitudo,
1492 1990 1550 2036 ut
1606 1982 1943 2052 presbyteris
1976 1997 2074 2052 po-

503 2072 637 2141 puli,
671 2080 723 2126 et
744 2070 1046 2141 judicibus,
1082 2081 1136 2127 et
1163 2074 1665 2129 condemnaverunt
1692 2089 1811 2129 eam
1843 2074 1910 2129 ad
1929 2089 2067 2129 mor-

502 2175 631 2221 tem.

571 2259 661 2313 42.
696 2257 1034 2314 Exclamavit
1063 2264 1246 2313 autem
1278 2272 1411 2313 voce
1464 2273 1662 2329 magna
1714 2256 1994 2321 Susanna,
2021 2264 2078 2313 et

501 2348 675 2402 dixit:
709 2347 854 2402 Deus
869 2356 1091 2415 aeterne,
1115 2347 1207 2417 qui
1238 2347 1688 2403 absconditorum
1715 2363 1774 2404 es
1802 2348 2075 2419 cognitor,

502 2440 595 2509 qui
628 2440 771 2496 nosti
799 2439 984 2494 omnia
1013 2450 1303 2509 antequam
1339 2439 1455 2509 ipsa
1489 2438 1699 2495 lierent.

573 2531 664 2585 45.
706 2530 786 2586 Τιι
818 2532 949 2600 scis,
976 2532 1234 2602 quoniam
1265 2531 1460 2586 falsum
1494 2540 1686 2587 contra
1717 2545 1807 2585 me
1836 2531 2079 2585 tulerunt

509 2623 915 2679 testimonium:
944 2631 999 2679 et
1024 2639 1151 2679 ecce
1180 2623 1406 2688 morior,
1428 2639 1554 2679 cum
1596 2623 1733 2677 nihil
1777 2636 1969 2677 eorum
1997 2620 2079 2676 fe-

505 2711 696 2777 cerim,
737 2714 804 2769 de
831 2714 1034 2784 quibus
1062 2714 1149 2769 isti
1179 2713 1549 2770 testimonium
1588 2713 1846 2769 dixerunt
1886 2712 2081 2767 adver-

506 2818 603 2857 SUS
637 2819 744 2859 me.
1406 2795 1410 2798 ξ

576 2895 666 2953 44.
696 2895 765 2951 Ει
791 2897 1071 2953 exaudivit
1103 2896 1369 2953 Dominus
1396 2911 1583 2952 vocem
1615 2895 1739 2967 ejus

579 2986 672 3042 45.
710 2986 954 3059 Cumque
986 2988 1279 3045 duceretur
1304 2990 1443 3059 ipsa,
1482 2997 1541 3042 ut
1581 2988 1801 3056 periret,
1855 2985 2085 3043 suscita-

2169 522 2237 595 ἦν
2270 530 2301 597 ή
2334 531 2532 600 καρδία
2562 533 2731 601 αὐτῆς
2766 535 3057 587 πεποιθυῖα
3082 535 3173 587 ἐπὶ
3215 535 3305 588 τὸν
3345 533 3568 604 Κύριον.

2240 619 2327 673 56.
2364 618 2530 674 Εἶπον
2558 622 2613 674 δὲ
2636 626 2681 675 οἱ
2702 624 3056 696 πρεσϐύτεροι
3076 644 3089 657 ν
3121 625 3572 695 Περιπατούντων
3591 623 3752 692 ἡμῶν

2172 712 2230 764 ἐν
2281 711 2358 781 τῷ
2410 716 2717 786 παραδείσῳ
2771 718 2966 785 μόνων,
3001 719 3248 787 εἰσῆλθεν
3305 718 3443 788 αὕτη
3480 718 3617 788 μετᾶ
3655 716 3755 769 δύο

2173 802 2491 865 παιδισκῶν,
2510 804 2602 857 xui
2625 806 2911 859 ἀπέκλεισε
2934 807 3030 869 τὰς
3066 808 3235 879 θύρας
3261 805 3355 859 τοῦ
3391 805 3749 877 παραδείσου,

2173 893 2269 946 xui
2297 895 2536 948 ἀπέλυσε
2569 898 2666 961 τὰς
2698 899 3006 962 παιδίσκας.

2242 985 2331 1039 57.
2364 988 2476 1040 Καὶ
2505 983 2633 1058 ἦλθε
2684 990 2822 1060 πρὸς
2874 990 3044 1060 αὐτὴν
3088 991 3404 1054 νεανίσκος,
3444 989 3504 1055 ὃς
3541 987 3610 1063 ἦν
3658 1010 3755 1045 κε-

2174 1078 2510 1149 κρυμμένος.
2534 1082 2626 1132 xui.
2654 1082 2890 1133 ἀνέπεσε
2919 1082 3037 1151 μετ’
3073 1082 3262 1150 αὐτῆς.

2246 1170 2337 1225 58.
2372 1170 2563 1240 Ἡμεῖς
2595 1172 2651 1224 δὲ
2695 1171 2846 1236 ὄντες
2887 1174 2943 1225 ἐν
2973 1176 3036 1243 τῇ
3066 1173 3237 1243 γωνίᾳ
3276 1172 3368 1226 τοῦ
3396 1174 3750 1245 παραδείσου,
3854 1165 3863 1170 ’

2177 1258 2377 1322 ἰδόντες
2401 1261 2499 1330 τὴν
2520 1255 2768 1331 ἀνομίαν,
2796 1262 3104 1333 ἐδράμομεν
3137 1263 3223 1316 ἐπ’
3254 1264 3471 1329 αὐτοὺς,
3502 1267 3594 1319 xui
3617 1266 3751 1321 ίδόν-

2173 1368 2264 1418 τες
2288 1353 2709 1422 συγγινομένους
2741 1354 2955 1419 αὐτούς,
3199 1413 3211 1424 _

2247 1450 2337 1505 39.
2391 1452 2630 1504 Ἐκείνου
2664 1451 2763 1520 μὲν
2800 1453 2900 1506 οῦκ
2920 1451 3266 1522 ἠδυνήθημεν
3293 1454 3579 1523 ἐγκρατεῖς
3603 1452 3759 1519 γενέ-

2178 1540 2323 1604 σθαι,
2360 1541 2449 1594 διὰ
2470 1542 2533 1595 τὸ
2567 1543 2772 1613 ἰσχύειν
2795 1543 2956 1598 αὐτὸν
2988 1544 3126 1615 ὑπὲρ
3148 1545 3316 1615 ἡμᾶς,
3348 1544 3443 1596 xui.
3468 1541 3760 1608 ἀνοίξαντα

2175 1629 2276 1693 τὰς
2308 1629 2479 1700 θύρας
2500 1630 2964 1700 ἐκπεπηδηκέναι.

2247 1721 2340 1777 40.
2367 1721 2586 1791 Ταύτης
2612 1721 2668 1775 δὲ
2699 1722 3102 1793 ἐπιλαϐόμενοι,
3145 1723 3544 1794 ἐπηρωτῶμεν,
3573 1721 3655 1786 τίς
3689 1718 3763 1791 ἦν

2177 1815 2208 1867 6
2248 1814 2552 1879 νεανίσκος,
2610 1814 2707 1868 xui
2760 1814 2860 1868 ούκ
2914 1815 3179 1887 ἠθέλησεν
3211 1815 3538 1885 ἀπαγγεῖλαι
3593 1817 3758 1886 ἡμῖν·

2179 1904 2352 1959 ταῦτα
2381 1904 2788 1976 μαρτυροῦμεν.

2250 1997 2341 2052 41.
2382 1998 2489 2050 Καὶ
2518 1998 2841 2051 ἐπίστευσεν
2870 1998 3055 2062 αὐτοῖς
3083 1999 3116 2069 ἠ
3160 1998 3451 2069 συναγωγὴ
3481 1997 3557 2061 ὡς
3587 2014 3763 2069 πρεσ-

2182 2086 2428 2160 ϐυτέροις
2446 2088 2540 2142 τοῦ
2563 2088 2716 2157 λαοῦ,
2745 2090 2840 2144 xui
2862 2092 3095 2162 κριταῖς,
3123 2090 3218 2143 xui.
3245 2089 3566 2162 κατέκριναν
3588 2088 3765 2161 αὐτὴν

2183 2180 2495 2239 ἀποθανεῖν.

2252 2271 2343 2325 ιε.
2388 2271 2677 2343 Ἀνεόόησε
2704 2271 2759 2325 δὲ
2788 2274 2941 2343 φωνῇ
2982 2273 3194 2344 μεγάλῃ
3240 2272 3533 2334 Σουσάννα,
3563 2271 3657 2327 καὶ
3687 2266 3766 2324 si-

2185 2378 2286 2415 πεν
2305 2379 2317 2392 ·
2346 2364 2375 2415 6
2402 2362 2535 2427 Θεὸς
2577 2366 2606 2417 6
2643 2362 2860 2427 αἰώνιος
2882 2406 2896 2429 ,
2928 2366 2956 2417 6
2984 2366 3092 2418 τῶν
3122 2365 3379 2435 κρυπτῶν
3431 2364 3700 2436 γνὼστης,
3734 2365 3776 2416 ὁ

2185 2449 2339 2513 εἰδὼς
2369 2450 2434 2503 τὰ
2463 2452 2641 2505 πάντα
2674 2454 2801 2522 πρὶν
2830 2451 3096 2519 γενέσεως
3118 2452 3325 2512 αὐτῶν,

2254 2539 2342 2593 45.
2375 2539 2448 2592 Σὺ
2478 2520 2803 2602 ἐπίστασαι,
2839 2542 2923 2593 ὅτι
2971 2540 3145 2611 ψευδῆ
3191 2557 3294 2609 μου
3325 2520 3765 2609 ’κατεμαρτύρη-

2188 2644 2308 2692 σαν,
2344 2628 2440 2682 καὶ
2495 2629 2604 2683 ἰδοὺ
2643 2629 2974 2701 ἀποθνήσκω
3020 2629 3095 2701 μὴ
3140 2631 3419 2703 ποιήσασα
3459 2629 3652 2700 μηδὲν,
3688 2623 3773 2684 ὧν·

2184 2712 2334 2773 οὗτοι
2366 2720 2863 2793 κατεμαρτύρησαν
2894 2723 3018 2777 κατ’
3046 2721 3207 2793 ἐμοῦ.

2258 2899 2347 2954 44.
2373 2900 2485 2954 Καὶ
2506 2899 2792 2970 είσήκουσε
2830 2900 3035 2970 Κύριος
3077 2898 3178 2969 τῆς
3200 2896 3385 2966 φωνῆς
3412 2893 3594 2964 αὐτῆς.

2259 2992 2348 3045 45.
2373 2993 2486 3047 Καὶ
2514 2993 2867 3063 ἀπαγομένης
2887 2992 3058 3062 αὐτῆς
3082 2989 3404 3050 ἀπολέσθαι,
3431 2987 3705 3058 ἐξήγειρεν
3729 2985 3761 3039 6

508 3081 585 3135 νει
623 3079 769 3136 Deus
799 3080 1062 3151 Spiritum
1092 3090 1340 3137 sanctum
1391 3081 1546 3151 pueri
1608 3078 1866 3151 junioris,
1922 3077 2081 3150 cujus

2191 3081 2323 3147 Θεὸς
2346 3082 2407 3136 τὸ
2436 3074 2661 3155 Πνεῦμα
2687 3082 2749 3136 τὸ
2769 3082 2926 3151 ἆγιον
2956 3081 3243 3155 παιδαρίου
3267 3079 3553 3151 νεωτέρου,
3581 3069 3624 3144 ᾧ
3640 3075 3766 3129 ὂνορ

511 3188 709 3227 nomen
747 3171 954 3228 Daniel.

582 3264 673 3318 46.
713 3264 778 3318 Ει
805 3263 1130 3320 exclamavit
1156 3278 1293 3319 voce
1317 3279 1547 3334 magna:
1576 3264 1816 3321 Mundus
1841 3279 1944 3336 ego
1963 3279 2084 3320 sum

512 3371 543 3410 a
581 3356 848 3428 sanguine
878 3357 1063 3427 hujus.

584 3449 673 3503 47.
703 3450 1013 3505 Conversus
1047 3458 1131 3505 est
1163 3456 1345 3503 autem
1373 3446 1609 3518 populus
1644 3446 1825 3501 omnis
1849 3445 1917 3499 ad
1933 3459 2085 3507 eum,

511 3551 568 3596 et
600 3542 856 3596 dixerunt
884 3559 898 3595 :
940 3539 1079 3607 Quis
1103 3546 1187 3595 est
1216 3553 1401 3595 sermo
1441 3538 1565 3602 iste,
1585 3550 1747 3606 quem
1762 3543 1831 3609 tu
1868 3535 2089 3591 locutus

512 3633 615 3688 es?

584 3723 673 3777 48.
712 3721 815 3788 Qui
870 3737 1001 3776 vero
1041 3737 1166 3777 cum
1216 3730 1387 3778 staret
1414 3723 1469 3778 in
1523 3720 1704 3778 medio
1745 3735 1935 3777 eorum
1970 3719 2088 3775 ait:

518 3812 611 3868 Sic
638 3812 771 3868 fatui
800 3812 893 3867 ﬁlii
934 3811 1123 3880 Israel,
1184 3830 1292 3868 non
1339 3814 1671 3883 judicantes,
1732 3828 1912 3884 neque
1941 3813 2092 3883 quod

516 3904 866 3959 manifestum
912 3914 997 3961 est
1029 3914 1441 3976 cegnoscentes,
1488 3902 1866 3961 condemnatis
1923 3902 2090 3959 ﬁliam

516 3994 681 4051 Israel
701 3996 725 4049 ί

585 4088 676 4145 49.
718 4089 1071 4145 Revertimini
1106 4090 1270 4162 igitur
1302 4090 1367 4146 ad
1396 4089 1701 4161 judicium;
1732 4088 1925 4147 falsum
1944 4090 2090 4145 enim

519 4181 894 4236 testimonium
916 4181 1005 4236 isti
1037 4181 1205 4237 locuti
1232 4191 1360 4237 sunt
1390 4182 1652 4238 adversus
1677 4197 1821 4237 eam.

588 4273 677 4326 50.
721 4271 788 4325 Et
814 4288 1069 4328 reversus
1097 4283 1179 4329 est
1203 4275 1440 4345 populus
1467 4290 1593 4330 cum
1629 4271 2003 4336 festinatione,
2040 4280 2094 4325 et

515 4363 776 4420 dixerunt
801 4366 847 4420 ei
876 4367 1175 4438 presbyteri
1202 4385 1217 4422 :
1250 4366 1412 4431 Veni,
1438 4377 1493 4424 et
1535 4367 1664 4424 sede
1709 4367 1760 4421 in
1794 4366 1971 4420 medio
1996 4379 2095 4417 no~

2191 3192 2269 3246 μα
2297 3175 2515 3246 Δανιήλ.

2258 3264 2349 3318 46.
2385 3264 2497 3318 Kui.
2529 3262 2726 3335 ὲὸόησε
2760 3264 2911 3337 φωνῇ
2945 3262 3157 3337 μεγάλῃ
3182 3281 3196 3296 ·
3228 3262 3482 3336 Καθαρὸς
3510 3259 3624 3330 ἐγὼ
3656 3259 3773 3314 ἀπὸ

2188 3356 2283 3410 τοῦ
2309 3357 2540 3428 αἵματος
2565 3357 2789 3428 ταύτης.

2260 3448 2351 3502 47.
2390 3448 2723 3520 Ἐπέστρεψε
2766 3448 2824 3502 δὲ
2870 3450 2979 3513 πᾶς
3014 3451 3043 3504 6
3087 3450 3215 3514 λαὸς
3264 3449 3399 3522 πρὸς
3441 3448 3628 3515 αὐτὸν,
3677 3447 3780 3501 καὶ

2191 3532 2345 3594 εἷπον
2363 3555 2379 3571 ο
2411 3540 2510 3604 Τίς
2538 3542 2568 3593 6
2593 3540 2751 3609 λόγος
2779 3535 2954 3608 οὗτος,
2984 3540 3043 3594 ὃν
3068 3542 3132 3595 σὺ
3159 3541 3485 3614 λελάληκαςς

2262 3715 2353 3771 68.
2404 3716 2463 3771 '0
2490 3718 2547 3772 δὲ
2570 3718 2784 3782 σταθεὶς
2835 3719 2895 3772 ἐν
2941 3719 3092 3791 μέσῳ
3143 3718 3343 3781 αὐτῶν,
3375 3714 3565 3773 εἶπεν·
3593 3700 3770 3786 Οὕτω,

2195 3808 2372 3881 μωροὶ
2405 3810 2511 3863 uioi.
2555 3810 2775 3882 Ἰσραὴλ
2794 3850 2809 3874 ,
2831 3810 2930 3864 οὐκ
2977 3811 3391 3883 ἀνακρίναντες,
3423 3810 3546 3864 οὐδὲ
3574 3811 3634 3863 τὸ
3670 3827 3766 3863 σαο-

2194 3901 2291 3971 cpe;
2319 3901 2633 3972 ἐπιγνόντες
2658 3902 3020 3974 κατεκρίνατε
3055 3902 3333 3974 θυγατέρα
3373 3901 3629 3974 Ἰσραήλὶ

2264 4079 2353 4134 49.
2409 4078 2807 4149 Ἀναστρέψατε
2835 4074 2928 4134 οῦν
2946 4080 3026 4141 είς
3049 4078 3110 4133 τὸ
3137 4079 3438 4151 κριτήριον,
3464 4077 3636 4148 ψευδῆ
3665 4077 3779 4147 γὰρ

2193 4163 2340 4224 οῦτοι
2364 4170 2863 4241 κατεμαρτύρησαν
2900 4172 3091 4243 αὐτῆς.

2270 4263 2356 4318 50.
2385 4264 2496 4318 Καὶ
2515 4264 2846 4335 ἀνέστρεψεν
2865 4266 2893 4318 6
2913 4265 3041 4329 λαὸς
3065 4265 3204 4337 μετά
3230 4265 3485 4337 σπουδῆς,
3503 4263 3596 4317 καὶ
3620 4255 3783 4314 εἷπον

2197 4354 2349 4425 αὐτῷ
2372 4356 2422 4408 oi
2450 4355 2812 4426 πρεσϐύτεροι
2835 4370 2850 4383 ·
2884 4355 3079 4427 Δεῦρο,
3123 4357 3216 4410 xui
3259 4356 3485 4412 κάθισον
3535 4356 3591 4406 ἐν
3623 4352 3787 4423 μέσῳ

518 4465 716 4520 strum,
753 4465 806 4510 et
836 4456 1015 4511 indica
1051 4458 1232 4523 nobis,
1262 4459 1391 4530 quia
1425 4460 1521 4515 tibi
1574 4459 1723 4515 dedit
1752 4457 1895 4511 Deus
1930 4457 2088 4509 bono-

2196 4447 2380 4519 ἡμῶν,
2408 4449 2504 4501 xui
2543 4446 2875 4515 ἀπάγγειλον
2915 4448 3067 4518 ἡμῖν,
3107 4447 3187 4500 ὅτι
3225 4465 3306 4503 σοι
3350 4448 3545 4501 ἔδωκεν
3573 4448 3602 4498 6
3642 4444 3786 4508 Θεὸς

518 4562 631 4600 rem
668 4547 983 4603 senectutis.
1856 4617 1861 4622 ,

590 4637 679 4694 51.
714 4637 778 4691 Ει
803 4640 940 4693 dixit
966 4639 1033 4695 ad
1058 4656 1155 4697 eos
1202 4641 1388 4699 Daniel
1420 4662 1432 4697 :
1471 4645 1732 4714 Separate
1772 4657 1866 4695 eos
1907 4642 2093 4711 procul

518 4729 587 4783 ab
619 4731 872 4797 invicem,
895 4742 948 4788 et
976 4732 1289 4803 dijudicabo
1318 4752 1434 4792 eos.

590 4822 678 4875 52.
708 4823 842 4877 Cum
861 4840 992 4895 ergo
1018 4825 1179 4881 divisi
1215 4837 1399 4883 essent
1431 4829 1568 4883 alter
1602 4828 1670 4883 ab
1698 4829 1895 4889 altera,
1935 4842 2095 4882 voca-

518 4913 598 4968 vit
632 4931 799 4968 unum
831 4917 897 4971 de
917 4917 1016 4984 eis,
1049 4929 1103 4973 et
1140 4918 1280 4973 dixit
1313 4921 1380 4974 ad
1433 4936 1558 4974 eum
1591 4937 1604 4972 :
1655 4919 1954 4976 lnveterate
1982 4921 2099 4976 die-

521 5021 639 5058 rum
694 5008 985 5072 malorum,
1036 5025 1181 5065 nunc
1206 5021 1471 5065 venerunt
1520 5022 1742 5082 peccata
1803 5022 1912 5078 tua,
1977 5028 2099 5084 qua:

524 5094 760 5150 faciebas
785 5099 958 5165 prius,
1675 5091 1680 5097 ’

597 5188 684 5242 53.
713 5187 981 5245 Judicans
1007 5191 1213 5258 judicia
1246 5193 1477 5263 injusta,
1521 5204 1573 5249 et
1630 5195 1949 5251 innocentes
1978 5194 2100 5265 qni-

524 5280 644 5332 tlem
684 5284 1080 5346 condemnans,
1140 5284 1419 5341 dimittens
1475 5296 1655 5341 autem
1712 5302 1853 5347 reos,
1888 5287 2102 5342 dicente

528 5369 758 5426 Domino
782 5392 794 5426 :
830 5374 1201 5443 lnnocentem,
1227 5387 1281 5434 et
1305 5379 1513 5447 justum
1545 5395 1652 5434 non
1680 5381 1993 5435 interlicies.

594 5466 684 5519 54.
720 5465 875 5523 Nunc
913 5484 1042 5541 ergo
1069 5473 1209 5527 lianc
1238 5474 1285 5529 si
1343 5474 1548 5537 vidisti,
1601 5475 1689 5529 dic
1735 5475 1837 5529 sub
1871 5489 1974 5542 qna
2010 5489 2103 5527 ar-

526 5557 657 5611 bore
690 5560 871 5616 vidisti
904 5578 999 5618 eos
1051 5566 1426 5638 colloquentes
1474 5569 1729 5624 invicem.
1779 5566 1881 5633 Qui
1931 5566 2156 5631 dixit:

528 5646 641 5703 Sub
663 5652 873 5706 scbino.

604 5740 692 5795 55.
736 5742 874 5800 Dixit
936 5756 1113 5803 autem
1173 5749 1355 5806 Daniel
1395 5751 1599 5808 :Rccte
1643 5752 1903 5808 mentitus
1954 5767 2010 5807 es
2048 5750 2100 5804 in

2195 4539 2258 4590 τὸ
2281 4538 2587 4608 πρεσϐεῖον.

2268 4630 2358 4685 51.
2382 4630 2491 4684 Καὶ
2520 4625 2670 4683 εἶπεν
2711 4628 2845 4702 πρὸς
2889 4630 3085 4694 αὐτοὺς
3134 4612 3370 4699 Δανιήλέ
3403 4627 3786 4698 Διαχωρίσατε

2197 4720 2396 4785 αὐτοὺς
2431 4721 2649 4791 μακρὰν
2678 4720 2774 4775 ἀπ’
2806 4720 3075 4791 ἀλλήλων,
3103 4720 3197 4774 xui.
3226 4719 3504 4790 ἀνακρινῶ
3527 4717 3747 4780 αὐτούς.

2272 4813 2362 4868 52.
2399 4814 2488 4877 Ὠς
2522 4814 2577 4867 δὲ
2615 4814 3046 4885 διεχωρίσθησαν
3096 4808 3178 4876 εἷς
3227 4812 3336 4865 ἀπὸ
3355 4810 3449 4864 τοῦ
3477 4811 3613 4874 ἐνὸς,
3647 4811 3787 4864 ἐκά-

2198 4910 2323 4964 λεσε
2364 4911 2458 4963 τὸν
2489 4910 2585 4963 ’ἐνα
2622 4909 2829 4975 αὐτῶν,
2861 4910 2958 4963 καὶ
3005 4905 3158 4961 εἶπεν
3181 4907 3335 4980 ,πρὸς
3373 4907 3536 4961 αὐτόν
3557 4923 3569 4936 ο
3594 4908 3793 4959 Πεπα-

2200 5001 2469 5071 λαιωμένε
2500 5000 2728 5072 ἡμερῶν
2779 5000 2989 5063 κακῶν,
3038 4999 3132 5053 νῦν
3164 5000 3365 5071 ἥκασιν
3406 4999 3464 5051 ui
3513 4997 3794 5069 ἁμαρτίαι

2201 5112 2320 5156 σου,
2347 5093 2412 5156 ἀς
2446 5093 2651 5155 ἐποίεις
2670 5091 2733 5145 τὸ
2764 5092 3055 5161 πρότερον,
3076 5128 3093 5131 -

2274 5188 2363 5242 55.
2395 5186 2611 5257 Κρίνων
2635 5185 2844 5254 κρίσεις
2875 5184 3119 5248 ἀδίκους,
3157 5183 3253 5237 xui.
3292 5184 3419 5248 τοὺς
3444 5182 3544 5250 μέν
3569 5181 3794 5247 autem;

2202 5279 2567 5348 κατακρίνων,
2600 5275 2849 5330 ἀπολύων
2876 5276 2932 5328 δὲ
2965 5278 3091 5339 τοὺς
3128 5275 3351 5341 αἰτίους,
3388 5276 3640 5344 λέγοντος
3673 5275 3779 5327 τοῦ

2203 5371 2437 5443 Κυρίουο
2467 5369 2643 5423 ἀθῶον
2670 5371 2767 5423 xui
2795 5368 3003 5422 δίκαιον
3027 5370 3127 5422 οὐκ
3155 5371 3491 5432 ἀποκτενεῖς.

2277 5463 2363 5518 54.
2388 5462 2503 5516 Νῦν
2519 5456 2612 5515 οὖν
2643 5459 2846 5528 ταύτην
2878 5460 3036 5532 εἴπερ
3056 5454 3224 5524 οἶδας,
3256 5460 3398 5524 εἰπὲ,
3431 5459 3537 5511 ὑπὸ
3575 5457 3629 5510 τί
3666 5455 3798 5512 δὲν-

2204 5559 2329 5628 δρον
2351 5551 2489 5617 εἶδες
2517 5556 2710 5617 αὐτοὺς
2745 5551 3065 5624 ὁμιλοῦντας
3105 5552 3376 5623 ἀλλήλοις.
3423 5550 3480 5604 Ὀ
3510 5547 3567 5606 δὲ
3596 5545 3791 5602 εἶπεν·

2219 5647 2354 5703 Ὑπὸ
2373 5651 2566 5718 σχῖνον.

2283 5745 2372 5799 55.
2400 5739 2533 5797 Eia:
2558 5742 2613 5795 δὲ
2645 5738 2869 5810 Δανιὴλ’
2922 5735 3122 5809 Ὀρθῶς
3151 5734 3372 5805 ἔψευσαι
3396 5737 3475 5799 εἰς
3507 5734 3601 5807 τὴν
3628 5749 3799 5789 σεαυ-
