4064 6436
280 443 416 502 290i

1700 437 1931 493 CAPUT
1978 438 2092 494 XIV

3393 459 3535 513 2902

277 553 375 610 τοῦ
413 551 657 621 κεφαλήν
676 567 687 578 ·
712 551 811 623 ἡδη
834 550 943 622 γὰρ
972 551 1203 620 ἄγγελος
1222 553 1316 607 τοῦ
1346 553 1481 607 Θεοῦ
1505 551 1685 605 λαϐὼν
1710 550 1852 621 παρᾶ

1962 566 2125 625 caput
2157 567 2307 613 tuum
2355 574 2368 610 :
2414 574 2539 614 ecce
2585 562 2732 616 enim
2774 564 2999 634 angelus
3045 565 3140 622 Dei
3197 568 3467 639 accipiens
3504 586 3536 625 a

276 643 374 697 τοῦ
404 643 540 696 θεοῦ
574 642 749 712 σχίσει
789 659 848 694 σε
874 640 956 705 είς
989 643 1172 713 μέσον.

350 732 439 787 56.
476 733 584 785 Kal
625 730 972 802 μεταστήσας
1023 732 1191 786 αύντδν
1216 776 1230 797 ,
1266 735 1518 787 ἐκέλευσε
1561 734 1859 805 προσάγειν

272 825 366 878 τὴν
397 825 586 894 ἕτερον
611 863 625 889 ,
664 822 759 875 καὶ
798 817 954 876 εἶπεν
993 825 1141 894 αύτῷ
1162 843 1175 856 ·
1209 825 1437 895 Σπέρμα
1487 826 1731 887 Χαναὰν,
1766 825 1858 878 καὶ

271 914 393 983 οὐχὶ
427 912 597 964 ’ἰούδα
620 952 636 974 ,
668 911 728 964 τὸ
773 911 964 975 κάλλος
990 914 1238 983 ὴπάτησέ
1274 931 1355 979 σε,
1404 914 1497 966 καὶ
1525 916 1557 984 ἡ
1591 913 1859 984 ἐπιθυμία

270 1001 557 1072 διέστρεψε
592 1001 690 1072 τὴν
713 1002 941 1073 καρδίαν
967 1021 1082 1057 σου.

340 1095 435 1148 57.
469 1093 658 1156 Οὕτως
681 1095 917 1148 ἐποιεῖτε
939 1095 1274 1168 θυγατράσιν
1312 1095 1551 1167 Ἰσραὴλ,
1579 1099 1676 1148 καὶ
1706 1098 1855 1149 ἐκεῖ-

269 1206 358 1242 ναι
382 1186 716 1257 φοϐούμεναι
733 1187 975 1257 ὡμίλουν
1003 1189 1134 1257 ὑμῖν
1151 1207 1162 1219 ·
1190 1190 1302 1243 ἀλλ’
1321 1189 1383 1241 οὐ
1410 1188 1658 1259 θυγάτηρ
1681 1187 1856 1241 Ἰούδα
1889 1186 1910 1204 ⁸

270 1280 539 1346 ὑπέμεινε
572 1277 673 1349 τὴν
701 1278 930 1348 ἀνομίαν
965 1279 1141 1349 ὑμῶν.
1282 1321 1286 1324 .

341 1373 432 1428 58.
468 1370 585 1424 Νῦν
617 1367 709 1424 οὖν
746 1370 869 1439 λέγε
909 1388 1036 1441 μοι,
1074 1371 1179 1425 ὑπὸ
1217 1370 1271 1424 τί
1304 1371 1520 1442 δένδρον
1555 1370 1853 1432 κατέλαϐες

277 1462 472 1524 αὐτοὺς
487 1460 809 1531 ὁμιλοῦντας
825 1459 1094 1530 ἁλλὴλοις;
1128 1462 1168 1513 Ο
1188 1461 1244 1512 δὲ
1271 1457 1446 1513 εἷπενο
1478 1459 1614 1513 Ὑπὸ
1640 1463 1849 1532 πρῖνον.

339 1549 429 1604 59.
451 1545 621 1602 Εἶπεν
652 1548 710 1602 δὲ
743 1548 892 1618 αὐτῷ
923 1549 1120 1620 Δανιὴλ
1150 1566 1164 1580 ⁸
1198 1549 1402 1621 ὐρθῶς
1426 1550 1641 1620 ἐψεύσω
1658 1553 1752 1604 καὶ
1785 1552 1850 1605 σὺ

269 1644 350 1704 είς
384 1641 486 1711 τὴν
529 1640 761 1693 σεαυτοῦ
817 1640 1059 1712 κεφαλήν
1087 1657 1101 1671 ·
1127 1635 1279 1710 μένει
1302 1641 1411 1714 γὰρ
1433 1645 1460 1696 ὁ
1492 1644 1727 1713 ἄγγελος
1754 1643 1849 1697 τοῦ

267 1732 407 1784 Θεοῦ
435 1770 451 1795 ,
479 1729 580 1800 τὴν
610 1730 887 1802 ῥομφαίαν
931 1730 1070 1801 ἔχων
1111 1735 1302 1802 πρίσαι
1352 1751 1409 1786 σε
1450 1733 1648 1805 μέσον,
1699 1736 1848 1801 ὅπως

267 1821 634 1893 ἐξολοθρεύσῃ
664 1823 830 1894 ὑμᾶς.

339 1999 430 2055 60.
456 2001 567 2053 Kal
586 1998 850 2070 ἀνεϐόησε
873 2003 1025 2073 φωνῇ
1058 2001 1268 2074 μεγάλῃ
1296 2004 1444 2056 πᾶσα
1471 2003 1504 2074 ἡ
1536 2004 1849 2077 συναγωγὴ,

266 2093 363 2146 καὶ
393 2091 697 2162 εὐλόγησαν
733 2090 816 2162 τῷ
844 2090 964 2162 Θεῷ
989 2091 1065 2162 τῷ
1097 2090 1322 2157 σώζοντι
1354 2093 1482 2156 τοὺς
1530 2090 1853 2158 ἐλπίζοντας

268 2183 359 2237 ἐπ’
379 2183 567 2238 αὐτόν.

340 2277 403 2331 6|
419 2315 434 2330 .
460 2277 573 2332 Kal
597 2274 902 2345 ἀνέστησαν
925 2274 1017 2328 ἐπὶ
1037 2274 1164 2339 τοὺς
1190 2274 1285 2329 δύο
1314 2253 1745 2349 πρεσϐυτέρους,
1769 2278 1852 2331 ὅτι

279 2367 603 2439 συνέστησεν
635 2366 835 2429 αὐτοὺς
879 2366 1077 2435 Δανιὴλ
1120 2369 1185 2420 ἐκ
1216 2365 1312 2420 τοῦ
1353 2368 1625 2438 στόματος
1672 2368 1853 2422 αὐτῶν

281 2459 895 2530 ψευδομαρτυρήσαντας
918 2474 932 2488 ·
962 2459 1058 2512 καὶ
1081 2458 1343 2529 ἐποίησαν
1362 2459 1547 2523 αὐτοῖς
1571 2459 1632 2512 ὃν
1652 2459 1852 2531 τρόπον

275 2548 714 2620 ἐπονηρεύσαντο
735 2547 961 2619 ποιῆσαι
990 2546 1069 2620 τῷ
1095 2548 1345 2620 πλησίον,
1383 2547 1527 2603 κατὰ
1559 2547 1648 2602 τὸν
1686 2548 1852 2619 νόμον

269 2641 469 2711 Murri}.

338 2735 431 2790 62.
461 2733 571 2789 Kal
606 2732 940 2790 ἀπέκτειναν
974 2732 1192 2800 αὐτοὺς,
1222 2731 1317 2787 καὶ
1340 2730 1520 2806 ἐσώθη
1540 2725 1678 2804 αἷμα
1698 2731 1852 2788 άναί-

268 2843 384 2880 τιον
413 2829 471 2880 ἐν
494 2829 561 2899 τῇ
593 2826 780 2898 ἡμέρᾳ
800 2827 1008 2897 ἐκείνῃ.

342 2920 431 2975 65.
467 2918 710 2982 Χελκίας
746 2918 803 2972 δὲ
841 2920 935 2972 καὶ
959 2920 992 2989 ἡ
1027 2918 1164 2990 γυνὴ
1184 2916 1349 2976 αὐτοῦ
1378 2916 1577 2989 ᾔνεσαν
1606 2915 1731 2989 περὶ
1752 2915 1854 2987 τῆς

269 3011 543 3083 θυγατρὸς
571 3009 753 3064 αὐτῶν
783 3009 1093 3073 Σουσάννας
1133 3008 1272 3079 μετὰ
1325 3008 1588 3079 Ἰωακεὶμ
1632 3007 1726 3062 τοῦ
1756 3009 1853 3062 ἁν-

269 3104 393 3177 ὂρὺς
424 3104 618 3174 αὐτῆς,
641 3101 865 3157 καὶτῶν
900 3100 1182 3171 συγγενῶν
1213 3101 1432 3156 πάντων
1452 3140 1468 3168 ,
1512 3100 1594 3154 ὅτι
1631 3100 1732 3172 οὺχ
1756 3100 1851 3154 εύ-

270 3196 401 3268 οέθη
432 3199 491 3249 έν
530 3196 668 3266 αὐτῇ
706 3194 955 3266 ἄσχημον
983 3196 1235 3267 πρᾶγμα.

272 3268 277 3272 ’
337 3286 429 3342 64.
466 3286 576 3340 Καὶ
618 3284 820 3355 Δανιὴλ
863 3284 1082 3354 ἐγένετο
1118 3286 1291 3355 μέγας
1326 3283 1557 3339 ἐνώπιον
1588 3283 1684 3338 τοῦ
1717 3283 1849 3339 λαοῦ

267 3377 376 3432 ἀπὸ
399 3378 497 3449 τῆς
533 3377 749 3448 ἡμέρας
776 3377 1014 3446 ἐκείνης,
1043 3378 1140 3430 xal
1170 3378 1451 3432 ἐπέκεινα.

335 3468 427 3524 65.
454 3469 565 3523 Kal
581 3470 609 3522 ὁ
630 3466 881 3538 βασιλεὺς
916 3467 1220 3539 Ἀστυάγης
1242 3468 1542 3542 προσετέθη
1572 3471 1710 3543 πρὸς
1724 3471 1851 3536 τοὺς

269 3560 514 3632 πατέρας
538 3557 705 3613 αὐτοῦ
727 3575 741 3590 ·
773 3560 868 3613 καὶ
903 3559 1180 3632 παρέλαϐε
1207 3559 1391 3633 Κύρος
1431 3562 1459 3614 ό
1503 3561 1722 3634 Πέρσης
1751 3563 1849 3634 τὴν

268 3653 549 3726 βασιλείαν
579 3651 768 3707 αὐτοῦ.

780 3787 1184 3842 ΚΕΦΑΛΑΙΟΝ
1222 3787 1319 3841 IA’.

256 3918 261 3921 ς
338 3882 393 3937 1.
426 3880 541 3935 Kal
555 3875 624 3952 ἦν
655 3878 856 3951 Δανιὴλ
883 3877 1199 3949 συμϐιωτὴς
1220 3876 1314 3930 τοῦ
1339 3874 1624 3946 βασιλέως,
1646 3876 1740 3928 καὶ
1766 3875 1849 3930 ἐν·

264 3973 419 4040 δοξος
451 3971 592 4042 ὑπὲρ
623 3971 832 4033 πάντας
861 3970 988 4032 τοὺς
1012 3969 1203 4038 φίλους
1235 3968 1424 4023 αὐτοῦ.

334 4063 393 4119 2.
423 4063 535 4117 Kal
558 4059 626 4133 ἦν
651 4061 868 4115 εἴδωλον
896 4064 1009 4124 τοῖς
1040 4060 1424 4127 Βαϐυλωνίοις,
1454 4055 1498 4128 ᾧ
1522 4059 1694 4131 ὄνομα
1714 4059 1845 4131 Βὴλ,

265 4157 362 4210 καὶ
392 4155 742 4209 ἐδαπανῶντο
778 4155 858 4217 είς
891 4153 1054 4207 αὑτὸν
1093 4153 1329 4222 ἑκάστης
1382 4152 1595 4223 ἡμέρας
1629 4152 1851 4222 σεμιδά-

264 4247 401 4310 λεως
430 4244 668 4315 άρτάϐαι
700 4242 933 4309 δώδεκα,
982 4243 1078 4296 καὶ
1118 4242 1368 4315 πρόϐατα
1410 4242 1845 4314 τεσσαράκοντα,

264 4336 361 4390 καὶ
380 4332 523 4388 οἴνου
561 4334 737 4405 μέτρα
760 4333 840 4400 ἐξ.

334 4427 390 4480 3.
429 4427 540 4480 Kal
576 4428 605 4479 ό
636 4424 891 4495 βασιλεὺς
927 4423 1146 4478 ἐσέϐετο
1173 4424 1335 4477 αὑτὸν
1363 4465 1377 4489 ,
1407 4425 1502 4478 καὶ
1552 4423 1846 4496 ἐπορεύετο

262 4518 294 4569 ὁ
323 4516 581 4586 βασιλεὺς
608 4514 731 4569 καθ’
771 4513 1012 4587 ἑκάστην
1045 4516 1260 4585 ἡμέραν
1302 4517 1632 4586 προσκυνεῖν
1672 4514 1841 4584 αὐτῷ.

1967 646 2096 709 Deo,
2132 650 2344 703 scindet
2370 658 2421 703 te
2458 652 2718 705 medium.

2033 740 2121 793 56.
2157 742 2222 794 Et
2260 752 2446 795 amoto
2473 757 2539 796 eo
2575 743 2736 813 jussit
2759 745 2952 799 adduci
2979 747 3170 812 alium,
3203 759 3256 803 et
3284 751 3421 805 dixit
3445 751 3533 806 ei:

1963 828 2159 885 Semen
2187 831 2470 899 Chanaan,
2500 844 2554 888 et
2584 850 2691 887 non
2729 834 2898 901 Jnda,
2949 842 3159 906 species
3213 843 3433 897 seduxit
3461 852 3533 908 te.

1959 929 2015 976 et
2034 924 2476 992 concupiscentia
2511 915 2779 980 subvertit
2807 943 2903 981 cur
2933 938 3108 982 tuum.

2024 1092 2115 1149 57.
2146 1096 2237 1150 Sic
2268 1096 2551 1152 faciebatis
2585 1100 2799 1155 ﬁliabus
2841 1101 3027 1169 Israel,
3065 1118 3120 1160 ct
3155 1107 3259 1161 illae
3282 1109 3535 1164 timentes

1956 1184 2323 1255 loquebantur
2352 1191 2506 1244 vobis
2532 1206 2545 1243 :
2580 1193 2672 1247 sed
2704 1209 2810 1248 non
2845 1194 2953 1250 (ilia
2981 1194 3119 1250 Juda
3145 1199 3406 1253 sustinuit
3429 1202 3536 1254 iui-

1955 1277 2218 1347 quitatem
2254 1288 2516 1334 vestram.

2026 1369 2118 1422 58.
2152 1367 2310 1425 Nunc
2333 1387 2463 1441 ergo
2492 1373 2580 1428 dic
2634 1375 2766 1428 mihi
2791 1393 2806 1442 ;
2836 1378 2939 1430 sub
2986 1394 3093 1447 qua
3142 1379 3340 1435 arbore
3380 1397 3533 1436 com-

1954 1460 2290 1529 prehendisti
2321 1478 2418 1518 eos
2450 1464 2735 1534 loquentes
2793 1468 3065 1523 invicem?
3122 1471 3226 1537 Qui
3261 1489 3391 1528 vero
3421 1476 3531 1529 ait:

1954 1550 2069 1606 Sub
2097 1554 2272 1621 prino.

2023 1643 2111 1699 59.
2150 1642 2291 1699 Dixit
2315 1656 2497 1700 autem
2530 1644 2720 1702 Daniel
2752 1664 2764 1701 :
2807 1647 2974 1705 Recte
3018 1655 3280 1709 mentitus
3304 1670 3362 1709 es
3389 1667 3442 1710 et
3475 1664 3530 1709 tu

1952 1733 2007 1788 in
2042 1746 2205 1806 caput
2243 1747 2400 1791 tuum
2433 1755 2448 1792 :
2478 1748 2665 1793 manet
2693 1740 2840 1794 enim
2880 1743 3107 1811 angelus
3154 1742 3246 1798 Dei
3288 1745 3530 1813 gladium

1954 1827 2163 1883 habens
2214 1828 2283 1884 ad
2344 1830 2640 1885 secandum
2689 1840 2740 1887 te
2790 1833 3064 1900 medium,
3114 1845 3176 1889 ut
3206 1838 3533 1893 exterminet
3644 1834 3659 1843 “

1954 1934 2072 1975 VOS.

2026 2013 2117 2067 60.
2160 2013 2223 2068 Et
2249 2015 2575 2070 exclamavit
2601 2030 2733 2071 voce
2766 2022 2963 2089 magna
3005 2019 3185 2076 omnis
3231 2035 3528 2092 synagoga,

1951 2115 2007 2161 et
2033 2105 2429 2162 benedixcrunt
2456 2106 2587 2174 Deo,
2620 2108 2714 2180 qui
2743 2110 2916 2165 salvat
2943 2120 3223 2180 sperantes
3252 2113 3305 2166 in
3336 2129 3416 2169 se.

2023 2279 2110 2334 61.
2144 2278 2208 2334 Et
2237 2293 2704 2338 consurrexerunt
2733 2286 2995 2342 adversus
3016 2287 3156 2342 duos
3182 2291 3530 2363 presbyteros

1954 2372 2284 2442 (convicerat
2316 2374 2460 2428 enim
2495 2375 2677 2429 Daniel
2701 2392 2764 2430 ex
2793 2392 2886 2432 ore
2915 2378 3177 2448 ipsorum,
3223 2380 3417 2437 falsum
3446 2386 3530 2440 di-

1954 2465 2102 2521 xisse
2135 2465 2556 2536 testimonium),
2593 2479 2646 2521 et
2674 2468 2922 2524 fecerunt
2959 2472 3039 2525 eis
3069 2473 3211 2528 sicut
3258 2477 3529 2533 malitiose

1952 2566 2177 2627 egerant
2254 2557 2516 2613 adversus
2585 2562 2898 2629 proximum
2980 2565 3282 2620 secundum
3354 2569 3527 2640 legem

1953 2646 2113 2702 Mosi.

2025 2737 2115 2793 62.
2159 2738 2228 2794 Ει
2254 2737 2651 2795 interfecerunt
2681 2756 2797 2807 eos,
2825 2751 2880 2797 et
2924 2742 3169 2800 salvatus
3193 2754 3277 2801 est
3304 2749 3528 2818 sanguis

1953 2831 2215 2887 innoxius
2244 2832 2297 2886 in
2327 2833 2416 2887 die
2444 2833 2556 2887 illa.

2022 2922 2111 2978 63.
2151 2922 2401 2980 Chelcias
2425 2935 2630 2991 autem,
2658 2934 2713 2979 et
2741 2939 2879 2980 uxor
2900 2927 3019 2996 ejus
3046 2926 3405 2984 laudaverunt
3428 2947 3528 3001 pro

1954 3019 2066 3075 lilia
2089 3034 2190 3074 sua
2220 3019 2495 3080 Susanna,
2520 3034 2644 3074 eum
2673 3018 2886 3075 Joakim
2938 3022 3135 3078 marito
3168 3023 3309 3092 ejus,
3346 3035 3401 3079 et
3430 3042 3528 3081 co-

1954 3113 2132 3184 gnatis
2156 3112 2434 3180 omnibus,
2477 3112 2610 3183 quia
2656 3127 2767 3168 non
2831 3124 2978 3169 esset
3009 3115 3229 3170 inventa
3257 3116 3313 3172 in
3342 3132 3406 3172 ea
3440 3135 3529 3175 res

1877 3224 1920 3284 ο
1955 3205 2154 3275 turpis.

2022 3297 2114 3353 64.
2153 3296 2220 3353 Et
2242 3295 2428 3351 Daniel
2486 3295 2675 3351 factus
2728 3306 2811 3351 cst
2862 3311 3093 3367 magnus
3119 3298 3173 3353 in
3232 3311 3528 3371 conspectu

1951 3389 2135 3459 populi
2173 3405 2202 3443 a
2233 3389 2322 3444 die
2350 3390 2462 3452 illa,
2490 3402 2541 3445 et
2571 3390 2851 3459 deinceps.

2022 3481 2113 3536 65.
2154 3479 2219 3536 Et
2244 3497 2338 3536 rex
2363 3483 2625 3552 Astyages
2653 3483 2935 3552 appositus
2955 3492 3039 3538 est
3073 3481 3139 3537 ad
3175 3491 3353 3552 patres
3373 3498 3534 3546 suos,

1951 3579 2008 3627 et
2036 3572 2279 3642 suscepit
2301 3572 2477 3643 Cyrus
2504 3571 2697 3628 Perses
2726 3589 2952 3644 regnum
2983 3574 3123 3644 ejus.

2534 3772 2763 3829 CAPUT
2821 3772 2962 3830 XIV.

2023 3867 2076 3922 l.
2116 3867 2183 3921 Et
2203 3877 2319 3922 erat
2349 3867 2536 3923 Daniel
2560 3870 2789 3923 conviva
2814 3869 2978 3939 regis,
3029 3884 3085 3926 et
3116 3873 3415 3925 honoratus
3436 3886 3521 3927 su-

1952 3973 2048 4029 per
2076 3973 2269 4012 omnes
2295 3958 2504 4013 amicos
2533 3959 2673 4028 ejus.

2020 4050 2088 4104 2.·
2117 4048 2183 4103 Ει
2214 4058 2331 4104 erat
2373 4049 2579 4104 idolum
2609 4048 2944 4119 Babyloniis,
3004 4052 3090 4106 cui
3143 4068 3341 4106 nomen
3389 4051 3484 4107 Bel
3513 4070 3529 4105 :

1949 4152 2007 4198 et
2027 4142 2483 4212 impendebantur
2514 4142 2567 4195 in
2589 4156 2655 4195 eo
2685 4157 2782 4211 per
2806 4141 3051 4210 singulos
3075 4143 3192 4197 dies
3222 4144 3415 4197 simila:
3440 4159 3530 4196 ar-

1950 4232 2088 4286 tabze
2114 4231 2419 4297 duodecim,
2447 4238 2503 4286 et
2535 4246 2663 4285 oves
2691 4229 3049 4300 quadraginta
3070 4268 3087 4295 ,
3141 4239 3195 4283 et
3231 4230 3340 4283 vini
3369 4245 3528 4284 meno

1952 4340 2015 4380 δυ
2027 4340 2096 4379 ra!
2117 4339 2232 4379 sex.

2019 4414 2072 4467 5.
2114 4412 2179 4466 Ει
2207 4428 2299 4468 rex
2337 4412 2551 4467 colebat
2576 4426 2723 4476 eum,
2750 4419 2805 4465 et
2851 4409 2966 4465 ibat
3013 4426 3106 4464 rex
3152 4426 3248 4481 per
3284 4410 3526 4480 singulos

1947 4504 2065 4559 dies
2118 4506 2351 4560 adorare
2403 4520 2570 4560 eum:
2623 4518 2787 4574 porro
2808 4501 3001 4557 Daniel
3051 4503 3315 4558 adorabat
3355 4502 3525 4558 Deum

268 4609 476 4681 Δανιὴλ
503 4609 560 4662 δὲ
586 4607 910 4684 προσεκύνει
934 4608 1012 4678 τῷ
1033 4607 1152 4677 Θεῷ
1175 4608 1340 4661 αὐτοῦ
1363 4625 1377 4640 ο
1402 4608 1498 4661 καὶ
1518 4603 1669 4661 εἶπεν
1694 4607 1844 4679 αὐτῷ

1951 4613 2133 4653 suum.
2169 4599 2426 4668 Dixitque
2456 4598 2507 4654 ei
2534 4613 2664 4655 rex:
2690 4597 2874 4664 Quare
2909 4612 3016 4651 non
3061 4597 3260 4653 adoras
3289 4595 3425 4652 Bel?

262 4704 292 4755 ὁ
319 4701 594 4771 βασιλεὺς,
624 4699 767 4753 διατί
792 4700 853 4751 οὐ
886 4701 1211 4769 προσκυνεῖς
1233 4698 1311 4766 τῷ
1339 4698 1449 4767 Βὴλ
1474 4714 1488 4762 ;

251 4838 257 4843 .
336 4789 393 4845 4.
441 4790 503 4843 '0
530 4788 587 4842 δὲ
621 4789 772 4842 εἶπεν
810 4788 979 4859 αὐτῷ,
1003 4790 1084 4842 ὅτι
1111 4789 1172 4841 οὐ
1201 4787 1431 4857 σέϐομαι
1452 4788 1642 4842 εἴδωλα
1667 4806 1846 4860 χειρο-

262 4880 488 4950 ποίητα,
515 4879 657 4934 ἀλλὰ
703 4878 903 4950 μᾶλλον
932 4879 1026 4931 τὸν
1069 4879 1202 4931 Θεὸν
1235 4878 1327 4930 τὸν
1356 4876 1558 4942 ζῶντα,
1604 4878 1695 4930 τὸν
1728 4878 1848 4930 κτί-

263 4988 438 5026 σαντα
481 4971 573 5026 rev
601 4968 830 5041 οὐρανὸν
873 4971 965 5023 καὶ
1009 4969 1109 5041 τὴν
1148 4969 1272 5040 γῆν,
1312 4969 1403 5023 καὶ
1440 4967 1634 5038 ἔχοντα
1664 4969 1847 5038 πάσης

261 5064 470 5133 σαρκὸς
497 5063 742 5132 κυρείαν.
960 5060 971 5069 ’

332 5156 389 5210 5.
423 5155 535 5208 Kal
564 5150 717 5207 εἶπεν
741 5151 894 5224 αὐτῷ
914 5154 942 5206 ὀ
976 5150 1229 5222 βασιλεύς
1247 5167 1263 5182 ο
1296 5150 1370 5204 Οὐ
1409 5150 1557 5204 δοκεῖ
1580 5168 1661 5204 σοι
1681 5153 1708 5204 ὁ
1738 5150 1848 5223 Βὴλ

258 5242 407 5302 εἶναι
434 5246 557 5310 θεὸς
586 5246 733 5311 (GN;
788 5245 822 5314 ἢ
870 5245 968 5316 οὐχ
1003 5245 1137 5315 ὁρᾷς
1174 5245 1275 5297 ὅσα
1322 5241 1520 5308 ἐσθίει,
1564 5244 1659 5297 καὶ
1701 5243 1847 5297 πίνει

257 5339 386 5394 καθ’
409 5341 650 5409 ἑκάστην
684 5338 900 5409 ἡμέραν
918 5354 932 5402 ;

333 5431 387 5488 6.
422 5432 534 5485 Kal
562 5426 683 5483 εἶπε
715 5428 915 5499 Δανιὴλ
942 5428 1178 5497 γελάσας
1198 5445 1213 5459 ο
1243 5427 1336 5498 Μὴ
1370 5426 1575 5492 πλανῶ,
1602 5425 1844 5497 βασιλεῦ,

255 5517 418 5585 οὗτος
440 5521 549 5592 γὰρ
570 5519 776 5574 ἐσωθέν
797 5521 916 5572 ἐστι
951 5517 1146 5590 πηλὸς,
1176 5517 1376 5585 ἔξωθεν
1408 5517 1464 5571 δὲ
1500 5518 1718 5588 χαλκὸς,
1751 5520 1846 5572 καὶ

246 5614 327 5677 ,οὐ
351 5613 629 5685 βέϐρωκεν
662 5612 943 5666 οὐδέποτε.

333 5704 388 5757 7.
409 5705 522 5758 Kal
562 5703 834 5774 θυμωθεὶς
858 5701 888 5755 ό
913 5699 1166 5773 βασιλεὺς
1249 5700 1475 5756 ἐκάλεσε
1506 5701 1633 5764 τοὺς
1679 5701 1843 5770 ἱερεῖς

259 5795 452 5859 αὐτοῦ,
489 5796 586 5849 καὶ
614 5789 767 5848 εἶπεν
814 5794 998 5856 αὐτοῖς
1018 5806 1031 5821 ·
1079 5792 1204 5845 Ἐὰν
1242 5792 1317 5863 μὴ
1346 5791 1536 5863 εἴπητέ
1570 5808 1680 5861 μοι,
1710 5792 1792 5853 τίς
1816 5791 1845 5842 ό

265 5885 570 5942 κατεσθίων
600 5886 698 5959 τὴν
723 5887 964 5957 δαπάνην
994 5883 1218 5954 ταύτην,
1250 5883 1628 5938 ἀποθανεῖσθε.

2019 4773 2075 4826 4.
2115 4773 2186 4827 At
2215 4772 2304 4827 ille
2332 4772 2472 4826 dixit
2507 4771 2556 4826 ei
2593 4790 2608 4827 :
2641 4770 2779 4838 Quia
2809 4787 2918 4826 non
2966 4771 3091 4826 colo
3144 4771 3288 4824 idola
3330 4785 3528 4823 manu-

1950 4865 2114 4931 faeta,
2145 4867 2238 4921 sed
2278 4866 2452 4935 magis
2501 4864 2673 4918 Deum
2711 4864 3001 4929 viventem,
3070 4880 3162 4931 qui
3191 4862 3394 4915 ereavit
3418 4877 3528 4916 cm—

1951 4960 2060 5013 lum
2101 4998 2116 5023 ,
2143 4966 2198 5013 et
2222 4966 2446 5022 terram,
2470 4968 2524 5011 et
2557 4957 2719 5011 habet
2747 4966 3069 5027 potestatem
3108 4954 3287 5008 omnis
3317 4954 3518 5008 carnis.

2021 5158 2076 5212 5.
2117 5157 2182 5212 Ει
2210 5158 2285 5212 ait
2314 5172 2406 5211 rex
2438 5155 2503 5210 ad
2537 5170 2659 5210 eum
2693 5173 2708 5208 :
2736 5153 2855 5208 Non
2900 5152 3115 5206 videtur
3149 5146 3244 5205 tibi
3279 5150 3370 5206 Bel
3403 5169 3524 5209 esse

1948 5250 2093 5306 Deus
2144 5249 2479 5306 vivens'iAn
2537 5262 2645 5303 non
2698 5247 2869 5311 vides,
2926 5254 3129 5316 quanta
3172 5247 3442 5313 comedat,
3472 5256 3525 5301 et

1948 5343 2100 5400 bibat
2123 5341 2365 5413 quotidie
2384 5342 2409 5394 ἲ

2018 5435 2071 5493 6.
2114 5435 2274 5490 Etait
2302 5433 2487 5488 Daniel
2509 5431 2691 5486 ridens
2716 5447 2729 5484 :
2755 5427 2833 5483 Nc
2863 5443 3036 5494 erres,
3071 5445 3166 5484 rex
3202 5448 3214 5483 :
3246 5429 3347 5484 iste
3375 5430 3521 5484 enim

1948 5528 2283 5584 intrinsecus
2312 5533 2396 5581 est
2426 5525 2624 5587 luteus,
2655 5520 2962 5575 forinsecus
2992 5531 3174 5577 autem
3203 5536 3398 5588 terens,
3423 5534 3518 5576 ne-

1946 5636 2053 5691 que
2086 5619 2321 5677 comedit
2345 5614 2658 5686 aliquando.

2016 5710 2071 5763 7.
2115 5708 2180 5763 Et
2206 5708 2380 5763 iratus
2422 5719 2515 5758 rex
2573 5700 2786 5757 vocavit
2815 5701 3133 5758 sacerdotes
3184 5706 3325 5775 ejus,
3356 5714 3410 5761 et
3445 5703 3522 5759 ait

1946 5802 2070 5856 eis:
2103 5799 2221 5856 Nisi
2251 5796 2501 5853 dixeritis
2531 5795 2667 5849 mihi
2726 5791 2850 5863 quis
2878 5799 2980 5859 est,
3023 5796 3120 5863 qui
3153 5799 3389 5854 comedi;
3421 5798 3523 5852 im.

1948 5907 2150 5961 pensas
2190 5892 2308 5958 has,
2340 5888 2673 5947 moriemini.
