4064 6430
518 453 660 510 2905

1583 437 1833 494 DANIEL
1859 437 1934 495 JU
1948 434 1987 490 Χ
1999 434 2086 489 TA
2127 433 2218 489 Tll
2230 436 2678 494 EODOTIONEM

3641 439 3793 497 2904

591 565 644 619 8.
688 561 747 617 Si
805 568 985 615 autem
1019 555 1368 614 ostenderitis
1419 556 1675 626 quoniam
1720 554 1810 608 Del
1853 551 2103 607 comedat

2278 553 2330 608 8.
2372 554 2497 607 Ἐὰν
2546 554 2604 608 δὲ
2631 553 2844 626 δείξητε
2875 595 2889 620 ,
2936 553 3020 608 δτι
3067 555 3097 608 6
3148 551 3259 625 Βὴλ
3306 550 3584 605 κατεσθίει
3619 549 3797 618 αὐτὰ,

521 657 657 718 haec,
714 651 980 706 morietur
1015 648 1222 712 Daniel,
1254 648 1382 717 quia
1433 644 1827 715 blaspltemavit
1876 642 1930 696 in
1982 640 2094 694 Bel.

511 747 571 802 ﬁt
624 744 761 799 dixit
798 741 987 797 Daniel
1040 741 1195 811 regi:
1233 737 1355 792 Fiat
1389 738 1543 808 juxta
1603 736 1827 789 verbum
1878 743 2054 787 tuum.

591 920 645 974 9.
689 917 858 972 Erant
891 926 1072 970 autem
1100 912 1414 968 sacerdotes
1443 909 1536 964 Bel
1581 908 1946 979 septuaginta,
2001 922 2099 961 ex-

522 1012 691 1081 ceptis
727 1010 1009 1074 uxoribus,
1041 1017 1095 1062 et
1124 1006 1291 1062 ﬁliis:
1322 1015 1377 1059 et
1428 1003 1575 1058 venit
1600 1018 1695 1057 rex
1718 1018 1842 1055 cum
1880 999 2102 1056 Daniele

524 1105 578 1159 in
604 1106 827 1159 domum
859 1101 1026 1156 Belis.

597 1197 685 1251 10.
728 1195 951 1250 Etdixit
980 1191 1235 1247 sacerdos
1283 1188 1430 1244 Belis
1484 1209 1496 1243 :
1552 1185 1693 1242 Ecce
1738 1201 1839 1240 nos
1891 1184 2105 1255 egredi-

528 1308 651 1346 mur
677 1290 866 1345 l'oras:
911 1297 968 1341 tu
995 1297 1175 1340 autem
1206 1299 1297 1338 rex
1332 1296 1546 1352 appone
1578 1295 1758 1345 escas,
1809 1290 1863 1334 et
1916 1280 2102 1331 vinunt

528 1385 768 1439 miscens
813 1394 974 1451 pone,
1034 1387 1089 1434 et
1141 1377 1333 1432 claude
1378 1375 1603 1441 ostium,
1631 1382 1687 1428 et
1718 1374 1872 1442 signa
1903 1369 2106 1425 annulo

525 1488 638 1531 tuo.

600 1570 687 1621 11.
729 1566 796 1621 Et
830 1564 1057 1619 veniens
1091 1577 1272 1627 mane,
1333 1560 1441 1615 nisi
1501 1556 1774 1614 inveneris
1809 1555 1992 1610 omnia
2014 1567 2110 1607 co-

527 1668 700 1712 ntesta
742 1673 768 1708 a
800 1653 914 1719 Bel,
948 1654 1267 1716 moriemur,
1303 1648 1388 1705 vel
1437 1647 1650 1712 Daniel,
1696 1647 1791 1716 qui
1844 1644 2110 1700 mentitus

527 1760 610 1803 est
645 1738 907 1801 adversus
942 1758 1066 1798 nos.

603 1835 692 1888 12.
735 1833 841 1903 lpsi
876 1840 1057 1886 autem
1087 1828 1527 1893 contemnebant,
1568 1827 1697 1897 quia
1741 1824 1983 1880 fecerant
2007 1823 2111 1879 sub

531 1940 720 1980 mensa
742 1923 1118 1977 absconditum
1153 1921 1461 1985 introitum,
1492 1928 1548 1974 et
1588 1933 1687 1988 per
1733 1917 1885 1971 illum
1928 1917 2113 1987 ingre-
2145 1914 2187 1968 Β

532 2019 826 2074 diebantur
858 2016 1140 2078 continuo,
1172 2024 1227 2067 et
1260 2011 1581 2067 auferebam
1605 2025 1685 2064 ea.

605 2112 694 2165 l3.
735 2108 800 2162 Et
831 2106 1037 2161 factum
1071 2113 1174 2168 est,
1211 2114 1500 2173 postquam
1532 2102 1704 2156 exivit
1744 2100 1888 2166 inde,
1935 2109 1989 2154 et
2016 2112 2112 2154 rex

532 2204 789 2271 apposuit
830 2200 982 2253 cibos
1033 2204 1161 2250 ante
1222 2196 1347 2248 Bel:
1381 2192 1636 2264 praecepit
1696 2190 1883 2246 Daniel
1926 2191 2114 2261 pueris

534 2295 670 2359 suis,
700 2303 754 2346 ct
781 2291 1077 2345 attulerunt
1109 2288 1347 2343 cinerem
1376 2326 1391 2352 ,
1441 2298 1493 2340 et
1554 2294 1874 2355 sparserunt
1906 2299 2001 2352 per
2029 2294 2113 2337 to-

534 2396 652 2441 tum
710 2384 973 2453 templum
1020 2396 1208 2436 coram
1242 2395 1368 2451 rege
1402 2398 1415 2434 :
1478 2378 1759 2448 etegressi
1799 2378 2116 2431 clauserunt

535 2478 764 2536 ostium,
792 2483 846 2528 et
876 2475 1231 2544 signaverunt
1252 2471 1459 2525 annulo
1490 2471 1653 2540 regis,
1681 2479 1735 2523 et
1763 2469 2039 2523 abierunt.

612 2656 699 2712 M.
738 2655 1064 2711 Sacerdotes
1096 2662 1279 2707 autem
1333 2651 1563 2721 ingressi
1596 2659 1725 2706 sunt
1763 2657 1920 2705 nocte
1958 2648 2114 2720 juxta

537 2750 996 2807 consuetudinem
1060 2762 1217 2802 suam
1277 2744 1402 2814 ipsi,
1462 2752 1515 2797 et
1575 2756 1775 2797 uxores
1805 2756 2018 2804 eorum,
2061 2748 2117 2793 et

540 2844 636 2899 lilii
666 2857 855 2897 eorum
886 2881 900 2906 ,
933 2849 988 2895 et
1024 2838 1383 2894 comederunt
1415 2835 1621 2901 omnia,
1649 2845 1703 2888 et
1736 2834 2008 2888 biberunt.

610 2934 697 2990 15.
738 2932 989 2988 Surrexit
1011 2941 1193 2986 autem
1222 2944 1316 2983 rex
1344 2928 1520 2999 primo
1564 2927 1825 2993 diluculo,
1845 2934 1901 2981 et
1931 2924 2118 2979 Daniel

541 3046 666 3084 Clllll
694 3043 782 3082 ρο.

621 3119 707 3174 16.
751 3117 815 3173 Et
843 3118 918 3173 ait
942 3133 1035 3172 rex
1065 3132 1077 3169 :
1117 3115 1279 3171 Salva
1310 3123 1439 3170 sunt
1465 3113 1766 3185 signacula,
1800 3111 1986 3167 Daniel
2007 3111 2030 3165 ?
2050 3111 2120 3164 At

536 3214 631 3271 ille
667 3214 840 3268 dixit:
865 3211 1046 3275 Salva,
1080 3225 1194 3264 rex.

617 3308 702 3360 17.
747 3303 812 3359 Ει
845 3304 1048 3359 factum
1077 3311 1162 3358 est
1199 3300 1364 3357 simul
1415 3313 1480 3355 ac
1517 3299 1733 3370 aperuit
1768 3297 1943 3363 ostia,
1981 3294 2123 3365 aspi-

546 3396 695 3454 ciens
717 3414 808 3451 rex
837 3412 1002 3466 super
1033 3410 1298 3460 mensam,
1332 3392 1662 3449 exclamavit
1710 3406 1846 3445 voce
1885 3403 2078 3459 magna
2105 3406 2118 3441 :

542 3488 771 3560 Magnus
801 3506 861 3544 es
890 3488 1002 3554 Bel,
1035 3496 1089 3543 et
1118 3502 1226 3543 non
1262 3496 1343 3542 est
1375 3485 1521 3558 apud
1549 3495 1602 3538 te
1630 3484 1777 3537 ullus
1793 3481 1994 3536 dolus.-

621 3660 704 3716 l8.
748 3660 813 3715 Et
841 3660 962 3716 risit
989 3659 1200 3723 Daniel,
1234 3672 1288 3715 et
1325 3659 1498 3714 tenuit
1534 3673 1738 3728 regem,
1775 3674 1841 3712 ne
1870 3656 2124 3728 ingrede-

545 3764 695 3809 retur
720 3756 887 3814 intro,
937 3761 991 3806 et
1041 3753 1214 3808 dixit:
1246 3750 1385 3807 Vide
1444 3766 1588 3806 nunc
1639 3751 2032 3821 pavimentum,
2069 3760 2125 3805 et

545 3847 939 3909 animadverte,
964 3844 1124 3915 cujus
1162 3844 1391 3913 veStigia
1433 3851 1565 3898 sunt
1595 3842 1734 3898 hate.

617 3937 706 3993 19.
747 3937 813 3992 Et
841 3938 979 3992 dixit
1007 3953 1138 3992 rex:
1170 3934 1343 3991 Video
1367 3935 1594 4005 vestigia
1627 3935 1868 3989 virorqu
1890 3924 1986 4001 ,‘ct
2011 3949 2123 3989 mu-

547 4031 765 4095 lierum,
797 4040 851 4084 et
886 4030 1240 4101 parvulorum
1275 4044 1290 4082 :
1326 4037 1380 4082 et
1414 4027 1588 4110 iratus
1617 4042 1730 4082 rex.

616 4120 871 4177 20.Tunc
885 4121 1242 4193 apprehendit
1264 4119 1601 4185 sacerdotes,
1615 4128 1669 4174 et
1686 4134 1883 4174 uxores
1909 4133 2122 4184 eorum,

544 4226 602 4270 et
633 4215 771 4271 lilios
808 4229 1032 4269 eorum:
1057 4223 1113 4268 et
1139 4212 1502 4268 ostenderunt
1527 4211 1577 4266 ei
1613 4212 1934 4267 abscondita
1961 4212 2123 4273 ostia,

548 4322 645 4379 per
671 4322 791 4376 qua:
820 4306 1285 4376 ingrediebantur,
1319 4312 1376 4358 et
1403 4305 1799 4359 consumebant
1826 4316 1949 4373 qua
1972 4311 2130 4358 erant

547 4399 605 4452 in
642 4412 853 4452 mensa.

620 4487 712 4542 21.
754 4486 965 4540 Occidit
1001 4500 1132 4554 ergo
1159 4485 1307 4551 illos,
1338 4494 1394 4539 et
1417 4485 1507 4541 Bel
1542 4486 1769 4541 tradidit
1801 4487 1858 4541 in
1888 4494 2130 4556 potesta-

2205 645 2560 699 ἀποθανεῖται
2585 646 2805 717 Δανιὴλ,
2834 646 2916 699 ὅτι
2946 645 3369 716 ἐϐλασφήμησεν
3398 644 3477 706 είς
3515 642 3607 697 τὸν
3637 643 3760 715 Βὴλ
3780 659 3797 674 ·

2207 736 2302 788 καὶ
2330 729 2483 789 εἷπεν
2499 735 2696 807 Δανιὴλ.
2723 734 2800 806 τῷ
2825 734 3064 806 βασιλεῖ·
3097 733 3348 788 Γενέσθω
3374 731 3515 786 κατὰ
3542 732 3604 786 τδ
3632 734 3805 805 ῥῆμά

2210 843 2327 882 σου.

2280 919 2332 973 9.
2360 918 2471 971 Kal
2493 913 2632 989 ἦσαν
2656 920 2821 990 ἱερεῖς
2847 918 2941 971 τοῦ
2965 916 3073 989 Βὴλ
3113 917 3482 989 ἐϐδομήκοντα
3503 917 3662 982 ἐκτὸς
3689 934 3796 987 γυ-

2209 1009 2433 1075 ναικῶν,
2472 1010 2567 1063 καὶ
2603 1009 2840 1064 τέκνων·
2870 1008 2966 1063 καὶ
2998 1004 3162 1081 ἦλθεν
3185 1011 3212 1063 6
3234 1008 3484 1079 βασιλεὺς
3524 1009 3668 1079 μετὰ
3689 1011 3808 1063 Δα-

2146 1156 2155 1163 ,
2210 1101 2329 1172 νιὴλ
2357 1103 2437 1165 είς
2455 1101 2545 1153 τὸν
2582 1096 2730 1155 οἷκον
2760 1101 2855 1154 τοῦ
2884 1101 3014 1172 Βὴλ.

2284 1195 2369 1247 10.
2403 1195 2511 1247 Kal
2544 1188 2700 1247 εἶπεν
2725 1196 2753 1246 6
2792 1193 2972 1264 ἱερεὺς
3000 1193 3145 1265 Βήλ·
3190 1192 3323 1246 Ἰδοὺ
3355 1194 3519 1265 ἡμεῖς
3552 1192 3803 1264 ἀποτρέ-

2212 1303 2379 1357 χομεν
2424 1286 2529 1350 ἔξω
2552 1304 2565 1318 ·
2614 1287 2677 1340 σὺ
2721 1285 2798 1353 δὲ,
2836 1285 3091 1355 βασιλεῦ,
3129 1284 3372 1356 παράθες
3401 1284 3471 1338 τὰ
3503 1282 3795 1356 βρώματα,

2214 1379 2307 1432 καὶ
2335 1378 2425 1431 τὸν
2462 1374 2604 1431 οῐνον
2632 1378 2875 1450 κεράσας
2904 1377 3013 1444 θὲς,
3047 1379 3142 1430 καὶ
3191 1374 3513 1430 ἀπόκλεισον
3548 1374 3646 1444 τὴν
3697 1373 3798 1426 θύα

2218 1486 2335 1539 ραν,
2365 1467 2460 1522 καὶ
2488 1469 2788 1538 σφράγισον
2817 1468 2896 1538 τῷ
2919 1467 3193 1538 δακτυλίῳ
3218 1484 3333 1520 σου.

2286 1563 2373 1616 11.
2408 1563 2517 1615 Kal
2544 1560 2715 1615 ἐλθὼν
2744 1560 2909 1632 πρωῒ,
2942 1561 3038 1615 ἐὰν
3069 1561 3143 1632 μὴ
3168 1559 3336 1631 εὖρῃς
3375 1558 3553 1612 πάντα
3580 1555 3809 1628 βεϐρω-

2220 1652 2355 1723 μένα
2377 1651 2483 1705 ύπδ
2500 1652 2592 1704 τοῦ
2624 1651 2754 1723 Βὴλ,
2788 1649 3236 1723 ἀποθανούμεθα,
3259 1650 3292 1720 ἦ
3328 1647 3526 1718 Δανιὴλ
3551 1649 3580 1701 6
3600 1645 3813 1716 ψευδό-

2220 1762 2379 1816 μενος
2419 1743 2542 1797 καθ’
2570 1744 2746 1815 ὴμῶν.

2290 1835 2376 1889 12.
2415 1836 2580 1888 Aurel
2623 1836 2678 1888 δὲ
2712 1833 3101 1906 κατεφρόνουν,
3145 1834 3228 1886 ὅτι
3259 1831 3658 1901 πεποιήκεισαν
3694 1827 3815 1881 ὑπὸ

2216 1926 2315 1998 τὴν
2352 1926 2632 1997 τράπεζαν
2679 1925 3074 1997 κεκρυμμένην
3114 1923 3339 1985 εἴσοδον,
3373 1922 3468 1975 καὶ
3510 1920 3577 1973 δι’
3625 1920 3815 1991 αὐτῆς

2217 2019 2632 2089 εἰσεπορεύοντο
2661 2018 2860 2085 διόλου,
2887 2017 2982 2071 καὶ
3003 2015 3234 2087 ἀνήλουν
3268 2015 3427 2068 αὑτά.

2292 2111 2378 2165 15.
2417 2111 2527 2163 Kal
2553 2111 2773 2180 ἐγένετο
2805 2111 2879 2174 ὼς
2911 2110 3134 2180 ἐξῆλθεν
3172 2107 3403 2169 ἐκεῖθεν,
3456 2105 3551 2160 καὶ
3583 2105 3613 2158 6
3644 2104 3818 2175 βασι-

2217 2201 2343 2266 λεὺς
2392 2202 2671 2275 παρέθηκε
2728 2201 2800 2256 τὰ
2842 2200 3109 2273 βρώματα
3141 2199 3219 2271 τῷ
3246 2199 3391 2269 Βήλο
3425 2199 3520 2251 καὶ
3570 2197 3817 2264 ἐπέταξε

2219 2293 2421 2363 Δανιὴλ
2455 2297 2570 2356 τοῖς
2616 2293 2924 2363 παιδαρίοις
2951 2290 3116 2345 αὑτοῦ
3137 2332 3154 2357 ,
3184 2292 3279 2344 καὶ
3305 2291 3543 2363 ἤνεγκαν
3571 2288 3814 2358 τέφραν,

2220 2386 2317 2438 καὶ
2349 2386 2675 2439 κατέσεισαν
2706 2386 2826 2439 ὅλον
2853 2386 2942 2438 τὸν
2969 2385 3096 2438 ναὸν
3124 2383 3354 2437 ἐνώπιον
3379 2381 3472 2435 τοῦ
3513 2380 3816 2450 βασιλέως

2221 2478 2318 2530 καὶ
2338 2478 2648 2544 ἐξελθόντες
2673 2478 2920 2531 ἔκλεισαν
2947 2478 3048 2546 τὴν
3070 2475 3261 2545 θύραν,
3289 2473 3383 2527 καὶ
3402 2472 3821 2544 ὲσφραγίσαντο

2221 2572 2280 2623 ὲν
2308 2569 2385 2640 τῷ
2404 2569 2669 2638 δακτυλίῳ
2704 2568 2797 2621 τοῦ
2830 2568 3118 2637 βασιλέως,
3153 2567 3248 2619 καὶ
3289 2563 3553 2635 ἀπῆλθον.

2298 2663 2383 2717 14.
2416 2665 2476 2715 Οἱ
2507 2662 2563 2715 δὲ
2591 2663 2755 2734 ἱερεῖς
2798 2660 3049 2731 εἰσῆλθον
3076 2660 3174 2729 τὴν
3216 2657 3387 2710 νύκτα
3420 2655 3564 2708 κατὰ
3595 2655 3659 2708 τδ
3689 2655 3819 2719 ἔθος

2222 2751 2401 2806 αὐτῶν
2428 2752 2603 2817 αὐτοὶ,
2636 2752 2730 2803 καὶ
2776 2751 2831 2803 ai
2858 2752 3120 2818 γυναῖκες
3157 2747 3362 2811 αὐτῶν,
3396 2745 3491 2799 καὶ
3541 2743 3611 2798 τὰ
3642 2744 3817 2798 τέκνα

2222 2845 2419 2912 αὐτῶν,
2449 2847 2544 2897 καὶ
2576 2845 2888 2912 κατέφαγον
2929 2842 3129 2902 πάντα,
3156 2841 3251 2892 καὶ
3285 2839 3523 2903 ἐξέπιον.

2296 2938 2382 2992 15.
2407 2936 2518 2990 Kal
2545 2935 2812 3007 ὡρθρισεν
2845 2937 2873 2988 6
2901 2933 3159 3004 βασιλεὺς
3192 2933 3255 2985 τὸ
3289 2930 3454 3004 πρωῒ,
3479 2931 3570 2984 καὶ
3598 2927 3811 3002 Δανιὴλ

2228 3022 2344 3103 μετ’
2369 3027 2554 3083 αὐτοῦ.
3625 3038 3630 3042 ·

2300 3122 2385 3178 16.
2418 3122 2529 3175 Kal
2555 3110 2707 3173 εἶπεν
2740 3120 2768 3172 ὁ
2794 3116 3048 3189 βασιλεύς
3068 3132 3080 3144 ·
3125 3116 3260 3169 Σῶοι
3285 3117 3341 3169 al
3362 3114 3679 3185 σφραγῖδες,
3706 3115 3818 3167 Δα-

2221 3214 2374 3285 νιήλ;
2421 3213 2479 3268 Ὀ
2510 3212 2569 3266 δὲ
2590 3208 2742 3265 εἶπεν
2763 3228 2777 3241 ο
2803 3210 2963 3274 Σῶοι,
3007 3208 3251 3279 βασιλεῦ.

2300 3303 2385 3357 17.
2416 3302 2776 3369 Καὶέγένετο
2816 3299 2933 3370 ἅμα
2985 3298 3046 3352 τὸ
3085 3300 3295 3365 ἀνοῖξαι
3325 3296 3419 3360 τὰς
3456 3296 3651 3367 θύρας,
3690 3298 3820 3354 ὲπι-

2225 3393 2427 3465 ϐλέψας
2455 3395 2484 3446 6
2516 3392 2770 3463 βασιλεὺς
2813 3392 2905 3444 ἐπὶ
2949 3391 3049 3462 τὴν
3088 3390 3389 3461 τράπεζαν,
3421 3388 3616 3460 ἐϐόησε
3657 3394 3812 3463 φωνῇ

2228 3485 2471 3557 μεγάλῃ·
2511 3484 2702 3553 Μέγας
2736 3479 2784 3535 εἴ
2817 3483 2947 3555 Βὴλ,
2979 3483 3073 3536 καὶ
3098 3484 3197 3536 οὐκ
3223 3485 3338 3536 ἔστι
3372 3482 3521 3551 παρὰ
3553 3481 3638 3535 σοὶ
3664 3482 3817 3548 δόλος

2224 3576 2345 3629 οὐδὲ
2368 3569 2468 3638 εἷς.

2301 3667 2384 3722 18.
2420 3665 2529 3718 Kal
2562 3664 2789 3733 ἐγέλασε
2823 3663 3018 3734 Δανιὴλ
3040 3702 3053 3726 ,
3086 3663 3179 3715 καὶ
3224 3663 3497 3733 ἐκράτησε
3523 3662 3617 3714 τὸν
3655 3666 3814 3733 μασι-

2224 3758 2343 3823 λέα,
2373 3756 2466 3811 τοῦ
2483 3758 2559 3829 μὴ
2588 3755 2847 3809 εἰσελθεῖν
2872 3754 2997 3816 ἔσω,
3035 3757 3129 3807 καὶ
3152 3749 3304 3806 εἶπεν
3329 3770 3342 3784 ·
3379 3753 3489 3806 Ἴδε
3520 3754 3586 3824 δὴ
3610 3753 3671 3805 τὺ
3694 3752 3811 3806 ἐδι-

2227 3868 2346 3921 φος,
2378 3851 2475 3904 καὶ
2507 3848 2692 3918 γνῶθι,
2723 3849 2866 3912 τίνος
2890 3847 2960 3900 τὰ
2997 3847 3117 3918 ἴχνη
3148 3844 3344 3900 ταῦτα.

2298 3941 2384 3996 19.
2414 3941 2522 3993 Kal
2539 3935 2693 3992 εἶπεν
2721 3941 2749 3992 6
2772 3937 3055 4008 βασιλεύς·
3103 3936 3246 4007 Ὀρῶ
3277 3937 3398 4006 ίχνη
3442 3935 3689 4010 ἀνδρῶν,
3719 3934 3814 3990 καὶ

2227 4032 2526 4103 γυναικῶν,
2561 4032 2657 4085 καὶ
2689 4030 2918 4084 παιδίων
2937 4046 2951 4059 ·
2986 4030 3080 4083 καὶ
3107 4028 3387 4097 ὀργισθεὶς
3420 4029 3450 4081 6
3481 4027 3761 4099 βασιλεὺς,

2297 4122 2389 4176 20.
2424 4122 2559 4175 Τότε
2599 4120 2861 4174 συνέλαϐε
2892 4120 3020 4183 τοὺς
3063 4121 3261 4191 ἱερεῖς,
3298 4120 3523 4182 καὶτὰς
3548 4121 3818 4188 γυναῖκας

2228 4215 2430 4280 αὐτῶν,
2467 4213 2661 4267 καὶτὰ
2690 4214 2857 4265 τέκνα
2898 4211 3099 4275 αὐτῶν,
3153 4215 3248 4266 καὶ
3288 4212 3497 4277 ἔδειξαν
3539 4211 3691 4282 αὐτῷ
3726 4213 3820 4277 τὰς

2228 4308 2477 4379 κρυπτὰς
2504 4306 2697 4377 θύρας,
2724 4305 2792 4358 δι’
2820 4299 2896 4359 ὧν
2923 4306 3360 4377 εἰσεπορεύοντο,
3407 4308 3501 4359 καὶ
3530 4305 3818 4361 ἐδαπάνων

2227 4400 2297 4454 τὰ
2330 4400 2424 4452 ἐπὶ
2450 4401 2517 4470 τῇ
2545 4399 2815 4473 τραπέζῃ.

2301 4494 2393 4547 21.
2424 4494 2532 4547 Καὶ
2561 4493 2886 4545 ἀπέκτεινεν
2932 4492 3151 4558 αὐτοὺς,
3193 4495 3289 4547 καὶ
3326 4493 3420 4546 τὸν
3455 4493 3567 4563 Βὴλ
3601 4492 3817 4548 ἔκδοτον

552 4588 660 4633 tem
693 4576 949 4644 Danielis,
982 4578 1078 4648 qui
1105 4578 1376 4631 subvertit
1402 4594 1550 4647 eum,
1589 4590 1645 4635 et
1693 4579 1953 4650 templum
1985 4580 2116 4650 ejus.

2233 4583 2401 4637 ἔδωκε
2445 4581 2526 4652 τῷ
2566 4583 2789 4654 Δανιὴλ,
2830 4583 2927 4637 καὶ
2960 4583 3329 4655 κατέστρεψεν
3374 4583 3557 4647 αὑτὸν,
3596 4584 3688 4636 καὶ
3721 4584 3815 4636 τὸν

619 4774 711 4829 22.
749 4772 815 4829 Et
848 4784 968 4830 erat
1001 4775 1168 4831 draco
1195 4790 1429 4847 magnus
1485 4774 1544 4832 in
1606 4776 1727 4834 loco
1776 4785 1832 4834 et
1876 4775 2129 4835 colebant

549 4883 675 4923 eum
700 4865 1007 4939 Babylonii.

620 4959 712 5013 23.
753 4957 817 5013 Et
839 4958 976 5013 dixit
1005 4974 1101 5015 rex
1139 4958 1348 5014 Danieli
1383 4979 1395 5014 :
1428 4959 1566 5017 Ecce
1604 4973 1753 5017 nunc
1807 4978 1914 5018 non
1973 4970 2130 5034 potes

549 5052 752 5112 dicere,
781 5051 909 5125 quia
936 5066 1045 5106 non
1093 5051 1165 5107 sit
1204 5051 1308 5107 iste
1363 5051 1508 5109 Deus
1534 5054 1757 5109 vivens:
1802 5055 1969 5110 adora
1997 5070 2131 5125 ergo

550 5158 699 5198 eum.

620 5257 713 5311 21.
753 5255 816 5312 Et
848 5257 984 5313 dixit
1009 5256 1197 5312 Daniel
1230 5274 1245 5313 :
1274 5256 1565 5315 Dominum
1598 5259 1770 5316 Deum
1796 5276 1979 5315 meum
1999 5260 2131 5315 ado-

547 5352 687 5406 rabo
710 5372 722 5405 :
749 5350 877 5419 quia
902 5351 1016 5421 ipse
1043 5360 1129 5406 est
1158 5350 1304 5408 Deus
1327 5352 1538 5407 vivens.
2069 5382 2098 5408 ς

620 5463 711 5520 25.
753 5462 835 5518 Tu
857 5474 1058 5532 autem,
1087 5481 1202 5532 rex,
1231 5465 1299 5521 da
1328 5467 1460 5521 mihi
1479 5475 1895 5537 potestatem,ct
1923 5466 2134 5520 interii-

554 5556 691 5608 ciam
746 5552 1041 5607 draconem
1097 5555 1305 5625 absque
1347 5556 1562 5626 gladio,
1613 5562 1668 5611 ct
1729 5554 1890 5611 fuste.
1946 5553 2014 5608 Et
2060 5555 2136 5610 ait

552 5658 676 5697 rex:
715 5641 792 5695 Do
822 5643 939 5699 tibi.

622 5754 713 5808 9.6.
744 5754 894 5809 Tulit
922 5770 1052 5825 ergo
1088 5754 1276 5811 Daniel
1306 5758 1503 5829 picem,
1531 5770 1586 5813 et
1625 5760 1864 5830 adipem,
1888 5771 1940 5817 et
1973 5763 2131 5833 pilos,

555 5854 613 5903 et
649 5847 795 5901 coxit
852 5847 1074 5917 pariter,
1122 5846 1359 5916 fecitque
1405 5864 1638 5912 massas.
1685 5863 1741 5908 et
1798 5856 1949 5909 dedit
1993 5857 2047 5911 in
2076 5872 2138 5912 os

2239 4669 2364 4723 ναὸν
2391 4667 2576 4722 αὐτοῦ.

2302 4782 2394 4838 22.
2427 4782 2536 4837 Kal
2558 4778 2628 4854 ἦν
2654 4781 2872 4855 δράκων
2903 4783 3077 4854 μέγας
3110 4784 3166 4836 ὲν
3221 4782 3300 4854 τῷ
3344 4785 3516 4856 τόπῳ,
3553 4786 3649 4839 καὶ
3693 4785 3819 4839 ὲσέ-

2237 4875 2394 4931 ϐοντο
2410 4877 2574 4931 αὑτὸν
2595 4879 2645 4931 οἱ
2675 4875 3028 4931 Βαϐυλώνιοι.

2306 4969 2395 5023 25.
2434 4970 2543 5024 Kal
2593 4964 2745 5022 εἶπεν
2787 4971 2815 5022 6
2847 4967 3099 5049 βασιλεὺς
3130 4968 3208 5037 τῷ
3232 4967 3460 5039 Δανιήλ’
3502 4966 3632 5025 Ἰδοὺ
3668 4969 3817 5042 δὴού

2237 5061 2465 5114 δύνασαι
2519 5063 2717 5126 εἰπεῖν,
2771 5062 2853 5114 ὅτι
2880 5059 2980 5112 οὐκ
3012 5059 3161 5113 ἐστιν
3193 5060 3355 5123 αὐτὸς
3383 5059 3504 5125 θεὸς
3535 5060 3666 5128 ζῶν,
3721 5064 3818 5117 καὶ

2239 5154 2618 5226 προσκύνησον
2651 5153 2821 5223 αὐτῷ.

2308 5272 2399 5325 21.
2430 5272 2541 5324 Καὶ
2573 5269 2727 5324 εἶπεν
2752 5270 2952 5341 Δανιὴλ
2974 5286 2986 5299 ⁸
3029 5270 3222 5343 Κυρίῳ
3245 5271 3325 5343 τῷ
3356 5271 3477 5344 Θεῷ
3507 5289 3613 5344 μου
3652 5288 3818 5344 προσ-

2241 5366 2481 5434 κυνήσω,
2508 5364 2590 5418 ὅτι
2616 5356 2770 5426 οὗτός
2798 5364 2946 5416 ἐστιν
2972 5365 3000 5417 6
3029 5363 3161 5429 Θεὸς
3190 5366 3219 5418 6
3261 5365 3393 5430 ζῶν.

2311 5475 2401 5530 25.
2440 5475 2512 5529 Σὺ
2550 5474 2630 5541 δὲ,
2674 5475 2918 5546 βασιλεῦ,
2966 5477 3055 5539 δός
3112 5495 3203 5549 μοι
3250 5477 3349 5548 τὴν
3387 5479 3675 5547 ἐξουσίαν,
3721 5482 3818 5536 καὶ

2241 5564 2527 5619 ἀποκτενῶ
2555 5566 2649 5618 τὸν
2679 5565 2947 5637 δράκοντα
2976 5567 3103 5622 ἄνευ
3138 5569 3432 5640 μαχαίρας,
3461 5570 3556 5623 καὶ
3597 5569 3813 5642 ῥάϐδου,

2245 5657 2337 5711 καὶ
2361 5650 2517 5708 εἶπεν
2543 5658 2572 5709 ὁ
2600 5654 2879 5724 βασιλεύς’
2918 5656 3118 5727 Δίδωμί
3153 5673 3255 5711 σοι.

2313 5770 2405 5825 26.
2442 5770 2554 5824 Kal
2578 5769 2739 5824 ἔλαϐε
2763 5769 2961 5842 Δανιὴλ
2991 5770 3212 5837 πίσσαν,
3245 5772 3340 5825 καὶ
3364 5771 3554 5843 στέαρ,
3585 5771 3677 5825 καὶ
3700 5769 3816 5843 τρί-

2246 5879 2364 5928 χας,
2417 5861 2511 5914 καὶ
2556 5860 2767 5931 ἥψησεν
2791 5862 2883 5914 ἰπὶ
2911 5861 2972 5914 τδ
3004 5862 3163 5914 αύτόο
3196 5863 3288 5916 xal
3327 5861 3583 5932 ἐποίησεν
3614 5860 3810 5932 μάζας,
