4064 6418
306 396 446 454 ειιοδ

1636 406 1950 464 ΒΑΝΙῌΛΞ
1983 410 2134 465 CAP.
2173 413 2210 466 l.

3430 419 3570 478 ενοδ

307 520 400 571 καὶ
425 518 626 570 ἔδωκεν
650 519 729 581 εἰς
755 519 816 571 τὸ
847 520 1021 590 στόμα
1050 521 1143 574 τοῦ
1173 523 1485 594 δράκοντος,
1515 528 1608 579 καὶ
1629 529 1882 598 cepam

2001 534 2288 598 draconis,
2335 543 2389 590 et
2441 535 2720 605 disruptus
2747 546 2829 592 est
2857 537 3058 594 draco:
3096 549 3147 596 et
3185 540 3314 598 dixit
3339 540 3564 602 Danlel:

305 612 332 662 ὁ
383 609 640 680 δράκων,
686 610 779 663 καὶ
829 607 984 665 εἶπεν
1041 615 1268 684 Δανιήλ-
1317 617 1421 668 Ἱδε
1463 617 1530 670 τὰ
1568 619 1889 689 σεϐάσματα

307 703 337 755 ὑ
343 702 480 772 μῶν.

374 793 466 848 27.
498 794 609 848 Kal
625 793 862 861 ἐγένετο,
887 796 962 860 ὡς
984 797 1224 868 ἥκουσαν
1244 802 1292 853 οἱ
1314 801 1664 869 Βαϐυλώνιοι,
1691 806 1904 874 ἠγανάο,

305 902 513 956 κτησαν
564 886 711 951 λίαν,
754 891 849 941 καὶ¹
885 893 1335 963 συνεστράφησαν
1373 894 1466 947 ἐπὶ
1507 896 1599 948 τὸν
1639 897 1885 967 βασιλέα,

307 975 402 1029 καὶ
443 969 630 1030 εἷπον·
687 977 936 1042 Ἰουδαῖος
990 980 1213 1049 γέγονεν
1263 985 1292 1036 6
1323 984 1614 1053 βασιλεὺς,
1655 986 1746 1040 τὸν
1778 988 1887 1058 Βὴλ

307 1069 645 1135 κατέσπασε,
694 1069 913 1126 καὶτὸν
957 1072 1231 1145 δράκοντα
1280 1076 1592 1145 ἀπέκτεινε,
1641 1081 1889 1143 καὶτοὺς

308 1162 472 1236 ἱερεῖς
498 1161 862 1230 κατέσφαξεν.

375 1251 465 1308 28.
497 1252 610 1306 Kal
631 1247 782 1305 εἷπον
805 1253 943 1324 πρὸς
953 1254 1047 1308 τὸν
1059 1254 1286 1326 βασιλέα
1315 1276 1331 1289 ·
1366 1259 1615 1326 Παράδος
1641 1263 1774 1332 ἡμῖν
1795 1265 1886 1318 τὸν

305 1345 524 1417 Δανιὴλ,
543 1348 591 1398 εί
613 1345 670 1398 δὲ
695 1345 792 1418 μὴ,
817 1347 1232 1420 ἀποκτενοῦμεν
1261 1369 1343 1414 σε,
1371 1352 1573 1406 καὶτὸν
1589 1349 1736 1407 οἶκόν
1767 1371 1881 1410 σου.

371 1437 460 1494 29.
497 1437 608 1490 Kal
638 1433 778 1492 εἶδεν
811 1440 840 1492 6
871 1440 1126 1510 βασιλεὺς
1147 1484 1162 1509 ,
1207 1445 1291 1497 ὅτι
1337 1445 1756 1513 κατεπείγουσιν
1786 1449 1886 1500 αὑ-

263 1511 273 1522 .
301 1529 393 1583 τὸν
428 1529 656 1601 σφόδρα,
693 1532 789 1585 καὶ
816 1532 1185 1601 ἀναγκασθεὶς
1221 1537 1538 1606 παρέδωκεν
1577 1511 1763 1602 αὐτοῖς
1794 1539 1884 1593 τὸν

301 1627 524 1698 Δανιήλ.

370 1717 459 1774 50.
485 1719 548 1772 Οἱ
576 1718 634 1771 δὲ
679 1717 871 1773 ἔϐαλον
909 1719 1074 1774 αὐτὸν
1117 1723 1197 1785 εἰς
1226 1721 1318 1775 τὸν
1351 1721 1557 1778 λάκκον
1590 1722 1699 1777 τῶν
1730 1723 1881 1777 λεόν-

302 1827 429 1872 των,
461 1810 556 1862 καὶ
579 1805 648 1881 ἦν
685 1811 801 1863 ἐκεῖ
820 1809 1032 1881 ἡμέρας
1072 1811 1152 1876 ἓξ.

1999 627 2138 682 Ecce
2172 645 2295 700 qua:
2326 643 2422 684 vos
2452 629 2656 684 colitis.

2066 802 2156 857 27.
2195 808 2258 861 Et
2289 804 2489 860 factum
2509 814 2592 859 est
2619 814 2678 858 ut
2725 805 3018 859 audierunt
3084 806 3384 879 Babylonii,
3423 811 3570 866 indi-

1997 896 2141 964 gnati
2173 903 2303 949 sunt
2335 895 2704 961 vehementer,
2741 905 2793 950 et
2827 899 3077 951 conversi
3103 900 3365 956 adversus
3387 919 3567 975 regem

1995 986 2250 1041 dixerunt
2285 1004 2299 1041 :
2333 985 2554 1042 Judaeus
2585 986 2763 1042 factus
2788 997 2869 1042 est
2890 1005 3018 1043 rex:
3059 991 3150 1045 Bel
3187 994 3475 1059 destruxit,
3516 1007 3571 1051 et

1993 1075 2284 1131 draconem
2311 1076 2616 1141 interfecit,
2645 1088 2697 1133 et
2727 1079 3040 1135 sacerdotes
3064 1082 3286 1138 occidit.

2063 1253 2153 1308 28.
2198 1254 2262 1308 Et
2289 1253 2546 1310 dixerunt
2570 1255 2637 1310 ad
2678 1271 2860 1326 regem
2909 1276 2922 1310 :
2977 1257 3156 1315 Trade
3188 1262 3348 1317 nobis
3379 1263 3572 1319 Danie-

1993 1344 2122 1407 lcm,
2155 1345 2396 1415 alioquin
2422 1346 2815 1404 interﬁcietnus
2848 1358 2919 1415 te,
2941 1359 2994 1404 et
3015 1350 3240 1405 domum
3266 1362 3437 1407 tuam.

2062 1437 2151 1492 29.
2195 1436 2344 1493 Vidit
2372 1453 2502 1510 ergo
2529 1456 2622 1495 rex
2646 1479 2662 1506 ,
2717 1442 2864 1511 quod
2910 1443 3272 1521 incitarentur
3305 1446 3360 1498 in
3393 1461 3453 1500 se
3483 1462 3572 1500 ve-

1992 1531 2314 1608 hementer:
2347 1540 2400 1584 et
2443 1533 2773 1588 necessitate
2833 1535 3154 1604 compulsus
3214 1537 3440 1598 tradidit
3488 1540 3570 1592 eis

1993 1620 2291 1674 Danielem.

2062 1713 2152 1768 50.
2197 1712 2272 1768 llli
2303 1724 2482 1770 autem
2512 1716 2787 1772 miserunt
2807 1732 2932 1773 eum
2964 1718 3019 1773 in
3042 1719 3220 1774 lacum
3249 1720 3490 1788 leonum,
3515 1732 3570 1776 ct

1990 1812 2109 1857 erat
2156 1803 2229 1858 ibi
2263 1803 2458 1860 diebus
2478 1820 2594 1859 sex.

370 1899 460 1954 51.
488 1896 673 1954 Ἦσαν
693 1900 749 1954 δὲ
787 1902 844 1953 ἐν
877 1901 956 1972 τῷ
991 1902 1181 1974 λάκκῳ
1216 1904 1356 1957 ἑπτά
1382 1905 1618 1973 λέοντες,
1652 1910 1748 1962 καὶ⁸
1779 1910 1882 1963 ἐδί-

2058 1893 2149 1947 5ι.
2192 1891 2364 1949 Porro
2387 1905 2544 1949 erant
2566 1897 2621 1949 in
2652 1895 2776 1948 lacu
2806 1907 3014 1966 septem
3039 1896 3245 1962 leones,
3270 1905 3323 1950 et
3359 1896 3570 1950 daban-

302 1992 454 2045 δοντο
479 1993 665 2055 αὐτοῖς
695 1993 797 2063 τῆς
835 1994 1052 2066 ὴμέρας
1084 1995 1179 2049 δύο
1223 1995 1472 2068 σώματα,
1501 2003 1597 2054 καὶ
1625 2001 1720 2054 δύο
1751 2003 1886 2073 πρό-

304 2084 470 2139 ϐατα·
501 2086 620 2140 τότε
638 2085 696 2138 δὲ
727 2086 829 2139 οὐκ
848 2085 1006 2157 ἐδόθη
1030 2088 1237 2157 αὐτοῖς,
1277 2090 1364 2143 ἵνα
1405 2092 1762 2161 καταφάγωσι
1795 2095 1886 2149 τὸν

305 2177 519 2249 Δανιὴλ.

375 2269 463 2323 52.
492 2271 600 2325 Kal
627 2265 695 2340 ἦν
724 2271 1047 2343 Ἀμϐακοὺμ
1071 2274 1099 2325 6
1118 2273 1408 2346 προφήτης
1434 2275 1493 2328 ὲν
1520 2278 1584 2347 τῇ
1635 2275 1880 2349 Ἰουδαίᾳ,

315 2362 407 2414 καὶ
434 2361 583 2425 αὐτὸς
627 2361 839 2433 ἥψησεν
885 2364 1094 2434 ἕψημα,
1141 2367 1236 2418 καὶ
1266 2365 1558 2437 ὲνέθρυψεν
1581 2367 1778 2438 ἄρτους
1804 2373 1884 2434 εἰς

317 2453 538 2524 σκάφην,
574 2455 669 2507 xal
703 2455 1000 2526 ἐπορεύετο
1023 2459 1102 2520 εις
1132 2457 1194 2510 τὸ
1212 2458 1392 2512 πεδίον
1422 2460 1748 2528 ἀπενεγκεῖν
1773 2465 1884 2527 τοῖς

309 2544 595 2615 θερισταῖς.

372 2638 460 2693 55.
493 2639 603 2691 Kal
651 2636 806 2694 εἶπεν
851 2641 1085 2711 ἄγγελος
1133 2645 1342 2716 Κυρίου
1389 2646 1470 2718 τῷ
1530 2648 1880 2720 Ἀμϐακούμο

316 2728 609 2794 ’Δπένεγκε
641 2730 701 2784 τὸ
729 2731 951 2802 ἄριστον
994 2734 1023 2787 ὃ
1051 2734 1196 2806 ἔχεις
1231 2738 1313 2800 είς
1344 2737 1642 2792 Βαϐυλῶνα
1670 2741 1747 2812 τῷ
1779 2744 1883 2795 Δα-

302 2819 420 2890 νιὴλ
450 2822 528 2883 εἰς
553 2819 643 2873 τὸν
681 2821 886 2875 λάκκον
914 2825 1024 2879 τῶν
1046 2825 1302 2882 λεόντων.
1633 2823 1638 2830 ’

371 2913 457 2968 54.
495 2914 604 2966 Καὶ
643 2908 797 2968 εἶπεν
850 2915 1194 2988 Ἀμϐακούμ..
1238 2918 1430 2992 Κύριε,
1449 2920 1748 2977 Βαϐυλῶνα
1785 2924 1882 2997 οὐχ

302 3003 542 3075 ἑώρακα,
571 3007 664 3057 καὶ
692 3006 784 3058 τὸν
821 3005 1024 3061 λάκκον
1054 3009 1116 3061 οὐ
1145 3010 1421 3078 γινώσκω.
1668 3061 1680 3076 ,

371 3095 461 3151 55.
491 3094 600 3146 Kal
627 3095 926 3150 ἐπελάϐετο
950 3098 978 3150 6
1007 3098 1238 3168 ἄγγελος
1267 3101 1476 3171 Κυρίου
1501 3103 1600 3175 τῆς
1631 3106 1880 3176 κορυφῆς

1989 1995 2078 2040 ῑιιι·
2100 1987 2182 2042 eis
2215 1986 2460 2056 quotidie
2490 1987 2598 2041 duo
2642 2002 2898 2058 corpora,
2930 1999 2984 2043 et
3034 1989 3156 2043 dua:
3198 2003 3327 2043 oves
3368 2007 3380 2042 :
3439 1999 3568 2042 tunc

1987 2091 2169 2135 autem
2205 2096 2314 2136 non
2349 2089 2478 2138 sunt
2502 2081 2627 2135 data
2659 2082 2758 2147 eis,
2802 2091 2862 2138 ut
2903 2081 3228 2137 devorarent
3265 2079 3564 2135 Danielem.

2059 2280 2148 2336 52.
2192 2279 2322 2334 Erat
2353 2289 2534 2334 autem
2563 2279 2867 2335 Ambacum
2902 2280 3165 2350 propheta
3206 2280 3260 2334 in
3287 2278 3566 2347 Judzea,et

1988 2375 2104 2446 ipse
2125 2382 2348 2429 coxerat
2369 2373 2730 2443 pulmentum,
2759 2383 2812 2426 et
2847 2372 3131 2426 intriverat
3185 2389 3353 2442 panes
3399 2375 3452 2427 in
3484 2375 3564 2428 al-

1986 2469 2142 2525 veolo
2180 2485 2193 2520 :
2228 2476 2284 2524 et
2318 2467 2430 2522 ibat
2452 2467 2506 2521 in
2533 2481 2811 2537 campum,
2833 2474 2895 2521 ut
2918 2465 3136 2521 atl‘errct
3160 2467 3519 2522 messoribus.

2057 2650 2145 2704 55.
2188 2646 2443 2716 Dixitque
2479 2644 2704 2717 angelus
2739 2643 2955 2700 Domini
2983 2643 3048 2698 ad
3085 2643 3385 2698 Ambacum
3423 2641 3566 2698 :Fer

1986 2739 2300 2811 prandium,
2347 2736 2494 2808 quod
2555 2735 2745 2804 habes,
2803 2737 2858 2790 in
2894 2735 3224 2807 Babylonem
3268 2733 3476 2788 Danieli
3505 2733 3561 2788 in

1986 2834 2162 2889 lacum
2198 2831 2440 2886 leonum.

2056 2925 2144 2977 5t.
2186 2922 2252 2976 Et
2278 2920 2739 2976 dixitAmbacum
2768 2937 2782 2973 :
2817 2918 3068 2984 Domine,
3097 2916 3426 2988 Babylonem
3451 2933 3561 2974 non

1984 3015 2116 3083 vidi,
2148 3024 2204 3070 et
2232 3016 2408 3069 lacum
2436 3013 2644 3068 nescio.

2053 3109 2146 3167 55.
2184 3109 2252 3164 Ει
2279 3105 2638 3178 apprehendit
2664 3103 2888 3175 angelus
2915 3102 3400 3158 Dominivcrticem
3416 3102 3557 3170 ejus,

301 3185 487 3251 αὑτοῦ,
525 3187 617 3238 καὶ
643 3185 920 3257 βαστάσας
946 3194 1044 3262 τῆς
1068 3192 1245 3265 κόμης
1273 3195 1374 3265 τῆς
1415 3198 1657 3268 κεφαλῆς
1689 3199 1877 3268 αὑτοῦ,

1986 3211 2038 3257 et
2058 3210 2282 3272 portans
2310 3213 2466 3254 coma
2493 3197 2688 3266 capitis
2713 3197 2855 3266 ejus,
2899 3197 3084 3265 posuit
3124 3210 3249 3249 eum
3306 3193 3360 3246 in
3395 3193 3562 3264 Baby-

303 3282 493 3353 ἑθηκεν
523 3282 686 3336 αὐτὸν
719 3282 798 3344 εἰς
821 3284 1117 3340 Βαϐυλῶνα
1139 3287 1326 3342 ἐπάνω
1343 3287 1437 3342 τοῦ
1462 3288 1690 3356 λάκκου,
1723 3293 1782 3344 ὲν
1802 3291 1880 3362 τῷ

1986 3297 2106 3352 Ione
2131 3310 2294 3365 supra
2325 3292 2504 3347 lacum
2527 3293 2582 3346 in
2615 3291 2822 3360 impetu
2849 3289 3081 3359 spiritus
3103 3289 3209 3342 sui.

305 3371 467 3444 ῥοίζῳ
495 3373 588 3428 τοῦ
625 3375 933 3447 πνεύματος
958 3377 1149 3433 αὑτοῦ.

368 3471 457 3523 56.
487 3471 594 3523 Kal
625 3471 855 3542 ἐϐόησεν
911 3473 1236 3544 Ἀμϐακοὺμ
1262 3473 1436 3543 λέγων
1461 3492 1475 3506 ·
1507 3475 1728 3546 Δανιὴλ,
1749 3477 1881 3532 λάϐε

301 3560 360 3614 τὸ
384 3560 624 3633 ἄριστον,
664 3562 694 3616 ὃ
717 3563 1009 3618 ἀπέστειλὲ
1043 3583 1126 3618 σοι
1154 3569 1183 3619 6
1203 3567 1358 3631 Θεός.

370 3652 457 3707 57.
490 3651 594 3734 Kal
626 3650 779 3709 εἶπεν
799 3657 1032 3726 Δανιήλ’
1069 3657 1383 3730 Ἐμνήσθης
1408 3661 1518 3733 γάρ
1537 3679 1639 3733 μου
1671 3664 1700 3718 6
1724 3662 1875 3731 Θεὸς,

302 3745 393 3796 καὶ
423 3745 523 3798 οὐκ
549 3745 907 3814 ἐγκατέλιπες
939 3747 1066 3813 τοὺς
1094 3749 1426 3818 ἀγαπιῖιντάς
1476 3769 1557 3806 σε.

369 3836 458 3891 58.
513 3838 624 3890 Kal
664 3839 905 3903 ἀναστὰς
960 3841 1162 3910 Δανιὴλ
1203 3841 1446 3912 ἐφαγενο
1472 3845 1501 3896 ὁ
1546 3841 1602 3897 δὲ
1648 3845 1877 3914 ἄγγελος

2048 3475 2139 3530 56.
2179 3472 2247 3526 Et
2265 3473 2525 3528 clamavit
2549 3468 2873 3534 Ambacum,
2901 3468 3089 3524 dicens
3131 3484 3144 3520 :
3193 3463 3402 3530 Daniel,
3431 3463 3558 3545 tolle

1977 3565 2290 3638 prandium,
2317 3563 2464 3634 quod
2487 3563 2634 3616 misit
2667 3560 2762 3614 tibi
2791 3559 2952 3614 Deus.

2051 3657 2139 3712 57.
2180 3653 2246 3710 Ει
2289 3655 2365 3708 ait
2426 3652 2655 3707 Daniel:
2702 3650 3045 3704 Recordatus
3108 3663 3168 3702 es
3221 3645 3421 3716 quippe
3448 3645 3555 3698 mei

1981 3750 2149 3814 Deus,
2175 3757 2230 3803 et
2257 3763 2367 3802 non
2387 3745 2726 3815 dereliquisti
2752 3744 3040 3812 diligentes
3062 3751 3133 3796 te.

2051 3841 2142 3897 58.
2186 3837 2538 3908 Surgensque
2569 3836 2758 3890 Daniel
2796 3834 3055 3890 comedit.
3114 3833 3286 3887 Porro
3331 3830 3559 3900 angelus

298 3928 392 3984 τοῦ
425 3928 559 3982 Θεοῦ
585 3930 1000 4004 ἀπεκατέστησε
1040 3932 1134 3986 τὸν
1179 3933 1504 4005 Ἀμϐακοὺμ
1534 3937 1878 4009 παραχρῆμα

1986 3932 2076 3989 Dei
2101 3929 2344 3989 restituit
2360 3929 2666 3982 Ambacum
2692 3924 2984 3982 confestim
3013 3926 3068 3978 in
3103 3924 3283 3978 locum
3307 3923 3448 3990 ejus.

300 4021 391 4075 ἐπὶ
420 4020 509 4076 τὸν
539 4023 706 4077 τόπον
725 4022 912 4078 αὐτοῦ.

365 4113 454 4169 59.
495 4113 553 4167 ’0
582 4114 641 4167 δὲ
662 4114 917 4185 βασιλεὺς
937 4113 1070 4189 ἦλθε
1095 4121 1161 4190 τῇ
1197 4119 1384 4192 ὴμέρᾳ
1413 4123 1480 4193 τῇ
1507 4121 1707 4192 ἑϐδόμῃ
1743 4138 1871 4174 πεν-

2049 4132 2140 4186 59.
2161 4127 2275 4183 Rex
2292 4136 2473 4182 autem
2496 4125 2644 4181 venit
2667 4125 2753 4180 die
2781 4125 3034 4194 septimo,
3051 4133 3110 4178 ut
3134 4123 3345 4193 lugeret
3370 4121 3559 4176 Danie-

300 4202 459 4276 θῆσαι
503 4206 595 4260 τὸν
627 4209 847 4281 Δανιὴλ,
878 4211 974 4264 καὶ
1011 4207 1174 4284 ἦλθεν
1207 4212 1303 4266 ἐπὶ
1345 4213 1436 4268 τὸν
1486 4214 1688 4269 λάκκον
1715 4255 1731 4280 ,
1776 4215 1871 4268 καὶ

1986 4223 2104 4288 lem,
2137 4231 2190 4276 et
2221 4219 2370 4275 venit
2401 4219 2468 4274 ad
2495 4218 2697 4285 lacum,
2725 4226 2779 4272 et
2801 4216 3058 4285 respexit,
3095 4226 3149 4270 et
3192 4231 3320 4269 ecce
3370 4214 3557 4268 Daniel

298 4293 580 4364 ἀνέϐλεψε,
609 4299 702 4351 καὶ
743 4299 852 4354 ἰδοὺ
872 4301 1072 4373 Δανιὴλ
1097 4300 1420 4374 καθήμενος.

363 4386 451 4442 40.
485 4390 598 4444 Kal
623 4390 922 4465 ἀνεϐόησεν
957 4397 986 4448 6
1033 4395 1288 4466 βασιλεὺς
1321 4400 1473 4469 φωνῇ
1514 4397 1746 4468 μεγάλῃ,
1781 4398 1874 4450 καὶ

297 4475 448 4535 εἶπεν
469 4499 484 4514 ο
510 4483 703 4552 Μέγας
728 4482 801 4552 εἷ,
840 4487 1013 4558 Κύριε
1036 4491 1064 4542 6
1089 4489 1220 4553 Θεὸς
1245 4489 1339 4542 τοῦ
1373 4489 1594 4562 Δανιὴλ.

365 4574 454 4629 Η.
489 4576 603 4630 Kal
644 4577 952 4633 ἀνέσπασεν
998 4581 1182 4638 αὐτόν.
1234 4582 1375 4645 Τοὺς
1421 4581 1477 4634 δὲ
1526 4583 1732 4646 αἰτίους
1778 4585 1879 4654 τῆς

294 4665 565 4733 ἀπωλείας
604 4669 771 4723 αὐτοῦ
811 4669 1054 4737 ἐνέϐαλε,
1091 4674 1186 4726 καὶ
1223 4673 1652 4746 κατεϐρώθησαν
1697 4693 1878 4746 παρα-

296 4759 483 4829 χρῆμα
513 4759 746 4815 ἐνώπιον
779 4762 968 4817 αὑτοῦ.
1003 4792 1008 4798 -

1905 4350 1952 4407 o
1977 4315 2192 4407 “edi”:

2046 4405 2136 4461 40.
2177 4405 2244 4461 Et
2268 4403 2594 4460 exclamavit
2624 4417 2719 4458 rex
2748 4415 2882 4456 voce
2935 4415 3150 4470 magna,
3204 4407 3257 4452 et
3287 4397 3399 4452 ait:
3441 4393 3555 4448 Ma-

1977 4514 2120 4571 gnus
2147 4514 2228 4565 es,
2260 4497 2489 4553 Domine
2512 4495 2655 4550 Dens
2679 4493 2939 4549 Danielis.

2046 4592 2139 4646 41.
2181 4593 2248 4646 Ει
2269 4590 2508 4646 extraxit
2535 4605 2680 4644 cum.
2713 4586 2886 4641 Porro
2920 4585 3066 4652 illos,
3101 4584 3192 4655 qui
3234 4581 3554 4654 perditionis

1975 4679 2096 4750 ejus
2130 4695 2295 4735 causa
2326 4678 2563 4743 fuerant,
2595 4677 2802 4748 injecit,
2835 4685 2889 4732 et
2917 4677 3160 4732 devorati
3193 4683 3320 4728 sunt
3345 4675 3397 4726 in
3421 4686 3550 4725 mo-

1978 4780 2166 4835 mento
2190 4785 2373 4826 coram
2404 4785 2490 4824 eo.

1481 4980 1832 5023 HEXAPLORUI
1865 4985 1982 5033 QUE
2019 4984 2324 5025 SUPEBSUNI'
2334 5009 2347 5024 ι

1379 5117 1756 5186 DANIELIS
1848 5125 2111 5187 CAPUT
2188 5125 2529 5187 PRIMUM.

295 5292 454 5346 nam
486 5291 614 5370 γἾκ
650 5285 687 5339 2
756 5286 818 5342 Θ.
855 5286 948 5352 El;
964 5288 1068 5359 γῆν
1097 5289 1355 5361 Σενναάρ.
1385 5291 1631 5357 Ἀλλος,
1662 5293 1740 5355 είς
1769 5289 1871 5362 γῆν

300 5373 649 5446 Βαϐυλῶνος.ξ
843 5423 848 5426 .

295 5471 480 5525 ῚὍῚἾΟ
519 5479 596 5526 3'1
632 5450 854 5529 πλειοκὸ
887 5469 920 5524 5
992 5470 1056 5526 Θ.
1113 5468 1192 5541 τῷ
1227 5471 1497 5541 ’Δσφανὲξ
1528 5472 1610 5544 τῷ
1644 5477 1868 5544 ἀρχιευο

296 5557 472 5630 νούχῳ
500 5560 689 5615 αὑτοῦ.
726 5562 971 5626 Ἄλλος,
1019 5562 1322 5633 ’Δϐδιεζόρὶ
1346 5564 1656 5638 διδασκάλῳ
1676 5563 1864 5620 εὐνού-

298 5667 405 5720 χων
424 5653 489 5706 αὑ
499 5653 606 5709 τοῦ.

2054 5293 2110 5348 2.
2149 5291 2284 5349 Heb.
2319 5294 2374 5348 in
2406 5303 2605 5349 terram
2640 5290 2827 5347 Senar.
2871 5291 2974 5349 Th.
3013 5291 3166 5363 Vulg.
3237 5292 3294 5347 in
3353 5302 3553 5352 terram

1983 5389 2246 5443 Sennaar.
2282 5389 2456 5454 Alius,
2492 5390 2545 5443 in
2578 5399 2774 5443 terram
2805 5386 3120 5460 Babylonis.

2050 5485 2105 5537 5.
2148 5481 2280 5536 lleb.
2309 5482 2592 5551 Aspbenez
2615 5479 2873 5548 magistro
2905 5478 3277 5535 ennuchorum
3300 5495 3550 5535 suorum.

1978 5575 2082 5630 Th.
2099 5573 2386 5644 Asphanez
2404 5572 2692 5642 prmposito
2712 5573 3087 5628 cunuchorum
3108 5585 3355 5624 suorum.
3369 5569 3550 5636 Alius,

1978 5663 2269 5719 Abdiezdri
2321 5662 2582 5732 magistro
2653 5662 3032 5717 cunuchorum
3096 5671 3348 5717 suorum.
3381 5657 3550 5734 Vulg.

1976 5755 2254 5824 Asphenez
2278 5753 2565 5824 praeposito
2599 5750 2996 5807 cunuchorum.
