4064 6442
393 323 531 382 2921

392 447 846 518 Lilirysostomus.

471 515 532 588 Χ.
569 518 656 588 l2.
692 519 925 588 ᾍλλος,
960 515 1386 588 παραπτώματι.
1421 517 1586 574 Idem.

469 585 532 640 ν.
577 587 661 641 15.
711 585 933 642 Hieron.
969 606 982 640 :
1026 585 1050 640 ι’
1082 585 1188 642 Pro
1215 585 1384 641 altera
1430 591 1602 642 nescio
1641 603 1741 657 quo
1776 588 1975 657 ,_quod

397 657 766 780 S§mmaehus
789 657 1178 726 interpretatus
1208 667 1292 712 est
1323 657 1430 712 τινί
1457 675 1607 720 ποτε,
1633 655 1696 710 Ᾱ.
1726 668 1780 712 et
1799 655 1899 711 Th.
1925 667 1978 711 et

401 728 440 780 Ι.
497 725 564 780 Χ.
595 726 859 780 ωελιιωνι.
889 727 1068 780 ipsum
1091 728 1313 780 verbum
1340 726 1664 780 Hebraicum
1691 743 1935 780 positere.
1954 747 1969 778 ι

547 768 564 793 ,
595 726 859 796 φελμωνι,
889 727 1068 796 ipsum
1091 728 1313 782 verbum
1340 726 1664 784 Hebraicum
1691 743 1935 796 posuere.
1954 747 1969 778 ι

397 797 499 852 Ms.
531 797 880 853 Corbeiensis
909 796 1289 893 habethatinis
1332 799 1504 853 literis
1535 796 1902 852 PHELMONI.

1708 328 2026 384 DANIELIS
2065 330 2296 386 CAPUT
2331 331 2399 385 IX

3514 336 3578 391 29
3587 339 3654 393 '2‘).

2156 448 2218 502 ν.
2258 450 2344 503 14.
2378 449 2600 503 Hieron.
2640 467 2651 502 :
2693 471 2709 500 ‹
2753 451 2980 516 Quidam
3029 467 3125 520 pro
3172 450 3373 504 «triobm
3427 450 3657 504 millibus

2086 521 2352 583 trecentis,
2380 520 2485 572 duo
2515 520 2680 572 millia
2705 523 2946 574 ducentos
2981 522 3181 590 legunt,
3217 537 3284 574 ne
3325 539 3414 576 sex
3453 524 3577 576 anni
3606 530 3661 573 et

2084 597 2194 642 tres
2226 605 2442 642 menses
2475 603 2761 656 superesse
2797 590 3092 645 videantur.
3127 611 3145 641 ι

2159 657 2464 727 Sequentes
2495 659 2620 711 item
2657 659 2818 726 hujus
2856 663 3045 726 capitis
3081 662 3340 716 lectiones
3370 677 3435 715 ex
3463 659 3660 713 Drusin

2085 737 2135 782 et
2169 743 2233 781 ex
2263 729 2392 782 edit.
2431 729 2673 782 Romana
2707 729 2989 796 prodeunt.

1592 1002 1962 1062 DANIELIS
2009 1000 2268 1062 CAPUT
2315 1001 2400 1058 ΙΧ

397 1077 571 1155 Ὀθΰθ
600 1106 726 1156 mu
763 1106 923 1157 mm
959 1097 995 1150 2
1070 1101 1314 1164 Ἀλλος,
1339 1101 1397 1152 ὲν
1440 1099 1548 1152 ἔτει
1587 1101 1665 1151 ἐνὶ
1697 1099 1798 1168 τῆς
1833 1101 1981 1168 βασι-

401 1185 553 1248 λείας
575 1185 762 1240 αὐτοῦ.
787 1185 848 1239 Θ.
878 1197 1049 1241 vacat.

403 1277 545 1336 ὋΝΊ
579 1275 614 1328 3
685 1276 747 1329 8.
786 1285 955 1328 uacat.
985 1277 1230 1342 Ἀλλος,
1265 1277 1359 1330 καὶ
1393 1277 1591 1346 σποδῷ.

401 1373 646 1426 Ὶεῖυ-ΤἿἾΊ
682 1373 842 1426 ὫῚΊἩἸ
868 1365 901 1419 5
979 1365 1214 1430 Ἄλλος,
1235 1365 1593 1436 ἠδικήσαμεν,
1612 1366 1978 1435 ἡσεὸήσαμεν.

400 1455 466 1509 8.
502 1454 864 1526 ἠδικήσαμεν,
897 1457 1272 1527 ὴνομήσαμεν.

397 1742 611 1794 nm
648 1735 719 1790 25
793 1737 847 1788 Σ.
901 1737 1038 1810 ἀνὴρ
1082 1739 1407 1811 ὲπιθυμητέ.
1473 1743 1534 1798 Θ.
1588 1745 1728 1815 ἀνὴρ
1790 1743 1981 1797 ἐπιθυ-

451 1843 562 1880 ιων.

451 1843 562 1880 ιων.

398 1843 549 1995 ἒβη
587 1916 658 1971 24
736 1919 970 1985 Ἄλλος,
996 1921 1454 1994 ἐδοκιμάσθησαν.
1493 1927 1727 1990 Ἄλλος,
1765 1926 1986 1998 ἐκρίθη-

402 2023 522 2060 σαν.
549 2008 610 2063 8.
639 2024 796 2060 συνετ
803 2009 950 2080 μήθη
960 2027 1076 2063 σαν.

398 2107 568 2186 -ιιυτρ
603 2084 836 2164 -τνν-ιπη
864 2114 878 2154 ι
909 2087 1144 2181 πων-⁸η
1230 2105 1309 2157 Ἀ.
1345 2106 1438 2158 ἐπὶ
1467 2107 1556 2160 τὸν
1585 2107 1710 2161 λαόν
1739 2125 1856 2174 σου,
1893 2110 1987 2160 καὶ

401 2191 496 2243 ἐπὶ
524 2189 680 2243 πόλιν
707 2191 1047 2263 ήγιασμὲνην
1079 2209 1195 2250 σου.
1227 2195 1284 2246 Σ.
1323 2195 1465 2251 κατὰ
1483 2197 1574 2250 τοῦ
1600 2198 1729 2251 λαοῦ
1759 2216 1872 2264 σου,
1893 2200 1987 2252 καὶ

401 2280 499 2351 τῆς
525 2279 732 2344 πόλεως
773 2282 868 2352 τῆς
897 2283 1056 2351 ἁγίας
1095 2301 1209 2338 σου.
1245 2285 1306 2338 Θ.
1351 2287 1444 2338 ἐπὶ
1465 2288 1556 2340 τὸν
1589 2287 1714 2341 λαόν
1744 2306 1857 2354 σου,
1891 2288 1985 2341 καὶ

409 2373 500 2425 ἐπὶ
527 2373 626 2442 τὴν
655 2372 811 2426 πόλιν
828 2372 927 2444 τὴν
956 2373 1139 2444 ἁγίαν.

402 2648 602 2702 natm
637 2626 818 2701 DiTlLl'l
853 2651 1020 2706 mn
1058 2622 1195 2704 N535
1279 2648 1356 2700 Ἀ.
1398 2647 1491 2698 τοῦ
1532 2644 1843 2698 συντελέσαι
1892 2646 1990 2714 τὴν

405 2727 655 2795 ἀθεσίαν,
687 2731 899 2792 καὶτοῦ
924 2732 1210 2794 τελειῶσαι
1234 2734 1528 2804 ἁμαρτίαν.
1562 2735 1626 2788 Θ.
1670 2732 1764 2784 τοῦ
1805 2749 1990 2786 συντε-

403 2815 660 2890 λεσθῆναι
688 2820 981 2892 ἁμαρτίαν,
1019 2825 1113 2876 καὶ
1139 2823 1236 2878 τοῦ
1275 2825 1576 2896 σφραγίσαι
1619 2823 1912 2894 ἁμαρτίας.

2157 1100 2208 1150 2.
2234 1097 2370 1150 Heli.
2405 1098 2580 1160 Alius,
2614 1098 2666 1150 in
2707 1113 2850 1151 anno
2887 1113 2994 1152 uno
3031 1099 3177 1166 regni
3197 1100 3334 1165 ejus.
3373 1097 3660 1151 Th.eacat.

2090 1185 2210 1238 Vul.
2240 1201 2384 1238 anno
2412 1201 2523 1238 uno
2560 1185 2710 1254 regni
2737 1186 2874 1254 ejus.

2155 1278 2208 1331 5.
2245 1275 2309 1330 11.
2348 1278 2520 1340 Alius,
2543 1275 2664 1329 Vul.
2694 1286 2747 1330 et
2785 1278 2983 1331 cinere.
3015 1275 3115 1331 Th.
3141 1288 3288 1332 vacat

2158 1369 2210 1422 5.
2255 1367 2319 1421 11.
2354 1377 2405 1422 et
2443 1369 2783 1436 prevaricati
2838 1384 3046 1433 smnus,
3105 1379 3158 1422 et
3219 1370 3382 1438 impie
3427 1371 3658 1440 egimus.

2090 1459 2261 1523 Alius,
2294 1458 2726 1528 iuiqueegimus,
2783 1460 2945 1528 impie
2992 1459 3223 1530 egimus.
3294 1458 3396 1513 Th.
3455 1461 3655 1529 injuste

2088 1552 2318 1621 egimus,
2354 1551 2539 1620 inique
2567 1553 2795 1621 egimus.
2838 1550 2956 1605 Vul.
3019 1554 3356 1621 iniquitatem
3410 1553 3658 1612 fecimus.

2090 1642 2254 1711 impie
2275 1641 2507 1712 egimus.

2155 1734 2248 1789 2‘5.
2291 1733 2456 1789 Hebr.
2491 1732 2914 1788 desideriorum.
2944 1734 3001 1788 S.
3035 1736 3115 1788 vir
3137 1736 3530 1791 desiderabilis.
3558 1734 3662 1788 'l‘h.

2089 1824 2212 1880 ναι.
2239 1825 2322 1879 vir
2362 1825 2784 1880 desideriorum.

2159 1919 2250 1976 24.
2278 1917 2346 1974 Η.
2383 1917 2599 1975 decisae.
2657 1918 2832 1981 Alius,
2880 1919 3120 1988 probatae
3167 1928 3313 1973 sunt.
3373 1919 3545 1981 Alius,
3575 1922 3667 1973 de-

2092 2020 2248 2065 eretm
2279 2019 2424 2064 sunt.
2472 2008 2574 2063 Th.
2607 2008 2733 2062 Vul.
2757 2009 3085 2064 abhreviataa
3109 2019 3256 2064 sunt.

2159 2099 2290 2155 Heb.
2322 2115 2485 2169 super
2522 2100 2785 2170 populum
2834 2109 2987 2153 tuum
3015 2138 3028 2164 ,
3080 2108 3134 2154 et
3170 2114 3334 2168 super
3384 2100 3662 2155 civitatem

2088 2191 2394 2246 sanctitatis
2424 2199 2548 2244 tute.
2574 2191 2642 2243 A.
2667 2205 2830 2259 super
2877 2189 3138 2259 populum
3186 2197 3362 2254 tuum,
3412 2200 3468 2245 et
3506 2205 3671 2259 super

2087 2281 2359 2335 civitatem
2409 2279 2804 2334 sanetillcatam
2872 2288 3042 2332 tuam.
3075 2278 3133 2334 S.
3183 2289 3370 2333 contra
3404 2281 3664 2349 populum

2089 2380 2263 2434 tuum,
2293 2380 2349 2426 et
2385 2371 2658 2426 civitatem
2701 2380 2950 2425 sanctam
2979 2379 3150 2424 tuam.
3183 2370 3286 2424 Th.
3323 2387 3670 2441 superpOpn-

2091 2464 2202 2518 lum
2235 2475 2416 2528 tuum,
2443 2471 2496 2517 et
2526 2477 2692 2531 super
2724 2461 3001 2517 civitatem
3036 2471 3305 2518 sanctam.
3347 2462 3473 2516 Vul.
3509 2478 3669 2531 super

2094 2555 2350 2624 populum
2381 2565 2556 2618 tuum,
2589 2565 2644 2610 et
2664 2568 2826 2626 super
2857 2553 3046 2608 urbem
3087 2563 3334 2609 sanctam
3365 2563 3532 2608 tuam.

2170 2641 2234 2696 H.
2271 2642 2340 2696 ad
2364 2643 2798 2698 consumendum
2839 2642 3367 2712 praevaricationem,
3414 2653 3469 2696 et
3503 2641 3570 2696 ad
3597 2642 3674 2696 si-

2098 2734 2394 2804 gillaudum
2458 2745 2696 2803 peccata,
2759 2733 2823 2787 A.
2853 2735 2920 2788 ad
2955 2733 3445 2789 consummandam
3462 2747 3667 2803 praeva-

2097 2825 2438 2890 ricationem,
2469 2832 2525 2878 et
2585 2823 3079 2878 consummandum
3129 2835 3433 2893 peccatum.
3477 2825 3580 2878 Th.
3613 2835 3670 2879 ut

405 2923 821 2967 eonsummetur
877 2925 1183 2985 peccatum,
1257 2927 1311 2970 et
1362 2917 1720 2987 obsignentur
1742 2925 1980 2987 peccata.
2029 2915 2151 2970 Vul.
2216 2925 2274 2971 ut
2307 2927 2719 2974 consummatur
2763 2915 3160 2984 praevaricatio,
3228 2927 3283 2972 et
3324 2919 3484 2972 tinem
3526 2920 3669 2973 acci-

407 3005 525 3076 piat
555 3016 839 3074 peccatum

404 3105 489 3184 rm
522 3083 690 3160 ’ΒΖΜ
775 3099 856 3154 Ἀ.
913 3099 1009 3154 καὶ
1060 3099 1156 3152 τοῦ
1213 3099 1562 3164 ἐξιλάσασθαι
1618 3101 1863 3171 ἀνομίαν.
1927 3099 1987 3154 8.

411 3189 505 3243 xci.
533 3189 832 3259 ἀπαλεῖψαι
870 3191 966 3255 τὰς
994 3191 1225 3257 ἀδικίας,
1257 3194 1347 3246 καὶ
1375 3193 1466 3246 τοῦ
1503 3193 1850 3261 ἐξιλάσασθαι
1882 3193 1995 3246 ἀδι-

413 3297 557 3344 κιας.

412 3385 608 3462 D’W‘TP
633 3384 760 3461 mp
793 3360 990 3436 Γυγαίη
1021 3385 1170 3436 nun
1199 3384 1310 3464 ’ρῖΠ
1347 3365 1525 3440 ΒΠΠΞἸ
1600 3384 1674 3444 0',
1700 3380 1759 3432 8.
1791 3380 1880 3432 καὶ
1902 3377 1994 3431 τοῦ

419 3467 718 3538 σφραγίσαι
750 3467 939 3538 ὅρασιν
965 3469 1058 3522 καὶ
1088 3473 1389 3542 προφήτην,
1415 3471 1506 3524 καὶ
1528 3471 1620 3524 τοῦ
1639 3471 1820 3542 χρίσαι
1843 3470 1995 3537 ἅγιον

418 3557 609 3626 ἁγίων.

415 3847 582 3900 nm
628 3847 800 3898 ΪὟὋἺ
848 3849 1046 3899 Dum
1095 3849 1294 3900 D’W
1337 3850 1600 3906 ΞἿἩΞΨΠ
1647 3853 1812 3904 MHR”.
1855 3844 1926 3899 26

415 3915 472 3992 15
504 3940 614 4018 rm
698 3933 776 3986 Ἀ.
814 3933 907 3985 καὶ
939 3932 1078 4002 μετά
1113 3933 1208 3996 τὰς
1249 3935 1387 3987 ἑπτὰ
1412 3933 1742 4003 ισδομάδας,
1787 3937 1881 3988 καὶ
1911 3936 1996 4000 ἐξ·

419 4023 622 4092 ήκοντα
658 4020 774 4087 δύο,
812 4020 1321 4093 ὲξολοθρευθήσεται
1365 4023 1724 4094 ὴλειμμένος,
1760 4027 1855 4079 καὶ
1897 4028 1997 4080 οὐκ

421 4111 568 4166 ἐστιν
619 4112 790 4184 αὐτῷ.
828 4114 885 4168 Σ.
929 4114 1025 4167 καὶ
1060 4113 1200 4186 μετά
1243 4113 1340 4179 τὰς
1391 4116 1690 4187 ἑϐδομάδας
1741 4119 1880 4172 ἑπτὰ
1904 4121 1997 4172 καὶ

422 4202 686 4272 ἐξήκοντα
717 4203 831 4266 δύο,
865 4205 1226 4274 ὲκκοπήσεται
1251 4205 1500 4275 Χριστὸς,
1518 4207 1612 4258 καὶ
1642 4206 1740 4276 οὐχ
1766 4205 1996 4277 ὑπάρξει

421 4294 591 4364 αὐτῷ.
625 4294 690 4350 8.
715 4295 810 4348 καὶ
835 4296 972 4365 μετά
991 4296 1089 4359 τὰς
1127 4296 1426 4367 ἑϐδομάδας
1461 4298 1561 4362 τὰς
1591 4300 1851 4371 ἐξήκοντα
1879 4301 1994 4369 δύο,

423 4381 934 4456 ὲξολοθρευθήσεται
978 4385 1184 4456 χρίσμα
1211 4427 1225 4452 ,
1269 4387 1362 4439 καὶ
1407 4387 1579 4458 κρίμα
1617 4389 1718 4441 οὐκ
1756 4389 1902 4443 ἔστιν
1938 4392 1998 4444 ὲν

425 4491 573 4546 αυτῳ

425 4661 541 4710 κει-Ι
576 4658 688 4712 ’βυ
725 4663 808 4714 ων
842 4661 1020 4712 mmet
1050 4663 1237 4734 mpm
1272 4665 1438 4720 'ﬂh‘t‘t
1516 4656 1596 4713 'A.
1621 4661 1712 4711 καὶ
1733 4657 1828 4728 τὴν
1850 4659 2004 4713 πόλιν

427 4741 612 4794 καὶτὸ
661 4739 817 4809 ἄτιον
847 4742 1131 4813 διαφθερεῖ
1159 4744 1286 4808 λαὸς
1329 4745 1634 4817 ἡγουμένου
1680 4747 1996 4818 ἐρχομένου.

2171 3096 2237 3151 11.
2274 3098 2338 3152 Α.
2370 3108 2424 3152 et
2453 3099 2522 3152 ad
2569 3099 2890 3168 expiandam
2929 3098 3299 3167 iniquitatem.
3323 3096 3428 3153 Th.
3469 3108 3524 3153 et
3571 3100 3668 3154 de-

2098 3190 2309 3244 leantur
2335 3191 2674 3259 iniquitates,
2707 3198 2762 3245 et
2789 3191 3075 3260 expientur
3100 3192 3434 3260 iniquitates.
3473 3191 3592 3248 Vul.
3619 3205 3672 3249 et

2096 3281 2342 3336 deleatur
2373 3282 2653 3352 iniquitas.

2169 3371 2232 3427 ll.
2261 3381 2314 3426 et
2352 3373 2417 3428 ad
2450 3373 2774 3443 signandum
2797 3373 3063 3428 visionem
3114 3384 3168 3428 et
3224 3375 3585 3444 pr0phetiam,
3620 3387 3671 3429 et

2097 3466 2164 3520 ad
2206 3467 2510 3535 ungendam
2535 3467 2880 3522 sanctitatem
2903 3466 3274 3521 sanetitatum.
3309 3467 3471 3531 LXX,
3502 3466 3674 3520 Th.et

2097 3558 2342 3627 signetur
2379 3559 2517 3613 visio
2543 3566 2598 3614 et
2635 3559 2922 3628 propheta,
2946 3567 2998 3612 et
3034 3566 3270 3627 ungatur
3294 3566 3517 3613 sanctus
3544 3574 3671 3612 san-

2097 3657 2332 3704 ctorum.
2368 3648 2491 3705 ναι.
2527 3659 2581 3704 et
2617 3650 2911 3720 impleatur
2933 3649 3073 3704 visio
3094 3659 3148 3706 et
3179 3649 3483 3720 prephetia.
3504 3659 3674 3704 etunv

2097 3753 2158 3807 ga
2167 3747 2254 3792 1111³
2274 3747 2497 3794 sanctus
2524 3752 2835 3795 sanctorum
2847 3783 2858 3796 .

2165 3826 2256 3880 26.
2288 3827 2455 3884 Hebr.
2487 3837 2541 3884 et
2569 3838 2692 3898 post
2721 3830 3089 3885 hebdomadas
3117 3833 3396 3901 sexaginta
3427 3839 3481 3886 et
3504 3831 3660 3896 duas,

2097 3917 2383 3972 excidetur
2413 3928 2614 3974 unctus
2644 3929 2698 3974 et
2721 3936 2831 3975 non
2856 3922 2926 3975 ei.
2957 3922 3020 3975 A.
3047 3931 3101 3976 et
3140 3931 3264 3992 post
3294 3931 3499 3992 septem
3543 3922 3674 3975 heb-

2096 4005 2360 4063 domadas
2385 4019 2440 4064 et
2457 4010 2738 4078 sexaginta
2773 4011 2931 4077 duas,
2965 4013 3420 4067 exterminabitur
3454 4023 3671 4080 unctus,

2097 4105 2154 4149 et
2190 4111 2295 4150 non
2353 4107 2436 4152 est
2499 4099 2569 4153 ei.
2623 4097 2681 4153 S.
2712 4107 2767 4152 et
2830 4109 2954 4169 post
2994 4100 3366 4156 hebdomadas
3387 4113 3592 4172 septem
3623 4114 3677 4155 et

2097 4190 2375 4260 sexaginta
2397 4190 2553 4255 duas,
2580 4190 2926 4245 exscindetur
2947 4191 3219 4258 Christus,
3242 4203 3296 4247 et
3319 4209 3425 4247 non
3451 4197 3677 4249 exsistet

2097 4282 2166 4336 ei.
2204 4279 2308 4335 Th.
2335 4291 2389 4337 et
2418 4292 2542 4353 post
2575 4283 2942 4339 hebdomadas
2968 4284 3262 4353 sexaginta
3311 4285 3470 4348 duas,
3494 4295 3673 4340 exter-

2098 4372 2394 4428 minabitur
2422 4375 2626 4442 unctio,
2652 4383 2706 4430 et
2731 4375 2997 4446 judicium
3035 4391 3142 4430 non
3161 4387 3242 4431 est
3272 4377 3327 4430 in
3355 4392 3442 4432 eo.
3480 4375 3600 4430 Vul.
3620 4387 3676 4431 et

2097 4479 2220 4537 post
2240 4465 2607 4523 hebdomadas
2621 4468 2901 4538 sexaginta
2922 4469 3061 4524 duas
3083 4468 3360 4526 occidetur
3379 4469 3632 4527 Christus
3654 4489 3666 4525 :

2104 4566 2156 4613 et
2181 4573 2290 4613 non
2313 4558 2419 4612 erit
2446 4559 2567 4628 ejus
2595 4559 2850 4628 populus.

2174 4649 2309 4706 Heb.
2353 4659 2407 4706 et
2434 4651 2711 4708 civitatem
2742 4662 2796 4708 et
2824 4653 3166 4708 sanctitatem
3191 4653 3432 4709 destruet
3449 4651 3678 4722 populus

2105 4742 2262 4798 ducis
2292 4745 2530 4798 venturi.
2563 4745 2629 4796 A.
2656 4752 2712 4800 et
2741 4745 3017 4802 civitatem
3064 4756 3120 4800 et
3151 4755 3401 4801 sanetum
3435 4759 3681 4799 corrum-

423 4830 486 4883 8.
516 4832 611 4884 καὶ
661 4831 759 4902 τὴν
817 4832 972 4886 πόλιν
1022 4834 1116 4886 καὶ
1154 4833 1215 4886 τὸ
1261 4833 1412 4902 ἅγιον
1461 4835 1743 4905 διαφθερεῖ
1783 4839 1880 4893 σὺν
1921 4837 2001 4907 τῷ

2106 4841 2197 4902 pet
2227 4834 2460 4902 populus
2489 4834 2648 4891 ducis
2679 4837 2916 4890 venturi.
2952 4835 3054 4890 Tb.
3079 4844 3134 4890 et
3157 4837 3434 4892 civitatem
3461 4845 3515 4889 et
3547 4851 3678 4889 san-

424 4921 715 4993 ήγουμένφ
741 4923 820 4994 τῷ
857 4925 1158 4995 ἐρχομένῳ·

2108 4923 2379 4977 ctuarium
2438 4924 2686 4981 destruet
2735 4941 2862 4982 cum
2910 4927 3050 4981 duce
3101 4925 3441 4981 adveniente.
3487 4925 3603 4979 ναι.
3627 4937 3682 4980 et

2108 5013 2384 5071 civitatem
2433 5025 2488 5071 et
2519 5019 2888 5074 sanctuarium
2943 5017 3226 5086 dissipabit
3279 5017 3512 5089 pepulus
3554 5034 3680 5074 cum

2108 5105 2247 5162 duce
2275 5116 2506 5164 venturo

1257 5215 1432 5274 Notas
1459 5221 1520 5274 et
1547 5212 1733 5274 variae
1763 5210 2070 5276 lectiones
2103 5218 2179 5281 ad
2214 5237 2349 5300 cap.
2385 5223 2476 5284 IX
2505 5222 2813 5285 Danielis.

501 5349 567 5408 ν.
591 5355 646 5409 2.
680 5356 916 5424 Ἄλλος,
947 5356 1004 5407 ἐν
1030 5356 1138 5408 ἔτει
1171 5357 1249 5408 ἑνὶ
1279 5357 1378 5424 τῆς
1413 5354 1682 5424 βασιλείας
1720 5367 1823 5410 etc.
1868 5355 2005 5411 Dru-

431 5425 549 5482 sius
575 5440 641 5479 ex
667 5425 752 5479 ed.
792 5423 1057 5480 Romana.

507 5492 570 5566 Υ.
599 5495 652 5566 5.
687 5496 880 5566 Ἄλλη
925 5496 1016 5548 καὶ
1047 5494 1246 5564 σποδῷ.
1295 5494 1534 5551 Joannes
1579 5494 2004 5566 Chrysostomus

432 5563 488 5619 in
519 5563 812 5620 Danielem.

509 5634 569 5706 Υ.
601 5636 656 5690 5.
689 5637 878 5698 Ἀλλ.,
903 5635 1653 5706 ἡδικήσαμεν.ἠσε6ήσαμεν.
1690 5634 1928 5693 Drusius.

509 5703 569 5758 V.
599 5706 689 5762 23.
718 5707 798 5774 Σ.,
824 5703 961 5777 ἀνὴρ
985 5703 1321 5776 ἐπιθυμητὲ.
1344 5703 1506 5762 Idem.

2184 5363 2244 5417 V.
2272 5363 2360 5418 24.
2409 5365 2642 5432 Ἄλλος,
2685 5363 3136 5435 ἐδοκιμάσθησαν.
3193 5363 3282 5419 Sic
3328 5380 3392 5419 ex
3428 5363 3682 5422 Theodo-

2109 5442 2313 5558 rﬁlioliid.
2365 5505 2468 5574 ἶΑ..
2498 5504 2603 5574 ἐπὶ,
2623 5505 2712 5558 τὸν
2738 5505 2864 5559 λαόν
2887 5516 2992 5564 etc.
3020 5505 3132 5562 Has
3161 5519 3354 5561 omnes
3389 5504 3598 5574 Aquila:
3630 5511 3684 5554 et

2111 5573 2425 5648 §ymmaehi
2459 5573 2745 5648 _lectiones
2795 5591 2996 5648 usqug
3023 5578 3088 5632 ad
3142 5577 3307 5648 linem
3333 5573 3579 5648 _capitis,
3615 5587 3678 5623 ex

2110 5641 2580 5700 Demonstratione
2611 5641 2919 5711 evangelica
2958 5646 3174 5705 Eusebii
3226 5641 3572 5716 proferimus.
