4064 6432
289 369 2402 406 mww

2523 404 2971 418 Ἠ

1013 607 1155 718 ΙΝ
1246 603 2086 719 PROPHETAS
2164 605 2527 720 MINO
2549 610 2798 718 RES

1638 902 2168 982 MONITUM.

341 1113 723 1183 Prophetarum
759 1112 1028 1170 Minorum
1063 1113 1392 1182 Hexaplares
1428 1109 1675 1184 lectiones
1704 1110 2007 1182 collegimus
2042 1130 2104 1166 ac
2134 1114 2314 1167 multis
2339 1112 2389 1166 in
2426 1111 2556 1166 locis
2583 1111 2992 1167 restauravimus
3021 1130 3115 1184 ope
3147 1115 3533 1184 manuscripto-

267 1203 391 1243 ritus
424 1180 489 1237 ae
526 1185 809 1254 editorum,
849 1201 1071 1254 quarunt
1107 1180 1404 1253 eatologum
1431 1180 1766 1254 subiicimus:

341 1254 521 1310 Codex
553 1249 874 1308 Barberinus
909 1254 1059 1320 cujus
1088 1249 1331 1308 lectiones
1356 1249 1969 1324 suppeditavitABriauus
2010 1252 2290 1307 Waltonus
2308 1261 2454 1306 sexto
2482 1249 2907 1324 Polyglottorum
2932 1264 3093 1320 tomo,
3119 1252 3254 1309 unde
3280 1255 3528 1324 maiorem

273 1325 770 1392 interpretationum
800 1325 1002 1392 copiam
1033 1326 1287 1392 eruimus,
1321 1335 1555 1392 qucrnea:
1585 1320 1826 1392 omnibus
1846 1321 1988 1375 aliis.

345 1391 528 1448 Codex
561 1391 986 1458 Marchalia’nus,
1012 1410 1149 1447 nunc
1177 1391 1284 1445 RR.

341 1527 706 1588 Coisliniarius
729 1531 904 1588 Codex
934 1527 1067 1586 unus
1098 1550 1170 1599 Ix,
1205 1527 1282 1587 vel
1311 1548 1364 1585 χ.
1403 1527 1608 1585 saeculi.

346 1606 386 1684 ,1
396 1604 496 1684 lter
524 1600 888 1684 Coisliriig'nus
910 1603 1230 1684 ubiEclogw
1252 1602 1517 1684 quendam.

346 1673 683 1742 Colbertinus
709 1670 814 1742 ζΧ.
841 1673 1020 1726 steculi
1045 1670 1317 1742 στάηρῶς
1339 1673 1588 1737 scriptus.

348 1743 524 1798 Codex
559 1740 1068 1796 Sau-Germanensis
1100 1740 1156 1796 S.

355 1812 608 1882 Origenes
633 1813 688 1882 irt
718 1809 1029 1882 Matthagum
1051 1811 1209 1866 semel
1236 1809 1522 1866 adductus.

350 1880 608 1935 Eusebius
638 1881 703 1935 de
732 1880 861 1934 locis
893 1880 1191 1936 Hebraicis.

347 1950 604 2021 Ejusdem
648 1949 1041 2021 Demonstratio
1076 1949 1421 2021 Evangelica.

405 2022 704 2089 ierouymus
744 2017 803 2073 in
816 2021 1038 2075 minores
1065 2017 1379 2089 Prophetas.

347 2090 601 2159 Ejusdem
629 2088 803 2158 Epist.
837 2092 907 2144 ad
956 2090 1286 2144 Marcellam.

347 2159 699 2231 Theodoreus
728 2160 799 2231 ίῃᾼ
812 2161 1036 2215 minores
1068 2159 1380 2231 Prophetas.

347 2225 636 2298 Procopius
663 2230 719 2282 in
753 2228 800 2282 Η
806 2231 1026 2284 esaiam.

351 2298 601 2361 Romanae
627 2300 872 2353 editionis
913 2317 975 2353 ac
1003 2300 1185 2354 Drusii
1215 2309 1373 2355 notw.

1368 1390 1434 1444 P.
1476 1388 1824 1465 lesuitarum,
1859 1391 1924 1445 de
1948 1408 2048 1463 quo
2075 1393 2314 1461 superius
2336 1395 2534 1465 passim
2561 1403 2736 1447 actum
2758 1405 2855 1449 est.

345 1463 525 1533 Codex
555 1461 1142 1533 Regius_Bombycinus,
1169 1465 1232 1516 de
1253 1479 1355 1530 quo
1381 1461 1586 1533 sapius
1603 1470 1778 1513 actum
1819 1471 1912 1520 est.

1249 1742 1502 1811 ieronymi
1534 1744 1588 1796 in
1615 1741 1904 1811 Prophetas
1930 1744 2175 1798 minores.

346 2367 503 2441 [Ipsa
530 2369 819 2442 lectionum
833 2383 1026 2442 natura
1061 2371 1208 2424 nobis
1248 2387 1407 2426 causa
1431 2371 1530 2442 fuit
1555 2372 1740 2424 edendi
1758 2371 2034 2439 prophetas
2065 2372 2288 2426 minores
2319 2371 2569 2426 continua
2600 2371 2751 2435 serie,
2788 2379 2842 2424 ut
2871 2371 3108 2425 dedimus
3140 2383 3302 2438 supra
3330 2369 3528 2428 Dun‘e-

273 2437 376 2495 leni
395 2437 754 2508 hexaplarem.
786 2437 1019 2512 Diuum]

1417 2678 1624 2742 OSEE
1655 2680 1912 2746 CAPUT
1947 2681 2296 2744 PRIMUM.

272 2802 521 2857 απτ-ειη
556 2797 586 2850 7
665 2795 744 2862 0',
793 2797 914 2852 οὐδὲ.
965 2800 1022 2851 ἐν
1061 2797 1303 2854 ἱππεῦσι.
1344 2800 1585 2866 Ἄλλος,
1633 2798 1756 2853 οὐδὲ
1789 2800 1848 2854 ὲν

272 2889 536 2959 ἅρμασιν.

2026 2801 2076 2857 7.
2107 2797 2248 2854 Heb.
2275 2797 2398 2854 Vul.
2425 2807 2480 2853 et
2511 2799 2564 2853 in
2581 2798 2878 2869 equitibus.
2901 2800 3065 2867 LXX,
3094 2815 3270 2872 neque
3306 2803 3356 2856 in
3375 2805 3535 2870 emr-

1955 2893 2120 2948 tibus.
2144 2891 2318 2958 Alius,
2348 2905 2526 2959 neque
2558 2891 2610 2945 in
2635 2892 2912 2948 curribus.

1819 3029 1994 3089 Nota.

341 3125 404 3181 V.
438 3129 766 3200 7.31.109
798 3129 922 3183 οὔτε
949 3127 1008 3185 ἐν
1035 3129 1264 3199 ἅρμασι.
1301 3128 1391 3183 Sic
1440 3127 1662 3200 quidam
1696 3127 1838 3183 codi-

270 3211 363 3255 ces
385 3206 442 3254 et
474 3197 878 3256 Alexandrinus
905 3214 922 3267 ;
953 3197 1255 3269 quaa‘lectio
1285 3201 1365 3254 vel
1408 3197 1637 3256 alterius
1679 3200 1851 3254 inter-

1945 3128 2115 3253 pretis
2137 3137 2240 3194 est,
2277 3128 2360 3185 vel
2396 3128 2678 3183 redundat.
2711 3125 2769 3180 ln
2803 3125 3026 3182 Hebraeo
3059 3141 3190 3183 sane
3213 3146 3318 3185 nou
3357 3131 3526 3187 habe-

1980 3215 2066 3253 ur.

1980 3215 2066 3256 ur.

1571 3427 1776 3488 OSEE
1811 3423 2067 3488 CAPUT
2119 3422 2170 3483 ΙΙ
2188 3468 2202 3483 .

269 3531 391 3582 τιτη
427 3522 464 3576 2
549 3522 629 3580 Ἀ.
665 3525 724 3578 Σ.
748 3523 1064 3581 δικάσασθε.
1099 3528 1177 3592 0’,
1220 3526 1461 3598 κρίθητε.

271 3705 420 3756 ’ἾὩῘ
456 3697 490 3752 5
562 3701 628 3752 Ol
669 3701 892 3767 λοιποὶ,
949 3701 1020 3754 τὰ
1068 3698 1190 3772 ἔριά
1243 3718 1365 3773 μου.
1418 3705 1496 3766 (γ,
1547 3703 1616 3756 τὰ
1657 3703 1847 3774 ἱμάτιά

273 3807 394 3859 μου.

269 3889 460 3940 rrum
485 3891 648 3944 mmn
676 3882 734 3937 11
814 3880 892 3950 0’,
914 3881 1009 3947 τὰς
1035 3885 1326 3955 νουμηνίας
1352 3883 1542 3955 αὐτῆς.
1573 3884 1637 3940 Θ.
1657 3886 1725 3955 Ἀ(
1750 3886 1844 3941 καὶ

269 3971 339 4024 τὰ
364 3972 609 4026 σάϐϐατα
640 3973 835 4042 αὐτῆς.

269 4047 466 4122 mium
503 4062 570 4117 i3
642 4063 701 4118 Σ.
731 4064 826 4117 καὶ
863 4063 932 4117 τὰ
952 4065 1351 4136 περιτραχήλια
1400 4065 1590 4136 αὐτῆς.
1641 4064 1719 4132 0',
1753 4066 1845 4119 καὶ

266 4153 336 4207 τὰ
361 4150 634 4224 καθόρμια
661 4153 851 4224 αὐτῆς.

265 4249 399 4305 ’τῶν
440 4243 505 4296 15
565 4244 642 4321 _'0
679 4246 892 4313 Σύρος,
939 4247 1128 4318 Ἀχάρ.
1155 4252 1235 4314 U',
1279 4247 1478 4321 Ἀχὼρ.

263 4339 406 4412 ΠῚΡΠ
442 4315 596 4392 ΠΠΞΒ
666 4334 726 4386 Σ.
785 4339 866 4398 εἰς
923 4315 1093 4408 esse)
1149 4315 1382 4402 ὲλπίδοξ.
1428 4315 1520 4406 ”υ’,
1581 4339 1844 4406 διανοϊξαι

267 4423 483 4479 σύνεσιν
507 4426 697 4498 αὐτῆς.
727 4427 791 4482 Θ.
826 4427 1162 4499 ὰνεῴξασθαι
1200 4430 1297 4502 τὴν
1332 4430 1610 4503 ὑπομονὴν
1642 4432 1830 4502 αὐτῆς.

264 4613 432 4668 πων-ι
503 4606 561 4657 Σ.
595 4607 689 4659 καὶ
710 4607 1107 4679 κακωθήσεται.
1138 4608 1212 4675 0',
1237 4610 1334 4663 καὶ
1352 4610 1839 4682 ταπεινωθήσεται.

267 4694 328 4747 Θ.
363 4697 457 4749 καὶ
489 4696 943 4770 ἀποκριθήσεται.

265 4794 451 4850 τεν-τω
525 4788 583 4844 Σ.
609 4791 675 4844 Θ.
704 4790 976 4862 νεότητος.
1008 4791 1084 4857 0',
1120 4791 1444 4864 νηπιότητος
1473 4793 1666 4863 αὐτῆς.

264 4942 394 5025 "m
420 4969 518 5026 Tu
541 4944 948 5048 v'rvmpn-u‘n
979 4972 1118 5024 rem
1146 4973 1333 5050 impr:
1359 4965 1425 5021 te
1487 4967 1564 5018 Ἀ.
1595 4964 1839 5036 [καλέσει

269 5065 358 5124 με,
379 5050 408 5104 ὁ
431 5050 571 5122 ἀνήρ
599 5070 723 5123 μου,
762 5055 856 5108 καὶ
884 5056 943 5109 οὐ
972 5056 1190 5112 καλέσει
1219 5073 1286 5128 με
1315 5056 1415 5123 ἔτι,
1441 5057 1579 5128 ἔχων
1605 5058 1721 5131 με.]
1757 5062 1834 5123 0’,

267 5142 484 5197 καλέσει
516 5160 606 5214 με,
636 5147 664 5199 ὁ
701 5147 842 5218 ἁνήρ
873 5165 998 5218 μου,
1023 5149 1118 5204 καὶ
1137 5149 1196 5202 οὐ
1227 5147 1443 5202 καλέσει
1473 5165 1542 5217 με
1577 5147 1674 5211 ἔτι,
1701 5147 1834 5217 βαα-

267 5233 410 5305 λεὶμ.

265 5418 423 5491 m5
447 5440 740 5499 armatum
814 5436 846 5490 8
931 5436 1010 5490 ‘A.
1076 5437 1167 5489 καὶ
1217 5436 1466 5506 κοιμήσω
1518 5437 1711 5498 αὐτοὺς
1764 5437 1843 5500 εἰς

267 5521 610 5594 πεποίθησιν.
638 5525 697 5579 Σ.
723 5527 818 5579 καὶ
843 5527 1152 5595 κατοικήσω
1187 5526 1279 5595 (al.
1310 5525 1628 5594 κατοικίσω)
1646 5526 1844 5588 αὐτοὺς

267 5611 322 5662 ὲν
357 5611 570 5682 εἰρήνῃ.
605 5613 682 5677 0',
720 5613 811 5669 καὶ
863 5613 1124 5666 κατοικιῶ
1158 5629 1218 5666 σε
1248 5613 1333 5667 ἐπ’
1385 5613 1578 5668 ἐλπίδι.
1629 5615 1690 5666 Θ.
1744 5614 1836 5666 καὶ

268 5701 526 5755 κατοικιῶ
550 5703 744 5767 αὐτοὺς
777 5706 831 5757 ἐν
870 5702 1208 5773 πεποιθήσει.

2014 3522 2071 3576 2.
2104 3520 2236 3576 lleb.
2275 3517 2602 3573 contendite.
2634 3516 2698 3570 A.
2735 3515 2792 3572 S.
2820 3518 3139 3590 disceptate.
3187 3515 3347 3582 LXX,
3377 3517 3528 3590 judi-

1948 3611 2167 3668 cemini.
2207 3607 2330 3665 Vul.
2359 3607 2624 3678 iudicate.

2017 3701 2070 3756 5.
2115 3700 2276 3756 Hebr.
2308 3698 2432 3754 Vul.
2468 3699 2648 3754 lanam
2677 3713 2873 3754 meam.
2903 3698 3129 3770 Reliqui,
3169 3701 3322 3758 lanas
3348 3714 3520 3756 meas.

1946 3789 2112 3855 LXX,
2155 3791 2478 3845 vestimenta
2511 3804 2651 3843 mea.

2019 3884 2105 3937 11.
2143 3879 2208 3934 Η.
2243 3879 2364 3935 Vul.
2399 3879 2738 3934 neomeniam
2784 3879 2901 3949 ejus
2947 3889 3002 3935 et
3036 3881 3324 3938 sabbatum
3385 3883 3527 3951 ejus.

1947 3969 2112 4036 LXX,
2150 3971 2466 4025 neomenias
2491 3967 2631 4036 ejus.
2666 3967 2768 4021 Th.
2809 3977 2862 4022 et
2889 3968 3112 4024 sabbata
3137 3970 3278 4040 ejus.

2017 4061 2102 4116 15.
2129 4060 2192 4115 Η.
2234 4058 2352 4113 Vul.
2384 4067 2440 4114 et
2471 4057 2660 4114 monili
2693 4073 2812 4115 suo.
2850 4058 2908 4112 S.
2944 4059 3168 4114 collaria
3199 4076 3320 4116 sua.
3365 4059 3530 4123 LXX,

1943 4156 1998 4205 et
2021 4149 2246 4203 monilia
2277 4163 2397 4202 sua.

2016 4242 2104 4298 15.
2137 4241 2274 4297 Heb.
2301 4237 2467 4306 LXX,
2507 4237 2625 4293 ναι.
2661 4238 2862 4294 Achor.
2890 4237 3082 4309 Syrus,
3114 4240 3314 4294 Achar.

2018 4332 2154 4388 Heb.
2195 4331 2253 4387 S.
2293 4332 2348 4387 in
2389 4333 2591 4386 ostium
2663 4331 2800 4401 spei.
2844 4329 3010 4400 LXX,
3060 4331 3126 4386 ad
3181 4331 3528 4401 aperiendum

1944 4424 2362 4497 intelligentiam
2393 4423 2534 4494 ejus.
2569 4424 2673 4478 Th.
2713 4423 2778 4478 ad
2811 4423 3161 4494 aperiendam
3209 4422 3528 4494 patientiam

1943 4516 2084 4587 ejus.
2127 4513 2253 4570 Vul.
2283 4515 2351 4570 ad
2379 4513 2730 4584 aperiendam
2767 4529 2943 4584 spem.

2015 4605 2180 4662 Hebr.
2223 4603 2325 4661 'l‘b.
2359 4614 2414 4660 et
2446 4605 2819 4675 respondebit.
2853 4605 2912 4661 S.
2947 4615 3000 4661 et
3041 4604 3328 4678 adligetur.
3365 4603 3530 4673 LXX,

1943 4697 2340 4753 humiliabitur.
2375 4695 2528 4767 Vulg.
2556 4704 2733 4753 canet.

2020 4790 2153 4847 Heb.
2185 4791 2673 4847 adolescentiarum
2697 4806 2945 4847 suarum.
2977 4789 3036 4846 S.
3063 4791 3166 4845 Th.
3195 4788 3315 4845 Vul.
3335 4789 3532 4860 juven-

1951 4883 2100 4939 tutis.
2135 4881 2302 4946 LXX,
2338 4883 2588 4938 infantiae
2613 4897 2748 4937 suae.

2018 4969 2103 5025 16.
2135 4968 2267 5025 Heb.
2302 4967 2533 5024 Vocabis
2561 4971 2731 5038 (me):
2767 4969 2862 5023 Vir
2901 4984 3076 5037 meus,
3109 4979 3163 5024 et
3213 4985 3320 5024 non
3349 4985 3520 5025 vocn—

1945 5062 2029 5116 bis
2079 5076 2166 5116 me
2208 5061 2348 5116 ultra
2384 5059 2554 5116 Baali.
2606 5065 2672 5116 Δ.
2722 5061 2937 5117 vocabit
2969 5077 3076 5128 me,
3125 5064 3206 5118 vir
3247 5079 3424 5127 meus,
3475 5075 3526 5116 ct

1943 5167 2055 5209 non
2076 5155 2288 5210 vocabit
2317 5170 2422 5221 me,
2458 5157 2597 5211 ultra
2615 5155 2821 5210 habens
2846 5170 2951 5209 me.
2969 5153 3135 5217 LXX,
3180 5154 3526 5214 Vocabitmc.

1947 5245 2044 5302 Vir
2067 5261 2240 5311 meus,
2260 5257 2313 5300 et
2341 5260 2450 5300 non
2469 5247 2686 5302 vocabit
2707 5260 2794 5301 me
2819 5245 2984 5308 ultra,
3009 5244 3242 5298 Baalim.
3265 5242 3389 5298 ναι.
3413 5243 3524 5296 Vo-

1943 5337 2089 5394 cabit
2119 5353 2227 5402 me,
2253 5337 2334 5390 vir
2362 5351 2538 5404 meus,
2561 5347 2616 5393 et
2644 5352 2752 5392 non
2770 5335 2986 5392 vocabit
3019 5351 3106 5390 me
3143 5336 3305 5402 ultra,
3330 5335 3496 5390 Baali.

2015 5427 2100 5482 18.
2133 5425 2296 5482 Hebr.
2332 5437 2388 5484 et
2421 5430 2741 5484 recumbere
2769 5427 2965 5484 faciam
2998 5441 3091 5482 eos
3123 5428 3178 5481 in
3214 5427 3429 5482 ﬁducia.
3458 5428 3521 5480 Α.

1942 5528 1995 5573 et
2019 5518 2258 5573 dormire
2292 5517 2486 5573 faciam
2515 5533 2612 5573 eos
2640 5519 2693 5572 in
2728 5519 2944 5574 ﬁducia.
2990 5519 3047 5574 S.
3077 5528 3129 5574 et
3171 5518 3414 5573 habitare
3451 5520 3522 5571 [ηε

1945 5611 2083 5665 ciam
2100 5626 2194 5665 eos
2213 5610 2264 5663 in
2288 5625 2439 5679 pace.
2470 5608 2630 5671 LXX,
2659 5619 2710 5663 et
2742 5611 2990 5669 habitare
3019 5622 3074 5668 tc
3102 5609 3296 5666 faciam
3331 5611 3382 5665 in
3403 5627 3518 5680 spe.

1946 5697 2050 5753 Th.
2075 5709 2128 5751 et
2173 5698 2418 5752 habitare
2444 5697 2634 5751 faciam
2679 5712 2773 5752 cos
2804 5699 2856 5752 in
2894 5701 3112 5758 liducia.
3155 5697 3272 5754 Vul.
3311 5710 3359 5755 ct
3390 5699 3520 5754 dor-

1947 5792 2079 5846 mire
2107 5806 2200 5845 cus
2231 5787 2422 5842 faciam
2441 5788 2795 5843 ~liducialiter.
