4080 6474
369 434 517 490 2965

367 527 693 605 mum-5:31
733 542 800 595 l6
875 542 932 595 Σ.
963 541 1058 594 καὶ
1090 541 1147 592 ιν
1174 539 1341 594 πᾶσιν
1374 538 1500 609 (sic)
1533 536 1820 608 ἀμφόδοις.
1873 535 1950 599 οι,

371 640 464 691 καὶ
499 640 556 688 ὲν
581 637 783 698 πάσαις
800 635 922 698 ταῖς
946 632 1108 697 ὁδοῖς.

367 822 456 873 9m
486 821 623 878 ἰτ-ην
698 813 759 866 Σ.
810 810 938 874 τοὺς
970 808 1340 879 γινώσκοντας
1395 807 1577 878 μέλος.
1630 808 1709 868 0',
1745 801 1952 866 εἰδότας

369 909 398 960 θ
405 908 566 979 ρῆνον
574 945 588 959 .

367 1064 523 1164 -ριω
558 1079 631 1134 25
717 1078 800 1132 Ἀ.
831 1075 1041 1131 νάσλων
1071 1091 1190 1130 σου.
1230 1076 1309 1140 οι,
1335 1071 1583 1144 ὀργάνων
1606 1088 1724 1125 σου.

367 1225 585 1300 511124
658 1236 719 1290 Σ.
753 1231 1067 1286 κεκύλισται
1116 1229 1247 1301 γάρ.
1301 1229 1379 1294 0',
1429 1225 1836 1296 κυλισθήσεται.
1886 1223 1950 1276 Θ.

376 1331 470 1386 καὶ
497 1328 976 1398 ἁποικισθήσεται.

367 1431 503 1481 man
539 1431 620 1480 rm
656 1417 726 1471 26
810 1417 893 1472 ‘A.
940 1411 1334 1483 συσκιασμούς.
1387 1412 1447 1466 Σ.
1479 1413 1556 1476 0',
1593 1407 1690 1479 τὴν
1727 1407 1951 1478 σκηνήν.

374 1513 592 1575 Ἄλλος
616 1550 630 1574 ,
660 1506 896 1568 εἰκόνας.
929 1505 992 1559 Θ.
1018 1503 1234 1558 εἴδωλον
1265 1501 1441 1572 ὑμῶν.

367 1694 562 1771 ΰὶὲθῠ
645 1711 728 1763 Ἀ.
760 1706 991 1779 μελχόμ.
1017 1707 1078 1761 Σ.
1106 1705 1172 1759 Θ.
1207 1704 1320 1775 (τοῦ
1355 1703 1620 1774 βασιλέως
1647 1701 1846 1773 ὑμῶν.)
1873 1702 1952 1767 0',

369 1802 462 1855 τοῦ
494 1801 700 1870 Μολόχ.
1141 1873 1148 1879 ⁸

365 1901 467 1979 τιν)
502 1900 611 1950 nm
695 1891 780 1943 ’A.
814 1891 876 1943 Σ.
927 1889 1022 1942 καὶ
1072 1886 1243 1958 χιοῢν.
1296 1888 1374 1951 0',
1413 1884 1507 1939 xui.
1551 1883 1612 1937 τὸ
1635 1883 1854 1954 ἄστρον.
1885 1883 1950 1936 Θ.

368 1981 714 2052 ἀμαύρωσιν.

367 2047 768 2152 ξενίωνηῆ
811 2073 912 2152 rm
955 2075 1063 2124 nm
1111 2047 1304 2124 unaSt:
1351 2072 1487 2123 me
1536 2075 1619 2123 ns
1655 2072 1884 2122 nmen

368 2143 582 2218 mlnl'm
657 2159 733 2223 0',
766 2143 863 2210 καὶ
897 2155 1186 2210 ἀνελὰὃετε
1224 2156 1324 2227 τὴν
1356 2155 1561 2227 σκηνὴν
1603 2154 1700 2207 τοῦ
1747 2155 1950 2224 Μολδχ,

369 2250 464 2304 καὶ
495 2250 556 2303 τὸ
587 2248 789 2321 ἄστρον
827 2248 923 2302 τοῦ
955 2246 1079 2302 οεοῦ
1115 2246 1269 2318 ὑμῶν
1307 2247 1555 2316 Ῥαιφὰν,
1591 2247 1718 2311 τοὺς
1746 2246 1953 2312 τύπους

368 2340 569 2400 αὐτῶν.
592 2340 656 2394 Θ.
695 2342 789 2394 καὶ
823 2341 994 2412 ⁴Ιὶρατε
1022 2340 1122 2412 τὴν
1141 2341 1330 2412 ὅρασιν
1361 2337 1456 2392 τοῦ
1483 2337 1744 2408 βασιλέως
1774 2338 1951 2408 ὑμῶν,

369 2431 690 2503 ἀμαύρωσιν
718 2431 972 2498 εἰδώλων,
1005 2432 1205 2497 ἄστρον
1228 2429 1322 2484 τοῦ
1355 2430 1478 2484 θεοῦ
1511 2429 1687 2500 ὑμῶν.

1428 424 1904 483 IIEXAPLOHUM
1942 423 2108 492 QUAS
2151 421 2586 480 SUPERSUNT.

3497 419 3604 476 296
3615 419 3640 475 ι

2131 532 2217 588 16.
2252 531 2320 588 H.
2344 541 2399 588 et
2422 532 2477 586 in
2513 529 2730 587 cunctis
2754 528 2964 600 plateis.
3010 526 3068 582 S.
3098 533 3153 582 et
3181 525 3235 580 in
3263 524 3525 582 omnibus
3551 527 3638 582 bi-

2055 625 2178 679 viis.
2209 621 2376 687 LXX,
2400 633 2453 677 et
2478 623 2531 676 in
2563 621 2820 676 omnibus
2874 619 2999 675 viis.
3039 617 3171 674 Vul.
3226 628 3281 674 et
3331 619 3386 673 in
3423 623 3639 677 cunctis

2054 730 2178 785 quae
2207 713 2343 769 foris
2375 723 2523 770 sunt.

2125 802 2262 859 Heb.
2301 805 2535 860 scientes
2571 801 2994 873 querimoniam.
3027 800 3083 855 S.
3105 812 3497 871 cognoscentes
3520 817 3638 856 mo-

2053 894 2278 950 lodiam.
2316 893 2481 960 LXX,
2552 895 2792 950 scientes
2851 892 3314 947 lamentationem.
3376 891 3495 946 Vul.
3541 892 3636 964 qui

2053 984 2236 1040 sciunt
2274 984 2550 1055 plangere.

2123 1073 2212 1128 25.
2257 1072 2421 1129 Hebr.
2452 1075 2518 1128 A.
2560 1074 2851 1128 uablorum
2906 1081 3148 1128 tuorum.
3204 1070 3370 1140 LXX,
3400 1087 3637 1145 organo-

2055 1180 2178 1218 rum
2211 1172 2454 1219 tuorum.
2493 1162 2617 1218 Vul.
2651 1164 2780 1236 lyrrc
2814 1171 2940 1218 tuae.

2123 1255 2213 1310 24.
2230 1254 2364 1310 Heb.
2393 1255 2608 1310 evolvat
2630 1271 2710 1310 se.
2736 1254 2794 1309 8.
2822 1255 3241 1310 convolutusest
3267 1257 3435 1310 enim.
3461 1251 3626 1320 LXX,

2053 1345 2320 1400 volvetur.
2353 1344 2456 1400 Th.
2495 1345 2888 1416 deportabitur.
2925 1344 3051 1399 Vul.
3096 1356 3150 1401 et
3177 1345 3526 1401 revelabitur.

2122 1435 2213 1490 26.
2247 1437 2382 1491 Heb.
2419 1436 2706 1492 succhoth.
2747 1436 2812 1490 Α.
2854 1436 3191 1492 umbracula.
3225 1436 3283 1492 S.
3312 1433 3476 1500 LXX,
3508 1436 3633 1492 Vul.

2056 1526 2492 1583 tabernaculum.
2546 1528 2722 1594 Alius,
2769 1527 3055 1598 imagines.
3119 1524 3224 1580 Th.
3278 1525 3484 1582 idolqu
3539 1543 3635 1581 ve-

2061 1627 2236 1674 strum
2245 1659 2259 1672 .

2129 1707 2198 1762 H.
2231 1720 2412 1775 regem
2441 1713 2703 1760 vestrum.
2733 1704 2798 1758 Α.
2825 1703 3113 1759 Helehom.
3145 1704 3204 1759 S.
3239 1705 3344 1760 Th.
3371 1705 3514 1776 regis
3544 1720 3638 1761 ve-

2061 1799 2180 1856 stri.
2209 1796 2375 1862 LXX,
2415 1795 2586 1866 ipsius
2611 1794 2844 1850 Moloch.
2873 1793 2996 1849 Vul.
3028 1793 3239 1850 Holoch
3269 1805 3473 1850 vestro.

2128 1885 2264 1942 Heb.
2293 1896 2348 1941 et
2377 1885 2694 1940 Saturnum.
2715 1887 2780 1938 A.
2802 1885 2861 1940 S.
2890 1893 2943 1938 et
2968 1883 3168 1939 Chiun.
3187 1883 3347 1950 LXX,
3380 1897 3434 1940 et
3459 1885 3633 1942 sidus.

2057 1976 2164 2032 Th.
2206 1978 2622 2032 obscuritatem.
2651 1975 2776 2030 Vul.
2811 1985 2866 2032 et
2907 1975 3215 2048 imaginem.

2129 2069 2264 2124 Heb.
2318 2077 2374 2124 et
2423 2069 2685 2138 portastis
2725 2067 3002 2122 Succhoth
3047 2081 3225 2138 regem
3273 2076 3536 2133 vestrum,
3581 2075 3639 2123 et

2059 2159 2237 2214 Chiun
2303 2157 2653 2229 (Saturnum)
2715 2158 3013 2228 imaginum
3071 2167 3397 2223 vestrarum,
3424 2157 3635 2214 stellam

2060 2251 2286 2305 deorum
2323 2260 2653 2305 vestrorum.
2686 2247 2853 2314 LXX,
2897 2258 2950 2303 et
2977 2250 3357 2320 assumpsistis
3383 2250 3637 2307 taberna-

2060 2339 2245 2393 culum
2277 2337 2516 2404 Moloch,
2539 2347 2594 2394 et
2631 2340 2843 2394 stellam
2879 2338 2965 2393 dei
3010 2338 3177 2393 vestri
3219 2339 3480 2410 Raaphan,
3502 2339 3640 2410 ligu-

2062 2443 2155 2485 ras
2187 2445 2402 2484 eorum.
2431 2429 2537 2483 Th.
2565 2439 2619 2485 et
2655 2431 2914 2500 portastis
2961 2428 3223 2483 visionem
3258 2431 3402 2502 regis
3448 2432 3638 2501 vestri,

368 2533 423 2578 et
455 2523 923 2589 obscurationem,
951 2524 1224 2578 idolorum
1265 2522 1482 2577 stellam
1510 2520 1599 2575 dei
1658 2519 1847 2576 vestri.
1878 2517 2005 2575 Vul.
2041 2529 2096 2576 et
2124 2520 2384 2592 portastis
2409 2519 2814 2577 tabernaculum
2843 2518 3056 2577 Moloch
3087 2529 3267 2577 vestro
3291 2561 3307 2588 ,
3339 2530 3393 2578 et
3445 2521 3638 2593 imagi-

371 2631 493 2671 nem
530 2615 801 2671 idolorum
825 2624 1155 2681 vestrorum,
1181 2615 1336 2671 sidus
1364 2613 1450 2669 dei
1478 2613 1667 2668 vestri.

1241 2727 1419 2788 Notae
1459 2731 1522 2787 et
1555 2723 1746 2787 varias
1773 2723 2084 2789 lectiones
2115 2725 2193 2788 ad
2224 2743 2360 2806 cap.
2395 2731 2449 2791 V
2495 2733 2712 2800 Amos.

441 2825 509 2881 ν.
542 2825 597 2881 8.
627 2824 894 2896 Hieron.:
955 2845 974 2879 ι
1015 2826 1232 2880 Arcturi
1271 2826 1364 2896 qui
1418 2824 1685 2880 Hebraice
1742 2821 1960 2880 CHIMA
2064 2841 2182 2896 nequ
2219 2829 2632 2885 transtulerunt.
2665 2829 2868 2885 Ducit.

369 2897 592 2957 dicitur.
627 2906 682 2951 et
709 2911 737 2950 ο
762 2895 819 2950 8.
854 2906 907 2951 et
940 2897 1043 2953 Th.
1096 2899 1176 2960 εἰς
1212 2895 1440 2949 πλειάδα
1483 2896 1712 2949 vertitur
1744 2910 1756 2946 :
1793 2909 1956 2963 quem

371 2968 534 3048 vulgo
561 2965 1013 3055 Bootemvoeant.
1030 2985 1073 3055 ιε
1108 2965 1676 3055 CodexmBarberi‘nus
1716 2964 1822 3030 ’A.,
1853 2964 1957 3034 ἀρ-

377 3034 601 3118 κτοῦρον
625 3038 720 3117 καὶ
752 3036 993 3107 ώρῑωνα.
1030 3038 1115 3100 Σ.,
1139 3035 1400 3117 πλειὰδας
1423 3035 1519 3088 καὶ
1546 3034 1744 3116 ἄστρα.
1793 3101 1806 3116 θ
1847 3101 1860 3114 ο

444 3104 578 3160 ΙΙΜ.
625 3104 891 3160 Hieron.:
942 3123 962 3156 ί
997 3105 1200 3161 Oriona
1228 3146 1243 3170 ,
1304 3121 1396 3172 qut
1444 3103 1711 3159 Hebratce
1755 3102 1957 3157 dieitur

371 3173 642 3238 CHASIL,
679 3174 1016 3243 SLahsolute
1065 3175 1269 3236 stellas.
1301 3173 1404 3228 Th.
1443 3174 1832 3243 interpretatus
1871 3179 1957 3243 est

373 3259 664 3313 vesperum.
719 3242 978 3313 Hebraeus
1032 3253 1215 3298 autem
1262 3245 1356 3313 qui
1407 3241 1604 3313 nositi
1651 3241 1956 3313 Scripturis

375 3309 580 3367 sanctis
613 3312 1141 3373 crudivit.CHASlL
1189 3309 1533 3380 interpretari
1585 3320 1739 3380 putat
1781 3309 1953 3378 Splen-

374 3385 576 3454 darent.
605 3392 674 3454 et
697 3383 1008 3454 signiﬁcare
1042 3383 1371 3454 generaliter
1399 3391 1548 3435 astra
1574 3381 1908 3454 fulgentia.)

446 3449 512 3506 ν.
537 3452 589 3506 9.
616 3449 833 3508 Hieron.
876 3469 890 3506 :
925 3471 944 3505 ι
977 3449 1070 3509 Af
1097 3454 1482 3522 interpretatus
1512 3449 1598 3506 est
1643 3449 1672 3505 ὃ
1709 3449 1948 3522 μειδ-ιῷν.

374 3519 601 3592 Proprie
634 3533 815 3579 autem
854 3523 1112 3595 μειδίαμα
1145 3519 1363 3595 dicitur,
1399 3522 1543 3595 quod
1565 3537 1666 3595 nos
1693 3519 1954 3595 subrisio-

377 3590 500 3644 ηεηί
519 3607 815 3663 possumus
848 3590 1143 3663 appellare,
1173 3591 1394 3662 quando
1420 3590 1554 3663 quis
1587 3590 1870 3663 irascitur,
1898 3596 1954 3643 et

377 3660 581 3731 apertis
614 3660 897 3731 paululum
919 3660 1078 3719 labiis
1114 3660 1400 3718 subridere
1427 3676 1486 3716 se
1509 3660 1754 3726 simulat,
1779 3667 1839 3713 ut
1857 3660 1952 3714 ira:

377 3731 626 3785 ostendat
648 3732 1095 3786 mannitudinem.

375 3747 626 3785 0818111121
648 3747 1095 3787 mattmtuutnem.

648 3749 1437 3861 Igigit'eli'iigiiieinm.maculatum.
1487 3799 1660 3865 LXX,
1687 3799 1815 3866 Th.,
1846 3814 1952 3854 ser-

378 3885 581 3922 monem
611 3879 872 3925 sanctum.
907 3869 1292 3926 Hieronvmu’s.

450 3937 513 3992 V.
544 3938 630 3992 11.
666 3941 880 4006 Ἄλλος
901 3980 916 4004 ,
954 3931 1424 4004 κατεκόνδυλίζετε
1452 3947 1557 3993 etc.
1589 3938 1874 3995 Barberiu.

453 4008 516 4061 ν.
553 4009 650 4082 12ζ
679 4012 744 4063 Ol
793 4009 1014 4082 λοιποὶ,
1072 4009 1359 4082 ἐξιλασμα.
1407 4008 1725 4082 Batber.-S.
1759 4018 1943 4082 autem

379 4075 526 4138 Hier.
559 4096 578 4132 t
613 4077 816 4136 Omnes
845 4080 1094 4137 similiter
1122 4075 1388 4152 ἐξιλασμα
1408 4122 1423 4148 ,
1454 4080 1509 4136 id
1555 4089 1660 4147 est,
1689 4079 1949 4150 prapitiu-

2135 2893 2380 2968 ibidis"
2406 2910 2793 2968 Oppresserunt.
2828 2899 3048 2955 Hieron.

2227 2965 2312 3038 l6.
2350 2962 2447 3033 Σ.,’
2467 2962 2562 3023 καὶ
2586 2971 2644 3024 ἐν
2669 2970 2835 3023 πᾶσιν
2863 2968 3143 3038 ἀμφόδοις.
3172 2962 3452 3038 Barberiu.

2130 3033 2380 3107 lbid._72.,
2414 3039 2541 3101 τοὺς
2574 3033 3163 3107 γινώσκονταςμέλος.
3203 3036 3488 3094 Barberin.

2129 3103 2194 3157 V.
2222 3104 2312 3160 25.
2355 3109 2459 3172 ’Λ.,
2491 3103 2702 3162 νάϐλων
2731 3125 2848 3162 σου.
2888 3103 3178 3161 Barberin.

2232 3175 2323 3248 21η
2350 3177 2434 3239 Σ.,
2470 3177 2786 3232 κεκύλισται
2813 3178 2942 3248 γάρ.
2970 3177 3140 3248 Idem.

2226 3243 2321 3316 36:
2357 3247 2556 3310 Ἀλλ..
2591 3243 2944 3312 εἰκόναςᾹΘζ,
2981 3245 3198 3300 εἴδωλον
3224 3245 3400 3316 ύμῶν.
3434 3244 3600 3300 Idem.

2126 3312 2264 3386 Ibid.
2295 3313 2355 3369 In
2403 3326 2692 3386 sequentes
2740 3317 3000 3386 lectiones
3057 3316 3172 3386 haec
3219 3312 3627 3386 Hieronymus;

2061 3401 2079 3435 t
2115 3383 2170 3438 ln
2199 3398 2269 3465 eo
2299 3383 2493 3440 autem
2535 3386 2653 3468 loco
2689 3386 2783 3440 ubi
2820 3384 3197 3468 .Lucas.(Act.
3231 3401 3328 3444 vtt.
3374 3383 3436 3436 4t
3480 3385 3634 3506 eaq.)

2061 3462 2238 3506 nosutt
2265 3453 2468 3506 Μολόγ.
2487 3465 2540 3506 et
2565 3472 2618 3506 tn
2639 3454 2904 3506 Hebratco
2932 3463 3194 3506 scriptum
3215 3463 3299 3506 est
3322 3452 3506 3506 ΜΕΝ.
3563 3454 3634 3506 Ε-

2053 3454 2238 3577 ἓιῖῗιξίι
2265 3453 2468 3526 Μολόχ,
2487 3465 2540 3510 et
2565 3456 2618 3508 in
2639 3454 2904 3510 Hebraico
2932 3452 3194 3522 scriptum
3215 3463 3299 3509 est
3322 3452 3635 3508 MELCHE—

2151 3522 2274 3577 LM:
2325 3525 2390 3577 Α.
2421 3533 2477 3577 et
2505 3523 2647 3577 LXX
2687 3537 2969 3577 verterunt
3019 3524 3280 3577 Μελγάαε
3311 3525 3369 3577 8.
3416 3533 3472 3576 et
3501 3521 3632 3577 Th..

2101 3521 2274 3590 HEM;
2325 3521 2647 3607 X..etﬁLXX
2687 3537 2969 3580 verterunt
3019 3521 3281 3607 Μελχᾲμξ
3304 3525 3396 3607 8.,
3416 3533 3474 3607 e_t
3501 3521 3632 3607 Th.,

2055 3607 2197 3662 reges
2245 3594 2424 3649 vestri.
2476 3593 2584 3649 Pro
2633 3610 2700 3677 eo
2744 3610 2966 3718 quoque
2993 3591 3234 3674 quod—in
3260 3591 3403 3647 LXX
3436 3593 3635 3664 legitur

2052 3660 2304 3730 Rephan;
2337 3664 2600 3744 _A;
2645 3681 2831 3744 ipsum
2889 3661 3634 3744 ‘lebratcumnransferentes

2050 3742 2352 3800 posuerunt
2381 3731 2612 3799 CHION,
2646 3731 2774 3799 Th.,
2807 3735 2842 3788 ἀ
2889 3734 2956 3788 uti
2997 3751 3165 3797 ωσιν,
3208 3733 3247 3788 i.
3283 3748 3358 3795 e.,
3393 3735 3634 3786 obscuri-

2052 3811 2233 3872 talem.
2271 3801 2509 3859 Rursum
2559 3820 2658 3872 pro
2691 3751 3036 3868 εοειῗοτῗι,
3099 3805 3188 3866 Α..
3225 3801 3628 3872 συσκιασμορς,

2052 3820 2233 3856 ratem.
2271 3820 2509 3859 nursum
2559 3820 2658 3874 pro
2691 3820 3036 3868 bUImU'tu,
3099 3820 3188 3866 Α..
3225 3820 3628 3872 συσκιασμους,

2051 3869 2089 3922 i.
2121 3887 2196 3937 e.,
2226 3873 2590 3940 tabernacula,
2629 3874 2687 3929 S.
2719 3885 2775 3931 et
2827 3872 2967 3931 LXX
2998 3915 3013 3941 ,
3049 3873 3492 3936 tabernaculum;
3522 3869 3626 3925 Th.

2049 3941 2326 3997 transtulit
2353 3943 2628 3998 visionem.
2673 3963 2692 3996 ι

2122 4009 2256 4069 Ibid.
2287 4011 2376 4080 6.,
2401 4014 2497 4068 καὶ
2526 4014 2696 4086 ῇρατε
2730 4022 2840 4070 etc.
2870 4013 3229 4070 Barberinus.

1709 4302 1933 4366 AMOS
1963 4306 2220 4369 CAPUT
2251 4308 2360 4369 VI.

375 4405 602 4458 mum.
628 4397 663 4451 3
747 4397 826 4452 Ἀ.
850 4398 902 4452 οἱ
926 4398 1458 4472 ἅποκεχωρισμὲνοι.
1475 4403 1534 4456 Σ.
1552 4402 1948 4475 ἀφωρισμένοι.

379 4493 456 4551 0',
491 4489 538 4539 οἱ
561 4487 867 4558 ἐρχόμενοι.

379 4587 576 4637 cum
613 4579 646 4633 6
717 4579 779 4633 Σ.
806 4579 914 4634 τῶν
939 4580 1144 4652 μύρων.
1175 4584 1251 4650 0',
1288 4586 1455 4656 μύρα.

378 4760 588 4812 ω’ΠῚἾῠ
621 4764 780 4816 mn
813 4764 917 4815 ὋῚ
950 4756 982 4809 7
1056 4758 1114 4812 Σ.
1159 4760 1254 4814 καὶ
1286 4759 1766 4833 περιαιρεθήσεται
1806 4762 1952 4815 stato

383 4845 504 4914 ρεία
551 4847 861 4917 τρυφητῶν.
921 4848 998 4914 0',
1043 4851 1136 4903 καὶ
1177 4850 1539 4923 ὲξαρθήσεται
1589 4852 1954 4925 χρεμετισμὸς

380 4936 565 4990 ἵππων
587 4937 648 5001 ἑξ
686 4938 946 5010 Ἐφραῖμ.

377 5119 498 5170 rm?
532 5080 668 5172 ωιτή.
703 5097 898 5174 ἾὈῚΠι)
931 5099 1003 5175 NL)
1040 5124 1093 5174 ⁷)
1127 5127 1205 5176 ΟΠ
1234 5119 1296 5172 li
1387 5117 1467 5174 Ἄ.
1502 5121 1813 5191 ήσυχώϐητι
1857 5122 1952 5176 τοῦ

379 5203 685 5275 ἀναμνῆσαι
717 5207 775 5260 ὲν
823 5207 1050 5278 ὀνόματι
1076 5211 1304 5280 Κυρίου.
1356 5212 1414 5264 Σ.
1472 5211 1680 5266 σιώπα·
1732 5215 1794 5267 οὐ
1847 5216 1954 5285 γάρ

379 5296 528 5346 ἐστιν
551 5296 859 5368 ἀναμνῆσαι
885 5297 945 5351 τὸ
960 5297 1129 5370 ὄνομα
1155 5301 1380 5372 Κυρίου.
1415 5304 1492 5367 0’,
1523 5301 1649 5372 σίγα
1677 5303 1837 5359 ἕνεκα
1858 5304 1954 5359 τοῦ

384 5385 458 5454 μὴ
487 5387 750 5456 ὀνομάσαι
776 5390 837 5470 τὸ
873 5389 1043 5461 ὄνομα
1092 5392 1319 5462 Κυρίου.
1358 5393 1421 5449 Θ.
1455 5395 1538 5449 ὅτι
1584 5395 1685 5450 οὐκ
1729 5397 1810 5460 εἰς
1849 5395 1952 5466 (τὸ)

380 5473 690 5546 ἀναμνῆσαι
715 5478 772 5530 ἐν
808 5477 1030 5550 ὀνόματι
1059 5481 1284 5552 Κυρίου.

381 5780 604 5854 ἐν-πρῖε
636 5784 936 5837 ἕνην-ἐκ
984 5780 1044 5833 15
1131 5782 1205 5834 Ἀ.
1239 5786 1283 5836 εἰ
1316 5787 1764 5861 summatim-arat:
1798 5833 1806 5844 .
1847 5829 1856 5843 .
1891 5833 1900 5846 .
1936 5832 1946 5846 .

2128 4407 2182 4463 3.
2212 4406 2376 4464 Hebr.
2421 4409 2758 4480 elongantes.
2813 4420 2879 4463 A.
2931 4407 3054 4464 ναι.
3085 4407 3179 4479 qui
3211 4408 3450 4479 separati
3476 4411 3630 4468 estis.

2059 4497 2118 4553 8.
2157 4499 2443 4571 segregati.
2482 4499 2649 4568 LXX,
2678 4500 2976 4555 venientes.

2126 4592 2180 4646 6.
2215 4591 2377 4647 Hebr.
2405 4591 2464 4648 8.
2497 4603 2916 4665 unguentorum.
2949 4591 3112 4660 LXX,
3161 4595 3474 4664 unguentis.
3502 4595 3626 4652 Vul.

2055 4693 2353 4754 unguento.

2125 4777 2177 4830 7.
2221 4774 2354 4831 Heb.
2386 4784 2441 4830 et
2471 4775 2685 4832 recedet
2713 4775 3022 4832 convivium
3052 4776 3468 4832 luxuriantium.
3495 4777 3550 4834 S.
3577 4787 3633 4832 ct

2055 4865 2332 4921 auferetur
2363 4869 2598 4922 societas
2625 4867 3114 4938 voluptuariorum.
3165 4866 3328 4932 LXX,
3379 4878 3433 4924 et
3475 4870 3628 4924 aule-

2053 4965 2204 5013 retur
2231 4958 2474 5013 hinnitus
2501 4973 2768 5029 equorum
2799 4975 2865 5014 ex
2899 4957 3178 5028 Ephraim.
3217 4958 3341 5014 γει.
3383 4971 3438 5014 et
3478 4960 3632 5014 aufe-

2056 5060 2207 5106 retur
2231 5048 2396 5104 factio
2418 5051 2840 5106 lascivientium.

2127 5140 2216 5194 ll.
2243 5138 2310 5194 H.
2341 5138 2504 5206 Tace,
2531 5141 2658 5211 quia
2681 5156 2789 5197 non
2809 5142 2876 5196 ad
2896 5142 3311 5197 memorandum
3340 5143 3394 5198 in
3407 5144 3629 5198 nomine

2057 5229 2290 5284 Domini.
2320 5229 2386 5285 Α.
2420 5231 2653 5297 Quiesce
2701 5233 2768 5287 ad
2824 5234 3237 5289 memorandum
3294 5235 3348 5288 in
3408 5233 3631 5289 nomine

2057 5319 2292 5377 Domini.
2318 5319 2376 5375 S.
2403 5321 2532 5384 Sile,
2564 5321 2690 5391 quia
2714 5336 2822 5376 non
2857 5331 2942 5378 est
2985 5323 3132 5392 quod
3175 5331 3629 5378 memoreturno-

2056 5425 2179 5464 men
2204 5408 2438 5464 Domini.
2480 5410 2643 5476 LXX,
2679 5410 2846 5475 Tace,
2897 5420 2957 5466 ut
2995 5427 3104 5468 non
3149 5413 3402 5469 nomines
3433 5402 3626 5468 nomen

2059 5502 2292 5557 Domini.
2325 5501 2426 5556 Th.
2457 5503 2584 5573 quia
2616 5518 2723 5558 non
2757 5504 2823 5558 ad
2849 5506 3262 5559 memorandum
3293 5520 3490 5561 nomen
3523 5505 3629 5559 Do-

2058 5593 2213 5648 mini.
2250 5591 2368 5648 Vul.
2407 5592 2568 5661 Tace,
2625 5603 2678 5650 ct
2732 5611 2836 5650 non
2906 5596 3206 5652 recorderis
3260 5597 3500 5653 nominis
3528 5596 3628 5651 Do-

2059 5702 2212 5739 1111111.

2132 5799 2214 5851 15.
2269 5797 2332 5852 ll.
2383 5815 2509 5853 num
2575 5801 2744 5856 arabit
2802 5798 2852 5855 in
2891 5801 3082 5857 bobus.
3137 5799 3198 5854 Λ.
3238 5800 3279 5856 si
3317 5801 3623 5857 arabitur...
