4080 6406
376 331 523 387 2965

1775 328 1964 385 AMOS
1994 327 2226 384 CAPUT
2267 331 2379 389 VII.

3490 344 3641 400 2966

376 450 433 505 2.
466 487 480 501 .
507 485 521 500 .
556 487 578 501 .
616 487 630 501 .
665 490 679 503 .
707 450 880 522 πέτρα
910 450 997 504 διὰ
1017 440 1190 522 βοῶν.
1221 452 1299 517 θ’,
1349 452 1396 505 εἰ
1427 452 1951 523 παρασιωπήσονται

2058 448 2162 503 S...
2198 459 2347 519 petra
2379 464 2477 521 per
2499 451 2685 508 boves.
2713 452 2875 520 LXX,
2920 455 2967 511 si
3006 455 3315 514 reticebunt
3376 460 3443 514 ad
3475 462 3634 516 femi-

372 545 432 595 ὲν
461 540 723 610 θηλείαις.

374 644 484 693 an
520 617 625 693 alii;
697 636 758 687 Σ.
796 636 1029 706 ἀλόγως.
1062 643 1139 705 υ»,
1177 640 1264 693 ἐπ’
1298 639 1475 693 οὐδενὶ
1503 640 1667 712 λόγῳ.

374 814 589 868 mm
622 807 689 862 M
761 808 838 876 0’,
872 811 981 866 τῶν
1013 811 1315 884 δυνάμεων.
1360 815 1607 879 Ἄλλος,
1655 815 1945 889 στρατιῶν.

377 962 558 1039 ΝἘῘἹὩ
628 980 687 1036 Σ.
713 982 822 1036 ἀπὸ
850 983 1075 1038 εἰσόδου.
1111 985 1187 1051 0’,
1217 984 1312 1039 τοῦ
1345 985 1420 1058 μὴ
1450 984 1731 1043 εἰσελθεῖν.

375 1160 506 1213 nm
577 1152 656 1218 0’,
683 1152 885 1223 Αῐμάθ.
912 1156 1138 1223 ’Ἄλλος
1156 1197 1170 1223 ,
1196 1157 1369 1229 χόλον.

375 1358 564 1413 mam
598 1331 806 1415 ’πυ-π
888 1353 969 1407 Ἀ.
1012 1393 1027 1408 .
1070 1394 1087 1409 .
1135 1394 1151 1409 .
1193 1394 1210 1410 .
1250 1355 1351 1427 τῆς
1385 1356 1612 1428 ὁμαλῆς.
1648 1356 1707 1413 Σ.
1752 1398 1767 1413 .
1809 1398 1825 1413 .
1868 1397 1886 1415 .
1926 1396 1944 1413 .

373 1443 474 1513 τῆς
512 1445 781 1512 πεδιάδος.
818 1450 894 1515 0',
922 1449 1026 1513 ἕως
1058 1449 1153 1504 τοῦ
1206 1452 1508 1525 χειμάρῤου
1548 1453 1658 1508 τῶν
1700 1453 1943 1525 δυσμῶν.

374 1537 434 1591 Θ.
480 1578 494 1593 .
538 1578 551 1593 .
601 1579 615 1593 .
658 1580 673 1595 .
701 1541 801 1612 τῆς
842 1542 1069 1613 Ἀραϐᾶ.

2058 556 2177 595 nas.
2210 540 2332 595 Vul.
2368 550 2463 596 aut
2491 544 2635 597 arari
2668 553 2847 613 potest
2874 545 2928 599 in
2960 545 3191 605 bubalis.

2127 627 2293 683 Hebr.
2352 631 2405 684 in
2443 632 2593 685 nullo
2628 633 2816 687 verbo.
2881 633 2938 688 S.
2972 643 3193 694 temere.
3250 639 3414 707 LXX,
3468 657 3633 712 super

2056 718 2208 773 nullo
2239 720 2420 774 verbo.
2451 718 2578 775 Vul.
2611 721 2664 776 in
2696 724 2888 779 nihilo.

2127 809 2215 864 14.
2244 808 2379 866 Heb.
2435 812 2611 879 Alius,
2657 813 2778 869 Vul.
2840 816 3195 873 exercituum.
3246 819 3410 887 LXX,
3462 822 3631 878 virtu-

2056 909 2192 955 tum.

2126 990 2289 1045 Hebr.
2338 989 2397 1046 S.
2430 990 2556 1047 Vul.
2583 992 2654 1048 ab
2678 994 2927 1049 introitu.
2967 994 3133 1066 LXX,
3156 1007 3217 1052 ut
3244 1014 3354 1054 non
3390 1000 3628 1058 introea-

2055 1084 2148 1139 tis.

2124 1174 2190 1229 H.
2227 1173 2476 1231 llamath.
2514 1174 2946 1243 LXX,Emath.
2978 1179 3153 1246 Alius,
3178 1179 3625 1252 indignationem.

2054 1265 2179 1320 Vul.
2224 1267 2437 1321 Emath.

2125 1362 2290 1416 Ilebr.
2318 1362 2443 1417 ναι.
2470 1379 2642 1433 usque
2674 1364 2739 1419 ad
2769 1373 3065 1419 torrentem
3106 1365 3330 1422 deserti.
3360 1368 3425 1421 A.
3452 1382 3625 1437 usque

2052 1451 2117 1505 ad
2153 1460 2447 1508 torrentem
2484 1455 2576 1522 qui
2604 1463 2686 1509 est
2721 1455 2775 1507 in
2794 1455 3040 1524 planitie.
3074 1453 3132 1509 S.
3156 1472 3329 1526 usque
3350 1458 3415 1512 ad
3434 1458 3624 1511 vallem

2052 1553 2434 1613 campestrem.
2476 1542 2641 1611 LXX,
2670 1561 2842 1614 usque
2873 1546 2939 1599 ad
2970 1556 3264 1601 torrentem
3292 1545 3624 1604 Occidentis.

2052 1635 2156 1689 Th.
2195 1651 2369 1705 usque
2394 1635 2461 1689 ad
2494 1644 2790 1691 torrentem
2813 1637 2989 1691 Araba
3026 1637 3121 1708 (al.
3148 1638 3404 1709 Arabiae).

1234 1753 1410 1813 Noun
1436 1757 1496 1813 et
1530 1752 1720 1814 varias
1758 1752 2071 1815 lectiones
2090 1752 2165 1814 ad
2189 1767 2327 1828 cap.
2352 1751 2438 1811 VI
2469 1752 2688 1811 Amos.

445 1848 509 1927 ξς.
629 1850 734 1927 ’_A.,
757 1851 808 1927 οξ
836 1851 1346 1927 ἀποκεχωρ-ισμένοι
1373 1865 1477 1911 etc.
1508 1856 1791 1912 Bat'berin.

445 1917 507 1994 Χ.
629 1921 716 1994 Σ..
741 1921 848 1994 τῶν
879 1917 1081 1994 μύρών,
1100 1917 1290 1994 Ὶᾴὀηι.

628 1991 709 2066 2_.,
729 1992 842 2066 ora!
866 1988 1127 2066 fiteptattp-
1157 1993 1323 2066 Idem.

441 2056 504 2111 ν.
536 2059 623 2114 II.
649 2060 838 2115 Trium
866 2056 1126 2119 lectiones
1160 2064 1339 2120 adl‘ert
1364 2066 1506 2123 idem
1556 2064 1910 2121 Barberinus.

447 2128 506 2183 V.
536 2128 625 2183 I3.
672 2130 777 2199 ‘A.,
806 2130 857 2183 ει
885 2132 1085 2204 ἀροτρ-
1120 2132 1289 2190 Idem.

2123 1855 2258 1909 Ibid.
2285 1855 2385 1924 72.,
2421 1852 2653 1921 ἀλόγως.
2688 1851 3074 1924 Hieronymus.

3061 1932 3211 1979 ostea
3257 1926 3341 1989 2.,
3377 1922 3485 1977 ἀπὸ
3510 1926 3625 1978 εἰσι

3059 1995 3363 2049 arberinus.

2127 1924 2189 1978 ν.
2234 1923 2320 1976 14.
2346 1925 2543 1989 ’Ἄλλη
2582 1922 2849 1991 στρατιῶν
2880 1922 2906 1977 ξ
2936 1933 2989 1977 et

2050 1995 2194 2057 ὁδου,
2227 1992 2549 2061 deindeque,
2583 1993 2780 2055 'A.M.,
2806 1992 2979 2061 χόλον.

2124 2063 2258 2118 Ibid.
2295 2061 2405 2115 Has
2434 2077 2651 2131 quoque
2699 2062 3177 2130 interpretationes
3210 2062 3406 2118 Latine
3449 2063 3625 2121 adfert

2051 2133 2417 2202 Hieronymus
2443 2130 2465 2184 :7
2494 2130 2679 2185 Greece
2715 2130 3065 2200 imperfectas
3093 2131 3449 2189 Barberinus.

1666 2270 1889 2332 AMOS
1915 2267 2175 2330 CAPUT
2214 2268 2350 2328 VII.

370 2376 457 2429 ω
492 2367 516 2422 1
606 2367 689 2422 Ἀ.
723 2365 980 2438 βοράδων.
1005 2372 1085 2437 0',
1111 2370 1369 2442 ἀκρίδων.

367 2524 524 2621 -ιίπεπ
560 2547 636 2602 ’τι
669 2553 791 2603 “rut
823 2526 1092 2630 πορθ-ωτι
1174 2545 1257 2600 ’A.
1296 2544 1404 2598 ἰδοὺ
1427 2544 1623 2615 some;
1644 2544 1820 2600 ὀπίσω
1843 2545 1945 2617 τῆς

368 2632 544 2704 Γάζης
575 2632 859 2703 βασιλέως.
891 2635 969 2703 0',
996 2636 1106 2689 ἰδοὺ
1142 2635 1373 2707 βροῢχος
1420 2630 1503 2702 εἷς
1551 2637 1677 2706 Γὼγ
1724 2636 1756 2689 δ
1791 2636 1947 2709 βασι-

368 2721 509 2787 λεύς.

366 2904 497 2981 ΞΡΏΊ
536 2903 665 2985 ΠῚΡῖ
702 2903 776 2955 ’Β
808 2896 845 2951 2
918 2896 978 2952 2.
1008 2896 1094 2961 τις
1125 2892 1203 2952 ὧν
1245 2860 1368 2969 (sic)
1414 2896 1780 2973 ὕποστήσεται
1833 2901 1939 2955 Ἰα-

367 2988 500 3043 κώϐ.
525 2987 604 3054 0',
626 2988 712 3053 τίς
738 2990 1031 3061 ἀναστήσει
1052 2989 1144 3044 τὸν
1182 2991 1395 3044 Ἰακώϐ.

364 3088 481 3139 mm
519 3090 632 3141 tam
671 3080 706 3136 5
777 3081 839 3139 Σ.
874 3082 1195 3154 παρεκλήθη
1219 3082 1442 3153 Κύριος.
1470 3084 1547 3150 0’,
1581 3084 1933 3158 μετανόησον,

366 3169 558 3240 Κύριε.

361 3375 486 3456 mp?
523 3376 597 3430 an
633 3368 667 3425 5
740 3367 798 3424 2.
829 3367 915 3435 τις
936 3362 1012 3425 ὧν
1034 3369 1160 3443 (sic)
1180 3370 1570 3444 ὑποστήσεται.
1592 3374 1670 3440 0',
1693 3373 1779 3438 τίς
1805 3374 1938 3429 ἀναο

363 3475 586 3526 στησεις

363 3476 424 3512 στ
467 3475 586 3526 oet;

362 3462 474 3611 ad):
502 3551 536 3608 6
620 3553 701 3608 'A.
744 3556 1149 3629 παρακλήθητι.
1181 3556 1258 3626 0',
1288 3558 1638 3631 μετανόησον.

364 3732 481 3784 um
513 3735 641 3785 rum
676 3733 845 3787 ’ΞΝ-ππ
875 3737 946 3787 .‘D
985 3728 1017 3781 7
1088 3730 1146 3785 2.
1178 3732 1260 3784 ὅτι
1287 3732 1456 3804 ἐφάνη
1488 3733 1711 3806 Κύριος.
1740 3735 1818 3801 0',
1839 3734 1934 3789 οὓ-

362 3834 466 3881 τως
485 3816 653 3883 ἕδειξέ
694 3836 785 3890 μοι
813 3818 1037 3893 Κύριος.
1064 3820 1128 3876 Θ.
1162 3822 1270 3876 ἰδοὺ
1309 3822 1535 3879 Ἄδωναῖ
1563 3827 1789 3897 Κύριος.

358 4085 461 4158 Ῥδι
545 4079 625 4134 ’A.
664 4080 921 4151 γάνωσις.
951 4083 1013 4141 2.
1042 4085 1121 4155 0’,
1142 4085 1375 4159 ἀδάμας.
1402 4088 1465 4145 Θ.
1499 4091 1819 4162 τηκόμενον.

355 4350 504 4402 MD:
536 4342 571 4398 9
642 4344 702 4399 Σ.
729 4344 796 4400 τὰ
823 4346 1023 4418 ὑψηλά.
1046 4349 1123 4415 0',
1153 4348 1346 4421 βωμοί.

356 4443 483 4523 ἻΠΡ
522 4437 589 4491 10
676 4439 755 4495 Ἀ.
805 4440 1115 4513 συνέδησεν.
1157 4444 1216 4499 2.
1263 4444 1542 4503 ἀνέπισεν.
1566 4450 1586 4473 ⁶
1617 4449 1928 4522 ἀναταράσ-

358 4545 468 4584 σον.
497 4528 578 4595 0',
605 4535 916 4603 συστροφὰς
940 4539 1192 4591 ποιεῖται.

353 4628 493 4703 Ἵρτλ
530 4620 597 4676 14
682 4621 762 4676 ’A.
793 4625 854 4680 2.
890 4624 952 4680 Θ.
976 4625 1071 4679 καὶ
1096 4627 1175 4694 E',
1221 4627 1498 4699 βουκόλος.
1535 4634 1613 4702 θ’,
1644 4634 1890 4700 αιπολός·

352 4810 562 4891 ωηηρτυ
591 4787 743 4867 051:1
829 4808 910 4864 Ἀ.
945 4810 1041 4863 καὶ
1064 4811 1299 4882 ἐρευνῶν
1334 4814 1692 4886 συκομόρους.
1736 4817 1796 4870 Σ.
1833 4818 1930 4873 καὶ

353 4891 490 4963 ἔχων
521 4899 878 4969 συκομόρους.
924 4903 1001 4967 0’,
1029 4903 1126 4957 καὶ
1164 4902 1365 4969 κνίζων
1392 4905 1686 4978 συκάμινα.
1730 4908 1793 4965 Θ.
1835 4910 1927 4964 καὶ

353 4987 610 5057 χαρακῶν
644 4992 995 5062 συκαμίνους.

352 5172 507 5250 quan
542 5150 636 5228 N51
670 5168 737 5225 16
809 5169 868 5225 Σ.
911 5211 928 5227 .
971 5210 989 5229 .
1028 5211 1044 5228 .
1092 5213 1107 5228 .
1150 5212 1167 5229 .
1209 5214 1225 5230 .
1267 5175 1459 5243 θ’,καὶ
1487 5176 1548 5230 οὐ
1580 5177 1656 5253 μὴ
1684 5180 1927 5253 ὀχλαγω-

352 5259 545 5330 riam.

353 5362 485 5415 rum
520 5353 585 5408 17
658 5356 718 5411 Σ.
758 5357 1209 5433 πορνευθήσεται.
1233 5364 1311 5430 0',
1345 5362 1655 5436 πορνεύσει.

2120 2365 2174 2419 1.
2209 2364 2346 2419 Heb.
2377 2362 2542 2429 LXX,
2576 2363 2933 2420 locustarum.
2959 2364 3021 2419 Δ.
3067 2364 3352 2421 boradum.
3382 2367 3508 2423 Vul.
3537 2367 3621 2424 Io-

2047 2464 2235 2511 costae.

2116 2546 2183 2600 Η.
2211 2561 2338 2602 ecce
2364 2546 2528 2601 herba
2584 2545 2825 2601 serotina
2873 2554 2997 2616 post
3035 2547 3319 2605 tonsiones
3362 2551 3525 2622 regis.
3551 2552 3616 2606 A.

2044 2652 2170 2693 ecce
2198 2638 2472 2693 serotinus
2501 2647 2620 2706 post
2644 2636 2804 2692 Gazae
2859 2653 3064 2709 regem.
3095 2636 3259 2705 LXX,
3310 2655 3437 2696 ecce
3491 2642 3620 2696 bru-

2044 2730 2183 2786 chus
2216 2746 2356 2786 unus
2385 2729 2500 2801 Gog
2530 2746 2643 2786 rex.
2676 2729 2801 2787 Vul.
2851 2746 2979 2786 ecce
3018 2733 3289 2787 serotinus
3341 2741 3466 2803 post
3491 2742 3618 2788 ton-

2043 2819 2253 2875 sionem
2296 2821 2460 2891 regis.

2110 2909 2167 2963 2.
2208 2911 2271 2964 II.
2303 2908 2469 2977 LXX,
2504 2908 2629 2966 ναι.
2660 2904 2783 2980 quis
2827 2910 3115 2967 suscitabit
3166 2910 3355 2968 Jacob.
3390 2910 3451 2968 S.
3489 2913 3616 2984 quis

2039 3017 2170 3073 ergo
2198 3003 2483 3058 suscitabit
2516 3003 2702 3059 Iacob.

2112 3095 2166 3149 5.
2197 3094 2261 3148 Η.
2292 3096 2546 3164 paenituit
2570 3095 2883 3151 Dominum.
2914 3096 2972 3151 S.
3008 3107 3295 3154 revocatus
3320 3106 3404 3155 est
3428 3098 3614 3155 Domi-

2039 3201 2166 3241 nus.
2195 3184 2359 3255 LXX,
2393 3186 2653 3257 pteniteat
2690 3196 2745 3243 te
2765 3227 2781 3252 ,
2805 3187 3054 3244 Domine.
3091 3187 3219 3244 ναι.
3246 3190 3504 3247 misertus
3529 3204 3615 3247 est

2038 3274 2323 3332 Dominus.

2110 3367 2164 3422 5.
2193 3367 2259 3422 Il.
2287 3367 2449 3433 LXX,
2482 3367 2609 3424 ναι.
2659 3368 2785 3441 quis
2824 3369 3156 3426 suscitabit?
3206 3371 3265 3428 8.
3290 3372 3416 3442 quis
3445 3373 3614 3444 igitur

2040 3459 2374 3515 suscitabit?

2107 3550 2159 3605 6.
2195 3548 2261 3604 II.
2294 3550 2570 3621 pmnituit.
2604 3542 2990 3607 Aﬁmiserere.
3040 3549 3207 3619 LXX,
3235 3553 3498 3622 poeniteat
3537 3561 3608 3607 te.

2043 3638 2163 3695 ναι.
2198 3641 2459 3696 misertus
2494 3649 2596 3696 est.

2106 3734 2159 3789 7.
2188 3733 2254 3788 Il.
2290 3735 2383 3790 Sic
2411 3734 2648 3789 ostendit
2675 3732 2832 3797 mihi,
2864 3741 2918 3787 et
2942 3747 3068 3787 ecce
3093 3731 3374 3789 Dominus.
3395 3733 3453 3789 S.
3472 3732 3611 3800 Quia

2033 3826 2185 3882 visus
2208 3833 2294 3881 est
2324 3825 2609 3880 Dominus.
2642 3823 2806 3891 LXX,
2851 3825 2943 3880 Sic
2986 3825 3223 3880 ostendit
3266 3826 3399 3880 mihi
3428 3826 3613 3880 Domi-

2033 3932 2155 3973 nus.
2178 3916 2284 3971 Th.
2319 3917 2455 3972 Ecce
2491 3917 2700 3971 Adonai
2736 3916 3023 3971 Dominus.
3048 3914 3175 3971 ναι.
3207 3916 3334 3973 Haec
3374 3919 3611 3974 ostendit

2033 4006 2166 4063 mihi
2202 4006 2499 4059 Dominus:
2526 4012 2580 4059 et
2610 4017 2735 4058 ecce
2764 4002 3048 4059 Dominus.

2105 4095 2271 4151 Hebr.
2306 4091 2774 4165 perpendiculum.
2823 4091 2889 4145 A.
2944 4098 3285 4148 staunatura.
3345 4093 3403 4149 S.
3437 4093 3606 4161 LXX,

2033 4186 2281 4243 adamas.
2322 4184 2426 4239 Th.
2474 4185 2805 4255 liquescens.
2864 4181 3089 4237 Hieron.
3146 4184 3448 4240 tabescens.
3479 4184 3605 4241 ναι.

2033 4279 2199 4334 trulla
2241 4277 2595 4333 czementarii.

2103 4366 2157 4422 9.
2194 4365 2261 4421 II.
2287 4366 2345 4421 S.
2371 4364 2497 4421 Vol.
2531 4365 2767 4421 excelsa.
2794 4362 2960 4430 LXX,
2988 4352 3116 4419 arae.

2107 4456 2194 4511 10.
2233 4456 2365 4512 Heb.
2394 4456 2720 4525 coniuravit.
2751 4456 2819 4511 Δ.
2849 4454 3142 4525 colligavit.
3168 4452 3227 4509 S.
3249 4454 3607 4526 conspiravit.

2032 4550 2199 4617 LXX,
2236 4552 2688 4621 congregationes
2716 4549 2869 4605 facit.
2904 4548 3026 4604 ναι.
3052 4546 3354 4603 rebellavit.

2103 4643 2192 4696 14.
2222 4642 2356 4698 Heb.
2388 4640 2516 4697 Vol.
2545 4642 2931 4698 armentarius.
2970 4638 3036 4694 Δ.
3085 4640 3143 4695 S.
3175 4636 3279 4694 Th.
3329 4646 3385 4693 et
3416 4636 3478 4706 Υ,
3509 4638 3610 4693 bu-

2030 4734 2251 4790 bulcus.
2275 4733 2441 4804 LXX,
2472 4736 2775 4806 caprarius.

2105 4824 2173 4878 Il.
2200 4824 2265 4879 A.
2308 4833 2364 4878 et
2390 4832 2644 4879 scrutans
2671 4836 3010 4895 sycomoros.
3040 4821 3098 4876 S.
3126 4830 3181 4877 et
3211 4820 3417 4875 habens
3446 4834 3607 4890 syco-

2033 4928 2241 4969 moros.
2276 4911 2439 4978 LXX,
2464 4921 2519 4968 et
2562 4914 2768 4969 vellens
2812 4912 3110 4985 sycamina.
3153 4909 3257 4965 Th.
3286 4917 3342 4965 et
3373 4909 3602 4972 vallans,

1930 5040 1931 5043 η
2030 5004 2277 5061 velfossa
2310 5006 2562 5062 muniens
2624 5006 2924 5079 sycamina.
2960 5002 3086 5058 Vul.
3141 5002 3404 5057 vellicans
3444 5015 3605 5072 syco-

2031 5111 2371 5243 miras'ﬂeb.
2411 5186 2531 5243 Vul.
2560 5195 2614 5242 et
2644 5201 2752 5242 non
2789 5183 3048 5240 stillabis.
3083 5182 3141 5237 S.
3168 5190 3223 5239 et
3270 5196 3380 5238 non
3425 5183 3607 5237 incre-

2030 5276 2208 5349 panis.
2240 5277 2405 5345 LXX,
2431 5287 2485 5334 et
2507 5293 2576 5334 ne
2614 5289 2909 5349 congreges
2932 5274 3141 5330 turbas.

2102 5370 2191 5424 I7.
2216 5368 2352 5424 Beb.
2386 5368 2551 5435 LXX,
2583 5367 2708 5424 Vul.
2761 5364 3139 5422 I’ornicabitur.
3196 5361 3255 5419 S.
3290 5360 3609 5420 fornicatio-

2027 5474 2152 5517 nem
2178 5461 2435 5532 patietur.

1190 5566 1367 5628 Notas
1398 5571 1458 5628 et
1492 5564 1680 5629 varia)
1726 5564 2040 5635 lectiones
2064 5574 2143 5635 ad
2177 5590 2314 5652 cap.
2351 5574 2466 5636 VII
2501 5575 2722 5636 Amos.

750 5658 1006 5732 βοράδων.
1042 5662 1392 5724 Barherinus.

420 5719 549 5779 Ibid.
593 5719 862 5787 Hieron.':
901 5751 919 5783 ο
948 5732 1086 5800 Quid
1122 5719 1575 5797 autem‘voluerit
1611 5738 1805 5810 Aquila
1827 5739 1914 5797 di-

1938 5728 1941 5731 .
2025 5691 2148 5731 cere
2185 5693 2199 5729 :
2242 5693 2357 5730 ecce
2398 5678 2662 5732 serotinus
2705 5684 2820 5745 post
2868 5672 3027 5729 Gazae
3065 5689 3277 5744 regem;
3307 5688 3429 5729 cum
3456 5674 3602 5730 Gaza

2023 5747 2189 5803 verbo
2219 5745 2483 5804 Ilebraico
2510 5747 2648 5802 AZA
2686 5745 3003 5814 appelletur,
3027 5761 3133 5803 non
3167 5747 3302 5804 satis
3333 5746 3602 5816 intelligo,
