4080 6408
322 412 463 469 2977

319 536 574 589 annﬁnm
619 527 680 579 15
758 527 823 579 Ol
854 527 1075 591 104.102,
1112 526 1548 597 ἀναθεματίσεις.
1589 526 1664 591 0’,
1698 522 1895 590 ἀναθή-

319 637 505 772 ΞΞΞ-
553 706 608 758 Σ.
643 706 704 758 τὸ
731 704 919 775 κέρδος
942 704 1141 757 αὐτῶν.
1167 702 1244 769 0’,
1276 706 1336 757 τὸ
1364 704 1566 774 πλῆθος
1600 702 1800 760 αὐτῶν.
1823 699 1885 767 Θ,

318 798 385 849 τὰ
420 794 568 866 δῶρα
599 793 800 847 αὐτῶν.
836 795 913 857 Ε’,
937 794 971 863 ἡ
1005 791 1259 860 ὠφέλεια.

1603 408 1909 463 ΜΙΩΗᾸΞᾹ]
1952 404 2183 461 CAPUT
2225 402 2287 456 ν.

3436 404 3573 462 29η

2078 520 2163 574 15.
2195 518 2259 572 Η.
2294 520 2789 576 anathematizabo.
2811 521 3041 592 Reliqui,
3066 523 3572 579 anathematizabis.

2004 607 2167 675 LXX,
2204 609 2571 665 consecrabis.
2596 608 2719 666 Vul.
2751 611 3060 667 interlieies.

2075 701 2141 754 Η.
2166 701 2491 755 desiderium
2545 716 2757 757 eorum.
2802 703 2860 759 S.
2909 704 3117 759 lucrum
3156 716 3366 757 eorum.
3410 699 3573 762 LXX.

2002 791 2405 848 multitudinem
2435 808 2649 848 eorum.
2679 792 2783 849 Th.
2822 795 2963 849 dona
2991 808 3203 849 eorum.
3249 791 3315 859 γ,
3351 793 3572 849 utilitas.

2000 880 2124 937 Vul.
2156 885 2377 953 rapinas
2413 897 2625 939 eorum.

1158 998 1336 1057 Notis
1374 998 1437 1056 et
1468 994 1657 1055 variae
1685 994 1991 1056 lectiones
2029 997 2106 1057 ad
2140 1014 2275 1075 cap.
2312 1000 2396 1058 1V
2428 996 2731 1061 Michzem.

400 1097 460 1154 V.
492 1100 546 1154 3.
578 1100 814 1165 Ἄλλος,
842 1096 1086 1161 ζιὸύνας.
1122 1095 1408 1151 Barberin.

395 1167 528 1222 ibid.
562 1170 642 1231 Σ.,
677 1169 765 1231 Θ..
799 1168 886 1220 ἐπ’
914 1167 1086 1229 ἔθνος.
1113 1165 1212 1220 Ms.
1240 1165 1351 1221 Jes.

398 1237 460 1291 V.
497 1238 550 1291 8.
576 1239 955 1309 Hieronymus
988 1255 1003 1290 :
1054 1235 1183 1309 t_Et_
1208 1236 1317 1309 lueg
1352 1244 1513 1289 turns
1568 1233 1684 1309 [ilio
1731 1231 1892 1297 Sion;

328 1307 441 1379 sive
472 1316 530 1379 ut
568 1304 930 1379 Symmachus
962 1306 1136 1379 vertit.
1164 1307 1227 1379 in
1276 1304 1545 1379 Graecum,
1581 1314 1629 1357 et
1662 1305 1798 1379 ipsa“
1818 1312 1895 1355 est

327 1378 442 1501 gift!
464 1371 625 1431 Sion:
655 1398 674 1429 ο
713 1376 844 1443 Quae
876 1376 1018 1429 haud
1048 1373 1213 1428 dubie
1240 1374 1430 1428 vitiata
1459 1374 1730 1427 videntur.
1763 1371 1896 1425 Bar-

380 1447 548 1501 -rinus
580 1447 683 1501 Ἃ..
713 1443 1004 1501 σκοτώδης.
1039 1445 1123 1501 Σ..
1155 1444 1468 1501 ἀπόκρυφος
1492 1458 1508 1501 ;
1532 1444 1615 1498 ha:
1650 1440 1896 1497 videntur

380 1447 548 1502 arinus
580 1447 683 1514 ’Δ.,
713 1440 1004 1515 σκοτώδης.
1039 1445 1123 1509 Σ.,
1155 1444 1468 1514 ἀπόκρυφος
1492 1458 1508 1510 ;
1532 1444 1615 1498 ha:
1650 1440 1897 1497 videntur

1994 1110 2119 1151 esse
2148 1112 2289 1151 verre
2316 1098 2597 1153 lectiones.

2071 1164 2134 1238 Χ.
2177 1168 2265 1238 ii.
2290 1167 2372 1229 Σ..
2401 1168 2769 1238 συνήχθησαν.
2799 1167 3084 1223 Barberin.

2070 1187 2138 1308 ir;
2167 1187 2269 1308 ii;
2290 1187 2372 1290 ’6';
2399 1187 3257 1308 ξέἲῖέλεῖίῗὲῖῖὁὲιῗὲζῗὲιᾝζιάοω.

2065 1301 2201 1379 ξιιὶάἐ
2227 1306 2320 1359 Hae
2351 1301 2612 1364 lectiones
2645 1301 2912 1379 prodeunt
2950 1320 3017 1362 ex
3043 1304 3374 1378 Hieronymo
3416 1313 3470 1361 et
3508 1318 3578 1360 ex

1995 1372 2126 1427 edit.
2165 1373 2430 1430 Romana.

1565 1634 1926 1699 MICHJEIE
1962 1637 2219 1700 CAPUT
2280 1636 2357 1696 V.

329 1732 1043 1799 mj-mmmnmyt
1134 1733 1895 1791 1.2.6.

335 1828 409 1891 0',
444 1823 537 1878 νῦν
570 1821 1016 1892 ὲμφραχθήσεται
1040 1819 1286 1891 θυγάτηρ
1310 1821 1647 1893 ἑμφραγμῷ.

334 1989 517 2063 hit-um
570 2007 712 2057 ιοειυ
761 2008 844 2057 nn
899 1979 1135 2061 vn‘m'hy
1171 2005 1247 2055 ut
1336 1998 1414 2050 Ἀ.
1461 1998 1756 2069 πλήξουσιν
1807 1998 1900 2053 ἐπὶ

337 2090 559 2158 σιαγόνα
578 2087 668 2140 τὸν
697 2087 889 2159 κριτὴν
936 2086 1172 2156 Ἰσραήλ.
1202 2087 1262 2140 Σ.
1287 2084 1513 2155 τύψουσι
1538 2087 1681 2142 κατὰ
1719 2089 1901 2157 σιαγό-

336 2197 428 2243 νας
448 2178 539 2231 τὸν
567 2176 757 2248 κριτὴν
803 2175 1036 2247 Ἰσραήλ.
1064 2176 1140 2242 0',
1175 2173 1506 2242 πατάξουσιν
1525 2178 1618 2231 ἐπὶ
1652 2179 1901 2248 σιαγόνας

336 2269 432 2333 τὰς
464 2267 635 2337 φυλὰς
675 2265 912 2337 Ἰσραήλ.
938 2266 1002 2322 Θ.
1030 2266 1258 2330 πατάξει
1282 2267 1375 2321 ἐπὶ
1399 2266 1626 2339 σιαγόνα
1655 2266 1748 2323 τὸν
1782 2286 1904 2342 κρι-

337 2360 432 2430 τὴν
472 2356 707 2429 Ἰσραήλ.

336 2457 475 2507 nam
546 2447 610 2499 υἱ
634 2446 709 2511 i",
735 2445 825 2498 τὸν
858 2446 1069 2515 κριτήν.
1105 2445 1182 2511 0',
1207 2445 1304 2509 τὰς
1329 2442 1521 2514 φυλάς.

335 2545 489 2598 13W“
526 2535 560 2589 4
632 2536 692 2588 Σ.
727 2575 742 2591 .
782 2575 794 2590 .
825 2574 839 2588 .
876 2578 889 2591 .
918 2535 1001 2602 0',
1039 2536 1363 2606 ὑπάρξουσι.

339 2716 455 2767 mu
490 2717 630 2768 ’ξδ’ΰὲ
661 2718 854 2768 nam
889 2719 1036 2773 ωιτη
1073 2719 1240 2774 me:
1288 2710 1322 2765 5
1403 2708 1485 2763 Ἀ.
1524 2709 1664 2763 ἑπτὰ
1704 2713 1907 2782 νομεῖς,

340 2798 431 2850 καὶ
457 2796 601 2851 ὀκτὼ
634 2797 1077 2867 καθεσταμένους
1108 2798 1448 2868 ἀνθρώπους.
1471 2799 1531 2853 Σ.
1561 2799 1697 2853 ἑπτὰ
1723 2800 1915 2870 ποιμέ-

341 2904 452 2954 νας,
484 2887 750 2942 καὶόκτὼ
785 2888 1043 2959 χριστοὺς
1066 2887 1389 2958 ἀνθρώπιον.
1431 2888 1510 2956 0',
1539 2888 1679 2942 ἑπτὰ
1717 2888 1913 2959 ποιμέ-

340 2995 446 3044 νες,
480 2979 573 3032 καὶ
611 2979 756 3033 ὀκτὼ
792 2980 1047 3050 δήγματα
1095 2976 1417 3049 ἀνθρώπων.
1456 2980 1519 3034 Θ.
1544 2981 1685 3033 ἑπτὰ
1715 2982 1909 3052 ποιμέ-

343 3088 453 3136 νας,
493 3069 587 3123 καὶ
614 3068 760 3123 ὀκτὼ
799 3069 1079 3141 ἀρχηγοὺς
1117 3068 1439 3141 ἀνθρώπων.
1469 3069 1530 3124 Θ.
1562 3069 1783 3137 ἄλλως,
1831 3072 1907 3137 E',

342 3158 592 3229 ἄρχοντες
612 3157 937 3230 ἀνθρώπων.

340 3274 505 3329 mn:
559 3276 826 3354 Van-nm
879 3278 1036 3331 rm:
1096 3277 1253 3330 unum
1315 3274 1562 3355 van-ns:
1620 3277 1741 3336 una
1806 3271 1840 3323 6

339 3370 554 3423 τρι-πω
626 3362 686 3416 Σ.
722 3399 738 3415 .
775 3403 787 3415 .
827 3400 842 3414 .
878 3365 956 3427 0',
993 3362 1088 3414 καὶ
1112 3360 1440 3431 ποιμανοῦσι
1463 3362 1553 3416 τὸν
1599 3364 1825 3431 Ἀσσοὺρ
1853 3365 1910 3416 ἐν

344 3453 603 3524 ῥομφαίᾳ,
632 3453 724 3506 καὶ
744 3453 842 3523 τὴν
875 3454 977 3523 γῆν
1015 3452 1110 3506 τοῦ
1140 3451 1370 3525 Νεϐρὼδ
1412 3456 1473 3507 ὲν
1495 3457 1561 3526 τῇ
1592 3455 1785 3525 τάφρῳ
1815 3456 1911 3508 αὑ-

342 3560 455 3615 vis.

340 3794 551 3849 murta:
637 3786 715 3839 Ἀ.
745 3786 802 3839 ὲν
839 3825 854 3841 .
888 3828 901 3842 .
938 3826 954 3842 .
991 3829 1003 3842 .
1031 3788 1089 3841 Σ.
1120 3788 1271 3851 ἐντὸς
1302 3787 1485 3844 πυλῶν
1522 3790 1710 3861 αὐτῆς.
1744 3792 1821 3856 0',
1853 3792 1909 3844 ὲν

337 3880 404 3948 τῇ
436 3878 625 3948 τάφρῳ
647 3876 833 3948 αὐτῆς.
872 3878 934 3933 Θ.
975 3880 1033 3932 ὲν
1058 3878 1255 3944 πύλαις
1291 3880 1476 3950 αὐτῆς.
1513 3880 1591 3947 Ε’,
1641 3881 1700 3934 ὲν
1733 3897 1909 3951 παρα-

342 3968 547 4040 Ειφεσιν
569 3970 766 4026 αὐτῶν.

337 4047 589 4127 πων-’³η
625 4071 862 4124 ωειλ-το
902 4064 933 4117 7
1016 4065 1095 4118 Ἀ.
1129 4064 1222 4119 καὶ
1256 4065 1333 4129 ὡς
1367 4064 1597 4135 ψεκάδες
1649 4066 1741 4119 ἐπὶ
1776 4066 1910 4120 πόαν

340 4157 431 4221 (al.
462 4156 708 4227 σπόρον).
745 4159 822 4219 Ο’,
865 4156 958 4210 καὶ
983 4156 1057 4220 ὡς
1086 4156 1249 4225 ἄρνες
1280 4156 1373 4209 ἐπὶ
1403 4156 1694 4227 ἄγρωστιν.
1729 4155 1791 4210 Θ.
1816 4160 1908 4211 καὶ

336 4244 467 4299 ὡσεὶ
504 4248 719 4316 νιφετὸς
758 4246 850 4300 ἐπὶ
884 4247 1097 4319 χόρτον.
1132 4247 1190 4299 Σ.
1225 4248 1317 4300 ἐπὶ
1342 4247 1555 4319 χόρτον.

337 4541 455 4594 mu
478 4518 600 4594 mh
632 4518 749 4596 'm”
779 4519 872 4597 δεδι
910 4519 1063 4595 msh
1106 4519 1343 4623 τῆρ’-κθ
1373 4550 1506 4599 nime
1590 4539 1669 4593 Ἀ.
1712 4540 1772 4605 ὃς
1815 4541 1914 4612 οὐχ

340 4623 599 4695 ὑπομενεῖ
628 4625 817 4697 ἄνδρα,
849 4624 943 4678 καὶ
990 4624 1052 4676 οὐ
1099 4626 1229 4696 περὶ
1279 4627 1429 4691 υἱοὺς
1464 4627 1786 4701 ἀνθρώπων.
1832 4633 1910 4696 0’,

339 4713 483 4777 ὅπως
523 4714 596 4785 μὴ
623 4714 862 4786 συναχθῇ
891 4714 1101 4785 μηδεὶς,
1138 4713 1271 4784 μηδὲ
1307 4715 1512 4788 ὑποστῇ
1549 4718 1606 4769 ἐν
1643 4720 1780 4781 υἱοῖς
1814 4719 1911 4772 ἀν-

338 4802 589 4872 θρώπων.
625 4803 688 4857 Θ.
715 4805 774 4868 ὃς
806 4804 867 4857 οὐ
904 4806 1055 4875 μενεῖ
1076 4802 1392 4873 ἄνθρωπον,
1440 4806 1534 4858 καὶ
1566 4808 1664 4859 οὐκ
1703 4806 1913 4860 ὲλπίσει

338 4894 432 4947 ἐπὶ
464 4894 596 4948 υἱῶν
626 4894 950 4967 ἀνθρώπων.

337 5205 585 5260 Du:er
619 5195 681 5250 i9.
764 5197 843 5250 Ἀ.
885 5195 975 5250 καὶ
1002 5193 1453 5267 κληδονιζόμενοι.
1474 5195 1530 5248 Σ.
1561 5197 1652 5248 καὶ
1685 5213 1910 5265 σημειο-

339 5291 720 5363 σκοπούμενοι.
758 5291 837 5358 0',
870 5291 962 5345 καὶ
983 5288 1476 5359 ἀποφθεγγόμενοι.

2080 1737 2131 1790 1.
2159 1736 2324 1790 Hebr.
2355 1749 2500 1789 nunc
2549 1732 2831 1787 turmatim
2873 1746 3164 1800 excurres,
3204 1732 3313 1788 lilia
3366 1743 3579 1790 turmm.

2005 1830 2069 1882 A.
2107 1826 2165 1881 S.
2197 1826 2301 1881 Th.
2331 1824 2398 1891 ν,
2467 1823 2594 1878 Vul.
2628 1840 2776 1879 nunc
2829 1824 3149 1890 vastaberis,
3185 1824 3294 1881 lilia
3334 1825 3581 1881 latronis.

2004 1915 2171 1982 LXX,
2214 1931 2362 1971 nunc
2395 1916 2709 1971 obstruetur
2739 1915 2850 1970 ﬁlia
2879 1914 3271 1970 obstructione.

2073 2007 2141 2061 ll.
2182 2006 2247 2061 A.
2283 2005 2588 2077 percutient
2613 2021 2775 2076 super
2820 2007 3094 2061 maxillam
3130 2005 3368 2075 judicent
3397 2004 3581 2061 lsrael.

2004 2096 2063 2150 ὃ.
2088 2094 2464 2166 pereutientin
2486 2094 2735 2150 maxillas
2759 2096 3000 2165 judicem
3028 2093 3213 2151 Israel.
3263 2092 3430 2160 LXX,
3467 2109 3587 2166 per-

2004 2185 2211 2242 cutient
2255 2184 2308 2237 in
2346 2184 2600 2239 maxillas
2654 2184 2827 2239 tribus
2857 2184 3040 2239 Israel.
3089 2182 3193 2237 Th.
3229 2184 3498 2253 percutiet
3527 2184 3585 2238 in

2005 2280 2282 2334 maxillam
2308 2277 2547 2345 judiccm
2605 2276 2793 2334 Israel.
2824 2277 2948 2332 Vul.
2968 2278 3270 2349 percutient
3304 2275 3583 2332 maxillam

2003 2369 2203 2441 judicis
2226 2368 2409 2423 Israel.

2077 2462 2243 2516 Hebr.
2266 2459 2399 2515 Tres
2425 2459 2711 2529 Interpret.
2758 2455 2884 2513 ναι.
2906 2458 3165 2527 judicem.
3194 2455 3359 2525 LXX,
3385 2458 3581 2516 tribus.

2079 2554 2132 2606 4.
2175 2550 2242 2604 Η.
2274 2560 2329 2607 et
2365 2551 2683 2606 manebunt.
2705 2548 2762 2603 S.
2786 2560 2837 2605 et
2856 2550 3197 2604 habitabant.
3220 2548 3382 2617 LXX,
3402 2560 3582 2606 erunt.

2011 2642 2137 2698 ναι.
2166 2652 2220 2697 et
2247 2650 2653 2697 convertentur.

2083 2735 2136 2789 5.
2169 2733 2234 2788 ii.
2261 2733 2365 2787 Th.
2396 2743 2599 2803 septem
2631 2740 2902 2803 pastores,
2926 2741 2980 2788 et
3026 2742 3153 2787 octo
3182 2733 3454 2804 principes
3484 2734 3585 2788 ho-

2013 2827 2245 2882 minum.
2294 2825 2357 2878 Α.
2418 2832 2625 2892 septem
2686 2833 2955 2893 pastores,
3005 2832 3059 2877 et
3091 2832 3215 2877 octo
3258 2824 3603 2879 constitutos-

2013 2916 2283 2972 liomincs.
2308 2914 2365 2968 S.
2394 2922 2596 2983 septem
2621 2922 2890 2983 pastores,
2917 2923 2973 2968 et
2997 2922 3120 2967 octo
3148 2914 3382 2969 christos
3406 2915 3584 2969 homi—

2014 3021 2165 3061 num.
2197 3002 2360 3067 LXX,
2388 3012 2592 3071 septem
2623 3012 2892 3072 pastores,
2923 3013 2977 3057 et
2999 3012 3124 3059 octo
3163 3019 3380 3060 morsus
3408 3003 3586 3059 homi-

2014 3111 2164 3151 num.
2184 3093 2285 3148 Th.
2311 3094 2487 3159 aliter,
2508 3092 2574 3159 V,
2602 3093 2877 3164 principes
2904 3093 3209 3148 hominum.
3239 3091 3361 3148 ναι.
3378 3103 3583 3164 septem

2012 3195 2282 3258 pastores,
2313 3197 2365 3240 et
2388 3193 2512 3240 octo
2542 3185 2803 3254 primates
2834 3185 3140 3239 hominum.

2084 3279 2136 3334 6.
2170 3278 2234 3332 il.
2271 3289 2321 3333 et
2373 3279 2670 3346 depascent
2740 3285 2940 3331 terram
2989 3280 3164 3332 Assur
3199 3276 3253 3332 in
3302 3275 3503 3348 gladio,
3533 3287 3587 3332 et

2016 3382 2211 3427 terram
2235 3367 2365 3424 Nem
2377 3370 2471 3424 rod
2491 3369 2629 3423 intra
2649 3378 2835 3438 portas
2858 3368 2996 3438 ejus.
3021 3368 3137 3423 S.et
3163 3378 3386 3437 pasceut
3413 3372 3587 3424 Assur

2010 3465 2066 3519 in
2091 3463 2285 3534 gladio,
2300 3471 2352 3515 et
2384 3470 2584 3515 terram
2616 3459 2851 3516 Nemrod
2881 3461 3019 3515 intra
3057 3468 3240 3529 portas
3272 3459 3581 3528 ejus.LXX,

2011 3566 2063 3608 et
2095 3562 2319 3622 pascent
2358 3552 2529 3607 Assur
2584 3550 2637 3604 in
2668 3551 2869 3620 gladio,
2900 3560 2953 3605 et
3003 3560 3202 3605 terram
3255 3548 3472 3605 Nebrod
3529 3551 3584 3605 in

2012 3644 2164 3700 fovea
2195 3642 2467 3713 ejus.\'ul.
2506 3650 2559 3714 e_t
2595 3653 2821 3711 pascent
2851 3650 3052 3697 terram
3087 3641 3259 3697 Assur
3295 3641 3351 3695 in
3384 3642 3584 3713 gladio,

2011 3744 2067 3791 et
2105 3745 2302 3791 terram
2334 3733 2569 3789 Nemrod
2589 3733 2643 3787 in
2671 3734 2874 3789 lanceis
2891 3733 3030 3804 ejus.

2082 3822 2216 3878 ch.
2248 3823 2301 3876 in
2332 3823 2504 3892 portis
2524 3822 2666 3892 ejus.
2702 3823 2767 3875 A.
2799 3821 2924 3877 Vul.
2955 3824 3007 3877 iu
3032 3822 3235 3879 lanceis
3260 3822 3399 3892 ejus.
3421 3822 3479 3879 S.
3506 3825 3589 3879 in-

2012 3928 2093 3971 tra
2125 3922 2311 3984 portas
2333 3913 2472 3983 ejus.
2515 3911 2678 3977 LXX,
2712 3912 2767 3966 in
2800 3911 2952 3968 fovea
3001 3913 3140 3983 ejus.
3168 3912 3271 3968 Th.
3326 3916 3381 3970 in
3419 3915 3590 3986 portis

2011 4008 2152 4077 ejus.
2186 4003 2250 4059 V.
2280 4005 2333 4058 in
2373 4004 2502 4060 sicis
2525 4018 2740 4059 eorum.

2084 4100 2135 4152 7.
2163 4100 2323 4153 Hebr.
2359 4106 2635 4166 tamquam
2677 4096 2881 4151 imbres
2935 4111 3098 4168 super
3144 4100 3391 4155 herbam.
3436 4104 3501 4157 Α.
3529 4114 3591 4160 ut

2013 4202 2177 4263 guttae
2209 4190 2349 4247 roris
2404 4205 2568 4259 super
2630 4188 2854 4244 herbam
2913 4189 3008 4260 (al.
3063 4194 3290 4264 semen).
3336 4192 3497 4259 LXX,
3530 4205 3585 4251 et

2014 4288 2154 4340 sicut
2180 4283 2304 4353 agni
2334 4297 2499 4352 super
2530 4296 2777 4352 gramen.
2826 4280 2929 4335 Th.
2961 4291 3015 4336 et
3055 4282 3197 4336 sicut
3223 4283 3383 4339 stilla:
3421 4301 3590 4356 super

2013 4374 2244 4431 frenum.
2270 4372 2328 4428 S.
2362 4387 2523 4441 super
2547 4371 2775 4426 faenum.
2809 4371 2929 4426 Vni.
2975 4382 3028 4427 et
3056 4373 3212 4440 quasi
3243 4375 3399 4430 stilla:
3426 4390 3589 4447 super

2014 4468 2260 4523 herbam.

2086 4558 2151 4614 Il.
2176 4573 2299 4629 quae
2331 4573 2439 4613 non
2460 4556 2798 4627 exspectabit
2824 4558 3025 4622 virum,
3065 4573 3164 4613 nec
3190 4560 3592 4628 praestolabitur

2017 4652 2157 4706 ﬁlios
2190 4650 2449 4704 hominis.
2481 4648 2545 4701 A.
2588 4662 2710 4718 quae
2740 4663 2849 4703 non
2886 4649 3225 4719 exspectabit
3257 4650 3453 4715 virum,
3490 4666 3591 4706 nec

2016 4744 2158 4798 circa
2188 4742 2330 4796 lilios
2386 4740 2695 4795 hominum.
2749 4738 2915 4808 LXX,
2966 4751 3026 4795 ut
3078 4757 3185 4796 non
3234 4752 3592 4812 congregetur

2016 4834 2330 4905 quisquam,
2366 4847 2543 4902 neque
2567 4832 2639 4886 sit
2702 4833 2755 4887 in
2801 4831 2929 4888 ﬁliis
2981 4833 3283 4887 hominum.
3317 4830 3420 4886 Th.
3469 4848 3592 4903 quae

2018 4940 2127 4979 non
2158 4923 2493 4992 exspectabit
2516 4923 2814 4989 hominem,
2868 4937 3042 4992 neque
3071 4921 3311 4991 sperabit
3363 4921 3418 4976 in
3448 4924 3588 4980 tilios

2021 5014 2326 5070 hominum.
2358 5011 2480 5067 Vul.
2539 5030 2659 5083 quae
2699 5030 2807 5068 non
2847 5021 3128 5083 exspectat
3165 5013 3365 5076 virum,
3393 5024 3446 5067 et
3478 5028 3588 5068 non

2021 5106 2366 5177 przestolatur
2396 5104 2537 5160 lilios
2561 5105 2864 5159 hominum.

2097 5199 2183 5253 i2.
2219 5198 2282 5253 il.
2317 5208 2370 5253 et
2397 5197 2833 5267 praestigiatores.
2859 5196 2925 5250 A.
2949 5203 3003 5250 et
3042 5194 3393 5249 hariolantes.
3436 5193 3497 5248 S.
3537 5202 3593 5249 et

2019 5306 2278 5361 augures.
2310 5290 2476 5358 LXX,
2503 5299 2557 5345 et
2582 5290 2886 5361 loquentes.
2921 5284 3045 5340 Vul.
3078 5296 3129 5341 et
3155 5286 3538 5343 divinationes.

1205 5403 1382 5465 Notas
1411 5410 1471 5463 et
1506 5402 1696 5465 varias
1723 5399 2033 5467 lectiones
2079 5405 2156 5465 ad
2218 5422 2354 5482 cap.
2399 5406 2449 5464 V
2480 5402 2777 5465 Michteaa.

408 5501 470 5556 ν.
508 5502 557 5556 i.
590 5501 1291 5573 Triutn__interprctatienes
1330 5516 1396 5557 ex
1429 5503 1632 5573 eclogis
1675 5500 1903 5557 Joannis

340 5573 584 5627 monachi
611 5572 762 5627 litera
785 5571 831 5627 X
864 5573 917 5627 in
940 5570 1059 5625 eod.
1097 5570 1322 5626 Coislin.

406 5642 540 5711 ibid.
577 5643 639 5711 Οἱ
667 5641 740 5705 Γν,
770 5641 863 5694 τὸν
900 5642 1111 5711 κρξήν.
1140 5638 1421 5695 Barberin.
1536 5708 1537 5711 η

409 5709 471 5764 ν.
505 5713 556 5767 ι.
590 5710 809 5767 Hieron.
844 5725 858 5761 :
914 5707 949 5761 ι’
980 5707 1056 5763 Et
1095 5719 1495 5771 convertentur;
1526 5708 1661 5769 Sive,
1699 5717 1757 5763 ut
1790 5724 1906 5765 rne-

340 5778 444 5835 lius
515 5783 902 5849 interpretatus
967 5785 1049 5833 cst
1108 5778 1502 5847 Symmachus,
1564 5778 1904 5836 habitabant.

2012 5504 2272 5560 JASUBU
2295 5504 2437 5559 enim
2469 5502 2690 5557 verbum
2716 5500 3039 5556 Hebraieum
3066 5508 3357 5565 utrumque
3387 5500 3591 5569 signiﬁ-

2016 5585 2154 5630 cat.»
2184 5574 2241 5628 in
2272 5573 2360 5627 ilia
2395 5579 2575 5624 autem
2609 5571 2772 5637 hujus
2809 5585 3007 5638 versus
3022 5570 3309 5638 verbaixott
3329 5569 3589 5638 στήσεται

2016 5643 2110 5695 καὶ
2134 5643 2343 5710 όῲεται.
2374 5645 2525 5710 notat
2555 5640 2620 5694 ad
2646 5636 2818 5710 marg.
2849 5638 2948 5694 Ms.
2981 5637 3117 5710 ποετ,
3143 5637 3211 5710 sit
3241 5636 3589 5710 diﬁsittepéva

2016 5714 2092 5764 εἰς
2116 5705 2241 5773 τοῦς
2266 5710 2359 5764 δύο
2380 5708 2578 5771 τόπους
2612 5709 2670 5779 οὐ
2697 5705 2903 5779 κεῖνται
2933 5712 2993 5779 ὲν
3021 5708 3100 5777 τῷ
3123 5705 3502 5779 ἑξασελίδῳίῐ.
3536 5726 3587 5765 ο.

2014 5796 2131 5850 qum
2156 5780 2297 5832 obolo
2347 5787 2599 5832 notantur
2631 5778 2682 5828 in
2710 5777 2911 5831 duobus
2953 5778 3079 5831 locis
3134 5792 3235 5831 non
3269 5777 3483 5835 exstant
3534 5782 3593 5835 in
