4080 6404
337 341 467 396 2981

1640 348 1882 406 NAHUM
1921 349 2152 408 CAPUT
2187 347 2296 405 ΙΙΙ.-

3447 355 3594 412 2982

1132 464 1309 524 Notio
1339 477 1396 522 et
1455 469 1649 524 varias
1701 465 2009 527 lectiones
2059 465 2132 526 ad
2187 479 2322 541 cap.
2361 465 2476 525 νη
2511 464 2817 526 Michaeae.

416 559 474 616 ν.
502 564 554 616 2.
591 566 655 617 Ol
682 567 870 626 λοιπη
897 564 1228 618 ἐκλέλοιπεν.
1269 566 1619 622 Barberinus.

410 632 473 686 γ.
506 632 560 687 4.
602 632 966 704 Hieronymus
1002 653 1014 688 :
1060 653 1080 685 ι
1126 633 1364 688 Vastatio
1397 645 1487 690 tua
1535 637 1672 690 venit
1700 653 1718 690 :
1773 653 1908 691 nunc

338 704 438 756 erit
464 705 684 756 vastitas
725 703 926 767 eorum,
952 703 987 757 i.
1021 719 1094 767 e.,
1124 704 1506 768 habitatorum,
1537 707 1652 762 sive
1684 707 1908 760 obsidio:

340 770 683 846 M.-\llU(_Jll_A_
710 772 865 825 enim
903 774 1076 840 magis
1129 774 1444 846 πολιορκίαν
1479 785 1532 830 et
1582 775 1906 846 φρούρησιν,

342 842 380 913 ᾗ.
407 857 480 913 e_.,
514 840 835 895 obsidionem
865 851 936 913 _et
982 840 1300 913 custodiam,
1325 859 1487 913 quam
1525 840 1821 898 vastitatem
1855 847 1909 899 in

341 910 568 965 llcbrazo
601 920 777 984 sonat.
813 929 830 961 ι
863 909 961 984 Ubi
997 912 1139 966 haud
1174 909 1604 984 dubicfaliornm
1640 914 1910 984 Interpre-

340 991 453 1035 tum
491 981 795 1035 versionem
833 982 997 1036 tacito
1044 983 1264 1036 nomine
1294 981 1487 1037 adfert.

415 1047 474 1104 V.
519 1049 604 1103 ll.
636 1049 718 1114 S.,
756 1049 882 1118 Th.,
911 1053 1178 1122 ἐπιταγὴν
1207 1051 1302 1106 καὶ
1329 1052 1679 1124 πρόσταγμα.
1720 1052 1912 1109 Hiero-

339 1133 556 1188 nymns.

414 1187 472 1243 V.
507 1191 593 1246 l2.
625 1189 848 1248 Hieron.
883 1209 897 1246 :
955 1210 973 1243 ι
1014 1189 1245 1247 MASOR
1281 1192 1465 1264 :quod
1509 1193 1733 1250 verbum
1777 1191 1910 1249 siin

2017 567 2455 690 repositionem
2506 565 2624 634 MA,
2683 577 2735 622 et
2769 583 2966 622 nomen
2997 567 3125 622 SOR
3151 612 3166 634 ,
3206 571 3498 634 dividatur,
3528 575 3594 626 de

2064 652 2182 690 vro.
2214 637 2536 690 intelligitur
2570 655 2582 688 :
2609 636 2691 689 sin
2727 647 2906 690 autem
2939 653 3078 690 unus
3109 654 3288 690 sermo
3312 641 3403 690 sit.
3426 644 3594 690 muni-

2064 636 2182 708 yro,
2214 637 2536 708 intelligitur
2570 636 2691 708 :_sin
2727 647 2906 691 autem
2939 653 3078 692 unus
3109 654 3288 693 seruio
3312 641 3403 699 sit,
3426 644 3596 694 muni-

2020 703 2214 760 tionem
2248 703 2429 780 sonat.
2480 703 2720 780 Denique
2748 708 3269 780 omnes_rcs_ptoxi1v,
3316 711 3594 780 3:919:59!-

2021 791 2275 847 φραγμα,
2310 775 2405 828 καὶ⁵
2435 773 2772 847 πολιορκίαν,
2803 790 2909 828 non
2940 775 3006 829 de
3032 773 3280 847 Tyl'o','ut
3314 776 3479 840 LXX,
3499 773 3592 834 sed

2020 843 2370 897 munitionem
2390 851 2443 897 et
2459 843 2723 896 ambitum
2741 853 2966 898 mur-ate
2979 843 3122 896 urbis
3142 848 3555 901 transtulerunt.
3571 868 3586 898 ι

2023 911 2129 967 Ubi
2156 914 2317 967 trium
2351 913 2496 966 haud
2527 914 2686 967 dubie
2713 913 2999 968 lectionem
3034 913 3239 968 adfert.

2092 981 2158 1035 V.
2191 983 2272 1035 l8.
2310 985 2376 1034 Οἱ
2405 982 2624 1047 λοιποὶ,
2651 983 2824 1036 εἱσαεί
2855 993 2960 1037 etc.
2989 981 3099 1038 Has
3130 983 3388 1040 lectiones
3417 1001 3480 1040 ex
3500 1001 3597 1041 co-

2021 1051 2143 1122 dice
2169 1051 2336 1122 Regio
2368 1060 2422 1105 et
2448 1067 2513 1105 ex
2545 1050 2876 1122 Hieronymo
2900 1061 3237 1122 mutuamur.

2055 1121 2156 1242 lavi
2191 1120 2282 1176 20.
2324 1122 2578 1188 Ἄλλως,
2613 1120 2942 1193 ἔμπροσθεν.
2993 1121 3082 1178 Sic
3113 1122 3361 1194 quaedam
3412 1140 3600 1181 exem-

2113 1207 2137 1242 Γ
2163 1207 2213 1242 εἰ.

2019 1204 2213 1259 plana.

1481 1400 1770 1462 NAHUM
1805 1395 2062 1463 CAPUT
2107 1394 2448 1456 PRIMUM.

339 1498 547 1571 amt
639 1497 718 1551 Ἀ.
760 1497 930 1569 ἅρμα.
963 1499 1042 1566 0',
1067 1499 1278 1571 λῆμμα.

337 1599 466 1648 nm
501 1570 634 1652 5:711
671 1588 706 1641 2
791 1589 870 1642 ‘A.
911 1590 973 1643 Θ.
1011 1591 1106 1645 καὶ
1137 1570 1276 1661 ἔχων
1310 1590 1496 1662 Θυμόν.
1532 1594 1611 1660 0',
1646 1593 1783 1664 μετὰ
1823 1591 1915 1645 θυ-

383 1695 463 1732 Ου.

383 1696 463 1732 ου.

342 1696 495 1829 :llml
534 1769 568 1824 5
654 1770 732 1824 Ἃ.
766 1771 860 1825 καὶ
901 1768 1138 1842 ἔφριξεν.
1183 1772 1240 1826 Σ.
1274 1773 1370 1826 καὶ
1415 1770 1660 1843 ἐκινήθη.
1699 1773 1776 1838 0',
1821 1771 1916 1825 καὶ

342 1859 626 1932 ἀνεστάλη.

341 2047 441 2099 ’ΞΝ
474 2047 640 2126 ΤιἫέ
675 2048 803 2121 ΞΊΡΊ
842 2048 936 2101 ’ὩῚ
971 2041 1004 2096 6
1090 2042 1168 2094 Ἀ.
1197 2042 1278 2107 τίς
1297 2043 1678 2114 ἀντιστήσεται
1718 2087 1728 2099 .
1771 2085 1784 2098 .
1835 2085 1849 2100 .
1896 2089 1907 2100 .

2093 1495 2145 1549 l.
2186 1492 2322 1548 lleb.
2352 1496 2418 1548 A.
2449 1491 2572 1547 an.
2609 1508 2766 1548 onus.
2799 1491 2967 1560 LXX,
3005 1493 3329 1564 assumptio.

2088 1586 2142 1640 2.
2173 1585 2334 1640 Hebr.
2387 1585 2454 1640 Α.
2495 1584 2596 1638 Th.
2636 1585 2758 1639 Vul.
2791 1595 2844 1640 et
2895 1585 3106 1640 habens.
3125 1585 3383 1640 furorem.
3435 1583 3599 1651 LXX,

2018 1693 2143 1734 cum
2174 1677 2380 1733 furore.

2089 1770 2143 1824 5.
2177 1767 2313 1824 lleb.
2369 1776 2423 1822 ct
2472 1765 2845 1838 conflagravit.
2886 1766 2951 1820 Α.
3001 1776 3054 1822 et
3115 1767 3408 1825 inhorruit.
3462 1769 3518 1823 8.
3551 1780 3606 1824 et

2017 1870 2290 1917 commota
2319 1869 2421 1915 est.
2461 1857 2625 1923 LXX,
2667 1868 2721 1913 et
2748 1867 3031 1914 contracta
3083 1868 3184 1914 est.
3219 1857 3338 1912 Vul.
3375 1869 3431 1914 et
3472 1875 3604 1914 con-

2016 1952 2280 2008 tremuit..

2095 2043 2148 2098 6.
2182 2042 2318 2098 lleb.
2350 2051 2405 2098 et
2433 2042 2559 2112 quis
2591 2042 2757 2098 stabit
2785 2042 2948 2097 in‘ira
2982 2042 3184 2098 furoris
3214 2045 3372 2113 ejus?
3393 2045 3457 2098 Α.
3479 2045 3605 2116 quis

345 2130 400 2182 Σ.
436 2170 447 2181 .
482 2171 495 2183 .
526 2171 538 2183 .
577 2171 590 2184 .
637 2173 648 2184 .
695 2171 709 2185 .
739 2133 815 2199 0',
837 2132 931 2186 καὶ
959 2133 1044 2197 τίς
1065 2133 1448 2206 ἀντιστήσεται
1479 2136 1537 2188 ὲν
1565 2134 1710 2207 ὀργῇ
1737 2135 1910 2207 Θυμοῦ

2042 2133 2256 2188 'esistet.
2283 2171 2297 2186 .
2320 2173 2333 2186 .
2354 2172 2410 2186 ...
2439 2131 2499 2187 S.
2530 2141 2581 2186 et
2603 2131 2728 2200 quis
2745 2131 3039 2186 sustinebit
3062 2130 3201 2185 iram
3230 2132 3432 2188 furoris
3446 2133 3605 2204 ejus!

345 2219 541 2284 αὐτοῦς

345 2401 482 2449 nam
567 2392 646 2444 Ἃ.
681 2393 1076 2465 συνεχωνεύθη.
1121 2395 1178 2450 Σ,
1217 2397 1278 2449 Θ.
1309 2395 1551 2465 ἔσταξεν.
1583 2398 1662 2466 0',
1693 2401 1871 2470 τήκει.

346 2553 1344 2657 πῡπρῠηωτηὸῡηεινηωιυιπθ-

347 2656 450 2710 ἀπὸ
487 2658 598 2713 τῶν
623 2661 1028 2732 ἀνισταμένων..
1048 2656 1139 2732 0',
1159 2668 1255 2721 καὶ
1287 2667 1654 2739 κατακλυσμῷ
1686 2671 1910 2743 πορείας

348 2747 656 2806 συντέλειαν
682 2753 967 2823 ποιήσεται
987 2773 1013 2785 ν
1036 2757 1162 2820 τοὺς
1189 2759 1663 2830 ἐπεγειρομένους.
1705 2762 1768 2815 Θ.
1798 2803 1812 2815 .
1847 2805 1882 2817 ..
1906 2804 1946 2817 ..

352 2839 646 2896 Ε’......

349 2937 511 2984 eunte
588 2936 1120 2993 consummationem
1202 2935 1368 2996 faciet

355 3019 593 3076 ﬁbuseL

351 3127 465 3176 m3
503 3128 700 3183 arma
737 3112 1001 3210 mpm-n5
1034 3124 1067 3180 9
1140 3128 1240 3181 Σ..
1271 3169 1283 3181 .
1317 3167 1329 3181 .
1371 3171 1382 3182 .
1422 3169 1434 3181 .
1467 3136 1542 3198 υσ,
1578 3132 1678 3185 οὐκ
1712 3133 1926 3207 suam}.

353 3228 434 3264 σει
458 3211 540 3276 δὶς
572 3214 859 3269 ὲπιτοαυτὸ
891 3218 949 3270 ἐν
983 3217 1178 3288 θλίψει.
1220 3220 1281 3273 Θ.
1325 3261 1338 3274 .
1386 3262 1400 3274 .
1446 3263 1458 3275 .
1497 3263 1511 3276 .

1439 2959 1452 2994 :
1525 2949 1911 3000 transeuntes..
1951 2945 2085 3002 Tb..
2110 2988 2123 3000 .
2151 2987 2199 3002 ..

2020 2223 2183 2290 LXX;
2221 2221 2342 2278 Vul.
2378 2223 2580 2294 estquis
2604 2223 2827 2279 resistet
2849 2222 2902 2277 in
2922 2221 3002 2277 ira
3023 2221 3226 2277 furoris
3253 2224 3418 2294 ejus?

2087 2405 2224 2462 lleb.
2248 2405 2370 2460 Vul.
2402 2405 2570 2462 eﬂ‘usa
2597 2407 3056 2462 est..A..conllata
3080 2417 3184 2462 est.
3221 2407 3279 2462 S.
3309 2405 3412 2461 Th.
3433 2407 3606 2462 stilla-
3682 2376 3693 2387 ί

2020 2499 2119 2553 vit.
2151 2496 2319 2563 LXX,
2345 2497 2639 2564 consumit,
2675 2498 2780 2550 sive
2806 2497 3109 2566 liquefacit.

2100 2587 2156 2643 8.
2187 2586 2321 2642 lleb.
2353 2595 2408 2642 et
2459 2587 2516 2641 in
2584 2587 2944 2642 inundatione
2993 2595 3311 2642 transeunte
3346 2601 3610 2642 consum—

2028 2679 2324 2735 mationem
2383 2677 2548 2734 faciet
2602 2677 2710 2733 loci
2761 2678 2900 2747 ejus.
2970 2677 3029 2733 S.
3072 2675 3192 2732 Vul.
3224 2686 3278 2733 et
3321 2677 3374 2730 in
3405 2676 3612 2732 diluvio

2032 2777 2395 2838 praetereunte
2473 2768 3003 2823 consummationem
3061 2767 3226 2824 faciet
3290 2767 3397 2822 loci
3466 2765 3608 2835 ejus.

2029 2859 2075 2913 Α
2126 2902 2138 2913 .
2167 2900 2182 2915 .
2210 2901 2222 2913 .
2247 2875 2307 2914 .a
2333 2859 2808 2929 consurgentibus.
2841 2857 3005 2926 LXX,
3027 2868 3081 2914 et
3109 2860 3162 2914 in
3195 2859 3401 2914 diluvio
3431 2866 3613 2912 trans-

2253 2947 2706 3019 consurgentibus
2755 2947 2825 3004 ci.
2888 2946 3074 3002 νη..
3105 2987 3118 3002 .
3173 2963 3203 3002 a
3260 2961 3600 3017 consurgcm

2107 3139 2158 3191 7.
2191 3137 2357 3193 llebr.
2395 3153 2502 3192 non
2544 3135 2806 3192 consistet
2836 3136 2920 3192 bis
2942 3137 3214 3207 angustia.
3245 3135 3302 3188 S.
3341 3148 3452 3190 non
3487 3149 3614 3189 sus-

2039 3229 2288 3284 tinebunt
2343 3229 2605 3298 impetum
2641 3227 2943 3283 secundum
2975 3228 3262 3298 angustiae.
3289 3226 3461 3294 LXX,
3502 3242 3614 3282 non

353 3307 654 3363 vindicabit
687 3308 773 3366 bis
806 3311 862 3366 in
907 3311 1146 3383 idipsum
1202 3315 1256 3370 in
1311 3316 1682 3375 tribulatione.
1721 3317 1824 3375 Th.
1865 3335 1974 3378 non
2027 3330 2321 3396 consurget
2378 3319 2616 3378 secunda
2660 3320 2987 3377 tribulatio..
3025 3320 3153 3376 Vul.
3180 3337 3288 3377 non
3319 3334 3612 3393 consurget

355 3400 550 3467 duplex
586 3401 886 3460 tribulatio.

351 3478 512 3558 52:75:
545 3507 649 3583 Vx”
689 3511 807 3565 mm
848 3503 905 3557 ll
998 3505 1078 3556 ’A.
1110 3505 1308 3557 κακίαν
1355 3502 1740 3574 βουλευόμενος
1789 3505 1926 3559 ἁπο-

359 3593 570 3646 στασία.
596 3595 673 3660 0',
709 3593 922 3665 πονηρὰ
956 3594 1344 3666 βουλευόμενος
1372 3595 1610 3649 ἐναντία.

358 3835 494 3937 m‘7p
530 3859 582 3911 ⁷)
624 3851 687 3906 14
758 3851 833 3919 0',
867 3852 950 3906 ὅτι
988 3853 1192 3923 ταχεῖς.
1227 3852 1302 3916 E',
1329 3851 1411 3906 ὅτι
1435 3850 1716 3922 ὑϐρίσοης.

2111 3506 2198 3560 Η.
2227 3504 2396 3560 Hebr.
2439 3503 2640 3557 malum
2678 3503 2970 3558 consulens
3023 3501 3206 3557 Belial.
3259 3506 3324 3556 A.
3355 3503 3616 3557 malitiam

2036 3597 2347 3652 deliberans
2409 3591 2907 3664 apostasia..LXX,
2952 3593 3186 3663 pessima
3212 3594 3454 3663 cogitans
3486 3607 3619 3648 con-

2049 3684 2239 3739 traria.
2269 3682 2394 3738 \‘ul.
2429 3684 2692 3738 malitiam
2729 3700 2743 3738 :
2779 3690 2959 3738 mente
2987 3690 3327 3752 pertractans
3360 3682 3617 3752 prmvaris

2041 3776 2336 3831 cntionem.

2113 3863 2201 3917 l4.
2238 3860 2565 3931 Hebr..quia
2599 3860 2889 3930 despectus
2915 3858 3098 3916 .fuisti.
3129 3859 3269 3914 LXX
3323 3859 3452 3930 quia
3479 3861 3626 3916 velo-

2042 3969 2154 4009 ces.
2192 3951 2254 4019 V,
2284 3952 2412 4022 quia
2449 3952 2780 4007 contumelia
2809 3950 3035 4007 affectus
3065 3966 3145 4006 es.
3197 3950 3322 4008 ναι.
3364 3951 3491 4021 quia
3535 3952 3621 4007 ina

2039 4044 2342 4099 honoratus
2377 4059 2460 4098 es.

1212 4163 1386 4223 Notae
1417 4167 1480 4224 et
1525 4159 1717 4223 verita
1753 4158 2064 4220 lectiones
2108 4157 2188 4219 ad
2221 4173 2359 4234 cap.
2402 4154 2730 4216 lNahum.

427 4283 569 4354 v.41.
626 4285 704 4336 Ἀ.
734 4324 747 4348 ,
788 4285 962 4354 ἅρμα.
1019 4282 1242 4338 Hieron.
1303 4283 1535 4353 Prologo
1580 4281 1660 4354 in
1692 4279 1928 4354 Nahngn.

369 4372 386 4426 ι
421 4349 1019 4426 LXX_interpre'tantur
1050 4354 1264 4426 λῆμμα.
1303 4354 1395 4420 Α.,
1427 4349 1602 4424 ἇρμα.
1637 4352 1791 4422 Apud
1825 4349 1935 4405 lle-

362 4422 535 4477 braeos
563 4422 812 4480 MASSA.
840 4443 854 4477 I

626 4493 729 4561 'A.,
757 4494 837 4556 Σ..
873 4496 966 4548 καὶ
1003 4494 1142 4563 ἔχων
1177 4495 1366 4563 θυμόν.
1405 4493 1653 4548 Drusius.

769 4567 864 4618 καὶ
889 4562 1111 4636 ἔφριξεν
1131 4562 1658 4636 ειοζΤγΙιεοιῌοτθιιις.

433 4631 499 4686 γ.
538 4635 592 4688 6.
629 4631 994 4706 Hieronymus
1024 4651 1096 4706 τίς
1130 4635 1388 4706 Apertius
1432 4633 1816 4706 interpretatus
1855 4642 1940 4706 est

367 4701 539 4773 Sym.,
591 4713 638 4756 et
671 4705 788 4772 quis
832 4699 1289 4773 sustinebitjram
1330 4703 1526 4771 furoris
1557 4699 1751 4773 effusi)
1791 4699 1937 4773 Infra

365 4769 530 4826 xero:
580 4791 598 4821 ι
646 4769 814 4828 Porro
836 4775 1064 4828 verbum
1101 4769 1426 4828 Hebraic'um
1470 4769 1728 4825 IACCUM
1750 4810 1766 4836 ,
1792 4769 1937 4838 quod

367 4852 417 4895 ct
444 4843 504 4896 Α.
530 4851 584 4898 et
615 4842 754 4896 LXX
787 4844 1201 4906 transtulerunt,
1230 4843 1433 4895 resistet
1456 4851 1560 4897 etc.
1601 4859 1618 4892 ι

437 4911 570 4984 μήὸ.
613 4915 717 4984 ’ᾼη
746 4911 1120 4984 συνεχωνεύθη
1149 4910 1670 4984 etc.AHiet'Qtjyt‘tjl‘ls2

437 4980 502 5035 ν.
628 4975 994 5059 Hieronymus
1031 5002 1043 5038 :
1087 4975 1120 5034 ι’
1155 4981 1392 5059 Verbum
1432 4975 1745 5059 ΜᾸΟΟΜᾼ,
1790 4975 1938 5059 quod

372 5067 468 5106 nos
527 5049 863 5122 interpretati
905 5069 1116 5118 sumus,
1168 5051 1272 5105 loci
1309 5051 1444 5122 ejus,
1481 5063 1672 5122 omnes
1701 5049 1754 5100 in
1803 5049 1942 5122 duas

373 5123 638 5177 orationis
661 5116 844 5193 partes
868 5116 1172 5180 diviserunt
1199 5139 1214 5188 ;
1245 5129 1305 5176 ut
1331 5116 1473 5185 ΜΛ,
1508 5120 1559 5174 in
1617 5116 1947 5188 praepositio-

2044 4294 2185 4333 nem
2216 4276 2301 4342 de,
2326 4283 2620 4340 verterent,
2650 4275 2688 4330 i.
2727 4289 2776 4329 e.
2808 4274 2937 4340 ἀπό,
2978 4273 3190 4338 (ΣΟΜΑ,
3224 4283 3492 4342 surgentes
3537 4275 3620 4328 in-

2043 4356 2490 4430 terpretarentur.
2552 4343 3033 4430 Denique-atqu“?
3054 4343 3176 4430 3336
3215 4343 3617 4430 ἀνισταμενον),

2043 4412 2240 4488 inquit,
2273 4416 2310 4470 i.
2342 4430 2392 4471 e.
2441 4432 2473 4468 a
2500 4412 2960 4484 consurgentibus;
3004 4412 3169 4477 LXX,
3215 4412 3620 4483 consurgentes;

2045 4486 2365 4549 Theodotio,
2404 4484 2837 4553 consurgentibus
2856 4484 2940 4548 ei;
2965 4480 3010 4536 V
3041 4484 3152 4546 ed.,
3187 4499 3221 4537 α
3256 4484 3621 4552 consurgenti-

2047 4558 2142 4610 bus
2164 4556 2267 4609 illi.
2307 4554 2470 4626 Solus
2521 4554 3056 4626 Symmaclruscum
3077 4562 3263 4626 nostra
3300 4553 3623 4622 interpreta-

2046 4627 2196 4682 tione
2222 4622 2590 4688 consentiens,
2640 4625 2754 4677 ait:
2788 4623 2856 4676 Et
2892 4625 2945 4678 in
2977 4622 3174 4678 diluvio
3206 4631 3312 4677 etc.
3352 4641 3371 4673 ι

2079 4695 2182 4820 dy.
2214 4696 2268 4751 9.
2292 4694 2373 4760 S.,
2400 4694 2501 4748 Th.
2529 4692 2811 4750 Lectiones
2839 4695 3010 4748 adfert
3032 4693 3413 4762 Hieronymus,
3439 4700 3498 4744 ut
3525 4706 3625 4744 nos

2118 4781 2282 4819 imus.

2045 4780 2282 4821 edimus.

2119 4834 2300 4888 v.11.
2349 4834 2452 4896 ’A.,

2119 4901 2183 4956 V.
2222 4903 2308 4978 14.
2357 4902 2576 4956 Hieron.
2605 4920 2625 4978 _:
2669 4921 2687 4952 ι
2821 4897 3010 4965 editio,
3042 4902 3124 4978 ότι
3153 4897 3437 4978 ὑξρίσθης,

2047 4973 2447 5027 transtulerunt
2478 4989 2490 5022 :
2527 4973 2654 5040 quia
2675 4971 2891 5036 veloces,
2921 4969 3062 5040 quod
3099 4969 3152 5022 in
3193 4967 3459 5022 llebraico
3489 4968 3623 5037 legi-

2047 5051 2135 5098 tur
2168 5040 2282 5099 CHI
2316 5039 2658 5100 CALLO’TH.
2698 5058 2716 5091 ι

2491 4831 2689 4886 κακίαν
2725 4831 3110 4902 βουλευόμενος
3153 4826 3398 4902 ειρηῌε.
3436 4826 3549 4902 les:

1633 5345 1919 5406 NAHUM
1955 5343 2210 5407 CAPUT
2234 5343 2346 5403 ΙΙΙ.

370 5430 534 5505 Πθέῖῠ
730 5447 750 5500 l
845 5448 921 5501 Ἃ.
964 5447 1353 5518 ὲξαυχενισμοῦ
1381 5448 1614 5517 πλήρης.
1646 5447 1705 5498 Σ.
1732 5446 1782 5500 1.
1813 5446 1948 5501 ἀπο-

374 5537 568 5604 topia;
589 5539 818 5609 πλήρης.
850 5540 907 5591 Σ.
937 5539 992 5592 2.
1023 5539 1348 5609 μελοκοπίας
1376 5538 1611 5610 πλήρης.
1635 5541 1690 5591 0'
1734 5538 1946 5600 ἀδικίας

376 5626 610 5699 πλήρηςο

2129 5445 2180 5498 l.
2210 5443 2345 5499 lleb.
2375 5443 2682 5498 extorsione
2699 5438 2876 5510 plena.
2897 5435 2976 5507 1A.
2994 5434 3426 5491 excervicatione
3443 5439 3624 5506 plena.

2058 5534 2116 5590 S.
2160 5534 2210 5587 l.
2252 5533 2574 5588 crudelitate
2602 5533 2780 5601 plena.
2827 5529 2886 5585 S.
2933 5529 2986 5583 2.
3043 5525 3416 5581 membrorum
3447 5529 3630 5584 concio

2057 5627 2210 5682 sione
2235 5625 2416 5696 plena.
2451 5621 2614 5689 LXX,
2645 5621 2936 5692 iniquitate
2990 5619 3166 5689 plena.
3206 5613 3327 5670 Vul.
3358 5617 3624 5677 dilacera-

2057 5718 2204 5775 tione
2229 5717 2405 5788 plena.
