4080 6400
483 322 624 378 2983

485 430 910 510 ηῆνοωνηθκῆ
984 446 2065 523 Σ..........0¹,ούψηλαφη-

488 533 710 604 θήσεται
750 534 910 605 θήρα.

485 711 686 765 ΕΠηέιέ
718 687 876 764 imm
915 706 949 761 3
1022 708 1077 761 Σ.
1124 749 1138 762 .
1186 748 1199 761 .
1244 749 1259 763 .
1305 752 1317 764 .
1363 750 1377 763 .
1418 713 1494 777 0',
1548 715 1640 766 xei.
1677 714 2064 785 ἀσθενήσουσιν

485 794 545 847 ιν
566 796 676 857 τοῖς
714 794 961 863 σώμασιν
985 797 1184 851 αὐτῶν.

484 1052 923 1131 mn‘mt
1010 1068 2058 1149 Ἀ.Σ.........Ο’,ήγουμένη

484 1158 813 1229 φαρμάκων.

482 1338 555 1423 ’ρ
595 1341 731 1393 π’)
777 1342 933 1393 rrmv
974 1344 1130 1396 nam
1175 1345 1319 1419 πεπυ
1359 1347 1469 1398 την
1513 1327 1757 1423 qva-r5:
1797 1350 1919 1403 nim
1957 1345 1987 1396 7

478 1407 686 1483 ria-mw
760 1427 819 1477 Σ.
864 1465 878 1478 .
924 1466 939 1479 .
983 1466 996 1480 .
1042 1468 1054 1481 .
1101 1467 1115 1478 .
1277 1468 1291 1481 .
1331 1469 1346 1481 .
1385 1432 1460 1495 υο,
1511 1407 1606 1483 κάξ
1660 1432 1833 1497 ἔσται,
1884 1437 1989 1498 πᾶς
2034 1438 2061 1488 ὀ

476 1514 618 1587 ὁρῶν
651 1533 710 1569 σε
735 1517 1104 1588 καταΰήσεται
1131 1519 1239 1572 ἀπὸ
1267 1519 1383 1585 σοῦ,
1412 1520 1504 1574 καὶ
1531 1522 1664 1591 ιὶρεῖ⁹
1713 1523 1932 1578 Δειλαία
1963 1525 2063 1578 Νι-

474 1607 627 1679 νευὴ,
662 1607 745 1671 τίς
777 1609 1022 1674 στενάξει
1044 1611 1250 1680 αύτήν;

1537 330 2013 389 llEXAPLORUM
2055 331 2224 399 ρυλε
2269 331 2700 391 SUPERSUNT.

3607 343 3749 399 E985

2241 450 2377 505 Heb.
2409 464 2518 505 non
2539 453 2749 507 recedet
2786 455 2982 524 prada.
3012 456 3068 510 S.
3104 458 3192 512 ubi
3227 458 3542 513 indesinens
3565 462 3747 527 prmda

2169 548 2270 593 cst.
2304 536 2468 604 LXX,
2527 556 2634 595 non
2687 546 3116 599 contrectabitur
3171 546 3408 601 venatio.
3472 546 3591 601 γυι.
3636 563 3745 600 non

2168 628 2385 682 recedet
2426 643 2455 682 a
2498 638 2550 683 te
2584 633 2793 701 rapina.

2237 719 2289 773 5.
2327 717 2489 774 llebr.
2551 722 2850 793 impingent
2906 727 2959 779 in
3011 741 3238 796 corpora
3297 741 3510 781 eorum.
3566 726 3623 780 S.
3691 737 3745 782 et

2169 807 2454 864 oll‘endnnt
2478 809 2532 863 in
2562 814 2921 871 cadaveribus
2965 827 3325 871 mortuorum.
3377 814 3539 881 LXX,
3575 827 3628 871 et
3660 820 3747 870 in-

2167 898 2525 954 tlrmabuntur
2560 901 2612 955 in
2647 906 2968 973 corporibus
2991 920 3201 961 eorum.
3238 905 3362 961 Vul.
3402 914 3456 960 et
3484 916 3744 961 corruent
3774 902 3778 906 Α

2165 989 2220 1042 in
2253 991 2575 1059 corporibus
2622 994 2756 1048 suis.

2235 1078 2290 1131 4.
2325 1079 2458 1133 lleb.
2492 1090 2736 1149 patrona:
2769 1085 3181 1140 maleﬁciorum.
3202 1088 3268 1139 Α.
3305 1086 3361 1139 S.
3392 1086 3597 1141 habens
3623 1102 3740 1140 Ina-

2161 1170 2356 1227 leiicia.
2416 1171 2582 1240 LXX,
2653 1175 2763 1230 dux
2827 1177 3240 1233 maleﬁciorum.
3300 1176 3422 1232 Vel.
3485 1178 3738 1234 habentis

2162 1261 2450 1315 maleﬁcia.

2236 1347 2287 1400 7.
2321 1350 2455 1403 Heb.
2494 1350 2561 1405 Et
2586 1354 2690 1407 erit
2716 1355 2894 1410 omnis
2923 1357 3017 1424 qui
3052 1355 3248 1411 viderit
3283 1367 3335 1412 te
3387 1358 3669 1428 vagabitur
3706 1375 3737 1412 a

2161 1445 2234 1501 te,
2260 1450 2313 1493 et
2341 1441 2501 1507 dicet,
2540 1442 2761 1500 Vastata
2788 1455 2870 1503 est
2898 1448 3108 1514 Ninive,
3159 1450 3284 1519 quis
3324 1451 3743 1506 condolehitei?

2161 1528 2218 1582 S.
2257 1530 2320 1583 Et
2353 1533 2535 1589 omnis
2566 1537 2660 1604 qui
2711 1536 2905 1592 viderit
2959 1547 3010 1593 te
3061 1541 3274 1594 recedet
3300 1557 3331 1595 a
3383 1551 3454 1606 te,
3487 1552 3539 1595 ct
3571 1542 3733 1606 dicet,

2161 1615 2432 1688 Dissipata
2457 1632 2542 1678 est
2572 1622 2786 1689 Ninive,
2815 1628 2940 1696 quis
2968 1630 3172 1697 lugebit
3201 1646 3323 1685 cum
3352 1632 3455 1686 ea?
3483 1631 3644 1701 LXX,
3671 1632 3737 1690 Et

473 1697 597 1763 erit,
625 1700 804 1755 omnis
827 1702 920 1771 qui
961 1702 1156 1757 viderit
1177 1710 1228 1755 te
1253 1703 1466 1758 recedet
1491 1720 1517 1759 a
1558 1714 1627 1767 te,
1666 1715 1719 1759 et
1765 1705 1927 1769 dicet,
1990 1705 2185 1763 Misera
2225 1708 2438 1779 Ninive,
2502 1715 2633 1784 quis
2669 1727 2847 1786 gemet
2890 1720 3047 1774 eam?
3104 1720 3228 1776 ναι.
3272 1731 3325 1778 et
3361 1724 3499 1778 erit:
3531 1697 3735 1791 omnis,

472 1791 566 1861 qui
593 1792 788 1848 viderit
819 1803 891 1858 te,
929 1796 1131 1851 resiliet
1157 1812 1186 1850 a
1212 1806 1281 1863 te,
1311 1799 1531 1854 etdicet
1561 1819 1572 1853 :
1608 1798 1828 1855 Vastata
1847 1809 1930 1856 est
1951 1799 2146 1857 Ninive
2177 1822 2188 1855 :
2233 1804 2357 1873 quis
2385 1813 2751 1867 eommovebit
2774 1828 2939 1884 super
2972 1826 3023 1869 te
3054 1817 3259 1886 caput?

468 1887 643 1966 vapn
682 1883 749 1937 l8
833 1885 915 1936 Ἀ.
943 1886 1003 1939 Σ,
1022 1886 1082 1938 Θ.
1106 1889 1134 1938 ὁ
1170 1890 1439 1956 συνάγων.
1457 1892 1533 1956 0',
1561 1891 1939 1963 ἐκδεχόμενος.

2231 1897 2319 1952 l8.
2354 1898 2490 1955 Heb.
2526 1903 2592 1960 Δ.
2637 1904 2694 1959 S.
2754 1905 2859 1961 Th.
2912 1907 3035 1963 Vul.
3064 1912 3157 1980 qui
3210 1921 3520 1981 congreget.
3568 1912 3735 1980 LXX,

2153 1987 2249 2054 qui
2283 1992 2572 2060 suscipiat.

1339 2090 1514 2150 Notae
1536 2096 1596 2150 et
1629 2090 1817 2151 variae
1864 2089 2175 2159 lectiones
2205 2099 2283 2160 ad
2312 2118 2448 2182 cep.
2484 2107 2573 2167 Ill
2606 2111 2876 2174 Nahum.

538 2179 601 2234 ν.
640 2181 694 2259 ι,
735 2184 1130 2259 Hieronymus:
1181 2207 1197 2238 ι
1239 2187 1338 2243 Ubi
1370 2206 1468 2246 nos
1509 2192 1792 2259 posuimus
1834 2192 2044 2243 lacera-

468 2250 608 2324 tione
631 2252 809 2324 plena,
844 2254 897 2308 in
930 2250 1157 2312 Hebraeo
1208 2259 1436 2312 habetur
1475 2250 1747 2316 P'HEREC
1785 2260 2038 2324 MALEA,

464 2321 609 2388 quod
649 2322 1035 2400 interpretatus
1063 2326 1266 2400 _cstA._.
1299 2327 1689 2399 ἐξαυχενισμοῦ
1725 2330 1959 2400 πλήρης,
2001 2321 2037 2381 i.

463 2404 539 2468 θ...
569 2394 983 2468 exercitatione
1019 2396 1197 2464 plena.
1234 2394 1599 2468 Symmachus
1626 2394 2039 2468 autem'anorof

465 2458 595 2524 μίας
617 2459 862 2534 πλήρης,
889 2458 1035 2534 quod
1067 2458 1358 2534 possumus
1386 2471 1586 2532 dicere,
1615 2470 1929 2523 crudelitate
1957 2467 2041 2523 vel

464 2527 950 2598 severitate'ptend.
990 2527 1255 2589 ln'altera
1287 2538 1407 2607 ejus
1433 2527 1670 2594 editione
1704 2540 1908 2608 reperi,
1944 2552 2041 2607 με-

2149 2196 2411 2288 λοκοπίας
2445 2207 2679 2288 πλήρης,
2706 2213 2741 2266 i.
2776 2229 2853 2288 e.,
2884 2218 3202 2271 sectionibus
3235 2218 3506 2283 carnium,
3534 2231 3581 2273 et
3611 2220 3731 2288 fm—

2148 2277 2257 2355 δεῖξ’
2275 2287 2368 2355 per
2388 2277 2902 2355 i‘ttemlu'a'_concisis.
2932 2303 2950 2336 ι

2218 2337 2357 2427 ξενία..
2387 2342 2468 2427 SA,
2505 2348 2594 2403 ubi
2625 2337 2920 2427 iudesinens
2944 2363 3052 2427 etc:
3076 2354 3459 2427 Hieronymus.

2218 2407 2282 2498 ἕ.
2409 2407 2496 2498 βζ,
2518 2429 2571 2498 ξι
2594 2420 2863 2498 agendum
2887 2434 2986 2498 etc.
3011 2407 3733 2498 :Drusiitsesi—llieronymo.

2222 2475 2286 2568 ξς.
2395 2475 2492 2568 ᾼῚ
2517 2485 2601 2568 8.,
2625 2475 2831 2568 habens
2856 2475 3153 2568 ninicﬁciai.‘

2224 2545 2285 2600 V.
2322 2551 2375 2604 7.
2405 2545 2488 2619 S.,
2525 2545 2787 2614 et'anmis
2824 2564 2916 2631 qui
2956 2545 3140 2618 uiderit
3168 2545 3689 2636 Ὴ-ἰέιῖοῆᾖηυς.

1537 2725 1644 2786 HA
1657 2723 1909 2787 BACUC
1963 2723 2221 2787 CAPUT
2266 2731 2605 2800 PRIMUM.

458 2845 645 2898 nm
681 2838 703 2894 ἰ
796 2841 879 2894 ’A.
905 2841 1080 2913 ἅρμα.
1113 2844 1173 2898 Σ.
1203 2846 1280 2911 0',
1303 2846 1367 2900 Θ.
1411 2847 1626 2919 λῆμμα.

458 2932 819 2992 ΕἺἎΣῊΝἾΒ
903 2935 2040 3003 ’Δ.Σ.Θ......Ο’,ῐδετεοὶκατα-

460 3022 728 3092 φρονηται
785 3024 1028 3091 Ἄλλος,
1057 3065 1072 3079 .
1103 3065 1118 3081 .
1148 3066 1163 3081 .
1191 3028 1450 3094 Ἀλλος,
1502 3070 1515 3083 .
1552 3072 1565 3084 .
1613 3073 1625 3084 .
1665 3071 1680 3084 .

456 3205 691 3259 amt-ta
720 3207 926 3261 utrm
960 3184 1034 3265 κθ
1066 3211 1279 3262 nam»:
1313 3190 1423 3269 ina
1457 3190 1654 3271 Bas-ia
1741 3209 1799 3263 Σ.
1843 3248 1857 3263 .
1901 3248 1914 3262 .
1959 3251 1972 3263 .
2017 3251 2031 3265 .

457 3293 537 3356 0',
560 3290 694 3347 διότι
719 3291 879 3365 ἔργον
909 3293 1019 3362 ἐγὼ
1039 3294 1345 3367 ἐργάζομαι
1369 3299 1428 3350 ὲν
1455 3300 1576 3362 ταῖς
1599 3300 1832 3369 ἡμέραις
1857 3299 2031 3369 ὑμῶν,

455 3379 489 3432 ὃ
507 3380 568 3435 ού
607 3382 683 3454 μὴ
702 3382 1031 3455 πιστεύσητε
1056 3385 1151 3438 ἐάν
1180 3402 1266 3449 τις
1305 3386 1643 3458 ἐκδιηγῆται.

452 3786 554 3851 NW
588 3784 766 3841 WW1
802 3787 1020 3851 W13
1050 3788 1204 3842 una:
1237 3788 1338 3840 N'lﬂ
1371 3779 1401 3833 7
1476 3781 1534 3835 Σ.
1560 3780 1719 3845 αὐτὸς
1741 3782 1918 3855 ἑαυτῷ
1950 3785 2027 3838 δι-

453 3870 633 3935 κάσει,
678 3871 774 3925 καὶ
824 3870 1000 3942 δόγμα
1030 3871 1091 3924 τὸ
1127 3871 1322 3926 ἑαυτοῦ
1370 3872 1801 3939 ἐπεξελεύσεται.
1838 3878 1914 3941 0',
1966 3876 2026 3940 ἐξ

454 3959 621 4015 αὐτοῦ
651 3961 712 4015 τὸ
739 3961 914 4034 κρίμα
943 3962 1106 4016 αύτοῦ
1135 3962 1307 4032 ἔσται,
1335 3964 1518 4018 καὶτὸ
1547 3964 1740 4035 λῆμμα
1774 3966 1938 4019 αὐτοῦ
1964 3965 2024 4037 ἐξ

451 4049 615 4103 αὐτοῦ
655 4051 1017 4118 ἐξελεύσεται.

457 4254 632 4312 rma
666 4256 801 4312 nam
836 4248 870 4304 8
941 4250 1003 4304 Σ.
1027 4291 1043 4305 .
1073 4290 1091 4306 .
1132 4289 1152 4306 .
1185 4291 1201 4307 .
1235 4291 1253 4308 .
1280 4248 1361 4317 0',
1408 4251 1500 4307 καὶ
1535 4249 1926 4317 ὲειππὰσονται
1974 4252 2025 4309 οι

454 4339 643 4404 tenet;
672 4340 858 4396 αὐτοῦ.
1258 4376 1281 4395 Α

443 4545 563 4598 ππ
599 4542 779 4594 tam
860 4536 944 4588 Ἀ.
991 4537 1144 4606 παρὰ
1191 4538 1488 4608 παρδάλεις
1528 4539 1628 4610 τῆς
1653 4540 1915 4611 ἑσπέρας.
1945 4542 2020 4605 0',

451 4622 592 4693 ὑπὲρ
619 4622 744 4686 τοὺς
772 4621 971 4687 λύκους
994 4624 1096 4693 τῆς
1140 4624 1421 4695 ’Δραόίας.

447 4804 570 4856 mm
604 4780 769 4858 pm‘)
802 4779 905 4858 Πίου
941 4796 975 4852 9
1045 4798 1104 4853 Σ.
1161 4797 1338 4854 πάντα
1379 4801 1460 4863 εἰς
1520 4800 1830 4870 πλεονεξίαν
1876 4805 2015 4878 ἥξει.

443 4888 524 4952 ιγ,
565 4887 845 4942 συντέλεια
865 4890 946 4952 εἰς
971 4888 1189 4954 ἀσεϐεῖς
1223 4890 1363 4960 ἥξει.

442 5069 626 5148 mn]:
658 5070 829 5124 unus
873 5073 1047 5126 man:
1115 5067 1173 5121 Σ.
1210 5069 1242 5139 ἡ
1297 5070 1561 5142 πρόσοψις
1587 5072 1681 5127 τοῦ
1723 5076 2013 5148 προσώπου

443 5150 624 5206 αὐτῶν
649 5152 848 5223 ἄνεμος
872 5155 1110 5210 καύσων.
1141 5157 1217 5223 Ο’,
1259 5159 1660 5233 ἀνθεστηκότας
1706 5167 2015 5237 προσώποις

441 5240 620 5295 αὐτῶν
642 5243 966 5311 ἐξεναντίας.

437 5427 601 5481 mm
640 5418 701 5474 Η
792 5421 873 5476 ’A.
913 5423 972 5477 Σ.
1005 5426 1101 5478 καὶ
1132 5426 1532 5501 πλημμελήσει.
1573 5435 1651 5498 0',
1697 5435 1790 5487 καὶ
1832 5435 2011 5501 ἐξιλά-

438 5527 610 5567 σεται.

435 5603 613 5655 me:
648 5577 753 5657 δι’)
785 5603 939 5690 ξωτρ
972 5582 1104 5659 m‘m
1140 5609 1296 5663 nam
1342 5614 1513 5690 εει-φη
1546 5617 1669 5668 una
1705 5594 1837 5673 αὕτη
1874 5612 1943 5667 ta

434 5691 592 5744 ’ππ-εον
629 5670 820 5746 maria
850 5670 1172 5751 nisime
1219 5670 1443 5758 τοιαύτας
1491 5706 1612 5758 πει-ι’
1698 5670 1833 5761 Ἃ..
1878 5747 1895 5760 ,
1936 5746 1951 5759 .
1993 5747 2009 5764 .

497 5815 513 5829 .
559 5814 574 5828 .
620 5779 714 5831 καὶ
734 5779 954 5851 στερεὸν
980 5783 1061 5845 εἰς
1086 5783 1147 5835 τὸ
1166 5784 1412 5855 ἐλέγχειν
1434 5788 1804 5861 ἐθεμελίωσας
1824 5797 2005 5852 αὐτόν.

437 5866 2008 5960 Σ........εῑςτὺκρίνειν......καὶκρα-

2216 2857 2266 2911 Ι.
2302 2858 2433 2916 lleb.
2472 2865 2538 2917 A.
2578 2862 2701 2919 Vul.
2725 2882 2884 2924 onus.
2917 2870 2972 2921 S.
3001 2869 3162 2936 LXX,
3192 2870 3291 2925 Th.
3324 2871 3639 2941 assumptio.

2213 2951 2265 3005 5.
2300 2950 2431 3008 lleb.
2468 2955 2648 3011 videte
2676 2958 2728 3010 in
2764 2960 3038 3027 gentibus.
3063 2962 3128 3015 A.
3173 2960 3230 3015 S.
3281 2961 3383 3017 τι..
3428 2961 3549 3018 Vul.
3573 2967 3719 3037 aSpio

2139 3042 2246 3097 cite
2272 3043 2324 3097 in
2356 3046 2630 3114 gentibus.
2667 3047 2831 3116 LXX,
2863 3052 3043 3107 videte
3089 3065 3511 3124 contemptores.
3543 3056 3715 3121 Atius.

2137 3134 2392 3191 videbitis
2412 3138 2859 3195 calumniatores.
2878 3142 3027 3196 Alius
3047 3184 3061 3208 ,
3087 3144 3341 3200 videbitis
3359 3147 3716 3202 declinantes.

2207 3221 2274 3276 Η.
2329 3223 2468 3289 Quia
2509 3241 2646 3295 opus
2693 3242 2929 3297 operans
2970 3229 3023 3283 in
3090 3231 3282 3286 diebus
3332 3233 3551 3293 vestris,
3602 3248 3713 3285 non

2136 3314 2360 3369 creditis
2387 3331 2512 3371 eum
2546 3320 2886 3374 narrabitur.
2927 3320 2983 3374 S.
3014 3321 3141 3391 quia
3171 3338 3305 3392 opus
3327 3321 3413 3375 ﬁet
3436 3322 3489 3374 in
3520 3322 3713 3377 diebus

2132 3406 2347 3472 vestris,
2378 3409 2523 3477 quod
2551 3425 2710 3465 nemo
2731 3413 2916 3467 credet
2936 3428 3058 3467 cum
3083 3412 3709 3484 narrabitur.LXX,quia

2132 3508 2271 3563 opus
2288 3510 2388 3565 ego
2412 3512 2608 3566 operor
2631 3499 2683 3553 in
2712 3500 2905 3555 diebus
2931 3504 3131 3557 vestris
3155 3504 3298 3573 quod
3329 3519 3435 3557 non
3456 3504 3712 3568 credetis,

2131 3587 2177 3640 si
2207 3587 2330 3655 quis
2383 3590 2706 3643 narraverit.
2750 3589 2873 3645 Vul.
2915 3593 3042 3662 quia
3108 3609 3246 3664 opus
3279 3594 3479 3650 factum
3516 3606 3600 3650 est
3657 3597 3710 3650 in

2128 3674 2321 3731 diebus
2356 3679 2574 3742 vestris,
2607 3680 2753 3749 quod
2795 3698 2957 3737 nemo
2989 3684 3172 3739 credet
3201 3700 3322 3741 eum
3379 3687 3711 3741 narrabitur.

2163 3787 2214 3840 7.
2252 3786 2383 3844 lleb.
2419 3789 2535 3859 Ipsa
2566 3810 2631 3848 ex
2660 3793 2837 3863 seipsa
2871 3793 3135 3863 judicium
3187 3797 3325 3865 ejus,
3363 3806 3415 3851 et
3454 3797 3710 3853 exaltatio

2126 3876 2243 3947 ejus
2277 3882 2603 3949 egredietur.
2631 3883 2689 3937 S.
2718 3881 2837 3952 lpsa
2868 3883 3265 3954 sibijudicabit,
3296 3898 3348 3941 et
3376 3887 3593 3941 decreto
3609 3903 3709 3941 suo

2124 3968 2450 4037 egredietur.
2497 3971 2663 4040 LXX,
2720 3992 2783 4031 cx
2828 3978 2944 4048 ipsa
2993 3977 3258 4047 judicium
3320 3977 3441 4045 ejus
3484 3979 3605 4041 erit,
3652 3988 3708 4032 et

2125 4063 2429 4131 assumptio
2469 4065 2590 4134 ejus
2616 4081 2681 4120 ex
2706 4082 2765 4123 se
2794 4069 3117 4139 egredietur.
3150 4067 3270 4123 Vul.
3302 4067 3377 4123 Ex
3416 4070 3706 4137 semetipsa

2123 4151 2411 4221 judicium,
2429 4165 2484 4210 et
2519 4171 2660 4212 onus
2686 4158 2804 4227 ejus
2821 4161 3145 4231 egredietur.

2195 4242 2248 4297 8.
2281 4243 2349 4297 ll.
2382 4255 2436 4298 et
2457 4244 2562 4300 late
2589 4249 2850 4315 patebunt
2880 4252 3090 4320 equites
3120 4251 3254 4320 ejus.
3276 4249 3332 4304 S.
3364 4250 3706 4306 eil‘undentur

2126 4333 2341 4401 equites
2368 4332 2510 4402 ejus.
2528 4333 2691 4401 LXX,
2715 4345 2768 4390 et
2797 4339 3120 4407 equitabunt
3151 4339 3362 4409 equites
3392 4339 3529 4416 ejus.
3576 4337 3702 4395 ναι.

2125 4432 2179 4479 et
2225 4424 2597 4480 diﬂundentur
2629 4428 2840 4497 equites
2871 4429 3009 4497 ejus.

2196 4512 2362 4568 Hebr.
2389 4530 2496 4583 pra:
2527 4514 2670 4584 lupis
2699 4531 2956 4585 vesperae.
2993 4518 3055 4572 A.
3089 4534 3197 4589 prtr
3224 4518 3408 4591 pardis
3438 4533 3697 4588 vesperae.

2124 4603 2291 4671 LXX,
2392 4606 2535 4676 lupis
2611 4608 2846 4663 Arabian
2925 4609 3047 4666 Yul.
3144 4610 3491 4682 (velociores)
3556 4612 3698 4680 lupis

2125 4698 2473 4768 vespertinis.

2191 4791 2247 4845 9.
2281 4790 2345 4844 ll.
2382 4801 2488 4845 tota
2523 4792 2637 4862 ipsa
2671 4792 2737 4847 ad
2793 4795 3037 4862 rapinam
3076 4793 3269 4849 veniet.
3332 4793 3390 4849 ὃ.
3428 4795 3607 4849 omnia
3642 4795 3694 4850 in

2120 4883 2406 4938 avaritiam
2466 4885 2705 4941 venient.
2758 4884 2921 4949 LXX,
2954 4885 3355 4943 consummatio
3394 4885 3448 4941 in
3500 4885 3697 4959 impios

2120 4975 2322 5029 veniet.
2355 4972 2477 5029 Vul.
2512 4991 2703 5031 omnes
2731 4975 2799 5030 ad
2834 4977 3070 5045 praedam
3104 4978 3340 5030 venient.

2194 5064 2331 5120 Heb.
2377 5068 2649 5136 oppositio
2682 5068 2944 5127 facierum
2981 5083 3169 5123 eorum
3206 5071 3272 5123 ad
3311 5068 3594 5123 orientem.
3633 5066 3691 5122 S.

2121 5162 2374 5225 aspectus
2408 5157 2587 5212 vultus
2646 5171 2839 5211 eorum
2880 5167 3080 5214 ventus
3126 5174 3310 5213 urens.
3355 5157 3517 5222 LXX,
3559 5164 3695 5213 resi-

2121 5256 2327 5301 stentes
2348 5246 2591 5303 {aciebus
2624 5250 2865 5319 ipsorum
2932 5265 2997 5305 ex
3058 5251 3308 5308 adverso.
3347 5251 3468 5307 Vul.
3524 5251 3689 5306 facies

2117 5354 2305 5393 eorum
2331 5351 2528 5396 νειιιυδ
2564 5356 2746 5396 urens.

2186 5432 2274 5486 Η.
2299 5431 2465 5488 Hebr.
2497 5436 2565 5489 Δ.
2593 5433 2653 5488 S.
2688 5443 2742 5489 et
2767 5434 3067 5506 delinquat.
3104 5436 3268 5504 LXX,
3292 5448 3345 5495 et
3371 5438 3691 5510 propitiabi-

2118 5533 2222 5579 tur.
2255 5522 2381 5579 ναι.
2411 5536 2466 5580 et
2495 5536 2732 5582 corruet.

2189 5617 2276 5670 12.
2309 5615 2375 5670 Η.
2418 5616 2611 5672 Nonne
2635 5627 2691 5672 tu
2714 5633 2744 5673 a
2778 5620 3049 5690 principio
3070 5620 3338 5677 Dominus
3375 5621 3519 5678 Deus
3535 5638 3689 5680 meus

2117 5719 2342 5764 sanctus
2383 5711 2582 5765 meus?
2642 5726 2750 5766 non
2806 5714 3128 5780 moriemur,
3166 5713 3420 5779 Domine,
3450 5714 3513 5768 ad
3543 5713 3689 5782 judi-

2112 5801 2259 5855 cium
2294 5801 2523 5869 posuisti
2553 5815 2704 5871 eum,
2739 5812 2790 5859 et
2825 5812 3036 5874 petram
3056 5806 3126 5861 ad
3156 5805 3544 5873 increpandum
3569 5803 3687 5858 fun-

2112 5891 2250 5950 dasti
2284 5906 2433 5951 eum.
2642 5895 2934 5975 etﬁrmum
2959 5897 3026 5956 ad
3068 5897 3408 5970 urguendum
3438 5894 3682 5954 fundasti
