4080 6420
336 314 476 386 2983

331 446 482 501 ταιὺν
511 444 591 506 et;
620 443 679 496 τὸ
709 443 949 512 ἐλέγχειν
978 441 1218 511 ἔστησας
1248 439 1428 492 αὐτόν.
1471 443 1545 504 0',
1575 442 1692 510 οὐχὶ
1727 442 1790 494 σὺ
1820 441 1913 493 ἀπ’

332 534 525 605 ἀρχῆς,
552 533 725 603 Κύριε
755 517 936 593 ὁΘεὸς
975 532 1002 581 ὁ
1037 529 1195 598 ἅγιός
1225 546 1324 598 μου
1355 546 1368 593 ;
1401 531 1494 582 καὶ
1515 529 1574 582 οὑ
1613 528 1688 602 μὴ
1713 529 1917 582 ἀποθά-

333 641 531 695 νωμεν,
566 622 760 694 Κύριε,
802 623 880 683 εἰς
906 620 1080 690 κρίμα
1108 621 1347 688 τέταχας
1397 608 1549 685 esse,
1593 620 1686 676 καὶ
1720 619 1918 674 ἔπλασέ

337 734 404 786 με
435 713 529 767 τοῦ
564 713 810 782 ἐλέγχειν
839 711 1086 764 παιδείαν
1119 711 1313 764 αὑτοῦ.

337 811 481 863 tuine
503 807 647 862 Deus
676 805 1138 860 sanctemeus?et
1181 819 1288 860 non
1330 803 1628 858 moriemur
1669 821 1680 856 :
1716 803 1961 867 Domine,
2007 805 2060 857 in
2117 805 2383 872 judicium
2434 809 2662 878 pnsuisti
2703 809 2878 878 ipsum

1567 321 1887 378 HABACUC
1927 322 2150 376 CAPUT
2187 326 2249 378 ll.

3462 325 3602 384 2386

2022 456 2164 496 eum.
2188 444 2243 498 S.
2267 444 2454 506 Nonne
2483 458 2536 502 tu
2575 465 2602 501 a
2633 449 2926 520 principio,
2965 447 3206 514 Domine,
3252 445 3391 500 Deus
3421 460 3597 508 meus,

2027 543 2212 588 sancte
2252 551 2425 600 meus,
2491 549 2548 591 ut
2584 554 2690 592 non
2718 537 3332 592 moreremur?Domine
3365 535 3428 590 ad
3451 534 3600 609 judi-

2031 621 2264 676 candum
2308 626 2538 694 posuisti
2565 642 2712 690 eum,
2753 636 2804 680 et
2844 626 3038 680 fortem
3082 627 3149 682 ad
3193 624 3600 694 corripiendum

2033 714 2360 768 constituisti
2396 732 2540 771 cum.
2570 715 2732 780 LXX,
2764 715 2951 771 Nonne
3001 726 3054 770 tu
3099 731 3130 773 a
3164 715 3451 784 principio,
3491 712 3603 766 Do-

2920 826 2930 859 :
2990 817 3044 863 et
3101 808 3388 876 plasmavit
3420 822 3505 861 me
3545 815 3605 860 ut

335 917 561 976 arguam
618 899 963 968 disciplinam
1013 899 1155 968 ejus.
1184 897 1310 952 ναι.
1362 896 1638 965 Numquid
1673 912 1780 951 non
1806 905 1862 950 tu
1895 913 1924 951 a
1964 900 2252 970 principio,
2283 902 2508 958 Domine
2571 902 2714 958 Deus
2753 919 2927 966 meus,
2980 903 3181 970 Sancte
3207 917 3384 973 meus,
3415 912 3467 956 et
3492 917 3602 955 non

337 993 680 1049 moriemur?
722 991 952 1044 Domine
987 991 1040 1044 in
1074 991 1343 1060 judicium
1397 990 1629 1058 posuisti
1681 1004 1832 1044 eum:
1870 1000 1922 1044 et
1949 990 2141 1046 fortem
2178 1003 2236 1047 ut
2274 994 2602 1064 corriperes,
2634 994 2870 1049 fundasti
2919 1010 3066 1049 eum.

334 1095 486 1145 um
515 1094 649 1164 pm:
685 1093 814 1148 iam
848 1067 993 1146 u’m
1027 1091 1224 1142 tus-ann
1264 1083 1329 1136 ιδ
1420 1083 1499 1135 Ἀ.
1544 1083 1602 1135 Σ.
1649 1082 1712 1135 Θ.
1753 1099 1926 1153 παρα-

341 1178 551 1248 σιωπᾷς
579 1176 969 1240 καταπίνοντος
1006 1174 1236 1239 ἀσεϐοῦς
1252 1175 1343 1227 τὸν
1359 1174 1701 1246 δικαιότερον
1733 1171 1922 1226 αὑτοῦ.

339 1267 415 1332 0⁸,
441 1266 844 1336 παρασιωπήσῃ
867 1266 922 1316 ὲν
944 1262 1019 1333 τῷ
1038 1263 1356 1318 καταπίνειν
1379 1263 1556 1328 ἀσεόἧ
1585 1262 1674 1313 τὸν
1691 1261 1920 1314 δίκαιον.

2106 1084 2190 1139 15.
2226 1083 2291 1138 Il.
2331 1084 2559 1140 Tacebis
2599 1087 2650 1140 in
2680 1087 3026 1157 deglntiendo
3068 1085 3235 1156 impio
3265 1086 3472 1154 justum
3493 1101 3603 1156 pra

2034 1189 2109 1228 se.
2143 1173 2205 1226 Α.
2243 1174 2299 1228 S.
2329 1174 2430 1230 Th.
2461 1174 2585 1230 Vul.
2615 1176 2787 1231 Taces
2811 1177 3295 1245 devoranteimpio
3316 1175 3602 1254 justiorcm

2033 1279 2110 1320 se.
2138 1263 2298 1331 LXX,
2331 1265 2560 1324 Tacebis
2600 1267 2731 1322 dum
2765 1269 2965 1337 impius
2993 1267 3216 1322 devorat
3238 1267 3467 1336 justum.

1203 1383 1379 1442 Notw
1411 1389 1470 1441 et
1503 1380 1698 1446 variae
1736 1378 2044 1441 lectiones
2090 1379 2164 1440 ad
2201 1397 2336 1459 cap.
2376 1383 2398 1442 l
2435 1383 2754 1444 Habacuc.

411 1506 476 1560 V.
511 1507 561 1560 l.
597 1505 1050 1575 Hieronymusin
1098 1503 1370 1575 Prologo:
1407 1519 1425 1552 ι
1467 1501 1632 1564 LXX,
1668 1501 1751 1565 S.,
1795 1501 1921 1575 Th.,

339 1575 554 1699 ἒῆιῖιμα.
587 1576 676 1641 A.,
716 1572 941 1643 pondus,
977 1574 1014 1628 i.
1046 1588 1119 1639 e.,
1145 1572 1342 1643 ἄρμα.,
1375 1590 1392 1622 ι
1432 1581 1491 1626 ιιι
1529 1587 1694 1642 supra
1736 1587 1856 1641 cap.
1895 1574 1921 1627 1

389 1662 420 1699 3
445 1661 554 1697 llllll

389 1661 457 1699 an
467 1662 496 1697 ll
507 1661 554 1697 Ill

414 1713 478 1766 ν.
506 1715 558 1768 5.
594 1713 814 1780 Hieron.
847 1733 859 1767 :
904 1733 919 1764 ι
960 1712 1062 1768 Ubi
1113 1711 1167 1765 in
1215 1711 1480 1765 Hebraico
1539 1711 1805 1780 scriptum
1842 1721 1925 1764 est

341 1781 485 1838 ΒΑΗ
528 1777 830 1839 BACGOIM
861 1824 874 1840 .
929 1791 982 1836 et
1017 1796 1117 1835 nos
1170 1781 1569 1844 transtulimus,
1619 1777 1840 1846 aspicite
1865 1781 1923 1834 in

343 1854 604 1924 gentibus,
652 1863 704 1907 et
756 1851 895 1905 LXX
922 1859 1262 1924 posuerunt,
1300 1849 1503 1924 _Videte
1555 1860 1921 1924 contemtores,

344 1919 569 1992 excepto
604 1925 798 1992 Aquila
830 1919 972 1992 etS.
1005 1931 1056 1974 et
1081 1920 1311 1992 Th.»_qui
1355 1935 1477 1992 cum
1513 1930 1698 1992 nostra
1753 1919 1924 1992 inter-

347 1989 644 2061 pretatione
669 1989 1025 2053 concordant,
1061 1993 1114 2042 in
1155 1990 1258 2041 alia
1296 1990 1528 2061 quadam
1561 1990 1803 2061 editione
1829 1989 1929 2061 ha-

349 2058 524 2127 hetur,
579 2062 820 2117 videbitis
869 2058 1322 2120 calumniatores,
1374 2067 1428 2110 et
1482 2058 1534 2109 in
1572 2058 1676 2112 alia
1728 2059 1930 2128 pariter

347 2133 551 2201 absque
573 2134 813 2186 auctoris
844 2131 1022 2201 titulo,
1057 2129 1298 2201 videbitis
1338 2127 1686 2182 declinantes.
1729 2127 1747 2179 δ

423 2197 482 2255 γ.
512 2202 563 2255 6.
600 2202 821 2254 Iiieron.
862 2217 874 2251 :
924 2219 941 2249 ι
987 2199 1475 2269 Symmachuspro
1505 2212 1574 2250 eo
1614 2197 1760 2268 quod
1793 2197 1933 2252 dixi-

350 2287 490 2333 mus,
523 2273 648 2340 quia
691 2286 821 2338 opus
854 2267 1055 2337 factum
1089 2276 1166 2340 est
1206 2269 1265 2340 in
1300 2267 1489 2340 diebus
1525 2271 1731 2332 vestris,
1767 2270 1934 2320 inter-

351 2337 589 2462 pretzlnus
627 2337 731 2406 est,
772 2341 897 2408 quia
921 2354 1050 2407 opus
1090 2339 1176 2405 ﬁet
1198 2338 1252 2388 in
1275 2337 1460 2389 diebus
1484 2340 1670 2391 vestris
1697 2357 1713 2391 :
1741 2347 1934 2393 ett-tera

351 2426 470 2462 sum
501 2419 617 2462 Iter.
653 2429 672 2460 ι

349 2413 617 2464 similiter.
653 2429 672 2460 ι

424 2478 483 2531 ν.
514 2479 566 2551 ἶ.
597 2480 680 2541 Σ..
708 2481 894 2544 αὐτὸς.
923 2481 1103 2551 ἑαυτῷ
1143 2490 1246 2537 etc.
1291 2481 1720 2551 Theodoretus._
1753 2475 1932 2551 Codex

351 2547 847 2623 lelo‘ﬂeg._l}al.rct
899 2547 1111 2604 ἑαυτόν.
1164 2551 1567 2623 Hieronymus:
1633 2547 1770 2610 «8.,
1823 2547 1935 2615 ipsa

352 2617 450 2670 sibi
471 2618 757 2685 judicabit,
792 2629 842 2673 et
873 2623 1081 2674 decreto
1121 2637 1215 2676 suo
1247 2617 1563 2692 egredietur.
1601 2637 1617 2669 ι

2104 1501 2168 1572 Y.
2205 1503 2256 1558 8.
2301 1502 2383 1567 S.,
2423 1505 2757 1572 eﬁ‘undentur
2781 1506 2974 1572 equites
2994 1504 3129 1571 ejus.
3169 1504 3387 1558 Hieron.

2104 1571 2237 1642 ibid.
2287 1573 2388 1637 Ἃ..
2415 1571 2564 1642 παρὰ
2599 1574 2759 1642 παρδ.
2794 1571 3141 1626 Barberinus.

2108 1641 2167 1696 V.
2201 1644 2252 1695 9.
2313 1643 2412 1713 Σ..
2428 1641 2605 1696 πάντα
2642 1641 2722 1706 sic;
2771 1643 3086 1706 πλεονεξίαν
3119 1645 3254 1713 ἦξει.
3295 1643 3607 1700 Thcodoro~

2033 1720 2121 1766 tus
2154 1721 2204 1765 ct
2236 1713 2358 1766 cod.
2393 1712 2526 1780 Reg.

2101 1780 2237 1853 ibid.
2271 1783 2352 1853 Σ..
2390 1784 2422 1852 ἡ
2453 1781 2716 1853 πρόσοψις
2742 1781 3059 1853 οιαγΙίἀρητ.

2105 1851 2166 1923 V_.
2205 1852 2290 1923 Η.
2335 1851 2439 1917 'A.,
2465 1851 2578 1923 Δ-δὶαὶ
2631 1852 3034 1920 πλημμελήςει.
3092 1851 3475 1923 Hieronymus.
3513 1853 3605 1923 qui

2029 1920 2112 1975 sic
2142 1921 2337 1974 habet:
2373 1940 2390 1972 ι
2454 1920 2516 1976 Et
2550 1932 2731 1988 postea
2761 1931 2967 1976 corruet
2998 1938 3015 1974 :
3068 1937 3164 1988 pro
3195 1920 3312 1990 quo'
3342 1921 3406 1974 Α.
3455 1933 3507 1984 et
3545 1920 3603 1975 S.

2030 1992 2430 2060 transtulerunt
2454 1991 2550 2042 καὶ
2595 1991 3007 2060 πλημμελήσει,
3047 1993 3080 2044 i.
3123 2007 3199 2050 e.,
3229 2000 3277 2042 et
3307 1991 3608 2060 delinquct,‘

2034 2059 2175 2127 hanc
2204 2060 2438 2113 habente
2487 2059 2768 2127 Scriptura
2799 2059 2987 2114 sancta
3033 2061 3503 2125 consuetudinem,
3551 2069 3612 2114 ut

2035 2126 2288 2206 YASAM,
2311 2130 2346 2182 i.
2384 2144 2434 2183 e.
2464 2126 2750 2206 delinquet,
2783 2140 2950 2199 ponat
2980 2145 3076 2200 pro
3111 2145 3175 2183 eo
3214 2129 3357 2199 quod
3389 2139 3493 2193 est,
3517 2128 3610 2183 de-

2032 2200 2165 2266 sinet
2196 2215 2304 2252 esse
2333 2199 2478 2266 quod
2515 2198 2708 2252 fuerat.
2749 2218 2766 2254 ο

2108 2265 2170 2320 ν.
2219 2268 2304 2320 12.
2345 2265 2425 2330 S.,
2487 2267 2677 2322 Nonne
2733 2279 2788 2326 tu
2840 2286 2871 2321 (ι
2923 2269 3184 2337 principio
3238 2278 3342 2323 etc.
3386 2268 3605 2330 Hieron.

2034 2334 2219 2391 Grtera
2250 2353 2375 2392 vero
2407 2338 2614 2408 Aquila:
2641 2347 2694 2391 et
2721 2334 3030 2408 Symmachi
3068 2334 3131 2392 ex
3165 2337 3458 2402 Eat'bei'iuo
3488 2353 3612 2401 mu-

2037 2418 2276 2460 tuamur.

2111 2475 2171 2530 V.
2205 2479 2291 2548 l3.
2339 2478 2443 2538 ‘A.,
2470 2477 2549 2540 Σ..
2583 2476 2670 2541 0.,
2707 2479 3070 2548 παρασιωπᾷς
3104 2487 3206 2532 etc.
3237 2476 3634 2532 Theodoretus.

2036 2558 2089 2601 et
2121 2562 2221 2600 ms.
2264 2547 2421 2621 ιίοε.-
2792 2547 2796 2548 ⁷
3019 2547 3053 2551 “”

1571 2827 1940 2890 HABACUC
2000 2828 2256 2890 CAPUT
2303 2826 2384 2887 ll.

351 2955 528 3007 nim“
581 2929 837 3011 Ἥλιε-δν
886 2956 1132 3007 mmet
1176 2959 1376 3013 manu
1433 2933 1798 3014 mam-Su
1839 2949 1860 3004 t

356 3023 663 3102 mnam-‘73?
697 3046 849 3098 mth
885 3050 995 3098 nm
1034 3048 1392 3100 urant-nn
1429 3027 1606 3101 Πικηὸ
1655 3042 1713 3094 Σ.
1759 3081 1773 3094 .
1817 3081 1828 3095 .
1865 3081 1878 3094 .
1921 3081 1934 3094 .

416 3169 430 3184 .
476 3171 491 3185 .
535 3168 550 3184 .
595 3170 608 3184 .
654 3169 669 3185 .
702 3135 780 3196 θ’,
811 3133 905 3184 ἐπὶ
934 3133 1031 3202 τῆς
1068 3132 1310 3203 φυλακῆς
1347 3151 1448 3203 μου
1499 3134 1808 3204 στήσομαι,
1843 3133 1940 3183 καὶ

2121 2950 2170 3002 i.
2196 2946 2327 3001 Heh.
2357 2945 2530 3014 Super
2563 2944 2866 2999 custodiam
2913 2958 3087 2997 meam
3145 2940 3320 3003 stabo,
3352 2945 3405 2992 et
3434 2937 3616 2994 subsi-

2049 3049 2191 3094 stam
2226 3052 2391 3106 super
2414 3035 2796 3102 munitionem,
2827 3043 2880 3088 et
2903 3031 3310 3100 contemplabor
3331 3028 3396 3082 ad
3432 3027 3617 3082 viden-

2045 3129 2172 3184 dum
2204 3126 2333 3196 quid
2365 3126 2621 3193 loquatur
2653 3125 2707 3177 in
2743 3138 2849 3187 me,
2887 3133 2940 3177 et
2968 3119 3098 3192 quid
3138 3117 3494 3187 respondeam
3523 3131 3618 3170 su-

353 3222 684 3294 ὲττιῦήσομαι
733 3224 826 3277 ἐπὶ
872 3224 1099 3296 πέτραν,
1131 3227 1225 3280 καὶ
1251 3226 1650 3280 ἁποσκοπεύσω
1677 3223 1768 3278 τοῦ
1811 3222 1938 3276 ἰδεῖν

2045 3232 2142 3286 per
2169 3213 2543 3284 increpatione
2587 3227 2728 3267 mea.
2770 3209 2827 3265 S.
2885 3210 3053 3277 Quasi
3081 3220 3268 3264 custos
3299 3220 3462 3275 super
3497 3219 3619 3273 spe-

354 3315 406 3370 εει
434 3316 657 3386 λαλήσει
690 3320 748 3372 ὲν
782 3318 926 3386 ἐμοὶ,
953 3295 1046 3371 διαὶ
1075 3317 1127 3370 τί
1150 3319 1438 3391 ἀποκριθῶ
1465 3320 1555 3373 ἐπὶ
1595 3319 1685 3370 τὸν
1717 3313 1938 3384 ἔλεγχον

2047 3310 2226 3364 culam
2244 3307 2420 3371 stabo,
2442 3315 2496 3361 et
2529 3306 2686 3361 stabo
2721 3305 2866 3359 velut
2897 3304 3161 3364 inclusus,
3200 3311 3254 3355 et
3283 3295 3635 3366 contemplat

359 3430 484 3482 μου.
2047 3399 2145 3453 bor
2169 3397 2448 3452 utvideam
2465 3395 2596 3464 quid
2616 3396 2826 3450 dicatur
2845 3394 3000 3458 mihi,
3018 3401 3071 3446 et
3092 3393 3218 3462 quid
3238 3391 3617 3459 respondeam.

356 3479 409 3558 et
462 3502 830 3558 contradicam
885 3500 1176 3556 adversum
1238 3509 1555 3572 arguentem
1606 3511 1713 3552 me.
1769 3490 1932 3558 LXX,
2008 3487 2184 3558 Super
2227 3486 2532 3544 custodiam
2579 3498 2754 3542 meam
2810 3483 2988 3543 stabo,
3019 3492 3074 3536 et
3132 3479 3421 3534 ascendam
3456 3495 3620 3548 super

359 3607 588 3670 petram,
613 3606 664 3652 et
691 3597 1098 3665 contemplabor
1125 3595 1192 3649 ad
1215 3595 1507 3660 videndum
1565 3592 1696 3662 quid
1748 3590 2004 3657 loquetur
2043 3581 2202 3648 mihi,
2229 3579 2432 3650 etquid
2457 3578 2813 3649 respondeam
2853 3577 2919 3630 ad
2971 3575 3370 3644 correptionem
3418 3588 3633 3626 meam..

362 3663 485 3745 -Vul.
516 3692 691 3760 Super
716 3663 1023 3746 custodiam
1045 3703 1222 3742 meam
1245 3687 1424 3753 stabo,
1455 3695 1509 3741 et
1531 3687 1690 3756 ﬁgam
1762 3680 1987 3752 gradum
2028 3690 2193 3746 super
2244 3673 2605 3728 munitionem
2645 3689 2658 3727 :
2697 3679 2752 3726 et
2794 3667 3236 3738 contemplabor,
3293 3673 3350 3720 ut
3406 3663 3641 3720 videam.

365 3782 496 3852 quid
533 3782 749 3837 dicatur
784 3779 940 3846 mihi,
966 3787 1021 3834 et
1051 3779 1180 3850 quid
1212 3779 1566 3846 respondeam
1598 3778 1664 3832 ad
1714 3779 2030 3842 arguentem
2065 3783 2173 3821 me.

362 3883 512 3933 ’Ἥκω
596 3875 675 3926 'A.
713 3872 789 3926 E'.
829 3911 844 3925 .
882 3911 896 3925 .
930 3909 944 3925 .
972 3873 1031 3924 Σ.
1072 3911 1085 3924 .
1120 3913 1132 3925 .
1170 3909 1185 3924 .
1222 3911 1236 3924 .
1273 3871 1388 3934 .Ο’,
1426 3869 1632 3938 πέτραν
1681 3865 1842 3919 Θ..
1877 3902 1889 3915 .
1929 3897 1958 3912 ..ν

365 4064 477 4140 Im!
507 4054 543 4107 2
627 4053 706 4105 Ἀ.
732 4049 1134 4140 ὀραματισμόν.
1164 4049 1240 4113 0',
1283 4048 1494 4118 ὅρασιν.

365 4128 539 4205 ῨΠΗἏἾ
611 4144 670 4195 Σ.
700 4182 712 4194 .
752 4180 762 4193 .
803 4180 818 4195 .
847 4180 862 4193 .
895 4143 972 4204 Ο⁴,
1010 4138 1220 4203 πυξίον.

366 4241 494 4318 Vn?
584 4234 666 4286 Ἄ.
703 4233 760 4285 Σ.
793 4230 986 4303 τρέχῃ.
1015 4228 1091 4295 0',
1122 4229 1315 4301 διώκῃ.

369 4421 485 4472 ζιῖῖδν
527 4397 621 4471 διιπ
657 4412 691 4466 3
777 4412 854 4464 Ἀ.
888 4412 945 4465 Σ.
977 4409 1070 4464 καὶ
1102 4411 1162 4463 οὐ
1190 4409 1558 4479 διαψεύσεται.
1590 4407 1671 4474 0',
1710 4408 1803 4460 καὶ
1850 4408 1948 4460 οὐκ

371 4506 450 4566 εἰς
478 4503 653 4556 κενόν.

367 4601 509 4656 ama
549 4578 620 4652 με
652 4600 747 4653 unt
789 4600 956 4652 διγό
993 4576 1194 4651 πΒ-τιεη
1223 4601 1596 4652 amnt-um
1671 4590 1752 4652 Ἀ.
1773 4587 1866 4644 ἐὰν
1892 4588 1948 4642 δὲ

375 4685 634 4756 μελλήσῃ,
670 4683 964 4754 προσδέχου
1006 4683 1190 4745 αὑτὸν,
1232 4685 1314 4736 ὅτι
1346 4685 1644 4754 ἀρχόμενος
1684 4681 1804 4752 ἣξει
1839 4679 1945 4750 (al.

372 4776 672 4846 ἐλεύσεται)
711 4777 805 4829 καὶ
835 4777 894 4828 οὐ
920 4774 1189 4844 βραδυνεί.
1216 4775 1272 4827 Σ.
1311 4776 1762 4846 στραγγεύσεται.
1794 4810 1809 4827 .
1838 4811 1852 4826 .
1887 4812 1898 4824 .
1930 4809 1946 4826 .

377 4905 392 4918 .
435 4905 450 4918 .
490 4906 502 4918 .
549 4906 560 4918 .
590 4863 665 4931 0',
695 4865 788 4917 ἐὰν
821 4864 1095 4935 ὑστερήσῃ
1122 4862 1416 4932 ὑπόμεινον
1455 4863 1635 4928 αὑτὸν,
1667 4863 1748 4916 ὅτι
1786 4861 1942 4932 ἐρχό-

384 4974 543 5025 μενος
567 4956 706 5028 seu,
745 4956 838 5011 καὶ
861 4955 922 5009 οὐ
955 4954 1032 5026 μὴ
1069 4952 1312 5026 χρονίσῃ.

373 5239 436 5290 1:
464 5238 602 5288 sua:
637 5211 898 5287 mnu-n5
936 5211 1082 5292 σθεν
1119 5237 1224 5285 run
1262 5226 1296 5279 4
1381 5225 1460 5279 Ἀ.
1512 5224 1619 5278 ἰδοὺ
1657 5226 1950 5296 vexatam—

383 5320 545 5389 μένου
568 5319 667 5374 οὐκ
698 5319 880 5372 εὐθεῖα
909 5320 942 5390 ἠ
978 5319 1122 5388 ψυχή
1165 5335 1266 5387 μου
1303 5318 1361 5368 ὲν
1389 5315 1555 5385 αὐτῷ.
1586 5317 1662 5382 0',
1688 5319 1783 5370 ἐὰν
1814 5318 1948 5370 ὐπο-

383 5410 676 5482 στείληται,
709 5410 808 5464 οὐκ
830 5410 1037 5471 εὗδοκεῖ
1063 5411 1097 5478 ἡ
1119 5409 1265 5479 ψυχή
1303 5425 1404 5478 μου
1441 5410 1498 5460 ὲν
1520 5407 1685 5476 αὐτῷ.

382 5693 503 5744 rem
538 5692 780 5750 mansa:
804 5690 961 5768 pum
1047 5679 1124 5732 Ἀ.
1150 5681 1241 5733 καὶ
1273 5681 1479 5743 δίκαιος
1504 5671 1562 5732 ιν
1583 5677 1761 5738 πίστει
1786 5673 1948 5768 αὑτοῦ

389 5774 628 5847 ζήσεται.
664 5778 719 5827 Σ.
753 5761 816 5827 e.’
851 5775 924 5839 ις’,
947 5774 1036 5839 εῖν,
1061 5769 1132 5836 z',
1156 5771 1182 5823 ὁ
1205 5771 1261 5823 δι
1294 5769 1500 5832 δίκαιος
1529 5771 1594 5839 τῇ
1636 5761 1828 5820 ἑαυτοῦ
1862 5761 1950 5815 πί.

2121 3855 2254 3911 Heh.
2301 3853 2424 3909 Vul.
2451 3853 2828 3910 munitionem.
2854 3853 2917 3906 Α.
2951 3852 3016 3916 V,
3041 3852 3266 3907 circum.
3304 3848 3362 3903 8.
3397 3849 3618 3904 conclu-

2050 3962 2192 4001 sum.
2225 3943 2388 4008 LXX,
2420 3955 2648 4013 petram.
2693 3943 2794 3997 Th.
2839 3959 3054 4012 gyrum.

2118 4035 2172 4090 2.
2206 4034 2371 4088 Hebr.
2396 4030 2559 4094 LXX,
2601 4031 2888 4086 visionem.
2926 4030 2990 4084 A.
3018 4029 3144 4084 ναι.
3176 4031 3372 4086 visum.

2120 4125 2256 4180 ﬂeb.
2294 4124 2421 4178 Vul.
2449 4123 2683 4178 tabulas.
2709 4120 2766 4175 S.
2800 4121 3046 4191 paginas.
3081 4119 3242 4184 LXX,
3288 4122 3514 4174 buxum.

2122 4215 2258 4270 Heb.
2296 4213 2419 4269 Vul.
2461 4221 2757 4284 percurrat.
2806 4212 2870 4265 A.
2907 4210 2963 4264 S.
2999 4218 3204 4276 currat.
3242 4208 3405 4274 LXX,
3438 4224 3622 4278 perse-

2050 4317 2274 4378 quatur.

2121 4400 2174 4454 5.
2202 4397 2366 4454 Hebr.
2402 4398 2466 4452 A.
2527 4393 2584 4449 S.
2631 4394 2755 4450 Vul.
2791 4403 2842 4450 et
2877 4408 2986 4449 non
3024 4392 3333 4448 mentietur.
3368 4391 3528 4458 LXX,
3565 4400 3620 4447 et

2051 4475 2161 4554 non
2197 4490 2251 4544 in
2279 4503 2500 4542 vanum.

2129 4582 2194 4637 Η.
2216 4583 2261 4637 si
2291 4593 2499 4636 moram
2534 4576 2720 4632 fecerit
2748 4585 3002 4645 exspecta
3025 4590 3170 4640 eum,
3196 4573 3323 4645 quia
3357 4570 3622 4629 veniendo

2052 4673 2252 4735 veniet,
2273 4686 2378 4725 non
2419 4668 2670 4724 tardabit.
2711 4666 2778 4720 Α.
2828 4667 2874 4722 si
2914 4675 3094 4721 autem
3124 4663 3622 4735 procrastinaverit.

2050 4771 2303 4831 exspecta
2334 4775 2481 4824 eum,
2504 4761 2630 4831 quia
2658 4759 2886 4814 veniens
2917 4757 3116 4821 veniet,
3147 4765 3201 4810 et
3225 4771 3330 4810 non
3369 4754 3620 4810 tardabit.

2053 4853 2110 4906 S.
2142 4853 2534 4907 coarctabit....
2594 4850 2759 4915 LXX,
2801 4851 2846 4905 si
2896 4863 3106 4904 moram
3154 4846 3362 4907 fecerit,
3413 4843 3626 4906 sustine

2050 4959 2198 5004 eum,
2221 4943 2348 5011 quia
2380 4941 2605 4996 veniens
2634 4941 2832 5006 veniet,
2860 4948 2915 4994 et
2957 4954 3064 4992 non
3118 4935 3371 4990 tardabit.
3405 4932 3530 4987 Vul.
3579 4935 3623 4985 si

2052 5049 2263 5090 moram
2299 5033 2510 5097 fecerit,
2541 5041 2795 5103 exspecta
2831 5046 2977 5094 eum,
3010 5029 3135 5099 quia
3162 5028 3388 5082 veniens
3423 5025 3619 5086 veniet,

2053 5135 2107 5182 et
2141 5142 2248 5180 non
2280 5126 2544 5180 tardabit.

2124 5219 2178 5273 4.
2223 5217 2287 5271 H.
2318 5217 2456 5273 Ecce
2483 5218 2622 5272 elata
2648 5222 2751 5277 est,
2783 5229 2891 5267 non
2927 5223 3070 5268 recte
3108 5211 3290 5264 anima
3314 5207 3434 5275 ejus
3455 5207 3510 5261 in
3534 5221 3622 5260 eo.

2055 5314 2120 5367 Α.
2166 5310 2305 5364 Ecce
2334 5308 2581 5363 tardante
2636 5319 2744 5359 non
2799 5311 2945 5358 recta
2995 5303 3178 5356 anima
3236 5313 3354 5354 mea
3391 5299 3445 5353 in
3483 5296 3622 5367 ipso.

2058 5400 2223 5464 LXX,
2258 5401 2302 5455 si
2367 5397 2650 5452 retraxerit
2704 5408 2785 5460 se,
2823 5407 2932 5447 non
2973 5392 3149 5460 placet
3194 5389 3373 5444 anima
3399 5401 3515 5442 mea
3570 5387 3622 5438 in

2057 5508 2143 5548 eo.
2179 5489 2301 5546 Vul.
2339 5488 2476 5544 Ecce
2517 5487 2610 5557 qui
2662 5485 2980 5542 incredulus
3014 5491 3118 5547 est,
3158 5496 3266 5537 non
3325 5479 3428 5536 erit
3476 5486 3624 5534 recta

2059 5582 2238 5638 anima
2271 5580 2391 5648 ejus
2424 5579 2482 5634 in
2515 5577 2830 5646 semetipso.

2130 5670 2263 5723 Heb.
2307 5670 2371 5721 Α.
2405 5675 2460 5722 et
2508 5667 2692 5736 justus
2748 5666 2803 5720 in
2837 5663 2940 5719 ﬁde
2990 5676 3082 5717 sua
3114 5658 3276 5712 vivet.
3326 5657 3385 5712 S.
3416 5651 3623 5740 των.

2059 5760 2148 5828 Vi,
2176 5759 2288 5825 VII,
2331 5759 2511 5830 justus
2565 5763 2744 5810 autem
2786 5755 2889 5813 ﬁde
2920 5769 3018 5811 sua
3042 5752 3204 5808 vivet.
3243 5747 3408 5814 LXX,
3445 5745 3627 5819 justus
