  <div class='ocr_page' id='page_1' title='image "/cluster/home/n/w/nwhite01/storage/ocr_20150623/16:no.6:pt.3/coo.31924054872969/319.png"; bbox 0 0 4080 6448; ppageno 0'>
   <div class='ocr_carea' id='block_1_1' title="bbox 422 355 560 412">
    <p class='ocr_par' dir='ltr' id='par_1_1' title="bbox 422 355 560 412">
     <span class='ocr_line' id='line_1_1' title="bbox 422 355 560 412; baseline 0.014 -2"><span class='ocrx_word' id='word_1_1' title='bbox 422 355 560 412; x_wconf 74' lang='lat'><strong>2937</strong></span> 
     </span>
    </p>
   </div>
   <div class='ocr_carea' id='block_1_2' title="bbox 422 468 1997 544">
    <p class='ocr_par' dir='ltr' id='par_1_2' title="bbox 422 468 1997 544">
     <span class='ocr_line' id='line_1_2' title="bbox 422 468 1997 544; baseline 0.001 -22"><span class='ocrx_word' id='word_1_2' title='bbox 422 487 536 523; x_wconf 82' lang='grc' dir='ltr'><strong>στει</strong></span> <span class='ocrx_word' id='word_1_3' title='bbox 572 469 747 539; x_wconf 72' lang='grc' dir='ltr'><strong>ζήσει.</strong></span> <span class='ocrx_word' id='word_1_4' title='bbox 781 470 854 533; x_wconf 84' lang='grc'><strong>0’,</strong></span> <span class='ocrx_word' id='word_1_5' title='bbox 889 472 916 521; x_wconf 88' lang='grc' dir='ltr'>ὁ</span> <span class='ocrx_word' id='word_1_6' title='bbox 952 468 1007 521; x_wconf 84' lang='grc' dir='ltr'><strong>δὲ</strong></span> <span class='ocrx_word' id='word_1_7' title='bbox 1051 469 1252 532; x_wconf 78' lang='grc' dir='ltr'><strong>δίκαιος</strong></span> <span class='ocrx_word' id='word_1_8' title='bbox 1305 470 1367 522; x_wconf 79' lang='grc' dir='ltr'><strong>ἐκ</strong></span> <span class='ocrx_word' id='word_1_9' title='bbox 1405 469 1638 535; x_wconf 77' lang='grc' dir='ltr'><strong>πίστεώς</strong></span> <span class='ocrx_word' id='word_1_10' title='bbox 1685 488 1786 544; x_wconf 85' lang='grc' dir='ltr'><strong>μου</strong></span> <span class='ocrx_word' id='word_1_11' title='bbox 1835 471 1997 542; x_wconf 78' lang='grc' dir='ltr'><strong>ζήσε-</strong></span> 
     </span>
    </p>
   </div>
   <div class='ocr_carea' id='block_1_3' title="bbox 419 577 528 613">
    <p class='ocr_par' dir='ltr' id='par_1_3' title="bbox 419 577 528 613">
     <span class='ocr_line' id='line_1_3' title="bbox 419 577 528 613; baseline 0.009 -1"><span class='ocrx_word' id='word_1_12' title='bbox 419 577 528 613; x_wconf 87' lang='grc' dir='ltr'><strong>ται.</strong></span> 
     </span>
    </p>
   </div>
   <div class='ocr_carea' id='block_1_4' title="bbox 416 635 1988 724">
    <p class='ocr_par' dir='ltr' id='par_1_4' title="bbox 416 635 1988 724">
     <span class='ocr_line' id='line_1_4' title="bbox 416 635 1988 724; baseline 0.007 -27"><span class='ocrx_word' id='word_1_13' title='bbox 416 660 525 710; x_wconf 52' lang='grc' dir='ltr'><strong>περ</strong></span> <span class='ocrx_word' id='word_1_14' title='bbox 560 635 651 710; x_wconf 52' lang='grc' dir='ltr'><strong>κὰπ</strong></span> <span class='ocrx_word' id='word_1_15' title='bbox 689 651 722 705; x_wconf 80' lang='grc'>5</span> <span class='ocrx_word' id='word_1_16' title='bbox 795 651 852 704; x_wconf 89' lang='grc' dir='ltr'><strong>Σ.</strong></span> <span class='ocrx_word' id='word_1_17' title='bbox 885 653 979 704; x_wconf 74' lang='grc' dir='ltr'><strong>καὶ</strong></span> <span class='ocrx_word' id='word_1_18' title='bbox 1017 653 1116 706; x_wconf 79' lang='grc' dir='ltr'><strong>οὐκ</strong></span> <span class='ocrx_word' id='word_1_19' title='bbox 1142 653 1435 724; x_wconf 75' lang='grc' dir='ltr'>εὐπορήσει</span> <span class='ocrx_word' id='word_1_20' title='bbox 1461 654 1556 724; x_wconf 86' lang='lat' dir='ltr'><strong>(al.</strong></span> <span class='ocrx_word' id='word_1_21' title='bbox 1607 655 1988 724; x_wconf 79' lang='grc' dir='ltr'><strong>εύπραγήσει).</strong></span> 
     </span>
    </p>
   </div>
   <div class='ocr_carea' id='block_1_5' title="bbox 417 741 1047 813">
    <p class='ocr_par' dir='ltr' id='par_1_5' title="bbox 417 741 1047 813">
     <span class='ocr_line' id='line_1_5' title="bbox 417 741 1047 813; baseline 0.006 -20"><span class='ocrx_word' id='word_1_22' title='bbox 417 748 494 806; x_wconf 77' lang='grc'><strong>0’,</strong></span> <span class='ocrx_word' id='word_1_23' title='bbox 524 741 684 795; x_wconf 81' lang='grc' dir='ltr'><strong>οὐθὲν</strong></span> <span class='ocrx_word' id='word_1_24' title='bbox 707 744 780 813; x_wconf 81' lang='grc' dir='ltr'><strong>μὴ</strong></span> <span class='ocrx_word' id='word_1_25' title='bbox 818 743 1047 813; x_wconf 82' lang='grc' dir='ltr'><strong>περάνῃ.</strong></span> 
     </span>
    </p>
   </div>
   <div class='ocr_carea' id='block_1_6' title="bbox 413 923 1991 1006">
    <p class='ocr_par' dir='ltr' id='par_1_6' title="bbox 413 923 1991 1006">
     <span class='ocr_line' id='line_1_6' title="bbox 413 923 1991 1006; baseline -0.001 -29"><span class='ocrx_word' id='word_1_26' title='bbox 413 930 558 1006; x_wconf 63' lang='grc' dir='ltr'>πςρνπ</span> <span class='ocrx_word' id='word_1_27' title='bbox 597 923 627 975; x_wconf 91' lang='grc'>7</span> <span class='ocrx_word' id='word_1_28' title='bbox 704 926 766 976; x_wconf 76' lang='lat' dir='ltr'><strong>Ol</strong></span> <span class='ocrx_word' id='word_1_29' title='bbox 796 925 1020 990; x_wconf 75' lang='grc' dir='ltr'><strong>λοιποὶ,</strong></span> <span class='ocrx_word' id='word_1_30' title='bbox 1077 926 1170 977; x_wconf 78' lang='grc' dir='ltr'><strong>καὶ</strong></span> <span class='ocrx_word' id='word_1_31' title='bbox 1217 924 1718 995; x_wconf 79' lang='grc' dir='ltr'><strong>ἐξυπνισοήσονται.</strong></span> <span class='ocrx_word' id='word_1_32' title='bbox 1770 926 1846 978; x_wconf 92' lang='lat'><strong>0&#39;.</strong></span> <span class='ocrx_word' id='word_1_33' title='bbox 1898 924 1991 976; x_wconf 80' lang='grc' dir='ltr'><strong>καὶ</strong></span> 
     </span>
    </p>
   </div>
   <div class='ocr_carea' id='block_1_7' title="bbox 415 1013 756 1081">
    <p class='ocr_par' dir='ltr' id='par_1_7' title="bbox 415 1013 756 1081">
     <span class='ocr_line' id='line_1_7' title="bbox 415 1013 756 1081; baseline 0.006 -19"><span class='ocrx_word' id='word_1_34' title='bbox 415 1013 756 1081; x_wconf 57' lang='grc' dir='ltr'><strong>ἐκνήψουσιν.</strong></span> 
     </span>
    </p>
   </div>
   <div class='ocr_carea' id='block_1_8' title="bbox 415 1097 1108 1168">
    <p class='ocr_par' dir='ltr' id='par_1_8' title="bbox 415 1097 1108 1168">
     <span class='ocr_line' id='line_1_8' title="bbox 415 1097 1108 1168; baseline -0.003 -9"><span class='ocrx_word' id='word_1_35' title='bbox 415 1114 496 1162; x_wconf 59' lang='lat' dir='ltr'><strong>un</strong></span> <span class='ocrx_word' id='word_1_36' title='bbox 534 1105 566 1158; x_wconf 89' lang='lat'><strong>9</strong></span> <span class='ocrx_word' id='word_1_37' title='bbox 641 1105 698 1156; x_wconf 86' lang='grc' dir='ltr'><strong>Σ.</strong></span> <span class='ocrx_word' id='word_1_38' title='bbox 733 1102 888 1156; x_wconf 76' lang='grc' dir='ltr'><strong>οὐαί.</strong></span> <span class='ocrx_word' id='word_1_39' title='bbox 925 1106 1003 1168; x_wconf 82' lang='grc'><strong>0’,</strong></span> <span class='ocrx_word' id='word_1_40' title='bbox 1043 1097 1108 1157; x_wconf 82' lang='grc' dir='ltr'><strong>ὧ.</strong></span> 
     </span>
    </p>
   </div>
   <div class='ocr_carea' id='block_1_9' title="bbox 413 1194 1987 1282">
    <p class='ocr_par' dir='ltr' id='par_1_9' title="bbox 413 1194 1987 1282">
     <span class='ocr_line' id='line_1_9' title="bbox 413 1194 1987 1282; baseline -0.003 -31"><span class='ocrx_word' id='word_1_41' title='bbox 413 1205 565 1259; x_wconf 61' lang='lat' dir='ltr'><strong>nam</strong></span> <span class='ocrx_word' id='word_1_42' title='bbox 601 1203 736 1280; x_wconf 71' lang='lat' dir='ltr'><strong>Vm</strong></span> <span class='ocrx_word' id='word_1_43' title='bbox 770 1203 925 1256; x_wconf 68' lang='lat' dir='ltr'><strong>D’Em</strong></span> <span class='ocrx_word' id='word_1_44' title='bbox 960 1200 1105 1280; x_wconf 71' lang='lat' dir='ltr'><strong>pum</strong></span> <span class='ocrx_word' id='word_1_45' title='bbox 1140 1204 1295 1282; x_wconf 64' lang='grc' dir='ltr'><strong>-νρω</strong></span> <span class='ocrx_word' id='word_1_46' title='bbox 1329 1203 1521 1282; x_wconf 52' lang='lat' dir='ltr'><strong>ian-va</strong></span> <span class='ocrx_word' id='word_1_47' title='bbox 1561 1194 1617 1248; x_wconf 84' lang='lat' dir='ltr'><strong>tt</strong></span> <span class='ocrx_word' id='word_1_48' title='bbox 1729 1195 1987 1260; x_wconf 78' lang='grc' dir='ltr'><strong>Ἄλλος,</strong></span> 
     </span>
    </p>
   </div>
   <div class='ocr_carea' id='block_1_10' title="bbox 417 1283 1990 1350">
    <p class='ocr_par' dir='ltr' id='par_1_10' title="bbox 417 1283 1990 1350">
     <span class='ocr_line' id='line_1_10' title="bbox 417 1283 1990 1350; baseline -0.002 -12"><span class='ocrx_word' id='word_1_49' title='bbox 417 1283 1990 1350; x_wconf 80' lang='grc' dir='ltr'><strong>........”Αλλος,.......0’,διὸτιλιθος</strong></span> 
     </span>
    </p>
   </div>
   <div class='ocr_carea' id='block_1_11' title="bbox 414 1369 1986 1446">
    <p class='ocr_par' dir='ltr' id='par_1_11' title="bbox 414 1369 1986 1446">
     <span class='ocr_line' id='line_1_11' title="bbox 414 1369 1986 1446; baseline 0.003 -23"><span class='ocrx_word' id='word_1_50' title='bbox 414 1373 478 1423; x_wconf 81' lang='grc' dir='ltr'><strong>ἐκ</strong></span> <span class='ocrx_word' id='word_1_51' title='bbox 514 1369 694 1440; x_wconf 76' lang='grc' dir='ltr'><strong>τοίχου</strong></span> <span class='ocrx_word' id='word_1_52' title='bbox 731 1370 1006 1442; x_wconf 80' lang='grc' dir='ltr'><strong>βοήσεται,</strong></span> <span class='ocrx_word' id='word_1_53' title='bbox 1033 1373 1130 1426; x_wconf 79' lang='grc' dir='ltr'><strong>καὶ</strong></span> <span class='ocrx_word' id='word_1_54' title='bbox 1164 1372 1435 1446; x_wconf 83' lang='grc' dir='ltr'><strong>κάνθαρος</strong></span> <span class='ocrx_word' id='word_1_55' title='bbox 1457 1374 1521 1426; x_wconf 83' lang='grc' dir='ltr'><strong>ὲκ</strong></span> <span class='ocrx_word' id='word_1_56' title='bbox 1556 1371 1712 1438; x_wconf 75' lang='grc' dir='ltr'><strong>ξύλου</strong></span> <span class='ocrx_word' id='word_1_57' title='bbox 1753 1371 1986 1442; x_wconf 78' lang='grc' dir='ltr'><strong>φθέγξε-</strong></span> 
     </span>
    </p>
   </div>
   <div class='ocr_carea' id='block_1_12' title="bbox 411 1463 686 1516">
    <p class='ocr_par' dir='ltr' id='par_1_12' title="bbox 411 1463 686 1516">
     <span class='ocr_line' id='line_1_12' title="bbox 411 1463 686 1516; baseline 0.018 -4"><span class='ocrx_word' id='word_1_58' title='bbox 411 1479 502 1514; x_wconf 84' lang='grc' dir='ltr'><strong>ται</strong></span> <span class='ocrx_word' id='word_1_59' title='bbox 526 1463 686 1516; x_wconf 82' lang='grc' dir='ltr'><strong>αὑτά.</strong></span> 
     </span>
    </p>
   </div>
   <div class='ocr_carea' id='block_1_13' title="bbox 1481 351 2630 422">
    <p class='ocr_par' dir='ltr' id='par_1_13' title="bbox 1481 351 2630 422">
     <span class='ocr_line' id='line_1_13' title="bbox 1481 351 2630 422; baseline -0.004 -12"><span class='ocrx_word' id='word_1_60' title='bbox 1481 355 1953 414; x_wconf 79' lang='lat' dir='ltr'><strong>HEXAPLORUM</strong></span> <span class='ocrx_word' id='word_1_61' title='bbox 1994 354 2161 422; x_wconf 59' lang='lat' dir='ltr'><strong>QUE</strong></span> <span class='ocrx_word' id='word_1_62' title='bbox 2199 351 2630 410; x_wconf 78' lang='lat' dir='ltr'><strong>SUPERSUNT.</strong></span> 
     </span>
    </p>
   </div>
   <div class='ocr_carea' id='block_1_14' title="bbox 3537 343 3678 399">
    <p class='ocr_par' dir='ltr' id='par_1_14' title="bbox 3537 343 3678 399">
     <span class='ocr_line' id='line_1_14' title="bbox 3537 343 3678 399; baseline 0.007 -1"><span class='ocrx_word' id='word_1_63' title='bbox 3537 343 3678 399; x_wconf 69' lang='lat'><strong>2988</strong></span> 
     </span>
    </p>
   </div>
   <div class='ocr_carea' id='block_1_15' title="bbox 2104 457 3675 528">
    <p class='ocr_par' dir='ltr' id='par_1_15' title="bbox 2104 457 3675 528">
     <span class='ocr_line' id='line_1_15' title="bbox 2104 457 3675 528; baseline -0.008 -4"><span class='ocrx_word' id='word_1_64' title='bbox 2104 479 2282 524; x_wconf 90' lang='lat' dir='ltr'><strong>autem</strong></span> <span class='ocrx_word' id='word_1_65' title='bbox 2340 483 2406 524; x_wconf 77' lang='lat' dir='ltr'><strong>ex</strong></span> <span class='ocrx_word' id='word_1_66' title='bbox 2448 466 2552 522; x_wconf 84' lang='lat' dir='ltr'><strong>ﬁde</strong></span> <span class='ocrx_word' id='word_1_67' title='bbox 2611 477 2728 519; x_wconf 88' lang='lat' dir='ltr'><strong>mea</strong></span> <span class='ocrx_word' id='word_1_68' title='bbox 2769 463 2926 516; x_wconf 84' lang='lat' dir='ltr'><strong>vivet.</strong></span> <span class='ocrx_word' id='word_1_69' title='bbox 2971 457 3093 513; x_wconf 70' lang='grc' dir='ltr'><strong>ναι.</strong></span> <span class='ocrx_word' id='word_1_70' title='bbox 3162 459 3345 528; x_wconf 87' lang='lat' dir='ltr'><strong>justus</strong></span> <span class='ocrx_word' id='word_1_71' title='bbox 3407 468 3586 512; x_wconf 86' lang='lat' dir='ltr'><strong>autem</strong></span> <span class='ocrx_word' id='word_1_72' title='bbox 3623 459 3675 512; x_wconf 85' lang='lat' dir='ltr'><strong>in</strong></span> 
     </span>
    </p>
   </div>
   <div class='ocr_carea' id='block_1_16' title="bbox 2107 558 2523 614">
    <p class='ocr_par' dir='ltr' id='par_1_16' title="bbox 2107 558 2523 614">
     <span class='ocr_line' id='line_1_16' title="bbox 2107 558 2523 614; baseline -0.007 0"><span class='ocrx_word' id='word_1_73' title='bbox 2107 561 2210 614; x_wconf 80' lang='lat' dir='ltr'><strong>[ide</strong></span> <span class='ocrx_word' id='word_1_74' title='bbox 2233 575 2332 614; x_wconf 90' lang='lat' dir='ltr'><strong>sua</strong></span> <span class='ocrx_word' id='word_1_75' title='bbox 2361 558 2523 612; x_wconf 82' lang='lat' dir='ltr'><strong>vivet.</strong></span> 
     </span>
    </p>
   </div>
   <div class='ocr_carea' id='block_1_17' title="bbox 2175 642 3678 708">
    <p class='ocr_par' dir='ltr' id='par_1_17' title="bbox 2175 642 3678 708">
     <span class='ocr_line' id='line_1_17' title="bbox 2175 642 3678 708; baseline -0.007 0"><span class='ocrx_word' id='word_1_76' title='bbox 2175 653 2227 708; x_wconf 81' lang='grc'><strong>5.</strong></span> <span class='ocrx_word' id='word_1_77' title='bbox 2257 651 2422 707; x_wconf 89' lang='lat' dir='ltr'><strong>Hebr.</strong></span> <span class='ocrx_word' id='word_1_78' title='bbox 2458 660 2512 706; x_wconf 90' lang='lat' dir='ltr'><strong>et</strong></span> <span class='ocrx_word' id='word_1_79' title='bbox 2548 665 2655 705; x_wconf 90' lang='lat' dir='ltr'><strong>non</strong></span> <span class='ocrx_word' id='word_1_80' title='bbox 2692 645 2975 702; x_wconf 72' lang='lat' dir='ltr'><strong>habitabit.</strong></span> <span class='ocrx_word' id='word_1_81' title='bbox 3022 645 3078 701; x_wconf 92' lang='lat' dir='ltr'><strong>S.</strong></span> <span class='ocrx_word' id='word_1_82' title='bbox 3127 655 3179 699; x_wconf 90' lang='lat' dir='ltr'><strong>et</strong></span> <span class='ocrx_word' id='word_1_83' title='bbox 3220 659 3327 698; x_wconf 92' lang='lat' dir='ltr'><strong>non</strong></span> <span class='ocrx_word' id='word_1_84' title='bbox 3381 642 3678 698; x_wconf 75' lang='lat' dir='ltr'><strong>abundabit</strong></span> 
     </span>
    </p>
   </div>
   <div class='ocr_carea' id='block_1_18' title="bbox 2107 735 3658 814">
    <p class='ocr_par' dir='ltr' id='par_1_18' title="bbox 2107 735 3658 814">
     <span class='ocr_line' id='line_1_18' title="bbox 2107 735 3658 814; baseline -0.005 -18"><span class='ocrx_word' id='word_1_85' title='bbox 2107 744 2202 814; x_wconf 81' lang='lat' dir='ltr'><strong>[aL</strong></span> <span class='ocrx_word' id='word_1_86' title='bbox 2237 740 2628 813; x_wconf 77' lang='lat' dir='ltr'><strong>prosperabit].</strong></span> <span class='ocrx_word' id='word_1_87' title='bbox 2662 739 2822 804; x_wconf 89' lang='lat' dir='ltr'><strong>LXX,</strong></span> <span class='ocrx_word' id='word_1_88' title='bbox 2870 739 3006 794; x_wconf 86' lang='lat' dir='ltr'><strong>nihil</strong></span> <span class='ocrx_word' id='word_1_89' title='bbox 3058 737 3317 808; x_wconf 89' lang='lat' dir='ltr'><strong>perducet</strong></span> <span class='ocrx_word' id='word_1_90' title='bbox 3373 735 3438 788; x_wconf 90' lang='lat' dir='ltr'><strong>ad</strong></span> <span class='ocrx_word' id='word_1_91' title='bbox 3472 737 3658 788; x_wconf 79' lang='lat' dir='ltr'><strong>liuent.</strong></span> 
     </span>
    </p>
   </div>
   <div class='ocr_carea' id='block_1_19' title="bbox 2099 831 3330 900">
    <p class='ocr_par' dir='ltr' id='par_1_19' title="bbox 2099 831 3330 900">
     <span class='ocr_line' id='line_1_19' title="bbox 2099 831 3330 900; baseline -0.002 -14"><span class='ocrx_word' id='word_1_92' title='bbox 2099 831 2224 886; x_wconf 84' lang='lat' dir='ltr'><strong>Vul.</strong></span> <span class='ocrx_word' id='word_1_93' title='bbox 2259 847 2366 887; x_wconf 92' lang='lat' dir='ltr'><strong>non</strong></span> <span class='ocrx_word' id='word_1_94' title='bbox 2406 832 2777 887; x_wconf 86' lang='lat' dir='ltr'><strong>decorabitur.</strong></span> <span class='ocrx_word' id='word_1_95' title='bbox 2951 869 2958 874; x_wconf 60' lang='grc' dir='ltr'>η</span> <span class='ocrx_word' id='word_1_96' title='bbox 3326 894 3330 900; x_wconf 29' lang='grc' dir='ltr'>ν</span> 
     </span>
    </p>
   </div>
   <div class='ocr_carea' id='block_1_20' title="bbox 2168 916 3674 990">
    <p class='ocr_par' dir='ltr' id='par_1_20' title="bbox 2168 916 3674 990">
     <span class='ocr_line' id='line_1_20' title="bbox 2168 916 3674 990; baseline -0.005 -15"><span class='ocrx_word' id='word_1_97' title='bbox 2168 923 2222 976; x_wconf 88' lang='grc'><strong>7.</strong></span> <span class='ocrx_word' id='word_1_98' title='bbox 2259 922 2394 977; x_wconf 84' lang='lat' dir='ltr'><strong>lleb.</strong></span> <span class='ocrx_word' id='word_1_99' title='bbox 2433 920 2596 986; x_wconf 89' lang='lat' dir='ltr'><strong>LXX,</strong></span> <span class='ocrx_word' id='word_1_100' title='bbox 2635 930 2689 975; x_wconf 92' lang='lat' dir='ltr'><strong>ct</strong></span> <span class='ocrx_word' id='word_1_101' title='bbox 2715 919 3074 990; x_wconf 81' lang='lat' dir='ltr'><strong>evigilabunt.</strong></span> <span class='ocrx_word' id='word_1_102' title='bbox 3115 916 3358 986; x_wconf 79' lang='lat' dir='ltr'><strong>Reliqui,</strong></span> <span class='ocrx_word' id='word_1_103' title='bbox 3385 923 3438 969; x_wconf 90' lang='lat' dir='ltr'><strong>et</strong></span> <span class='ocrx_word' id='word_1_104' title='bbox 3483 929 3674 984; x_wconf 77' lang='lat' dir='ltr'><strong>exper-</strong></span> 
     </span>
    </p>
   </div>
   <div class='ocr_carea' id='block_1_21' title="bbox 2098 1010 3074 1083">
    <p class='ocr_par' dir='ltr' id='par_1_21' title="bbox 2098 1010 3074 1083">
     <span class='ocr_line' id='line_1_21' title="bbox 2098 1010 3074 1083; baseline -0.003 -18"><span class='ocrx_word' id='word_1_105' title='bbox 2098 1011 2525 1083; x_wconf 79' lang='lat' dir='ltr'><strong>giscentur.Vul.</strong></span> <span class='ocrx_word' id='word_1_106' title='bbox 2559 1020 2611 1066; x_wconf 89' lang='lat' dir='ltr'><strong>et</strong></span> <span class='ocrx_word' id='word_1_107' title='bbox 2643 1010 3074 1066; x_wconf 88' lang='lat' dir='ltr'><strong>suscitabuntur.</strong></span> 
     </span>
    </p>
   </div>
   <div class='ocr_carea' id='block_1_22' title="bbox 2167 1097 3115 1164">
    <p class='ocr_par' dir='ltr' id='par_1_22' title="bbox 2167 1097 3115 1164">
     <span class='ocr_line' id='line_1_22' title="bbox 2167 1097 3115 1164; baseline -0.003 -7"><span class='ocrx_word' id='word_1_108' title='bbox 2167 1104 2219 1157; x_wconf 86' lang='lat'><strong>9.</strong></span> <span class='ocrx_word' id='word_1_109' title='bbox 2265 1103 2426 1158; x_wconf 89' lang='lat' dir='ltr'><strong>Hebr.</strong></span> <span class='ocrx_word' id='word_1_110' title='bbox 2473 1102 2530 1156; x_wconf 92' lang='lat' dir='ltr'><strong>S.</strong></span> <span class='ocrx_word' id='word_1_111' title='bbox 2565 1102 2688 1156; x_wconf 80' lang='lat' dir='ltr'><strong>Vul.</strong></span> <span class='ocrx_word' id='word_1_112' title='bbox 2725 1101 2838 1156; x_wconf 65' lang='lat' dir='ltr'><strong>Var.</strong></span> <span class='ocrx_word' id='word_1_113' title='bbox 2876 1097 3039 1164; x_wconf 83' lang='lat' dir='ltr'><strong>LXX,</strong></span> <span class='ocrx_word' id='word_1_114' title='bbox 3063 1114 3115 1154; x_wconf 91' lang='grc' dir='ltr'><strong>ο.</strong></span> 
     </span>
    </p>
   </div>
   <div class='ocr_carea' id='block_1_23' title="bbox 2172 1189 3674 1264">
    <p class='ocr_par' dir='ltr' id='par_1_23' title="bbox 2172 1189 3674 1264">
     <span class='ocr_line' id='line_1_23' title="bbox 2172 1189 3674 1264; baseline -0.001 -16"><span class='ocrx_word' id='word_1_115' title='bbox 2172 1195 2258 1248; x_wconf 88' lang='grc'><strong>11.</strong></span> <span class='ocrx_word' id='word_1_116' title='bbox 2286 1193 2450 1249; x_wconf 86' lang='lat' dir='ltr'><strong>Hebr.</strong></span> <span class='ocrx_word' id='word_1_117' title='bbox 2483 1194 2610 1264; x_wconf 83' lang='lat' dir='ltr'><strong>quia</strong></span> <span class='ocrx_word' id='word_1_118' title='bbox 2641 1191 2779 1262; x_wconf 89' lang='lat' dir='ltr'><strong>lapis</strong></span> <span class='ocrx_word' id='word_1_119' title='bbox 2807 1205 2838 1246; x_wconf 91' lang='lat' dir='ltr'><strong>e</strong></span> <span class='ocrx_word' id='word_1_120' title='bbox 2895 1190 3102 1260; x_wconf 79' lang='lat' dir='ltr'><strong>pariete</strong></span> <span class='ocrx_word' id='word_1_121' title='bbox 3139 1189 3414 1258; x_wconf 80' lang='lat' dir='ltr'><strong>clamabit,</strong></span> <span class='ocrx_word' id='word_1_122' title='bbox 3438 1200 3492 1246; x_wconf 89' lang='lat' dir='ltr'><strong>et</strong></span> <span class='ocrx_word' id='word_1_123' title='bbox 3525 1190 3674 1247; x_wconf 86' lang='lat' dir='ltr'><strong>trabs</strong></span> 
     </span>
    </p>
   </div>
   <div class='ocr_carea' id='block_1_24' title="bbox 2097 1281 3672 1356">
    <p class='ocr_par' dir='ltr' id='par_1_24' title="bbox 2097 1281 3672 1356">
     <span class='ocr_line' id='line_1_24' title="bbox 2097 1281 3672 1356; baseline -0.003 -14"><span class='ocrx_word' id='word_1_124' title='bbox 2097 1285 2166 1342; x_wconf 89' lang='lat' dir='ltr'><strong>de</strong></span> <span class='ocrx_word' id='word_1_125' title='bbox 2199 1286 2344 1355; x_wconf 84' lang='lat' dir='ltr'><strong>ligno</strong></span> <span class='ocrx_word' id='word_1_126' title='bbox 2381 1285 2731 1356; x_wconf 82' lang='lat' dir='ltr'><strong>respondebit</strong></span> <span class='ocrx_word' id='word_1_127' title='bbox 2757 1285 2827 1339; x_wconf 91' lang='lat' dir='ltr'><strong>ei.</strong></span> <span class='ocrx_word' id='word_1_128' title='bbox 2863 1282 3040 1351; x_wconf 80' lang='lat' dir='ltr'><strong>Alius,</strong></span> <span class='ocrx_word' id='word_1_129' title='bbox 3067 1283 3194 1352; x_wconf 86' lang='lat' dir='ltr'><strong>quia</strong></span> <span class='ocrx_word' id='word_1_130' title='bbox 3224 1281 3361 1353; x_wconf 83' lang='lat' dir='ltr'><strong>lapis</strong></span> <span class='ocrx_word' id='word_1_131' title='bbox 3388 1283 3441 1336; x_wconf 90' lang='lat' dir='ltr'><strong>in</strong></span> <span class='ocrx_word' id='word_1_132' title='bbox 3465 1282 3672 1352; x_wconf 86' lang='lat' dir='ltr'><strong>pariete</strong></span> 
     </span>
    </p>
   </div>
   <div class='ocr_carea' id='block_1_25' title="bbox 2097 1371 3672 1448">
    <p class='ocr_par' dir='ltr' id='par_1_25' title="bbox 2097 1371 3672 1448">
     <span class='ocr_line' id='line_1_25' title="bbox 2097 1371 3672 1448; baseline -0.006 -15"><span class='ocrx_word' id='word_1_133' title='bbox 2097 1377 2378 1444; x_wconf 81' lang='lat' dir='ltr'><strong>clamabit,</strong></span> <span class='ocrx_word' id='word_1_134' title='bbox 2409 1375 2568 1448; x_wconf 89' lang='lat' dir='ltr'><strong>quasi</strong></span> <span class='ocrx_word' id='word_1_135' title='bbox 2610 1375 2812 1431; x_wconf 82' lang='lat' dir='ltr'><strong>vermis</strong></span> <span class='ocrx_word' id='word_1_136' title='bbox 2841 1375 2895 1428; x_wconf 90' lang='lat' dir='ltr'><strong>in</strong></span> <span class='ocrx_word' id='word_1_137' title='bbox 2934 1375 3084 1444; x_wconf 86' lang='lat' dir='ltr'><strong>ligno</strong></span> <span class='ocrx_word' id='word_1_138' title='bbox 3117 1373 3364 1444; x_wconf 88' lang='lat' dir='ltr'><strong>loquens.</strong></span> <span class='ocrx_word' id='word_1_139' title='bbox 3398 1371 3672 1437; x_wconf 79' lang='lat' dir='ltr'><strong>Alius,la—</strong></span> 
     </span>
    </p>
   </div>
   <div class='ocr_carea' id='block_1_26' title="bbox 2097 1461 3674 1538">
    <p class='ocr_par' dir='ltr' id='par_1_26' title="bbox 2097 1461 3674 1538">
     <span class='ocr_line' id='line_1_26' title="bbox 2097 1461 3674 1538; baseline -0.004 -17"><span class='ocrx_word' id='word_1_140' title='bbox 2097 1466 2181 1538; x_wconf 90' lang='lat' dir='ltr'><strong>pis</strong></span> <span class='ocrx_word' id='word_1_141' title='bbox 2212 1466 2357 1522; x_wconf 84' lang='lat' dir='ltr'><strong>enim</strong></span> <span class='ocrx_word' id='word_1_142' title='bbox 2388 1466 2456 1521; x_wconf 91' lang='lat' dir='ltr'><strong>de</strong></span> <span class='ocrx_word' id='word_1_143' title='bbox 2475 1465 2682 1536; x_wconf 85' lang='lat' dir='ltr'><strong>pariete</strong></span> <span class='ocrx_word' id='word_1_144' title='bbox 2731 1462 3144 1528; x_wconf 74' lang='lat' dir='ltr'><strong>vociferabitur,</strong></span> <span class='ocrx_word' id='word_1_145' title='bbox 3190 1472 3245 1518; x_wconf 90' lang='lat' dir='ltr'><strong>et</strong></span> <span class='ocrx_word' id='word_1_146' title='bbox 3271 1461 3485 1533; x_wconf 77' lang='grc' dir='ltr'><strong>σκώληξ</strong></span> <span class='ocrx_word' id='word_1_147' title='bbox 3509 1461 3576 1516; x_wconf 89' lang='lat' dir='ltr'><strong>de</strong></span> <span class='ocrx_word' id='word_1_148' title='bbox 3603 1461 3674 1514; x_wconf 81' lang='lat' dir='ltr'><strong>li-</strong></span> 
     </span>
    </p>
   </div>
   <div class='ocr_carea' id='block_1_27' title="bbox 411 1549 3666 1628">
    <p class='ocr_par' dir='ltr' id='par_1_27' title="bbox 411 1549 3666 1628">
     <span class='ocr_line' id='line_1_27' title="bbox 411 1549 3666 1628; baseline -0.001 -20"><span class='ocrx_word' id='word_1_149' title='bbox 411 1571 520 1625; x_wconf 88' lang='lat' dir='ltr'><strong>gno</strong></span> <span class='ocrx_word' id='word_1_150' title='bbox 563 1556 814 1625; x_wconf 84' lang='lat' dir='ltr'><strong>loquetur</strong></span> <span class='ocrx_word' id='word_1_151' title='bbox 863 1558 933 1612; x_wconf 88' lang='lat' dir='ltr'><strong>ei.</strong></span> <span class='ocrx_word' id='word_1_152' title='bbox 975 1555 1142 1621; x_wconf 89' lang='lat' dir='ltr'><strong>LXX,</strong></span> <span class='ocrx_word' id='word_1_153' title='bbox 1200 1557 1460 1628; x_wconf 90' lang='lat' dir='ltr'><strong>quoniam</strong></span> <span class='ocrx_word' id='word_1_154' title='bbox 1509 1557 1647 1627; x_wconf 82' lang='lat' dir='ltr'><strong>lapis</strong></span> <span class='ocrx_word' id='word_1_155' title='bbox 1695 1557 1764 1613; x_wconf 88' lang='lat' dir='ltr'><strong>de</strong></span> <span class='ocrx_word' id='word_1_156' title='bbox 1802 1557 2011 1628; x_wconf 83' lang='lat' dir='ltr'><strong>pariete</strong></span> <span class='ocrx_word' id='word_1_157' title='bbox 2067 1557 2346 1623; x_wconf 87' lang='lat' dir='ltr'><strong>clamabit,</strong></span> <span class='ocrx_word' id='word_1_158' title='bbox 2383 1565 2438 1612; x_wconf 91' lang='lat' dir='ltr'><strong>et</strong></span> <span class='ocrx_word' id='word_1_159' title='bbox 2474 1555 2770 1612; x_wconf 86' lang='lat' dir='ltr'><strong>scarabeus</strong></span> <span class='ocrx_word' id='word_1_160' title='bbox 2799 1555 2868 1609; x_wconf 90' lang='lat' dir='ltr'><strong>de</strong></span> <span class='ocrx_word' id='word_1_161' title='bbox 2917 1554 3067 1626; x_wconf 88' lang='lat' dir='ltr'><strong>ligno</strong></span> <span class='ocrx_word' id='word_1_162' title='bbox 3117 1555 3371 1624; x_wconf 83' lang='lat' dir='ltr'><strong>loquetur</strong></span> <span class='ocrx_word' id='word_1_163' title='bbox 3425 1568 3509 1608; x_wconf 88' lang='lat' dir='ltr'><strong>ea.</strong></span> <span class='ocrx_word' id='word_1_164' title='bbox 3540 1549 3666 1606; x_wconf 71' lang='lat' dir='ltr'><strong>Vul.</strong></span> 
     </span>
    </p>
   </div>
   <div class='ocr_carea' id='block_1_28' title="bbox 409 1643 3467 1720">
    <p class='ocr_par' dir='ltr' id='par_1_28' title="bbox 409 1643 3467 1720">
     <span class='ocr_line' id='line_1_28' title="bbox 409 1643 3467 1720; baseline -0.001 -20"><span class='ocrx_word' id='word_1_165' title='bbox 409 1647 538 1715; x_wconf 85' lang='lat' dir='ltr'><strong>quia</strong></span> <span class='ocrx_word' id='word_1_166' title='bbox 593 1648 731 1718; x_wconf 86' lang='lat' dir='ltr'><strong>lapis</strong></span> <span class='ocrx_word' id='word_1_167' title='bbox 778 1649 847 1704; x_wconf 90' lang='lat' dir='ltr'><strong>de</strong></span> <span class='ocrx_word' id='word_1_168' title='bbox 876 1650 1079 1719; x_wconf 88' lang='lat' dir='ltr'><strong>pariete</strong></span> <span class='ocrx_word' id='word_1_169' title='bbox 1137 1649 1395 1704; x_wconf 81' lang='lat' dir='ltr'><strong>clamabit</strong></span> <span class='ocrx_word' id='word_1_170' title='bbox 1423 1667 1436 1703; x_wconf 91' lang='lat'><strong>:</strong></span> <span class='ocrx_word' id='word_1_171' title='bbox 1466 1657 1520 1703; x_wconf 92' lang='lat' dir='ltr'><strong>et</strong></span> <span class='ocrx_word' id='word_1_172' title='bbox 1568 1650 1796 1720; x_wconf 78' lang='lat' dir='ltr'><strong>lignum,</strong></span> <span class='ocrx_word' id='word_1_173' title='bbox 1823 1649 1969 1719; x_wconf 90' lang='lat' dir='ltr'><strong>quod</strong></span> <span class='ocrx_word' id='word_1_174' title='bbox 2006 1649 2146 1704; x_wconf 88' lang='lat' dir='ltr'><strong>inter</strong></span> <span class='ocrx_word' id='word_1_175' title='bbox 2173 1647 2462 1716; x_wconf 87' lang='lat' dir='ltr'><strong>juncturas</strong></span> <span class='ocrx_word' id='word_1_176' title='bbox 2489 1645 2842 1702; x_wconf 63' lang='lat' dir='ltr'><strong>aediﬁciorum</strong></span> <span class='ocrx_word' id='word_1_177' title='bbox 2874 1655 2980 1711; x_wconf 89' lang='lat' dir='ltr'><strong>est,</strong></span> <span class='ocrx_word' id='word_1_178' title='bbox 3013 1643 3360 1716; x_wconf 84' lang='lat' dir='ltr'><strong>respondebit</strong></span> <span class='ocrx_word' id='word_1_179' title='bbox 3395 1645 3467 1700; x_wconf 89' lang='lat' dir='ltr'><strong>ei.</strong></span> 
     </span>
    </p>
   </div>
   <div class='ocr_carea' id='block_1_29' title="bbox 409 1742 1984 1828">
    <p class='ocr_par' dir='ltr' id='par_1_29' title="bbox 409 1742 1984 1828">
     <span class='ocr_line' id='line_1_29' title="bbox 409 1742 1984 1828; baseline 0.005 -38"><span class='ocrx_word' id='word_1_180' title='bbox 409 1749 562 1806; x_wconf 62' lang='lat' dir='ltr'><strong>nam</strong></span> <span class='ocrx_word' id='word_1_181' title='bbox 592 1751 729 1828; x_wconf 67' lang='lat' dir='ltr'><strong>Vm:</strong></span> <span class='ocrx_word' id='word_1_182' title='bbox 753 1749 910 1804; x_wconf 66' lang='lat'><strong>07331</strong></span> <span class='ocrx_word' id='word_1_183' title='bbox 994 1745 1073 1796; x_wconf 84' lang='lat' dir='ltr'><strong>’A.</strong></span> <span class='ocrx_word' id='word_1_184' title='bbox 1103 1743 1202 1797; x_wconf 75' lang='grc' dir='ltr'><strong>καὶ</strong></span> <span class='ocrx_word' id='word_1_185' title='bbox 1229 1742 1376 1815; x_wconf 79' lang='grc' dir='ltr'><strong>μάζα</strong></span> <span class='ocrx_word' id='word_1_186' title='bbox 1416 1745 1482 1797; x_wconf 82' lang='grc' dir='ltr'><strong>ὲκ</strong></span> <span class='ocrx_word' id='word_1_187' title='bbox 1523 1743 1680 1808; x_wconf 81' lang='grc' dir='ltr'><strong>ξύλου</strong></span> <span class='ocrx_word' id='word_1_188' title='bbox 1723 1745 1984 1814; x_wconf 83' lang='grc' dir='ltr'><strong>(ἀποκρι-</strong></span> 
     </span>
    </p>
   </div>
   <div class='ocr_carea' id='block_1_30' title="bbox 413 1832 1986 1904">
    <p class='ocr_par' dir='ltr' id='par_1_30' title="bbox 413 1832 1986 1904">
     <span class='ocr_line' id='line_1_30' title="bbox 413 1832 1986 1904; baseline 0.001 -20"><span class='ocrx_word' id='word_1_189' title='bbox 413 1832 679 1903; x_wconf 77' lang='grc' dir='ltr'><strong>θήσεται).</strong></span> <span class='ocrx_word' id='word_1_190' title='bbox 718 1834 776 1888; x_wconf 85' lang='grc' dir='ltr'><strong>Σ.</strong></span> <span class='ocrx_word' id='word_1_191' title='bbox 809 1834 902 1887; x_wconf 81' lang='grc' dir='ltr'><strong>καὶ</strong></span> <span class='ocrx_word' id='word_1_192' title='bbox 945 1833 1242 1904; x_wconf 78' lang='grc' dir='ltr'><strong>σύνδεσμος</strong></span> <span class='ocrx_word' id='word_1_193' title='bbox 1284 1833 1571 1904; x_wconf 73' lang='grc' dir='ltr'><strong>οἰκοδομῆς</strong></span> <span class='ocrx_word' id='word_1_194' title='bbox 1610 1833 1817 1898; x_wconf 77' lang='grc' dir='ltr'><strong>ξύλινος</strong></span> <span class='ocrx_word' id='word_1_195' title='bbox 1851 1834 1986 1887; x_wconf 80' lang='grc' dir='ltr'><strong>ἀπο-</strong></span> 
     </span>
    </p>
   </div>
   <div class='ocr_carea' id='block_1_31' title="bbox 415 1920 1984 1994">
    <p class='ocr_par' dir='ltr' id='par_1_31' title="bbox 415 1920 1984 1994">
     <span class='ocr_line' id='line_1_31' title="bbox 415 1920 1984 1994; baseline 0.002 -22"><span class='ocrx_word' id='word_1_196' title='bbox 415 1920 727 1988; x_wconf 75' lang='grc' dir='ltr'><strong>φθέγξεται.</strong></span> <span class='ocrx_word' id='word_1_197' title='bbox 768 1922 831 1975; x_wconf 84' lang='grc' dir='ltr'><strong>Θ.</strong></span> <span class='ocrx_word' id='word_1_198' title='bbox 881 1923 956 1987; x_wconf 86' lang='grc' dir='ltr'><strong>Ε’,</strong></span> <span class='ocrx_word' id='word_1_199' title='bbox 1009 1924 1103 1976; x_wconf 76' lang='grc' dir='ltr'><strong>καὶ</strong></span> <span class='ocrx_word' id='word_1_200' title='bbox 1153 1923 1454 1994; x_wconf 78' lang='grc' dir='ltr'><strong>σύνδεσμος</strong></span> <span class='ocrx_word' id='word_1_201' title='bbox 1497 1923 1654 1990; x_wconf 82' lang='grc' dir='ltr'>ξύλου</span> <span class='ocrx_word' id='word_1_202' title='bbox 1691 1923 1984 1994; x_wconf 80' lang='grc' dir='ltr'><strong>φθέγξεται</strong></span> 
     </span>
    </p>
   </div>
   <div class='ocr_carea' id='block_1_32' title="bbox 413 2011 1614 2088">
    <p class='ocr_par' dir='ltr' id='par_1_32' title="bbox 413 2011 1614 2088">
     <span class='ocr_line' id='line_1_32' title="bbox 413 2011 1614 2088; baseline 0.005 -24"><span class='ocrx_word' id='word_1_203' title='bbox 413 2011 572 2066; x_wconf 74' lang='grc' dir='ltr'><strong>αὑτά.</strong></span> <span class='ocrx_word' id='word_1_204' title='bbox 612 2012 676 2067; x_wconf 82' lang='grc' dir='ltr'><strong>θ.</strong></span> <span class='ocrx_word' id='word_1_205' title='bbox 711 2013 932 2082; x_wconf 68' lang='grc' dir='ltr'><strong>ἄλλως,</strong></span> <span class='ocrx_word' id='word_1_206' title='bbox 959 2013 1237 2088; x_wconf 78' lang='grc' dir='ltr'><strong>ἔνδεσμος.</strong></span> <span class='ocrx_word' id='word_1_207' title='bbox 1261 2015 1614 2072; x_wconf 88' lang='lat' dir='ltr'><strong>Barberinus.</strong></span> 
     </span>
    </p>
   </div>
   <div class='ocr_carea' id='block_1_33' title="bbox 411 2193 1985 2280">
    <p class='ocr_par' dir='ltr' id='par_1_33' title="bbox 411 2193 1985 2280">
     <span class='ocr_line' id='line_1_33' title="bbox 411 2193 1985 2280; baseline -0.002 -29"><span class='ocrx_word' id='word_1_208' title='bbox 411 2196 582 2269; x_wconf 61' lang='lat' dir='ltr'><strong>vim</strong></span> <span class='ocrx_word' id='word_1_209' title='bbox 609 2197 946 2280; x_wconf 14' lang='grc' dir='ltr'><strong>νηεοητινη</strong></span> <span class='ocrx_word' id='word_1_210' title='bbox 982 2201 1163 2280; x_wconf 64' lang='lat' dir='ltr'><strong>apum</strong></span> <span class='ocrx_word' id='word_1_211' title='bbox 1198 2200 1280 2254; x_wconf 66' lang='lat' dir='ltr'><strong>vn</strong></span> <span class='ocrx_word' id='word_1_212' title='bbox 1322 2193 1386 2248; x_wconf 77' lang='lat' dir='ltr'><strong>ts</strong></span> <span class='ocrx_word' id='word_1_213' title='bbox 1471 2195 1549 2247; x_wconf 83' lang='grc' dir='ltr'><strong>Ἀ.</strong></span> <span class='ocrx_word' id='word_1_214' title='bbox 1575 2234 1588 2247; x_wconf 94' lang='grc'><strong>.</strong></span> <span class='ocrx_word' id='word_1_215' title='bbox 1614 2236 1615 2239; x_wconf 28' lang='grc' dir='ltr'>γ</span> <span class='ocrx_word' id='word_1_216' title='bbox 1645 2235 1657 2247; x_wconf 95' lang='grc'><strong>.</strong></span> <span class='ocrx_word' id='word_1_217' title='bbox 1689 2194 1748 2258; x_wconf 72' lang='grc' dir='ltr'><strong>εξ</strong></span> <span class='ocrx_word' id='word_1_218' title='bbox 1782 2195 1985 2266; x_wconf 77' lang='grc' dir='ltr'><strong>ἐκπέμ-</strong></span> 
     </span>
    </p>
   </div>
   <div class='ocr_carea' id='block_1_34' title="bbox 410 2279 1987 2356">
    <p class='ocr_par' dir='ltr' id='par_1_34' title="bbox 410 2279 1987 2356">
     <span class='ocr_line' id='line_1_34' title="bbox 410 2279 1987 2356; baseline 0.004 -24"><span class='ocrx_word' id='word_1_219' title='bbox 410 2281 581 2348; x_wconf 68' lang='grc' dir='ltr'><strong>ψεως.</strong></span> <span class='ocrx_word' id='word_1_220' title='bbox 606 2279 829 2336; x_wconf 87' lang='lat' dir='ltr'><strong>Barber.</strong></span> <span class='ocrx_word' id='word_1_221' title='bbox 865 2283 925 2348; x_wconf 80' lang='grc' dir='ltr'><strong>ἐξ</strong></span> <span class='ocrx_word' id='word_1_222' title='bbox 951 2279 1283 2356; x_wconf 73' lang='grc' dir='ltr'><strong>ἐπιτρίψεως</strong></span> <span class='ocrx_word' id='word_1_223' title='bbox 1317 2285 1474 2356; x_wconf 81' lang='grc' dir='ltr'><strong>χόλου</strong></span> <span class='ocrx_word' id='word_1_224' title='bbox 1516 2303 1630 2339; x_wconf 88' lang='grc' dir='ltr'><strong>σου.</strong></span> <span class='ocrx_word' id='word_1_225' title='bbox 1660 2287 1719 2339; x_wconf 89' lang='grc' dir='ltr'><strong>Σ.</strong></span> <span class='ocrx_word' id='word_1_226' title='bbox 1751 2326 1762 2337; x_wconf 95' lang='grc'><strong>.</strong></span> <span class='ocrx_word' id='word_1_227' title='bbox 1792 2327 1804 2339; x_wconf 95' lang='grc'><strong>.</strong></span> <span class='ocrx_word' id='word_1_228' title='bbox 1838 2326 1850 2338; x_wconf 94' lang='grc'><strong>.</strong></span> <span class='ocrx_word' id='word_1_229' title='bbox 1893 2287 1987 2339; x_wconf 69' lang='grc' dir='ltr'><strong>καὶ</strong></span> 
     </span>
    </p>
   </div>
   <div class='ocr_carea' id='block_1_35' title="bbox 411 2370 1988 2447">
    <p class='ocr_par' dir='ltr' id='par_1_35' title="bbox 411 2370 1988 2447">
     <span class='ocr_line' id='line_1_35' title="bbox 411 2370 1988 2447; baseline 0.005 -23"><span class='ocrx_word' id='word_1_230' title='bbox 411 2370 587 2438; x_wconf 75' lang='grc' dir='ltr'><strong>ἀφιὼν</strong></span> <span class='ocrx_word' id='word_1_231' title='bbox 633 2371 874 2442; x_wconf 83' lang='grc' dir='ltr'><strong>ἀκρίτως</strong></span> <span class='ocrx_word' id='word_1_232' title='bbox 917 2374 1008 2428; x_wconf 83' lang='grc' dir='ltr'><strong>τὸν</strong></span> <span class='ocrx_word' id='word_1_233' title='bbox 1035 2375 1206 2447; x_wconf 71' lang='grc' dir='ltr'><strong>Θυμδν</strong></span> <span class='ocrx_word' id='word_1_234' title='bbox 1241 2376 1459 2432; x_wconf 78' lang='grc' dir='ltr'><strong>ἑαυτοῦ.</strong></span> <span class='ocrx_word' id='word_1_235' title='bbox 1485 2379 1561 2441; x_wconf 87' lang='grc'><strong>0’,</strong></span> <span class='ocrx_word' id='word_1_236' title='bbox 1597 2373 1668 2429; x_wconf 83' lang='grc' dir='ltr'><strong><em>Ὦ</em></strong></span> <span class='ocrx_word' id='word_1_237' title='bbox 1691 2379 1719 2430; x_wconf 86' lang='grc' dir='ltr'>ὀ</span> <span class='ocrx_word' id='word_1_238' title='bbox 1751 2377 1988 2442; x_wconf 79' lang='grc' dir='ltr'><strong>ποτίζων</strong></span> 
     </span>
    </p>
   </div>
   <div class='ocr_carea' id='block_1_36' title="bbox 411 2459 1986 2537">
    <p class='ocr_par' dir='ltr' id='par_1_36' title="bbox 411 2459 1986 2537">
     <span class='ocr_line' id='line_1_36' title="bbox 411 2459 1986 2537; baseline 0.006 -27"><span class='ocrx_word' id='word_1_239' title='bbox 411 2459 504 2511; x_wconf 77' lang='grc' dir='ltr'><strong>τὸν</strong></span> <span class='ocrx_word' id='word_1_240' title='bbox 524 2459 752 2529; x_wconf 81' lang='grc' dir='ltr'><strong>πλησίον</strong></span> <span class='ocrx_word' id='word_1_241' title='bbox 773 2461 937 2514; x_wconf 78' lang='grc' dir='ltr'><strong>αὐτοῦ</strong></span> <span class='ocrx_word' id='word_1_242' title='bbox 963 2464 1242 2534; x_wconf 74' lang='grc' dir='ltr'><strong>ἀνατροπῇ</strong></span> <span class='ocrx_word' id='word_1_243' title='bbox 1275 2464 1486 2536; x_wconf 79' lang='grc' dir='ltr'><strong>θολερᾷ.</strong></span> <span class='ocrx_word' id='word_1_244' title='bbox 1519 2466 1597 2530; x_wconf 87' lang='lat' dir='ltr'><strong>E&#39;,</strong></span> <span class='ocrx_word' id='word_1_245' title='bbox 1637 2467 1695 2531; x_wconf 79' lang='grc' dir='ltr'>ἐξ</span> <span class='ocrx_word' id='word_1_246' title='bbox 1719 2467 1986 2537; x_wconf 86' lang='grc' dir='ltr'><strong>ἀπροσδο-</strong></span> 
     </span>
    </p>
   </div>
   <div class='ocr_carea' id='block_1_37' title="bbox 413 2548 1988 2634">
    <p class='ocr_par' dir='ltr' id='par_1_37' title="bbox 413 2548 1988 2634">
     <span class='ocr_line' id='line_1_37' title="bbox 413 2548 1988 2634; baseline 0.008 -36"><span class='ocrx_word' id='word_1_247' title='bbox 413 2548 582 2616; x_wconf 83' lang='grc' dir='ltr'><strong>κήτου</strong></span> <span class='ocrx_word' id='word_1_248' title='bbox 606 2549 917 2622; x_wconf 79' lang='grc' dir='ltr'><strong>ἀνατροπῆς</strong></span> <span class='ocrx_word' id='word_1_249' title='bbox 944 2553 1055 2634; x_wconf 46' lang='grc' dir='ltr'><strong>τῆς.</strong></span> <span class='ocrx_word' id='word_1_250' title='bbox 1077 2553 1247 2624; x_wconf 82' lang='grc' dir='ltr'><strong>ὀργῆς</strong></span> <span class='ocrx_word' id='word_1_251' title='bbox 1299 2571 1412 2608; x_wconf 81' lang='grc' dir='ltr'><strong>σου.</strong></span> <span class='ocrx_word' id='word_1_252' title='bbox 1443 2555 1505 2607; x_wconf 89' lang='grc' dir='ltr'><strong>Θ.</strong></span> <span class='ocrx_word' id='word_1_253' title='bbox 1543 2595 1555 2607; x_wconf 94' lang='grc'><strong>.</strong></span> <span class='ocrx_word' id='word_1_254' title='bbox 1594 2595 1607 2609; x_wconf 95' lang='grc'><strong>.</strong></span> <span class='ocrx_word' id='word_1_255' title='bbox 1638 2596 1651 2608; x_wconf 96' lang='grc'><strong>.</strong></span> <span class='ocrx_word' id='word_1_256' title='bbox 1689 2597 1702 2609; x_wconf 95' lang='grc'><strong>.</strong></span> <span class='ocrx_word' id='word_1_257' title='bbox 1735 2597 1747 2609; x_wconf 93' lang='grc'><strong>.</strong></span> <span class='ocrx_word' id='word_1_258' title='bbox 1787 2596 1800 2608; x_wconf 91' lang='grc'><strong>.</strong></span> <span class='ocrx_word' id='word_1_259' title='bbox 1843 2597 1855 2609; x_wconf 95' lang='grc'><strong>.</strong></span> <span class='ocrx_word' id='word_1_260' title='bbox 1879 2557 1988 2610; x_wconf 77' lang='grc' dir='ltr'><strong>ἀπὸ</strong></span> 
     </span>
    </p>
   </div>
   <div class='ocr_carea' id='block_1_38' title="bbox 413 2634 1987 2713">
    <p class='ocr_par' dir='ltr' id='par_1_38' title="bbox 413 2634 1987 2713">
     <span class='ocr_line' id='line_1_38' title="bbox 413 2634 1987 2713; baseline 0.008 -27"><span class='ocrx_word' id='word_1_261' title='bbox 413 2634 626 2703; x_wconf 84' lang='grc' dir='ltr'><strong>χύσεως</strong></span> <span class='ocrx_word' id='word_1_262' title='bbox 663 2637 836 2709; x_wconf 73' lang='grc' dir='ltr'><strong>οι)μοῦ</strong></span> <span class='ocrx_word' id='word_1_263' title='bbox 871 2656 989 2696; x_wconf 82' lang='grc' dir='ltr'><strong>σου.</strong></span> <span class='ocrx_word' id='word_1_264' title='bbox 1022 2642 1275 2709; x_wconf 77' lang='grc' dir='ltr'><strong>Ἄλλος,</strong></span> <span class='ocrx_word' id='word_1_265' title='bbox 1331 2643 1452 2695; x_wconf 74' lang='grc' dir='ltr'><strong>οὐαὶ</strong></span> <span class='ocrx_word' id='word_1_266' title='bbox 1483 2644 1559 2713; x_wconf 80' lang='grc' dir='ltr'><strong>τῷ</strong></span> <span class='ocrx_word' id='word_1_267' title='bbox 1600 2643 1871 2707; x_wconf 76' lang='grc' dir='ltr'><strong>ποτίζοντι</strong></span> <span class='ocrx_word' id='word_1_268' title='bbox 1897 2645 1987 2700; x_wconf 84' lang='grc' dir='ltr'><strong>τὸν</strong></span> 
     </span>
    </p>
   </div>
   <div class='ocr_carea' id='block_1_39' title="bbox 413 2727 1983 2806">
    <p class='ocr_par' dir='ltr' id='par_1_39' title="bbox 413 2727 1983 2806">
     <span class='ocr_line' id='line_1_39' title="bbox 413 2727 1983 2806; baseline 0.008 -29"><span class='ocrx_word' id='word_1_269' title='bbox 413 2727 629 2798; x_wconf 76' lang='grc' dir='ltr'><strong>ἑταῖρον</strong></span> <span class='ocrx_word' id='word_1_270' title='bbox 653 2730 818 2784; x_wconf 78' lang='grc' dir='ltr'><strong>αὑτοῦ</strong></span> <span class='ocrx_word' id='word_1_271' title='bbox 847 2732 1048 2805; x_wconf 84' lang='grc' dir='ltr'><strong>ἀέλλην</strong></span> <span class='ocrx_word' id='word_1_272' title='bbox 1078 2735 1406 2806; x_wconf 79' lang='grc' dir='ltr'><strong>πετομένην.</strong></span> <span class='ocrx_word' id='word_1_273' title='bbox 1442 2736 1674 2801; x_wconf 78' lang='grc' dir='ltr'><strong>Ἄλλος,</strong></span> <span class='ocrx_word' id='word_1_274' title='bbox 1708 2775 1721 2789; x_wconf 93' lang='grc'><strong>.</strong></span> <span class='ocrx_word' id='word_1_275' title='bbox 1763 2777 1774 2788; x_wconf 96' lang='grc'><strong>.</strong></span> <span class='ocrx_word' id='word_1_276' title='bbox 1824 2778 1836 2788; x_wconf 95' lang='grc'><strong>.</strong></span> <span class='ocrx_word' id='word_1_277' title='bbox 1873 2774 1886 2789; x_wconf 93' lang='grc'><strong>.</strong></span> <span class='ocrx_word' id='word_1_278' title='bbox 1924 2777 1936 2790; x_wconf 95' lang='grc'><strong>.</strong></span> <span class='ocrx_word' id='word_1_279' title='bbox 1968 2775 1983 2789; x_wconf 95' lang='grc'><strong>.</strong></span> 
     </span>
    </p>
   </div>
   <div class='ocr_carea' id='block_1_40' title="bbox 414 2820 1044 2894">
    <p class='ocr_par' dir='ltr' id='par_1_40' title="bbox 414 2820 1044 2894">
     <span class='ocr_line' id='line_1_40' title="bbox 414 2820 1044 2894; baseline 0.011 -22"><span class='ocrx_word' id='word_1_280' title='bbox 414 2820 666 2876; x_wconf 74' lang='grc' dir='ltr'><strong>ἔκστασιν</strong></span> <span class='ocrx_word' id='word_1_281' title='bbox 688 2821 1044 2894; x_wconf 78' lang='grc' dir='ltr'><strong>ὀχλουμένην.</strong></span> 
     </span>
    </p>
   </div>
   <div class='ocr_carea' id='block_1_41' title="bbox 413 3116 1986 3192">
    <p class='ocr_par' dir='ltr' id='par_1_41' title="bbox 413 3116 1986 3192">
     <span class='ocr_line' id='line_1_41' title="bbox 413 3116 1986 3192; baseline 0.008 -32"><span class='ocrx_word' id='word_1_282' title='bbox 413 3125 672 3182; x_wconf 60' lang='lat' dir='ltr'><strong>uni-ny}:</strong></span> <span class='ocrx_word' id='word_1_283' title='bbox 756 3118 835 3171; x_wconf 84' lang='lat' dir='ltr'><strong>’A.</strong></span> <span class='ocrx_word' id='word_1_284' title='bbox 859 3118 958 3189; x_wconf 78' lang='grc' dir='ltr'><strong>τὴν</strong></span> <span class='ocrx_word' id='word_1_285' title='bbox 987 3118 1264 3190; x_wconf 80' lang='grc' dir='ltr'><strong>γύμνωσιν</strong></span> <span class='ocrx_word' id='word_1_286' title='bbox 1286 3117 1488 3172; x_wconf 80' lang='grc' dir='ltr'><strong>αὐτῶν.</strong></span> <span class='ocrx_word' id='word_1_287' title='bbox 1523 3119 1579 3172; x_wconf 90' lang='lat'><strong>2.</strong></span> <span class='ocrx_word' id='word_1_288' title='bbox 1619 3116 1715 3188; x_wconf 82' lang='grc' dir='ltr'><strong>τὴν</strong></span> <span class='ocrx_word' id='word_1_289' title='bbox 1741 3117 1986 3192; x_wconf 60' lang='grc' dir='ltr'><strong>ἀσχημο-</strong></span> 
     </span>
    </p>
   </div>
   <div class='ocr_carea' id='block_1_42' title="bbox 415 3205 1507 3280">
    <p class='ocr_par' dir='ltr' id='par_1_42' title="bbox 415 3205 1507 3280">
     <span class='ocr_line' id='line_1_42' title="bbox 415 3205 1507 3280; baseline 0.005 -23"><span class='ocrx_word' id='word_1_290' title='bbox 415 3205 582 3276; x_wconf 84' lang='grc' dir='ltr'><strong>σύνην</strong></span> <span class='ocrx_word' id='word_1_291' title='bbox 606 3207 806 3260; x_wconf 79' lang='grc' dir='ltr'><strong>αὐτῶν.</strong></span> <span class='ocrx_word' id='word_1_292' title='bbox 842 3207 919 3271; x_wconf 85' lang='grc'><strong>0’,</strong></span> <span class='ocrx_word' id='word_1_293' title='bbox 949 3207 1016 3260; x_wconf 70' lang='grc' dir='ltr'><strong>τὰ</strong></span> <span class='ocrx_word' id='word_1_294' title='bbox 1043 3209 1282 3280; x_wconf 83' lang='grc' dir='ltr'><strong>σπήλαια</strong></span> <span class='ocrx_word' id='word_1_295' title='bbox 1307 3209 1507 3262; x_wconf 80' lang='grc' dir='ltr'><strong>αὐτῶν.</strong></span> 
     </span>
    </p>
   </div>
   <div class='ocr_carea' id='block_1_43' title="bbox 412 3281 1771 3374">
    <p class='ocr_par' dir='ltr' id='par_1_43' title="bbox 412 3281 1771 3374">
     <span class='ocr_line' id='line_1_43' title="bbox 412 3281 1771 3374; baseline 0.01 -32"><span class='ocrx_word' id='word_1_296' title='bbox 412 3281 584 3361; x_wconf 53' lang='lat' dir='ltr'><strong>lnam</strong></span> <span class='ocrx_word' id='word_1_297' title='bbox 623 3298 694 3352; x_wconf 79' lang='grc'><strong>16</strong></span> <span class='ocrx_word' id='word_1_298' title='bbox 773 3299 852 3352; x_wconf 81' lang='lat' dir='ltr'><strong>&#39;A.</strong></span> <span class='ocrx_word' id='word_1_299' title='bbox 887 3299 982 3353; x_wconf 73' lang='grc' dir='ltr'><strong>καὶ</strong></span> <span class='ocrx_word' id='word_1_300' title='bbox 1017 3301 1316 3373; x_wconf 80' lang='grc' dir='ltr'><strong>καρώθήτι.</strong></span> <span class='ocrx_word' id='word_1_301' title='bbox 1350 3304 1427 3367; x_wconf 91' lang='grc'><strong>0’,</strong></span> <span class='ocrx_word' id='word_1_302' title='bbox 1459 3301 1771 3374; x_wconf 76' lang='grc' dir='ltr'><strong>σαλεύθητι.</strong></span> 
     </span>
    </p>
   </div>
   <div class='ocr_carea' id='block_1_44' title="bbox 411 3472 1806 3550">
    <p class='ocr_par' dir='ltr' id='par_1_44' title="bbox 411 3472 1806 3550">
     <span class='ocr_line' id='line_1_44' title="bbox 411 3472 1806 3550; baseline 0.005 -20"><span class='ocrx_word' id='word_1_303' title='bbox 411 3487 540 3539; x_wconf 64' lang='grc' dir='ltr'><strong>ὕει-ι</strong></span> <span class='ocrx_word' id='word_1_304' title='bbox 578 3477 644 3530; x_wconf 83' lang='grc'><strong>17</strong></span> <span class='ocrx_word' id='word_1_305' title='bbox 730 3478 810 3532; x_wconf 82' lang='lat' dir='ltr'><strong>’A.</strong></span> <span class='ocrx_word' id='word_1_306' title='bbox 844 3472 1003 3550; x_wconf 74' lang='grc' dir='ltr'><strong>αἷμα.</strong></span> <span class='ocrx_word' id='word_1_307' title='bbox 1028 3480 1087 3534; x_wconf 86' lang='grc' dir='ltr'><strong>Σ.</strong></span> <span class='ocrx_word' id='word_1_308' title='bbox 1118 3480 1418 3548; x_wconf 78' lang='grc' dir='ltr'><strong>πλεονεξία.</strong></span> <span class='ocrx_word' id='word_1_309' title='bbox 1451 3483 1526 3547; x_wconf 77' lang='lat'><strong>0&#39;,</strong></span> <span class='ocrx_word' id='word_1_310' title='bbox 1563 3482 1806 3538; x_wconf 69' lang='grc' dir='ltr'><strong>ἀσέϐεια.</strong></span> 
     </span>
    </p>
   </div>
   <div class='ocr_carea' id='block_1_45' title="bbox 412 3656 1985 3731">
    <p class='ocr_par' dir='ltr' id='par_1_45' title="bbox 412 3656 1985 3731">
     <span class='ocr_line' id='line_1_45' title="bbox 412 3656 1985 3731; baseline 0.003 -21"><span class='ocrx_word' id='word_1_311' title='bbox 412 3664 603 3715; x_wconf 59' lang='lat' dir='ltr'><strong>manu</strong></span> <span class='ocrx_word' id='word_1_312' title='bbox 635 3664 744 3715; x_wconf 66' lang='lat' dir='ltr'><strong>wn</strong></span> <span class='ocrx_word' id='word_1_313' title='bbox 825 3656 908 3709; x_wconf 83' lang='lat' dir='ltr'><strong>’A.</strong></span> <span class='ocrx_word' id='word_1_314' title='bbox 933 3656 1028 3709; x_wconf 64' lang='grc' dir='ltr'><strong>καὶ</strong></span> <span class='ocrx_word' id='word_1_315' title='bbox 1056 3659 1304 3729; x_wconf 81' lang='grc' dir='ltr'><strong>προνομὴ</strong></span> <span class='ocrx_word' id='word_1_316' title='bbox 1334 3659 1568 3731; x_wconf 81' lang='grc' dir='ltr'><strong>κτηνῶν.</strong></span> <span class='ocrx_word' id='word_1_317' title='bbox 1602 3659 1660 3712; x_wconf 91' lang='grc' dir='ltr'><strong>Σ.</strong></span> <span class='ocrx_word' id='word_1_318' title='bbox 1707 3659 1985 3731; x_wconf 82' lang='grc' dir='ltr'><strong>διαρπαγὴ</strong></span> 
     </span>
    </p>
   </div>
   <div class='ocr_carea' id='block_1_46' title="bbox 413 3743 1387 3817">
    <p class='ocr_par' dir='ltr' id='par_1_46' title="bbox 413 3743 1387 3817">
     <span class='ocr_line' id='line_1_46' title="bbox 413 3743 1387 3817; baseline 0.009 -24"><span class='ocrx_word' id='word_1_319' title='bbox 413 3743 646 3812; x_wconf 79' lang='grc' dir='ltr'><strong>κτηνῶν.</strong></span> <span class='ocrx_word' id='word_1_320' title='bbox 680 3746 757 3808; x_wconf 81' lang='lat'><strong>0’,</strong></span> <span class='ocrx_word' id='word_1_321' title='bbox 795 3745 1139 3814; x_wconf 79' lang='grc' dir='ltr'><strong>ταλαιπωρία</strong></span> <span class='ocrx_word' id='word_1_322' title='bbox 1161 3746 1387 3817; x_wconf 83' lang='grc' dir='ltr'><strong>θηρίων.</strong></span> 
     </span>
    </p>
   </div>
   <div class='ocr_carea' id='block_1_47' title="bbox 411 3831 1988 3917">
    <p class='ocr_par' dir='ltr' id='par_1_47' title="bbox 411 3831 1988 3917">
     <span class='ocr_line' id='line_1_47' title="bbox 411 3831 1988 3917; baseline 0.008 -36"><span class='ocrx_word' id='word_1_323' title='bbox 411 3837 558 3917; x_wconf 63' lang='grc' dir='ltr'><strong>ἶῃήδ</strong></span> <span class='ocrx_word' id='word_1_324' title='bbox 647 3831 727 3885; x_wconf 85' lang='lat' dir='ltr'><strong>‘A.</strong></span> <span class='ocrx_word' id='word_1_325' title='bbox 752 3833 1083 3903; x_wconf 79' lang='grc' dir='ltr'><strong>καταπτήξει</strong></span> <span class='ocrx_word' id='word_1_326' title='bbox 1109 3835 1325 3899; x_wconf 85' lang='grc' dir='ltr'><strong>αὐτούς.</strong></span> <span class='ocrx_word' id='word_1_327' title='bbox 1354 3838 1412 3891; x_wconf 93' lang='lat'><strong>2.</strong></span> <span class='ocrx_word' id='word_1_328' title='bbox 1439 3838 1683 3908; x_wconf 75' lang='grc' dir='ltr'><strong>ἡττήσει.</strong></span> <span class='ocrx_word' id='word_1_329' title='bbox 1719 3841 1794 3904; x_wconf 87' lang='grc'><strong>0’,</strong></span> <span class='ocrx_word' id='word_1_330' title='bbox 1824 3839 1988 3911; x_wconf 82' lang='grc' dir='ltr'><strong>πτοή-</strong></span> 
     </span>
    </p>
   </div>
   <div class='ocr_carea' id='block_1_48' title="bbox 417 3938 604 3974">
    <p class='ocr_par' dir='ltr' id='par_1_48' title="bbox 417 3938 604 3974">
     <span class='ocr_line' id='line_1_48' title="bbox 417 3938 604 3974; baseline 0.005 -1"><span class='ocrx_word' id='word_1_331' title='bbox 417 3938 498 3974; x_wconf 80' lang='grc' dir='ltr'><strong>σει</strong></span> <span class='ocrx_word' id='word_1_332' title='bbox 525 3938 604 3974; x_wconf 84' lang='grc' dir='ltr'><strong>σε.</strong></span> 
     </span>
    </p>
   </div>
   <div class='ocr_carea' id='block_1_49' title="bbox 414 3997 1385 4087">
    <p class='ocr_par' dir='ltr' id='par_1_49' title="bbox 414 3997 1385 4087">
     <span class='ocr_line' id='line_1_49' title="bbox 414 3997 1385 4087; baseline 0.016 -30"><span class='ocrx_word' id='word_1_333' title='bbox 414 3997 606 4073; x_wconf 64' lang='lat' dir='ltr'><strong>md»:</strong></span> <span class='ocrx_word' id='word_1_334' title='bbox 639 4013 705 4068; x_wconf 83' lang='lat' dir='ltr'><strong>l8</strong></span> <span class='ocrx_word' id='word_1_335' title='bbox 778 4015 837 4068; x_wconf 86' lang='lat'><strong>2.</strong></span> <span class='ocrx_word' id='word_1_336' title='bbox 862 4013 1052 4069; x_wconf 81' lang='grc' dir='ltr'><strong>ἄλαλα.</strong></span> <span class='ocrx_word' id='word_1_337' title='bbox 1095 4018 1171 4082; x_wconf 88' lang='lat'><strong>0&#39;,</strong></span> <span class='ocrx_word' id='word_1_338' title='bbox 1205 4018 1385 4087; x_wconf 77' lang='grc' dir='ltr'><strong>κωφὰ.</strong></span> 
     </span>
    </p>
   </div>
   <div class='ocr_carea' id='block_1_50' title="bbox 411 4093 1988 4196">
    <p class='ocr_par' dir='ltr' id='par_1_50' title="bbox 411 4093 1988 4196">
     <span class='ocr_line' id='line_1_50' title="bbox 411 4093 1988 4196; baseline 0 -32"><span class='ocrx_word' id='word_1_339' title='bbox 411 4115 588 4194; x_wconf 58' lang='lat' dir='ltr'><strong>map:</strong></span> <span class='ocrx_word' id='word_1_340' title='bbox 622 4117 707 4196; x_wconf 56' lang='lat' dir='ltr'><strong>PN</strong></span> <span class='ocrx_word' id='word_1_341' title='bbox 740 4093 965 4171; x_wconf 54' lang='lat' dir='ltr'><strong>run-5:1</strong></span> <span class='ocrx_word' id='word_1_342' title='bbox 998 4109 1062 4163; x_wconf 84' lang='lat' dir='ltr'><strong>l9</strong></span> <span class='ocrx_word' id='word_1_343' title='bbox 1150 4111 1228 4164; x_wconf 89' lang='grc' dir='ltr'><strong>Ἀ.</strong></span> <span class='ocrx_word' id='word_1_344' title='bbox 1268 4150 1282 4165; x_wconf 96' lang='grc'><strong>.</strong></span> <span class='ocrx_word' id='word_1_345' title='bbox 1317 4149 1331 4164; x_wconf 96' lang='grc'><strong>.</strong></span> <span class='ocrx_word' id='word_1_346' title='bbox 1362 4150 1376 4164; x_wconf 92' lang='grc'><strong>.</strong></span> <span class='ocrx_word' id='word_1_347' title='bbox 1407 4150 1421 4165; x_wconf 96' lang='grc'><strong>.</strong></span> <span class='ocrx_word' id='word_1_348' title='bbox 1453 4111 1532 4178; x_wconf 83' lang='grc'><strong>0’,</strong></span> <span class='ocrx_word' id='word_1_349' title='bbox 1562 4111 1654 4165; x_wconf 76' lang='grc' dir='ltr'><strong>καὶ</strong></span> <span class='ocrx_word' id='word_1_350' title='bbox 1689 4113 1798 4166; x_wconf 82' lang='grc' dir='ltr'><strong>πᾶν</strong></span> <span class='ocrx_word' id='word_1_351' title='bbox 1823 4110 1988 4166; x_wconf 79' lang='grc' dir='ltr'><strong>πνεῢ·</strong></span> 
     </span>
    </p>
   </div>
   <div class='ocr_carea' id='block_1_51' title="bbox 417 4199 1066 4270">
    <p class='ocr_par' dir='ltr' id='par_1_51' title="bbox 417 4199 1066 4270">
     <span class='ocr_line' id='line_1_51' title="bbox 417 4199 1066 4270; baseline 0 -18"><span class='ocrx_word' id='word_1_352' title='bbox 417 4213 492 4267; x_wconf 79' lang='grc' dir='ltr'><strong>μα</strong></span> <span class='ocrx_word' id='word_1_353' title='bbox 519 4199 618 4253; x_wconf 81' lang='grc' dir='ltr'><strong>οὐκ</strong></span> <span class='ocrx_word' id='word_1_354' title='bbox 640 4199 784 4253; x_wconf 74' lang='grc' dir='ltr'><strong>ἔστιν</strong></span> <span class='ocrx_word' id='word_1_355' title='bbox 811 4201 868 4254; x_wconf 86' lang='grc' dir='ltr'><strong>ὲν</strong></span> <span class='ocrx_word' id='word_1_356' title='bbox 897 4199 1066 4270; x_wconf 84' lang='grc' dir='ltr'><strong>αὐτῷ.</strong></span> 
     </span>
    </p>
   </div>
   <div class='ocr_carea' id='block_1_52' title="bbox 2158 1738 3667 1811">
    <p class='ocr_par' dir='ltr' id='par_1_52' title="bbox 2158 1738 3667 1811">
     <span class='ocr_line' id='line_1_52' title="bbox 2158 1738 3667 1811; baseline -0.001 -16"><span class='ocrx_word' id='word_1_357' title='bbox 2158 1739 2297 1797; x_wconf 80' lang='lat' dir='ltr'><strong>Hel).</strong></span> <span class='ocrx_word' id='word_1_358' title='bbox 2327 1749 2384 1796; x_wconf 90' lang='lat' dir='ltr'><strong>et</strong></span> <span class='ocrx_word' id='word_1_359' title='bbox 2408 1741 2558 1796; x_wconf 88' lang='lat' dir='ltr'><strong>trabs</strong></span> <span class='ocrx_word' id='word_1_360' title='bbox 2590 1740 2657 1795; x_wconf 90' lang='lat' dir='ltr'><strong>de</strong></span> <span class='ocrx_word' id='word_1_361' title='bbox 2685 1739 2832 1810; x_wconf 89' lang='lat' dir='ltr'><strong>ligno</strong></span> <span class='ocrx_word' id='word_1_362' title='bbox 2855 1739 3289 1811; x_wconf 87' lang='lat' dir='ltr'><strong>respondebitei.</strong></span> <span class='ocrx_word' id='word_1_363' title='bbox 3313 1738 3378 1792; x_wconf 84' lang='lat' dir='ltr'><strong>A.</strong></span> <span class='ocrx_word' id='word_1_364' title='bbox 3403 1748 3458 1793; x_wconf 91' lang='lat' dir='ltr'><strong>et</strong></span> <span class='ocrx_word' id='word_1_365' title='bbox 3489 1753 3667 1796; x_wconf 81' lang='lat' dir='ltr'><strong>massa</strong></span> 
     </span>
    </p>
   </div>
   <div class='ocr_carea' id='block_1_53' title="bbox 2085 1827 3669 1904">
    <p class='ocr_par' dir='ltr' id='par_1_53' title="bbox 2085 1827 3669 1904">
     <span class='ocr_line' id='line_1_53' title="bbox 2085 1827 3669 1904; baseline -0.004 -14"><span class='ocrx_word' id='word_1_366' title='bbox 2085 1834 2314 1904; x_wconf 81' lang='lat' dir='ltr'><strong>dcligno</strong></span> <span class='ocrx_word' id='word_1_367' title='bbox 2345 1831 2714 1902; x_wconf 85' lang='lat' dir='ltr'><strong>respondebit.</strong></span> <span class='ocrx_word' id='word_1_368' title='bbox 2743 1829 2800 1884; x_wconf 92' lang='lat' dir='ltr'><strong>S.</strong></span> <span class='ocrx_word' id='word_1_369' title='bbox 2837 1839 2893 1885; x_wconf 92' lang='lat' dir='ltr'><strong>et</strong></span> <span class='ocrx_word' id='word_1_370' title='bbox 2937 1829 3219 1900; x_wconf 74' lang='lat' dir='ltr'><strong>colligatio</strong></span> <span class='ocrx_word' id='word_1_371' title='bbox 3247 1828 3458 1884; x_wconf 67' lang='lat' dir='ltr'><strong>aedilicii</strong></span> <span class='ocrx_word' id='word_1_372' title='bbox 3489 1827 3669 1899; x_wconf 79' lang='lat' dir='ltr'><strong>lignea</strong></span> 
     </span>
    </p>
   </div>
   <div class='ocr_carea' id='block_1_54' title="bbox 2088 1919 3668 1993">
    <p class='ocr_par' dir='ltr' id='par_1_54' title="bbox 2088 1919 3668 1993">
     <span class='ocr_line' id='line_1_54' title="bbox 2088 1919 3668 1993; baseline -0.004 -12"><span class='ocrx_word' id='word_1_373' title='bbox 2088 1941 2275 1981; x_wconf 87' lang='lat' dir='ltr'><strong>vocem</strong></span> <span class='ocrx_word' id='word_1_374' title='bbox 2309 1924 2480 1980; x_wconf 89' lang='lat' dir='ltr'><strong>dabit.</strong></span> <span class='ocrx_word' id='word_1_375' title='bbox 2507 1922 2670 1978; x_wconf 87' lang='lat' dir='ltr'><strong>Th.V</strong></span> <span class='ocrx_word' id='word_1_376' title='bbox 2710 1922 2809 1978; x_wconf 89' lang='lat' dir='ltr'><strong>Ed.</strong></span> <span class='ocrx_word' id='word_1_377' title='bbox 2842 1931 2898 1978; x_wconf 90' lang='lat' dir='ltr'><strong>et</strong></span> <span class='ocrx_word' id='word_1_378' title='bbox 2945 1922 3218 1993; x_wconf 76' lang='lat' dir='ltr'><strong>colligatio</strong></span> <span class='ocrx_word' id='word_1_379' title='bbox 3249 1921 3376 1993; x_wconf 88' lang='lat' dir='ltr'><strong>ligni</strong></span> <span class='ocrx_word' id='word_1_380' title='bbox 3403 1919 3668 1976; x_wconf 80' lang='lat' dir='ltr'><strong>vocifera-</strong></span> 
     </span>
    </p>
   </div>
   <div class='ocr_carea' id='block_1_55' title="bbox 2085 2011 3666 2085">
    <p class='ocr_par' dir='ltr' id='par_1_55' title="bbox 2085 2011 3666 2085">
     <span class='ocr_line' id='line_1_55' title="bbox 2085 2011 3666 2085; baseline -0.003 -13"><span class='ocrx_word' id='word_1_381' title='bbox 2085 2016 2235 2073; x_wconf 91' lang='lat' dir='ltr'><strong>bitur</strong></span> <span class='ocrx_word' id='word_1_382' title='bbox 2263 2030 2347 2070; x_wconf 92' lang='lat' dir='ltr'><strong>ea.</strong></span> <span class='ocrx_word' id='word_1_383' title='bbox 2380 2013 2503 2069; x_wconf 83' lang='lat' dir='ltr'><strong>Vul.</strong></span> <span class='ocrx_word' id='word_1_384' title='bbox 2535 2025 2586 2070; x_wconf 92' lang='lat' dir='ltr'><strong>et</strong></span> <span class='ocrx_word' id='word_1_385' title='bbox 2621 2015 2853 2085; x_wconf 88' lang='lat' dir='ltr'><strong>lignum,</strong></span> <span class='ocrx_word' id='word_1_386' title='bbox 2893 2014 3036 2084; x_wconf 91' lang='lat' dir='ltr'><strong>quod</strong></span> <span class='ocrx_word' id='word_1_387' title='bbox 3061 2013 3204 2068; x_wconf 89' lang='lat' dir='ltr'><strong>inter</strong></span> <span class='ocrx_word' id='word_1_388' title='bbox 3225 2011 3513 2082; x_wconf 88' lang='lat' dir='ltr'><strong>juncturas</strong></span> <span class='ocrx_word' id='word_1_389' title='bbox 3532 2012 3666 2067; x_wconf 75' lang='lat' dir='ltr'><strong>tedi-</strong></span> 
     </span>
    </p>
   </div>
   <div class='ocr_carea' id='block_1_56' title="bbox 2087 2107 2846 2178">
    <p class='ocr_par' dir='ltr' id='par_1_56' title="bbox 2087 2107 2846 2178">
     <span class='ocr_line' id='line_1_56' title="bbox 2087 2107 2846 2178; baseline -0.007 -12"><span class='ocrx_word' id='word_1_390' title='bbox 2087 2111 2332 2166; x_wconf 84' lang='lat' dir='ltr'><strong>liciorum</strong></span> <span class='ocrx_word' id='word_1_391' title='bbox 2368 2119 2452 2165; x_wconf 90' lang='lat' dir='ltr'><strong>est</strong></span> <span class='ocrx_word' id='word_1_392' title='bbox 2476 2107 2846 2178; x_wconf 89' lang='lat' dir='ltr'><strong>respondebit.</strong></span> 
     </span>
    </p>
   </div>
   <div class='ocr_carea' id='block_1_57' title="bbox 2157 2195 3661 2269">
    <p class='ocr_par' dir='ltr' id='par_1_57' title="bbox 2157 2195 3661 2269">
     <span class='ocr_line' id='line_1_57' title="bbox 2157 2195 3661 2269; baseline -0.002 -15"><span class='ocrx_word' id='word_1_393' title='bbox 2157 2202 2243 2256; x_wconf 84' lang='grc'><strong>15.</strong></span> <span class='ocrx_word' id='word_1_394' title='bbox 2275 2201 2436 2256; x_wconf 89' lang='lat' dir='ltr'><strong>Hebr.</strong></span> <span class='ocrx_word' id='word_1_395' title='bbox 2471 2200 2559 2254; x_wconf 69' lang='lat' dir='ltr'><strong>Va:</strong></span> <span class='ocrx_word' id='word_1_396' title='bbox 2612 2196 2925 2269; x_wconf 88' lang='lat' dir='ltr'><strong>propinanti</strong></span> <span class='ocrx_word' id='word_1_397' title='bbox 2975 2196 3128 2251; x_wconf 86' lang='lat' dir='ltr'><strong>socio</strong></span> <span class='ocrx_word' id='word_1_398' title='bbox 3177 2209 3300 2261; x_wconf 93' lang='lat' dir='ltr'><strong>suo,</strong></span> <span class='ocrx_word' id='word_1_399' title='bbox 3350 2195 3661 2266; x_wconf 84' lang='lat' dir='ltr'><strong>adjungenti</strong></span> 
     </span>
    </p>
   </div>
   <div class='ocr_carea' id='block_1_58' title="bbox 2086 2287 3668 2348">
    <p class='ocr_par' dir='ltr' id='par_1_58' title="bbox 2086 2287 3668 2348">
     <span class='ocr_line' id='line_1_58' title="bbox 2086 2287 3668 2348; baseline -0.004 0"><span class='ocrx_word' id='word_1_400' title='bbox 2086 2309 2354 2348; x_wconf 85' lang='lat' dir='ltr'><strong>venenum</strong></span> <span class='ocrx_word' id='word_1_401' title='bbox 2387 2304 2562 2347; x_wconf 91' lang='lat' dir='ltr'><strong>tuum.</strong></span> <span class='ocrx_word' id='word_1_402' title='bbox 2589 2291 2652 2345; x_wconf 87' lang='lat' dir='ltr'><strong>A.</strong></span> <span class='ocrx_word' id='word_1_403' title='bbox 2684 2329 2698 2344; x_wconf 94' lang='lat'><strong>.</strong></span> <span class='ocrx_word' id='word_1_404' title='bbox 2728 2331 2740 2344; x_wconf 98' lang='lat'><strong>.</strong></span> <span class='ocrx_word' id='word_1_405' title='bbox 2771 2329 2785 2344; x_wconf 94' lang='lat'><strong>.</strong></span> <span class='ocrx_word' id='word_1_406' title='bbox 2815 2331 2829 2344; x_wconf 95' lang='lat'><strong>.</strong></span> <span class='ocrx_word' id='word_1_407' title='bbox 2880 2305 2946 2346; x_wconf 78' lang='lat' dir='ltr'><strong>ex</strong></span> <span class='ocrx_word' id='word_1_408' title='bbox 2975 2288 3288 2344; x_wconf 85' lang='lat' dir='ltr'><strong>emissione.</strong></span> <span class='ocrx_word' id='word_1_409' title='bbox 3320 2287 3482 2340; x_wconf 88' lang='lat' dir='ltr'><strong>Barb.</strong></span> <span class='ocrx_word' id='word_1_410' title='bbox 3509 2287 3668 2342; x_wconf 81' lang='lat' dir='ltr'><strong>attri-</strong></span> 
     </span>
    </p>
   </div>
   <div class='ocr_carea' id='block_1_59' title="bbox 2088 2378 3666 2447">
    <p class='ocr_par' dir='ltr' id='par_1_59' title="bbox 2088 2378 3666 2447">
     <span class='ocr_line' id='line_1_59' title="bbox 2088 2378 3666 2447; baseline -0.004 -8"><span class='ocrx_word' id='word_1_411' title='bbox 2088 2386 2235 2441; x_wconf 83' lang='lat' dir='ltr'><strong>tione</strong></span> <span class='ocrx_word' id='word_1_412' title='bbox 2265 2384 2470 2440; x_wconf 82' lang='lat' dir='ltr'><strong>furoris</strong></span> <span class='ocrx_word' id='word_1_413' title='bbox 2502 2383 2601 2438; x_wconf 91' lang='lat' dir='ltr'><strong>tui.</strong></span> <span class='ocrx_word' id='word_1_414' title='bbox 2640 2382 2698 2436; x_wconf 89' lang='lat' dir='ltr'><strong>S.</strong></span> <span class='ocrx_word' id='word_1_415' title='bbox 2730 2422 2743 2436; x_wconf 94' lang='lat'><strong>.</strong></span> <span class='ocrx_word' id='word_1_416' title='bbox 2775 2423 2789 2435; x_wconf 92' lang='lat'><strong>.</strong></span> <span class='ocrx_word' id='word_1_417' title='bbox 2821 2421 2834 2434; x_wconf 94' lang='lat'><strong>.</strong></span> <span class='ocrx_word' id='word_1_418' title='bbox 2859 2423 2872 2435; x_wconf 94' lang='lat'><strong>.</strong></span> <span class='ocrx_word' id='word_1_419' title='bbox 2897 2391 2951 2436; x_wconf 90' lang='lat' dir='ltr'><strong>et</strong></span> <span class='ocrx_word' id='word_1_420' title='bbox 2989 2379 3245 2434; x_wconf 88' lang='lat' dir='ltr'><strong>emittens</strong></span> <span class='ocrx_word' id='word_1_421' title='bbox 3286 2379 3490 2447; x_wconf 89' lang='lat' dir='ltr'><strong>absque</strong></span> <span class='ocrx_word' id='word_1_422' title='bbox 3513 2378 3666 2446; x_wconf 87' lang='lat' dir='ltr'><strong>judi-</strong></span> 
     </span>
    </p>
   </div>
   <div class='ocr_carea' id='block_1_60' title="bbox 2087 2468 3667 2540">
    <p class='ocr_par' dir='ltr' id='par_1_60' title="bbox 2087 2468 3667 2540">
     <span class='ocr_line' id='line_1_60' title="bbox 2087 2468 3667 2540; baseline -0.006 -9"><span class='ocrx_word' id='word_1_423' title='bbox 2087 2477 2173 2531; x_wconf 81' lang='lat' dir='ltr'><strong>cio</strong></span> <span class='ocrx_word' id='word_1_424' title='bbox 2202 2475 2442 2531; x_wconf 78' lang='lat' dir='ltr'><strong>furorem</strong></span> <span class='ocrx_word' id='word_1_425' title='bbox 2477 2489 2657 2529; x_wconf 88' lang='lat' dir='ltr'><strong>suum.</strong></span> <span class='ocrx_word' id='word_1_426' title='bbox 2687 2470 2849 2535; x_wconf 85' lang='lat' dir='ltr'><strong>LXX,</strong></span> <span class='ocrx_word' id='word_1_427' title='bbox 2887 2469 2931 2525; x_wconf 92' lang='grc' dir='ltr'><strong>Ο</strong></span> <span class='ocrx_word' id='word_1_428' title='bbox 2970 2470 3062 2540; x_wconf 86' lang='lat' dir='ltr'><strong>qui</strong></span> <span class='ocrx_word' id='word_1_429' title='bbox 3113 2468 3364 2538; x_wconf 88' lang='lat' dir='ltr'><strong>pr0pinat</strong></span> <span class='ocrx_word' id='word_1_430' title='bbox 3414 2468 3667 2538; x_wconf 76' lang='lat' dir='ltr'><strong>proximo</strong></span> 
     </span>
    </p>
   </div>
   <div class='ocr_carea' id='block_1_61' title="bbox 2089 2560 3665 2630">
    <p class='ocr_par' dir='ltr' id='par_1_61' title="bbox 2089 2560 3665 2630">
     <span class='ocr_line' id='line_1_61' title="bbox 2089 2560 3665 2630; baseline -0.006 -6"><span class='ocrx_word' id='word_1_431' title='bbox 2089 2583 2192 2624; x_wconf 92' lang='lat' dir='ltr'><strong>suo</strong></span> <span class='ocrx_word' id='word_1_432' title='bbox 2225 2567 2640 2624; x_wconf 89' lang='lat' dir='ltr'><strong>subversionem</strong></span> <span class='ocrx_word' id='word_1_433' title='bbox 2689 2564 2982 2620; x_wconf 85' lang='lat' dir='ltr'><strong>turbidam.</strong></span> <span class='ocrx_word' id='word_1_434' title='bbox 3013 2561 3078 2628; x_wconf 85' lang='lat' dir='ltr'><strong>V,</strong></span> <span class='ocrx_word' id='word_1_435' title='bbox 3112 2561 3180 2616; x_wconf 91' lang='lat' dir='ltr'><strong>de</strong></span> <span class='ocrx_word' id='word_1_436' title='bbox 3231 2561 3502 2630; x_wconf 88' lang='lat' dir='ltr'><strong>insperata</strong></span> <span class='ocrx_word' id='word_1_437' title='bbox 3535 2560 3665 2615; x_wconf 91' lang='lat' dir='ltr'><strong>sub-</strong></span> 
     </span>
    </p>
   </div>
   <div class='ocr_carea' id='block_1_62' title="bbox 2087 2650 3662 2717">
    <p class='ocr_par' dir='ltr' id='par_1_62' title="bbox 2087 2650 3662 2717">
     <span class='ocr_line' id='line_1_62' title="bbox 2087 2650 3662 2717; baseline -0.004 -4"><span class='ocrx_word' id='word_1_438' title='bbox 2087 2661 2338 2717; x_wconf 80' lang='lat' dir='ltr'><strong>versione</strong></span> <span class='ocrx_word' id='word_1_439' title='bbox 2368 2660 2463 2714; x_wconf 72' lang='lat' dir='ltr'><strong>ira:</strong></span> <span class='ocrx_word' id='word_1_440' title='bbox 2485 2669 2610 2714; x_wconf 71' lang='lat' dir='ltr'><strong>tuae.</strong></span> <span class='ocrx_word' id='word_1_441' title='bbox 2641 2655 2745 2712; x_wconf 87' lang='lat' dir='ltr'><strong>Th.</strong></span> <span class='ocrx_word' id='word_1_442' title='bbox 2776 2699 2787 2710; x_wconf 95' lang='lat'><strong>.</strong></span> <span class='ocrx_word' id='word_1_443' title='bbox 2817 2696 2830 2709; x_wconf 96' lang='lat'><strong>.</strong></span> <span class='ocrx_word' id='word_1_444' title='bbox 2859 2698 2871 2710; x_wconf 96' lang='lat'><strong>.</strong></span> <span class='ocrx_word' id='word_1_445' title='bbox 2902 2696 2915 2708; x_wconf 93' lang='lat'><strong>.</strong></span> <span class='ocrx_word' id='word_1_446' title='bbox 2945 2655 3010 2710; x_wconf 91' lang='lat' dir='ltr'><strong>de</strong></span> <span class='ocrx_word' id='word_1_447' title='bbox 3043 2653 3308 2709; x_wconf 81' lang='lat' dir='ltr'><strong>ell‘usione</strong></span> <span class='ocrx_word' id='word_1_448' title='bbox 3340 2650 3541 2707; x_wconf 81' lang='lat' dir='ltr'><strong>furoris</strong></span> <span class='ocrx_word' id='word_1_449' title='bbox 3563 2653 3662 2707; x_wconf 92' lang='lat' dir='ltr'><strong>lui.</strong></span> 
     </span>
    </p>
   </div>
   <div class='ocr_carea' id='block_1_63' title="bbox 2087 2741 3667 2820">
    <p class='ocr_par' dir='ltr' id='par_1_63' title="bbox 2087 2741 3667 2820">
     <span class='ocr_line' id='line_1_63' title="bbox 2087 2741 3667 2820; baseline -0.008 -13"><span class='ocrx_word' id='word_1_450' title='bbox 2087 2753 2261 2817; x_wconf 80' lang='lat' dir='ltr'><strong>Alius,</strong></span> <span class='ocrx_word' id='word_1_451' title='bbox 2287 2750 2389 2805; x_wconf 65' lang='grc' dir='ltr'><strong>-νω</strong></span> <span class='ocrx_word' id='word_1_452' title='bbox 2427 2751 2520 2820; x_wconf 88' lang='lat' dir='ltr'><strong>qui</strong></span> <span class='ocrx_word' id='word_1_453' title='bbox 2549 2758 2744 2820; x_wconf 91' lang='lat' dir='ltr'><strong>potum</strong></span> <span class='ocrx_word' id='word_1_454' title='bbox 2783 2748 2876 2803; x_wconf 87' lang='lat' dir='ltr'><strong>dat</strong></span> <span class='ocrx_word' id='word_1_455' title='bbox 2917 2745 3095 2800; x_wconf 87' lang='lat' dir='ltr'><strong>amico</strong></span> <span class='ocrx_word' id='word_1_456' title='bbox 3132 2758 3233 2800; x_wconf 91' lang='lat' dir='ltr'><strong>suo</strong></span> <span class='ocrx_word' id='word_1_457' title='bbox 3263 2741 3530 2797; x_wconf 85' lang='lat' dir='ltr'><strong>turbinem</strong></span> <span class='ocrx_word' id='word_1_458' title='bbox 3571 2758 3667 2795; x_wconf 85' lang='lat' dir='ltr'><strong>vo-</strong></span> 
     </span>
    </p>
   </div>
   <div class='ocr_carea' id='block_1_64' title="bbox 2087 2834 3660 2910">
    <p class='ocr_par' dir='ltr' id='par_1_64' title="bbox 2087 2834 3660 2910">
     <span class='ocr_line' id='line_1_64' title="bbox 2087 2834 3660 2910; baseline -0.008 -12"><span class='ocrx_word' id='word_1_459' title='bbox 2087 2845 2311 2899; x_wconf 89' lang='lat' dir='ltr'><strong>lantem.</strong></span> <span class='ocrx_word' id='word_1_460' title='bbox 2339 2843 2514 2907; x_wconf 79' lang='lat' dir='ltr'><strong>Alius,</strong></span> <span class='ocrx_word' id='word_1_461' title='bbox 2542 2840 2634 2896; x_wconf 72' lang='grc' dir='ltr'><strong>νω</strong></span> <span class='ocrx_word' id='word_1_462' title='bbox 2661 2841 2752 2910; x_wconf 90' lang='lat' dir='ltr'><strong>qui</strong></span> <span class='ocrx_word' id='word_1_463' title='bbox 2787 2835 2974 2910; x_wconf 74' lang='lat' dir='ltr'><strong>polum</strong></span> <span class='ocrx_word' id='word_1_464' title='bbox 3003 2837 3097 2892; x_wconf 89' lang='lat' dir='ltr'><strong>dat</strong></span> <span class='ocrx_word' id='word_1_465' title='bbox 3125 2835 3303 2889; x_wconf 87' lang='lat' dir='ltr'><strong>amico</strong></span> <span class='ocrx_word' id='word_1_466' title='bbox 3325 2847 3426 2888; x_wconf 93' lang='lat' dir='ltr'><strong>suo</strong></span> <span class='ocrx_word' id='word_1_467' title='bbox 3453 2834 3660 2887; x_wconf 82' lang='lat' dir='ltr'><strong>extasin</strong></span> 
     </span>
    </p>
   </div>
   <div class='ocr_carea' id='block_1_65' title="bbox 2093 2923 3658 3001">
    <p class='ocr_par' dir='ltr' id='par_1_65' title="bbox 2093 2923 3658 3001">
     <span class='ocr_line' id='line_1_65' title="bbox 2093 2923 3658 3001; baseline -0.01 -9"><span class='ocrx_word' id='word_1_468' title='bbox 2093 2936 2395 2992; x_wconf 80' lang='lat' dir='ltr'><strong>turbidam.</strong></span> <span class='ocrx_word' id='word_1_469' title='bbox 2443 2933 2569 2988; x_wconf 82' lang='lat' dir='ltr'><strong>Vul.</strong></span> <span class='ocrx_word' id='word_1_470' title='bbox 2600 2931 2692 2986; x_wconf 72' lang='lat' dir='ltr'><strong>Vae</strong></span> <span class='ocrx_word' id='word_1_471' title='bbox 2715 2931 2808 3001; x_wconf 90' lang='lat' dir='ltr'><strong>qui</strong></span> <span class='ocrx_word' id='word_1_472' title='bbox 2841 2937 3029 3000; x_wconf 88' lang='lat' dir='ltr'><strong>potum</strong></span> <span class='ocrx_word' id='word_1_473' title='bbox 3058 2927 3150 2982; x_wconf 87' lang='lat' dir='ltr'><strong>dat</strong></span> <span class='ocrx_word' id='word_1_474' title='bbox 3182 2925 3360 2980; x_wconf 89' lang='lat' dir='ltr'><strong>amico</strong></span> <span class='ocrx_word' id='word_1_475' title='bbox 3395 2939 3512 2987; x_wconf 89' lang='lat' dir='ltr'><strong>suo,</strong></span> <span class='ocrx_word' id='word_1_476' title='bbox 3535 2923 3658 2977; x_wconf 88' lang='lat' dir='ltr'><strong>mit-</strong></span> 
     </span>
    </p>
   </div>
   <div class='ocr_carea' id='block_1_66' title="bbox 2089 3025 2531 3083">
    <p class='ocr_par' dir='ltr' id='par_1_66' title="bbox 2089 3025 2531 3083">
     <span class='ocr_line' id='line_1_66' title="bbox 2089 3025 2531 3083; baseline -0.009 -1"><span class='ocrx_word' id='word_1_477' title='bbox 2089 3037 2209 3083; x_wconf 86' lang='lat' dir='ltr'><strong>tens</strong></span> <span class='ocrx_word' id='word_1_478' title='bbox 2245 3025 2316 3081; x_wconf 78' lang='lat' dir='ltr'><strong>fel</strong></span> <span class='ocrx_word' id='word_1_479' title='bbox 2349 3039 2531 3080; x_wconf 90' lang='lat' dir='ltr'><strong>suum.</strong></span> 
     </span>
    </p>
   </div>
   <div class='ocr_carea' id='block_1_67' title="bbox 2161 3100 3668 3171">
    <p class='ocr_par' dir='ltr' id='par_1_67' title="bbox 2161 3100 3668 3171">
     <span class='ocr_line' id='line_1_67' title="bbox 2161 3100 3668 3171; baseline -0.011 -2"><span class='ocrx_word' id='word_1_480' title='bbox 2161 3116 2226 3170; x_wconf 88' lang='lat' dir='ltr'><strong>ll.</strong></span> <span class='ocrx_word' id='word_1_481' title='bbox 2261 3116 2556 3170; x_wconf 89' lang='lat' dir='ltr'><strong>nuditates.</strong></span> <span class='ocrx_word' id='word_1_482' title='bbox 2593 3114 2657 3166; x_wconf 83' lang='lat' dir='ltr'><strong>A.</strong></span> <span class='ocrx_word' id='word_1_483' title='bbox 2690 3112 2990 3167; x_wconf 89' lang='lat' dir='ltr'><strong>nuditatem</strong></span> <span class='ocrx_word' id='word_1_484' title='bbox 3021 3121 3234 3164; x_wconf 88' lang='lat' dir='ltr'><strong>corum.</strong></span> <span class='ocrx_word' id='word_1_485' title='bbox 3288 3104 3344 3158; x_wconf 90' lang='lat' dir='ltr'><strong>S.</strong></span> <span class='ocrx_word' id='word_1_486' title='bbox 3376 3100 3668 3171; x_wconf 83' lang='lat' dir='ltr'><strong>turpitudi-</strong></span> 
     </span>
    </p>
   </div>
   <div class='ocr_carea' id='block_1_68' title="bbox 2088 3204 3228 3277">
    <p class='ocr_par' dir='ltr' id='par_1_68' title="bbox 2088 3204 3228 3277">
     <span class='ocr_line' id='line_1_68' title="bbox 2088 3204 3228 3277; baseline -0.01 -13"><span class='ocrx_word' id='word_1_487' title='bbox 2088 3225 2212 3266; x_wconf 89' lang='lat' dir='ltr'><strong>nem</strong></span> <span class='ocrx_word' id='word_1_488' title='bbox 2240 3224 2452 3264; x_wconf 91' lang='lat' dir='ltr'><strong>eorum.</strong></span> <span class='ocrx_word' id='word_1_489' title='bbox 2482 3207 2646 3273; x_wconf 91' lang='lat' dir='ltr'><strong>LXX,</strong></span> <span class='ocrx_word' id='word_1_490' title='bbox 2693 3204 2984 3277; x_wconf 87' lang='lat' dir='ltr'><strong>speluncas</strong></span> <span class='ocrx_word' id='word_1_491' title='bbox 3015 3217 3228 3258; x_wconf 88' lang='lat' dir='ltr'><strong>eorum.</strong></span> 
     </span>
    </p>
   </div>
   <div class='ocr_carea' id='block_1_69' title="bbox 2163 3287 3663 3366">
    <p class='ocr_par' dir='ltr' id='par_1_69' title="bbox 2163 3287 3663 3366">
     <span class='ocr_line' id='line_1_69' title="bbox 2163 3287 3663 3366; baseline -0.009 -12"><span class='ocrx_word' id='word_1_492' title='bbox 2163 3299 2250 3354; x_wconf 85' lang='lat' dir='ltr'><strong>l6.</strong></span> <span class='ocrx_word' id='word_1_493' title='bbox 2281 3298 2416 3354; x_wconf 85' lang='lat' dir='ltr'><strong>lleb.</strong></span> <span class='ocrx_word' id='word_1_494' title='bbox 2443 3306 2499 3353; x_wconf 91' lang='lat' dir='ltr'><strong>et</strong></span> <span class='ocrx_word' id='word_1_495' title='bbox 2533 3297 2811 3353; x_wconf 90' lang='lat' dir='ltr'><strong>denudare</strong></span> <span class='ocrx_word' id='word_1_496' title='bbox 2839 3294 3190 3366; x_wconf 74' lang='lat' dir='ltr'><strong>praeputium.</strong></span> <span class='ocrx_word' id='word_1_497' title='bbox 3220 3291 3284 3343; x_wconf 82' lang='grc' dir='ltr'><strong>Α.</strong></span> <span class='ocrx_word' id='word_1_498' title='bbox 3316 3287 3663 3343; x_wconf 78' lang='lat' dir='ltr'><strong>Vul.etcon-</strong></span> 
     </span>
    </p>
   </div>
   <div class='ocr_carea' id='block_1_70' title="bbox 2091 3388 2886 3461">
    <p class='ocr_par' dir='ltr' id='par_1_70' title="bbox 2091 3388 2886 3461">
     <span class='ocr_line' id='line_1_70' title="bbox 2091 3388 2886 3461; baseline -0.009 -14"><span class='ocrx_word' id='word_1_499' title='bbox 2091 3390 2206 3461; x_wconf 86' lang='lat' dir='ltr'><strong>sopi</strong></span> <span class='ocrx_word' id='word_1_500' title='bbox 2216 3407 2291 3444; x_wconf 87' lang='lat' dir='ltr'><strong>re.</strong></span> <span class='ocrx_word' id='word_1_501' title='bbox 2323 3388 2460 3444; x_wconf 88' lang='lat' dir='ltr'><strong>LXX</strong></span> <span class='ocrx_word' id='word_1_502' title='bbox 2475 3429 2489 3454; x_wconf 92' lang='lat'><strong>,</strong></span> <span class='ocrx_word' id='word_1_503' title='bbox 2521 3401 2886 3444; x_wconf 87' lang='lat' dir='ltr'><strong>commovere.</strong></span> 
     </span>
    </p>
   </div>
   <div class='ocr_carea' id='block_1_71' title="bbox 2159 3469 3660 3551">
    <p class='ocr_par' dir='ltr' id='par_1_71' title="bbox 2159 3469 3660 3551">
     <span class='ocr_line' id='line_1_71' title="bbox 2159 3469 3660 3551; baseline -0.009 -15"><span class='ocrx_word' id='word_1_504' title='bbox 2159 3483 2246 3536; x_wconf 86' lang='grc'><strong>17.</strong></span> <span class='ocrx_word' id='word_1_505' title='bbox 2275 3480 2408 3536; x_wconf 89' lang='lat' dir='ltr'><strong>lleb.</strong></span> <span class='ocrx_word' id='word_1_506' title='bbox 2441 3481 2654 3551; x_wconf 89' lang='lat' dir='ltr'><strong>rapina.</strong></span> <span class='ocrx_word' id='word_1_507' title='bbox 2706 3481 2773 3532; x_wconf 84' lang='lat' dir='ltr'><strong>A.</strong></span> <span class='ocrx_word' id='word_1_508' title='bbox 2831 3477 3077 3549; x_wconf 84' lang='lat' dir='ltr'><strong>sanguis.</strong></span> <span class='ocrx_word' id='word_1_509' title='bbox 3114 3476 3169 3531; x_wconf 91' lang='lat' dir='ltr'><strong>S.</strong></span> <span class='ocrx_word' id='word_1_510' title='bbox 3213 3473 3457 3529; x_wconf 85' lang='lat' dir='ltr'><strong>avaritia.</strong></span> <span class='ocrx_word' id='word_1_511' title='bbox 3494 3469 3660 3536; x_wconf 86' lang='lat' dir='ltr'><strong>LXX,</strong></span> 
     </span>
    </p>
   </div>
   <div class='ocr_carea' id='block_1_72' title="bbox 2089 3572 2788 3644">
    <p class='ocr_par' dir='ltr' id='par_1_72' title="bbox 2089 3572 2788 3644">
     <span class='ocr_line' id='line_1_72' title="bbox 2089 3572 2788 3644; baseline -0.006 -14"><span class='ocrx_word' id='word_1_512' title='bbox 2089 3575 2342 3644; x_wconf 85' lang='lat' dir='ltr'><strong>impietas</strong></span> <span class='ocrx_word' id='word_1_513' title='bbox 2368 3572 2490 3628; x_wconf 73' lang='grc' dir='ltr'><strong>ναι.</strong></span> <span class='ocrx_word' id='word_1_514' title='bbox 2511 3573 2788 3644; x_wconf 86' lang='lat' dir='ltr'><strong>iniquitas.</strong></span> 
     </span>
    </p>
   </div>
   <div class='ocr_carea' id='block_1_73' title="bbox 2160 3655 3668 3732">
    <p class='ocr_par' dir='ltr' id='par_1_73' title="bbox 2160 3655 3668 3732">
     <span class='ocr_line' id='line_1_73' title="bbox 2160 3655 3668 3732; baseline -0.006 -16"><span class='ocrx_word' id='word_1_515' title='bbox 2160 3661 2229 3717; x_wconf 85' lang='lat' dir='ltr'><strong>il.</strong></span> <span class='ocrx_word' id='word_1_516' title='bbox 2257 3662 2322 3717; x_wconf 86' lang='lat' dir='ltr'><strong>A.</strong></span> <span class='ocrx_word' id='word_1_517' title='bbox 2351 3671 2404 3717; x_wconf 90' lang='lat' dir='ltr'><strong>et</strong></span> <span class='ocrx_word' id='word_1_518' title='bbox 2425 3660 2602 3732; x_wconf 61' lang='lat' dir='ltr'><strong>praeda</strong></span> <span class='ocrx_word' id='word_1_519' title='bbox 2622 3661 3021 3731; x_wconf 87' lang='lat' dir='ltr'><strong>jumentorum.</strong></span> <span class='ocrx_word' id='word_1_520' title='bbox 3041 3658 3098 3712; x_wconf 91' lang='lat' dir='ltr'><strong>S.</strong></span> <span class='ocrx_word' id='word_1_521' title='bbox 3129 3656 3358 3726; x_wconf 85' lang='lat' dir='ltr'><strong>direptio</strong></span> <span class='ocrx_word' id='word_1_522' title='bbox 3391 3655 3668 3725; x_wconf 76' lang='lat' dir='ltr'><strong>jumento-</strong></span> 
     </span>
    </p>
   </div>
   <div class='ocr_carea' id='block_1_74' title="bbox 2089 3746 3662 3818">
    <p class='ocr_par' dir='ltr' id='par_1_74' title="bbox 2089 3746 3662 3818">
     <span class='ocr_line' id='line_1_74' title="bbox 2089 3746 3662 3818; baseline -0.003 -11"><span class='ocrx_word' id='word_1_523' title='bbox 2089 3752 2402 3818; x_wconf 86' lang='lat' dir='ltr'><strong>rum.LXX,</strong></span> <span class='ocrx_word' id='word_1_524' title='bbox 2423 3753 2639 3809; x_wconf 88' lang='lat' dir='ltr'><strong>miseria</strong></span> <span class='ocrx_word' id='word_1_525' title='bbox 2665 3749 3288 3814; x_wconf 83' lang='lat' dir='ltr'><strong>bestiarum.V,vastitas</strong></span> <span class='ocrx_word' id='word_1_526' title='bbox 3319 3746 3662 3802; x_wconf 88' lang='lat' dir='ltr'><strong>animalium.</strong></span> 
     </span>
    </p>
   </div>
   <div class='ocr_carea' id='block_1_75' title="bbox 2159 3833 3662 3899">
    <p class='ocr_par' dir='ltr' id='par_1_75' title="bbox 2159 3833 3662 3899">
     <span class='ocr_line' id='line_1_75' title="bbox 2159 3833 3662 3899; baseline -0.003 -4"><span class='ocrx_word' id='word_1_527' title='bbox 2159 3841 2296 3897; x_wconf 90' lang='lat' dir='ltr'><strong>Heb.</strong></span> <span class='ocrx_word' id='word_1_528' title='bbox 2331 3851 2580 3898; x_wconf 91' lang='lat' dir='ltr'><strong>conteret</strong></span> <span class='ocrx_word' id='word_1_529' title='bbox 2623 3856 2739 3899; x_wconf 87' lang='lat' dir='ltr'><strong>eas.</strong></span> <span class='ocrx_word' id='word_1_530' title='bbox 2781 3841 2846 3895; x_wconf 83' lang='lat' dir='ltr'><strong>A.</strong></span> <span class='ocrx_word' id='word_1_531' title='bbox 2891 3840 3013 3895; x_wconf 72' lang='grc' dir='ltr'><strong>ναι.</strong></span> <span class='ocrx_word' id='word_1_532' title='bbox 3075 3837 3372 3894; x_wconf 88' lang='lat' dir='ltr'><strong>deterrebit</strong></span> <span class='ocrx_word' id='word_1_533' title='bbox 3425 3853 3540 3893; x_wconf 84' lang='lat' dir='ltr'><strong>eos.</strong></span> <span class='ocrx_word' id='word_1_534' title='bbox 3602 3833 3662 3891; x_wconf 90' lang='lat' dir='ltr'><strong>S.</strong></span> 
     </span>
    </p>
   </div>
   <div class='ocr_carea' id='block_1_76' title="bbox 2089 3933 2934 4004">
    <p class='ocr_par' dir='ltr' id='par_1_76' title="bbox 2089 3933 2934 4004">
     <span class='ocr_line' id='line_1_76' title="bbox 2089 3933 2934 4004; baseline -0.005 -15"><span class='ocrx_word' id='word_1_535' title='bbox 2089 3933 2386 4004; x_wconf 89' lang='lat' dir='ltr'><strong>superabit.</strong></span> <span class='ocrx_word' id='word_1_536' title='bbox 2414 3933 2579 3999; x_wconf 86' lang='lat' dir='ltr'><strong>LXX,</strong></span> <span class='ocrx_word' id='word_1_537' title='bbox 2614 3933 2837 3989; x_wconf 87' lang='lat' dir='ltr'><strong>terrebit</strong></span> <span class='ocrx_word' id='word_1_538' title='bbox 2861 3939 2934 3988; x_wconf 92' lang='lat' dir='ltr'><strong>te.</strong></span> 
     </span>
    </p>
   </div>
   <div class='ocr_carea' id='block_1_77' title="bbox 2167 4021 3122 4087">
    <p class='ocr_par' dir='ltr' id='par_1_77' title="bbox 2167 4021 3122 4087">
     <span class='ocr_line' id='line_1_77' title="bbox 2167 4021 3122 4087; baseline -0.003 -11"><span class='ocrx_word' id='word_1_539' title='bbox 2167 4023 2256 4076; x_wconf 88' lang='grc'><strong>18.</strong></span> <span class='ocrx_word' id='word_1_540' title='bbox 2294 4023 2459 4078; x_wconf 90' lang='lat' dir='ltr'><strong>Hebr.</strong></span> <span class='ocrx_word' id='word_1_541' title='bbox 2491 4023 2548 4078; x_wconf 90' lang='lat' dir='ltr'><strong>S.</strong></span> <span class='ocrx_word' id='word_1_542' title='bbox 2587 4022 2748 4087; x_wconf 86' lang='lat' dir='ltr'><strong>LXX,</strong></span> <span class='ocrx_word' id='word_1_543' title='bbox 2783 4021 2911 4077; x_wconf 78' lang='lat' dir='ltr'><strong>Vul.</strong></span> <span class='ocrx_word' id='word_1_544' title='bbox 2953 4029 3122 4075; x_wconf 88' lang='lat' dir='ltr'><strong>muta.</strong></span> 
     </span>
    </p>
   </div>
   <div class='ocr_carea' id='block_1_78' title="bbox 2161 4109 3665 4182">
    <p class='ocr_par' dir='ltr' id='par_1_78' title="bbox 2161 4109 3665 4182">
     <span class='ocr_line' id='line_1_78' title="bbox 2161 4109 3665 4182; baseline -0.001 -16"><span class='ocrx_word' id='word_1_545' title='bbox 2161 4111 2248 4166; x_wconf 90' lang='grc'><strong>19.</strong></span> <span class='ocrx_word' id='word_1_546' title='bbox 2279 4113 2444 4168; x_wconf 88' lang='lat' dir='ltr'><strong>Hebr.</strong></span> <span class='ocrx_word' id='word_1_547' title='bbox 2484 4122 2540 4169; x_wconf 92' lang='lat' dir='ltr'><strong>et</strong></span> <span class='ocrx_word' id='word_1_548' title='bbox 2572 4114 2752 4168; x_wconf 90' lang='lat' dir='ltr'><strong>omnis</strong></span> <span class='ocrx_word' id='word_1_549' title='bbox 2782 4112 3005 4182; x_wconf 91' lang='lat' dir='ltr'><strong>spiritus</strong></span> <span class='ocrx_word' id='word_1_550' title='bbox 3055 4125 3162 4165; x_wconf 91' lang='lat' dir='ltr'><strong>non</strong></span> <span class='ocrx_word' id='word_1_551' title='bbox 3209 4109 3262 4163; x_wconf 90' lang='lat' dir='ltr'><strong>in</strong></span> <span class='ocrx_word' id='word_1_552' title='bbox 3294 4109 3473 4165; x_wconf 91' lang='lat' dir='ltr'><strong>medio</strong></span> <span class='ocrx_word' id='word_1_553' title='bbox 3521 4109 3665 4180; x_wconf 68' lang='lat' dir='ltr'><strong>ejus.</strong></span> 
     </span>
    </p>
   </div>
   <div class='ocr_carea' id='block_1_79' title="bbox 2089 4202 3662 4274">
    <p class='ocr_par' dir='ltr' id='par_1_79' title="bbox 2089 4202 3662 4274">
     <span class='ocr_line' id='line_1_79' title="bbox 2089 4202 3662 4274; baseline -0.002 -17"><span class='ocrx_word' id='word_1_554' title='bbox 2089 4203 2156 4257; x_wconf 84' lang='lat' dir='ltr'><strong>A.</strong></span> <span class='ocrx_word' id='word_1_555' title='bbox 2199 4213 2255 4258; x_wconf 89' lang='lat' dir='ltr'><strong>et</strong></span> <span class='ocrx_word' id='word_1_556' title='bbox 2297 4205 2519 4274; x_wconf 81' lang='lat' dir='ltr'><strong>spiritus</strong></span> <span class='ocrx_word' id='word_1_557' title='bbox 2553 4205 2674 4274; x_wconf 83' lang='lat' dir='ltr'><strong>ejus</strong></span> <span class='ocrx_word' id='word_1_558' title='bbox 2711 4219 2822 4259; x_wconf 90' lang='lat' dir='ltr'><strong>non</strong></span> <span class='ocrx_word' id='word_1_559' title='bbox 2861 4209 2946 4258; x_wconf 90' lang='lat' dir='ltr'><strong>est</strong></span> <span class='ocrx_word' id='word_1_560' title='bbox 3002 4203 3054 4256; x_wconf 92' lang='lat' dir='ltr'><strong>in</strong></span> <span class='ocrx_word' id='word_1_561' title='bbox 3088 4202 3410 4265; x_wconf 74' lang='lat' dir='ltr'><strong>visceribus,</strong></span> <span class='ocrx_word' id='word_1_562' title='bbox 3466 4203 3578 4257; x_wconf 83' lang='lat' dir='ltr'><strong>sive</strong></span> <span class='ocrx_word' id='word_1_563' title='bbox 3608 4203 3662 4255; x_wconf 92' lang='lat' dir='ltr'><strong>in</strong></span> 
     </span>
    </p>
   </div>
   <div class='ocr_carea' id='block_1_80' title="bbox 2089 4292 3662 4364">
    <p class='ocr_par' dir='ltr' id='par_1_80' title="bbox 2089 4292 3662 4364">
     <span class='ocr_line' id='line_1_80' title="bbox 2089 4292 3662 4364; baseline -0.002 -16"><span class='ocrx_word' id='word_1_564' title='bbox 2089 4294 2271 4350; x_wconf 87' lang='lat' dir='ltr'><strong>medio</strong></span> <span class='ocrx_word' id='word_1_565' title='bbox 2310 4294 2449 4364; x_wconf 87' lang='lat' dir='ltr'><strong>ejus.</strong></span> <span class='ocrx_word' id='word_1_566' title='bbox 2507 4293 2671 4360; x_wconf 85' lang='lat' dir='ltr'><strong>LXX,</strong></span> <span class='ocrx_word' id='word_1_567' title='bbox 2735 4304 2790 4349; x_wconf 91' lang='lat' dir='ltr'><strong>et</strong></span> <span class='ocrx_word' id='word_1_568' title='bbox 2822 4293 3002 4349; x_wconf 87' lang='lat' dir='ltr'><strong>omnis</strong></span> <span class='ocrx_word' id='word_1_569' title='bbox 3047 4293 3272 4363; x_wconf 89' lang='lat' dir='ltr'><strong>spiritus</strong></span> <span class='ocrx_word' id='word_1_570' title='bbox 3321 4308 3429 4348; x_wconf 92' lang='lat' dir='ltr'><strong>non</strong></span> <span class='ocrx_word' id='word_1_571' title='bbox 3488 4301 3569 4348; x_wconf 89' lang='lat' dir='ltr'><strong>est</strong></span> <span class='ocrx_word' id='word_1_572' title='bbox 3607 4292 3662 4346; x_wconf 92' lang='lat' dir='ltr'><strong>in</strong></span> 
     </span>
    </p>
   </div>
   <div class='ocr_carea' id='block_1_81' title="bbox 2087 4383 3660 4456">
    <p class='ocr_par' dir='ltr' id='par_1_81' title="bbox 2087 4383 3660 4456">
     <span class='ocr_line' id='line_1_81' title="bbox 2087 4383 3660 4456; baseline -0.003 -16"><span class='ocrx_word' id='word_1_573' title='bbox 2087 4399 2171 4441; x_wconf 91' lang='lat' dir='ltr'><strong>eo.</strong></span> <span class='ocrx_word' id='word_1_574' title='bbox 2203 4383 2325 4441; x_wconf 88' lang='lat' dir='ltr'><strong>Vul.</strong></span> <span class='ocrx_word' id='word_1_575' title='bbox 2351 4395 2405 4442; x_wconf 92' lang='lat' dir='ltr'><strong>et</strong></span> <span class='ocrx_word' id='word_1_576' title='bbox 2427 4387 2607 4442; x_wconf 88' lang='lat' dir='ltr'><strong>omnis</strong></span> <span class='ocrx_word' id='word_1_577' title='bbox 2632 4385 2862 4456; x_wconf 88' lang='lat' dir='ltr'><strong>spiritus</strong></span> <span class='ocrx_word' id='word_1_578' title='bbox 2883 4399 2988 4440; x_wconf 89' lang='lat' dir='ltr'><strong>non</strong></span> <span class='ocrx_word' id='word_1_579' title='bbox 3013 4393 3097 4440; x_wconf 91' lang='lat' dir='ltr'><strong>est</strong></span> <span class='ocrx_word' id='word_1_580' title='bbox 3117 4385 3170 4438; x_wconf 89' lang='lat' dir='ltr'><strong>in</strong></span> <span class='ocrx_word' id='word_1_581' title='bbox 3193 4385 3494 4439; x_wconf 90' lang='lat' dir='ltr'><strong>visceribus</strong></span> <span class='ocrx_word' id='word_1_582' title='bbox 3519 4383 3660 4454; x_wconf 88' lang='lat' dir='ltr'><strong>ejus.</strong></span> 
     </span>
    </p>
   </div>
   <div class='ocr_carea' id='block_1_82' title="bbox 1231 4485 2786 4574">
    <p class='ocr_par' dir='ltr' id='par_1_82' title="bbox 1231 4485 2786 4574">
     <span class='ocr_line' id='line_1_82' title="bbox 1231 4485 2786 4574; baseline 0.007 -29"><span class='ocrx_word' id='word_1_583' title='bbox 1231 4485 1406 4547; x_wconf 65' lang='lat' dir='ltr'><strong>Notae</strong></span> <span class='ocrx_word' id='word_1_584' title='bbox 1435 4492 1497 4547; x_wconf 89' lang='lat' dir='ltr'><strong>et</strong></span> <span class='ocrx_word' id='word_1_585' title='bbox 1525 4488 1716 4549; x_wconf 63' lang='lat' dir='ltr'><strong>varia;</strong></span> <span class='ocrx_word' id='word_1_586' title='bbox 1759 4489 2068 4556; x_wconf 89' lang='lat' dir='ltr'><strong>lectiones</strong></span> <span class='ocrx_word' id='word_1_587' title='bbox 2101 4496 2181 4557; x_wconf 84' lang='lat' dir='ltr'><strong>ad</strong></span> <span class='ocrx_word' id='word_1_588' title='bbox 2213 4513 2350 4574; x_wconf 89' lang='lat' dir='ltr'><strong>cap.</strong></span> <span class='ocrx_word' id='word_1_589' title='bbox 2385 4497 2440 4558; x_wconf 85' lang='lat' dir='ltr'><strong>ll</strong></span> <span class='ocrx_word' id='word_1_590' title='bbox 2473 4495 2786 4559; x_wconf 84' lang='lat' dir='ltr'><strong>Habacue.</strong></span> 
     </span>
    </p>
   </div>
   <div class='ocr_carea' id='block_1_83' title="bbox 481 4581 1984 4665">
    <p class='ocr_par' dir='ltr' id='par_1_83' title="bbox 481 4581 1984 4665">
     <span class='ocr_line' id='line_1_83' title="bbox 481 4581 1984 4665; baseline 0.008 -29"><span class='ocrx_word' id='word_1_591' title='bbox 481 4582 548 4665; x_wconf 48' lang='grc' dir='ltr'><strong>δ’.</strong></span> <span class='ocrx_word' id='word_1_592' title='bbox 569 4584 620 4637; x_wconf 90' lang='grc'><strong>1.</strong></span> <span class='ocrx_word' id='word_1_593' title='bbox 647 4581 906 4665; x_wconf 45' lang='lat' dir='ltr'><strong>S.,.q_uasi</strong></span> <span class='ocrx_word' id='word_1_594' title='bbox 925 4594 1100 4665; x_wconf 79' lang='lat' dir='ltr'><strong>custos</strong></span> <span class='ocrx_word' id='word_1_595' title='bbox 1129 4595 1247 4665; x_wconf 66' lang='lat' dir='ltr'><strong>etc;</strong></span> <span class='ocrx_word' id='word_1_596' title='bbox 1269 4586 1634 4665; x_wconf 75' lang='lat' dir='ltr'><strong>Hieronymus</strong></span> <span class='ocrx_word' id='word_1_597' title='bbox 1650 4592 1753 4665; x_wconf 80' lang='lat' dir='ltr'><strong>qui_</strong></span> <span class='ocrx_word' id='word_1_598' title='bbox 1774 4594 1984 4648; x_wconf 88' lang='lat' dir='ltr'><strong>subdit:</strong></span> 
     </span>
    </p>
   </div>
   <div class='ocr_carea' id='block_1_84' title="bbox 418 4655 1987 4732">
    <p class='ocr_par' dir='ltr' id='par_1_84' title="bbox 418 4655 1987 4732">
     <span class='ocr_line' id='line_1_84' title="bbox 418 4655 1987 4732; baseline 0.008 -26"><span class='ocrx_word' id='word_1_599' title='bbox 418 4675 438 4706; x_wconf 69' lang='grc' dir='ltr'><strong>α</strong></span> <span class='ocrx_word' id='word_1_600' title='bbox 463 4655 570 4710; x_wconf 88' lang='lat' dir='ltr'><strong>Pro</strong></span> <span class='ocrx_word' id='word_1_601' title='bbox 603 4655 896 4732; x_wconf 72' lang='lat' dir='ltr'><strong>munitione</strong></span> <span class='ocrx_word' id='word_1_602' title='bbox 927 4663 982 4710; x_wconf 91' lang='lat' dir='ltr'><strong>et</strong></span> <span class='ocrx_word' id='word_1_603' title='bbox 1009 4666 1178 4732; x_wconf 73' lang='lat' dir='ltr'><strong>petra,</strong></span> <span class='ocrx_word' id='word_1_604' title='bbox 1207 4658 1457 4732; x_wconf 78' lang='lat' dir='ltr'><strong>in_cu_j_us</strong></span> <span class='ocrx_word' id='word_1_605' title='bbox 1479 4655 1686 4713; x_wconf 66' lang='lat' dir='ltr'><strong>&#39;locuni</strong></span> <span class='ocrx_word' id='word_1_606' title='bbox 1721 4659 1871 4732; x_wconf 86' lang='lat' dir='ltr'><strong>Sym.</strong></span> <span class='ocrx_word' id='word_1_607' title='bbox 1901 4665 1987 4717; x_wconf 89' lang='lat' dir='ltr'><strong>in-</strong></span> 
     </span>
    </p>
   </div>
   <div class='ocr_carea' id='block_1_85' title="bbox 412 4725 1986 4797">
    <p class='ocr_par' dir='ltr' id='par_1_85' title="bbox 412 4725 1986 4797">
     <span class='ocr_line' id='line_1_85' title="bbox 412 4725 1986 4797; baseline 0.005 -19"><span class='ocrx_word' id='word_1_608' title='bbox 412 4730 744 4797; x_wconf 63' lang='lat' dir='ltr'><strong>terpretatus</strong></span> <span class='ocrx_word' id='word_1_609' title='bbox 776 4733 878 4797; x_wconf 56' lang='lat' dir='ltr'><strong>git,</strong></span> <span class='ocrx_word' id='word_1_610' title='bbox 914 4725 1238 4797; x_wconf 79' lang='lat' dir='ltr'><strong>conclusum,</strong></span> <span class='ocrx_word' id='word_1_611' title='bbox 1269 4727 1322 4782; x_wconf 92' lang='lat' dir='ltr'><strong>in</strong></span> <span class='ocrx_word' id='word_1_612' title='bbox 1356 4725 1581 4797; x_wconf 73' lang='lat' dir='ltr'><strong>Hebrteo</strong></span> <span class='ocrx_word' id='word_1_613' title='bbox 1609 4725 1832 4797; x_wconf 75' lang='lat' dir='ltr'><strong>ponitur</strong></span> <span class='ocrx_word' id='word_1_614' title='bbox 1860 4732 1986 4785; x_wconf 83' lang='lat' dir='ltr'><strong>MA-</strong></span> 
     </span>
    </p>
   </div>
   <div class='ocr_carea' id='block_1_86' title="bbox 413 4791 1984 4864">
    <p class='ocr_par' dir='ltr' id='par_1_86' title="bbox 413 4791 1984 4864">
     <span class='ocr_line' id='line_1_86' title="bbox 413 4791 1984 4864; baseline 0.006 -16"><span class='ocrx_word' id='word_1_615' title='bbox 413 4791 569 4860; x_wconf 76' lang='lat' dir='ltr'><strong>SUR,</strong></span> <span class='ocrx_word' id='word_1_616' title='bbox 604 4793 748 4862; x_wconf 88' lang='lat' dir='ltr'><strong>quod</strong></span> <span class='ocrx_word' id='word_1_617' title='bbox 784 4791 912 4861; x_wconf 91' lang='lat' dir='ltr'><strong>Tb.,</strong></span> <span class='ocrx_word' id='word_1_618' title='bbox 945 4811 1152 4864; x_wconf 79' lang='lat' dir='ltr'><strong>gyrum,</strong></span> <span class='ocrx_word' id='word_1_619' title='bbox 1183 4795 1249 4850; x_wconf 83' lang='lat' dir='ltr'><strong>A.</strong></span> <span class='ocrx_word' id='word_1_620' title='bbox 1279 4805 1332 4851; x_wconf 89' lang='lat' dir='ltr'><strong>et</strong></span> <span class='ocrx_word' id='word_1_621' title='bbox 1363 4795 1404 4849; x_wconf 80' lang='grc' dir='ltr'><strong>ν</strong></span> <span class='ocrx_word' id='word_1_622' title='bbox 1448 4791 1646 4850; x_wconf 72' lang='lat' dir='ltr'><strong>circum</strong></span> <span class='ocrx_word' id='word_1_623' title='bbox 1696 4804 1984 4858; x_wconf 86' lang='lat' dir='ltr'><strong>transtule-</strong></span> 
     </span>
    </p>
   </div>
   <div class='ocr_carea' id='block_1_87' title="bbox 411 4873 618 4918">
    <p class='ocr_par' dir='ltr' id='par_1_87' title="bbox 411 4873 618 4918">
     <span class='ocr_line' id='line_1_87' title="bbox 411 4873 618 4918; baseline -0.01 -2"><span class='ocrx_word' id='word_1_624' title='bbox 411 4873 558 4918; x_wconf 86' lang='lat' dir='ltr'><strong>runt.</strong></span> <span class='ocrx_word' id='word_1_625' title='bbox 600 4881 618 4914; x_wconf 72' lang='grc' dir='ltr'><strong>ο</strong></span> 
     </span>
    </p>
   </div>
   <div class='ocr_carea' id='block_1_88' title="bbox 484 4933 1634 5016">
    <p class='ocr_par' dir='ltr' id='par_1_88' title="bbox 484 4933 1634 5016">
     <span class='ocr_line' id='line_1_88' title="bbox 484 4933 1634 5016; baseline 0.008 -32"><span class='ocrx_word' id='word_1_626' title='bbox 653 4934 790 5016; x_wconf 33' lang='lat' dir='ltr'><strong>“1A.,</strong></span> <span class='ocrx_word' id='word_1_627' title='bbox 817 4935 1216 5016; x_wconf 52' lang='grc' dir='ltr'><strong>ὁραματισμάχ.</strong></span> <span class='ocrx_word' id='word_1_628' title='bbox 1251 4937 1634 5016; x_wconf 69' lang='lat' dir='ltr'><strong>Hieronymus.</strong></span> 
     </span>
    </p>
   </div>
   <div class='ocr_carea' id='block_1_89' title="bbox 482 4999 1984 5080">
    <p class='ocr_par' dir='ltr' id='par_1_89' title="bbox 482 4999 1984 5080">
     <span class='ocr_line' id='line_1_89' title="bbox 482 4999 1984 5080; baseline 0.007 -25"><span class='ocrx_word' id='word_1_629' title='bbox 482 4999 617 5080; x_wconf 82' lang='lat' dir='ltr'><strong>l_bid_.</strong></span> <span class='ocrx_word' id='word_1_630' title='bbox 651 4999 1262 5080; x_wconf 55' lang='lat' dir='ltr'><strong>Hieronymu_s_:_:«_i:ro</strong></span> <span class='ocrx_word' id='word_1_631' title='bbox 1294 4999 1490 5080; x_wconf 44' lang='lat' dir='ltr'><strong>rabulis</strong></span> <span class='ocrx_word' id='word_1_632' title='bbox 1529 5021 1583 5064; x_wconf 89' lang='lat' dir='ltr'><strong>et</strong></span> <span class='ocrx_word' id='word_1_633' title='bbox 1634 5011 1792 5075; x_wconf 73' lang='lat' dir='ltr'><strong>buxo,</strong></span> <span class='ocrx_word' id='word_1_634' title='bbox 1841 5012 1984 5080; x_wconf 89' lang='lat' dir='ltr'><strong>quod</strong></span> 
     </span>
    </p>
   </div>
   <div class='ocr_carea' id='block_1_90' title="bbox 409 5070 1986 5151">
    <p class='ocr_par' dir='ltr' id='par_1_90' title="bbox 409 5070 1986 5151">
     <span class='ocr_line' id='line_1_90' title="bbox 409 5070 1986 5151; baseline 0.006 -26"><span class='ocrx_word' id='word_1_635' title='bbox 409 5070 898 5151; x_wconf 72' lang='lat' dir='ltr'><strong>H_ebraice_dicitur</strong></span> <span class='ocrx_word' id='word_1_636' title='bbox 926 5074 1353 5151; x_wconf 46' lang='lat' dir='ltr'><strong>XLLUQTH,_S.</strong></span> <span class='ocrx_word' id='word_1_637' title='bbox 1372 5079 1757 5151; x_wconf 80' lang='lat' dir='ltr'><strong>interpretatus</strong></span> <span class='ocrx_word' id='word_1_638' title='bbox 1780 5070 1871 5134; x_wconf 73' lang='lat' dir='ltr'><strong>est</strong></span> <span class='ocrx_word' id='word_1_639' title='bbox 1889 5099 1986 5150; x_wconf 82' lang='lat' dir='ltr'><strong>pa-</strong></span> 
     </span>
    </p>
   </div>
   <div class='ocr_carea' id='block_1_91' title="bbox 409 5142 1986 5215">
    <p class='ocr_par' dir='ltr' id='par_1_91' title="bbox 409 5142 1986 5215">
     <span class='ocr_line' id='line_1_91' title="bbox 409 5142 1986 5215; baseline 0.008 -23"><span class='ocrx_word' id='word_1_640' title='bbox 409 5144 584 5215; x_wconf 70' lang='lat' dir='ltr'><strong>ginas.</strong></span> <span class='ocrx_word' id='word_1_641' title='bbox 614 5160 633 5193; x_wconf 74' lang='grc' dir='ltr'><strong>ι</strong></span> <span class='ocrx_word' id='word_1_642' title='bbox 669 5142 1098 5215; x_wconf 38' lang='grc' dir='ltr'><strong>Ὲρςις-σελίδας.</strong></span> <span class='ocrx_word' id='word_1_643' title='bbox 1127 5147 1323 5215; x_wconf 84' lang='lat' dir='ltr'><strong>Aquila</strong></span> <span class='ocrx_word' id='word_1_644' title='bbox 1355 5161 1485 5202; x_wconf 80' lang='lat' dir='ltr'><strong>vero</strong></span> <span class='ocrx_word' id='word_1_645' title='bbox 1516 5142 1729 5210; x_wconf 73' lang='grc' dir='ltr'><strong>πλάκας</strong></span> <span class='ocrx_word' id='word_1_646' title='bbox 1764 5142 1986 5204; x_wconf 80' lang='lat' dir='ltr'><strong>verterit</strong></span> 
     </span>
    </p>
   </div>
   <div class='ocr_carea' id='block_1_92' title="bbox 407 5210 1912 5291">
    <p class='ocr_par' dir='ltr' id='par_1_92' title="bbox 407 5210 1912 5291">
     <span class='ocr_line' id='line_1_92' title="bbox 407 5210 1912 5291; baseline 0.007 -27"><span class='ocrx_word' id='word_1_647' title='bbox 407 5210 876 5291; x_wconf 75' lang='lat' dir='ltr'><strong>de__rnt_)re_._LX_X,</strong></span> <span class='ocrx_word' id='word_1_648' title='bbox 905 5210 1385 5291; x_wconf 67' lang='lat' dir='ltr'><strong>nu§lov,_fortasse</strong></span> <span class='ocrx_word' id='word_1_649' title='bbox 1413 5218 1662 5284; x_wconf 79' lang='grc' dir='ltr'><strong>πυκτίον,</strong></span> <span class='ocrx_word' id='word_1_650' title='bbox 1691 5218 1912 5276; x_wconf 87' lang='lat' dir='ltr'><strong>librum.</strong></span> 
     </span>
    </p>
   </div>
   <div class='ocr_carea' id='block_1_93' title="bbox 479 5278 1409 5354">
    <p class='ocr_par' dir='ltr' id='par_1_93' title="bbox 479 5278 1409 5354">
     <span class='ocr_line' id='line_1_93' title="bbox 479 5278 1409 5354; baseline 0.012 -23"><span class='ocrx_word' id='word_1_651' title='bbox 658 5282 762 5354; x_wconf 20' lang='lat'><strong>’54.,</strong></span> <span class='ocrx_word' id='word_1_652' title='bbox 798 5283 884 5354; x_wconf 68' lang='lat'><strong>2.,</strong></span> <span class='ocrx_word' id='word_1_653' title='bbox 913 5284 1100 5354; x_wconf 81' lang='grc' dir='ltr'><strong>τρέχῃ.</strong></span> <span class='ocrx_word' id='word_1_654' title='bbox 1127 5285 1409 5341; x_wconf 86' lang='lat' dir='ltr'><strong>Barberin.</strong></span> 
     </span>
    </p>
   </div>
   <div class='ocr_carea' id='block_1_94' title="bbox 479 5346 1977 5424">
    <p class='ocr_par' dir='ltr' id='par_1_94' title="bbox 479 5346 1977 5424">
     <span class='ocr_line' id='line_1_94' title="bbox 479 5346 1977 5424; baseline 0.008 -23"><span class='ocrx_word' id='word_1_655' title='bbox 479 5346 545 5402; x_wconf 84' lang='lat' dir='ltr'><strong>V.</strong></span> <span class='ocrx_word' id='word_1_656' title='bbox 570 5349 624 5403; x_wconf 81' lang='grc'><strong>5.</strong></span> <span class='ocrx_word' id='word_1_657' title='bbox 687 5351 790 5416; x_wconf 79' lang='lat' dir='ltr'><strong>‘A.,</strong></span> <span class='ocrx_word' id='word_1_658' title='bbox 826 5353 909 5415; x_wconf 91' lang='lat'><strong>2.,</strong></span> <span class='ocrx_word' id='word_1_659' title='bbox 951 5346 1145 5406; x_wconf 61' lang='grc' dir='ltr'><strong>’καῖ’ού</strong></span> <span class='ocrx_word' id='word_1_660' title='bbox 1194 5355 1564 5424; x_wconf 72' lang='grc' dir='ltr'><strong>διαψεύσεται.</strong></span> <span class='ocrx_word' id='word_1_661' title='bbox 1603 5357 1873 5414; x_wconf 82' lang='lat' dir='ltr'><strong>Eusebius</strong></span> <span class='ocrx_word' id='word_1_662' title='bbox 1923 5361 1977 5413; x_wconf 90' lang='lat' dir='ltr'><strong>in</strong></span> 
     </span>
    </p>
   </div>
   <div class='ocr_carea' id='block_1_95' title="bbox 409 5414 1980 5500">
    <p class='ocr_par' dir='ltr' id='par_1_95' title="bbox 409 5414 1980 5500">
     <span class='ocr_line' id='line_1_95' title="bbox 409 5414 1980 5500; baseline 0.01 -32"><span class='ocrx_word' id='word_1_663' title='bbox 409 5414 738 5500; x_wconf 70' lang='lat' dir='ltr'><strong>Demonstr._</strong></span> <span class='ocrx_word' id='word_1_664' title='bbox 763 5414 952 5500; x_wconf 69' lang='lat' dir='ltr'><strong>evang.</strong></span> <span class='ocrx_word' id='word_1_665' title='bbox 990 5425 1202 5500; x_wconf 75' lang='lat' dir='ltr'><strong>p._277,</strong></span> <span class='ocrx_word' id='word_1_666' title='bbox 1240 5414 1338 5500; x_wconf 80' lang='lat' dir='ltr'><strong>soli</strong></span> <span class='ocrx_word' id='word_1_667' title='bbox 1390 5427 1619 5500; x_wconf 62' lang='lat' dir='ltr'><strong>Aquilae,</strong></span> <span class='ocrx_word' id='word_1_668' title='bbox 1650 5425 1980 5484; x_wconf 86' lang='lat' dir='ltr'><strong>Barberinus</strong></span> 
     </span>
    </p>
   </div>
   <div class='ocr_carea' id='block_1_96' title="bbox 409 5487 1605 5567">
    <p class='ocr_par' dir='ltr' id='par_1_96' title="bbox 409 5487 1605 5567">
     <span class='ocr_line' id='line_1_96' title="bbox 409 5487 1605 5567; baseline 0.008 -28"><span class='ocrx_word' id='word_1_669' title='bbox 409 5495 593 5567; x_wconf 71' lang='lat' dir='ltr'><strong>autem</strong></span> <span class='ocrx_word' id='word_1_670' title='bbox 629 5487 926 5567; x_wconf 38' lang='lat' dir='ltr'><strong>itl‘AquilaS</strong></span> <span class='ocrx_word' id='word_1_671' title='bbox 943 5487 1004 5567; x_wconf 64' lang='lat' dir='ltr'><strong>et</strong></span> <span class='ocrx_word' id='word_1_672' title='bbox 1034 5487 1361 5567; x_wconf 72' lang='lat' dir='ltr'><strong>Symmacho</strong></span> <span class='ocrx_word' id='word_1_673' title='bbox 1401 5487 1605 5567; x_wconf 84' lang='lat' dir='ltr'><strong>tri_buit.</strong></span> 
     </span>
    </p>
   </div>
   <div class='ocr_carea' id='block_1_97' title="bbox 481 5556 1980 5634">
    <p class='ocr_par' dir='ltr' id='par_1_97' title="bbox 481 5556 1980 5634">
     <span class='ocr_line' id='line_1_97' title="bbox 481 5556 1980 5634; baseline 0.009 -25"><span class='ocrx_word' id='word_1_674' title='bbox 481 5556 618 5612; x_wconf 90' lang='lat' dir='ltr'><strong>ibid.</strong></span> <span class='ocrx_word' id='word_1_675' title='bbox 669 5556 792 5634; x_wconf 48' lang='grc' dir='ltr'><strong>’Δηξ</strong></span> <span class='ocrx_word' id='word_1_676' title='bbox 814 5559 909 5612; x_wconf 80' lang='grc' dir='ltr'><strong>ἐὰν</strong></span> <span class='ocrx_word' id='word_1_677' title='bbox 942 5556 1276 5634; x_wconf 47' lang='grc' dir='ltr'><strong>δὲ-μέξιλήσῃ</strong></span> <span class='ocrx_word' id='word_1_678' title='bbox 1317 5578 1421 5621; x_wconf 89' lang='lat' dir='ltr'><strong>etc.</strong></span> <span class='ocrx_word' id='word_1_679' title='bbox 1452 5565 1527 5620; x_wconf 83' lang='lat' dir='ltr'><strong>Ex</strong></span> <span class='ocrx_word' id='word_1_680' title='bbox 1555 5566 1744 5622; x_wconf 90' lang='lat' dir='ltr'><strong>eodem</strong></span> <span class='ocrx_word' id='word_1_681' title='bbox 1780 5567 1980 5625; x_wconf 86' lang='lat' dir='ltr'><strong>Euseb.</strong></span> 
     </span>
    </p>
   </div>
   <div class='ocr_carea' id='block_1_98' title="bbox 409 5621 1284 5696">
    <p class='ocr_par' dir='ltr' id='par_1_98' title="bbox 409 5621 1284 5696">
     <span class='ocr_line' id='line_1_98' title="bbox 409 5621 1284 5696; baseline 0.011 -20"><span class='ocrx_word' id='word_1_682' title='bbox 409 5621 973 5696; x_wconf 63' lang='lat' dir='ltr'><strong>2..__otpawedasmt.</strong></span> <span class='ocrx_word' id='word_1_683' title='bbox 1005 5621 1284 5686; x_wconf 60' lang='lat' dir='ltr'><strong>Harberin&#39;.</strong></span> 
     </span>
    </p>
   </div>
   <div class='ocr_carea' id='block_1_99' title="bbox 482 5642 1974 5779">
    <p class='ocr_par' dir='ltr' id='par_1_99' title="bbox 482 5642 1974 5779">
     <span class='ocr_line' id='line_1_99' title="bbox 482 5642 1284 5747; baseline 0.012 -71"><span class='ocrx_word' id='word_1_684' title='bbox 482 5663 492 5683; x_wconf 85' lang='lat'><strong>.</strong></span> <span class='ocrx_word' id='word_1_685' title='bbox 525 5642 973 5747; x_wconf 63' lang='grc' dir='ltr'><strong>στραγγευσεται.</strong></span> <span class='ocrx_word' id='word_1_686' title='bbox 1005 5642 1284 5686; x_wconf 75' lang='lat' dir='ltr'><strong>tiarberin.</strong></span> 
     </span>
     <span class='ocr_line' id='line_1_100' title="bbox 482 5691 1974 5779; baseline 0.01 -32"><span class='ocrx_word' id='word_1_687' title='bbox 482 5691 547 5766; x_wconf 63' lang='grc' dir='ltr'><strong>ν.</strong></span> <span class='ocrx_word' id='word_1_688' title='bbox 622 5734 635 5748; x_wconf 94' lang='grc'><strong>.</strong></span> <span class='ocrx_word' id='word_1_689' title='bbox 683 5699 785 5764; x_wconf 86' lang='grc' dir='ltr'><strong>Ἀ.,</strong></span> <span class='ocrx_word' id='word_1_690' title='bbox 826 5697 934 5751; x_wconf 74' lang='grc' dir='ltr'><strong>ἰδού</strong></span> <span class='ocrx_word' id='word_1_691' title='bbox 961 5700 1394 5771; x_wconf 80' lang='grc' dir='ltr'><strong>νωχελευομένου</strong></span> <span class='ocrx_word' id='word_1_692' title='bbox 1433 5713 1537 5762; x_wconf 87' lang='lat' dir='ltr'><strong>etc.</strong></span> <span class='ocrx_word' id='word_1_693' title='bbox 1577 5705 1652 5760; x_wconf 76' lang='lat' dir='ltr'><strong>Ex</strong></span> <span class='ocrx_word' id='word_1_694' title='bbox 1686 5706 1874 5764; x_wconf 85' lang='lat' dir='ltr'><strong>eodem</strong></span> <span class='ocrx_word' id='word_1_695' title='bbox 1920 5725 1974 5779; x_wconf 88' lang='lat' dir='ltr'><strong>p.</strong></span> 
     </span>
    </p>
   </div>
   <div class='ocr_carea' id='block_1_100' title="bbox 2090 4597 3665 4666">
    <p class='ocr_par' dir='ltr' id='par_1_100' title="bbox 2090 4597 3665 4666">
     <span class='ocr_line' id='line_1_101' title="bbox 2090 4597 3665 4666; baseline 0.001 -16"><span class='ocrx_word' id='word_1_696' title='bbox 2090 4597 2216 4664; x_wconf 77' lang='grc'><strong>278,</strong></span> <span class='ocrx_word' id='word_1_697' title='bbox 2253 4607 2315 4653; x_wconf 80' lang='grc' dir='ltr'><strong>ιιι</strong></span> <span class='ocrx_word' id='word_1_698' title='bbox 2333 4607 2388 4653; x_wconf 87' lang='lat' dir='ltr'><strong>et</strong></span> <span class='ocrx_word' id='word_1_699' title='bbox 2429 4599 2857 4666; x_wconf 56' lang='lat' dir='ltr'><strong>sequentia-VL,</strong></span> <span class='ocrx_word' id='word_1_700' title='bbox 2894 4599 2988 4652; x_wconf 79' lang='grc' dir='ltr'><strong>καὶ</strong></span> <span class='ocrx_word' id='word_1_701' title='bbox 3015 4599 3220 4662; x_wconf 81' lang='grc' dir='ltr'><strong>δίκαιος</strong></span> <span class='ocrx_word' id='word_1_702' title='bbox 3259 4608 3362 4653; x_wconf 83' lang='lat' dir='ltr'><strong>etc.</strong></span> <span class='ocrx_word' id='word_1_703' title='bbox 3405 4599 3494 4652; x_wconf 92' lang='lat' dir='ltr'><strong>ubi</strong></span> <span class='ocrx_word' id='word_1_704' title='bbox 3540 4598 3665 4652; x_wconf 89' lang='lat' dir='ltr'><strong>Hie-</strong></span> 
     </span>
    </p>
   </div>
   <div class='ocr_carea' id='block_1_101' title="bbox 2089 4667 3663 4740">
    <p class='ocr_par' dir='ltr' id='par_1_101' title="bbox 2089 4667 3663 4740">
     <span class='ocr_line' id='line_1_102' title="bbox 2089 4667 3663 4740; baseline -0.001 -18"><span class='ocrx_word' id='word_1_705' title='bbox 2089 4683 2354 4740; x_wconf 78' lang='lat' dir='ltr'><strong>ronymus</strong></span> <span class='ocrx_word' id='word_1_706' title='bbox 2385 4684 2399 4720; x_wconf 89' lang='lat'><strong>:</strong></span> <span class='ocrx_word' id='word_1_707' title='bbox 2443 4687 2462 4720; x_wconf 84' lang='grc'><em>‹</em></span> <span class='ocrx_word' id='word_1_708' title='bbox 2501 4669 2564 4722; x_wconf 85' lang='lat' dir='ltr'><strong>Et</strong></span> <span class='ocrx_word' id='word_1_709' title='bbox 2597 4669 2687 4723; x_wconf 91' lang='lat' dir='ltr'><strong>ubi</strong></span> <span class='ocrx_word' id='word_1_710' title='bbox 2723 4667 2864 4722; x_wconf 88' lang='lat' dir='ltr'><strong>LXX</strong></span> <span class='ocrx_word' id='word_1_711' title='bbox 2899 4678 3222 4740; x_wconf 84' lang='lat' dir='ltr'><strong>posuerunt,</strong></span> <span class='ocrx_word' id='word_1_712' title='bbox 3268 4669 3451 4740; x_wconf 79' lang='lat' dir='ltr'><strong>justus</strong></span> <span class='ocrx_word' id='word_1_713' title='bbox 3489 4678 3663 4721; x_wconf 85' lang='lat' dir='ltr'><strong>autem</strong></span> 
     </span>
    </p>
   </div>
   <div class='ocr_carea' id='block_1_102' title="bbox 2087 4738 3658 4808">
    <p class='ocr_par' dir='ltr' id='par_1_102' title="bbox 2087 4738 3658 4808">
     <span class='ocr_line' id='line_1_103' title="bbox 2087 4738 3658 4808; baseline -0.001 -18"><span class='ocrx_word' id='word_1_714' title='bbox 2087 4752 2152 4790; x_wconf 77' lang='lat' dir='ltr'><strong>ea:</strong></span> <span class='ocrx_word' id='word_1_715' title='bbox 2185 4738 2288 4806; x_wconf 78' lang='lat' dir='ltr'><strong>ﬁde</strong></span> <span class='ocrx_word' id='word_1_716' title='bbox 2319 4755 2434 4791; x_wconf 84' lang='lat' dir='ltr'><strong>mea</strong></span> <span class='ocrx_word' id='word_1_717' title='bbox 2481 4739 2634 4808; x_wconf 74' lang='lat' dir='ltr'><strong>vivet,</strong></span> <span class='ocrx_word' id='word_1_718' title='bbox 2676 4753 2866 4793; x_wconf 88' lang='lat' dir='ltr'><strong>omnes</strong></span> <span class='ocrx_word' id='word_1_719' title='bbox 2886 4739 3186 4808; x_wconf 68' lang='lat' dir='ltr'><strong>aequaliter</strong></span> <span class='ocrx_word' id='word_1_720' title='bbox 3223 4739 3658 4793; x_wconf 86' lang='lat' dir='ltr'><strong>transtulerunt:</strong></span> 
     </span>
    </p>
   </div>
   <div class='ocr_carea' id='block_1_103' title="bbox 2087 4806 3665 4878">
    <p class='ocr_par' dir='ltr' id='par_1_103' title="bbox 2087 4806 3665 4878">
     <span class='ocr_line' id='line_1_104' title="bbox 2087 4806 3665 4878; baseline 0.001 -18"><span class='ocrx_word' id='word_1_721' title='bbox 2087 4823 2152 4878; x_wconf 78' lang='lat' dir='ltr'><strong>ea:</strong></span> <span class='ocrx_word' id='word_1_722' title='bbox 2175 4808 2280 4876; x_wconf 77' lang='lat' dir='ltr'><strong>ﬁde</strong></span> <span class='ocrx_word' id='word_1_723' title='bbox 2309 4825 2405 4861; x_wconf 86' lang='lat' dir='ltr'><strong>sua</strong></span> <span class='ocrx_word' id='word_1_724' title='bbox 2430 4809 2582 4862; x_wconf 83' lang='lat' dir='ltr'><strong>vivet.</strong></span> <span class='ocrx_word' id='word_1_725' title='bbox 2613 4806 2852 4878; x_wconf 77' lang='lat' dir='ltr'><strong>Denique</strong></span> <span class='ocrx_word' id='word_1_726' title='bbox 2878 4806 3241 4877; x_wconf 82' lang='lat' dir='ltr'><strong>Symmachus</strong></span> <span class='ocrx_word' id='word_1_727' title='bbox 3267 4808 3665 4878; x_wconf 77' lang='lat' dir='ltr'><strong>signiﬁcantius</strong></span> 
     </span>
    </p>
   </div>
   <div class='ocr_carea' id='block_1_104' title="bbox 2088 4875 3662 4946">
    <p class='ocr_par' dir='ltr' id='par_1_104' title="bbox 2088 4875 3662 4946">
     <span class='ocr_line' id='line_1_105' title="bbox 2088 4875 3662 4946; baseline -0.001 -17"><span class='ocrx_word' id='word_1_728' title='bbox 2088 4876 2450 4945; x_wconf 83' lang='lat' dir='ltr'><strong>interpretans</strong></span> <span class='ocrx_word' id='word_1_729' title='bbox 2488 4879 2564 4932; x_wconf 88' lang='lat' dir='ltr'><strong>ait</strong></span> <span class='ocrx_word' id='word_1_730' title='bbox 2591 4897 2603 4930; x_wconf 94' lang='lat'>:</span> <span class='ocrx_word' id='word_1_731' title='bbox 2634 4875 2824 4930; x_wconf 71' lang='lat' dir='ltr'><strong>Justus</strong></span> <span class='ocrx_word' id='word_1_732' title='bbox 2857 4875 3032 4930; x_wconf 63' lang='lat' dir='ltr'><strong>autem</strong></span> <span class='ocrx_word' id='word_1_733' title='bbox 3075 4895 3166 4946; x_wconf 84' lang='lat' dir='ltr'><strong>per</strong></span> <span class='ocrx_word' id='word_1_734' title='bbox 3196 4875 3353 4945; x_wconf 71' lang='lat' dir='ltr'><strong>ﬁdem</strong></span> <span class='ocrx_word' id='word_1_735' title='bbox 3391 4879 3662 4946; x_wconf 82' lang='lat' dir='ltr'><strong>propriam</strong></span> 
     </span>
    </p>
   </div>
   <div class='ocr_carea' id='block_1_105' title="bbox 2087 4946 3660 5016">
    <p class='ocr_par' dir='ltr' id='par_1_105' title="bbox 2087 4946 3660 5016">
     <span class='ocr_line' id='line_1_106' title="bbox 2087 4946 3660 5016; baseline -0.001 -16"><span class='ocrx_word' id='word_1_736' title='bbox 2087 4963 2238 5000; x_wconf 84' lang='lat' dir='ltr'><strong>suam</strong></span> <span class='ocrx_word' id='word_1_737' title='bbox 2285 4948 2463 5000; x_wconf 86' lang='lat' dir='ltr'><strong>vivet:</strong></span> <span class='ocrx_word' id='word_1_738' title='bbox 2503 4949 2646 5013; x_wconf 86' lang='lat' dir='ltr'><strong>quod</strong></span> <span class='ocrx_word' id='word_1_739' title='bbox 2693 4946 2877 5001; x_wconf 57' lang='lat' dir='ltr'><strong>Graece</strong></span> <span class='ocrx_word' id='word_1_740' title='bbox 2925 4947 3124 5001; x_wconf 90' lang='lat' dir='ltr'><strong>dicitur</strong></span> <span class='ocrx_word' id='word_1_741' title='bbox 3155 4965 3166 4998; x_wconf 90' lang='lat'>:</span> <span class='ocrx_word' id='word_1_742' title='bbox 3201 4948 3228 5000; x_wconf 84' lang='grc' dir='ltr'>ὁ</span> <span class='ocrx_word' id='word_1_743' title='bbox 3258 4948 3313 5000; x_wconf 80' lang='grc' dir='ltr'><strong>δὲ</strong></span> <span class='ocrx_word' id='word_1_744' title='bbox 3349 4948 3554 5007; x_wconf 78' lang='grc' dir='ltr'><strong>δίκαιος</strong></span> <span class='ocrx_word' id='word_1_745' title='bbox 3593 4950 3660 5016; x_wconf 84' lang='grc' dir='ltr'><strong>τῇ</strong></span> 
     </span>
    </p>
   </div>
   <div class='ocr_carea' id='block_1_106' title="bbox 2087 5016 3661 5087">
    <p class='ocr_par' dir='ltr' id='par_1_106' title="bbox 2087 5016 3661 5087">
     <span class='ocr_line' id='line_1_107' title="bbox 2087 5016 3661 5087; baseline 0.001 -20"><span class='ocrx_word' id='word_1_746' title='bbox 2087 5016 2282 5068; x_wconf 79' lang='grc' dir='ltr'><strong>ἑαυτοῦ</strong></span> <span class='ocrx_word' id='word_1_747' title='bbox 2301 5017 2492 5087; x_wconf 45' lang='grc' dir='ltr'><strong>πίστει</strong></span> <span class='ocrx_word' id='word_1_748' title='bbox 2526 5017 2700 5087; x_wconf 79' lang='grc' dir='ltr'><strong>ζήσει.</strong></span> <span class='ocrx_word' id='word_1_749' title='bbox 2736 5016 2881 5087; x_wconf 66' lang='lat' dir='ltr'><strong>(Haec</strong></span> <span class='ocrx_word' id='word_1_750' title='bbox 2909 5018 3200 5087; x_wconf 52' lang='lat' dir='ltr'><strong>depravata</strong></span> <span class='ocrx_word' id='word_1_751' title='bbox 3244 5016 3661 5087; x_wconf 12' lang='lat' dir='ltr'><strong>suntrin‘editis,</strong></span> 
     </span>
    </p>
   </div>
   <div class='ocr_carea' id='block_1_107' title="bbox 2086 5084 3665 5153">
    <p class='ocr_par' dir='ltr' id='par_1_107' title="bbox 2086 5084 3665 5153">
     <span class='ocr_line' id='line_1_108' title="bbox 2086 5084 3665 5153; baseline -0.003 -15"><span class='ocrx_word' id='word_1_752' title='bbox 2086 5087 2179 5138; x_wconf 84' lang='lat' dir='ltr'><strong>sed</strong></span> <span class='ocrx_word' id='word_1_753' title='bbox 2211 5100 2275 5139; x_wconf 80' lang='lat' dir='ltr'><strong>ex</strong></span> <span class='ocrx_word' id='word_1_754' title='bbox 2301 5085 2534 5140; x_wconf 89' lang='lat' dir='ltr'><strong>Eusebio</strong></span> <span class='ocrx_word' id='word_1_755' title='bbox 2569 5084 3479 5153; x_wconf 29' lang='lat' dir='ltr'><strong>restituuntur.)’BAEMUNA&#39;l‘l-lO</strong></span> <span class='ocrx_word' id='word_1_756' title='bbox 3501 5086 3665 5150; x_wconf 57' lang='lat' dir='ltr'><strong>qun.-</strong></span> 
     </span>
    </p>
   </div>
   <div class='ocr_carea' id='block_1_108' title="bbox 2085 5154 3662 5276">
    <p class='ocr_par' dir='ltr' id='par_1_108' title="bbox 2085 5154 3662 5276">
     <span class='ocr_line' id='line_1_109' title="bbox 2085 5154 3662 5276; baseline 0 -68"><span class='ocrx_word' id='word_1_757' title='bbox 2085 5156 2343 5276; x_wconf 62' lang='lat' dir='ltr'><strong>pe,lquod</strong></span> <span class='ocrx_word' id='word_1_758' title='bbox 2372 5158 2759 5225; x_wconf 86' lang='lat' dir='ltr'><strong>interpretatur</strong></span> <span class='ocrx_word' id='word_1_759' title='bbox 2783 5158 2836 5207; x_wconf 80' lang='lat' dir='ltr'><strong>in</strong></span> <span class='ocrx_word' id='word_1_760' title='bbox 2873 5156 2988 5276; x_wconf 57' lang='lat' dir='ltr'><strong>f[ide</strong></span> <span class='ocrx_word' id='word_1_761' title='bbox 3021 5173 3140 5216; x_wconf 80' lang='lat' dir='ltr'><strong>sua.</strong></span> <span class='ocrx_word' id='word_1_762' title='bbox 3182 5157 3225 5209; x_wconf 92' lang='lat' dir='ltr'><strong>si</strong></span> <span class='ocrx_word' id='word_1_763' title='bbox 3287 5154 3400 5209; x_wconf 93' lang='lat' dir='ltr'><strong>IOD</strong></span> <span class='ocrx_word' id='word_1_764' title='bbox 3455 5162 3507 5207; x_wconf 80' lang='lat' dir='ltr'><strong>et</strong></span> <span class='ocrx_word' id='word_1_765' title='bbox 3554 5171 3662 5208; x_wconf 85' lang='lat' dir='ltr'><strong>nou</strong></span> 
     </span>
     <span class='ocr_line' id='line_1_110' title="bbox 2093 5223 3661 5276; baseline 0.002 -3"><span class='ocrx_word' id='word_1_766' title='bbox 2093 5223 2175 5276; x_wconf 79' lang='lat' dir='ltr'><strong>VA</strong></span> <span class='ocrx_word' id='word_1_767' title='bbox 2259 5225 2490 5276; x_wconf 89' lang='lat' dir='ltr'><strong>litteram</strong></span> <span class='ocrx_word' id='word_1_768' title='bbox 2528 5225 2751 5276; x_wconf 86' lang='lat' dir='ltr'><strong>haberet</strong></span> <span class='ocrx_word' id='word_1_769' title='bbox 2777 5225 2829 5276; x_wconf 93' lang='lat' dir='ltr'><strong>in</strong></span> <span class='ocrx_word' id='word_1_770' title='bbox 2893 5241 2998 5276; x_wconf 88' lang='lat' dir='ltr'><strong>me.</strong></span> <span class='ocrx_word' id='word_1_771' title='bbox 3034 5236 3093 5276; x_wconf 89' lang='lat' dir='ltr'><strong>ut</strong></span> <span class='ocrx_word' id='word_1_772' title='bbox 3133 5224 3270 5276; x_wconf 85' lang='lat' dir='ltr'><strong>LXX</strong></span> <span class='ocrx_word' id='word_1_773' title='bbox 3313 5233 3661 5276; x_wconf 88' lang='lat' dir='ltr'><strong>nulavcrunt.</strong></span> 
     </span>
    </p>
   </div>
   <div class='ocr_carea' id='block_1_109' title="bbox 2093 5223 3661 5294">
    <p class='ocr_par' dir='ltr' id='par_1_109' title="bbox 2093 5223 3661 5294">
     <span class='ocr_line' id='line_1_111' title="bbox 2093 5223 3661 5294; baseline 0.001 -20"><span class='ocrx_word' id='word_1_774' title='bbox 2093 5223 2229 5276; x_wconf 80' lang='lat' dir='ltr'><strong>VAU</strong></span> <span class='ocrx_word' id='word_1_775' title='bbox 2259 5225 2490 5278; x_wconf 89' lang='lat' dir='ltr'><strong>litteram</strong></span> <span class='ocrx_word' id='word_1_776' title='bbox 2518 5223 2998 5294; x_wconf 12' lang='lat' dir='ltr'><strong>illaberetiniline,</strong></span> <span class='ocrx_word' id='word_1_777' title='bbox 3034 5236 3093 5279; x_wconf 92' lang='lat' dir='ltr'><strong>ut</strong></span> <span class='ocrx_word' id='word_1_778' title='bbox 3133 5224 3270 5278; x_wconf 83' lang='lat' dir='ltr'><strong>LXX</strong></span> <span class='ocrx_word' id='word_1_779' title='bbox 3313 5233 3661 5294; x_wconf 86' lang='lat' dir='ltr'><strong>putaverunt,</strong></span> 
     </span>
    </p>
   </div>
   <div class='ocr_carea' id='block_1_110' title="bbox 2085 5293 3662 5362">
    <p class='ocr_par' dir='ltr' id='par_1_110' title="bbox 2085 5293 3662 5362">
     <span class='ocr_line' id='line_1_112' title="bbox 2085 5293 3662 5362; baseline 0 -16"><span class='ocrx_word' id='word_1_780' title='bbox 2085 5300 2139 5346; x_wconf 86' lang='lat' dir='ltr'><strong>et</strong></span> <span class='ocrx_word' id='word_1_781' title='bbox 2187 5294 2454 5362; x_wconf 84' lang='lat' dir='ltr'><strong>legeretur</strong></span> <span class='ocrx_word' id='word_1_782' title='bbox 2494 5293 2981 5360; x_wconf 76' lang='lat' dir='ltr'><strong>BAEMUNATIH,</strong></span> <span class='ocrx_word' id='word_1_783' title='bbox 3037 5305 3182 5350; x_wconf 91' lang='lat' dir='ltr'><strong>recte</strong></span> <span class='ocrx_word' id='word_1_784' title='bbox 3229 5293 3662 5354; x_wconf 86' lang='lat' dir='ltr'><strong>transtulissent,</strong></span> 
     </span>
    </p>
   </div>
   <div class='ocr_carea' id='block_1_111' title="bbox 2087 5362 2504 5430">
    <p class='ocr_par' dir='ltr' id='par_1_111' title="bbox 2087 5362 2504 5430">
     <span class='ocr_line' id='line_1_113' title="bbox 2087 5362 2504 5430; baseline 0.005 -16"><span class='ocrx_word' id='word_1_785' title='bbox 2087 5362 2140 5414; x_wconf 80' lang='lat' dir='ltr'><strong>in</strong></span> <span class='ocrx_word' id='word_1_786' title='bbox 2176 5363 2279 5430; x_wconf 79' lang='lat' dir='ltr'><strong>ﬁde</strong></span> <span class='ocrx_word' id='word_1_787' title='bbox 2317 5381 2450 5417; x_wconf 87' lang='lat' dir='ltr'><strong>mea.</strong></span> <span class='ocrx_word' id='word_1_788' title='bbox 2484 5383 2504 5416; x_wconf 74' lang='grc' dir='ltr'><strong>ι</strong></span> 
     </span>
    </p>
   </div>
   <div class='ocr_carea' id='block_1_112' title="bbox 2161 5428 3664 5504">
    <p class='ocr_par' dir='ltr' id='par_1_112' title="bbox 2161 5428 3664 5504">
     <span class='ocr_line' id='line_1_114' title="bbox 2161 5428 3664 5504; baseline -0.001 -20"><span class='ocrx_word' id='word_1_789' title='bbox 2161 5428 2223 5484; x_wconf 73' lang='grc' dir='ltr'><strong>ν.</strong></span> <span class='ocrx_word' id='word_1_790' title='bbox 2258 5433 2309 5487; x_wconf 80' lang='grc'><strong>5.</strong></span> <span class='ocrx_word' id='word_1_791' title='bbox 2344 5433 2427 5496; x_wconf 86' lang='grc' dir='ltr'><strong>Σ.,</strong></span> <span class='ocrx_word' id='word_1_792' title='bbox 2458 5435 2552 5504; x_wconf 72' lang='grc' dir='ltr'><strong>καὶ</strong></span> <span class='ocrx_word' id='word_1_793' title='bbox 2583 5433 2896 5504; x_wconf 85' lang='grc' dir='ltr'><strong>εὐπορήσει,</strong></span> <span class='ocrx_word' id='word_1_794' title='bbox 2935 5434 2969 5486; x_wconf 86' lang='lat' dir='ltr'><strong>i.</strong></span> <span class='ocrx_word' id='word_1_795' title='bbox 3015 5448 3091 5497; x_wconf 88' lang='lat' dir='ltr'><strong>e.,</strong></span> <span class='ocrx_word' id='word_1_796' title='bbox 3119 5428 3172 5486; x_wconf 76' lang='lat' dir='ltr'><strong>in</strong></span> <span class='ocrx_word' id='word_1_797' title='bbox 3201 5450 3375 5487; x_wconf 83' lang='lat' dir='ltr'><strong>rerum</strong></span> <span class='ocrx_word' id='word_1_798' title='bbox 3425 5432 3664 5504; x_wconf 76' lang='lat' dir='ltr'><strong>omnium</strong></span> 
     </span>
    </p>
   </div>
   <div class='ocr_carea' id='block_1_113' title="bbox 2086 5503 3661 5572">
    <p class='ocr_par' dir='ltr' id='par_1_113' title="bbox 2086 5503 3661 5572">
     <span class='ocr_line' id='line_1_115' title="bbox 2086 5503 3661 5572; baseline 0.001 -18"><span class='ocrx_word' id='word_1_799' title='bbox 2086 5503 2200 5572; x_wconf 55' lang='lat' dir='ltr'><strong>erit</strong></span> <span class='ocrx_word' id='word_1_800' title='bbox 2216 5503 2459 5571; x_wconf 77' lang='lat' dir='ltr'><strong>penuria,</strong></span> <span class='ocrx_word' id='word_1_801' title='bbox 2496 5503 3071 5558; x_wconf 38' lang='lat' dir='ltr'><strong>l-lieron.’liarberinus</strong></span> <span class='ocrx_word' id='word_1_802' title='bbox 3097 5504 3277 5564; x_wconf 88' lang='lat' dir='ltr'><strong>habet,</strong></span> <span class='ocrx_word' id='word_1_803' title='bbox 3301 5503 3661 5572; x_wconf 78' lang='grc' dir='ltr'><strong>εύπραγήσει.</strong></span> 
     </span>
    </p>
   </div>
   <div class='ocr_carea' id='block_1_114' title="bbox 2163 5569 3342 5636">
    <p class='ocr_par' dir='ltr' id='par_1_114' title="bbox 2163 5569 3342 5636">
     <span class='ocr_line' id='line_1_116' title="bbox 2163 5569 3342 5636; baseline 0.003 -14"><span class='ocrx_word' id='word_1_804' title='bbox 2163 5569 2224 5624; x_wconf 77' lang='grc' dir='ltr'><strong>ν.</strong></span> <span class='ocrx_word' id='word_1_805' title='bbox 2264 5573 2316 5623; x_wconf 87' lang='lat'><strong>7.</strong></span> <span class='ocrx_word' id='word_1_806' title='bbox 2353 5575 2417 5624; x_wconf 80' lang='grc' dir='ltr'><strong>Οἱ</strong></span> <span class='ocrx_word' id='word_1_807' title='bbox 2444 5575 2632 5635; x_wconf 76' lang='grc' dir='ltr'><strong>λοιπ.,</strong></span> <span class='ocrx_word' id='word_1_808' title='bbox 2659 5573 2754 5625; x_wconf 79' lang='grc' dir='ltr'><strong>καὶ</strong></span> <span class='ocrx_word' id='word_1_809' title='bbox 2786 5573 2975 5636; x_wconf 81' lang='grc' dir='ltr'><strong>ἐξυπν-</strong></span> <span class='ocrx_word' id='word_1_810' title='bbox 2993 5573 3342 5628; x_wconf 86' lang='lat' dir='ltr'><strong>Barberinus.</strong></span> 
     </span>
    </p>
   </div>
   <div class='ocr_carea' id='block_1_115' title="bbox 2161 5639 2804 5702">
    <p class='ocr_par' dir='ltr' id='par_1_115' title="bbox 2161 5639 2804 5702">
     <span class='ocr_line' id='line_1_117' title="bbox 2161 5639 2804 5702; baseline 0.009 -11"><span class='ocrx_word' id='word_1_811' title='bbox 2161 5639 2220 5692; x_wconf 75' lang='grc' dir='ltr'><strong>ν.</strong></span> <span class='ocrx_word' id='word_1_812' title='bbox 2249 5640 2300 5694; x_wconf 89' lang='grc'><strong>9.</strong></span> <span class='ocrx_word' id='word_1_813' title='bbox 2347 5641 2427 5702; x_wconf 82' lang='grc' dir='ltr'><strong>Σ.,</strong></span> <span class='ocrx_word' id='word_1_814' title='bbox 2467 5641 2607 5695; x_wconf 75' lang='grc' dir='ltr'><strong>οὐαί.</strong></span> <span class='ocrx_word' id='word_1_815' title='bbox 2638 5641 2804 5696; x_wconf 85' lang='lat' dir='ltr'><strong>Idem.</strong></span> 
     </span>
    </p>
   </div>
   <div class='ocr_carea' id='block_1_116' title="bbox 2161 5707 3662 5784">
    <p class='ocr_par' dir='ltr' id='par_1_116' title="bbox 2161 5707 3662 5784">
     <span class='ocr_line' id='line_1_118' title="bbox 2161 5707 3662 5784; baseline 0.001 -22"><span class='ocrx_word' id='word_1_816' title='bbox 2161 5707 2224 5763; x_wconf 72' lang='grc' dir='ltr'><strong>ν.</strong></span> <span class='ocrx_word' id='word_1_817' title='bbox 2261 5710 2344 5765; x_wconf 91' lang='grc'><strong>11.</strong></span> <span class='ocrx_word' id='word_1_818' title='bbox 2374 5709 2498 5768; x_wconf 72' lang='lat' dir='ltr'><strong>Haec</strong></span> <span class='ocrx_word' id='word_1_819' title='bbox 2519 5728 2583 5766; x_wconf 85' lang='lat' dir='ltr'><strong>ex</strong></span> <span class='ocrx_word' id='word_1_820' title='bbox 2618 5710 2948 5782; x_wconf 83' lang='lat' dir='ltr'><strong>Hieronymo</strong></span> <span class='ocrx_word' id='word_1_821' title='bbox 2984 5713 3275 5782; x_wconf 85' lang='lat' dir='ltr'><strong>prodeunt,</strong></span> <span class='ocrx_word' id='word_1_822' title='bbox 3319 5713 3411 5784; x_wconf 92' lang='lat' dir='ltr'><strong>qui</strong></span> <span class='ocrx_word' id='word_1_823' title='bbox 3456 5711 3535 5770; x_wconf 89' lang='lat' dir='ltr'><strong>sic</strong></span> <span class='ocrx_word' id='word_1_824' title='bbox 3572 5712 3662 5766; x_wconf 81' lang='lat' dir='ltr'><strong>ha-</strong></span> 
     </span>
    </p>
   </div>
  </div>
