4080 6416
297 411 437 469 2935

297 535 427 596 λος,
463 532 735 599 ποταμοὺς
764 530 1157 593 διασκεδάσεις,
1194 529 1285 583 καὶ
1318 530 1420 597 γῆν
1450 528 1662 589 σώσεις.

296 713 472 763 tamn
506 711 598 788 τοι
636 714 751 766 any
789 710 936 788 (=92:
981 712 1120 765 εει-ιτ
1154 710 1328 761 ειν-τι
1376 685 1515 762 πίνη-ιν
1553 709 1694 778 Τίκη
1736 701 1800 754 to

297 803 417 852 RW:
450 774 591 852 τιὸ-ιτ
630 802 735 851 D'i‘l
772 774 887 869 151p
959 793 1035 856 0’,
1065 791 1284 859 ὄψονται
1319 808 1378 844 σε
1424 792 1517 844 καὶ
1550 774 1870 858 ὧδινήσουσι

297 883 434 945 λαοὶ,
460 881 770 950 σκορπίζων
806 881 976 937 ὕδατα
1015 882 1240 952 πορείας
1267 898 1280 911 ·
1317 881 1515 934 ἔδωκεν
1563 882 1595 950 ή
1640 880 1874 942 ἄϐυσσος

298 972 481 1042 φωνὴν
517 972 709 1041 αὐτῆς,
746 971 876 1041 ὕψος
906 973 1205 1041 φαντασίας
1227 971 1417 1040 αὐτῆς.
1451 972 1687 1035 Ἄλλος,
1714 972 1771 1021 ἐν
1800 968 1874 1037 τῷ

297 1061 698 1133 ἀντοφθαλμεῖν
753 1080 811 1115 σε
857 1063 1293 1133 ταραχθήσονται
1318 1062 1386 1115 τὰ
1413 1062 1512 1132 ὅρη
1538 1077 1548 1088 ·
1594 1065 1651 1114 ἐν
1678 1061 1757 1131 τῷ
1783 1063 1873 1116 τὸν

296 1150 531 1219 ἐξαίσιόν
581 1169 675 1205 σου
727 1153 932 1223 ὄμϐρον
978 1153 1204 1207 διελθεῖν
1241 1153 1308 1205 δι’
1345 1152 1597 1223 αὐτῆς,ή
1639 1152 1875 1216 ἄϐυσσος

294 1241 609 1313 ἀνεφώνησε
636 1242 839 1309 μεῖζον.

1531 408 1849 467 ιιλολςυο
1874 405 2100 463 CAPUT
2144 406 2232 460 lll.

3415 395 3557 451 2036

1987 523 2268 578 seindetur
2294 531 2456 580 terra.
2492 523 2671 586 Alius,
2694 522 2889 579 ﬂuvios
2915 516 3229 588 dissipabis,
3255 524 3307 568 et
3347 520 3553 565 ιαμ-«ιιι

1983 615 2241 670 salvabis.

2052 710 2139 763 10.
2177 708 2310 763 Heb.
2338 706 2604 761 Viderunt
2643 715 2714 767 te,
2745 709 3084 758 tremuerunt
3110 707 3352 761 montes;
3389 698 3551 749 itum-

1979 799 2126 854 datio
2140 814 2406 868 aquarum
2434 797 2668 851 transiit.
2695 791 3341 862 Deditabyssussouitum
3365 803 3549 848 suum,

1979 888 2209 943 altitudo
2243 902 2439 941 manus
2462 900 2592 941 suas
2626 883 2878 939 elevavit.
2907 879 3070 944 LXX,
3108 879 3375 933 Videbunt
3405 885 3477 937 te,
3498 883 3553 926 et

1979 980 2119 1034 sicut
2150 979 2459 1048 parturiens
2489 977 2752 1031 dulebunt
2782 973 2999 1043 populi:
3032 972 3350 1039 dispergens
3379 970 3550 1035 aquas

1977 1069 2210 1123 itineris.
2250 1067 2405 1122 Dedit
2433 1068 2663 1138 abyssus
2690 1080 2875 1119 vocem
2914 1077 3095 1122 suam,
3118 1058 3348 1113 altitudo
3378 1056 3551 1124 phan-

1977 1159 2129 1213 tasia:
2163 1160 2302 1230 ejus.
2337 1160 2518 1224 Alius,
2569 1158 2703 1212 Cum
2756 1163 2947 1210 contra
3008 1153 3333 1219 resnexeris,
3368 1148 3553 1201 turba-

1977 1250 2182 1303 buntur
2212 1258 2427 1302 montes
2461 1266 2474 1302 :
2507 1262 2632 1302 cum
2666 1247 2860 1315 ingens
2903 1244 3078 1297 imber
3107 1249 3233 1294 tuus
3266 1246 3550 1308 pertraxiss-

295 1335 399 1389 iret
432 1352 527 1405 per
553 1352 672 1391 eam
732 1339 964 1410 abyssus
1012 1341 1187 1411 magis
1250 1339 1549 1395 resonavit.
1612 1338 1737 1394 ναι.
1800 1340 2063 1398 Viderunt
2129 1355 2202 1406 te,
2257 1356 2312 1398 et
2359 1343 2654 1398 doluerunt
2709 1348 2964 1395 montes:
3025 1350 3222 1407 gurges
3283 1344 3548 1401 aquarum

292 1431 529 1484 transiit.
557 1430 708 1486 Dedit
736 1434 966 1504 abyssus
991 1450 1176 1489 vocem
1210 1450 1387 1498 suam,
1417 1435 1646 1489 altitudo
1666 1451 1863 1491 manus
1904 1453 2033 1492 suas
2061 1438 2279 1492 levavit.

291 1504 450 1582 ττκὸ
486 1505 633 1580 1:an
670 1531 812 1598 1am
847 1507 984 1584 amb
1027 1510 1196 1588 715::
1239 1536 1361 1590 τιατ
1396 1534 1498 1586 Π-ιν
1538 1536 1693 1587 tum:
1735 1527 1797 1581 tt

289 1619 462 1692 ᾚὩΣΠ
493 1622 611 1696 ΡἫ
683 1616 760 1679 Ο’,
801 1616 1011 1688 ὲπῄρθη
1064 1621 1092 1671 ὁ
1133 1618 1303 1689 ἥλιος,
1328 1618 1421 1673 καὶ
1447 1621 1479 1689 ἡ
1510 1620 1707 1688 σελήνη
1741 1619 1869 1689 ἔστη

289 1703 349 1755 ὲν
373 1706 440 1774 τῇ
469 1704 620 1769 τάξει
646 1707 838 1777 αὐτῆς,
867 1711 945 1772 είς
975 1711 1090 1778 φῶς
1121 1709 1325 1779 βολίδες
1361 1728 1454 1764 σου
1489 1711 1866 1781 πορεύσονται,

287 1795 369 1857 είς
402 1795 604 1864 φέγγος
640 1796 929 1869 ἀστραπῆς
974 1801 1152 1854 ὅπλων
1196 1820 1309 1855 σου.
1355 1804 1609 1868 Ἄλλος,
1646 1802 1760 1871 φῶς
1808 1801 1870 1854 τὸ

287 1886 537 1958 λαμπρὶν
558 1888 652 1942 τοῦ
687 1889 838 1959 ἡλίου
874 1894 1101 1961 ἐπέσχεν
1125 1909 1137 1922 ”
1171 1894 1233 1946 τὸ
1267 1894 1325 1947 δὲ
1354 1896 1555 1962 φέγγος
1583 1895 1681 1964 τῆς
1708 1892 1866 1964 σελή-

288 1996 386 2049 νης
402 1979 600 2048 ἐστάθη
626 1998 636 2009 ·
671 1984 812 2036 κατὰ
834 1983 894 2036 τὸ
922 1984 1124 2052 φέγγος
1146 1986 1254 2039 τῶν
1295 1986 1517 2054 βολίδων
1544 2004 1638 2040 σου
1665 1986 1866 2057 πορεύ-

287 2086 492 2131 σονται,
528 2072 670 2127 κατὰ
706 2073 768 2126 τὸ
798 2075 1001 2143 φέγγος
1039 2077 1331 2147 ἀστραπῆς
1365 2079 1641 2147 μαχαίρας
1677 2094 1789 2131 σου.

2046 1530 2132 1583 11.
2168 1528 2304 1582 ιιει).
2366 1526 2483 1590 Sol,
2525 1528 2653 1582 luna
2704 1527 2854 1582 stetit
2914 1520 3265 1579 tabernaculo
3321 1532 3441 1578 suo,
3478 1516 3547 1569 ad

1972 1618 2144 1674 lucem
2173 1620 2494 1688 sagittarum
2534 1629 2748 1671 tuarum
2784 1618 2963 1679 ibunt,
2995 1616 3060 1666 ad
3086 1611 3425 1680 splendorem
3441 1606 3549 1660 ful-

1969 1710 2119 1781 guris
2167 1711 2336 1767 bastre
2394 1719 2520 1763 tum.
2553 1706 2720 1772 LXX,
2775 1706 3030 1763 Elevatus
3061 1713 3143 1757 est
3197 1701 3300 1764 sol,
3337 1709 3389 1752 et
3417 1699 3545 1750 luna

1969 1802 2117 1856 stetit
2158 1800 2208 1852 in
2241 1800 2434 1854 ordine
2462 1815 2582 1862 suo,
2631 1798 2683 1853 in
2740 1797 2860 1850 luce
2885 1794 3066 1864 jaeula
3120 1800 3209 1843 tua
3271 1789 3445 1849 ibunt,
3487 1786 3544 1837 in

1970 1894 2260 1961 splendore
2299 1890 2698 1946 coruscationis
2755 1900 3032 1942 armorum
3095 1893 3333 1938 tuorum.
3366 1877 3545 1938 Alius.

1970 1985 2062 2037 lux
2097 1983 2381 2053 splendida
2423 1983 2556 2037 solis
2583 1980 2877 2044 continuit,
2910 1975 3169 2047 splendor
3196 1981 3376 2025 autem
3404 1968 3547 2021 lunae

1970 2076 2141 2139 stetit,
2189 2073 2493 2128 secundum
2546 2069 2893 2140 splendorem
2955 2066 3264 2137 jaculorum
3326 2069 3544 2112 tuorum

285 2161 464 2229 ilzunt,
528 2164 828 2220 secundum
891 2168 1234 2237 splendorem
1294 2171 1527 2240 fulguris
1564 2171 1727 2238 gladii
1763 2169 1862 2223 tui.
1907 2167 2034 2222 Vul.
2091 2166 2185 2219 Sol
2240 2175 2293 2219 et
2352 2166 2483 2218 luna
2542 2172 2807 2219 steterunt
2859 2163 2914 2214 in
2971 2157 3284 2211 habitacula
3334 2164 3453 2215 suo.
3489 2149 3543 2202 in

286 2256 407 2310 luce
436 2259 757 2327 sagittarum
790 2269 1030 2324 tuarum,
1085 2265 1242 2318 ibunt
1294 2266 1348 2318 iu
1406 2266 1698 2335 splendore
1730 2264 2055 2335 fulgurantis
2092 2263 2260 2315 hasta:
2292 2271 2417 2314 tum.

282 2356 402 2410 D‘I‘t
436 2359 584 2410 IUTl'l'l
620 2362 740 2438 qua
771 2360 1085 2435 V‘tN'WJm
1120 2365 1267 2419 Dm
1305 2357 1372 2410 12
1448 2360 1525 2422 0',
1561 2360 1618 2411 ἐν
1664 2358 1861 2427 ἀπειλῇ

282 2440 564 2509 ὀλιγώσεις
599 2447 722 2514 γῆν,
769 2447 863 2498 καὶ
889 2449 945 2499 ἐν
976 2447 1131 2518 θυμῷ
1166 2448 1421 2513 κατάξεις
1447 2450 1597 2520 ἔθνη.
1622 2451 1859 2517 Ἄλλος,

289 2530 630 2678 μετάἔὲυμοῦ
659 2533 931 2607 ὲγερθήσῃ
968 2540 1061 2591 ἐπὶ
1094 2539 1194 2610 τὴν
1221 2542 1348 2611 γῆν,
1373 2543 1489 2611 μετ’
1511 2543 1683 2614 ὀργῆς
1703 2543 1865 2615 ἀλοῆ-

285 2640 398 2689 est;
489 2643 576 2689 νη.

302 2644 398 2689 ῖεις
427 2644 576 2698 ευνη.

287 2896 604 2969 vrum-nu
639 2871 786 2951 MD")
822 2898 950 2969 ’ἵεν
984 2875 1130 2954 νωνὸ
1162 2902 1305 2952 mon
1348 2894 1413 2948 15
1498 2896 1575 2949 ‘A.
1605 2895 1682 2962 ιε’,
1713 2896 1864 2968 eam.

287 2977 376 3043 θες
402 2981 482 3044 είς
510 2981 784 3051 σωτηρίαν
815 2980 944 3035 λαοῦ
971 2998 1085 3043 σου,
1115 2985 1195 3045 είς
1228 2985 1500 3054 σωτηρίαν
1524 2987 1619 3039 σὺν
1643 2988 1862 3059 Χριστῷ

285 3086 398 3123 σου.
433 3071 490 3124 Σ.
521 3109 537 3124 .
578 3108 594 3124 .
623 3109 638 3124 .
679 3110 695 3126 .
733 3110 749 3126 .
785 3110 799 3126 .
833 3111 848 3125 .
884 3113 897 3126 .
934 3111 950 3126 .
976 3074 1052 3138 0’,
1081 3072 1304 3144 ἐξῆλθες
1323 3078 1403 3139 εἰς
1433 3078 1705 3148 σωτηρίαν
1731 3078 1859 3133 λαοῦ

285 3176 376 3214 σου
406 3158 500 3213 τοῦ
525 3161 696 3214 σῶσαι
728 3161 820 3214 τὸν
847 3162 1080 3232 Χριστόν
1114 3181 1228 3217 σου.
1258 3167 1320 3220 Θ.
1367 3203 1381 3218 .
1423 3204 1438 3219 .
1478 3207 1492 3221 .
1529 3206 1543 3220 .
1579 3171 1671 3235 ς’,
1708 3168 1861 3239 ἐξῆλς

288 3250 375 3315 θες
404 3252 497 3304 τοῦ
534 3251 705 3304 σῶσαι
729 3253 821 3306 τὸν
849 3252 977 3306 λαόν
1013 3271 1106 3308 σου
1135 3255 1223 3309 διὰ
1268 3257 1472 3327 Ἰησοῦν
1498 3258 1589 3311 τὸν
1626 3260 1862 3329 Χριστόν

287 3360 378 3396 σου
429 3344 499 3414 (l.
535 3344 621 3398 διὰ
658 3343 831 3416 Ἰησοῦ
878 3347 973 3401 τοῦ
1025 3349 1263 3419 Χριστοῦ
1297 3353 1436 3421 σου).
1470 3353 1704 3417 Ἄλλος,
1737 3355 1862 3406 ἀνε-

286 3434 458 3504 φάνης
514 3435 609 3488 ἐπὶ
659 3438 907 3509 σωτηρίᾳ.
956 3438 1049 3491 τοῦ
1103 3439 1232 3494 λαοῦ
1267 3458 1383 3505 σου,
1417 3442 1683 3511 ῥύσασθαι
1738 3446 1863 3509 τοὺς

285 3525 575 3590 ἐκλεκτούς
614 3544 727 3582 σου.

285 3601 390 3676 n‘tt:
423 3627 674 3682 -πκΊκ-τν
709 3627 826 3679 τιον
879 3630 1021 3685 nm
1063 3632 1193 3686 tam
1237 3632 1393 3684 n‘m
1439 3635 1573 3687 tum
1621 3638 1794 3689 mm:

2043 2354 2131 2409 £2.
2170 2352 2305 2407 Heh.
2340 2352 2394 2404 in
2427 2350 2507 2403 ira
2542 2349 2759 2403 iucedes
2790 2357 3014 2405 terram,
3057 2347 3112 2393 et
3143 2339 3197 2390 iu
3236 2334 3418 2387 furore
3445 2330 3545 2384 tri-

1969 2444 2182 2499 tu-rabis
2209 2451 2417 2512 gentes.
2450 2438 2615 2503 LXX,
2671 2439 2726 2491 in
2782 2432 3206 2491 comminatione
3251 2424 3540 2479 imminuee

1970 2546 2192 2599 terram,
2229 2543 2283 2588 et
2321 2536 2372 2586 in
2410 2530 2595 2586 lurore
2632 2531 2888 2584 detrahes
2928 2534 3135 2594 gentes.
3185 2519 3371 2581 Alius,
3417 2527 3544 2569 cum

1971 2626 2157 2681 furore
2189 2624 2516 2679 excitaberis
2543 2637 2707 2691 super
2742 2632 2964 2678 terram,
2999 2629 3123 2669 cum
3157 2612 3235 2666 ira
3260 2607 3543 2663 triturabis

1968 2727 2179 2789 gentes.
2205 2716 2324 2769 Vul.
2354 2716 2405 2768 in
2444 2714 2659 2768 fremitu
2696 2707 3043 2765 (onculcabis
3095 2713 3335 2758 terram:
3375 2700 3430 2753 iu
3466 2696 3547 2751 fu-

1971 2825 2096 2864 rore
2121 2807 2525 2877 obstupefacies
2557 2813 2764 2874 gentes.

2040 2903 2129 2955 l3.
2170 2900 2333 2955 llebr.
2366 2900 2431 2953 A.
2459 2897 2523 2964 V,
2553 2897 2676 2950 ναι.
2708 2894 2977 2964 Egressus
3005 2905 3063 2944 es
3098 2889 3150 2941 in
3184 2887 3414 2941 salutem
3448 2897 3544 2951 po-

1966 2993 2079 3063 puli
2114 2993 2258 3046 tuiiu
2290 2993 2516 3045 salutem
2536 3004 2659 3043 cum
2685 2986 2904 3041 Christo
2934 2993 3047 3038 tuo.
3074 2982 3133 3036 S.
3166 2976 3543 3045 LXX,Egres-

1968 3099 2065 3138 sus
2094 3097 2153 3138 es
2189 3082 2243 3135 in
2271 3081 2500 3136 salutem
2532 3076 2714 3148 populi
2743 3075 2840 3139 tui,
2876 3083 2936 3128 ut
2974 3072 3217 3127 salvares
3256 3067 3539 3120 Christum

1970 3184 2140 3231 tuum.
2170 3175 2275 3228 Th.
2310 3173 2575 3242 Egressus
2598 3186 2657 3224 es
2690 3168 2902 3224 salvare
2928 3165 3187 3235 populum
3218 3171 3393 3220 tuum,
3434 3158 3547 3212 sal-

1968 3285 2097 3325 vare
2123 3268 2400 3324 Christum
2427 3274 2598 3320 tuum.
2646 3260 2713 3315 Vl
2766 3259 2866 3315 Ed.
2894 3258 3160 3328 Egressus
3204 3269 3263 3309 es
3332 3252 3544 3306 salvare

1967 3361 2230 3429 ponulum
2274 3366 2425 3412 tuum
2467 3371 2561 3426 per
2588 3353 2775 3408 Jesum
2817 3350 3095 3405 Christum
3140 3356 3314 3400 tuum.
3366 3342 3541 3403 Alius,

1970 3451 2285 3521 Apparuisti
2317 3463 2482 3519 super
2517 3447 2694 3503 salute
2725 3443 2911 3514 populi
2962 3441 3059 3505 ttti,
3099 3438 3164 3492 ad
3198 3434 3541 3490 liberandum

1971 3545 2174 3598 electos
2214 3551 2355 3597 tuos.

2033 3635 2168 3689 lleb.
2204 3632 2523 3689 trausfixisti
2560 3638 2723 3701 caput
2745 3629 2812 3684 de
2831 3624 2995 3681 domo
3026 3621 3197 3692 impii,
3218 3615 3545 3674 denudanda

286 3712 361 3774 θ’,
392 3708 574 3777 βαλεῖς
603 3711 683 3772 είς
726 3711 972 3779 κεφαλὰς
1004 3713 1225 3782 ἀνόμων
1263 3713 1490 3769 θάνατον
1516 3758 1529 3782 ,
1574 3717 1864 3788 ἐξὴγειρας

1970 3725 2375 3779 fundamentum
2409 3737 2587 3792 usque
2620 3720 2686 3775 ad
2737 3718 2964 3782 collum,
3008 3713 3139 3769 sela.
3178 3706 3341 3772 LXX,
3363 3705 3544 3758 Mittcs

284 3802 515 3874 δεσμοὺς
540 3802 646 3867 ἕως
669 3805 963 3875 τραχήλου,
996 3804 1295 3876 διάψαλμα.
1337 3808 1399 3860 Θ.
1441 3845 1455 3860 .
1491 3850 1504 3862 .
1539 3847 1552 3859 .
1594 3849 1607 3862 .
1650 3847 1665 3863 .
1696 3848 1708 3862 .
1743 3849 1757 3863 .
1795 3849 1808 3862 .
1845 3850 1858 3864 .

285 3894 363 3951 E’.
396 3932 410 3947 .
439 3934 454 3948 .
490 3933 505 3947 .
539 3935 554 3949 .
587 3933 601 3949 .
640 3935 653 3949 .
695 3897 928 3963 Ἄλλος,
961 3899 1354 3965 κατετόξευσας
1384 3899 1625 3968 κεφαλὰς
1654 3899 1863 3967 ἀνθρὼ-

1963 3819 2015 3872 in
2043 3816 2224 3884 capita
2282 3815 2599 3884 iniquorum
2664 3820 2925 3873 mortem,
2988 3801 3268 3861 suscitasti
3320 3795 3542 3854 vincula

1959 3922 2135 3977 usque
2162 3904 2229 3959 ad
2253 3906 2476 3961 collum.
2507 3902 2835 3973 Diapsalma.
2861 3897 2964 3952 Th.
2993 3936 3004 3950 .
3029 3936 3043 3950 .
3070 3935 3086 3949 .
3107 3935 3123 3949 .
3150 3933 3163 3946 .
3188 3889 3392 3947 ornasti
3419 3886 3544 3941 fun-

286 4003 403 4040 πων
430 3987 813 4058 ὑπερηφάνων,
837 3987 942 4053 ἕως
971 3990 1208 4043 ἀϐύσσου
1235 3991 1333 4063 τῆς
1385 3990 1659 4064 θαλάσσης
1693 4010 1861 4047 κατα-

1970 3997 2280 4052 dameutum
2311 4010 2484 4064 usque
2534 3994 2603 4048 ad
2654 3992 2875 4047 collum.
2926 3987 2963 4040 V
3017 3986 3117 4041 Ed.
3143 4026 3156 4039 .
3184 4024 3197 4039 .
3223 4022 3237 4037 .
3263 4022 3277 4035 .
3300 4022 3314 4035 .
3371 3979 3547 4034 denu-

284 4076 558 4132 δύσονται.

1969 4089 2110 4145 dasti
2136 4130 2150 4156 ,
2172 4089 2275 4142 sive
2303 4085 2581 4142 evacuasti
2607 4082 3019 4139 fundamentum
3043 4091 3216 4147 usque
3230 4075 3296 4129 ad
3317 4073 3545 4136 collum,

289 4173 419 4227 sela.
457 4173 633 4237 Alius,
678 4172 904 4244 Sagittis
946 4175 1237 4231 confudisti
1287 4177 1462 4247 capita
1498 4179 1779 4236 hominum
1839 4184 2226 4254 superborum,
2278 4196 2453 4250 usque
2487 4179 2555 4234 ad
2620 4181 2877 4249 abyssum
2916 4172 3088 4227 maris
3135 4169 3541 4234 demergentur.

289 4262 414 4319 ναι.
438 4265 774 4346 Ῥονοιιεεὶειί
804 4281 966 4339 caput
992 4269 1058 4324 de
1108 4271 1271 4326 domo
1309 4272 1491 4342 impii;
1535 4274 1824 4333 denudasti
1866 4279 2281 4335 fundamentum
2348 4276 2469 4345 ejus
2499 4290 2676 4346 usque
2702 4274 2768 4329 ad
2801 4271 3022 4327 collum.

287 4342 506 4421 911375?
543 4344 767 4444 ’στηρηῆ
796 4369 956 4424 mm
987 4370 1113 4423 rma
1147 4371 1280 4422 tam
1315 4372 1501 4425 aut:
1543 4376 1689 4444 mp:
1730 4368 1797 4422 ιιι

286 4458 498 4507 W333
531 4456 616 4513 ’ἓν
651 4434 929 4510 ΞΞΝΒἽΒ)
1002 4457 1078 4518 (ν,
1108 4455 1362 4523 διέκοψας
1392 4457 1449 4508 ἐν
1492 4434 1745 4512 ἐκστάσει
1775 4477 1867 4513 κε-

291 4540 465 4610 φαλὰς
494 4539 794 4608 δυναστῶν,
825 4542 1200 4615 σεισθήσονται
1232 4548 1289 4599 ἐν
1333 4548 1492 4619 αὐτῇ,
1542 4549 1865 4616 διανοίξουσι

290 4634 542 4703 χαλινοὺς
579 4635 757 4697 αὐτῶν
787 4636 863 4700 ὡς
913 4636 1085 4691 ἔσθων
1130 4640 1343 4709 πτωχὸς
1393 4642 1588 4714 λάθρα.
1628 4644 1863 4711 Ἄλλος,

290 4724 607 4794 ἔξεδίκησας
641 4726 779 4795 μετὰ
827 4726 1110 4796 δυνάμεώς
1158 4746 1251 4782 σου
1291 4731 1416 4803 τοὺς
1446 4732 1719 4802 ἀρχηγοὺς
1756 4733 1864 4786 τῶν

292 4816 669 4887 ἁμαρτωλῶν·
713 4820 835 4881 τοὺς
874 4820 1197 4882 πεποιθότας
1228 4823 1321 4873 ἐπὶ
1368 4825 1433 4893 τῇ
1473 4823 1732 4895 αὐθαδείᾳ
1766 4825 1865 4878 αὐ-

289 4906 419 4970 τῶν,
456 4908 641 4964 ἕνεκεν
668 4909 761 4963 τοῦ
796 4915 1131 4980 καταφαγεῖν
1164 4913 1289 4974 τοὺς
1318 4913 1567 4983 πτωχοὺς
1596 4913 1789 4984 λάθρα.

2046 4368 2229 4423 44.11.
2266 4366 2558 4422 Pet-fodisti
2598 4366 2651 4418 in
2685 4362 2893 4418 baculis
2936 4358 3060 4428 ejus
3114 4359 3275 4423 caput
3300 4360 3546 4419 pagano-

1974 4477 2095 4515 rum
2117 4461 2237 4530 ejus
2261 4477 2274 4512 :
2310 4459 2673 4514 turbinabunt
2695 4456 2761 4512 ad
2783 4448 3201 4523 dispergendum
3218 4459 3333 4497 me:
3357 4437 3542 4494 exsul-

1973 4553 2105 4607 tatio
2130 4566 2317 4606 eorum
2351 4551 2508 4619 quasi
2540 4551 2606 4603 ad
2631 4545 3024 4603 comedendum
3055 4538 3311 4595 amictum
3335 4536 3389 4587 in
3416 4532 3549 4586 abs-v

1972 4645 2214 4700 condito.
2241 4641 2407 4709 LXX,
2462 4640 2742 4697 Discidisti
2790 4640 2844 4693 in
2880 4646 3102 4706 stupore
3155 4629 3327 4699 capita
3363 4634 3547 4695 poten-

1973 4735 2107 4789 tium
2132 4752 2146 4789 :
2171 4735 2663 4790 commovebuntur
2696 4731 2751 4785 in
2782 4745 2848 4786 eo
2880 4745 2896 4783 :
2946 4725 3192 4795 aperient
3240 4719 3405 4773 trama
3444 4729 3546 4770 sua

1974 4827 2117 4882 sicut
2145 4828 2439 4882 comedens
2470 4840 2676 4895 pauper
2704 4823 2758 4877 in
2795 4818 3142 4876 abscondito.
3175 4811 3347 4873 Alius,
3382 4805 3546 4859 Ultus

1972 4932 2031 4972 es
2058 4934 2182 4973 cum
2210 4918 2412 4972 virtute
2454 4928 2543 4971 tua
2591 4918 2757 4971 duces
2792 4920 3159 4983 peccatorum,
3210 4900 3547 4957 confidentes

293 4997 347 5052 in
383 5002 694 5069 arrogantia
755 5017 853 5056 sua
894 5011 953 5056 ut
1000 5003 1345 5057 comederent
1395 5019 1658 5073 pauperes
1716 5004 1878 5058 clam.
1920 5004 2044 5063 Vul.
2107 5008 2436 5064 Maledixisti
2490 5010 2726 5076 sceptris
2784 5005 2945 5074 ejus,
2997 4998 3159 5069 capiti
3216 4994 3547 5048 bellatorum

291 5094 432 5164 ejus,
459 5097 804 5152 venientibus
844 5107 902 5153 ut
946 5099 1104 5153 turbo
1172 5098 1236 5153 ad
1298 5100 1717 5169 dispergeudum
1770 5116 1874 5163 me.
1915 5102 2225 5160 Essultatio
2250 5120 2464 5171 eorum,
2502 5105 2648 5160 sicut
2675 5100 2795 5172 ejus
2836 5098 2929 5169 qui
2982 5096 3205 5150 devorat
3250 5100 3545 5160 pauperem
3617 5120 3627 5128 .

292 5188 349 5245 in
373 5190 718 5247 abscondito.

293 5297 502 5346 πονιτ
540 5294 627 5350 ut:
662 5269 956 5347 θεώ-πω
973 5270 1188 5351 3m")?
1226 5275 1445 5348 ο]τέηὸ
1530 5291 1608 5343 Ἀ.
1635 5289 1725 5344 τοῦ
1756 5290 1869 5342 δια-

295 5380 611 5451 σκορπίσαι,
658 5383 1010 5453 γαυριάματα
1053 5383 1233 5437 αὐτῶν
1262 5383 1354 5436 τοῦ
1395 5387 1588 5452 φαγεῖν
1630 5385 1869 5454 πένητας

294 5471 650 5542 ἀποκρύφως.
695 5473 754 5526 Σ.
807 5472 1131 5535 ἐπελθόντας
1177 5474 1468 5541 σκορπίσαι
1522 5472 1868 5543 γαυριῶντας

294 5556 437 5614 ὥστε
462 5564 800 5630 καταφαγεῖν
846 5562 1110 5633 κρυφίως.
1143 5562 1219 5628 θ’,
1249 5562 1569 5628 διανοίξουσι
1617 5561 1866 5632 χαλινοὺς

293 5652 476 5710 αὐτῶν
510 5654 587 5722 ὡς
616 5653 788 5710 ἔσθων
815 5654 1026 5723 πτωχδς
1050 5652 1241 5724 λάθρα.

2040 5288 2106 5342 ll.
2138 5289 2207 5345 ad
2242 5285 2664 5358 dispergendum
2693 5298 2781 5339 me
2809 5296 2822 5333 :
2859 5279 3154 5336 exsultatio
3174 5291 3364 5331 eorum
3388 5275 3544 5345 quasi

1967 5381 2034 5435 ad
2068 5381 2465 5435 comedendum
2521 5378 2775 5432 afﬂictum
2840 5373 2896 5427 in
2942 5370 3303 5427 abscondito.
3349 5369 3416 5421 Α.
3475 5367 3543 5421 ad

1965 5472 2410 5543 dispergeudum:
2435 5468 2830 5525 exsultatioues
2851 5479 3038 5519 eorum
3064 5461 3126 5515 ad
3146 5460 3540 5515 comedendum

1965 5578 2231 5633 pauperes
2264 5562 2424 5616 clam.
2457 5560 2515 5616 S.
2565 5561 2838 5615 irruentes
2878 5557 2944 5612 ad
2995 5552 3415 5622 dispergendum
3445 5564 3543 5604 eos

1964 5656 2058 5725 qui
2075 5654 2354 5710 exsultant
2377 5651 2710 5706 utdevorent
2739 5650 2902 5705 clam.
2922 5645 3083 5708 LXX,
3102 5642 3346 5712 aperient
3369 5641 3537 5697 frteua

1966 5762 2067 5804 sua
2102 5747 2242 5803 sicut
2271 5743 2563 5800 comedens
2598 5758 2801 5814 pauper
2841 5743 2895 5797 in
2928 5736 3264 5799 abscondito.
