4080 6446
466 418 610 474 3095

468 542 615 594 D’Z'l
652 538 771 590 D’D
807 540 938 589 nun
976 537 1135 609 ΤοῸ
1171 535 1275 585 ενι
1309 537 1457 587 TD'TT
1500 526 1564 581 l5
1635 531 1711 591 ω’,
1754 525 1844 579 καὶ
1870 522 2048 576 ἐπιει-

475 624 576 693 ὗᾷς
616 622 697 683 είς
752 618 1029 672 Θάλασσαν
1085 618 1215 681 τοὺς
1269 617 1469 680 ἵππους
1513 634 1629 681 σου,
1676 616 2050 686 ταράσσοντας

470 710 616 781 ὕδωρ
654 708 810 763 πολύ.
852 710 1090 773 Ἄλλος,
1125 708 1457 773 ἀνεϐίϐασας
1490 709 1582 762 ἐπὶ
1624 707 1898 770 θαλάσσας
1926 706 2052 768 τοὺς

472 798 674 862 ἵππους
709 814 827 865 σου,
873 797 1154 869 ἐταράχθη
1202 798 1272 851 τὰ
1298 797 1510 862 ἐξαίσια
1548 796 1717 851 ὕδατα
1748 798 1848 865 τῆς
1880 793 2052 848 (1666-

473 907 593 945 σου.

472 1155 628 1235 tam}
681 1156 836 1210 mea:
887 1130 1010 1235 +352
1044 1126 1210 1235 an'a
1261 1155 1401 1207 una
1443 1156 1606 1210 mm
1635 1154 1651 1201 I
1678 1154 1885 1212 mam
1920 1147 1988 1202 to

474 1224 641 1306 1115175
674 1250 794 1328 η
838 1226 961 1300 m5
1003 1224 1302 1328 mani-mi
1338 1250 1476 1300 mu
1512 1249 1682 1302 mrum
1718 1246 1906 1304 imm
1936 1249 2055 1328 ap-i

473 1338 630 1393 mi
667 1314 782 1394 πί)
855 1333 931 1395 0',
976 1326 1332 1401 ἐφυλαξάμην
1386 1332 1483 1384 καὶ
1530 1330 1773 1404 ἐπτοήθη
1801 1333 1835 1403 ή
1877 1314 2058 1385 κοιλία

479 1440 605 1494 μου,
632 1422 741 1478 ἀπὸ
771 1423 953 1494 φωνῆς
976 1422 1283 1495 προσευχῆς
1310 1421 1536 1493 χειλέων
1568 1441 1693 1494 μου,
1725 1424 1819 1477 καὶ
1840 1423 2059 1494 είσῆλθε

475 1516 677 1588 τρόμος
710 1517 791 1579 είς
815 1515 883 1569 τὰ
910 1517 1044 1571 ὀστᾶ
1073 1533 1197 1586 μου,
1228 1516 1322 1570 καὶ
1345 1515 1697 1570 ὑποκάτωθεν
1728 1533 1830 1587 μου
1861 1516 2060 1587 ἐταρά-

474 1606 643 1680 χθηή
689 1606 802 1675 ἐξις
834 1624 935 1678 μου
978 1608 1059 1680 (Σ.
1096 1608 1157 1662 Θ.
1199 1608 1295 1663 καὶ
1346 1608 1602 1662 ὑποκάτω
1631 1624 1732 1678 μου
1783 1607 2058 1681 ἐταράχθη

478 1700 514 1769 ή
542 1696 654 1763 ἕξις
708 1698 862 1770 μου).
911 1698 1329 1769 ’Δναπαύσομαι
1358 1699 1416 1753 ἐν
1442 1698 1627 1771 ἡμέρᾳ
1659 1697 1913 1769 θλίψεως,
1964 1699 2059 1754 τοῦ

477 1787 749 1859 ἀναϐῆναι
775 1790 856 1851 είς
887 1787 1015 1841 λαδν
1047 1787 1343 1860 παροικίας
1390 1805 1515 1860 μου.
1568 1791 1824 1857 Ἄλλος,
1867 1791 2063 1859 ἔταξά-

481 1896 612 1950 μην,
644 1877 735 1931 καὶ
757 1876 1106 1951 ἁνεστατώθη
1132 1877 1205 1932 τὰ
1238 1877 1521 1949 σπλάγχνα
1542 1895 1665 1950 μου,
1692 1879 1801 1933 ἀπὸ
1821 1882 1920 1952 τῆς
1949 1898 2065 1950 φω-

479 1968 580 2040 νῆς
605 1968 703 2022 τοῦ
726 1969 993 2040 στόματός
1026 1987 1145 2035 σου,
1168 1969 1327 2025 ἀνέδυ
1350 1971 1554 2041 τρόμος
1576 1973 1659 2034 είς
1681 1971 1750 2025 τὰ
1777 1972 1914 2026 ὀστᾶ
1936 1989 2061 2043 μου’

1517 407 1991 466 HEXAPLORUM
2028 403 2196 473 QUAS
2237 400 2670 460 SUPERSUNT.

3589 386 3738 448 2996

2226 517 2309 570 15.
2344 515 2478 571 lle‘o.
2503 513 2728 569 Calcare
2758 510 2933 567 fecisti
2964 510 3019 566 in
3046 521 3198 563 mare
3224 518 3398 577 equos
3420 511 3562 569 tuos,
3582 518 3739 559 acer-

2153 623 2223 664 vo
2252 623 2518 677 aquarum
2554 605 2871 660 multarum.
2897 599 3062 669 LXX,
3093 598 3161 654 Et
3189 596 3485 655 ascendere
3510 594 3646 651 facis
3678 596 3737 649 in

2156 713 2309 752 mare
2351 710 2523 765 equos
2570 705 2715 758 tuos,
2774 690 3167 748 conturbantes
3222 702 3421 758 aquam
3484 685 3737 740 multam.

2153 788 2330 850 Alius,
2356 785 2667 841 Ascendere
2708 783 2886 839 fecisti
2924 796 3091 852 super
3144 779 3318 833 maria
3365 792 3540 847 equos
3575 787 3736 832 tuos:

2155 875 2498 930 conturbata:
2523 882 2652 928 sunt
2686 873 2932 942 ingentes
2987 882 3142 939 aquae
3190 866 3395 939 abyssi.
3435 864 3552 920 Vul.
3581 865 3741 919 Viam

2158 966 2334 1021 fecisti
2361 965 2415 1019 in
2453 965 2591 1020 mari
2616 963 2773 1033 cquis
2799 963 2931 1027 tuis,
2974 960 3030 1016 in
3071 960 3190 1016 luto
3235 972 3503 1030 aquarum
3535 957 3743 1011 multa-

2163 1072 2309 1113 rum.

2232 1150 2317 1204 l6.
2350 1148 2512 1204 llebr.
2548 1147 2765 1213 Audivi,
2795 1154 2850 1202 et
2878 1143 3096 1216 expavit
3125 1151 3315 1199 venter
3345 1156 3522 1208 meus,
3545 1141 3610 1196 ad
3648 1157 3746 1197 vo-

2160 1258 2276 1301 cem
2307 1243 2645 1314 palpitarunt
2674 1241 2817 1295 labia
2842 1254 2985 1294 mea.
3022 1237 3273 1308 ingressa
3306 1244 3391 1291 est
3423 1234 3657 1305 putredo
3685 1234 3741 1289 in

2160 1351 2289 1392 ossa
2320 1350 2464 1401 mea,
2493 1342 2548 1390 et
2579 1333 2775 1390 subtus
2802 1347 2888 1387 me
2914 1332 3135 1401 expavi,
3172 1329 3268 1400 qui
3305 1327 3646 1398 requiescam
3686 1327 3746 1381 in

2160 1426 2249 1482 die
2278 1425 2543 1496 angustiae
2570 1422 2914 1479 ascendendo
2936 1421 3001 1475 ad
3044 1420 3328 1491 populum,
3357 1418 3569 1472 excidet
3594 1433 3745 1473 eum.

2161 1515 2325 1581 LXX,
2349 1514 2631 1572 Custodivi
2671 1524 2727 1570 et
2767 1512 3024 1568 extimuit
3065 1520 3261 1567 venter
3314 1524 3491 1574 meus,
3527 1524 3559 1563 a
3608 1522 3749 1562 voce

2168 1606 2437 1662 orationis
2467 1606 2738 1660 labiorum
2765 1618 3035 1659 meorum.
3086 1601 3154 1656 Et
3191 1601 3474 1672 ingressus
3504 1607 3589 1655 est
3629 1608 3748 1654 tre-

2162 1713 2285 1754 mor
2312 1698 2367 1751 in
2392 1710 2522 1763 ossa
2554 1710 2674 1751 mea
2701 1713 2716 1750 :
2744 1703 2800 1751 et
2837 1696 3025 1750 subter
3054 1708 3143 1748 me
3181 1691 3510 1748 conturbata
3539 1700 3623 1746 est
3650 1691 3753 1745 lia-

2165 1788 2355 1846 bitudo
2388 1803 2509 1843 mea
2560 1785 2643 1859 (S.
2671 1786 2777 1842 Th.
2807 1795 2863 1842 et
2891 1785 2994 1842 sub
3015 1800 3103 1841 me
3131 1784 3456 1840 conturbata
3485 1792 3569 1838 est
3593 1782 3755 1836 habi-

2166 1882 2299 1938 tudo
2351 1880 2520 1952 mea).
2586 1878 2963 1949 Requiescam-
2999 1878 3054 1933 in
3093 1876 3183 1932 die
3232 1873 3624 1938 tribulationis,
3689 1882 3756 1926 ut

2164 1973 2469 2029 ascendam
2496 1971 2562 2026 ad
2595 1971 2858 2042 populum
2886 1967 3340 2041 peregrinationis
3384 1980 3538 2022 meae.
3571 1964 3750 2027 Alius,

481 2061 608 2118 κατ’
630 2060 866 2132 ἐμαυτὸν
898 2060 1207 2133 ἐταράχθην
1226 2077 1239 2090 ’
1274 2061 1449 2115 ταῦτα
1490 2060 1749 2131 φυλάξεις
1779 2063 1839 2117 ἐν
1884 2063 2066 2136 ήμέρα

2179 2064 2463 2129 Ordinavi,
2490 2074 2547 2118 et
2570 2063 2824 2119 restituta
2859 2070 2990 2118 sunt
3014 2061 3226 2115 viscera
3261 2074 3403 2123 mea,
3427 2072 3458 2111 a
3482 2070 3617 2112 voce
3636 2054 3755 2110 oris

483 2144 736 2217 θλίψεως,
793 2146 1093 2216 ἐπαγαγεῖν
1143 2147 1238 2203 ἐπὶ
1280 2147 1434 2213 ἐθνος
1480 2148 1751 2216 πολεμοῦν
1791 2150 1884 2205 τὸν
1934 2151 2066 2207 ὶαόν

2179 2157 2273 2224 tui,
2300 2153 2467 2211 subiit
2490 2162 2693 2210 tremor
2713 2153 2767 2208 in
2791 2167 2917 2209 ossa
2943 2165 3086 2217 mea,
3104 2152 3157 2205 in
3176 2148 3498 2218 memetipso
3525 2154 3760 2201 contur-

484 2253 605 2292 σουο
2171 2246 2333 2302 batus
2356 2260 2504 2300 sum.
2521 2242 2646 2300 llaec
2674 2242 2950 2299 custodies
2967 2243 3020 2297 in
3042 2242 3132 2297 die
3158 2238 3546 2301 tribulationis,
3567 2235 3636 2290 ad
3662 2249 3756 2290 re-

484 2326 792 2384 ducendum
824 2344 989 2401 super
1009 2338 1225 2401 gentem
1270 2331 1678 2405 impugnantem
1732 2336 1991 2406 populum
2026 2345 2204 2394 tuum.
2245 2335 2367 2393 Vul.
2399 2336 2598 2393 Audivi
2635 2344 2691 2392 et
2729 2334 3090 2392 conturbatus
3143 2340 3230 2388 est
3276 2340 3462 2386 venter
3501 2341 3693 2383 meus:
3721 2339 3758 2380 ι

482 2432 622 2474 voce
671 2428 1121 2477 contremuerunt
1171 2423 1314 2479 labia
1366 2441 1504 2482 mea.
1561 2425 1903 2497 [ingrediatur
1936 2431 2168 2501 putredo
2209 2433 2263 2487 in
2303 2431 2526 2488 ossibus
2572 2430 2733 2494 meis,
2766 2439 2821 2485 et
2850 2427 3041 2485 subter
3066 2440 3153 2482 me
3186 2434 3408 2482 scateat.
3450 2420 3758 2492 Utrequie-

485 2522 638 2565 scam
670 2509 725 2564 in
754 2509 843 2566 die
904 2512 1309 2594 tribulationis:
1347 2525 1407 2571 ut
1443 2520 1734 2594 ascendam
1760 2521 1826 2575 ad
1860 2523 2119 2594 populum
2169 2524 2477 2581 accinctum
2513 2530 2782 2578 nostrum.

483 2610 612 2663 tm:
656 2611 885 2692 gum:
929 2586 1080 2692 “nm
1127 2615 1236 2692 pm
1280 2590 1554 2692 man-n5
1600 2586 1895 2676 man-v5
1932 2586 2005 2669 i7

2255 2619 2343 2673 l7.
2375 2616 2539 2673 Hebr.
2584 2617 2722 2685 Quia
2751 2617 2888 2672 ficus
2918 2628 3025 2670 non
3055 2612 3284 2676 florebit,
3313 2618 3370 2666 et
3404 2623 3513 2664 non
3537 2621 3758 2678 germen

482 2697 588 2778 TW
637 2675 844 2752 "53m
885 2704 982 2754 'm
1026 2675 1145 2755 538'
1176 2684 1430 2763 W’RL)
1748 2712 2079 2769 nvi-mm:
2185 2710 2240 2765 in
2293 2708 2537 2765 vitibus:
2576 2675 2943 2765 mentiebatur
2979 2720 3119 2777 opus
3147 2675 3324 2766 olivae.
3357 2710 3410 2759 et
3463 2675 3593 2756 arva
3647 2714 3759 2754 non

487 2790 716 2843 atrurn:
750 2794 868 2870 ’Ἱρέ
902 2792 1011 2872 rm
1083 2785 1159 2851 0',
1181 2785 1314 2841 διότι
1365 2791 1501 2860 συκῆ
1534 2792 1594 2844 οὗ
1638 2794 2075 2866 καρποφορήσει,

489 2874 584 2928 καὶ
612 2873 713 2927 οὐκ
739 2873 891 2930 ἔσται
911 2877 1224 2947 γεννήματα
1252 2879 1310 2932 ἐν
1340 2882 1458 2945 ταῖς
1490 2880 1784 2952 ἀμπέλοις·
1814 2885 2076 2955 ψεύσεται

490 2963 651 3037 ἔργον
684 2965 891 3032 ἐλαίας,
921 2969 1016 3021 καὶ
1036 2969 1103 3023 τὰ
1137 2969 1299 3024 πεδία
1324 2971 1384 3024 οὐ
1430 2974 1647 3044 ποιήσει
1679 2973 1904 3046 βρῶσιν.
1953 2973 2075 3039 Ἐξ-

490 3057 676 3113 έλιπεν
707 3058 814 3112 ἀπὸ
846 3058 1101 3131 βρώσεως
1153 3061 1423 3133 πρόϐατα,
1482 3065 1575 3117 καὶ
1625 3065 1722 3134 οὐχ
1768 3066 2075 3137 ὑπάρχουσι

493 3148 615 3221 βόες
647 3150 741 3203 ἐπὶ
793 3151 1046 3219 φάτναις.
1081 3154 1325 3218 Ἄλλος,
1379 3154 1412 3224 ή
1463 3155 1602 3227 συκῆ
1628 3156 1688 3208 οὑ
1726 3157 1801 3228 μὴ
1848 3159 2076 3231 παραδῷ

491 3238 585 3293 τὸν
615 3238 828 3310 καρπὸν
869 3241 1060 3311 αὐτῆς,
1108 3242 1201 3294 καὶ
1231 3244 1289 3296 ἐν
1335 3246 1455 3306 ταῖς
1499 3246 1769 3314 ἀμπέλοις
1795 3249 1895 3301 οὐκ
1924 3250 2076 3305 ἔσται

495 3329 660 3400 φορά.
700 3328 762 3383 Ἢ
809 3331 962 3385 ἐλαία
990 3332 1235 3403 ἐξίτηλος
1265 3333 1437 3399 ἔσται,
1487 3338 1520 3405 ή
1574 3337 1630 3391 δὲ
1659 3339 1730 3408 γῆ
1764 3339 1839 3411 μὴ
1873 3341 2078 3416 ἐκθάλῃ

497 3419 762 3493 βοτάνηνο
820 3422 1058 3493 ἐκλείψει
1110 3425 1175 3478 ἐκ
1229 3425 1469 3497 μάνδρας
1516 3428 1784 3497 πρόϐατα,
1821 3433 1917 3486 καὶ
1957 3433 2080 3505 βόες

494 3512 596 3583 οὐχ
635 3512 971 3584 ὑπάρξουσιν
1006 3514 1098 3567 ἐπὶ
1129 3515 1378 3584 φάτναις.
1884 3544 1887 3549 ·

2177 2799 2432 2857 fecerunt
2455 2802 2634 2858 cibum
2662 2822 2673 2857 :
2707 2800 2940 2857 abscidit
2966 2799 3033 2854 de
3058 2798 3185 2853 ovili
3209 2811 3394 2868 pecus,
3439 2802 3496 2849 et
3527 2807 3634 2846 non
3659 2791 3757 2846 bos

2176 2890 2233 2946 in
2261 2892 2556 2948 bovilibus.
2584 2891 2752 2957 LXX,
2801 2892 2941 2958 Quia
2978 2887 3115 2943 ficus
3132 2902 3240 2942 non
3278 2884 3466 2940 all‘cret
3494 2883 3753 2942 fructum,

2176 2992 2231 3041 et
2247 3000 2354 3039 non
2373 2996 2535 3040 erunt
2549 2986 2794 3056 germina
2815 2983 2869 3038 in
2888 2983 3062 3039 vineis
3082 2998 3095 3036 :
3117 2978 3413 3036 mentietur
3424 2990 3559 3045 opus
3579 2972 3755 3034 olivae,

2181 3086 2236 3131 et
2272 3077 2450 3146 campi
2499 3091 2607 3131 non
2663 3074 2868 3132 facient
2908 3087 3093 3130 escam
3124 3090 3139 3127 :
3173 3068 3494 3126 defecerunt
3531 3066 3601 3120 ab
3635 3076 3763 3120 esca

2183 3181 2333 3233 Oves,
2363 3176 2417 3222 et
2440 3181 2547 3221 non
2576 3178 2704 3221 sunt
2734 3168 2899 3223 boves
2946 3166 3000 3219 in
3042 3162 3400 3235 praesepibus.
3436 3158 3608 3222 Alius,
3629 3156 3766 3211 ficus

2185 3273 2294 3311 non
2320 3259 2494 3313 tradet
2528 3256 2767 3313 fructum
2798 3273 2983 3321 suum,
3009 3267 3063 3311 et
3086 3256 3140 3309 in
3160 3253 3334 3308 vineis
3366 3265 3474 3304 non
3513 3249 3767 3317 eritpro—

2183 3347 2407 3403 ductio:
2444 3348 2588 3403 oliva
2631 3348 2698 3403 de
2742 3349 2922 3404 medio
2974 3347 3216 3408 tolletur,
3252 3351 3395 3398 terra
3431 3348 3614 3395 autem
3650 3351 3764 3391 non

2187 3439 2397 3493 emittet
2433 3439 2696 3498 herbam:
2747 3440 3002 3497 delicient
3058 3454 3122 3493 ex
3190 3436 3315 3492 ovili
3354 3448 3503 3497 oves,
3521 3440 3577 3485 et
3598 3431 3769 3483 boves

2192 3545 2299 3583 non
2340 3539 2501 3585 erunt
2534 3533 2589 3586 in
2615 3532 2969 3602 praesepibus.
3009 3529 3127 3584 ναι.
3155 3527 3319 3584 Ficus
3348 3526 3491 3580 enim
3523 3537 3630 3575 non
3655 3522 3759 3573 llo-

496 3606 660 3671 rebit,
685 3615 867 3661 etnon
904 3606 1009 3661 erit
1037 3622 1258 3677 germen
1295 3611 1349 3664 in
1376 3610 1572 3667 vineis.
1614 3610 1906 3670 Mentietur
1955 3632 2095 3688 opus
2137 3620 2315 3690 olivae,
2350 3632 2402 3679 et
2432 3638 2562 3678 arva
2615 3641 2725 3679 non
2758 3622 2987 3680 aliereut
3026 3622 3234 3677 cibum.
3288 3613 3658 3673 Abscindetur
3693 3609 3767 3665 de

497 3696 627 3752 ovili
657 3712 844 3778 pecus,
874 3709 929 3778 et.
965 3715 1071 3754 non
1099 3701 1205 3756 erit
1243 3713 1551 3759 armentum
1581 3706 1633 3760 in
1665 3710 2024 3778 praesepibus.

498 3792 634 3855 ’νων
673 3776 845 3851 trima
880 3774 1044 3852 πενία
1080 3778 1277 3859 rmSvn
1319 3806 1479 3858 mm
1515 3807 1626 3859 um
1665 3774 1744 3856 ’18
1816 3774 1893 3869 ἁ,
1940 3806 2084 3859 Ἀλ-

2260 3805 2346 3860 18.
2381 3806 2514 3862 lleb.
2549 3808 2613 3864 Et
2641 3824 2740 3880 ego
2775 3808 2828 3863 in
2868 3807 3101 3863 Domino
3131 3802 3440 3866 exsultatio,
3472 3796 3766 3853 laztaboriu

497 3885 632 3948 Jac,
660 3880 773 3951 ἐγὼ
794 3882 851 3936 δὲ
888 3883 946 3936 ἐν
974 3883 1054 3952 τῷ
1092 3886 1282 3957 Κυρίῳ
1313 3887 1740 3963 ἀγαλλιάσομαι,
1766 3894 2086 3967 χαρήσομαι

2189 3897 2304 3955 Deo
2332 3900 2508 3955 salute
2537 3917 2677 3956 mea.
2709 3900 2871 3961 LXX.
2904 3908 2953 3955 et
2990 3898 3163 3962 Alius,
3196 3896 3308 3968 Ego
3339 3901 3521 3948 autem
3554 3892 3609 3946 in
3662 3891 3773 3944 Do-

499 3971 597 4026 ἐπὶ
618 3972 696 4044 τῷ
728 3971 847 4043 Θεῷ
875 3973 954 4044 τῷ
984 3975 1189 4047 σωτῆρί
1220 3994 1343 4047 μου.

2188 3994 2339 4046 mino
2382 3994 2709 4061 cxsultabo,
2743 3993 2992 4066 gaudebo
3040 3992 3093 4046 in
3151 3989 3263 4045 Deo
3309 3988 3583 4045 salvatore
3622 3995 3765 4037 meo.

504 4061 633 4127 νω.
672 4067 788 4141 Ego
829 4079 1009 4127 autem
1052 4072 1109 4129 in
1158 4072 1387 4132 Domino
1407 4077 1658 4148 gaudebo
1722 4088 1777 4135 et
1812 4080 2097 4139 exsultabo
2127 4083 2184 4140 in
2219 4085 2329 4144 Deo
2360 4087 2486 4146 Jesu
2519 4105 2663 4146 meo.

502 4245 808 4329 imm-5m
855 4248 1050 4326 nimi:
1096 4252 1220 4329 ’5³η
1268 4279 1412 4332 nam
1464 4257 1581 4335 ’⁸πή
1625 4280 1748 4333 vnn
1787 4281 1906 4334 m-n
1949 4273 2014 4329 te

2265 4273 2349 4328 19.
2385 4273 2450 4328 ll.
2484 4272 2630 4331 Deus
2656 4274 2922 4330 Dominus
2949 4274 3126 4329 virtus
3159 4284 3302 4336 mea,
3329 4276 3384 4324 et
3414 4276 3577 4339 ponet
3607 4266 3770 4337 pedes

502 4359 736 4416 imum
771 4342 963 4418 mind)
997 4365 1175 4420 mw
1244 4361 1323 4427 θ’,
1376 4361 1579 4433 Κύριος
1611 4364 1640 4415 ὁ
1688 4363 1821 4427 Θεὸς
1855 4363 2089 4434 δύναμίς

2190 4380 2344 4421 meos
2398 4374 2676 4436 tamquam
2729 4380 3015 4421 cervorum
3047 4382 3061 4419 :
3106 4369 3160 4418 et
3199 4377 3363 4431 super
3401 4359 3614 4414 excelsa
3648 4372 3769 4411 mea

508 4461 635 4517 μου,
665 4448 758 4501 καὶ
786 4447 937 4514 τάξει
958 4451 1085 4512 τοὺς
1110 4450 1278 4514 πόδας
1305 4469 1406 4521 μου
1426 4456 1506 4517 είς
1537 4454 1876 4508 συντέλειανο
1902 4456 1995 4507 ἐπὶ
2019 4454 2088 4508 τὰ

507 4534 689 4606 ὑψηλὰ
742 4537 967 4609 amate;
1003 4556 1072 4609 με
1095 4579 1111 4605 ,
1140 4540 1235 4594 τοῦ
1287 4543 1506 4614 νικῆσαι
1540 4547 1597 4598 ἐν
1646 4547 1713 4615 τῇ
1759 4545 1869 4615 ᾠδῇ
1898 4544 2084 4599 αὐτοῦ.

512 4625 760 4693 Ἄλλος,
808 4628 1009 4699 Κύριος
1052 4633 1080 4684 ό
1107 4631 1240 4696 Θεός
1297 4651 1399 4703 μου
1430 4635 1598 4688 ἐδωκέ
1631 4653 1720 4705 μοι
1779 4636 1952 4706 ἰσχὺν,
1993 4638 2088 4690 καὶ

508 4716 813 4791 κατέστησε
856 4721 981 4785 τοὺς
1040 4723 1205 4788 πόδας
1255 4742 1356 4795 μου
1391 4726 1686 4794 ἀσφαλεῖς,
1720 4727 1815 4781 καὶ
1843 4729 1934 4781 ἐπὶ
1962 4729 2087 4793 τοὺς

505 4808 811 4880 τραχήλους
829 4811 939 4865 τῶν
964 4812 1174 4885 ἐχθρῶν
1201 4832 1303 4887 μου
1328 4817 1551 4890 ἐπιϐιὸᾷ
1574 4835 1642 4889 με
1665 4834 1680 4851 '
1712 4820 1938 4890 ταχίσας
1954 4838 2078 4876 κατ-

508 4902 807 4959 επαύσατο.

2189 4458 2404 4514 ealcare
2434 4456 2594 4513 faciet
2620 4473 2727 4523 me,
2754 4458 3014 4512 victorem
3043 4456 3097 4510 in
3123 4449 3583 4509 modulationibus
3610 4450 3768 4506 meis.

2193 4545 2355 4614 LXX,
2408 4548 2671 4603 Dominus
2725 4547 2868 4603 Deus
2911 4547 3084 4601 virtus
3130 4559 3269 4608 mea,
3316 4551 3372 4596 ct
3409 4548 3572 4610 ponet
3607 4537 3772 4608 pedes

2196 4653 2350 4695 meos
2388 4640 2442 4694 in
2483 4641 3057 4694 consummationem:
3096 4650 3262 4705 super
3311 4633 3525 4688 excelsa
3577 4643 3771 4683 ascen-

2193 4733 2321 4788 dere
2350 4731 2482 4787 facit
2512 4746 2619 4798 me,
2671 4739 2733 4785 ut
2774 4731 2987 4786 vincam
3036 4730 3088 4782 in
3136 4726 3350 4782 cantico
3396 4723 3536 4793 ejus.
3593 4720 3771 4785 Alius,

2193 4821 2461 4878 Dominus
2507 4822 2650 4877 Deus
2705 4836 2862 4876 meus
2923 4820 3070 4876 dedit
3113 4818 3246 4873 mihi
3285 4814 3685 4875 fortitudinem,
3720 4820 3777 4865 et

2194 4917 2478 4975 constituit
2505 4916 2672 4988 pedes
2702 4929 2851 4970 meos
2873 4914 3093 4968 firmos:
3139 4921 3193 4966 et
3224 4926 3389 4981 super
3418 4908 3558 4962 colla
3590 4902 3776 4959 inimi-

509 5007 702 5051 corum
736 5011 981 5052 meorum
1016 4999 1310 5059 ascendere
1355 4999 1484 5057 facit
1539 5018 1662 5068 me;
1698 5018 1822 5059 cum
1872 5005 2187 5066 festinasset
2234 5010 2527 5079 requievit.
2572 5006 2696 5062 ναι.
2738 5005 2881 5062 Deus
2931 5005 3199 5059 Dominus
3246 5002 3510 5057 fortitudo
3541 5004 3777 5057 meazet

511 5099 676 5164 ponet
698 5092 864 5162 pedes
893 5108 1044 5149 meos
1074 5093 1230 5164 quasi
1260 5109 1571 5152 cervorum.
1593 5095 1658 5152 Et
1685 5113 1846 5168 super
1864 5103 2081 5159 excelsa
2107 5120 2226 5159 mea
2264 5103 2495 5158 deducet
2525 5117 2610 5156 me
2633 5102 2806 5157 vietor
2836 5099 2891 5154 in
2933 5096 3160 5168 psalmis
3216 5106 3524 5151 canentem.

1323 5190 1499 5250 Nota;
1543 5194 1603 5251 et
1639 5189 1825 5252 varias
1877 5192 2188 5258 lectiones
2219 5195 2295 5257 ad
2330 5213 2466 5274 cap.
2538 5195 2621 5255 ΙΙΙ
2666 5192 2982 5253 Habacuc.

588 5289 653 5374 γε
685 5291 736 5344 l.
764 5290 1128 5374 Hieronymus
1165 5312 1179 5349 :
1218 5313 1237 5348 ι
1270 5295 1335 5374 Δ.
1365 5302 1419 5349 et
1448 5292 1506 5349 S.
1532 5305 1585 5350 et
1618 5292 2086 5374 V.ed._ns_icut_nos

517 5365 1056 5444 proignorationibjta
1096 5367 1542 5444 transtulerunt:
1588 5367 1740 5444 solus
1773 5368 1900 5430 'l‘li.,
1945 5368 2086 5444 ὑπὲρ

518 5433 629 5515 τῶν
663 5432 1071 5515 ἐκουσιασιμῶν,
1105 5436 1141 5491 i.
1174 5451 1261 5515 e._,_
1281 5452 1377 5503 pro
1417 5438 1754 5499 voluntariis,
1786 5445 1841 5515 c_t
1867 5452 1983 5515 pro”
2004 5432 2086 5492 his

517 5504 611 5571 qui
640 5511 821 5568 sponte
852 5504 1182 5584 deli-nanum.
1215 5504 1330 5584 {ioc
1381 5515 1662 5584 propterea
1719 5515 1780 5560 ut
1819 5504 2081 5584 intelliga-

521 5572 1113 5652 tnus,ex_ceptis_LXX,
1147 5577 1353 5652 nullum
1376 5572 1666 5652 orationem
1696 5592 1813 5652 cum
1863 5572 2090 5652 ga_n_tijc_o,

522 5641 899 5724 traxistulisse.‘
928 5642 1063 5724 Diam
1090 5655 1145 5700 ct
1168 5645 1222 5724 i_n
1253 5645 1711 5724 llebraicobabet
1740 5645 1833 5699 AL
1861 5645 2090 5702 SEGIO-

524 5706 733 5787 NQTH,
758 5712 901 5780 quod
935 5714 1160 5787 dicitur,
1183 5716 1275 5787 ἐπὶ.
1302 5716 1689 5787 ἀγνοημάτων,
1707 5724 1760 5769 et
1789 5730 1889 5787 [tos
1912 5726 2092 5772 trans-

526 5779 784 5844 tulimus,
811 5797 904 5848 pro
936 5779 1370 5852 iguoratiouibus.
1411 5804 1429 5838 ι
1459 5779 1540 5839 "In
1574 5779 1759 5843 codice
1793 5784 2090 5843 Bat‘bcriuo

2195 5300 2436 5354 adfertur
2459 5297 2835 5369 interpretatio
2856 5296 2967 5369 alia
3007 5295 3205 5369 cantici
3225 5293 3497 5369 __llabacuc
3519 5292 3778 5369 cum-hac

2195 5380 2320 5424 nota
2380 5370 2434 5423 in
2493 5358 2620 5432 fine,
2653 5364 2753 5438 τὴν
2802 5366 2945 5437 ᾠδὴν
2975 5364 3434 5438 του-Ἀμόαδιοὺμ
3478 5367 3577 5438 οὐχ
3605 5358 3778 5438 ἐὖρον

2200 5439 2595 5511 συμφωνοῦσαν
2624 5433 2757 5511 οὔτε
2782 5433 2996 5511 τδῖξου,
3031 5435 3154 5511 ορτε
3175 5433 3437 5511 ζἈὶιύλεᾳζ
3450 5433 3575 5511 οὔτε
3605 5434 3776 5511 Sep...

2198 5501 2680 5577 οὕτεθεοδοτίωνι.
2719 5508 2983 5577 Ζητήσεις
3020 5501 3113 5558 οὖν
3138 5507 3189 5577 εί
3210 5504 3309 5574 τῆς
3331 5501 3383 5556 Ε⁵
3409 5503 3441 5575 ἢ
3472 5505 3573 5573 τῆς
3601 5501 3777 5577 5"}!-

2198 5579 2396 5643 δόσεώς
2418 5582 2555 5632 ἐστι.
2582 5576 2621 5631 l.
2650 5593 2697 5631 e.
2721 5571 3000 5631 Cdnt'icum
3029 5571 3321 5630 Ambacum
3346 5571 3440 5643 nec
3455 5571 3574 5627 cuin
3597 5571 3776 5636 LXX,

2198 5666 2287 5703 nec
2309 5642 2427 5703 cum
2458 5650 2580 5718 Aq.,
2622 5663 2713 5701 nec
2745 5664 2863 5718 cum
2897 5645 3067 5714 Sum"
3107 5661 3197 5718 nec
3218 5660 3337 5718 cum
3370 5642 3466 5697 Th.
3495 5644 3777 5718 consentit.

2198 5720 2414 5785 Quaeres
2446 5713 2611 5788 igitur
2629 5734 2695 5772 an
2714 5717 2783 5770 ad
2807 5713 3048 5788 quintam
3074 5714 3149 5768 uel
3168 5713 3237 5767 ad
3266 5724 3471 5767 sextam
3493 5713 3777 5767 editionem

2194 5786 2610 5859 pertineatilmo
2633 5803 2732 5844 nec
2767 5786 2890 5844 cum
2919 5786 3107 5859 quinta
3143 5799 3242 5841 nec
3274 5799 3396 5841 cum
3435 5789 3588 5841 sexta
3641 5797 3776 5837 cono
