4080 6398
467 334 604 399 3027

1909 327 2276 390 ORIGENIS

3586 326 3731 392 3028

465 461 572 518 que
601 447 896 516 deponeret
924 441 1192 512 signatam
1211 440 1834 513 apttd-P-ytltagoram,et
1868 452 2043 499 mane-

2153 437 2396 506 Αὖθιςδὲ
2425 442 2605 509 λυθεὶς
2653 445 2910 519 ἐμίσγετο
2939 445 3049 509 τοῖς
3089 443 3297 516 ἑτέροις
3325 440 3420 497 καὶ
3449 441 3727 514 παρέμενε

473 543 566 594 bat
595 535 784 603 silens,
813 533 1106 604 aliquando
1125 541 1240 589 tres
1265 547 1454 599 annos,
1484 533 1756 589 interdum
1779 533 2038 605 quinque,

466 636 523 682 et
549 626 797 691 discens;
846 637 1037 678 rursus
1069 631 1249 678 autem
1301 621 1512 677 solutus
1541 622 1872 678 miscebatur
1913 638 2037 678 cum

467 717 694 788 reliquis
725 724 782 772 et
828 714 1152 772 remanebat
1197 723 1441 770 sectator
1474 723 1532 771 et
1564 714 1724 771 simul
1766 713 2040 780 cmnabat,

465 811 549 866 sin
605 809 809 875 minus,
873 807 1175 877 recipiebat
1203 821 1300 863 sua
1355 815 1411 862 et
1460 804 1831 876 rejiciebatur.
1868 805 2039 861 Alteri

468 901 632 971 igitur
675 899 772 971 qui
813 898 1066 955 esoterici
1104 906 1264 954 erant
1311 898 1646 954 vocabantur
1686 895 2036 968 Pythagorei,

465 993 627 1049 alteri
659 998 842 1047 autem
873 989 1289 1064 Pythagoristte.
1312 989 1392 1044 Ex
1424 989 1703 1060 discipulis
1723 999 1900 1046 autem
1923 991 2042 1061 ejus

465 1081 558 1152 qui
605 1088 900 1137 evaserunt
953 1078 1440 1150 conﬂagrationem
1484 1077 1644 1151 Lysis
1675 1088 1792 1135 erat
1836 1091 1892 1135 et
1941 1080 2043 1135 Ar-

466 1171 696 1243 chippus
720 1179 778 1226 et
815 1169 1141 1243 Pythagora
1171 1183 1362 1224 servus
1393 1166 1692 1236 Zamolxis,
1738 1170 1832 1240 qui
1876 1171 2041 1226 etiam

479 1262 621 1333 apud
669 1260 852 1316 Celtas
890 1258 1122 1315 Druidas
1164 1258 1420 1316 docuisse
1473 1258 1647 1316 fertur
1685 1259 2041 1334 Pythagorica

466 1351 857 1422 philoSOphari.
918 1348 1184 1405 Numeros
1261 1358 1446 1405 autem
1507 1358 1565 1404 et
1620 1363 1909 1407 mensuras
1973 1355 2043 1408 ab

465 1444 744 1516 Egyptiis
777 1443 966 1499 dicunt
989 1441 1361 1514 Pythagoram
1386 1439 1668 1508 didicisse,
1687 1444 1778 1513 qui
1806 1445 2044 1501 admira-

466 1549 555 1592 tus
589 1537 931 1592 sacerdotum
965 1549 1185 1605 gravem
1235 1543 1293 1589 et
1331 1536 1636 1603 speciosam
1674 1544 1730 1590 et
1779 1551 1884 1590 non
1935 1538 2038 1592 nisi

463 1623 752 1682 difﬁculter
787 1639 913 1680 cum
976 1623 1101 1677 aliis
1153 1621 1614 1678 communicatam
1658 1623 2034 1693 sapientiam,

2150 532 2397 606 μαθητὴς
2420 536 2516 589 καὶ
2545 542 2887 594 συνειστιᾶτο
2921 538 3060 609 ἅμα,
3087 538 3135 589 εί
3159 535 3203 590 δ’
3233 535 3318 600 ού,
3371 534 3729 606 ἀπελάμϐανε

2147 626 2208 680 τὸ
2261 627 2392 682 ῑδιον
2445 629 2542 683 καὶ
2588 631 2947 686 ἁπεδάλλετο.
3005 632 3068 686 Ol
3124 629 3223 700 μὲν
3262 622 3357 682 οῦν
3407 628 3733 700 ὶσωτερικοὶ

2145 717 2441 774 ἐκαλοῦντο
2478 722 2861 796 Πυθαγόρειοι,
2891 724 2942 779 oi.
2991 723 3049 776 δὲ
3087 721 3266 792 ἕτεροι
3292 717 3727 791 Πυθαγορισταί.

2148 809 2270 864 Τῶν
2295 811 2353 866 δὶ
2384 813 2646 884 μαθητῶν
2689 815 2854 870 αὑτοῦ
2901 816 2950 869 οί
2989 813 3347 884 διαφυγόντες
3377 811 3468 866 τδν
3508 812 3730 883 ἐμπρηο

2145 900 2282 971 σμδν
2314 901 2483 968 Λῦσις
2515 900 2642 975 ’δῆν
2670 906 2765 959 καὶ
2788 906 3100 978 ’Ἄρχιππος
3124 904 3218 958 καὶ
3234 901 3371 958 ὁτοῦ
3408 901 3731 974 Πυθαγόρου

2145 992 2364 1064 οίκέτης
2421 995 2688 1066 Ζάμολξις
2719 996 2790 1061 ⁷⁸,
2843 997 2904 1060 ὃς
2958 996 3053 1049 καὶ
3105 997 3234 1059 τοὺς
3292 993 3445 1064 παρὰ
3500 994 3731 1057 Κελτοῖς

2147 1085 2378 1156 Δρυΐδας
2409 1086 2627 1156 λέγεται
2647 1086 2856 1154 διδάξαι
2889 1088 3201 1158 φιλοσοφεῖν
3234 1085 3333 1154 τὴν
3358 1085 3730 1156 Πυθαγόρειον

2149 1174 2486 1246 φιλοσοφίαν.
2527 1178 2668 1242 Τοὺς
2693 1179 2750 1232 δὲ
2781 1177 3050 1250 ἀριθμοὺς
3097 1178 3196 1231 καὶ
3238 1176 3306 1230 τὰ
3358 1176 3534 1247 μέτρα
3577 1174 3731 1247 παρὰ

2147 1264 2459 1332 Αίγυπτίων
2517 1267 2652 1335 φασὶ
2703 1266 2798 1319 τὸν
2860 1264 3184 1335 Πυθαγόραν
3232 1263 3448 1334 μαθεῖν,
3479 1260 3537 1321 ὃς
3567 1277 3735 1316 κατα-

2152 1354 2384 1425 πλαγεὶς
2404 1359 2471 1429 τῇ
2521 1356 2633 1411 τῶν
2688 1358 2879 1428 ἱερέων
2909 1356 3211 1426 ἀξιοπίστῳ
3236 1356 3332 1408 καὶ
3362 1351 3730 1422 φαντασιὼδει

2152 1447 2246 1502 καὶ
2295 1448 2572 1520 δυσχερῶς
2615 1449 3052 1523 ἐξαγορευομένῃ
3111 1447 3293 1520 σοφίᾳ,
3348 1446 3732 1518 μιμησάμενος

2149 1539 2351 1610 ὁμοίως
2385 1542 2481 1595 καὶ
2520 1541 2684 1606 αὐτὸς
2742 1543 2900 1612 σιγᾷν
2939 1538 3272 1612 προσέταξεν
3308 1538 3403 1592 καὶ
3431 1540 3489 1592 ἐν
3517 1536 3730 1600 ἀδύτοις

2147 1631 2460 1699 καταγείοις
2486 1633 2532 1664 ⁷⁵
2588 1635 2815 1704 ὲρημεῖν
2861 1633 2904 1664 ⁷⁷
2947 1631 3122 1686 ὲποίει
3165 1628 3540 1702 μανθάνοντας
3582 1627 3732 1683 ⁷⁸-”.

467 1715 711 1772 imitatus
739 1724 795 1771 et
826 1715 941 1785 ipse
987 1714 1194 1783 pariter
1219 1711 1498 1768 silentium
1531 1712 1867 1784 imponebat,
1898 1725 1952 1772 et
1982 1716 2035 1773 in
2077 1718 2256 1793 adytis
2297 1723 2670 1781 subterraneis
2732 1724 3032 1782 solitariam
3073 1724 3243 1779 vitam
3317 1737 3482 1795 agere
3511 1721 3732 1778 discen-

466 1816 548 1867 tes
584 1810 925 1866 instituebat.

532 1899 889 1971 Empedocles
919 1908 1123 1964 autem,
1149 1900 1240 1970 qui
1267 1910 1390 1971 post
1413 1900 1516 1958 hos
1551 1911 1712 1958 natus
1741 1912 1846 1968 est,
1875 1905 2042 1962 etiam

2215 1910 2270 1966 ὅ.
2317 1911 2691 1984 Ἐμπεδοκλῆς
2744 1910 2802 1966 δὲ
2860 1909 2998 1984 μετὰ
3041 1907 3266 1973 τούτους
3319 1905 3611 1978 γενόμενος
3635 1906 3732 1961 καὶ

462 1996 532 2050 de
558 1992 845 2065 geniorum
880 2000 1080 2048 natura
1111 1993 1251 2048 dixit
1287 1995 1478 2061 multa,
1526 2003 1585 2050 ut
1630 2008 1921 2052 versentur
1955 1997 2047 2052 ad-

461 2088 842 2143 ministrantes
877 2101 967 2143 res
999 2087 1322 2154 mundanas,
1373 2103 1605 2144 numero
1633 2089 1912 2160 permulti.
1947 2089 2047 2146 Hic

465 2179 706 2234 universi
738 2178 1064 2250 principium
1097 2174 1431 2235 discordiam
1455 2188 1511 2235 et
1547 2181 1845 2238 amicitiam
1885 2183 2044 2251 dixit,

461 2280 518 2326 et
545 2271 795 2327 monadis
826 2275 1006 2341 ignem
1032 2281 1217 2327 mente
1242 2272 1528 2342 praeditum
1575 2273 1741 2330 Deum
1767 2313 1783 2341 ,
1816 2283 1872 2331 et
1909 2290 2044 2333 con-

461 2360 671 2417 stitisse
689 2373 757 2416 ex
788 2359 898 2430 igni
929 2361 1186 2417 universa
1219 2371 1276 2417 et
1307 2361 1361 2417 in
1393 2361 1577 2436 ignem
1621 2363 1923 2420 resolutum
1952 2366 2043 2420 iri.

460 2451 564 2508 Cui
609 2451 724 2508 fere
770 2459 828 2506 et
865 2451 1041 2508 Stoici
1091 2451 1461 2522 astipulantur
1491 2455 1714 2512 decreto
1749 2455 2048 2528 conﬂagra-

465 2541 670 2599 tionem
695 2551 1100 2614 exspectantes.
1134 2541 1372 2600 Maxime
1398 2551 1580 2601 autem
1619 2547 1865 2603 omnium
1906 2562 2037 2603 con-

471 2634 640 2691 sentit
673 2647 798 2690 cum
821 2633 1151 2706 migratione
1189 2632 1523 2701 animarum,
1555 2636 1638 2692 sic
1675 2637 1817 2693 fatus
1847 2654 1863 2693 :

616 2745 871 2822 {refecto
912 2747 1053 2822 enim
1086 2763 1180 2820 ego
1220 2747 1402 2803 exstiti
1430 2750 1974 2822 puerque_pu_eltuqttc

627 2816 939 2890 intusque
968 2816 1180 2889 alesqite
1202 2827 1254 2874 et
1282 2832 1350 2874 ea:
1370 2816 1509 2874 nutri
1539 2816 1899 2889 cisalpinis;

462 3003 567 3060 llic
594 3014 788 3058 omnes
813 2999 1030 3056 animas
1064 2997 1122 3055 in
1153 2998 1337 3056 omnia
1383 2999 1639 3056 animalia
1685 3001 2044 3060 transmutari

459 3093 626 3150 dixit.
654 3091 874 3148 Etenim
901 3092 1093 3147 horum
1121 3100 1314 3146 auctor
1338 3089 1678 3163 Pythagoras
1693 3093 1830 3149 dixit
1852 3109 1912 3150 se
1935 3093 2047 3149 Eu-

461 3182 744 3254 pborbum
781 3180 978 3248 fuisse,
1007 3182 1102 3253 qui
1136 3181 1202 3236 ad
1233 3181 1454 3254 Troiam
1501 3184 1856 3254 lmperitavit,
1893 3187 2041 3242 alitr-

2147 2003 2276 2074 περὶ
2299 2000 2569 2073 δαιμόνων
2592 2000 2807 2073 φύσεως
2838 1997 2960 2054 εἶπε
3005 1999 3201 2063 πολλὰ,
3235 1998 3312 2064 ὡς
3358 1995 3733 2067 ἀναστρέφονι

2145 2110 2236 2146 ται
2287 2091 2615 2157 διοικοῦντες
2659 2091 2730 2148 τά
2779 2093 2920 2148 κατὰ
2973 2091 3072 2164 τὴν
3117 2093 3222 2163 γῆν
3275 2089 3426 2152 ὄντες
3456 2087 3728 2142 πλεῖστοι.

2145 2177 2314 2250 Οὗτος
2347 2184 2446 2258 τὴν
2481 2184 2576 2240 τοῦ
2608 2185 2812 2250 παντὸς
2840 2183 3016 2258 ἀρχὴν
3049 2186 3227 2248 νεῖκος
3259 2183 3355 2236 καὶ
3382 2181 3566 2251 φιλίαν
3595 2180 3729 2252 ἔφη’

2145 2276 2242 2331 καὶ
2278 2277 2340 2331 τὸ
2387 2277 2488 2348 τῆς
2517 2276 2744 2348 μονάδος
2783 2277 2970 2349 νοερὸν
2999 2275 3116 2346 πῦρ
3145 2275 3237 2329 τὸν
3276 2271 3410 2326 Θεὸν
3429 2313 3443 2338 ,
3469 2273 3567 2326 καὶ
3609 2289 3735 2326 συν-

2145 2370 2365 2425 εστάναι
2400 2373 2464 2425 ὲκ
2481 2370 2651 2442 πυρὸς
2684 2370 2754 2424 τά
2796 2371 2975 2424 πάντα
3015 2369 3110 2423 καὶ
3137 2369 3215 2431 εἰς
3253 2366 3364 2439 πῦρ
3396 2364 3734 2437 ἁναλυθήσε-

2147 2462 2289 2517 σθαι·
2316 2455 2362 2532 ᾧ
2413 2463 2597 2534 σχεδὸν
2649 2463 2746 2517 καὶ
2776 2463 2826 2515 οί
2856 2461 3084 2515 Στωϊκοὶ
3113 2460 3452 2514 συντίθενται
3476 2457 3732 2530 δόγματι,

2144 2553 2462 2624 ἐκπύρωσιν
2493 2552 2923 2626 προσδοκῶντες.
2955 2551 3210 2606 Μάλιστα
3245 2549 3303 2603 δὲ
3345 2549 3566 2604 πάντων
3593 2565 3732 2618 συγ-

2144 2645 2496 2700 κατατίθεται
2541 2648 2608 2718 τῇ
2649 2641 3160 2717 μετενσωματώσει,
3189 2639 3364 2704 οὕτως
3402 2639 3609 2694 είπών·

2148 2761 2164 2792 ί
2196 2760 2364 2813 Ἤτοι
2389 2756 2506 2828 μὲν
2530 2756 2640 2828 γὰρ
2665 2755 2780 2828 ἐγὼ
2797 2757 3071 2828 τεκόμην
3086 2754 3305 2828 κοῦρός
3329 2753 3586 2828 τεηκόρη
3612 2767 3696 2815 τε,

2145 2828 2369 2899 θάμνος
2389 2821 2427 2859 ’⁸
2459 2828 2508 2881 τ’
2536 2821 2755 2894 ὀίὶυνός
2789 2821 2876 2896 τε,
2919 2821 3018 2881 καί
3050 2826 3118 2891 ἐξ
3164 2821 3312 2891 ἁλὸς
3341 2824 3676 2967 ³[ἆιῦῗὲρος
3705 2821 3727 2853 ⁸

2145 3005 2314 3076 Οὗτος
2344 3011 2526 3076 πάσας
2555 3011 2636 3076 είς
2687 3012 2867 3067 πάντα
2898 3011 2968 3066 τά
3011 3010 3127 3077 ζῶα
3185 3007 3573 3081 μεταλλάττειν
3599 3001 3722 3060 εἶπε

2146 3099 2246 3162 τὰς
2277 3100 2479 3171 ψυχάς.
2534 3101 2646 3154 Καὶ
2675 3099 2785 3173 γὰρ
2814 3103 2842 3154 ὁ
2868 3099 3099 3165 ,τούτων
3129 3100 3149 3131 ³
3187 3098 3510 3160 διδάσκαλος
3548 3095 3730 3149 Πυθα-

2097 3191 2106 3196 ’
2149 3193 2316 3264 γόρας
2361 3191 2466 3263 ἔφη
2527 3190 2721 3245 ἑαυτὸν
2791 3189 3074 3261 Εὔφορϐον
3135 3188 3418 3258 γεγονέναι
3469 3187 3560 3240 τὸν
3627 3186 3729 3240 ἐπὶ

468 3287 626 3330 mans
647 3287 706 3330 se
729 3287 1120 3345 recognoscere
1145 3273 1416 3346 clypeum.
1449 3274 1576 3331 Hac
1608 3277 1825 3347 quidem
1849 3279 2043 3350 Empe-

2153 3282 2360 3336 Ἰλιον⁶
2417 3281 2843 3353 στρατεύσαντα,
2896 3281 3122 3350 φάσκων
3180 3279 3563 3350 ἐπιγινώσκειν
3620 3277 3728 3348 τὴν

464 3365 669 3422 doctas.

540 3455 855 3514 Heraclitus
908 3465 1094 3513 autem
1137 3457 1394 3529 physicus
1442 3457 1815 3528 philosophus,
1865 3459 2044 3531 Ephe-

466 3549 582 3605 sius
610 3550 902 3606 universas
927 3563 1016 3606 res
1047 3549 1268 3621 lugebat
1297 3550 1576 3606 inscitiam
1615 3552 1886 3608 universae
1917 3553 2044 3608 vitae

465 3655 777 3711 coarguens
805 3650 862 3696 et
893 3641 1143 3697 omnium
1179 3641 1484 3709 hominum,
1518 3643 1815 3702 miseratus
1839 3655 2044 3700 morta-

469 3732 604 3786 lium
639 3731 830 3787 vitam.
857 3733 1051 3789 Semet
1071 3733 1221 3788 enim
1252 3733 1473 3790 dicebat
1496 3735 1677 3790 omnia
1700 3737 2040 3808 cognovisse,

471 3820 712 3891 reliquos
746 3831 928 3878 autem
981 3822 1232 3879 homines
1274 3824 1430 3880 nihil.
1478 3824 1548 3880 Et
1597 3825 1714 3896 ipse
1746 3840 1875 3882 vero
1907 3841 2045 3898 pene

470 3924 714 3983 congrua
763 3909 1079 3982 Empedocli
1147 3915 1549 3983 pronuntiavit,
1603 3915 1932 3973 discordiam
1991 3927 2048 3974 et

470 4000 774 4057 amicitiam
820 4011 1068 4060 statuens
1126 4003 1508 4061 universorum
1550 4006 1880 4078 principium
1923 4021 2047 4064 esse

469 4101 528 4147 et
558 4092 740 4164 ignem
767 4092 1167 4166 intelligibilem
1191 4094 1386 4164 Deum,
1426 4096 1669 4169 16-17
1699 4098 2047 4170 conferrique

469 4185 728 4242 universa
760 4187 1001 4246 invicem
1030 4196 1086 4243 et
1111 4203 1220 4243 non
1252 4189 1576 4256 consistere,
1604 4199 1660 4245 et
1681 4190 1826 4247 sicut
1847 4191 2046 4262 Empe-

482 4276 670 4334 doclea
695 4292 913 4334 omnem
953 4279 1106 4335 circa
1133 4294 1233 4335 nos
1259 4279 1435 4336 locum
1463 4281 1603 4336 dixit
1637 4283 1794 4340 malis
1832 4284 2048 4340 confer-

469 4378 585 4423 tum
621 4383 743 4426 esse
782 4379 839 4424 et
881 4383 1053 4439 usque
1111 4370 1182 4425 ad
1232 4369 1416 4426 lunam
1454 4371 1681 4442 quidem
1731 4374 2046 4445 pertingere

471 4460 617 4515 mala
642 4475 711 4516 ex
745 4459 866 4516 loco
889 4461 1038 4517 circa
1068 4461 1322 4519 tellurem
1365 4473 1642 4534 porrecta,
1679 4465 1914 4522 ulterius
1952 4481 2049 4522 an-

473 4561 582 4606 tem
612 4564 718 4605 non
755 4551 1034 4621 progredi,
1066 4553 1269 4623 quippe
1293 4567 1419 4609 cum
1446 4555 1630 4610 omnis
1666 4569 1829 4624 supra
1863 4554 2044 4610 lunam

477 4642 665 4710 purior
698 4642 772 4699 sit
803 4641 976 4699 locus.
1021 4642 1103 4699 Ita
1127 4644 1293 4702 etiam
1322 4643 1600 4700 Heraclito
1629 4644 1802 4700 visum
1836 4656 1941 4701 est.

546 4827 678 4884 Post
708 4829 806 4886 hos
835 4829 1166 4887 exstiterunt
1196 4831 1361 4887 etiam
1417 4829 1506 4886 alii
1552 4831 1786 4902 physici,
1821 4846 2051 4902 quorum

482 4934 590 4973 non
625 4922 992 4978 necessarium
1027 4923 1275 4977 arbitrati
1299 4936 1490 4978 sumus
1513 4922 1732 4979 decreta
1756 4938 2050 4994 apponere,

410 5032 448 5092 ι’
481 5008 681 5078 quippe
728 5025 848 5080 quae
892 5011 1028 5068 nihil
1066 5011 1134 5067 ab
1164 5011 1232 5066 iis
1260 5025 1382 5081 qua:
1423 5025 1583 5082 supra
1603 5011 1747 5068 dicta
1778 5021 1906 5067 sunt
1940 5013 2054 5068 dis-

407 5095 410 5100 ⁷
472 5111 721 5173 crepent.
767 5103 881 5159 Sed
915 5118 1038 5161 cum
1071 5102 1126 5157 in
1165 5101 1478 5158 universum
1514 5117 1620 5160 non
1663 5103 1857 5174 exigua
1885 5104 2050 5163 exsti-

2152 3371 2375 3426 ἀσπίδα.
2405 3369 2590 3424 Ταῦτα
2623 3369 2722 3440 μὲν
2755 3369 2783 3422 ὁ
2834 3367 3228 3439 Ἐμπεδοκλῆς.

2219 3463 2272 3519 4.
2313 3461 2665 3534 Ἡράκλειτος
2693 3461 2750 3516 δὲ
2780 3460 3010 3532 φυσικὸς
3044 3459 3352 3530 φιλόσοφος,
3379 3457 3406 3509 ὁ
3447 3454 3724 3525 Ἐφέσιος,

2148 3557 2218 3611 τὰ
2249 3556 2426 3610 πάντα
2458 3555 2676 3609 ἔκλαιεν
2714 3556 2936 3624 ἄγνοιαν
2961 3553 3058 3608 τοῦ
3090 3552 3292 3615 παντὸς
3345 3549 3461 3621 βίου
3497 3567 3731 3618 καταγι-

2149 3649 2376 3704 νώσκων
2405 3648 2498 3703 καὶ
2526 3648 2744 3702 πάντων
2787 3646 3114 3718 ἀνθρώπων,
3167 3643 3334 3698 ὲλεῶν
3375 3643 3433 3698 δὲ
3459 3644 3479 3676 "
3508 3643 3598 3697 τὸν
3621 3641 3729 3695 τῶν

2149 3739 2362 3811 θνητῶν
2385 3739 2518 3811 βίον.
2560 3739 2734 3792 Αὐτὸν
2774 3740 2872 3811 μὲν
2899 3740 3008 3810 γάρ
3044 3737 3250 3806 ἔφασκε
3279 3734 3349 3788 τά
3382 3733 3562 3788 πάντα
3587 3731 3732 3785 είδέ-

2147 3847 2259 3895 ναι,
2289 3830 2416 3892 τοὺς
2440 3828 2496 3882 δὲ
2517 3828 2711 3894 ἄλλους
2740 3826 3064 3900 ἀνθρώπους
3112 3823 3285 3878 οὐδέν.
3332 3824 3443 3876 Καὶ
3471 3820 3632 3885 αὐτὸς
3668 3820 3732 3875 δὲ

2149 3917 2337 3991 σχεδὸν
2370 3917 2638 3990 σύμφωνα
2681 3916 2760 3987 τῷ
2823 3914 3181 3986 Ἔμπεδοκλεῐ
3222 3912 3522 3983 ἐφθέγξατο
3543 3953 3557 3977 ,
3590 3911 3724 3964 στά-

2150 4029 2236 4066 σιν
2267 4013 2360 4066 καὶ
2388 4010 2570 4080 φιλίαν
2599 4011 2780 4079 φήσας
2808 4007 2919 4061 τῶν
2959 4005 3216 4061 ἁπάντων
3250 4004 3425 4076 ἀρχὴν
3453 4001 3594 4058 εῖναι
3619 4002 3719 4055 καὶ

2148 4103 2262 4175 πῦρ
2291 4102 2476 4175 νοερὸν
2525 4102 2601 4174 [ν.
2637 4100 2726 4156 10.
2767 4097 2880 4171 11.]
2910 4098 3000 4153 τὸν
3030 4096 3164 4150 Θεὸν
3214 4092 3590 4165 συμφέρεσθαί
3612 4090 3634 4122 ⁸
3658 4109 3721 4145 τε

2147 4196 2218 4250 τά
2272 4193 2451 4248 πάντα
2507 4192 2760 4264 ἀλλήλοις
2811 4191 2904 4244 καὶ
2960 4189 3060 4261 οὐχ
3097 4187 3341 4252 ἑστάναι,
3391 4185 3487 4239 καὶ
3537 4183 3730 4254 ὥσπερ

2147 4290 2177 4343 ὁ
2222 4284 2618 4358 Ἐμπεδοκλῆς,
2672 4283 2854 4338 πάντα
2905 4282 2998 4336 τὸν
3042 4280 3166 4335 καθ’
3201 4279 3382 4351 ἡμᾶς’
3411 4278 3578 4331 τόπον
3623 4276 3730 4347 ἔφη

2148 4379 2337 4436 κακῶν
2393 4378 2590 4449 μεστὸν
2621 4370 2762 4430 εἷναι
2812 4374 3104 4446 καὶμέχρι
3161 4373 3260 4444 μὲν
3288 4372 3332 4404 ¹⁶
3386 4371 3615 4441 σελήνης
3659 4369 3731 4422 τά

2148 4467 2298 4522 κακά
2319 4467 2544 4537 φθάνειν
2564 4467 2628 4520 ὲκ
2655 4464 2750 4518 τοῦ
2781 4481 2848 4518 πε
2858 4465 2915 4534 pl
2933 4464 3040 4534 γῆν
3063 4463 3230 4516 τόπου
3253 4460 3507 4526 ταθέντα,
3533 4476 3730 4530 περαι-

2149 4559 2297 4630 τέρω
2346 4558 2403 4612 δὲ
2446 4558 2520 4628 μὴ
2561 4556 2793 4628 χωρεῖν,
2853 4556 2950 4610 ἆτε
2996 4553 3386 4625 καθαρωτέρου
3445 4550 3538 4604 τοῦ
3589 4550 3730 4621 ὑπὲρ

2079 4625 2124 4683 Ῐ)
2155 4625 2254 4720 τήν
2299 4625 2530 4719 σελήνην
2564 4625 2791 4712 ⁷παντὸς
2835 4647 2988 4710 δντος
3041 4646 3226 4700 τόπου.
3285 4642 3445 4698 Οὕτω
3500 4643 3596 4696 καὶ
3651 4640 3731 4711 τῷ

2166 4741 2232 4797 Ἥ
2241 4741 2508 4814 ρακλείτῳ
2540 4740 2738 4807 ἔδοξεν.

2226 4832 2279 4888 5.
2313 4833 2470 4887 Μετὰ
2504 4831 2728 4896 τούτους
2765 4830 3016 4900 ἐγένοντο
3043 4829 3135 4882 καὶ
3163 4827 3342 4899 ἕτεροι
3381 4827 3625 4896 φυσικοὶ,
3653 4817 3729 4878 ὧν

2152 4923 2255 4978 οὐκ
2281 4925 2579 4992 ἀναγκαῖον
2624 4921 2952 4994 ἡγησάμεθα
2997 4920 3097 4984 τὰς
3134 4918 3290 4983 δόξας
3324 4918 3520 4980 εἰπεῖν,
3565 4914 3732 4986 μηδὲν

2155 5018 2264 5071 τῶν
2307 5017 2720 5089 προειρημένων
2751 5014 3226 5088 άπεμφαινούσας.
3264 5011 3408 5070 Ἀλλ’
3443 5013 3566 5066 ἐπεὶ
3593 5011 3730 5066 καθ-

2155 5106 2280 5159 όλου
2341 5108 2402 5160 οὐ
2438 5107 2610 5179 μικρὰ
2689 5108 2980 5178 γεγένηται
3046 5107 3079 5176 ἡ
3136 5105 3302 5176 σχολὴ
3358 5098 3542 5156 πολλοί
3593 5118 3650 5156 τε
3680 5102 3732 5154 οἱ

1744 5256 1986 5314 VARUE
2024 5256 2318 5314 LECTION
2328 5259 2427 5317 ES.

547 5369 594 5404 ⁷⁸
617 5368 788 5434 Λύσις
817 5370 993 5439 vulgo.

475 5440 860 5513 ptivgvulgoa
905 5442 1069 5513 ηἶ⁸ο⁹⁹
1103 5440 1444 5513 μανθάνοντα
1503 5441 1683 5511 vulgo.

1099 5369 2630 5472 T.’Z‘.%Ef.?§.”'-._ii.“‘°‘ii‘3:€..52?‘l?."£ii.§?“‘§i‘ifﬁ
2656 5377 2910 5472 “csso.--
2929 5379 3537 5472 ".Fmeﬁitioevenzs

1838 5440 2202 5519 l.eg}tntur'lti
2248 5458 2457 5519 versus”
2489 5440 2630 5513 apud
2681 5440 2936 5519 Karsten.
2969 5440 3178 5508 v.'58'0.
3221 5466 3282 5519 sq

3291 5491 3330 5516 .,
3368 5456 3508 5518 apud
3558 5452 3732 5504 Stein.

684 5509 866 5592 θρέψ’
894 5509 1236 5592 (ῥάμνος-καὶ
1267 5511 1370 5583 θὴρ
1401 5509 1701 5592 (ξοςίιηειξυε,
1752 5518 1808 5566 et.
1834 5509 2081 5592 pro[ecto
2103 5513 2489 5592 quadrupedis
2526 5509 2740 5592 mentio
2789 5517 3148 5592 desideratur.
3192 5509 3280 5573 An
3308 5509 3523 5592 ἂμ.νρςῖ
3560 5591 3565 5592 ί
3617 5522 3637 5552 ³
3675 5519 3736 5583 ἐξ

475 5582 624 5658 ςιλός.
654 5579 736 5658 civ
766 5579 856 5634 ἁλὶ
883 5579 1000 5635 alii.
1049 5579 1380 5658 _‘_§p7_:op§§.
1401 5581 1514 5658 -ᾼΙὶἰ
1549 5581 1706 5637 aliter
1751 5579 1920 5658 ;_vide
1948 5579 2206 5658 K_ar51en.
2239 5593 2294 5658 et
2323 5581 2497 5639 Stein.
2575 5583 2606 5658 ⁸-
2624 5585 2814 5658 τούτου
2847 5586 2921 5658 ὣν
2947 5587 3222 5656 Rocperus
3251 5605 3304 5658 p.

479 5650 645 5702 Ἴλιον
671 5647 974 5720 Roeperus.
1049 5652 1070 5682 ⁷
1101 5647 1278 5704 ἐλεῶν
1307 5651 1372 5720 δὴ
1401 5649 1696 5720 Βοερετιιε,

479 5720 688 5774 novius.
759 5721 802 5750 "
829 5719 934 5788 μὲν
972 5721 1015 5774 Τ
1054 5721 1333 5788 Roeperus
1359 5719 1372 5774 ἐ
1403 5720 1459 5776 δὲ
1508 5719 1683 5792 vulgo.

3503 5556 3515 5574 δ
3552 5591 3573 5622 ⁶
3606 5556 3736 5658 rte-pl

1783 5651 1803 5682 ⁸
1833 5650 2204 5721 συμφέρεσθαι
2237 5651 2514 5721 lioepcrus
2545 5671 2558 5708 :
2590 5654 2927 5728 έμφέρεσθαι
2960 5650 3138 5728 vulgo.
3216 5650 3384 5712 ’καθ’
3411 5658 3570 5729 ἡμῶν
3597 5650 3731 5713 Gro-
