4080 6400
395 327 530 394 3031

1845 318 2211 381 ORIGENIS

3531 305 3671 372 3032

399 441 545 496 mido
596 449 650 496 et
702 450 872 503 motu,
926 439 979 494 in
1032 445 1176 492 motu
1229 445 1408 492 autem
1448 447 1570 490 esse
1604 445 1837 501 semper,
1873 445 1980 486 non

2087 431 2256 500 μένῳ,
2291 426 2558 482 κινεῖσθαι
2585 425 2640 479 δὲ
2682 424 2804 478 ἀεί’
2875 421 2934 476 οὗ
2995 419 3101 492 γὰρ
3155 415 3515 488 μεταὸἀλλειν
3568 418 3668 472 ὅσα

399 535 541 588 enim
584 532 783 586 mutari
819 544 1154 600 quiscunque
1197 536 1494 593 mutentur,
1528 525 1629 579 nisi
1669 532 1845 578 motus
1885 537 1977 576 ac-

395 625 573 679 cedat.
608 622 1008 677 Condensatum
1037 623 1181 676 enim
1215 629 1269 674 ct
1316 626 1665 674 extenuatum
1705 616 1979 668 diversum

397 730 695 784 apparere;
762 713 985 783 quando
1033 714 1179 768 enim
1223 711 1290 765 -in
1349 711 1562 764 tenuius
1615 708 1978 768 dilIundatur,

402 808 582 874 ignem
618 807 906 872 exsistere,
964 808 1015 859 in
1055 805 1232 858 medio
1277 815 1458 857 autem
1506 811 1655 857 statu
1703 813 1890 853 rursus
1928 798 1980 850 in

396 911 580 954 aerem
613 897 1038 958 condensatum,
1069 907 1136 946 ex
1171 904 1298 944 aere
1327 889 1576 943 nebulam
1616 887 1760 957 gigni
1790 899 1985 940 secun-

398 989 524 1042 dum
554 988 1008 1049 coarctationem,
1033 983 1204 1054 magis
1229 992 1412 1036 autem
1433 983 1597 1037 etiam
1629 995 1846 1048 aquam,
1880 993 1987 1032 ma-

391 1076 569 1146 jorem
618 1081 670 1132 in
720 1080 937 1132 modum
973 1086 1153 1130 autem
1189 1074 1475 1129 densatum
1529 1083 1732 1128 terram
1767 1082 1822 1127 et
1859 1087 1983 1126 cum

401 1173 636 1227 maxime
675 1171 902 1226 densum
945 1169 1190 1240 lapides:
1223 1175 1280 1221 ut
1320 1166 1577 1237 primaria
1607 1163 1986 1235 generationis

400 1265 667 1332 principia
721 1263 830 1318 sint
884 1261 1158 1316 contraria
1209 1269 1264 1313 et
1311 1258 1547 1313 calidum
1598 1267 1653 1311 et
1706 1256 1984 1327 frigidum.

400 1355 628 1411 Terram
664 1365 842 1409 autem
879 1353 1097 1421 planam
1133 1367 1254 1406 esse
1291 1350 1344 1404 in
1382 1365 1508 1404 aere
1543 1358 1791 1414 vectam,
1837 1347 1989 1402 simi-

401 1449 527 1503 liter
551 1457 729 1502 autem
750 1446 914 1500 etiam
935 1444 1105 1498 solem
1138 1451 1192 1497 et
1227 1441 1407 1495 lunam
1431 1448 1486 1494 et
1519 1439 1759 1508 reliquas
1781 1437 1985 1503 stellas,

400 1555 594 1596 omnes
629 1540 774 1593 enim
816 1553 935 1606 qua:
965 1537 1139 1605 igneze
1170 1533 1280 1590 sint
1317 1533 1436 1586 vehi
1478 1532 1530 1584 in
1579 1547 1705 1585 aere
1740 1545 1835 1599 per
1864 1529 1989 1582 lati-

400 1632 665 1686 tudinem.
688 1629 856 1684 Notas
878 1639 1060 1682 autem
1080 1642 1201 1682 esse
1220 1625 1408 1681 stellas
1439 1640 1507 1678 ex
1533 1635 1674 1677 terra
1704 1633 1989 1694 propterea

401 1726 542 1792 quod
563 1724 758 1778 humor
774 1737 837 1778 ex
866 1723 970 1776 hac
990 1728 1198 1788 surgat,
1228 1734 1336 1788 quo
1370 1726 1592 1772 tenuato
1616 1717 1790 1786 ignem
1816 1715 1986 1777 nasci,

2087 519 2436 592 μεταόἀλλει,
2492 518 2542 570 εί
2588 515 2662 587 μὴ
2705 516 2925 568 κινοῖτο.
2977 508 3360 578 Πυκνούμενον
3412 507 3523 578 γὰρ
3572 508 3669 562 καὶ

2081 611 2442 680 ἀραιούμενον
2481 607 2735 678 διάφορον
2769 602 3054 674 φαίνεσθαι
3081 620 3093 632 ·
3117 603 3244 654 ὅταν
3284 600 3393 668 γὰρ
3426 600 3471 629 ’⁸
3500 600 3580 660 είς
3611 598 3670 652 τὸ

2075 705 2406 778 ἀραιότερον
2426 706 2674 776 διαχυθῇ,
2702 705 2822 775 -πῦρ
2854 701 3122 772 γίνεσθαι,
3147 700 3326 770 μέσως
3351 698 3410 751 δὲ
3437 696 3600 750 πάλιν
3623 696 3669 728 ’³

2084 799 2164 860 είς
2183 798 2324 870 ἀέρα
2352 797 2729 867 πυκνούμενον
2753 796 2810 861 ἐξ
2827 795 2988 864 ἀέρος
3021 795 3180 858 νέφος
3213 788 3666 846 ἀποτελεῖσθαι⁸⁶

2085 891 2227 943 κατά
2247 875 2345 960 τὴν
2368 889 2586 959 πίλησιν
2624 888 2692 952 ³⁷,
2721 887 2801 939 ἔτι
2825 886 2880 940 δὲ
2905 883 3105 955 μᾶλλον
3131 881 3296 950 ὕδωρ,
3330 883 3423 934 ἐπὶ
3480 883 3673 934 πλεῖον

2087 981 2442 1034 πυκνωθέντα
2474 980 2602 1049 γῆν,
2649 979 2742 1032 καὶ
2791 979 2870 1040 είς
2922 977 2983 1028 τὸ
3039 977 3275 1047 μάλιστα
3318 974 3674 1027 πυκνώτατον

2085 1072 2287 1136 λίθους.
2324 1073 2487 1126 Ὥστε
2523 1072 2590 1124 τά
2651 1069 2966 1142 κυριώτατα
3019 1069 3118 1137 τῆς
3149 1067 3422 1134 γενέσεως
3456 1064 3674 1119 ἐναντία

2087 1161 2227 1218 εῖναι
2273 1161 2479 1232 Θερμόν
2501 1178 2559 1214 τε
2591 1159 2685 1213 καὶ
2733 1158 2962 1228 ψυχρόν.
2993 1157 3105 1228 Τὴν
3143 1157 3201 1208 δὲ
3257 1155 3358 1222 γῆν
3416 1152 3674 1207 πλατεῖαν

2088 1251 2229 1308 εἶναι
2259 1252 2304 1285 ’⁸
2338 1253 2424 1305 ἐπ’
2463 1253 2626 1321 ἀέρος
2661 1249 2987 1320 ὀχουμένην,
3039 1246 3242 1317 ὁμοίως
3292 1244 3348 1297 δὲ
3395 1247 3490 1298 καὶ
3520 1245 3674 1315 ἣλιον

2090 1347 2184 1400 καὶ
2216 1343 2446 1414 σελήνην
2478 1345 2572 1396 καὶ
2589 1342 2656 1394 τά
2686 1341 2822 1395 ἄλλα
2850 1342 2948 1395 ἄστ
2960 1356 3026 1410 ρα
3053 1354 3067 1368 ο
3108 1341 3288 1390 πάντα
3326 1339 3437 1406 γὰρ
3464 1336 3668 1406 πύρινα

2079 1438 2218 1491 -δντα
2247 1435 2561 1506 ἐποχεῖσθαι
2590 1435 2636 1466 ’⁸
2686 1433 2766 1504 τῷ
2821 1433 2951 1503 ἀέρι
2981 1430 3070 1485 διὰ
3119 1430 3341 1492 πλάτος.
3385 1429 3422 1481 Γ
3426 1430 3674 1496 εγονὲναι

2089 1531 2146 1585 at
2180 1531 2247 1584 τά
2279 1530 2455 1601 ἀστρα
2487 1532 2554 1582 ἐκ
2579 1528 2684 1597 γῆς
2729 1527 2817 1580 διά
2868 1525 2929 1578 τὸ
2978 1525 3078 1593 τὴν
3116 1524 3318 1594 ἰκμάδα
3353 1525 3418 1576 ἐκ
3465 1523 3675 1593 ταύτης

2091 1621 2436 1687 ἀνίστασθαι,
2479 1615 2547 1692 ἦς
2583 1618 2954 1691 ἀραιουμένης
2982 1617 3043 1670 τὸ
3073 1617 3184 1684 πῦρ
3213 1615 3482 1684 γίνεσθαι,
3521 1617 3585 1667 ἐκ
3616 1614 3677 1668 δὲ

2091 1714 2186 1770 τοῦ
2220 1713 2392 1785 πυρὸς
2425 1711 2895 1784 μετεωριζομένου
2927 1711 3056 1774 τοὺς
3121 1709 3358 1779 ἀστέρας
3413 1708 3673 1761 συνίστα-

397 1829 463 1870 ex
494 1814 621 1882 igne
644 1821 825 1866 autem
868 1825 1083 1864 sursum
1116 1809 1224 1862 lato
1257 1807 1443 1862 stellas
1481 1807 1800 1860 consistere.
1849 1804 1984 1860 Esse

2095 1806 2241 1861 σθαι.
2285 1775 2440 1860 ὲῑναὶ
2493 1804 2550 1858 δὲ
2600 1775 2694 1857 καὶ
2733 1775 2966 1872 *γεώδεις
3014 1799 3205 1871 φύσεις
3261 1775 3333 1853 ήέν
3382 1798 3459 1869 τῷ
3521 1799 3676 1870 τόπῳ

399 1915 580 1959 autem
617 1903 781 1958 etiam
816 1913 1063 1956 terrenas
1085 1909 1315 1955 naturas
1346 1901 1398 1953 in
1445 1899 1664 1968 regione
1701 1898 1981 1953 stellarum

400 2010 520 2064 qua:
552 2010 656 2048 una
683 1993 929 2046 ferantur
955 2007 1076 2046 cum
1115 1991 1239 2044 illis.
1281 1987 1398 2044 NOII
1435 1991 1636 2042 moveri
1666 1999 1845 2044 autem
1882 1989 1984 2045 sub

403 2097 602 2141 terram
639 2083 822 2138 stellas
859 2081 1018 2145 dicit,
1056 2081 1197 2134 sicut
1236 2079 1328 2133 alii
1371 2088 1701 2136 statuerunt.
1741 2081 1836 2135 sed
1872 2081 1981 2134 cir-

399 2192 522 2231 cum
561 2186 784 2236 terram,
821 2172 1272 2242 quemadmodum
1313 2171 1516 2224 circum
1549 2181 1795 2225 nostrum
1823 2180 1985 2242 caput

400 2271 635 2324 vertitur
663 2267 858 2335 pileus,
891 2276 946 2318 et
969 2265 1230 2318 occultari
1257 2265 1448 2328 solem,
1478 2279 1584 2319 non
1612 2264 1751 2319 intra
1783 2274 1981 2320 terram

401 2363 660 2425 delatum,
679 2362 774 2416 sed
803 2358 1042 2429 20-21
1080 2373 1106 2410 a
1131 2356 1374 2426 partibus
1393 2364 1552 2410 teme
1578 2357 1865 2413 altioribus
1887 2357 1984 2414 ob-

402 2465 603 2510 teuum
645 2464 696 2506 et
732 2461 952 2519 propter
983 2448 1240 2518 majorem
1274 2463 1302 2501 a
1335 2449 1492 2504 nobis
1522 2448 1836 2503 distantiam
1866 2465 1984 2520 qua:

403 2545 625 2598 incidat.
655 2542 853 2596 Stellas
875 2551 1054 2593 autem
1081 2555 1184 2592 non
1216 2539 1514 2594 calefacere
1539 2551 1760 2610 propter
1778 2543 1984 2612 magni-

405 2635 644 2688 tudinem
671 2633 964 2686 distantiae.
993 2631 1199 2685 Ventos
1221 2640 1398 2685 autem
1419 2631 1591 2694 nasci,
1616 2632 1831 2700 quando
1853 2648 1984 2686 con-

401 2725 660 2781 densatus
715 2739 809 2777 aer
863 2731 1193 2776 extenuatus
1241 2721 1483 2785 teratur,
1541 2724 1760 2791 quando
1799 2734 1980 2777 autem

402 2832 733 2887 congressus
757 2817 827 2870 sit
851 2825 904 2869 et
932 2815 1192 2883 majorem
1221 2814 1272 2868 in
1308 2816 1523 2867 modum
1546 2830 1789 2879 crassus,
1813 2816 1984 2870 nubes

405 2914 552 2966 nasci
583 2921 637 2964 et
687 2911 759 2964 ita
807 2909 860 2962 in
893 2923 1088 2976 aquam
1132 2905 1400 2961 converti.
1435 2901 1762 2960 Grandinem
1803 2915 1980 2960 autem

407 3002 547 3068 fieri,
574 3001 790 3069 quando
820 3014 959 3068 aqua
989 3015 1017 3051 a
1043 2998 1276 3052 nubibus
1307 2997 1480 3053 delata
1514 3006 1863 3062 concrescat;
1897 2997 1981 3074 ni-

403 3109 524 3149 vem
561 3104 768 3156 autem,
798 3092 1013 3161 quando
1033 3092 1114 3144 ha:
1145 3091 1296 3158 ipsae,
1328 3089 1662 3144 humidiores
1695 3104 1817 3142 cum
1851 3088 1984 3152 sint,
2011 3128 2058 3190 α

402 3183 745 3249 coalesnant;
794 3184 999 3237 fulmen
1046 3191 1252 3249 autem,
1299 3182 1514 3249 quando
1564 3181 1736 3235 nubes
1785 3181 1986 3235 discin-

401 3275 600 3330 dantnr
647 3289 743 3343 per
770 3275 876 3329 vim
905 3282 1190 3328 ventorum
1225 3291 1238 3325 :
1275 3272 1360 3326 his
1404 3273 1548 3326 enim
1585 3271 1988 3326 discedentibus

404 3367 645 3421 Incidunt
696 3377 750 3420 et
798 3366 1029 3435 ignitum
1068 3365 1336 3420 exsistere
1379 3365 1748 3432 Splendorem.
1789 3361 1986 3417 lridem

404 3469 584 3513 autem
614 3459 763 3512 nasci
801 3458 1074 3512 solaribus
1098 3456 1274 3510 radiis
1306 3455 1358 3510 in
1390 3471 1574 3510 aerem
1598 3447 1984 3510 consistentem

403 3554 748 3616 cadentibus,
784 3562 990 3606 motum
1034 3561 1214 3603 autem
1248 3558 1590 3603 terrae-terra
1625 3548 1884 3616 majorem
1932 3548 1984 3603 in

410 3648 629 3700 modum
669 3645 955 3697 immutata
996 3655 1093 3710 per
1125 3640 1536 3695 calefactionem
1566 3639 1986 3710 et-frigel‘actio-

404 3755 548 3793 nem.
581 3737 719 3792 ﬂare
748 3736 912 3806 igitur
941 3733 1326 3788 Anaximenes.
1362 3732 1460 3786 llic
1492 3731 1671 3786 ﬂoruit
1707 3734 1850 3787 circa
1879 3750 1986 3787 an-

405 3845 533 3884 num
567 3828 798 3898 primum
835 3824 1300 3894 quinquagesimae
1329 3833 1534 3879 octava;
1564 3824 1917 3894 Olympiadis.

476 3917 601 3970 l‘usl.
633 3917 778 3968 hunc
822 3913 997 3967 oritur
1038 3913 1391 3980 Anaxagoras
1440 3911 1748 3983 llegesibuli
1778 3910 1984 3968 .Clazo-

404 4006 637 4062 menius.
688 4003 786 4058 ilic
823 4003 958 4057 dixit
1009 4003 1245 4057 universi
1277 4003 1614 4072 principium
1667 4014 1899 4059 mentem
1930 4015 1986 4060 et

405 4099 712 4160 materiam,
740 4104 793 4150 et
817 4106 1051 4148 mentem
1084 4092 1302 4162 quidem
1322 4093 1670 4159 efﬁcientem,
1699 4095 1983 4149 materiam

403 4199 586 4243 autem
611 4187 710 4241 lien
723 4196 847 4240 tem.
874 4185 1007 4240 Cum
1027 4186 1171 4238 enim
1202 4195 1386 4238 essent
1412 4186 1594 4239 omnia
1617 4185 1800 4247 simul,
1828 4201 1984 4241 mens

402 4281 773 4338 interveniens
804 4277 1096 4347 disposuit.
1145 4275 1446 4330 Materialia
1491 4289 1674 4332 autem
1717 4278 1983 4348 principia

402 4373 615 4428 inﬁnita
645 4372 871 4427 subesse
916 4380 970 4423 et
1013 4371 1080 4422 ad
1113 4368 1510 4422 multitudinem
1547 4378 1603 4424 et
1647 4370 1715 4424 ad
1749 4373 1984 4424 tenuita-

2085 1899 2194 1953 τῶν
2216 1898 2468 1970 ἀστέρων
2500 1895 2926 1967 συμφερομένας
2972 1892 3226 1955 ἐκείνοις.
3271 1891 3348 1945 Οὐ
3399 1893 3675 1946 κινεῖσθαι

2083 1991 2140 2046 δὲ
2172 1991 2279 2045 ὑπὸ
2306 1992 2409 2060 γῆν
2445 1990 2514 2043 τά
2545 1988 2721 2059 ἄστρα
2769 1986 2938 2056 λέγει,
2992 1984 3174 2047 καθὼς
3221 1985 3400 2055 ἕτεροι
3441 1982 3676 2056 ύπειλίν

2085 2103 2272 2157 φασιν,
2305 2083 2444 2138 ἀλλά
2482 2083 2612 2155 περὶ
2630 2083 2756 2153 γῆν,
2784 2081 3028 2152 ὡσπερεὶ
3072 2080 3202 2150 περὶ
3241 2078 3340 2149 τὴν
3396 2080 3677 2150 ἡμετέραν

2084 2176 2327 2246 κεφαλὴν
2370 2175 2666 2247 στρέφεται
2725 2173 2787 2226 τὸ
2838 2171 3035 2232 πιλίον,
3088 2169 3427 2240 κρύπτεσθαί
3481 2187 3542 2223 τε
3582 2172 3676 2224 τὴν

2083 2269 2236 2341 ἥλιον
2264 2270 2364 2339 οὐχ
2397 2266 2474 2340 [ρ.
2526 2267 2613 2320 15.
2645 2263 2759 2336 14.]
2792 2264 2897 2317 ὑπὸ
2930 2263 3033 2331 γῆν
3064 2263 3380 2332 γενόμενον,
3416 2261 3531 2315 ἀλλ’
3571 2262 3680 2316 ὑπὸ

2083 2362 2194 2416 τῶν
2222 2361 2321 2430 τῆς
2357 2361 2464 2429 γῆς
2502 2359 2851 2428 ὑψηλοτέρων
2901 2354 3086 2427 μερῶν
3149 2355 3511 2424 σκεπόμενον,
3575 2355 3678 2408 καὶ⁸

2084 2453 2176 2506 διά
2205 2451 2303 2523 τὴν
2334 2451 2557 2504 πλείονα
2592 2449 2751 2522 ἡμῶν
2797 2447 2962 2501 αὑτοῦ
3015 2446 3318 2517 γενομένην
3349 2445 3674 2500 ἀπόστασιν.

2087 2547 2166 2602 Τά
2220 2546 2276 2599 δὲ
2331 2546 2505 2615 ἀστρα
2569 2544 2642 2620 μὴ
2692 2541 3007 2612 θερμαίνειν
3075 2539 3165 2593 διά
3221 2540 3284 2592 τὸ
3347 2539 3523 2609 μῆκος
3573 2543 3677 2611 τῆς

2084 2637 2474 2699 ἀποστάσεως·
2518 2635 2752 2704 ἀνέμους
2785 2633 2842 2687 δὲ
2873 2631 3188 2702 γεννᾶσθαι,
3245 2631 3376 2684 ὅταν
3423 2632 3676 2684 ἐκπεπυ-

2085 2727 2365 2797 κνωμένος
2391 2729 2422 2779 ό
2469 2727 2576 2798 ἀὴρ
2625 2723 2920 2796 ἀραιωθεὶς
2961 2723 3216 2793 φέρηται,
3260 2719 3586 2774 συνελθόντα
3617 2721 3675 2774 δι

2086 2820 2181 2872 καὶ
2216 2820 2308 2871 ἐπὶ
2348 2819 2532 2870 πλεῖον
2585 2815 2904 2887 παχυθέντα
2928 2815 2972 2846 ³ο
3024 2814 3161 2883 νέφη
3213 2813 3529 2880 γεννᾶσθαι,
3577 2813 3670 2866 καὶ

2084 2909 2259 2972 οὕτως
2285 2912 2364 2973 είς
2388 2909 2536 2978 ὕδωρ
2588 2907 2966 2978 μεταϐάλλειν.
3004 2903 3261 2968 Χάλαζαν
3307 2905 3365 2958 δὲ
3406 2904 3664 2973 γίνεσθαι,

2086 3003 2215 3055 ὅταν
2235 3002 2342 3054 ἀπὸ
2369 3001 2477 3054 τῶν
2499 3000 2678 3070 νεφῶν
2705 2999 2764 3052 τὸ
2803 2985 2950 3069 ὓδωρ
2995 2997 3443 3068 καταφερόμενον
3468 2999 3617 3066 παγῇ
3649 3009 3667 3026 ο

2088 3093 2242 3164 χιόνα
2268 3094 2346 3158 δὲ,
2381 3094 2510 3146 ὅταν
2560 3091 2700 3145 αύτά
2741 3089 2914 3145 ταῦτα
2959 3089 3294 3160 ὲνυγρότερα
3357 3088 3486 3142 ὅντα
3513 3087 3676 3157 πῆξιν

2089 3185 2229 3258 λάὁῃ
2254 3203 2267 3216 ο
2299 3184 2587 3256 ἀστραπὴν
2615 3185 2682 3248 δ’,
2731 3185 2859 3236 ὅταν
2904 3182 2972 3235 τά
3026 3181 3161 3252 νέφη
3215 3180 3547 3251 διιστῆται³ι
3583 3180 3676 3252 βίᾳ

2090 3277 2418 3348 πνευμάτων
2437 3293 2450 3306 ·
2500 3276 2708 3329 τούτων
2741 3275 2851 3346 γὰρ
2905 3274 3267 3343 διισταμένων
3291 3271 3549 3343 λαμπρὰν
3579 3273 3676 3325 καὶ

2089 3369 2313 3440 πυρώδη
2340 3368 2584 3437 γίνεσθαι
2622 3367 2722 3438 τὴν
2749 3367 2943 3437 αὑγήν.
2978 3360 3122 3434 Ἶριν
3147 3364 3204 3418 δὲ
3234 3364 3527 3432 γεννᾶσθαι
3563 3363 3677 3418 τῶν

2087 3460 2328 3531 ἡλιακῶν
2371 3458 2556 3527 αὐγῶν
2617 3458 2698 3521 είς
2760 3459 2902 3528 ἀέρα
2947 3456 3262 3510 συνεστῶτα
3311 3453 3630 3508 πιπτουσῶν
3657 3470 3674 3486 ·

2090 3552 2311 3622 σεισμὸν
2349 3551 2428 3616 δὲ,
2492 3551 2588 3621 τῆς
2619 3549 2722 3619 γῆς
2765 3549 2857 3602 ἐπὶ
2901 3546 3084 3602 πλεῖον
3134 3547 3528 3618 ἀλλοιουμένης
3571 3547 3677 3601 ὑπὸ

2091 3644 2401 3716 θερμασίας
2421 3644 2518 3696 καὶ
2559 3641 2795 3712 ψύξεως.
2819 3641 3007 3694 Ταῦτα
3034 3641 3132 3712 μὲν
3155 3636 3249 3694 οὖν
3295 3639 3674 3712 Ἀναξιμένης.

2088 3729 2257 3798 Οὗτος
2285 3736 2503 3806 ἦκμασε
2568 3738 2695 3805 περὶ
2728 3734 2848 3798 ἔτος
2908 3734 3123 3804 πρῶτον
3161 3733 3262 3802 τῆς
3303 3733 3675 3805 πεντηκοστῆς

2086 3827 2279 3898 ὀγδόης
2309 3826 2694 3896 Ὀλυμπιάδος.

2159 3917 2212 3972 8.
2242 3919 2396 3972 Μετά
2433 3918 2620 3972 τοῦτον
2673 3919 2885 3987 γίνεται
2931 3919 3304 3992 ’Δναξαγόρας
3349 3917 3676 3989 Ἡγησιϐού-

2087 4012 2182 4066 λου
2210 4013 2253 4044 ”
2281 4014 2310 4065 ὁ
2338 4011 2729 4082 Κλαζομένιος.
2779 4005 2950 4076 Οὗτος
2999 4015 3100 4083 ἔφη
3133 4014 3232 4082 τὴν
3258 4013 3462 4075 παντὸς
3501 4010 3677 4084 ἀρχὴν

2087 4101 2213 4157 νοῦν
2235 4101 2330 4156 καὶ
2369 4100 2522 4171 ὓλην,
2547 4102 2640 4156 τὸν
2697 4103 2794 4173 μὲν
2825 4102 2950 4156 νοῦν
2999 4103 3278 4169 ποιοῦντα,
3309 4105 3408 4174 τὴν
3455 4103 3511 4156 δὲ
3541 4101 3678 4174 ὕλην

2089 4193 2406 4264 γινομένην.
2457 4195 2670 4247 Ὄντων
2704 4195 2814 4266 γὰρ
2847 4196 3068 4249 πάντων
3097 4195 3257 4266 ὁμοῦ,
3283 4195 3406 4258 νοῦς
3434 4193 3680 4248 ἐπελθὼν

2087 4286 2468 4357 διεκόσμησεν.
2522 4286 2634 4350 Τάς
2667 4286 2711 4339 δ’
2743 4288 2934 4352 ύλικάς
2972 4287 3156 4358 ἀρχὰς
3197 4287 3458 4358 ἀπείρους
3499 4288 3681 4356 ύπάρ-

2088 4394 2228 4450 χειν,
2287 4375 2507 4440 καὶτὰς
2561 4380 2930 4449 σμικροτέρας
2965 4379 3146 4434 αὐτῶν
3178 4379 3384 4450 ἄπειρα
3431 4377 3580 4446 λέγει
3607 4377 3676 4432 ³⁸.

404 4476 535 4530 tem,
569 4464 770 4518 etenim
801 4461 884 4516 vel
917 4461 1164 4515 tenuiora
1199 4461 1402 4516 infinita
1446 4464 1598 4517 dicit.
1642 4461 1844 4517 Motum
1889 4478 1985 4516 au-

2091 4465 2378 4536 Κινήσεως
2415 4465 2472 4518 δὲ
2504 4469 2752 4536 μετέχειν
2793 4469 2862 4522 τά
2899 4469 3076 4522 πάντα
3104 4469 3210 4522 ὑπὸ
3237 4469 3330 4523 τοῦ
3358 4468 3452 4522 νοῦ
3499 4469 3682 4522 κινού-

402 4567 512 4612 tem
548 4557 824 4626 pertinere
869 4554 935 4606 ad
989 4555 1192 4622 omnia,
1247 4570 1276 4608 a
1331 4564 1510 4609 mente
1560 4553 1768 4609 scilicet
1815 4565 1981 4620 mcta,

399 4663 802 4716 congressaqne
834 4661 954 4701 esse
989 4661 1106 4716 qua:
1139 4646 1445 4702 consimilia
1482 4646 1611 4701 sint.
1643 4645 1708 4700 Et
1741 4646 1982 4701 caelestia

399 4741 618 4820 quidem
655 4749 849 4794 ornata
899 4755 1022 4795 esse
1065 4741 1134 4793 ab
1177 4738 1470 4795 orbiculari
1523 4748 1696 4794 motu.
1746 4737 1981 4795 Densum

401 4834 569 4905 igitur
594 4844 647 4887 et
668 4833 950 4888 humi-dum
974 4842 1028 4887 et
1043 4835 1336 4887 obscurum
1365 4841 1420 4886 et
1441 4830 1698 4901 frigidum
1721 4842 1774 4889 et
1800 4835 1980 4888 omnia

399 4925 583 4994 gravia
617 4939 910 4994 congressa
946 4939 1069 4978 esse
1115 4924 1166 4976 in
1213 4923 1471 4988 medium,
1519 4939 1582 4979 ex
1621 4925 1820 4994 quibus
1851 4941 1983 4980 cono

397 5016 565 5072 cretis
599 5027 796 5071 terram
831 5016 1175 5080 substitisse,
1227 5016 1500 5069 contraria
1549 5027 1728 5070 autem
1764 5017 1977 5084 horum,

2097 4573 2260 4627 μενα,
2293 4556 2571 4610 συνελθεῖν
2597 4559 2642 4589 ³⁸
2661 4576 2721 4611 τε
2740 4560 2808 4612 τά
2835 4562 3019 4630 ὅμοια.
3046 4561 3156 4615 Καὶ
3187 4564 3254 4615 τά
3286 4561 3385 4629 μὲν
3411 4560 3554 4614 κατὰ
3586 4561 3681 4616 τὸν

2092 4649 2322 4721 οὐρανὸν
2362 4651 2740 4722 κεκοσμῆσθαι
2769 4653 2873 4706 ὑπὸ
2917 4654 3017 4723 τῆς
3050 4653 3343 4722 ἐγκυκλίου
3375 4657 3668 4723 κινήσεως.

2094 4737 2169 4794 Τὸ
2209 4739 2308 4810 μὲν
2327 4737 2421 4794 οὖν
2451 4743 2658 4797 πυκνὸν
2698 4745 2794 4797 καὶ
2861 4744 3028 4815 ὑγρὸν
3065 4746 3158 4798 καὶ
3185 4747 3247 4798 τὸ
3279 4745 3554 4798 σκοτεινὸν
3582 4743 3680 4798 καὶ

2091 4831 2300 4904 ψυχρὸν
2344 4832 2441 4886 καὶ
2493 4833 2673 4888 πάντα
2725 4838 2792 4888 τά
2845 4834 3017 4906 βαρέα
3058 4835 3102 4867 ³⁸
3157 4835 3435 4889 συνελθεῖν
3477 4837 3571 4888 ἐπὶ
3618 4835 3681 4888 τδ

2095 4924 2279 4994 μέσον,
2311 4925 2370 4991 ἐξ
2415 4919 2490 4979 ὧν
2528 4926 2815 4995 παγέντων
2854 4927 2951 4998 τὴν
2995 4931 3099 4999 γῆν
3141 4929 3443 5000 ὑποστῆναι
3470 4945 3484 4959 ·
3529 4928 3598 4982 τά
3631 4926 3678 4980 δ’

2091 5019 2443 5090 ἀντικείμενα
2471 5021 2684 5084 τούτοις
2717 5021 2776 5074 τδ
2813 5021 3018 5093 Θερμδν
3060 5024 3154 5076 καὶ
3184 5023 3245 5075 τὸ
3293 5023 3547 5094 λαμπρὸν
3576 5022 3674 5076 καὶ

1685 5198 1921 5254 VARl/E
1964 5198 2371 5256 LECTIONES.

467 5315 650 5392 "‘yap
694 5313 972 5392 [toeperus
1003 5333 1015 5368 :
1043 5315 1109 5392 δε-
1146 5317 1304 5392 vulgo
1380 5321 1423 5351 ’⁵
1459 5317 1620 5392 πάλιν
1649 5315 1942 5392 Bosporus
1984 5332 1997 5368 :
2038 5316 2394 5392 é:&v__t~'tilgo.
2442 5321 2518 5392 A"
2564 5317 2941 5371 ἁποτε>εῖσθαι
2981 5317 3258 5387 Rorperus
3293 5336 3305 5370 :
3340 5317 3677 5392 dm:sitsa"ﬁ

442 5386 615 5468 Vulgo.
716 5386 760 5420 ¹²
804 5386 1026 5474 πίλησιν
1075 5386 1394 5441 Saltinius:
1440 5406 1454 5439 ι

398 5457 653 5529 πλατειον
682 5449 828 5529 εἶναι
851 5458 944 5529 ἐξ-
973 5455 1147 5529 ἀέρος
1162 5458 1454 5529 ἱχουμένην

716 5386 760 5420 ¹²
804 5385 1026 5474 πίλησιν
1075 5385 1348 5441 Saltinius
1382 5407 1394 5441 :
1440 5387 1712 5510 πηλλησιν
1740 5385 1781 5437 Τ
1811 5403 1824 5437 :
1851 5387 2083 5456 πόλησιν
2118 5385 2338 5458 reliqui.

716 5449 821 5505 ῐναι
851 5458 922 5506 ετ
973 5455 1135 5510 ἀέρος
1162 5458 1454 5510 ἱγουιιέντιν
1513 5458 1797 5509 ιτοιιυνῖιιε
1897 5458 1941 5487 ⁸⁸
1969 5456 2278 5510 ἑπινεῖσοαι
2321 5455 2338 5508 1

1513 5455 1797 5527 ἶιςθιιυνῖιιθ
1897 5458 1941 5487 ⁸⁸
1969 5455 2278 5525 ἐπικεῖσθαι
2321 5455 2383 5521 1.,
2421 5457 2485 5513 0.
2565 5457 2611 5488 ³⁸
2643 5455 3316 5527 rray‘wOéwa‘Salv-iuius.

2416 5387 2462 5419 "
2492 5389 2753 5440 πλατεῖαν
2788 5388 2875 5440 ἐπ’
2921 5389 3080 5458 ἀέρος
3128 5388 3433 5457 ὀχουμένην
3473 5388 3532 5449 Β,
3575 5390 3620 5444 0
3650 5387 3676 5442 ’Ξ

2421 5457 2485 5511 0.
2565 5457 2611 5488 ³⁸
2643 5458 2986 5511 παγυνθέντα
3020 5459 3316 5511 Salv-iuius.
3397 5459 3442 5491 "
3471 5459 3676 5511 διϊστα-

3503 5476 3679 5513 ιιστα-

395 5543 486 5601 παι
529 5525 706 5601 vulgo.
753 5595 764 5601 Α
787 5523 830 5555 ³³
852 5517 1306 5601 ’ῌἭγησιφήόνὲουί
1325 5528 1386 5581 Τ.
1410 5517 1422 5529 ’
1468 5527 1513 5559 ³⁸
1539 5525 1603 5601 _Si
1635 5529 1932 5601 enuntiet-is
1979 5517 2154 5580 lorum
2193 5517 2456 5601 ‘Simplic.
2495 5527 2546 5580 in
2573 5517 2752 5601 Arist:
2777 5527 2942 5601 Pltys.
2977 5529 3064 5582 l'ol.
3139 5529 3182 5601 ’_’
3201 5527 3268 5601 B._
3305 5527 3680 5601 Ἀναξαγόρας

395 5597 568 5662 λέγων
613 5595 705 5665 ἀπ’
742 5595 917 5665 ἀρχῆς
966 5611 979 5624 ·

1024 5593 1191 5672 Ὁμοῦ
1240 5599 1415 5652 πάντα
1450 5599 1712 5672 χρήματα
1746 5593 1834 5666 ἦν.
1883 5598 2087 5668 ἄπειρα
2123 5597 2236 5672 καὶΔ
2267 5598 2491 5672 πλῆθοςΔ
2520 5598 2632 5672 καὶ,
2652 5593 3002 5672 Δσμικρότητα
3028 5617 3041 5630 ο
3088 5599 3183 5672 καὶ
3210 5598 3319 5670 γὰρ
3347 5601 3409 5651 τὺ
3441 5593 3681 5672 σμικρὸν

397 5659 629 5742 ἄπειρον
660 5659 747 5742 ἦν,
776 5659 1054 5742 apparebit
1079 5659 1376 5742 :aut:t('r_c_m
1415 5659 1807 5742 nosti-ntuli;qu
1840 5659 2332 5742 potius'srripsisse
2362 5659 2380 5721 ἐ
2411 5659 2504 5722 καὶ
2535 5659 2739 5742 πλῆθος
2772 5659 2864 5722 κάὶ
2898 5659 3244 5740 σμικρότητα
3266 5659 3408 5722 "xui
3446 5659 3513 5727 τά
3547 5659 3678 5742 σμι-

374 5735 634 5806 οιρότερα
667 5738 772 5806 γὰρ
796 5735 995 5805 ἄπειρα
1034 5735 1204 5805 λέγει.
1285 5740 1328 5769 ’⁸
1355 5736 1630 5792 συνελθεῖν
1661 5737 1714 5790 δὲ
1758 5735 1815 5790 ι..
1893 5737 1935 5768 ³⁵
1965 5737 2137 5810 βαρέα
2161 5735 2448 5794 Salvinitts
2486 5755 2496 5789 :
2533 5736 2729 5809 βαρεῖα
2781 5735 2955 5809 vulgo.
