4080 6428
326 486 469 550 3033

1453 481 1752 540 CONTRA
1790 472 2156 537 HIE‘RESES
2194 474 2340 532 LIB.
2377 473 2426 533 Ι.

3458 467 3596 532 3034

325 599 387 652 τὸ
427 595 590 666 ξηρὸν
626 598 722 650 καὶ
752 595 810 647 τὺ
860 595 1062 661 κοῦφον
1091 593 1169 654 tl;
1223 592 1283 644 τὸ
1315 591 1504 661 πρόσω
1558 591 1652 645 τοῦ
1694 589 1912 660 αἰθέρος

2020 586 2253 641 calidum
2287 595 2341 639 et
2384 583 2588 639 clarum
2638 591 2690 636 et
2737 584 2945 637 aridum
2995 591 3048 638 et
3091 583 3206 638 leve
3241 582 3292 636 in
3342 582 3595 636 ulteriora

325 688 588 762 ὁρμῆσαι.
620 686 732 758 Τὴν
765 686 822 738 δι
876 684 983 754 γῆν
1022 684 1101 754 τῷ
1158 683 1395 753 σχήματι
1439 683 1706 736 πλατεῖαν
1765 678 1908 736 εἶναι

329 780 424 835 καὶ
470 776 652 848 μένειν
706 775 979 847 μετέωρον
1041 774 1127 827 διά
1166 773 1226 826 τὸ
1287 773 1519 844 μέγεθος
1571 775 1668 828 καὶ
1710 773 1798 827 διά
1851 773 1913 826 τὸ

331 869 499 941 μηδὲν
529 862 669 920 εἶναι
711 866 864 920 κενδν
889 865 982 917 καὶ
1003 863 1092 916 διὰ
1142 863 1203 916 τὸ
1245 863 1335 917 τὸν
1380 863 1516 934 ἀέρα
1551 865 1911 935 ἰσχυρότατον

326 961 456 1014 ὂντα
492 957 680 1028 φέρειν
735 953 1106 1025 ἐποχουμένην
1161 951 1259 1023 τὴν
1307 955 1430 1023 γῆν.
1468 951 1589 1005 Τῶν
1615 951 1658 1004 δ’
1690 953 1782 1005 ἐπὶ
1806 953 1911 1022 γῆς

329 1050 510 1121 ὑγρῶν
551 1049 650 1120 τὴν
698 1048 796 1118 μὲν
863 1047 1139 1102 θάλασσαν
1170 1044 1430 1116 ὑπάρξαι,
1458 1045 1525 1098 τά
1568 1061 1626 1097 τε
1663 1045 1721 1097 ὲν
1766 1045 1905 1116 αὑτῇ

329 1141 498 1196 ὕδατα
551 1139 950 1208 ὲξατμισθέντα
984 1139 1143 1192 ⁸⁸η...
1191 1139 1503 1190 ὑποστάντα
1529 1135 1703 1198 οὕτως
1743 1152 1906 1203 γεγοο

327 1229 474 1288 vivat
513 1232 607 1282 καὶ
632 1229 739 1283 ἀπὸ
761 1228 870 1281 τῶν
914 1226 1414 1298 καταρρευσάντων
1461 1223 1740 1294 ποταμῶν.
1772 1225 1912 1288 Τοὺς

328 1322 385 1376 δὲ
421 1321 701 1392 ποταμοὺς
749 1322 843 1373 καὶ
885 1321 994 1373 ἀπὸ
1041 1318 1149 1372 τῶν
1212 1317 1434 1388 ὀμϐρων
1479 1316 1781 1386 λαμϐάνειν
1810 1317 1912 1388 τὴν

330 1415 629 1469 ὑπόστασιν
677 1412 773 1466 καὶ
825 1413 884 1479 ἐξ
921 1413 1128 1466 ὑδάτων
1157 1410 1200 1442 ³⁷
1246 1409 1356 1464 τῶν
1390 1412 1448 1463 ὲν
1499 1412 1566 1480 τῇ
1616 1412 1708 1482 γῇ.
1750 1404 1908 1463 Εῐναι

327 1503 439 1575 γὰρ
467 1504 639 1573 αὐτὴν
661 1503 740 1576 [ρ.
781 1503 869 1564 14.
900 1500 1012 1574 15]
1043 1501 1229 1572 κοίλην
1256 1501 1349 1554 καὶ
1384 1500 1528 1570 ἔχειν
1552 1499 1694 1574 ὕδωρ
1726 1503 1784 1554 ὲν
1799 1503 1912 1565 τοῖς

329 1594 682 1665 κοιλώμασιν.
717 1596 820 1648 Τὸν
857 1595 915 1648 δὲ
945 1593 1136 1647 Νεῖλον
1166 1592 1425 1658 αὔξεσθαι
1473 1595 1616 1647 κατά
1652 1594 1714 1647 τὸ
1754 1593 1914 1664 θέρος

331 1685 794 1756 καταφερομένων
823 1685 901 1747 είς
949 1683 1111 1736 αὑτὸν
1151 1683 1359 1737 ὑδάτων
1408 1682 1517 1736 ἀπὺ
1541 1681 1650 1736 τῶν
1701 1685 1760 1737 ὲν
1793 1685 1906 1746 τοῖς

331 1777 662 1840 ἀντοίκοις³⁸
728 1779 944 1847 χιόνων.
999 1776 1189 1830 ’Ἥλιον
1239 1775 1298 1829 δὲ
1347 1775 1441 1829 καὶ
1511 1775 1740 1845 σελήνην
1813 1774 1911 1828 καὶ

330 1869 511 1926 πάντα
567 1868 636 1921 τά
695 1868 873 1937 ἄστρα
940 1866 1124 1930 λίθους
1177 1863 1316 1920 εἶναι
1387 1865 1669 1937 ἐμπύρους
1697 1883 1909 1936 συμπε-

2013 679 2241 734 aetheris
2299 678 2414 732 nisa
2460 691 2600 732 esse.
2654 674 2880 729 Terram
2928 683 3107 728 autem
3162 675 3330 744 ﬁgura
3381 673 3594 742 planam

2010 786 2132 827 esse
2183 779 2236 826 et
2285 785 2506 825 manere
2547 769 2834 840 pendulam
2889 777 3110 838 propter
3148 765 3592 836 magnitudinem,

2012 872 2067 918 et
2096 871 2390 931 propterea
2433 862 2577 930 quod
2611 859 2814 914 nullum
2844 859 2987 914 adsit
3022 859 3182 913 inane
3224 865 3279 912 et
3320 858 3447 926 quia
3479 871 3594 924 aer,

2013 955 2105 1024 qui
2134 954 2201 1009 sil
2228 955 2659 1019 robustissimus,
2683 953 2823 1007 ferat
2851 953 3125 1006 invectam
3153 961 3376 1004 terram.
3408 949 3596 1003 Humi-

2013 1047 2201 1101 dorum
2253 1055 2432 1100 autem
2498 1046 2550 1099 in
2615 1056 2755 1099 terra
2804 1046 3036 1114 primum
3098 1058 3251 1097 mare
3319 1042 3600 1097 exstitisse

2013 1152 2285 1206 aquasque
2315 1138 2365 1191 in
2394 1152 2459 1192 eo
2489 1139 2922 1192 exsiccatos..."
2961 1137 3277 1191 substitisse
3309 1145 3363 1188 et
3391 1135 3470 1189 sic
3499 1150 3598 1188 na-

2015 1236 2126 1282 tum
2159 1241 2281 1281 esse
2308 1235 2361 1280 et
2387 1227 2455 1280 ab
2487 1227 2742 1280 amnibus
2776 1226 2868 1295 qui
2908 1225 2962 1278 in
3011 1224 3061 1278 id
3089 1222 3431 1277 deduxerint.
3467 1222 3600 1273 Am-

2014 1335 2110 1375 nes
2146 1330 2324 1374 autem
2369 1329 2422 1374 et
2461 1323 2529 1374 ab
2582 1319 2846 1373 imbribus
2881 1317 3141 1386 accipere
3186 1314 3598 1370 subsistentiam

2014 1411 2272 1483 22-23
2304 1420 2358 1466 et
2392 1427 2456 1466 ex
2495 1412 2650 1480 aquis
2689 1411 2742 1464 in
2780 1420 2967 1477 terra;
3013 1424 3133 1463 esse
3170 1408 3312 1461 enim
3351 1421 3470 1461 eam
3503 1421 3596 1459 ca-

2013 1521 2134 1559 vam
2168 1513 2221 1559 et
2251 1504 2534 1558 continere
2561 1518 2756 1571 aquam
2793 1503 2855 1556 in
2877 1501 3146 1556 cavernis.
3191 1499 3367 1554 Nilum
3411 1506 3592 1552 autem

2013 1611 2308 1666 augescere
2363 1610 2458 1662 per
2507 1603 2778 1658 aestatem,
2833 1609 2954 1646 cum
3005 1592 3321 1647 deferantur
3368 1591 3421 1644 in
3471 1605 3596 1643 eum

2013 1701 2170 1756 aqua;
2200 1701 2230 1740 a
2261 1685 2474 1740 nivibus
2509 1686 2648 1753 apud
2680 1695 2959 1740 anteocos.
3000 1684 3179 1737 Solem
3222 1693 3401 1736 autem
3433 1691 3487 1736 et
3518 1681 3600 1734 lu-

2014 1793 2140 1834 nam
2169 1791 2468 1846 omnesque
2495 1777 2685 1831 stellas
2714 1775 2920 1844 lapides
2961 1791 3081 1829 esse
3121 1776 3320 1844 ignilos
3360 1776 3597 1830 circum-

2014 1871 2231 1925 volutos
2255 1886 2361 1924 una
2391 1871 2458 1926 ab
2479 1869 2700 1925 mtheris
2732 1870 3019 1922 rotatione.
3051 1867 3182 1921 Esse
3210 1879 3387 1921 autem
3413 1867 3599 1921 subter

339 1959 701 2033 ριληφθέντας
757 1960 862 2013 ὑπὸ
912 1959 1012 2029 τῆς
1043 1958 1088 1990 ³⁸
1128 1958 1346 2029 αἰθέρος
1388 1957 1712 2028 περιφορᾶς.
1758 1951 1907 2009 Εἶναι

2017 1964 2202 2019 stellas
2235 1963 2403 2018 solem
2435 1972 2488 2016 et
2517 1962 2701 2015 lunam
2727 1971 2783 2014 et
2822 1975 3050 2029 corpora
3081 1961 3326 2029 quaedam
3357 1975 3458 2012 una
3489 1959 3599 2012 cir-

333 2052 377 2105 8‘
431 2052 690 2106 ὑποκάτω
752 2052 858 2105 τῶν
921 2051 1138 2122 ἄστρων
1191 2051 1343 2122 ἥλιον
1396 2050 1492 2103 καὶ
1551 2049 1784 2119 σελήνην
1841 2049 1910 2111 ⁸ο,

334 2145 428 2197 καὶ
459 2143 688 2214 σώματά
706 2142 751 2174 ⁸⁸
795 2160 915 2196 τινα
966 2142 1491 2212 συμπεριφερόμενα
1527 2143 1662 2212 ἡμῖν
1700 2141 1914 2212 ἀόρατα

332 2237 430 2306 τῆς
459 2236 514 2290 δὲ
545 2234 880 2308 θερμότητος
915 2235 989 2304 μὴ
1040 2234 1397 2289 αἰσθάνεσθαι
1439 2234 1549 2287 τῶν
1582 2234 1797 2305 ἄστρων
1827 2232 1916 2287 διὰ

332 2327 394 2380 τὸ
416 2327 633 2397 μακρὰν
663 2323 802 2380 εἶναι
840 2325 959 2398 [καὶ
985 2326 1096 2400 διὰ]
1117 2327 1163 2360 ⁸⁸
1196 2327 1292 2398 τὴν
1317 2327 1624 2382 ἀπόστασιν
1658 2327 1758 2396 τῆς
1787 2327 1912 2397 γῆς’

333 2415 414 2469 ἔτι
443 2415 500 2470 δὲ
533 2415 631 2486 οὑχ
654 2416 854 2487 ὁμοίως
876 2417 1054 2489 θερμά
1078 2417 1156 2488 τῷ
1189 2417 1328 2487 ήλίῳ
1351 2418 1437 2472 διὰ
1471 2418 1532 2470 τὸ
1555 2416 1740 2488 χώραν
1772 2417 1916 2488 ἔχειν

333 2510 696 2582 ψυχροτέραν.
755 2506 910 2564 Εἶναι
965 2511 1023 2565 δὲ
1067 2511 1167 2581 τὴν
1216 2509 1448 2581 σελήνην
1478 2509 1776 2580 κατωτέρω
1822 2507 1916 2561 τοῦ

332 2603 482 2670 ήλίου
515 2599 888 2672 πλησιὼτερον
948 2600 1126 2672 ήμῶν.
1172 2601 1496 2670 ’Υπερέχειν
1541 2600 1598 2653 δὲ
1647 2600 1738 2652 τὸν
1765 2599 1917 2669 ἥλιον

337 2694 552 2764 μεγέθει
587 2693 686 2765 τὴν
730 2693 1160 2762 Πελοπόννησον.
1190 2693 1264 2744 Τὸ
1293 2693 1349 2744 δὲ
1401 2692 1518 2760 φῶς
1550 2692 1649 2761 τὴν
1685 2691 1918 2761 σελήνην

337 2785 428 2858 μὴ,
471 2787 602 2842 ἴδιον
651 2787 820 2858 ἔχειν,
881 2785 998 2840 ἀλλ’
1025 2786 1133 2839 ἀπὸ
1184 2784 1280 2839 τοῦ
1335 2783 1512 2855 ήλίου,
1564 2783 1675 2853 Τὴν
1715 2784 1772 2836 δὲ
1807 2785 1916 2837 τῶν

331 2879 549 2949 ἄστρων
592 2877 896 2950 περιφορὰν
948 2877 1053 2931 ὑπὸ
1081 2876 1186 2946 γῆν
1213 2876 1483 2944 γίνεσθαι,
1519 2875 1828 2929 Ἐκλείπειν
1860 2873 1918 2927 δὲ

331 2969 430 3039 τὴν
457 2969 686 3041 σελήνην
709 2969 812 3040 γῆς
846 2968 1339 3039 ἀντιφραττούσης,
1393 2967 1564 3021 ἐνίοτε
1595 2967 1652 3020 δὲ
1679 2967 1772 3019 καὶ
1811 2965 1919 3019 τῶν

333 3061 592 3116 ὑποκάτω
611 3064 711 3131 τῆς
762 3060 1013 3132 σελήνης,
1037 3060 1128 3113 τὸν
1155 3059 1211 3113 δὲ
1265 3059 1416 3129 ἥλιον
1447 3062 1566 3122 ταῖς
1596 3058 1918 3129 νουμηνίαις

334 3149 565 3219 σελήνης
605 3149 1095 3219 ἀντιφραττούσης.
1135 3147 1356 3218 Τροπας
1401 3146 1459 3200 δὲ
1505 3146 1775 3200 ποιεῖσθαι
1825 3147 1920 3200 καὶ

332 3237 481 3306 ’ήλιον
535 3237 632 3291 καὶ
689 3237 920 3308 σελήνην
974 3234 1401 3306 ἀπωθουμένους
1426 3235 1530 3288 ὑπὸ
1579 3235 1673 3288 τοῦ
1725 3233 1913 3306 ἀέρος.

331 3297 570 3401 έελήνην
591 3328 648 3382 δὲ
683 3297 943 3391 πολλάκις
976 3297 1278 3398 τρέπεσθαι
1315 3297 1404 3379 διά
1436 3326 1496 3379 τὸ
1541 3327 1616 3397 μὴ
1647 3297 1913 3379 δύνασθαι
1945 3297 1986 3354 ε

331 3423 555 3494 κρατεῖν
580 3419 674 3473 τοῦ
705 3417 937 3490 ψυχροῦ.
970 3413 1138 3482 Οὗτος
1163 3417 1411 3488 ἀφώρισε
1443 3418 1660 3488 πρῶτος
1686 3418 1755 3471 τὰ
1786 3421 1916 3488 περὶ

330 3513 429 3576 τάς
471 3512 745 3582 ἐκλείψεις
780 3511 878 3566 καὶ
912 3509 1248 3581 φωτισμοὺς.
1281 3510 1427 3578 Ἔφη
1459 3509 1515 3562 δὲ
1539 3510 1739 3579 γηῖνην
1771 3505 1914 3562 εἶναι

330 3605 428 3675 τὴν
462 3603 693 3675 σελήνην
727 3602 873 3672 ἔχειν
903 3618 961 3655 τε
1010 3603 1069 3654 ἐν
1099 3601 1238 3671 αὑτῇ
1283 3599 1444 3652 πεδία
1473 3600 1570 3653 καὶ
1594 3599 1910 3670 φάραγγας.

331 3695 436 3748 Τὸν
474 3695 532 3749 δὲ
561 3697 606 3728 ⁵³
639 3693 902 3763 γαλαξίαν
938 3692 1238 3748 ἀνάκλασιν
1283 3687 1424 3746 εἶναι
1464 3690 1560 3744 τοῦ
1600 3691 1779 3761 φωτὸς
1806 3691 1916 3744 τῶν

332 3787 548 3858 ἄστρων
576 3785 684 3839 τῶν
710 3785 786 3856 μὴ
816 3782 1387 3854 καταλαμϐανομένων
1419 3782 1466 3814 ⁸⁸
1487 3782 1593 3836 ὑπὸ
1620 3781 1716 3834 τοῦ
1738 3781 1913 3852 ήλίου.

331 3877 470 3940 Τοὺς
518 3877 575 3930 δὲ
647 3876 1073 3947 μεταϐαίνοντας
1126 3874 1366 3945 ἀστέρας
1428 3873 1561 3926 ὡσεὶ
1611 3874 1915 3946 σπινθῆρας

331 3971 742 4042 ἀφαλλομένους
775 3968 1022 4038 γίνεσθαι
1051 3969 1116 4020 ὲκ
1155 3967 1253 4037 τῆς
1289 3965 1559 4036 κινήσεως
1587 3965 1683 4018 τοῦ
1717 3965 1906 4021 πόλου.

346 4063 604 4134 Ἀνέμους
635 4062 693 4116 δὲ
735 4060 981 4131 γίνεσθαι
1039 4059 1443 4128 λεπτυνομένου
1479 4057 1574 4111 τοῦ
1616 4057 1777 4130 ἀέρος
1809 4057 1916 4111 ὑπὸ

329 4154 424 4208 τοῦ
477 4155 629 4226 ήλίου
681 4154 774 4206 καὶ
831 4153 938 4206 τῶν
992 4151 1366 4221 ὲκκαιομένων
1426 4149 1562 4220 πρὸς
1610 4150 1702 4204 τὸν
1752 4149 1915 4204 πόλον

333 4244 761 4316 ὑποχωρούντων
801 4244 895 4298 καὶ
925 4242 1375 4314 ἀποφερομένων.
1413 4241 1652 4312 Βροντάς
1674 4241 1731 4295 δὲ
1754 4241 1800 4273 ⁸⁵
1823 4243 1917 4296 καὶ

333 4335 623 4406 ἀστραπὰς
658 4333 764 4387 ἀπὸ
796 4333 1002 4405 θερμοῦ
1062 4332 1308 4403 γίνεσθαι
1340 4333 1707 4403 ἐμπίπτοντος
1737 4335 1817 4397 είς
1847 4333 1918 4387 τά

332 4427 494 4497 νέφη.
526 4427 794 4497 Σεισμοὺς
851 4425 908 4479 δὲ
945 4424 1192 4494 γίνεσθαι
1241 4423 1336 4478 τοῦ
1391 4423 1596 4479 ἄνωθεν
1626 4423 1789 4495 ἀέρος
1836 4426 1916 4489 είς

328 4517 420 4571 τὸν
448 4518 553 4572 ὑπὸ
582 4519 684 4588 γῆν
711 4518 1074 4588 ἐμπίπτοντος
1098 4517 1163 4550 ⁸⁸⁸
1213 4517 1406 4570 τούτου
1436 4516 1544 4587 γὰρ
1595 4516 1914 4587 κινουμένου

331 4610 426 4664 καὶ
453 4608 550 4682 τὴν
595 4609 896 4680 ὀχουμένην
926 4609 1028 4677 γῆν
1063 4607 1154 4661 ὑπ’
1182 4605 1348 4661 αὑτοῦ
1398 4605 1745 4660 σαλεύεσθαι.
1789 4607 1912 4660 Ζῶα

327 4701 386 4754 δὲ
415 4701 516 4772 τὴν
546 4702 644 4770 μὲν
667 4701 841 4771 ἀρχὴν
871 4702 928 4754 ὲν
984 4698 1138 4770 ὑγρῷ
1177 4697 1432 4767 γενέσθαι
1459 4697 1526 4763 ⁸⁷,
1573 4699 1712 4768 μετά
1737 4698 1913 4753 ταῦτα

328 4791 386 4846 δὲ
410 4793 469 4858 ἐξ
500 4793 768 4865 ἀλλήλων,
806 4793 900 4846 καὶ
923 4793 1158 4864 ἄρρενας
1217 4793 1316 4860 μὲν
1352 4791 1622 4860 γίνεσθαι,
1651 4794 1776 4845 ὅταν
1805 4793 1914 4848 ἀπὸ

327 4885 438 4938 τῶν
467 4885 655 4950 δεξιῶν
683 4885 868 4957 μερῶν
908 4883 1206 4955 ἀποκριθὲν
1227 4882 1288 4934 τὸ
1327 4883 1548 4952 σπέρμα
1583 4885 1696 4945 τοῖς
1717 4865 1913 4950 δεξιοῖς

2016 2064 2316 2108 cumrotata
2340 2054 2492 2108 nobis
2516 2069 2619 2107 non
2652 2064 2941 2122 conspecta
2968 2068 2983 2118 ;
3016 2052 3251 2106 calorem
3284 2060 3462 2104 autem
3493 2066 3601 2104 non

2017 2147 2209 2203 sentiri
2241 2147 2542 2212 stellarum,
2578 2146 2833 2215 quoniam
2868 2147 3079 2215 longius
3118 2145 3318 2200 distent
3365 2160 3394 2196 a
3422 2152 3596 2207 terra:

2016 2246 2282 2308 praeterea
2313 2252 2442 2291 vero
2471 2252 2576 2290 non
2613 2252 2802 2303 parem
2825 2235 2922 2289 soli
2953 2230 3188 2288 calorem
3218 2234 3444 2298 habere,
3471 2233 3600 2300 quia

2018 2328 2194 2383 locum
2219 2329 2503 2382 obtineant
2533 2328 2891 2398 frigidiorem.
2924 2327 3053 2381 Esse
3083 2336 3263 2380 autem
3305 2325 3486 2379 lunam
3513 2325 3599 2378 in-

2017 2418 2272 2474 feriorem
2326 2421 2440 2474 sole
2496 2420 2802 2489 propiorem
2862 2418 3035 2472 nobis.
3095 2416 3366 2486 Superare
3417 2426 3599 2469 autem

2021 2511 2391 2580 magnitudine
2438 2510 2606 2565 solem
2661 2509 3114 2578 Peloponnesum.
3155 2509 3361 2561 Lumen
3419 2517 3599 2560 autem

2021 2619 2125 2658 non
2179 2603 2379 2658 habere
2427 2620 2582 2658 sumn
2627 2605 2832 2670 lunam,
2877 2607 2970 2659 sed
3021 2619 3048 2656 a
3112 2604 3247 2658 sole.
3308 2602 3602 2656 Stellarum

2021 2707 2204 2750 autem
2238 2697 2650 2751 c0nversionem
2685 2698 2785 2750 sub
2814 2709 3016 2750 terram
3056 2697 3192 2750 fieri.
3232 2695 3473 2749 Deﬁcere
3502 2709 3603 2745 au-

2023 2799 2130 2843 tem
2161 2788 2343 2842 Iuliam
2379 2798 2522 2842 terra
2562 2786 2855 2850 oliiciente,
2895 2787 3166 2841 interdum
3221 2795 3400 2839 autem
3434 2783 3602 2836 etiam

2022 2883 2088 2937 iis
2119 2896 2238 2951 qua:
2267 2890 2392 2935 sunt
2425 2881 2563 2935 infra
2599 2879 2816 2944 lunam,
2869 2879 3034 2935 solem
3073 2890 3252 2933 autem
3306 2874 3602 2931 noviluniis

2022 2967 2146 3022 luna
2181 2968 2474 3025 olliciente.
2503 2968 2810 3023 Clinamina
2841 2978 3023 3024 autem
3053 2965 3234 3022 facere
3268 2974 3322 3021 et
3351 2963 3518 3018 solem
3546 2973 3604 3018 et

2023 3060 2230 3126 lunam,
2263 3061 2477 3128 repulsa
2519 3060 2589 3114 ab
2620 3074 2782 3128 aere;
2831 3061 3014 3115 lunam
3048 3069 3226 3113 autem
3253 3072 3395 3125 saepe
3421 3055 3603 3110 decli-

2023 3167 2155 3206 nare
2207 3161 2490 3223 propterea
2542 3150 2685 3221 qnod
2747 3161 2978 3222 nequeat
3033 3163 3291 3218 superare
3324 3148 3602 3217 frigidum.

2028 3242 2126 3296 llic
2160 3240 2406 3295 deﬁnivit
2440 3241 2648 3309 primus
2681 3240 2979 3293 doctrinam
3013 3235 3378 3291 defectiomnn
3401 3243 3455 3288 et
3483 3233 3604 3287 illu-

2022 3333 2400 3387 minationutn.
2473 3331 2617 3385 Dixit
2667 3339 2846 3386 autem
2907 3339 3178 3384 terrenam
3241 3341 3362 3382 esse
3417 3326 3600 3380 lunam

2019 3425 2330 3494 lialiereque
2361 3424 2412 3478 in
2451 3438 2511 3479 se
2543 3437 2764 3493 campos
2799 3431 2852 3477 et
2884 3415 3076 3476 saltus.
3108 3419 3382 3476 Circulum
3417 3429 3598 3473 autem

2017 3515 2249 3572 lacteum
2292 3516 2758 3584 repercussioncm
2804 3527 2925 3568 esse
2972 3513 3110 3568 lucis
3173 3512 3449 3568 stellarum
3495 3525 3600 3565 non

2017 3614 2391 3676 superaturum
2420 3620 2448 3658 a
2482 3606 2630 3673 sole;
2665 3605 3034 3659 discurrentes
3064 3611 3240 3657 autem
3269 3601 3452 3656 stellas
3477 3610 3604 3656 tan-s

2017 3712 2178 3767 quam
2211 3697 2476 3752 scintillas
2511 3696 2838 3752 resultantes
2864 3696 2996 3751 oriri
3021 3710 3086 3750 ex
3114 3704 3260 3749 motu
3294 3693 3422 3765 poli.
3452 3692 3601 3748 Ven-

2019 3801 2102 3844 tos
2124 3797 2304 3842 autem
2338 3787 2657 3853 nasci,.cum
2675 3795 3004 3842 extenuetur
3027 3801 3123 3840 aer
3145 3801 3174 3840 a
3202 3786 3314 3840 sole
3339 3793 3394 3839 et
3419 3795 3603 3854 partes

2017 3887 2222 3935 exusta:
2256 3879 2322 3932 ad
2357 3879 2542 3946 polum
2586 3879 2819 3934 subeant
2865 3889 2919 3934 et
2952 3879 3287 3934 deferantur.
3336 3876 3600 3932 Tonitrua

2017 3980 2198 4024 autem
2220 3977 2269 4023 et
2297 3967 2508 4037 [ulgura
2536 3982 2565 4021 a
2589 3967 2764 4021 calido
2789 3967 2904 4022 ﬁeri
2929 3969 3072 4036 quod
3097 3968 3301 4022 incidat
3328 3968 3379 4020 in
3406 3969 3596 4022 nubes.

2018 4059 2196 4115 Motus
2224 4070 2406 4114 autem
2442 4067 2601 4113 terrae
2646 4057 2761 4112 lieri
2809 4074 2930 4112 cum
2983 4059 3230 4126 superior
3259 4073 3352 4112 aer
3398 4057 3599 4112 incidat

2020 4152 2071 4206 in
2102 4151 2559 4215 subterraneum;
2599 4149 2700 4203 hoc
2734 4151 2879 4203 enim
2929 4159 3075 4203 moto
3104 4150 3268 4202 etiam
3307 4162 3516 4203 reetam
3549 4150 3600 4202 in

2018 4257 2084 4297 eo
2118 4252 2319 4295 terram
2359 4243 2427 4296 ab
2454 4257 2520 4296 eo
2550 4246 2788 4296 concuti.
2825 4241 3098 4296 Animalia
3131 4251 3310 4295 autem
3358 4241 3512 4295 initio
3548 4242 3602 4293 in

2021 4335 2246 4390 humido
2277 4344 2400 4389 nata
2427 4349 2566 4398 esse,
2598 4345 2716 4402 post
2748 4334 2835 4387 illa
2865 4344 3043 4390 autem
3075 4351 3140 4389 ex
3175 4349 3234 4388 se
3263 4333 3604 4402 invicein,let

2022 4425 2321 4480 masculina
2353 4427 2572 4497 quidem
2603 4427 2718 4482 lieri
2761 4442 2881 4482 cum
2913 4442 2944 4481 a
2986 4427 3191 4482 dextris
3234 4427 3478 4496 partibus
3514 4441 3603 4481 δε·-

2021 4532 2232 4574 cretum
2285 4534 2468 4575 setnen
2516 4519 2726 4575 dextris
2775 4521 3020 4588 partibus
3063 4521 3201 4575 uteri
3242 4519 3600 4596 adluereSCat,

2022 4609 2282 4666 feminina
2317 4621 2497 4666 autem
2549 4626 2646 4680 per
2686 4613 3046 4668 contrarimn.
3102 4610 3202 4666 llic
3247 4609 3426 4669 ﬂoruit
3460 4627 3602 4666 anno

2025 4703 2203 4773 primo
2230 4703 2576 4773 octogesima:
2608 4713 2814 4758 octavae
2842 4701 3200 4770 Olympiadis,
3228 4717 3334 4774 quo
3363 4685 3605 4767 tempore

2022 4805 2077 4849 et
2107 4792 2388 4849 Platonem
2421 4795 2613 4850 dicunt
2656 4804 2843 4850 natum
2887 4809 3032 4852 esse.
3079 4793 3234 4850 Hunc
3267 4794 3415 4850 aiunt
3439 4793 3603 4848 etiam

2023 4901 2202 4940 rerum
2237 4887 2538 4941 futurarum
2576 4903 2874 4959 praesagum
2907 4888 3092 4942 fuisse.

332 4974 526 5047 μέρεσι
559 4978 660 5040 τῆς
699 4976 912 5046 μήτρας
945 4973 1203 5044 κολληθῇ,
1244 4972 1308 5026 τὰ
1338 4973 1396 5025 δὲ
1422 4972 1588 5043 θήλεα
1642 4973 1786 5027 κατά
1849 4975 2180 5032 τούναντίον.
2220 4972 2387 5043 Οὗτος
2426 4979 2679 5051 ήκμασεν
2729 4979 2885 5061 ἔτους
2922 4981 3137 5052 πρώτου
3201 4979 3302 5048 τῆς
3338 4979 3602 5048 ὀγδοηκο-

333 5069 464 5137 στῆς
525 5067 718 5136 ὀγδόης
784 5065 1168 5136 Ὀλυμπιάδος,
1207 5064 1328 5118 καθ’
1359 5064 1417 5118 ὃν
1452 5066 1641 5138 καιρὸν
1682 5068 1778 5122 καὶ
1845 5069 2106 5126 Πλάτωνα
2173 5069 2391 5140 λέγουσι
2439 5071 2791 5144 γεγενῆσθαι.
2834 5071 3034 5156 Τοῦτον
3095 5072 3316 5142 λέγουσι
3353 5073 3446 5126 καὶ
3468 5088 3602 5144 προσ

333 5177 448 5228 γνω
457 5159 638 5213 στικὸν
678 5160 985 5228 γεγονέναι.

400 5284 456 5339 9.
489 5280 570 5355 [ρ.
608 5283 694 5338 15.
731 5282 820 5356 16]
865 5284 1157 5356 Ἀρχέλαος
1195 5287 1253 5340 τὸ
1281 5287 1378 5358 μὲν
1401 5287 1556 5356 γένος
1598 5287 1900 5356 Ἀθηναῖος,

2082 5291 2333 5365 24-25
2357 5288 2842 5358 Archelausstirpe
2869 5284 3218 5342 Atheniensis
3246 5284 3392 5342 (llius
3419 5294 3599 5340 autem

1657 5450 1895 5507 VARUS
1938 5452 2354 5510 LECTIONES.

390 5559 436 5630 ’ξ
470 5557 744 5630 ῐὶοσιιδοιίις
771 5577 824 5626 p.
857 5561 981 5616 ΜΟ.
1019 5562 1071 5613 ll
1099 5561 1311 5616 collatis
1345 5563 1568 5616 aliorum
1602 5564 1930 5630 scriptorum
1973 5563 2298 5618 testimoniis
2333 5563 2586 5618 lacunosa
2618 5562 2779 5616 verba
2812 5563 2884 5614 ita
2917 5560 3092 5614 reficit
3123 5576 3136 5614 :
3173 5557 3604 5630 ἐξατμισθέντων

332 5629 438 5702 ὑπὸ
473 5629 558 5682 τοῦ
589 5630 737 5702 ἡλίου
763 5633 988 5702 ἐκείνων
1017 5631 1352 5702 ὑποστάντα.
1425 5634 1467 5665 ³⁷
1492 5633 1697 5685 ὑδάτων
1721 5628 2005 5702 Roeperus
2032 5650 2047 5686 :
2081 5633 2258 5686 αὑτῶν
2292 5635 2467 5702 vulgo.
2546 5633 2589 5663 ³⁸
2602 5631 2881 5702 ἀντοίκοις
2911 5630 3190 5702 “Oﬁlel'll—S
3221 5649 3275 5700 p.
3302 5628 3560 5702 6ll._Gl:’.
3588 5650 3598 5684 :

329 5699 553 5774 ἀρκτοῖς
579 5699 750 5774 vulgo.
786 5772 793 5774 _
831 5702 874 5732 ³⁸
906 5701 1027 5774 τῆς.
1052 5702 1149 5769 τῆς
1181 5701 1280 5774 τοὺ
1304 5702 1553 5774 Brandis.
1630 5704 1675 5733 ’⁵ο
1712 5699 1862 5774 ἡλίου
1895 5704 1988 5756 καὶ
2018 5705 2248 5774 σελήνης
2273 5705 2355 5756 vel
2386 5699 2488 5774 καὶ
2522 5701 2672 5774 ἡλίου
2720 5719 2773 5756 κ.
2810 5717 2858 5754 σ.
2892 5699 3111 5774 coniicit
3145 5699 3360 5754 Hilarus.
3438 5699 3482 5731 “
3513 5700 3607 5752 καὶ

470 5557 505 5569 η

331 5768 562 5840 σώματα
599 5770 878 5828 Brandis:
924 5768 1150 5839 σώματα
1197 5772 1385 5834 vulgo;
1420 5773 1519 5823 alia
1578 5768 1748 5826 tentat
1805 5772 2102 5840 Roeperus.

330 5839 505 5892 Aliter
543 5838 820 5908 Roeperus
864 5857 916 5906 ιι.
957 5838 1081 5895 θιι.

331 5908 657 5964 Gronovius.
738 5911 782 5941 "
825 5910 878 5962 δὲ
918 5911 1192 5980 lluepcrns
1229 5929 1240 5964 :

2177 5776 2221 5803 "
2260 5774 2353 5826 md.
2382 5771 2471 5825 διὰ
2523 5770 2747 5826 delenda
2779 5787 2898 5826 esse
2928 5770 3214 5840 tautologia
3250 5772 3604 5826 demonstrat.

1159 5841 1202 5872 δ’
1248 5841 1350 5892 Τὸν
1399 5840 1790 5913 δξλιιορρετιιεε
1826 5843 1930 5913 Τόν
1957 5860 2015 5895 τε
2057 5843 2238 5913 vulgo.
2283 5869 2285 5872 ι
2317 5843 2361 5875 ⁸⁸
2393 5841 2961 5913 καταλαμϐανομένων
3000 5870 3069 5879 -—
3099 5840 3608 5913 καταλαμπομένων

1286 5928 1342 5963 τε
1389 5911 1562 5979 vulgo.
1603 5889 1615 5908 '
1644 5911 1686 5940 ’⁵⁸
1718 5912 2084 5980 ἐμπίπτοντος
2115 5889 2434 5969 δῖιιτιιὼιιοιι
2461 5929 2470 5964 :
2509 5889 2871 5976 ὲκπῗπτονξος
2899 5913 3076 5982 vulgo;
3155 5912 3195 5943 ⁸⁷
3221 5889 3510 5982 γεννᾶσθαι
3541 5908 3602 5961 Β.
