4080 6434
350 433 489 500 3037
1485 437 1785 500 CONTRA.
1823 435 2191 498 HzERESES
2231 438 2373 498 LIB.
2407 440 2454 498 Ι.
3488 439 3630 504 3033

351 549 515 604 τόπον
559 549 616 602 ἒν
665 551 866 622 ἑαυτῷ,
902 557 996 606 καὶ
1025 555 1284 627 ἀκίνητον
1338 557 1434 614 καὶ
1491 561 1930 632 πεπερασμένον.

2044 557 2215 616 forane
2243 570 2296 616 ct
2325 560 2612 631 mquabi‘le,
2643 573 2749 615 non
2782 566 2963 615 autem
3005 558 3211 616 habens
3245 560 3422 616 locum
3461 559 3513 615 in
3545 575 3627 629 se,

2041 663 2096 709 et
2124 654 2413 708 immotum
2441 662 2496 708 et
2528 653 2763 708 finitum.

430 743 512 797 12.
533 742 864 820 Λεύκιππος
891 743 950 798 δὲ
993 744 1240 815 Ζήνωνος
1278 747 1490 817 ἑταῖρος
1521 748 1581 801 οὐ
1624 747 1722 819 τὴν
1768 748 1939 820 αὐτὴν

2111 743 2421 814 Leucippus
2455 753 2634 798 autem
2668 740 2905 798 Zenonis
2939 741 3144 796 sodalis
3189 755 3293 796 non
3342 741 3394 795 in
3437 739 3627 796 eadem

355 835 514 901 δόξαν
528 819 885 907 ἷιετήρησεν,
921 835 1061 891 ἀλλά
1093 854 1261 908 φησιν
1302 837 1510 910 ἄπειρα
1544 835 1684 892 εἶναι
1729 839 1825 893 καὶ
1853 840 1941 893 ἀεὶ

2042 836 2313 892 sententia
2362 835 2768 906 perseveravit,
2816 833 2912 888 sed
2961 832 3096 888 dicit
3144 832 3356 886 infinita
3403 845 3526 887 esse
3567 839 3624 886 et

357 926 655 998 κινούμενα
671 929 766 982 καὶ
791 928 1009 998 γένεσιν
1029 931 1125 984 καὶ
1156 929 1460 1001 μεταϐολὴν
1488 929 1728 1001 συνεχῶς
1748 926 1806 986 οὗ
1816 947 1937 986 σαν.

2044 944 2260 1001 semper
2287 928 2564 984 moventia
2599 937 2655 982 et
2681 926 3095 997 generationem
3122 923 3633 980 commutationem-

357 1022 604 1093 Στοιχεῖα
628 1021 686 1075 δὲ
713 1021 862 1090 λέγει
897 1021 957 1076 τὸ
1007 1022 1212 1095 πλῆρες
1248 1023 1342 1077 καὶ
1371 1023 1431 1077 τὸ
1476 1023 1653 1078 κενόν.
1687 1025 1942 1095 Κόσμους

2044 1037 2150 1094 que
2195 1023 2533 1079 continuam.
2588 1019 2870 1076 Elementa
2912 1027 3094 1074 autem
3145 1016 3278 1073 dicit
3315 1015 3534 1084 plenum
3580 1024 3633 1070 ct

361 1115 420 1168 δὲ
445 1113 696 1183 γίνεσθαι
732 1115 778 1146 ⁶⁰
804 1113 956 1183 λέγει
986 1113 1162 1179 οὕτως
1182 1115 1225 1148 ⁸⁸
1247 1133 1259 1146 ·
1294 1116 1425 1169 ὅταν
1455 1117 1535 1180 είς
1555 1115 1698 1186 μέγα
1719 1114 1876 1170 κενδν
1898 1117 1943 1149 ⁸¹

2047 1115 2227 1172 inane.
2293 1115 2523 1171 Mundus
2579 1123 2758 1169 autem
2811 1112 2962 1168 nasci
3015 1111 3148 1166 dicit
3203 1110 3341 1165 sic:
3397 1124 3521 1164 cum
3576 1107 3632 1162 in

362 1208 426 1260 ὲκ
478 1205 572 1260 τοῦ
626 1205 980 1278 περιέχοντος
1032 1206 1296 1279 ἀθροισθῇ
1353 1207 1527 1261 πολλά
1564 1207 1796 1278 σώματα
1824 1195 1947 1261 ’καὶ

2048 1223 2301 1282 maguum
2344 1209 2507 1264 inane
2557 1222 2625 1263 ex
2669 1205 2972 1262 continenti
3023 1212 3425 1260 coacervantur
3467 1199 3635 1258 multa

363 1300 571 1371 συρρυῇ
595 1340 611 1365 ,
659 1298 1071 1370 προσκρούοντα
1128 1299 1380 1372 ἀλλήλοις
1421 1300 1830 1372 συμπλέκεσθαι
1879 1300 1949 1355 τὰ

2047 1315 2278 1370 corpora
2308 1308 2366 1355 et
2393 1298 2689 1363 confluant,
2725 1297 2990 1352 illidentia
3027 1295 3096 1350 ad
3129 1309 3190 1350 se
3220 1293 3456 1350 invicem
3485 1306 3639 1348 com-

359 1389 623 1461 ὀμοιοσχή
633 1407 770 1460 μονα
802 1390 898 1443 καὶ
923 1390 1289 1462 παραπλήσια
1321 1391 1422 1456 τὰς
1457 1390 1696 1465 μορφὰς,
1725 1393 1823 1446 καὶ
1847 1408 1948 1446 πε-

2049 1392 2242 1466 plicari
2279 1407 2400 1462 quae
2443 1393 2555 1447 sint
2583 1390 2746 1446 simili
2799 1388 2981 1460 specie
3025 1396 3079 1444 et
3115 1386 3307 1443 formis
3335 1385 3635 1454 comparia.

367 1479 762 1552 ριπλεχθέντων
804 1480 850 1512 ⁸³
883 1481 963 1544 είς
999 1481 1166 1551 ἔτερα
1202 1481 1471 1550 γίνεσθαι,
1514 1480 1699 1546 αὔξειν
1750 1482 1807 1535 δὲ
1853 1481 1948 1537 καὶ

2049 1498 2172 1554 quae
2211 1493 2393 1537 autem
2435 1497 2544 1538 non
2576 1481 2974 1551 complicentur
3003 1477 3265 1533 aliorsum
3305 1476 3455 1532 ferri.
3483 1475 3640 1530 Mun-

363 1573 572 1644 φθίνειν
602 1573 692 1628 διά
715 1590 836 1628 τινα
865 1573 910 1606 ⁸⁸
935 1573 1204 1646 ἀνάγκην.
1233 1575 1331 1640 Τὶς
1362 1574 1407 1628 δ’
1432 1574 1498 1630 ἂν
1523 1573 1612 1647 εἴη
1644 1576 1677 1647 ὴ
1705 1575 1947 1646 ἀνάγκη,

2051 1577 2150 1633 dos
2176 1583 2358 1630 autem
2389 1586 2684 1644 augescere
2721 1581 2779 1626 et
2803 1569 2990 1641 perire
3015 1568 3314 1625 secundum
3343 1565 3637 1637 quamdam

365 1669 426 1722 οὒ
449 1665 721 1739 διώρισεν.

2053 1667 2471 1733 necessitatem;
2521 1677 2779 1736 quaenam
2822 1671 3003 1717 autem
3061 1660 3132 1716 sit
3178 1659 3482 1716 necessitas
3529 1671 3637 1712 non

2053 1759 2324 1817 definivit.

446 1851 537 1906 15.
581 1851 924 1924 Δημόκριτος
953 1851 1012 1906 δὲ
1051 1853 1369 1907 Λευκίππου
1411 1853 1619 1922 γίνεται
1651 1852 1948 1925 γνώριμος.
1985 1911 2024 1925 ἢ

2126 1850 2471 1910 Democritus
2517 1857 2698 1904 autem
2753 1846 3014 1917 Leucippi
3063 1844 3276 1901 exstitit
3334 1842 3637 1898 familiaris.

368 1911 710 2016 Δημόκριτος
769 1911 1158 2016 λαμασίππου,
1230 1911 1553 2018 Ἀϐδηρίτης
1609 1911 1679 2010 ⁸³,
1733 1911 1949 2011 πολλοίς

2057 1947 2401 2005 Democritus
2448 1943 2780 2014 Damasippi,
2830 1911 3116 2005 Abderita,
3145 1954 3267 1995 cum
3312 1936 3492 1992 multis
3516 1949 3636 1990 ver-

373 2029 670 2104 συμϐαλὼν
703 2036 1172 2104 γυμνοσοφισταῖς
1227 2036 1286 2088 ὲν
1328 2034 1530 2101 Ἰνδοῖς,
1582 2035 1678 2090 καὶ
1712 2036 1950 2106 ἱερεῦσιν

2031 2038 2212 2100 satus
2252 2038 2718 2112 gymnosOpbistis
2766 2036 2818 2091 in
2861 2033 3008 2089 Indis
3057 2044 3114 2088 et
3165 2029 3544 2087 sacerdotibus
3587 2027 3640 2082 in

367 2125 424 2177 ὲν
453 2124 738 2196 Αίγύπτῳ,
781 2126 878 2180 καὶ
908 2125 1261 2198 ἀστρολόγοις
1290 2127 1384 2182 καὶ
1431 2128 1490 2182 ὲν
1528 2128 1808 2182 Βαϐυλῶνι
1848 2127 1950 2200 μά-

2058 2134 2295 2206 Egypto
2332 2142 2387 2188 et
2412 2129 2699 2199 astrologis
2729 2137 2784 2185 et
2817 2126 3098 2197 Babylone
3128 2123 3324 2194 magis.
3370 2121 3513 2178 Dicit
3547 2135 3646 2175 au-

367 2229 507 2282 γοις.
562 2215 726 2283 Λέγει
777 2215 835 2268 δὲ
875 2215 1077 2287 ὁμοίως
1127 2217 1431 2290 Λευκίππῳ
1480 2219 1610 2290 περὶ
1644 2220 1949 2291 στοιχείων,

2061 2240 2166 2285 tem
2203 2225 2560 2283 consimiliter
2605 2222 2881 2292 Leucippo
2926 2221 2994 2276 de
3036 2217 3342 2283 elementis,
3398 2214 3558 2284 pleno
3588 2221 3645 2268 et

367 2305 608 2377 πλήρους
637 2308 728 2360 καὶ
765 2306 945 2368 κενοῦ,
972 2309 1035 2362 τὸ
1073 2307 1175 2378 μὲν
1216 2310 1422 2380 πλῆρες
1453 2310 1628 2380 λέγων
1656 2310 1751 2375 ὃν,
1789 2311 1851 2365 τὸ
1894 2312 1952 2366 δὲ

2061 2317 2230 2382 inani,
2263 2315 2316 2372 id
2339 2316 2482 2388 quod
2504 2314 2722 2386 plenum
2749 2320 2836 2368 est
2867 2309 3146 2382 appellans
3177 2308 3455 2371 exsistam,
3485 2305 3645 2361 inane

369 2395 547 2460 κενὸν,
576 2398 689 2451 οὐκ
724 2397 796 2450 ὄν
819 2414 834 2430 ο
869 2398 1024 2467 ἔλεγε
1059 2400 1115 2453 δὲ
1146 2400 1221 2464 ὡς
1248 2400 1338 2454 ἀεὶ
1367 2401 1703 2473 κινουμένων
1727 2403 1837 2458 τῶν
1865 2404 1951 2458 δνο

2060 2419 2242 2465 autem
2274 2425 2378 2464 non
2411 2408 2700 2472 exsistens;
2735 2405 2950 2460 diccbat
2983 2411 3188 2466 autem,
3220 2399 3476 2469 quoniam
3527 2413 3645 2451 mo-

366 2503 476 2542 των
504 2491 564 2543 έν
578 2489 656 2560 τῷ
684 2489 830 2560 κενῷ
849 2507 861 2519 ·
879 2491 1144 2562 ἀπείρους
1171 2493 1229 2546 δὲ
1253 2487 1395 2546 εἶναι
1428 2493 1438 2562 Ι
1471 2493 1711 2565 κόσμους
1737 2495 1834 2550 καὶ
1857 2513 1955 2567 με-

2062 2509 2291 2555 reantur
2311 2511 2527 2567 semper
2555 2510 2642 2562 ea,
2678 2509 2797 2566 qua:
2828 2501 3064 2558 exstent,
3114 2491 3168 2546 in
3197 2489 3364 2545 inani.
3399 2487 3646 2543 lnfinitos

368 2579 524 2647 γέθει
566 2580 947 2652 διαφέροντας,
991 2583 1050 2636 έν
1096 2601 1206 2637 τισι
1229 2584 1287 2638 δὲ
1317 2585 1392 2656 μὴ
1424 2580 1565 2639 εἶναι
1606 2586 1758 2658 ἣλιον
1817 2588 1954 2659 μηδὲ

2062 2599 2245 2646 autem
2278 2603 2401 2646 esse
2430 2588 2661 2644 mundos
2707 2595 2764 2641 et
2798 2583 3172 2657 magnitudine
3208 2581 3544 2646 differentes,
3592 2580 3644 2634 in

371 2669 629 2742 σελήνην,
663 2670 721 2724 ἓν
750 2688 862 2725 τισι
887 2671 945 2725 δὲ
967 2673 1141 2744 μείζω
1163 2673 1272 2728 τῶν
1301 2677 1433 2747 παρ’
1459 2678 1613 2748 ἡμῖν,
1649 2679 1743 2730 καὶ
1765 2677 1826 2732 έν
1844 2696 1954 2733 τισι

2063 2680 2390 2752 quibusdam
2419 2689 2600 2736 autem
2633 2693 2740 2734 non
2770 2692 2892 2734 esse
2927 2676 3098 2733 solem
3133 2687 3309 2745 neque
3349 2673 3556 2736 lunam,
3591 2671 3644 2726 in

370 2762 564 2817 πλείω.
598 2759 756 2817 Εἶναι
784 2763 843 2817 δὲ
880 2764 990 2819 τῶν
1018 2766 1242 2838 κόσμων
1275 2768 1440 2824 ἄνισα
1477 2770 1549 2825 τά
1584 2771 1951 2843 διαστήματα,

2063 2775 2390 2846 quibusdam
2422 2782 2604 2829 autem
2633 2769 2870 2840 majores
2906 2768 3132 2832 nostris,
3157 2774 3213 2821 et
3237 2765 3290 2820 in
3323 2765 3646 2835 quibusdam

370 2854 470 2909 καὶ
499 2858 566 2926 τῇ
598 2855 701 2926 μὲν
739 2855 986 2922 πλείους,
1019 2859 1088 2930 τῇ
1132 2859 1189 2912 δὲ
1238 2859 1516 2928 ἐλάττους,
1548 2862 1644 2917 καὶ
1686 2864 1815 2927 τοὺς
1855 2862 1957 2934 μὲν

2067 2867 2273 2935 plures.
2302 2865 2436 2920 Esse
2462 2872 2644 2919 autem
2669 2862 2998 2919 mundorum
3026 2857 3318 2928 inmquales
3337 2856 3647 2918 distantias.

370 2943 651 3014 αὔξεσθαι.
682 2946 812 3010 τοὺς
839 2947 898 3001 δὲ
929 2947 1227 3019 ἀκμάζειν,
1261 2951 1388 3014 τοὺς
1408 2951 1467 3004 δὲ
1501 2951 1733 3022 φθίνειν,
1764 2953 1860 3007 καὶ
1888 2955 1955 3024 τῇ

2064 2967 2120 3013 et
2157 2954 2355 3011 alicubi
2385 2954 2605 3025 quidem
2641 2965 2762 3009 esse
2791 2950 2977 3023 plures
3022 2949 3276 3012 mundos,
3315 2944 3512 3000 alicubi
3549 2959 3649 2999 aut

375 3034 474 3105 μὲν
502 3034 778 3104 γίνεσθαι,
809 3038 877 3108 τῇ
907 3037 965 3090 δὲ
992 3038 1201 3094 λείπειν
1225 3042 1290 3094 ⁸⁸.
1325 3042 1651 3114 Φθείρεσθαι
1677 3044 1734 3099 δὲ
1759 3045 1958 3111 αὐτοὺς

2067 3059 2176 3104 tem
2210 3048 2519 3119 pauciores,
2558 3054 2612 3101 et
2651 3043 2789 3099 alios
2819 3041 3040 3112 quidem
3087 3050 3358 3102 crescere,
3399 3035 3535 3091 alios
3565 3034 3647 3090 vi-

372 3124 466 3178 ὑπ’
489 3124 736 3198 ἀλλήλων
757 3128 1226 3200 προσπίπτοντας.
1253 3127 1405 3186 Εἶναι
1421 3131 1478 3186 δὲ
1522 3133 1698 3198 ἐνίους
1720 3135 1959 3207 κόσμους

2065 3155 2213 3211 gere,
2228 3141 2364 3196 alios
2377 3139 2613 3209 denique
2628 3137 2830 3208 perire,
2850 3143 2905 3190 et
2920 3131 3117 3188 alicubi
3137 3129 3427 3191 exsistere,
3448 3125 3647 3182 alicubi

373 3217 614 3328 ἐρήμους
647 3218 806 3328 ζώων
833 3219 930 3274 καὶ
968 3221 1155 3290 φυτῶν
1183 3225 1279 3278 καὶ
1315 3227 1516 3292 παντὸς
1541 3227 1733 3300 ὑγροῦ.
1760 3227 1870 3283 Τοῦ
1899 3230 1958 3286 δὲ

2065 3231 2548 3301 deiicere;perire
2595 3237 2776 3284 autem
2827 3241 2858 3280 a
2912 3238 2972 3281 se
3019 3223 3252 3280 invicem
3303 3220 3644 3276 collidentes.

376 3309 507 3380 παρ’
529 3313 664 3382 ἡμίν
696 3312 908 3384 κόσμου
937 3313 1207 3387 πρότερον
1234 3315 1317 3390 [ρ.
1349 3317 1438 3372 18.
1469 3317 1560 3391 19]
1590 3318 1690 3393 τὴν
1719 3320 1824 3392 γῆν
1851 3321 1960 3377 τῶν

2063 3323 2198 3380 Esse
2241 3333 2420 3377 autem
2459 3319 2726 3392 quosdam
2769 3314 3004 3372 mundos
3048 3313 3214 3370 orbos
3243 3310 3564 3366 animalibus
3595 3321 3649 3365 et

377 3397 594 3472 ἄστρων
623 3403 903 3471 γενέσθαι,
949 3401 1093 3462 εἶναι
1121 3409 1180 3463 δὲ
1227 3408 1327 3482 τὴν
1360 3411 1460 3482 μὲν
1502 3413 1736 3484 σελήνην
1785 3416 1958 3483 κάτω,

2063 3415 2266 3487 plantis
2311 3423 2368 3469 et
2424 3412 2618 3483 quovis
2676 3409 2922 3465 herbido.
2987 3404 3174 3462 Nostri
3224 3413 3406 3459 autem
3462 3401 3647 3458 mundi

378 3491 572 3548 ἔπειτα
602 3494 696 3549 τὸν
724 3496 898 3568 ἣλιον,
927 3495 1044 3553 εῐτα
1072 3503 1200 3566 τοὺς
1233 3503 1499 3569 ἀπλανεῖς
1536 3507 1798 3577 ἀστέρας.
1822 3507 1964 3573 Τοὺς

2064 3507 2216 3579 prius
2277 3515 2477 3560 terram
2527 3499 2782 3574 28-29
2827 3508 3012 3554 natam
3058 3510 3180 3553 esse
3229 3509 3393 3566 quam
3438 3492 3644 3556 stellas.

377 3584 432 3638 δὲ
465 3584 746 3657 πλάνητας
779 3589 889 3641 οὐδ’
922 3590 1121 3656 αὐτοὺς
1145 3592 1292 3664 ἔχειν
1329 3597 1445 3649 ἴσον
1475 3595 1628 3665 ὕψος.
1669 3597 1964 3668 Ἀκμάζειν

2064 3612 2186 3655 esse
2233 3605 2415 3652 autem
2465 3594 2648 3649 lunam
2699 3591 2862 3655 infra,
2909 3588 3106 3645 deinde
3147 3587 3342 3655 solem,
3392 3585 3647 3655 deinceps

377 3675 434 3730 δὲ
459 3677 688 3749 κόσμον,
719 3677 824 3744 ἕως
863 3681 930 3737 ἂν
958 3685 1158 3755 μηκέτι
1197 3685 1425 3758 δύνηται
1467 3687 1668 3756 ἔξωθέν
1693 3709 1746 3744 τι
1790 3708 1963 3762 προσ-

2066 3689 2323 3744 immotas
2353 3685 2562 3742 stellas.
2613 3684 2880 3740 Errantes
2921 3689 3104 3737 autem
3153 3679 3338 3736 stellas
3371 3691 3470 3733 nec
3501 3677 3648 3748 ipsas

378 3767 704 3839 λαμϐάνειν.
738 3763 909 3838 Οὗτος
957 3775 1124 3844 ἐγέλα
1152 3777 1352 3845 πάντα,
1390 3779 1468 3845 ὡς
1504 3781 1744 3850 γέλωτος
1795 3783 1964 3850 ἀξίων

2065 3776 2268 3832 habere
2308 3777 2572 3844 aequalem
2609 3774 2973 3829 altitudinem.
3013 3770 3216 3844 Vigere
3259 3779 3440 3824 autem
3489 3782 3643 3822 mun-

382 3861 604 3918 πάντων
635 3863 744 3918 τῶν
771 3866 830 3918 ὲν
853 3865 1183 3939 ἀνθρώποις.

2069 3867 2193 3921 dum
2225 3864 2398 3920 donec
2423 3865 2537 3935 jam
2577 3878 2686 3917 non
2738 3863 2911 3933 possit
2943 3861 3290 3918 extrinsecus
3330 3858 3536 3928 aliquid
3560 3874 3648 3911 as-

2065 3969 2302 4011 sumere.
2362 3953 2462 4009 llic
2507 3953 2719 4008 ridebat
2764 3951 2968 4018 omnia,
3009 3959 3269 4022 tanquam
3318 3949 3431 4005 risu
3479 3947 3654 4018 digna:

2067 4057 2252 4104 essent
2286 4061 2378 4103 res
2410 4048 2659 4102 humana:
2691 4058 2902 4098 omnes.

458 4146 542 4201 14.
571 4143 884 4220 Ξενοφάνης
911 4150 969 4204 δὲ
997 4151 1026 4204 ὁ
1056 4153 1398 4224 Κολοφώνιος
1438 4156 1798 4228 Ὀρθομένους
1826 4160 1961 4225 υἱός.

2138 4139 2500 4221 Xenophanes
2531 4144 2710 4191 autem
2766 4132 3136 4204 Colophonius
3183 4132 3536 4189 Ortbomenis
3589 4132 3650 4185 fi-

384 4230 556 4302 Οὖτος
583 4238 688 4303 ἕως
714 4239 904 4312 Κύρου
923 4223 1221 4314 διέμεινεν.
1248 4237 1421 4310 Οὗτος
1448 4223 1552 4320 ἔφη
1579 4223 1796 4320 πρῶτος
1824 4223 1964 4308 ἀκα-

2067 4231 2190 4287 lius.
2223 4231 2323 4287 Hic
2351 4244 2522 4300 usque
2547 4228 2615 4282 ad
2647 4225 2848 4298 Cyrum
2875 4225 3029 4280 vixit.
3081 4223 3182 4280 llic
3243 4225 3453 4295 primus
3514 4223 3652 4278 dixit

383 4330 653 4402 ταληψίαν
679 4328 822 4388 εἶναι
849 4334 1089 4402 πάντων,
1121 4336 1292 4391 εἰπὼν
1317 4337 1492 4405 οὕτως
1513 4355 1527 4369 ⁶

2067 4339 2188 4382 esse
2219 4318 2924 4394 incomprehensibilitatem
2953 4316 3219 4386 omnium,
3253 4317 3339 4373 bis
3370 4330 3500 4374 usus
3530 4329 3652 4372 ver-

2069 4417 2154 4474 bis
2181 4435 2199 4474 :

382 4554 448 4606 El
467 4552 575 4624 γὰρ
594 4553 694 4608 καὶ
714 4555 785 4610 τὰ
809 4555 1084 4625 μάλιστα
1111 4559 1268 4628 τύχῃ
1300 4563 1738 4634 τετελεσμένον
1756 4565 1964 4635 εἰπὼν,

2143 4553 2422 4635 E_tenimsi
2455 4552 2541 4609 vel
2570 4553 2806 4612 maxime
2851 4552 3096 4627 attigerit
3141 4549 3374 4609 dicendo
3405 4547 3460 4605 id
3511 4550 3660 4620 quod

432 4605 436 4606 ν
471 4605 484 4624 ,
506 4605 567 4624 Ὗ
719 4605 782 4610 η
809 4605 991 4625 rm---
1013 4605 1082 4612 η.
1114 4605 1266 4628 πω,
1304 4605 1646 4634 ---νηυυμνν
1666 4605 1722 4619 ν,
1756 4605 1927 4622 ...πων
1948 4609 1964 4635 ,

383 4689 580 4757 Αὐτὸς
617 4690 774 4762 ὅμως
815 4693 927 4746 οὐκ
964 4691 1111 4759 οἶδε,
1141 4693 1324 4763 δάκος
1356 4696 1410 4751 δ’
1457 4698 1558 4753 ἐπὶ
1608 4699 1760 4756 πᾶσι
1798 4703 1966 4758 τέτυ-

2072 4605 2804 4701 percenseat?
3532 4605 3548 4620 ·
3636 4605 3654 4606 ίί

2141 4697 2261 4766 Ipse
2285 4705 2466 4752 tamen
2503 4708 2610 4752 non
2675 4697 2842 4765 novit,
2880 4696 3122 4767 Opinatio
3180 4702 3362 4749 autem
3404 4691 3654 4750 rebusin

1609 4768 1768 4841 [κται
1790 4773 1856 4826 ⁸⁷.
2072 4767 2324 4824 omnibus
2343 4775 2542 4823 exstat.

385 4889 549 4961 Λέγει
579 4892 635 4946 δὲ
671 4893 752 4947 ὅτι
775 4894 926 4950 οὐδὲν
949 4896 1181 4966 γίνεται,
1215 4898 1335 4952 οὐδὲ
1381 4900 1685 4974 φθείρεται,
1726 4904 1850 4960 οὐδὲ
1879 4924 1964 4960 κι-

2073 4904 2216 4960 Dicit
2245 4912 2426 4959 autem
2465 4904 2601 4960 nihil
2631 4904 2748 4960 fieri
2776 4917 2950 4973 neque
3006 4902 3186 4972 perire
3215 4914 3394 4972 neque
3425 4901 3655 4967 moveri,

387 4985 579 5050 νεῖται,
606 4986 702 5039 καὶ
725 4987 808 5040 ὅτι
837 4985 895 5041 ἐν
927 4988 990 5043 τὸ
1017 4991 1126 5044 πᾶν
1149 4991 1297 5045 ἐστιν
1323 4990 1430 5058 ἔξω
1465 4994 1791 5067 μεταϐολῆς.
1823 4999 1966 5070 Φησὶ

2073 5007 2128 5052 et
2153 5009 2318 5050 unum
2343 5009 2466 5050 esse
2494 4995 2808 5052 universum
2863 4995 3000 5050 citra
3048 4991 3481 5050 conversionem.
3517 4990 3661 5049 Dicit

384 5076 441 5130 δὲ
496 5079 592 5132 καὶ
623 5079 717 5132 τὸν
760 5080 891 5134 Θεὸν
925 5076 1066 5136 εῖναι
1095 5082 1287 5150 ἀΐδιον,
1338 5086 1432 5138 καὶ
1480 5085 1597 5153 ἕνα,
1637 5089 1734 5143 καὶ⁸
1781 5089 1966 5161 ὅμοιον

2073 5099 2258 5146 autem
2287 5090 2451 5145 etiam
2470 5088 2642 5146 Deum
2670 5104 2792 5147 esse
2819 5097 3085 5146 aeternum
3107 5093 3162 5143 et
3191 5100 3364 5141 unum
3384 5091 3439 5140 et
3469 5099 3659 5155 :equa-

388 5168 590 5240 πάντη,
641 5172 737 5226 καὶ
779 5173 1196 5246 πεπερασμένον
1218 5174 1284 5241 ⁸⁸,
1327 5177 1423 5230 καὶ
1478 5179 1820 5250 σφαιροειδῆ,
1872 5181 1967 5235 καὶ

2077 5182 2239 5239 bilem
2271 5183 2340 5239 ab
2365 5183 2513 5239 omni
2539 5191 2695 5254 parte
2730 5190 2786 5239 et
2815 5182 3169 5239 terminatum
3195 5186 3256 5235 et
3290 5177 3657 5234 orbicularem

388 5261 527 5315 πᾶσι
555 5264 669 5328 τοῖς
708 5264 921 5336 μορίοις
957 5265 1298 5340 αίσθητικόν.
1331 5268 1437 5322 Τὸν
1469 5268 1527 5323 δὲ
1562 5271 1717 5342 ἥλιον
1761 5272 1828 5325 ἐκ
1873 5289 1967 5342 μι-

2092 5282 2133 5329 ιι
2151 5274 2331 5330 omnis
2379 5273 2661 5344 particulis
2723 5273 3058 5332 sensibilem.
3127 5271 3309 5330 Solem
3353 5278 3537 5328 autem
3590 5284 3658 5326 ex
3690 5262 3703 5271 “

1698 5422 1936 5480 ἺΑΒΙᾸΞ
1966 5423 2376 5482 LECTIONES.

455 5573 504 5606 “
533 5573 781 5656 γίνεσθαι
811 5575 1090 5656 Roeperus
1117 5594 1132 5633 ι
1167 5577 1423 5656 γενέσθαι
1453 5579 1633 5650 vulgo.
1701 5581 1769 5656 __"
1791 5579 1966 5656 οθτως
1978 5580 2163 5656 ςηὸταν
2193 5580 2526 5656 lloeperus“:
2559 5581 2688 5656 ὅταν
2717 5580 2942 5656 vulgo.__
2992 5583 3046 5614 η
3066 5583 3214 5656 μέγα
3247 5584 3402 5656 κενὸν
3452 5582 3659 5656 Roepe-

458 5596 503 5606 -ν
533 5596 781 5642 γινεσοαι
813 5596 1090 5644 noeperus
1117 5596 1132 5633 ι
1167 5596 1423 5645 γενεσοαι
1453 5596 1633 5650 vulgo.
1726 5596 1769 5612 ’-
1791 5596 1966 5642 ουτως
1986 5596 2004 5612 ο
2034 5596 2163 5636 οταν
2193 5596 2475 5704 κουροι-υς
2513 5599 2526 5635 :
2559 5596 2688 5637 οταν
2717 5596 2896 5652 vulgo.
2992 5596 3042 5614 "
3066 5596 3214 5653 μέγα
3247 5596 3402 5638 κενον
3453 5596 3659 5656 hocpe-

393 5657 486 5732 rus
521 5645 1100 5732 i‘peedxowov‘vulgo.
1179 5648 1224 5679 ⁸³
1258 5649 1401 5732 Quid
1443 5660 1636 5732 auctor
1661 5648 2185 5732 “dllteritnco‘lli'gitur
2211 5665 2426 5732 ex_oco
2453 5649 2717 5732 Diogenis.
2741 5651 3052 5732 Laertii_tx,
3081 5652 3145 5732 51
3197 5655 3660 5732 uudg_flqeperns

389 5713 482 5816 σιςά1
516 5713 584 5768 δι’
609 5715 712 5816 μη1⁵
734 5715 1172 5816 πξέιέπλειχθένῦα
1227 5719 1537 5816 suspicatur
1565 5733 1620 5789 p.
1659 5717 1784 5816 6'17.
1879 5713 2068 5816 ιδιά
2099 5737 2222 5773 τινα
2248 5713 2625 5816 ’.Βίὲθρυτυξϐ
2660 5723 2898 5790 Diogene
2953 5713 3168 5775 Laertia
3200 5737 3276 5785 lx,
3306 5724 3376 5780 52
3403 5741 3416 5777 :
3444 5713 3534 5778 διά
3562 5725 3660 5792 τὴν

395 5797 556 5816 ...πη
881 5801 1076 5816 --.ηρ
1201 5806 1213 5816 .
1331 5806 1572 5816 .---..-
1621 5804 1782 5816 ....,...
1973 5806 2005 5816 .,
2042 5791 2215 5816 -:__...
2397 5799 2585 5816 ...-_..-
2708 5791 2749 5816 ιτ
2781 5790 3012 5816 an-.-“
3093 5790 3263 5816 μη...
3342 5808 3430 5816 -.-.
3483 5808 3513 5816 ..
3573 5794 3627 5816 ιι.

395 5783 575 5862 vulgo.
613 5783 622 5784 ί
666 5783 712 5817 ⁸⁵
754 5783 1214 5862 Ἀϐδηρίτης-μ-)
1263 5783 1580 5860 Αὗδηρίτηξ
1621 5790 1802 5860 vulgo.
1879 5789 1924 5820 “
1944 5789 2216 5844 ἐκλείπειν
2248 5789 2312 5845 ΙΙ.
2344 5783 2608 5847 Ritterus.
2708 5783 3036 5846 ""Karsten.
3090 5783 3286 5859 fragm.
3342 5808 3430 5846 xiv
3483 5808 3536 5862 p.
3569 5783 3659 5849 5i.

394 5853 438 5884 "
477 5853 540 5906 οὐ
587 5853 1007 5926 πεπερασμένον
1034 5853 1294 5914 ὛΝοιίίυε.
