4080 6402
355 392 493 457 3013

1805 402 2174 465 OlilGENIS

3487 409 3622 468 3044

357 514 570 563 sitatam
596 521 737 573 esse,
775 524 868 579 per
894 511 1226 569 voluntatem
1258 524 1438 571 autem
1467 515 1558 570 Dei
1595 517 1934 572 immortales

2041 517 2092 566 ἐν
2183 513 2438 585 προσθεὶς
2462 512 2609 580 λέγει
2633 528 2645 540 ο
2669 513 2771 566 Θεδ
2784 533 2815 577 ς
2835 512 3006 577 θεῶν,
3026 507 3113 567 ὧν
3137 513 3250 582 ἐγὼ
3265 513 3624 586 δνυιιοιιργός

357 612 499 662 esse,
542 599 630 652 ubi
665 599 780 652 hare
811 600 961 654 addit
998 601 1181 657 :Deus
1215 605 1455 672 deorum,
1497 622 1720 673 quarunt
1750 622 1841 672 ego
1886 617 1933 659 et

357 689 534 756 opifex
584 697 634 742 et
675 701 847 758 pater,
883 693 1272 749 indissolubilia
1333 714 1410 752 me
1458 700 1670 766 quidem
1711 699 1932 761 volente,

357 783 634 850 quoniam,
673 784 716 838 si
761 785 916 839 vellet
960 787 1212 853 dissolvi,
1265 789 1422 844 facile
1476 791 1931 845 dissolverentur.

361 873 671 930 D;emonum
701 889 879 931 autem
923 891 1143 936 naturas
1183 882 1402 952 accipit,
1443 892 1499 936 et
1534 882 1668 936 alios
1690 881 1934 953 3&«35

355 968 569 1033 quidem
597 969 770 1024 bonos
793 985 914 1025 esse
945 973 1069 1026 dicit
1095 989 1306 1037 eorum,
1332 975 1465 1030 alios
1491 984 1670 1030 autem
1715 992 1934 1046 pravus.

358 1060 423 1114 Et
456 1061 693 1115 animam
731 1063 948 1132 quidem
985 1065 1225 1122 nonnulli
1267 1068 1452 1121 dicunt
1484 1083 1606 1122 cum
1639 1083 1742 1121 non
1776 1083 1940 1138 gene-

359 1164 528 1207 ratam
557 1153 741 1210 dicere
765 1165 818 1209 et
837 1171 942 1210 non
965 1157 1282 1226 perituram,
1307 1159 1525 1228 quando
1547 1160 1721 1215 dicat:
1744 1161 1937 1215 Anima

355 1247 548 1316 qumvis
607 1248 946 1313 immortalis,
992 1266 1111 1303 nam
1145 1252 1284 1322 quod
1312 1267 1516 1322 semper
1545 1262 1782 1306 movetur
1831 1255 1936 1307 im-

359 1339 579 1394 mortale
632 1351 729 1406 est,
768 1351 824 1396 et
867 1343 1085 1411 quando
1117 1358 1212 1414 per
1258 1358 1316 1399 se
1366 1345 1537 1414 ipsam
1575 1345 1779 1400 moveri
1817 1361 1936 1401 eam

359 1432 549 1486 doceat
574 1446 802 1502 eamque
822 1448 944 1488 esse
973 1435 1296 1505 principium
1329 1437 1725 1492 movendi.Alii
1755 1447 1936 1492 autem

359 1535 697 1589 generatam,
735 1541 840 1580 non
888 1535 1068 1582 autem
1119 1529 1416 1596 perituram
1476 1543 1573 1598 per
1604 1530 1935 1587 voluntatem

365 1613 483 1670 Dei.
517 1615 623 1670 Alii
656 1615 892 1687 denique
921 1619 1282 1686 compositam
1323 1628 1375 1674 et
1425 1630 1734 1689 generatam
1764 1632 1818 1677 et
1842 1639 1939 1693 pc-

360 1707 626 1774 rituram;
658 1710 862 1763 etenim
898 1720 1168 1765 craterem
1205 1710 1321 1780 ejus
1371 1721 1614 1767 statuere
1643 1728 1788 1781 cum,
1823 1729 1942 1769 cor-

2037 623 2101 658 τε
2125 606 2224 658 καί
2264 604 2484 674 πατὴρ,
2541 605 2738 658 ddum
2779 605 2927 674 ἐμοῦ
2959 621 3027 676 γε
3075 605 3383 672 θέλοντος,
3427 607 3504 672 ὼς
3558 611 3625 664 ἂν

2037 698 2085 748 εἰ
2111 695 2337 767 λυθῆναι
2367 696 2507 750 αὑτά
2533 695 2700 758 θέλει,
2717 694 2914 765 ῥαδίως
2941 694 3310 766 λυθησόμενα.
3344 697 3625 767 Δαιμόνων

2037 789 2092 842 δὲ
2124 787 2318 857 φύσεις
2353 787 2698 858 ἀποδέχεται,
2739 786 2835 839 καὶ
2879 787 3006 850 τοὺς
3059 785 3159 857 μὲν
3203 786 3446 857 ἀγαθοὺς
3483 785 3625 844 εἶναι

2037 878 2117 952 [τι.
2145 880 2236 934 2‘2.
2269 878 2361 952 25]
2394 896 2561 950 φησιν
2590 879 2792 943 αὐτῶν,
2820 879 2947 942 τοὺς
2978 879 3036 932 δὲ
3078 880 3341 948 φαύλους.
3390 881 3500 934 Καὶ
3524 881 3626 954 τὴν

2036 975 2217 1045 ψυχὴν
2261 975 2310 1028 oi
2363 975 2462 1046 μέν
2510 991 2674 1043 φασιν
2723 972 2930 1026 αὑτδν¹
2972 973 3238 1043 ἀγένητον
3293 973 3476 1041 λέγειν
3530 976 3626 1029 καὶ

2038 1067 2338 1138 ἄφθαρτον,
2383 1068 2512 1120 ὅταν
2550 1066 2686 1138 λέγῃ
2711 1081 2727 1097 ⁶
2779 1064 2956 1134 Ψυχὴ
2992 1063 3164 1121 πᾶσα
3196 1065 3518 1133 ἀθάνατος·
3557 1067 3626 1122 τὸ

2039 1157 2149 1228 γὰρ
2196 1158 2540 1226 ἀεικίνητον
2584 1156 2921 1212 ἀθάνατον·
2967 1157 3062 1210 καὶ
3099 1158 3230 1211 ὅταν
3267 1159 3626 1228 αὐτοκίνητον

2040 1251 2208 1322 αὑτὴν
2236 1247 2569 1321 ἀποδεικνύῃ
2605 1249 2700 1302 καὶ
2733 1247 2906 1321 ἀρχὴν
2939 1249 3234 1320 κινήσεως.
3267 1250 3332 1303 Οί
3363 1249 3421 1303 δὲ
3457 1267 3626 1320 γενη-

2037 1343 2138 1412 τὴν
2171 1342 2292 1412 μὲν,
2321 1341 2599 1412 ἄφθαρτον
2627 1341 2684 1395 δὲ
2715 1341 2805 1394 διά
2835 1341 2935 1412 τὴν
2964 1341 3059 1395 τοῦ
3085 1341 3222 1395 Θεοῦ
3249 1342 3527 1414 βούλησιν.
3559 1345 3624 1398 Οί

2039 1435 2098 1488 δὲ
2144 1432 2400 1488 σύνθετον
2449 1433 2545 1487 καὶ
2596 1433 2831 1503 γενητὴν
2883 1432 2978 1488 καὶ
3030 1431 3318 1505 φθαρτὴν·
3375 1434 3472 1488 καὶ
3513 1434 3625 1506 γάρ

2040 1525 2296 1598 κρατῆρα
2329 1525 2500 1596 αὑτῆς
2525 1525 2879 1579 ὑποτίθεσθαι
2900 1525 2942 1590 ³,
2971 1525 3066 1579 καὶ
3093 1525 3253 1596 σῶμα
3281 1525 3454 1597 αὑτὴν
3478 1525 3624 1596 ἔχειν

2038 1617 2335 1686 αὐγοειδὲς,
2358 1617 2420 1671 τὸ
2447 1617 2502 1670 δὲ
2529 1619 2825 1689 γενόμενον
2848 1618 2957 1671 πᾶν
2985 1617 3233 1685 ἀνάγκην
3256 1616 3400 1688 ἔχειν
3416 1617 3459 1683 ⁸,
3491 1617 3625 1686 φθα-

2043 1708 2222 1777 ρῆναι.
2271 1708 2337 1761 Οί
2385 1707 2443 1762 at
2490 1706 2759 1762 ἀθάνατον
2804 1707 2977 1779 αὑτὴν
3029 1703 3170 1762 εἷναι
3205 1707 3457 1777 λέγοντες
3513 1709 3624 1779 μάο

363 1811 570 1866 pusque
599 1814 720 1854 eam
763 1800 963 1856 habere
1018 1802 1155 1856 lucis
1203 1801 1403 1871 simile,
1439 1804 1702 1874 quidquid
1759 1813 1937 1860 autem

2041 1800 2200 1854 λιστα
2237 1796 2466 1864 ἐκείνοις
2487 1800 2508 1832 ⁵
2537 1798 2926 1872 ἰσχυρίζονται,
2962 1801 3112 1862 ὅσοις
3143 1799 3239 1854 καὶ
3266 1799 3478 1870 κρίσεις
3522 1817 3626 1871 φη-

361 1899 678 1956 generatum
698 1887 769 1944 sit
801 1892 1111 1946 necessario
1139 1893 1336 1961 perire.
1373 1894 1476 1960 Qui
1502 1907 1683 1950 autem
1718 1895 1939 1951 immor-

2045 1891 2129 1944 o‘tv
2152 1891 2173 1922 ⁸
2209 1887 2351 1945 εῖναι
2393 1891 2534 1961 μετά
2564 1891 2843 1963 τελευτὴν,
2881 1891 2975 1945 καὶ
3019 1892 3078 1945 ὲν
3117 1891 3244 1962 ᾅδου
3275 1891 3623 1964 δικαστήρια,

363 1977 528 2034 talem
554 1994 674 2036 eam
725 1997 845 2038 esse
901 1985 1109 2051 dicunt,
1158 1987 1223 2041 iis
1271 1986 1613 2056 potissimum
1672 1988 1938 2056 nituntur,

359 2070 559 2137 quibus
590 2075 754 2126 etiam
795 2074 1000 2142 judicia
1041 2091 1164 2134 esse
1202 2078 1281 2134 ait
1333 2088 1454 2149 post
1507 2090 1738 2136 mortem
1789 2092 1844 2138 et
1887 2083 1939 2138 in

360 2161 502 2218 Orco
534 2164 843 2234 tribunalia,
878 2178 932 2223 et
954 2167 1122 2226 bonas
1149 2170 1370 2241 quidem
1392 2173 1603 2229 animas
1633 2176 1940 2231 mercedem

358 2259 638 2328 consequi,
696 2272 894 2330 praVas
935 2271 1116 2320 autem
1161 2275 1559 2322 consentaneas
1585 2266 1939 2336 poenasJam

358 2350 572 2418 quidam
628 2354 779 2408 aiunt
814 2354 962 2410 illum
1012 2357 1179 2412 etiam
1226 2359 1604 2429 migrationem
1633 2359 1939 2415 animarum

357 2443 719 2511 comprobare
752 2453 807 2499 et
842 2447 1230 2518 lransmigrare
1259 2450 1493 2517 animas,
1545 2465 1667 2520 qua:
1713 2466 1940 2507 numero

357 2530 595 2589 deﬁnitae
625 2536 758 2602 sint,
794 2537 928 2593 alias
963 2538 1016 2592 in
1055 2539 1158 2593 alia
1205 2555 1460 2610 corpora,
1491 2543 1671 2612 pruuti
1714 2543 1940 2612 singula:

357 2637 585 2694 qumque
612 2638 950 2696 mereantur,
983 2638 1039 2683 et
1081 2643 1178 2698 per
1221 2632 1469 2699 quaedam
1519 2632 1804 2686 intervalla
1828 2643 1938 2688 sta-

359 2721 470 2767 tuta
515 2715 718 2771 remitti
765 2717 815 2772 iu
849 2719 992 2774 hunc
1041 2721 1298 2776 mundum
1335 2736 1524 2778 rursus
1555 2722 1936 2779 documentum

355 2805 697 2865 exhibituras
733 2810 1016 2868 electionis
1063 2829 1198 2868 suae.
1238 2813 1342 2869 Alii
1373 2825 1588 2880 contra,
1618 2814 1792 2872 locum
1824 2817 1938 2872 adi-

357 2897 489 2970 pisci
526 2902 704 2971 prouti
761 2915 1081 2960 mereantur
1125 2907 1370 2977 singulae,
1416 2917 1754 2978 utunturque
1783 2909 1938 2964 testi-

356 2990 558 3056 monio,
586 2993 729 3061 quod
780 2995 926 3050 dicat
982 3012 1104 3051 cum
1141 2996 1270 3053 Jove
1303 3000 1565 3068 quosdam
1603 3015 1748 3066 esse,
1798 3001 1938 3055 alios

356 3092 538 3138 autem
569 3099 692 3138 cum
722 3086 843 3141 aliis
881 3087 981 3142 diis
1029 3100 1420 3145 conversantes
1456 3092 1748 3160 proborum
1787 3093 1934 3146 viro-

359 3189 498 3242 rum,
530 3175 733 3233 alteros
789 3187 967 3232 autem
998 3194 1188 3250 poenas
1229 3180 1458 3236 sulferre
1491 3193 1748 3247 aeternas,
1777 3193 1936 3253 quoto
1962 3209 2006 3268 ο

356 3273 487 3334 quot
517 3282 680 3337 prava
713 3279 768 3323 et
797 3269 994 3337 injusta
1047 3288 1144 3342 per
1182 3273 1324 3329 hanc
1373 3273 1539 3328 vitam
1588 3285 1938 3344 perpetrave-

356 3354 483 3409 rint.
519 3354 714 3412 Dicunt
763 3368 946 3414 autem
997 3377 1119 3417 eum
1175 3362 1303 3427 alia,
1355 3363 1541 3435 ἄμεσα
1594 3365 1801 3432 dicere,
1833 3365 1938 3420 alia

357 3447 595 3519 ἓμμεσα,
653 3450 758 3505 alia
813 3451 956 3524 μέσα
1024 3470 1226 3510 rerum.
1268 3456 1504 3526 Vigilare
1569 3466 1623 3510 et
1663 3457 1941 3514 somniare

354 3535 535 3607 άμεσα
572 3543 626 3592 et
655 3553 777 3609 qua:
809 3549 936 3595 sunt
988 3542 1410 3612 eiusdemmodi,
1451 3544 1670 3614 ἔμμεσα
1730 3557 1939 3615 autem,

356 3628 525 3684 veluti
548 3630 689 3685 bona
718 3640 774 3685 et
805 3633 968 3698 mala,
1001 3644 1056 3688 et
1090 3635 1254 3705 μέσα,
1282 3635 1446 3690 veluti
1476 3637 1617 3690 inter
1649 3639 1938 3694 candidum

355 3731 410 3774 et
431 3721 647 3789 nigrum
693 3720 908 3779 fuscum
931 3725 1015 3782 vel
1049 3727 1286 3796 aliquem
1314 3727 1480 3782 alium
1507 3727 1760 3785 colorem.
1791 3729 1938 3786 Bona

358 3820 540 3867 autem
587 3811 699 3867 sola
747 3816 965 3884 proprie
1017 3817 1200 3874 dicere
1232 3833 1354 3874 eum
1420 3819 1572 3874 aiunt
1602 3835 1722 3890 quas
1775 3823 1942 3892 perti-

357 3912 492 3958 nent
523 3903 588 3959 ad
619 3904 880 3972 animam,
910 3921 1031 3978 quae
1061 3918 1241 3964 autem
1273 3911 1385 3967 sint
1412 3911 1659 3980 corporis
1675 3922 1731 3968 et
1759 3924 1936 3980 extra,

358 4006 466 4046 non
492 3992 607 4061 jam
660 3996 876 4064 proprie
921 3997 1086 4062 bona,
1131 4000 1234 4054 sed
1286 4001 1550 4070 appellata
1589 4001 1753 4065 bona,
1796 4016 1940 4071 saepe

358 4091 540 4139 autem
596 4085 761 4140 etiam
812 4088 986 4144 media
1048 4090 1410 4160 appellavisse
1455 4105 1542 4157 ea,
1597 4091 1760 4146 licere
1791 4093 1937 4146 enim

357 4171 463 4231 illis
486 4185 541 4231 et
583 4175 722 4233 bene
754 4187 805 4233 et
837 4180 977 4235 male
1006 4181 1105 4236 uti.
1138 4179 1259 4236 Jam
1305 4183 1538 4236 virtutes
1562 4195 1625 4236 ex
1656 4183 1828 4250 pretio
1861 4184 1941 4237 ait

356 4271 699 4326 summitates
731 4287 874 4337 esse,
919 4288 977 4328 re
1026 4283 1206 4329 autem
1245 4275 1586 4329 medietates.
1637 4272 1939 4330 Pretiosius

354 4360 498 4415 cnim
523 4361 655 4417 nihil
681 4363 880 4419 virtute
904 4382 919 4431 ;
947 4365 1209 4436 quidquid
1231 4375 1411 4420 autem
1440 4380 1631 4420 earum
1659 4368 1742 4421 vel
1773 4380 1942 4420 exsu-

355 4463 513 4522 peret
554 4453 636 4509 vel
682 4453 901 4510 deﬁciat
955 4456 1008 4510 in
1053 4457 1376 4526 pravitatem
1418 4457 1724 4521 terminari,
1772 4457 1938 4512 veluti

2044 1984 2138 2038 καὶ
2178 1984 2281 2047 τάς
2335 1985 2434 2054 μὲν
2467 1983 2678 2053 ἀγαθὰς
2707 1981 2916 2053 ἀγαθοῦ
2953 1985 3146 2054 μισθοῦ
3179 1985 3493 2054 τυγχάνειν,
3529 1984 3628 2049 τάς

2041 2075 2099 2129 δὲ
2139 2074 2381 2146 πονηράς
2414 2073 2725 2129 ἀκολούθων
2773 2073 2958 2129 δικῶν.
3003 2075 3158 2139 Τινὲς
3205 2075 3305 2146 μὲν
3331 2068 3427 2128 οὑν
3457 2091 3627 2144 φασιν

2043 2168 2138 2221 καὶ
2174 2166 2669 2238 μετενσωμάτωσιν
2715 2166 2878 2220 αὑτὸν
2912 2167 3198 2236 ὁμολογεῖν
3227 2168 3324 2220 καὶ
3355 2166 3625 2237 μεταδαί-

2042 2259 2192 2312 νειντ
2233 2259 2332 2322 τάς
2372 2257 2552 2328 ψυχάς
2602 2256 2916 2328 ὡρισμένας
2963 2255 3128 2320 οὑσας
3159 2256 3328 2321 ἄλλας
3376 2259 3457 2320 είς
3491 2256 3627 2311 ἄλλα

2043 2347 2275 2420 σώματα
2303 2349 2425 2402 κατ’
2446 2346 2602 2412 ἀξίαν
2626 2347 2834 2421 ἑκάστῃ
2865 2346 2960 2401 καὶ
2987 2347 3132 2401 κατά
3159 2363 3313 2411 τινας
3340 2346 3627 2416 περιόδους

2039 2437 2352 2509 ὡρισμένας
2372 2435 2795 2508 ἀναπέμπεσθαι
2818 2436 2897 2500 είς
2921 2435 3112 2489 τοῦτον
3132 2435 3225 2489 τὸν
3245 2435 3450 2506 κόσμον
3464 2435 3628 2490 πάλιν

2042 2533 2241 2600 πεῖραν
2272 2529 2652 2602 παρεξομένας
2677 2528 2780 2598 τῆς
2811 2527 3022 2582 ἑαυτῶν
3047 2528 3441 2599 προαιρέσεως.
3473 2528 3536 2581 Οί
3568 2527 3627 2581 δὲ

2039 2619 2122 2684 οὑ,
2175 2620 2312 2676 ἀλλά
2352 2621 2517 2674 τόπον
2557 2619 2851 2690 λαγχάνειν
2889 2621 3010 2673 κατ’
3049 2618 3209 2686 ἀξίαν
3251 2619 3482 2689 ἑκάστῃ,
3531 2618 3627 2672 καὶ

2040 2714 2282 2786 χρῶνται
2314 2713 2622 2785 μαρτυρίῳ,
2653 2713 2734 2766 ὃτι
2764 2712 2936 2783 φησὶθ
2969 2710 3111 2782 μετά
3135 2710 3258 2775 Διός
3285 2728 3437 2775 τινας
3460 2707 3621 2776 εἶναι,

2039 2802 2234 2867 ἄλλους
2279 2801 2336 2856 δὲ
2372 2800 2510 2872 μετὰ
2543 2801 2721 2856 ἄλλων
2769 2800 2908 2854 θεῶν
2937 2799 3627 2871 συμπεριπολοῦντας“τῶν

2041 2893 2266 2964 ἀγαθῶν
2319 2893 2552 2966 ἀνδρῶν,
2607 2893 2734 2957 τοὺς
2780 2891 2838 2946 δὲ
2896 2894 2956 2946 ὲν
3007 2893 3296 2947 κολάσεσιν
3360 2893 3622 2965 ὑπάρχειν

2039 2987 2278 3051 αἰωνίοις
2300 2989 2344 3052 ⁸,
2391 2986 2506 3040 ὅσοι
2545 2984 2762 3056 πονηρά
2790 2985 2888 3039 καὶ
2927 2983 3091 3040 ἄδικα
3125 2985 3278 3057 παρά
3307 2987 3494 3039 τοῦτον
3532 2984 3620 3038 τὸν

2043 3079 2156 3150 βίον
2225 3079 2364 3133 είσὶν
2419 3077 2856 3150 ἐξειργασμένοι.
2908 3077 3049 3130 Φασὶ
3084 3076 3144 3130 δὲ
3193 3077 3362 3132 αὑτὸν
3407 3077 3478 3132 τά
3528 3077 3626 3147 μὲν

2041 3170 2222 3241 άμεσα
2254 3169 2457 3238 λέγειν,
2487 3169 2558 3222 τὰ
2594 3167 2652 3222 δὲ
2691 3166 2932 3238 ἐμμεσα,
2964 3163 3034 3219 τά
3062 3164 3121 3218 δὲ
3157 3165 3300 3237 μέσα
3330 3163 3444 3219 τῶν
3484 3181 3631 3234 πρα-

2041 3263 2291 3334 γμάτων.
2340 3262 2702 3332 Ἐγρήγορσιν
2729 3259 2829 3331 μὲν
2859 3257 2956 3312 καὶ
2976 3256 3146 3313 ὕπνον
3171 3259 3374 3330 άμεσα,
3401 3259 3498 3312 καὶ
3521 3258 3626 3311 ὅσα

2041 3353 2300 3407 τοιαῦτα·
2357 3351 2577 3423 ῑμμεσα
2626 3351 2706 3415 δὲ,
2768 3345 2880 3405 οἷον
2919 3349 3103 3420 ἀγαθά
3149 3351 3244 3404 καὶ
3296 3349 3477 3404 κακά’
3525 3349 3626 3402 καὶ

2045 3446 2218 3516 μέσα,
2260 3438 2374 3500 οἷον
2425 3443 2519 3498 τοῦ
2567 3443 2765 3497 λευκοῦ
2807 3446 2902 3496 καὶ
2955 3443 3184 3514 μέλανος
3213 3442 3274 3496 τὺ
3303 3441 3467 3512 φαιὸν
3493 3442 3530 3513 ἡ
3570 3458 3628 3496 τι

2041 3537 2172 3592 ἀλλο
2219 3535 2439 3608 χρῶμα.
2492 3534 2700 3604 Ἀγαθὰ
2741 3533 2799 3588 δὲ
2837 3533 2977 3605 μόνα
3020 3534 3226 3604 κυρίως
3251 3533 3431 3603 λέγειν
3463 3533 3631 3604 φασὶν

2042 3629 2205 3683 αὑτὸν
2233 3627 2305 3682 τά
2335 3627 2465 3699 περὶ
2493 3625 2693 3697 ψυχὴν,
2722 3627 2790 3680 τά
2817 3626 2873 3680 δὲ
2903 3625 3034 3697 περὶ
3068 3626 3230 3696 σῶμα
3263 3628 3358 3680 καὶ
3380 3625 3450 3681 τά
3472 3627 3629 3690 ἐκτὸς

2041 3721 2142 3775 οὑκ
2177 3719 2259 3773 ἔτι
2289 3719 2496 3792 κυρίως
2533 3717 2740 3788 ἀγαθὰ,
2780 3717 2917 3774 ἀλλά
2954 3718 3230 3790 λεγόμενα
3256 3719 3461 3787 ἀγαθὰ,
3497 3719 3630 3772 πολ-

2045 3811 2214 3883 λαχοῦ
2243 3811 2300 3865 δὲ
2335 3812 2429 3866 καὶ
2461 3811 2604 3882 μέσα
2633 3811 2981 3882 ὠνομακέναι
3008 3813 3181 3866 αὑτάο
3208 3807 3350 3865 εἶναι
3387 3810 3500 3880 γάρ
3525 3811 3628 3864 αὑ-

2039 3907 2153 3966 τοῖς
2197 3903 2293 3958 καὶ
2341 3903 2524 3967 καλῶς
2564 3903 2660 3956 καὶ
2698 3902 2890 3974 κακῶς
2938 3902 3200 3974 χρῆσθαι.
3239 3903 3354 3968 Τὰς
3404 3902 3505 3974 μὲν
3535 3898 3631 3958 οὖν

2041 3991 2244 4065 ἀρετὰς
2269 3992 2412 4046 κατά
2441 3992 2607 4063 τιμὴν
2642 3971 3121 4064 ἀκρότηταςεῐναί
3145 4010 3279 4064 φησι
3306 3993 3372 4059 ¹⁶,
3403 3971 3548 4047 κατά
3571 3993 3631 4048 δὲ

2040 4084 2230 4138 οὑσίαν
2279 4083 2617 4154 μεσότηταςσ
2664 4081 2995 4156 τιμιώτερον
3044 4086 3144 4156 μὲν
3177 4085 3288 4156 γὰρ
3319 4085 3474 4140 οὐδὲν
3501 4088 3630 4158 ἀρε-

2042 4177 2162 4246 τῆς.
2217 4175 2291 4227 Τὸ
2320 4174 2376 4228 δὲ
2419 4174 2766 4245 ὑπερϐάλλον
2809 4176 2992 4230 αὑτῶν
3037 4177 3072 4246 ἢ
3108 4177 3284 4230 ἐνδέον
3317 4180 3398 4240 εἰς
3425 4179 3633 4233 κακίαν

2039 4270 2320 4340 τελευτᾷν,
2365 4261 2478 4322 οἷον
2519 4267 2794 4339 τέσσαράς
2829 4285 2995 4340 φησιν
3017 4269 3056 4300 ¹¹
3091 4265 3232 4323 εἶναι
3262 4269 3468 4340 ἀρετὰς
3499 4269 3633 4342 φρό-

2043 4379 2223 4434 νησιν,
2275 4360 2653 4433 σωφροσύνην,
2682 4362 3053 4433 δικαιοσύνην,
3100 4360 3374 4432 ἀνδρείαν.
3409 4361 3628 4416 Τούτων

2043 4457 2251 4530 ἑκάστῃ
2300 4455 2736 4525 παρακολουθεῖν
2772 4454 2868 4508 δύο
2913 4456 3134 4519 κακίας,
3167 4455 3293 4510 καθ’
3323 4455 3631 4528 ὑπερϐολὴν

357 4555 592 4616 quatuor
621 4547 810 4601 statuit
852 4562 975 4602 esse
1030 4548 1298 4604 virtutes:
1336 4549 1703 4618 prudentiam,
1729 4560 1938 4618 tempe-

2045 4552 2140 4605 καὶ
2181 4551 2426 4621 μείωσιν,
2465 4545 2578 4603 οἷον
2610 4553 2676 4621 τῇ
2711 4550 2810 4621 μὲν
2843 4553 3104 4622 φρονήσει
3139 4550 3457 4622 ἀφροσύνην
3486 4552 3630 4606 κειτά

357 4637 614 4705 rantiam,
655 4636 952 4708 justitiam,
1021 4638 1424 4696 fortitudinem.
1494 4639 1698 4696 Harum
1749 4657 1944 4695 unam-

357 4743 627 4801 quamque
655 4732 906 4786 comitari
937 4733 1042 4788 duo
1090 4733 1244 4798 vitia,
1283 4748 1379 4803 per
1412 4735 1855 4804 exsuperantiam
1887 4746 1944 4790 et

359 4912 809 4986 deminutionem,
844 4916 1194 4974 calliditatem
1245 4927 1427 4975 autem
1461 4935 1556 4991 per
1605 4934 1943 4990 exsuperan-

360 5005 516 5075 tiam,
551 5013 966 5078 temperantiam
1005 5021 1184 5068 autem
1209 5010 1662 5067 incontinentiam
1691 5010 1937 5083 36-37

360 5111 458 5168 per
483 5099 931 5166 deminutionem,
980 5104 1412 5160 imbecillitatem
1449 5117 1546 5172 per
1601 5116 1940 5173 exsuperan-

363 5189 517 5256 tiam,
543 5192 814 5262 justitiam
876 5204 1056 5250 autem
1095 5195 1424 5250 mionexiam
1471 5207 1569 5264 per
1614 5193 1944 5247 deminutio-

365 5296 512 5350 nem,
544 5285 884 5358 pleonexiam
915 5303 1012 5359 per
1045 5291 1510 5359 essuperantiam,
1568 5286 1941 5343 fortitudinem

2046 4642 2293 4714 μείωσιν,
2321 4641 2656 4713 πανουργίαν
2695 4641 2773 4714 [μ.
2799 4641 2892 4707 25,
2929 4641 3022 4714 24]
3056 4643 3113 4696 δὲ
3147 4643 3270 4696 καθ’
3300 4642 3630 4714 ὑπερϐολὴν,

2042 4736 2109 4805 τῇ
2134 4733 2191 4786 δὲ
2216 4732 2540 4804 σωφροσύνῃ
2563 4733 2859 4787 ἀκολασίαν
2879 4733 3024 4787 κατὰ
3053 4733 3302 4804 μείωσιν,
3332 4734 3632 4803 σκαιότητα

272 4853 300 4884 _'
359 4821 815 4888 deminutionem,
840 4823 1004 4879 veluti
1029 4825 1372 4894 prudentiam
1401 4825 1825 4896 imprudentiam
1849 4843 1939 4898 per

2044 4825 2168 4880 καθ’
2217 4823 2550 4896 ὑπερϐολὴν,
2601 4827 2669 4898 τῇ
2699 4824 2755 4877 δὲ
2783 4823 3104 4898 δικαιοσύνῃ
3137 4824 3444 4896 μειονεξίαν
3491 4826 3634 4878 κατὰ

2049 4921 2297 4991 μείωσιν,
2330 4918 2644 4987 πλεονεξίαν
2687 4917 2812 4973 καθ’
2860 4917 3189 4990 ὑπερϐολὴν,
3221 4920 3288 4988 τῇ
3326 4917 3382 4971 δὲ
3409 4917 3634 4990 ἀνδρεία

2051 5014 2256 5069 δειλίαν
2285 5012 2429 5068 κατά
2459 5013 2708 5085 μείωσιν,
2740 5011 3118 5084 θρασύτητα¹²
3148 5011 3271 5066 καθ’
3299 5011 3629 5083 ὑπερϐολὴν,

2050 5108 2254 5171 ταύτας
2285 5106 2344 5160 δὲ
2371 5107 2740 5178 ὲγγενομένας
2772 5106 2872 5170 τὰς
2909 5103 3113 5176 ἀρετὰς
3151 5103 3428 5176 ἀνθρώπῳ
3458 5107 3637 5174 ἀπερ-

2051 5197 2320 5266 γάζεσθαι
2349 5196 2515 5250 αὑτὸν
2563 5197 2769 5250 τέλειον
2817 5197 2912 5249 καὶ
2959 5196 3220 5267 παρέχειν
3253 5194 3405 5266 αὑτῷ
3455 5195 3635 5250 εὑδαι·

2055 5289 2267 5359 μονίαν.
2321 5287 2434 5359 Τὴν
2487 5287 2546 5342 δὲ
2589 5288 2940 5360 εὐδαιμονίαν
2970 5283 3112 5341 εἷναί
3163 5303 3331 5359 φησιν
3374 5287 3638 5358 ὁμοίωσιν

1639 5447 1881 5504 VARIE
1920 5447 2330 5506 LECTIONES.

369 5661 405 5678 ,_
428 5605 614 5660 ἀὑτὸν
645 5605 870 5663 Wnllins
899 5626 909 5661 :
938 5607 1118 5661 αὐτῶν
1155 5608 1370 5678 reliqui.
1441 5610 1462 5642 ³
1489 5609 1840 5665 ὑποτίθεσθαι
1860 5609 1902 5664 Τ
1935 5631 1948 5666 :
1979 5609 2298 5663 ὑποτίθεται
2329 5607 2525 5678 vulgo._
2574 5607 2594 5638 ⁸
2616 5606 2782 5676 ἔχειν.
2815 5601 2957 5660 εἷναι
2985 5604 3048 5660 Τ.
3121 5606 3142 5678 εξ
3174 5605 3640 5678 ἐκείνοις-ὅσοις

366 5671 682 5766 Βοειιξτυεέ
711 5679 1138 5766 istae-2.5m
1172 5671 1331 5766 νυιᾱτι
1361 5693 1376 5730 =
1410 5681 1762 5766 ἐνεείνῳ-ςδτξ
1795 5681 1862 5766 “;
1897 5680 2176 5766 Scamme-
2255 5671 2473 5766 ⁶φησλὲι
2496 5671 2813 5766 turritas}
2855 5678 3022 5766 ser}?
3053 5675 3264 5766 W339;
3285 5677 3328 5766 Ι
3363 5676 3640 5766 essese:

369 5743 576 5798 ληνο.
618 5747 664 5818 _'
692 5747 827 5818 (moi.
873 5746 1109 5818 Wolﬁus
1145 5771 1155 5802 :
1205 5743 1340 5815 φασὶ
1389 5743 1592 5816 vulgo:
1649 5751 1668 5780 ⁹
1701 5751 1941 5814 αἰωνίοις
1971 5752 2015 5804 Μ
2051 5771 2063 5804 :
2105 5743 2400 5811 αίωνιαίως
2431 5743 2798 5818 0;γαίωνίαις
2857 5747 3038 5818 vulgo.
3120 5747 3160 5779 ’°
3198 5763 3329 5818 φησι
3366 5743 3638 5813 ὛνοΙίίιιιῆ

377 5828 512 5881 φασι
542 5815 718 5882 vulgo.
794 5816 831 5846 “
875 5832 1040 5884 φησιν
1084 5816 1400 5884 Roepcrus;
1443 5815 1610 5886 φασιν
1646 5821 1818 5890 vulgo.
1892 5824 1932 5852 ¹²
1970 5820 2282 5889 Θρασύτητα
2310 5817 2350 5869 Β
2386 5835 2396 5868 :
2435 5817 2636 5886 θράσος
2664 5818 2839 5884 vulgo.
