4080 6422
434 439 576 505 3045
1561 439 1860 502 CONTRA
1899 432 2020 499 ΗᾸΞ

2125 435 2264 498 .SES
2299 441 2443 500 LIB.
2487 441 2536 499 Ι.
3571 445 3713 508 δοεο

434 558 554 630 θεῷ
585 558 727 613 κατά
754 557 814 612 τὸ
842 553 1087 614 δυνατόν.
1121 555 1232 628 Τὴν
1258 553 1313 611 δὲ
1336 555 1596 627 ὁμοίωσιν
1625 554 1702 626 τῷ
1721 553 1860 624 Θεῷ,
1889 553 2020 606 ὅταν

2127 563 2309 608 antem
2347 554 2618 624 ignaviam
2660 567 2754 622 per
2781 553 3233 620 deminutionem,
3287 557 3573 614 audaciam
3617 575 3714 628 per

391 712 408 742 ἱ
434 671 519 716 τις
550 653 697 717 ὅσιός
726 669 785 704 τε
837 652 933 704 καὶ
975 651 1183 715 δίκαιος
1228 651 1455 720 γένηται
1507 647 1645 720 μετά
1682 647 2020 718 φρονήσεως.

2127 648 2595 716 exsttperantiam.
2645 645 2754 701 Has
2783 655 2964 700 autem
3023 648 3254 703 virtutes
3301 665 3424 705 cum
3459 650 3629 706 insint
3657 653 3711 706 in

439 744 608 809 Τέλος
633 745 741 814 γὰρ
765 744 923 798 τοῦτο
951 745 1053 814 τῆς
1079 746 1254 814 ἄκρας
1279 743 1470 811 σοφίας
1491 741 1584 796 καὶ
1606 741 1807 812 ἀρετῆς
1838 738 1998 792 ὑποττ

2126 739 2348 793 humine
2389 739 2618 794 reddere
2643 749 2766 794 eum
2793 738 3090 806 perfectum
3127 741 3478 810 praebentque
3504 743 3552 796 ei
3586 743 3714 797 bea-

404 833 608 891 ⁷θεται,
640 835 802 904 Λέγει
835 835 892 888 δὲ
936 835 1357 888 ἀντακολουθεῖν
1393 831 1493 895 τὰς
1532 830 1738 903 ἀρετὰς
1767 829 2020 900 ἀλλήλαις

2125 830 2355 885 titatem.
2389 828 2713 883 Beatitatem
2739 839 2917 883 autent
2944 844 3065 884 esse
3100 831 3198 895 ait,
3234 846 3354 886 cum
3383 833 3506 902 quis
3556 833 3699 887 assi—

420 912 531 979 ’καὶ
569 925 864 996 μονοειδεῖς
893 921 1030 979 εἶναι
1071 926 1168 980 καὶ
1207 921 1476 996 μηδέποτε
1513 920 1891 975 ἐναντιοῦσθαι
1924 921 2020 974 ἀλ-

2125 922 2364 988 miietur,
2406 931 2668 990 quantum
2703 921 2820 976 iieri
2855 923 3044 992 possit,
3097 921 3228 977 Deo.
3262 923 3571 977 Assimitari
3609 940 3710 977 au-

412 1019 654 1088 -ληλαιᾳ
707 1017 818 1081 Τὰς
866 1017 922 1071 δὲ
957 1016 1156 1080 κακίας
1213 1014 1589 1085 πολυτρόπους
1623 1029 1682 1065 τε
1736 1009 1875 1065 εἶναι
1931 1012 2024 1065 καὶ

441 1112 570 1164 ποτὲ
609 1111 706 1181 μὲν
739 1109 1180 1175 ἀντακολουθεῖν,
1212 1109 1339 1161 ποτὲ
1369 1105 1424 1160 δὲ
1459 1103 1831 1160 ἐναντιοῦσθαι
1859 1103 2024 1173 ἀλλήο

438 1201 579 1264 λαις.
607 1199 965 1271 Εἱμαρμένην
1010 1199 1176 1271 φησὶν
1195 1196 1238 1230 ³³
1269 1193 1430 1259 εἷναι.
1463 1194 1526 1249 οὑ
1558 1195 1664 1268 μὴν
1692 1195 1870 1249 πάντα
1899 1193 2022 1248 καθ’

439 1291 784 1363 εἱμαρμένην
825 1290 1092 1358 γίνεσθαι,
1127 1290 1242 1344 ἀλλ’
1277 1286 1415 1343 εἶναι
1451 1305 1504 1342 τι
1531 1290 1627 1342 καὶ
1661 1288 1748 1357 ἐφ’
1775 1287 1931 1357 ἡμῖν,
1963 1287 2022 1340 ἰν

439 1379 519 1448 οἷς
569 1400 770 1455 φησιν’
798 1383 968 1436 Αιτία
1013 1382 1326 1452 ἑλομένου,
1370 1381 1514 1447 Θεὸς
1545 1379 1844 1445 ἁναίτιος’
1890 1377 2019 1431 καίδ

441 1475 674 1542 Θεσμός
718 1490 778 1527 τε
831 1472 1205 1540 Ἀδραστείας
1240 1467 1337 1524 ὅδε
1363 1469 1426 1523 ίδ.
1465 1467 1528 1523 Οἱ
1553 1468 1609 1522 δὲ
1634 1467 1778 1521 οὑτω
1806 1469 1867 1520 τὸ
1900 1465 2020 1521 καθ’

439 1566 803 1636 εἱμαρμένην,
851 1566 897 1616 οἱ
930 1559 985 1616 δὲ
1016 1559 1194 1616 καὶτὸ
1223 1563 1308 1630 ἐφ’
1350 1559 1516 1632 ἡμῖν·
1549 1559 1780 1614 ἀκοὺσια
1822 1557 1878 1612 δέ
1911 1574 2020 1628 φης

442 1673 524 1710 σιν
554 1655 690 1710 εἶναι
717 1656 783 1708 τὰ
820 1656 1226 1728 ἁμαρτήματα·
1258 1651 1338 1717 είς
1364 1652 1470 1724 γὰρ
1501 1651 1564 1706 τὸ
1593 1651 1880 1705 κάλλιστον
1911 1649 2021 1702 τῶν

440 1752 496 1803 ἐν
525 1752 678 1820 ἡμῖν,
724 1749 860 1820 ὅπερ
894 1748 1040 1801 ἐστὶν
1084 1749 1117 1818 ὴ
1155 1746 1324 1817 ψυχὴ,
1357 1745 1458 1798 οὑκ
1503 1744 1568 1799 ἀν
1601 1761 1724 1798 τινα
1760 1743 1822 1796 τδ
1851 1742 2020 1796 κακὸν

438 1840 870 1912 παραδέξασθαι,
920 1834 1164 1893 τουτέστι
1207 1839 1307 1909 τὴν
1337 1836 1583 1891 ἀδικίαν·
1618 1834 1760 1889 κατὰ
1790 1835 2019 1903 ἀγνοιαν

437 1932 492 1985 δὲ
519 1935 612 1987 καὶ
639 1932 864 2002 σφάλμα
884 1931 978 1984 τοῦ
1007 1928 1236 1998 ἀγαθοῦ,
1261 1928 1542 1999 οἰομένους
1563 1927 1727 1981 καλόν
1748 1943 1801 1979 τι
1823 1927 2018 1992 ποιεῖν,

436 2023 529 2076 ἐπὶ
569 2022 630 2076 τὸ
663 2021 836 2076 κακὸν
882 2019 1162 2091 ἔρχεσθαι.
1216 2018 1327 2070 Καὶ
1373 2015 1518 2081 λέξις
1551 2015 1745 2070 τούτου
1781 2018 2024 2085 ἐμφανε-

437 2117 609 2186 στάτη
652 2115 800 2168 ἐστὶν
837 2115 893 2166 ὲν
924 2115 988 2183 τῇ
1027 2111 1301 2181 Πολιτείᾳ,
1333 2112 1390 2164 ἐν
1485 2123 1682 2179 φησιν·
1722 2107 1916 2160 Πάλιν
1953 2105 2024 2158 δὲ

433 2202 514 2263 αὖ
539 2207 583 2238 ¹³
616 2202 872 2275 τολμᾶτε
891 2203 1095 2274 λέγειν
1122 2203 1165 2234 ¹⁶
1197 2203 1278 2269 ὡς
1315 2201 1578 2271 αἰσχρὸν
1605 2199 1706 2252 καί
1743 2196 2022 2266 θεομισὲς

432 2291 472 2367 ἡ
526 2297 728 2351 κακία.
785 2294 918 2360 Πῶς
974 2291 1090 2349 οὖν
1131 2293 1206 2359 δή
1263 2310 1353 2358 τις
1400 2292 1466 2344 τὸ
1508 2289 1786 2344 τοιοῦτον
1835 2286 2024 2342 κακὸν

431 2388 634 2458 alpoit’
662 2387 772 2452 dr;
798 2387 1022 2441 Ἤττων
1051 2383 1119 2451 ὃς
1150 2383 1227 2438 ἂι·
1252 2379 1314 2455 ᾖ,
1347 2382 1500 2452 φατὲ
1523 2381 1588 2448 ¹⁷,
1613 2379 1734 2434 τῶν
1753 2377 2014 2447 ἡδονῶν.

434 2479 672 2534 Οὐκοῦν
697 2480 796 2533 καὶ
823 2477 1000 2532 τοῦτο
1023 2477 1340 2543 ἀκούσιον,
1370 2475 1540 2543 εἴπερ
1564 2474 1630 2527 τὸ
1653 2471 1834 2540 νικᾶν
1853 2471 2023 2525 ἐκού·

429 2585 610 2638 Utor;
635 2571 791 2625 ὥστε
817 2570 887 2624 ἐκ
915 2567 1144 2633 παντὸς
1171 2569 1361 2638 ,λόγου
1394 2569 1461 2622 τό
1487 2583 1554 2637 τε
1580 2564 1812 2620 ἀδικεῖν
1838 2563 2021 2617 ditat}-

428 2679 568 2716 σιον
609 2665 642 2716 d
686 2662 872 2731 λόγος
929 2659 1176 2728 αἱρεῖη.
1249 2657 1609 2712 Ἀντιτίθεται
1639 2655 1698 2709 δέ
1747 2673 1833 2718 τις
1869 2653 2023 2724 αὑτῷ

431 2755 568 2826 πρὸς
621 2753 813 2809 τοῦτο’
862 2753 952 2808 διὰ
998 2753 1052 2806 τί
1109 2747 1204 2807 οῦν
1257 2750 1602 2816 κολάζονται,
1651 2750 1700 2802 ει
1748 2741 2022 2810 ἀκουσίως

431 2845 874 2919 ἁμαρτάνουσινς
921 2846 978 2900 '0
1029 2846 1084 2899 δὲ
1115 2844 1286 2914 λέγει,
1313 2845 1434 2898 ἰνα
1467 2860 1527 2896 τε
1562 2841 1724 2906 αὑτὸς
1745 2841 1826 2895 ὅτι
1866 2840 2021 2910 τάχιο

432 2954 532 2992 στα
563 2936 851 3008 ἀπαλλαγῇ
894 2935 1114 2999 κακίας,
1145 2935 1240 2989 καὶ
1285 2933 1509 2988 κόλασιν
1540 2931 1774 3005 ὑπόσχῃ.
1811 2933 1884 2984 Τδ
1910 2930 2020 3002 γὰρ

431 3030 653 3083 κόλασιν
681 3028 940 3100 ὑποσχεῖν
963 3029 1022 3080 οὑ
1062 3027 1231 3081 κακὸν
1262 3020 1400 3081 εἶναι
1431 3023 1569 3080 ἀλλὰ
1601 3024 1826 3094 ἀγαθὸν,
1860 3023 2020 3095 εἴπερ

434 3122 618 3192 μέλλει
666 3120 938 3193 κάθαρσις
984 3119 1094 3174 τῶν
1141 3119 1330 3173 κακῶν
1357 3116 1639 3188 γίνεσθαι·
1673 3116 1768 3170 καὶ
1795 3115 1881 3170 ἵνα
1918 3132 2022 3187 μη-

431 3211 518 3265 δὲν
547 3214 590 3246 ¹⁹
637 3213 1029 3284 ἁμαρτάνωσιν
1059 3212 1108 3265 οἱ
1141 3209 1321 3264 λοιποὶ
1364 3207 1658 3271 ἀκούοντες
1707 3207 2016 3278 ἄνθρωποι,

2127 1021 2234 1066 tem
2268 1014 2578 1084 quempiam
2631 1015 2764 1077 Deo,
2825 1030 2948 1070 cum
3005 1024 3251 1069 sanctum
3303 1023 3358 1068 et
3401 1015 3603 1083 justum
3654 1032 3714 1072 se

2125 1111 2344 1170 praestet
2368 1114 2488 1157 cum
2542 1103 2848 1172 prudentia.
2899 1103 3090 1158 Finem
3137 1103 3283 1160 enim
3319 1105 3465 1159 hunc
3487 1120 3712 1160 summae

2123 1189 2404 1262 sapientia:
2431 1203 2486 1251 et
2516 1196 2732 1250 virtutis
2780 1198 2995 1252 statuit.
3055 1192 3188 1251 Dicit
3224 1205 3407 1251 autem
3448 1197 3708 1253 societate

2123 1284 2356 1352 quadam
2389 1286 2656 1340 contineri
2703 1285 2933 1342 virtutes
2969 1297 3021 1343 et
3049 1287 3290 1358 ejusdem
3333 1288 3532 1357 speciei
3590 1301 3714 1344 esse

2125 1388 2226 1429 nec
2250 1386 2488 1444 unquam
2517 1377 2792 1432 adversari
2828 1375 2975 1435 inter
3003 1394 3083 1435 se.
3109 1379 3251 1435 Vitia
3277 1392 3458 1436 autem
3485 1391 3538 1436 et
3565 1380 3707 1435 mul-

2127 1467 2366 1536 tigenera
2394 1482 2514 1523 esse
2563 1477 2618 1523 et
2647 1471 2942 1540 aliquando
2973 1473 3237 1528 societate
3273 1474 3414 1528 inter
3453 1488 3514 1528 se
3538 1474 3714 1530 conti-

2124 1558 2263 1626 neri,
2292 1558 2584 1629 aliqttando
2628 1570 2807 1617 autem
2861 1563 3139 1618 adversari
3199 1566 3343 1620 inter
3389 1580 3470 1621 se.
3509 1565 3709 1620 Fatum

2122 1652 2255 1707 dicit
2281 1665 2422 1717 esse,
2459 1668 2564 1708 non
2592 1667 2720 1709 vero
2740 1657 2922 1709 omnia
2956 1652 3250 1724 perlatum
3284 1657 3420 1722 ﬂeri,
3461 1659 3555 1715 sed
3588 1669 3712 1712 esse

2123 1743 2324 1813 aliquid
2351 1745 2515 1799 etiam
2544 1745 2595 1798 in
2634 1753 2822 1800 nostra
2863 1755 3156 1813 potestate,
3187 1762 3311 1801 cum
3336 1748 3469 1802 dicit
3495 1765 3507 1802 :
3538 1735 3711 1817 Culpa

2122 1845 2194 1889 est
2218 1835 2353 1903 ejus,
2386 1835 2474 1906 qui
2515 1835 2666 1906 elegit
2696 1836 2818 1902 sibi,
2839 1836 2978 1891 Deus
3011 1853 3115 1892 non
3161 1840 3217 1892 in
3258 1839 3436 1908 culpa,
3469 1845 3564 1894 et:
3604 1839 3714 1893 Lex

2124 1926 2406 1982 Adrasteo:
2436 1929 2625 1983 literae.
2656 1927 2776 1984 Jatn
2802 1929 2891 1983 alii
2937 1927 3018 1984 sit:
3069 1929 3220 1984 illum
3252 1931 3525 2001 appellare
3566 1933 3713 2002 quod

2125 2031 2222 2088 per
2247 2017 2416 2073 fatum
2447 2021 2563 2082 ttat,
2595 2020 2684 2074 alii
2715 2029 2770 2074 et
2799 2021 2850 2074 id
2875 2021 3018 2090 quod
3045 2023 3100 2076 in
3135 2032 3320 2077 nostra
3347 2032 3619 2092 potestate
3640 2023 3713 2078 sit

2123 2113 2295 2167 aiunt.
2328 2111 2499 2168 Invita
2555 2122 2736 2168 autem
2787 2127 2909 2169 esse
2959 2116 3036 2169 ait
3097 2124 3336 2185 peccata.
3371 2114 3431 2170 in
3464 2115 3514 2170 id
3541 2117 3711 2178 enim,

2124 2205 2270 2273 quod
2299 2203 2730 2274 pulcherrimum
2754 2203 2908 2260 eatin
2932 2205 3111 2268 nobis.
3145 2205 3196 2260 id
3229 2206 3372 2275 quod
3399 2214 3483 2261 est
3505 2207 3711 2275 anima,

2125 2308 2230 2350 non
2267 2295 2426 2352 facile
2449 2309 2779 2366 quemquam
2811 2293 3014 2351 malum
3049 2297 3314 2366 recipere,
3348 2297 3450 2352 hoc
3488 2307 3574 2352 est
3593 2312 3713 2365 prao

2124 2383 2381 2452 vitatetn;
2431 2401 2528 2456 per
2574 2383 2996 2456 itnprudentiam
3029 2397 3214 2442 autem
3246 2397 3301 2442 et
3341 2385 3547 2457 lapsum
3584 2387 3710 2442 boni

2124 2477 2216 2546 qtti
2239 2478 2530 2546 epineutur
2559 2489 2617 2532 se
2669 2477 2959 2547 pulchrum
3007 2478 3216 2548 aliquid
3245 2479 3426 2534 facere
3452 2477 3714 2534 devenire

2125 2567 2178 2621 iu
2213 2567 2441 2622 malum.
2471 2566 2640 2634 Cujus
2664 2569 2882 2636 quidem
2919 2567 3205 2623 sententias
3256 2567 3556 2624 deelaratio
3604 2567 3715 2623 cla-

2127 2657 2342 2714 rissima
2413 2667 2593 2713 exstat
2632 2657 2684 2712 in
2727 2659 2986 2723 Civitate,
3025 2659 3077 2713 in
3117 2673 3221 2727 qua
3259 2657 3390 2714 dicit
3430 2674 3444 2712 :
3505 2657 3713 2712 Rursus

2124 2757 2298 2802 autem
2359 2747 2568 2804 audetis
2615 2750 2810 2812 dicere,
2847 2757 2998 2816 turpe
3061 2762 3173 2802 esse
3229 2747 3434 2815 diisque
3481 2747 3712 2802 invisum

2121 2838 2453 2906 pravitatem.
2493 2837 2768 2904 Quomodo
2805 2839 2968 2908 igitur
3011 2837 3224 2892 tandem
3277 2836 3541 2906 quispiam
3587 2853 3716 2891 cono

2123 2927 2354 2994 cupiscat
2390 2928 2496 2982 tale
2549 2927 2794 2984 malum?
2831 2927 2936 2994 Qui
2967 2928 3196 2998 inferior
3225 2937 3323 2994 est,
3365 2929 3710 2996 respondetia,

2122 3018 2526 3085 voluptatibus?
2578 3020 2702 3075 Non
2752 3036 2874 3091 ergo
2907 3020 3082 3074 ethoc
3132 3020 3390 3086 inritum,
3449 3020 3713 3090 siquidem

2123 3108 2326 3163 sincere
2357 3125 2461 3164 non
2494 3109 2718 3164 invitum
2739 3111 2764 3163 .9
2791 3120 2845 3164 ut
2886 3126 2950 3163 ea:
2984 3109 3128 3164 omni
3188 3111 3394 3164 ratione
3433 3125 3587 3178 prave
3626 3110 3712 3178 fa-

2123 3220 2238 3260 cere
2265 3217 2476 3275 praeter.
2510 3207 2834 3262 voluntatem
2899 3207 3018 3276 ﬁeri
3071 3207 3209 3262 ratio
3256 3207 3452 3261 vincat.
3482 3205 3717 3276 Opponit

431 3300 569 3354 ἀλλὰ
598 3266 982 3370 φυλάσσωνται
1027 3298 1125 3370 τὴν
1173 3297 1430 3368 τοιαύτην
1471 3266 1702 3366 πλάνην.
1739 3266 1926 3350 κακοῦ
1958 3266 2017 3348 at

2125 3306 2306 3353 autem
2357 3299 2578 3369 quidam
2618 3299 2670 3356 ei
2723 3310 2915 3355 contra
2952 3301 3056 3354 hoc
3100 3315 3115 3351 :
3159 3312 3324 3368 quam
3375 3301 3444 3354 ob
3490 3311 3712 3353 causam

431 3391 594 3461 φύσιν
621 3391 745 3445 οὑτε
771 3391 876 3445 ὑπδ
903 3388 1038 3444 Θεοῦ
1064 3389 1340 3460 γενέσθαι,
1376 3387 1502 3442 οὔτε
1524 3387 1647 3442 καθ’
1677 3385 1846 3458 αὑτὴν
1880 3384 2016 3440 ὑπό-

2126 3388 2290 3459 igitur
2319 3389 2619 3460 puniuntur
2645 3391 2740 3462 qui
2769 3390 2924 3445 inviti
2958 3383 3231 3461 peccant?
3259 3387 3308 3443 is
3336 3399 3519 3443 autem
3546 3389 3712 3446 dicit:

434 3493 623 3537 στασιν
655 3483 822 3554 ἔχειν,
869 3482 1006 3537 ἀλλά
1039 3483 1160 3536 κατ’
1193 3481 1513 3536 ἐναντίωσιν
1548 3479 1624 3554 [p.
1655 3478 1891 3551 24-26]
1924 3479 2018 3532 καὶ

2125 3479 2188 3537 Ut
2230 3489 2286 3536 et
2317 3480 2432 3551 ipse
2477 3495 2642 3551 quam
2696 3481 2984 3538 celerrime
3038 3481 3302 3536 liberetur
3353 3480 3625 3551 pravitate
3657 3489 3715 3534 et

432 3573 911 3645 παρακολούθησιν
969 3573 1062 3626 τοῦ
1128 3570 1338 3641 ἀγαθοῦ
1393 3571 1737 3636 γενέσθαιίο,
1800 3571 1833 3641 ἢ
1893 3569 2017 3624 καθ’

432 3658 739 3738 ὑπερϐολὴν
789 3666 822 3737 ἢ
887 3667 1027 3720 κατὰ
1076 3665 1325 3736 μείωσιν,
1361 3665 1438 3728 ὡς
1486 3665 1620 3736 περὶ
1665 3665 1772 3718 τῶν
1805 3662 2018 3735 ἀρετῶν

431 3756 787 3828 προείπομεν.
828 3757 888 3810 '0
919 3757 1020 3827 μὲν
1043 3752 1136 3810 οῦν
1162 3753 1410 3819 Πλάτων,
1440 3754 1625 3817 καθὼς
1657 3755 2016 3825 προείπομεν,

432 3845 757 3916 συναγαγὼν
808 3845 878 3899 τά
910 3845 1038 3917 τρία
1083 3845 1228 3916 μέρη
1265 3843 1366 3914 τῆς
1401 3843 1545 3898 κατά
1590 3846 1768 3899 πάντα
1797 3844 2017 3914 φιλοσο-

431 3938 581 4009 φίας,
615 3937 792 4002 οὑτως
819 3935 1237 4007 ἐφιλοσόφησεν.
1932 3946 1934 3948 '

2127 3582 2317 3641 pmnas
2340 3572 2450 3626 det.
2480 3569 2617 3626 Nam
2649 3585 2840 3643 pmnas
2871 3572 3002 3628 dare
3031 3585 3138 3628 non
3180 3571 3384 3625 malum
3413 3583 3562 3638 esse,
3612 3569 3712 3626 sed

2126 3664 2352 3729 bonum,
2383 3663 2654 3734 siquidem
2709 3664 2889 3720 futura
2945 3665 3020 3721 sit
3073 3665 3324 3737 purgatio
3354 3664 3620 3718 malorum
3657 3671 3714 3719 et

2127 3771 2196 3810 ne
2219 3755 2348 3824 quid
2373 3764 2604 3824 peccent
2631 3755 2826 3827 reliqui
2869 3755 3122 3812 homines
3170 3755 3392 3827 cognito
3435 3753 3711 3824 exemplo,

2124 3846 2220 3902 sed
2252 3855 2484 3901 caveant
2507 3847 2577 3902 ab
2599 3844 2869 3917 ejusmodi
2906 3857 3118 3903 errore.
3176 3846 3303 3902 Mali
3334 3855 3516 3901 autem
3548 3852 3710 3900 natu-

2127 3949 2242 3991 ram
2279 3950 2458 4009 neque
2489 3954 2520 3993 a
2545 3939 2654 3995 Deo
2689 3940 2888 3995 tactam
2931 3951 3080 4006 esse,
3126 3952 3306 4009 neque
3359 3953 3456 4010 per
3486 3951 3545 3992 se
3577 3951 3712 3992 con-

429 4034 658 4095 sistere,
718 4030 810 4084 sed
891 4043 988 4099 per
1047 4027 1486 4084 adversatiouem
1554 4034 1610 4081 et
1687 4027 2006 4082 comitatum
2046 4025 2296 4100 38-39
2360 4030 2488 4085 boni
2551 4031 2850 4096 exstitisse,
2886 4037 2980 4086 aut
3024 4042 3121 4100 per
3159 4031 3569 4086 diminutionem
3609 4039 3704 4084 aut

428 4131 526 4191 per
561 4117 1026 4189 exsuperantiam,
1066 4116 1144 4172 uti
1189 4118 1255 4172 de
1285 4115 1572 4172 virtutibus
1625 4124 1753 4171 ante
1795 4117 2052 4173 diximus.
2094 4119 2251 4175 Plato
2287 4119 2474 4191 igitur,
2504 4131 2564 4176 ut
2601 4135 2764 4192 supra
2815 4121 3076 4186 diximus,
3132 4123 3460 4179 consociatis
3529 4123 3700 4179 tribus

430 4213 675 4284 partibus
730 4209 1050 4266 universalis
1102 4209 1459 4280 philosophia
1495 4210 1548 4264 in
1591 4209 1736 4264 hunc
1775 4209 1993 4264 modum
2034 4211 2542 4284 philosOphabatur.

497 4303 590 4360 20.
639 4300 1022 4374 Ἀριστοτέλης
1067 4298 1263 4354 τούτου
1307 4297 1600 4369 γενόμενος
1628 4299 1908 4369 ἀκροατὴς
1937 4299 2020 4363 εἰς

431 4397 630 4467 τέχνην
687 4395 784 4466 τὴν
837 4393 1161 4464 φιλοσοφίαν
1219 4390 1452 4464 ἢγαγεν,
1513 4395 1609 4446 καὶ
1658 4391 2020 4465 λογικῶτερος

2197 4305 2538 4368 Aristoteles,
2574 4305 2664 4376 qui
2709 4305 2870 4376 hujus
2899 4307 3118 4362 auditor
3144 4307 3264 4374 fuit,
3303 4307 3358 4362 in
3393 4314 3562 4362 artem
3590 4306 3709 4376 plil.

2128 4397 2428 4466 losotdtiam
2487 4399 2697 4468 redegit
2749 4399 3090 4476 logicamque
3141 4399 3483 4470 disciplinam
3543 4399 3713 4468 magis

433 4483 671 4550 ἐγένετο,
715 4483 786 4534 τά
832 4483 929 4552 μὲν
971 4483 1212 4554 στοιχεῖα
1270 4480 1379 4536 τῶν
1412 4483 1631 4536 πάντων
1681 4481 2019 4553 ὑποθέμενος

2125 4489 2383 4554 excoluit,
2420 4488 2686 4543 elementa
2713 4490 3089 4544 universorum
3123 4505 3330 4560 ponens
3357 4490 3712 4546 substantiam

435 4571 624 4625 οὐσίαν
659 4573 754 4625 καὶ
790 4573 1143 4643 συμϐεϐηκός
1167 4588 1181 4602 ·
1228 4572 1329 4644 τὴν
1381 4573 1482 4643 μὲν
1509 4574 1703 4628 οὑσῖαν
1748 4574 1880 4644 μίαν
1918 4575 2019 4646 τὴν

437 4666 602 4719 πᾶσιν
648 4663 1017 4734 ὑποκειμένην
1037 4679 1050 4694 ’
1092 4662 1163 4716 τὰ
1191 4663 1249 4717 δὲ
1277 4663 1664 4736 συμϐεϐηκότα
1697 4666 1854 4720 ἐννέα
1879 4682 1893 4698 ⁸
1927 4684 2023 4720 που

437 4757 548 4821 σὺν,
575 4756 751 4820 ποιὸν,
781 4755 919 4826 πρὸς
940 4756 1014 4821 τί,
1038 4753 1164 4819 ποῦ,
1191 4754 1341 4819 πότε,
1365 4756 1534 4827 ἔχειν,
1557 4759 1793 4825 κεῖσθαι,
1822 4761 2021 4828 ποιεῖν,

437 4847 686 4920 πάσχειν.
733 4848 846 4920 Τὴν
897 4847 998 4919 μὲν
1033 4843 1130 4903 οὖν
1171 4848 1364 4902 οὐσίαν
1399 4851 1657 4923 τοιαύτην
1707 4848 1870 4918 εἶναι,
1908 4847 2020 4906 οἷον

434 4939 589 5007 Θεὸν,
636 4939 924 5011 ἄνθρωπον
975 4941 1070 4994 καὶ
1123 4939 1359 4994 ἑκαστον
1388 4941 1498 4996 τῶν
1549 4941 1626 5014 τῷ
1658 4944 1828 5016 ὁμοίῳ
1875 4943 2021 5016 λόγῳ

436 5034 734 5090 ὑποπεσεῖν
793 5033 1129 5107 δυναμένων.
1193 5033 1332 5108 Περὶ
1384 5031 1441 5089 δὲ
1497 5036 1566 5091 τὰ
1631 5036 2019 5108 συμϐεϐηκότα

437 5123 723 5196 θεωρεῖται
748 5119 810 5180 τδ
861 5125 961 5196 μὲν
991 5125 1186 5192 ποιόν,
1231 5121 1343 5181 οἷον
1373 5126 1589 5189 λευκὸν.
1623 5129 1822 5198 μέλαν’
1857 5129 1920 5182 τὸ
1961 5129 2019 5183 δὲ

438 5214 655 5280 ποσόν,
706 5211 817 5269 οἷον
863 5214 1088 5287 δίπηχυ,
1117 5216 1358 5288 τρίπηχυ
1382 5235 1394 5247 ·
1422 5217 1485 5270 τὸ
1515 5217 1572 5272 δὲ
1620 5218 1773 5286 πρὸς
1806 5219 1881 5284 τί,
1910 5218 2022 5274 οἷον

2126 4587 2183 4633 et
2212 4579 2484 4646 accidens,
2517 4588 2572 4634 et
2591 4580 2950 4636 substantiam
2977 4582 3197 4652 quidem
3227 4597 3414 4648 unam,
3443 4597 3562 4652 qtue
3595 4583 3718 4639 uni-

2130 4672 2305 4727 versis
2329 4673 2600 4728 substrata
2643 4674 2710 4728 sit
2737 4715 2752 4739 ,
2786 4674 3088 4730 accidentia
3123 4683 3308 4730 autem
3344 4691 3574 4731 numero
3615 4690 3716 4730 no-

2128 4773 2250 4818 vem
2273 4781 2287 4818 :
2307 4771 2590 4834 quantum,
2609 4765 2790 4834 quale,
2809 4765 2873 4820 ad
2900 4766 3053 4836 quid,
3080 4767 3192 4833 ubi,
3216 4767 3460 4836 quando,
3485 4767 3710 4833 habere,

2127 4855 2291 4909 sitmn
2319 4869 2476 4920 esse,
2520 4853 2735 4922 facere,
2765 4857 2896 4924 pati.
2933 4856 3055 4912 iam
3099 4856 3467 4912 substantiam
3525 4857 3705 4926 hujus-

2127 4944 2272 4998 modi
2302 4958 2446 5006 esse,
2475 4945 2638 5000 veluti
2662 4946 2853 5012 Deum,
2875 4946 3172 5013 hominem,
3200 4956 3254 5002 et
3278 4944 3409 5002 nihil
3441 4960 3544 5002 non
3570 4949 3714 5019 quod

2130 5034 2186 5088 in
2220 5034 2467 5089 eumdem
2497 5048 2721 5090 censum
2753 5037 2958 5092 veniat.
3009 5036 3164 5104 Quod
3193 5047 3375 5092 autem
3408 5039 3606 5094 attinet
3640 5040 3709 5094 ad

2123 5126 2467 5193 accidentia,
2513 5127 2565 5182 id
2614 5128 2760 5197 quod
2815 5129 2972 5199 quale
3025 5129 3157 5185 dicit
3203 5131 3512 5187 ostenditur
3541 5130 3712 5189 veluti

2130 5218 2352 5284 album,
2412 5220 2670 5290 nigrum;
2740 5230 2994 5288 quantum
3035 5231 3216 5278 autem
3266 5223 3431 5280 veluti
3485 5221 3712 5280 duarum

1721 5377 1807 5433 VA
1817 5377 1956 5432 RIIE
1997 5375 2404 5435 LECTIONES.

562 5511 606 5594 ις
637 5511 801 5593 φασίν
835 5510 895 5576 Β,
923 5510 987 5577 L,
1017 5511 1081 5568 Ο.
1160 5511 1205 5543 ⁸³
1233 5509 1326 5593 ὃδεο
1349 5507 1630 5592 Roeperns
1654 5509 1858 5564 addidit
1884 5524 1949 5564 ex
1978 5508 2114 5597 Plat.
2153 5508 2370 5566 Pluedr.
2487 5508 2618 5563 248.
2704 5507 2746 5540 ¹⁸
2773 5506 2858 5563 Cf.
2890 5507 3124 5578 Roeper.
3159 5525 3212 5580 p.
3247 5510 3358 5568 623
3410 5510 3589 5582 Locus
3613 5526 3717 5569 ex-

587 5597 642 5633 m
692 5581 1035 5633 Clitonhonte
1067 5598 1120 5633 υ.
1164 5579 1255 5633 l07
1284 5595 1364 5633 Sic
1414 5589 1651 5633 scrtutus
1693 5597 1706 5632 :
1749 5579 1920 5632 Πάλιν
1963 5579 2008 5633 δ’
2033 5597 2101 5632 αυ
2131 5578 2372 5633 τολμᾶτε
2437 5581 2584 5633 έγειν
2609 5579 2685 5633 ὡς
2723 5577 2948 5633 αἰσγοὸν
2986 5581 3080 5633 καὶ
3118 5578 3366 5633 θεομισὲς
3409 5583 3442 5633 ἦ
3487 5578 3707 5633 ἀδικίαο

440 5589 550 5638 ιιιι
587 5574 661 5651 ἰιί
692 5574 1035 5651 Clitopltoute
1067 5598 1120 5651 p.
1164 5579 1255 5651 107
1284 5582 1364 5635 sic
1414 5574 1660 5651 scriptus
1693 5597 1706 5632 :
1749 5579 1928 5651 Πάλιν
1963 5579 2008 5651 δ’
2033 5574 2372 5651 αὑῌτολμάτε

441 5651 558 5715 πῶς
579 5646 676 5705 οὖν
715 5651 780 5721 δή
809 5646 894 5716 τις
919 5650 982 5704 τό
1010 5646 1082 5718 γε’
1099 5649 1342 5704 τοιοῦτον
1372 5646 1542 5704 κακὸν
1571 5647 1714 5702 ἑκὼν
1739 5650 1933 5718 αἱροῖέ
1966 5650 2032 5704 ἄν
2055 5667 2068 5716 ;
2093 5646 2272 5719 sum
2297 5647 2358 5711 ὃς
2397 5646 2546 5774 aui,
2580 5651 2738 5719 φατὲ,

441 5719 734 5774 ἀκούσιον.
765 5721 926 5774 εἴπεο
968 5721 1029 5772 τὸ
1068 5721 1226 5774 νικᾶν
1259 5719 1548 5774 ἑκοὺσιονε
1577 5719 1719 5774 ὥστε
1751 5721 1814 5771 ὲκ
1841 5719 2040 5774 παντὸς
2081 5718 2284 5774 τρόπου
2315 5719 2376 5771 τό
2405 5737 2469 5774 γε
2537 5720 2710 5774 δικεῖν

441 5719 698 5780 ἀκούσιον
717 5762 734 5786 ,
765 5718 926 5791 εἴπερ
968 5721 1029 5772 τὸ
1068 5721 1237 5791 νικᾷνᾲ
1259 5719 1548 5791 ἑκούσιονς
1577 5719 1719 5791 ὥστε
1751 5719 2040 5791 ὲκ-παντὸς
2081 5718 2284 5791 τρόπου
2315 5719 2382 5791 τό
2405 5718 2566 5791 γε

442 5799 485 5827 ¹⁶
514 5792 662 5862 αὑτῷ
700 5792 818 5860 ἅμα
845 5785 907 5844 τε
940 5791 1119 5855 λέγειν
1153 5785 1331 5857 vulgo.
1412 5789 1450 5819 ¹⁷
1488 5785 1657 5910 Ἇτῶν
1683 5790 1781 5842 ὅσα
1816 5787 1878 5857 δή
1911 5805 2046 5856 φατε
2081 5785 2261 5857 vitlgu.
2345 5785 2445 5861 "[6
2481 5789 2639 5858 λόγος
2677 5791 2824 5861 αἱρεῖ
2848 5820 2915 5829 —-
2941 5788 3096 5858 λόγος
3131 5785 3275 5860 αἱρεῖ

443 5862 618 5910 vuluo.
700 5861 741 5892 "
780 5861 914 5910 μηδὲ
947 5861 1122 5910 vuirzo.
1182 5860 1226 5889 ’θ
1267 5859 1502 5910 γενήσεσ
1539 5877 1592 5910 αι
1629 5860 1690 5910 Τ.

1473 5876 1502 5911 σ

443 5859 645 5932 νυΙεο.’
700 5859 751 5892 ³³⁷
779 5861 914 5932 μηδὲ
947 5861 1122 5930 vulgo.
1182 5860 1226 5889 ’θ
1267 5859 1592 5932 γενήσεσθαι
1629 5860 1690 5910 Τ.

2466 5577 3080 5668 summatem:
3118 5577 3366 5668 θέφειισις
3409 5583 3442 5654 ἡ
3487 5578 3707 5668 tatus:

2773 5648 2885 5703 τῶν
2919 5648 3153 5720 ἡδονῶνο
3181 5648 3384 5720 οὑκοῦν
3429 5648 3525 5706 καὶ
3566 5649 3712 5720 τοῦτ’

2570 5718 2710 5774 ικεῖν
2748 5718 3003 5789 ἀκούσιον
3026 5719 3234 5789 όλόγος
3267 5718 3436 5789 αἱρεῖ,
3462 5740 3515 5777 κ.
3563 5739 3615 5777 τ.
3659 5719 3707 5774 λ.

3372 5811 3386 5860 ;
3415 5793 3570 5862 λόγος
3598 5795 3705 5863 ἐρεῖ
