4080 6404
347 395 415 460 30
427 395 484 456 47

1802 402 2167 464 ORIGENIS

3472 401 3615 468 3048

353 512 588 562 triumve
621 506 906 573 ulnarum;
939 507 1066 563 illud
1098 519 1280 566 autem
1318 518 1388 565 ad
1411 513 1561 582 quid,
1586 513 1730 570 velut
1753 523 1921 583 pater,

2037 515 2242 585 πατὴρ,
2270 514 2384 577 υἱός
2403 532 2420 544 ν
2453 514 2514 567 τὸ
2543 514 2598 568 δὲ
2632 514 2772 578 ποῦ,
2803 507 2913 567 οἷον
2952 513 3226 586 Ἀθήνησι,
3260 515 3508 586 Μεγαροῖ
3527 519 3569 549 ⁸⁸
3593 532 3610 547 ο

351 600 491 653 illius
521 617 536 665 ;
567 600 655 651 ubi
689 609 866 653 autem
889 638 905 662 ,
943 599 1084 654 velut
1115 601 1377 668 Athenis,
1409 603 1676 674 Megaris;
1719 605 1930 674 quando

351 701 557 750 autem,
591 689 738 742 velut
769 692 975 743 decima
1007 691 1362 761 Olympiade;
1394 695 1583 748 habere
1614 706 1818 759 autem,
1841 710 1934 748 ve-

350 778 429 831 lut
464 780 772 847 possidere;
804 779 976 849 facere
1003 794 1206 846 autem,
1234 785 1380 838 velut
1404 785 1646 840 scribere
1671 797 1724 840 et
1753 785 1932 840 omni-

352 886 422 924 no
463 882 680 938 patrare
714 872 916 940 aliquid
947 913 962 935 ,
994 877 1152 926 silum
1184 886 1364 930 autem
1394 894 1505 930 esse
1527 919 1542 943 ,
1572 877 1732 931 Veluti
1783 877 1931 931 httmi

349 960 578 1027 jacere;
615 964 723 1026 pati
756 975 932 1016 autem
963 1003 976 1028 ,
1030 966 1173 1019 velut
1214 969 1509 1025 verberari.
1549 969 1702 1023 Ponit
1733 979 1785 1022 et
1818 969 1934 1037 ipse

353 1054 460 1104 alia
503 1054 740 1106 medium
781 1056 981 1108 habere
1007 1095 1021 1118 ,
1058 1057 1159 1108 alia
1195 1072 1299 1111 non
1333 1059 1565 1124 habere,
1615 1071 1669 1112 ut
1698 1061 1934 1116 diximus

350 1145 512 1196 etiam
551 1145 616 1196 de
660 1143 902 1200 Platone.
960 1145 1024 1198 Et
1072 1163 1206 1213 pene
1249 1149 1300 1202 in
1339 1150 1498 1204 rebus
1525 1151 1770 1218 plurimis
1803 1167 1931 1207 con-

351 1235 544 1288 cordat
598 1249 718 1289 eum
767 1235 987 1290 Platone
1028 1249 1255 1306 excepta
1309 1241 1374 1294 de
1420 1243 1600 1294 anima
1659 1242 1930 1296 doctrina.

352 1323 507 1378 Plato
544 1326 688 1378 enim
725 1327 1080 1380 immortalem
1110 1369 1123 1391 ,
1156 1331 1481 1388 Aristoteles
1507 1343 1686 1387 autem
1715 1349 1932 1404 perma-

353 1430 483 1468 nere
508 1425 562 1470 et
601 1426 720 1484 post
749 1416 863 1470 haec
906 1427 961 1470 et
1004 1417 1176 1486 ipsam
1213 1434 1546 1476 evanescere
1596 1424 1648 1476 in
1683 1425 1930 1491 quintum

350 1517 570 1572 corpus,
603 1505 744 1572 quod
773 1505 926 1571 ponit
955 1521 1078 1561 esse
1109 1522 1230 1560 cum
1265 1510 1488 1578 reliquis
1521 1523 1754 1578 quatuor
1781 1551 1796 1573 .
1832 1514 1934 1567 hoc

350 1601 511 1646 estet
542 1593 647 1660 igni
673 1603 729 1646 et
757 1604 895 1648 terra
932 1607 989 1649 et
1011 1612 1147 1663 aqua
1179 1607 1234 1648 et
1265 1613 1393 1651 aere
1419 1601 1650 1663 tenuius,
1674 1609 1930 1670 tanquam

350 1683 623 1748 spiritum.
658 1681 855 1737 Verum
881 1684 1036 1738 Plato
1066 1686 1176 1738 sola
1215 1687 1352 1739 bona
1391 1703 1580 1755 reapse
1609 1705 1728 1757 quae
1759 1692 1930 1758 perti-

350 1778 516 1824 neant
540 1774 604 1823 ad
622 1772 858 1824 animam
880 1772 1011 1825 dicit
1037 1788 1210 1840 eaque
1226 1774 1469 1829 sullicere
1490 1778 1555 1830 ad
1583 1781 1929 1850 beatitatem;

2032 605 2095 657 τὸ
2139 603 2195 656 δὲ
2241 604 2409 665 πότε,
2440 598 2552 656 οἷον
2583 604 2675 657 ἐπὶ
2719 603 2818 673 τῆς
2854 604 3086 673 δεκάτης
3127 603 3521 674 Ὀλυμπιάδος·
3553 607 3615 660 τὺ

2033 696 2089 748 δὲ
2134 696 2318 762 ἔχειν,
2351 689 2462 748 οἷον
2509 695 2810 764 κεκτῆσθαι
2833 711 2844 724 ’
2878 695 2938 747 τὸ
2973 695 3028 748 δὲ
3076 695 3292 760 ποιεῖν,
3329 692 3442 749 οἷον
3471 698 3614 768 γρά-

2034 803 2156 854 φειν
2183 787 2276 839 καὶ
2315 786 2452 850 ὅλως
2491 787 2736 857 ἐνεργεῖν
2775 803 2863 839 τι·
2897 787 2958 838 τὸ
2991 785 3047 838 δὲ
3080 786 3333 850 κεῖσθαι,
3369 782 3482 840 οἷον
3513 806 3615 842 κα-

2032 878 2316 930 τακεῖσθαι
2338 896 2352 910 ο
2398 879 2457 930 τὸ
2479 880 2534 930 δὲ
2568 879 2850 948 πάσχειν,
2891 872 3001 930 οἷον
3029 878 3348 932 τύπτεσθαι.
3400 875 3616 931 Ὑποτίο

2035 971 2188 1024 θεται
2212 971 2307 1024 καὶ
2335 971 2497 1034 αὐτὸς
2525 971 2594 1023 τὰ
2622 971 2720 1040 μὲν
2760 971 3032 1038 μεσότητα
3059 969 3224 1039 ἔχειν,
3256 969 3326 1022 τὰ
3351 970 3408 1022 δὲ
3433 970 3616 1038 ἄμεσα

2033 1060 2192 1126 εἶναι,
2219 1063 2294 1127 ὡς
2319 1063 2547 1132 εἴπομεν
2567 1065 2660 1116 καὶ
2687 1064 2813 1134 περὶ
2838 1062 2930 1116 τοῦ
2959 1062 3266 1124 Πλάτωνος.
3297 1064 3405 1115 Καὶ
3430 1064 3614 1133 σχεδὸν

2033 1157 2104 1208 τὰ
2153 1154 2382 1207 πλεῖστα
2430 1154 2508 1224 τῷ
2556 1155 2801 1208 Πλάτωνι
2849 1153 3143 1222 σύμφωνός
3193 1157 3310 1206 ἐστι
3347 1154 3487 1224 πλὴν
3517 1154 3620 1208 τοῦ-

2035 1247 2165 1316 περὶ
2194 1246 2370 1315 ψυχῆς
2392 1247 2437 1277 ²¹
2467 1246 2756 1316 δόγματος.
2801 1245 2859 1298 Ὀ
2891 1245 2988 1316 μὲν
3017 1245 3125 1316 γὰρ
3157 1245 3380 1298 Πλάτων
3411 1244 3614 1299 ἀθάνα-

2032 1352 2146 1400 τον,
2177 1337 2206 1387 ὁ
2233 1335 2290 1388 δὲ
2332 1335 2709 1407 Ἀριστοτέλης
2745 1334 3114 1406 ἐπιδιαμένειν
3139 1337 3234 1389 καὶ
3275 1337 3416 1405 μετὰ
3441 1335 3613 1390 ταῦτα

2034 1428 2130 1482 καὶ
2160 1427 2362 1496 ταύτην
2404 1427 2821 1496 έναφανίζεσθαι
2866 1427 2944 1497 τῷ
2985 1429 3223 1498 πέμπτῳ
3251 1427 3483 1497 σώματι.
3516 1429 3544 1482 δ
3565 1428 3611 1460 ⁸³

2035 1517 2349 1572 ὑποτίθεται
2398 1515 2539 1572 εἶναι
2574 1519 2712 1588 μετὰ
2753 1518 2862 1571 τῶν
2892 1519 3066 1574 ἄλλων
3096 1519 3399 1588 τεσσάρων,
3431 1521 3525 1574 τοῦ
3551 1539 3613 1574 τι

2035 1609 2206 1680 πυρὸς
2258 1610 2352 1662 καὶ
2403 1611 2503 1679 τῆς
2550 1611 2655 1679 γῆς
2692 1609 2785 1662 καὶ
2831 1609 2924 1661 τοῦ
2961 1609 3151 1671 ὓδατος
3189 1611 3282 1662 καὶ
3326 1609 3420 1662 τοῦ
3454 1613 3613 1682 ἀέρος

2033 1699 2376 1769 λεπτότερον,
2403 1693 2515 1752 οἷον
2540 1699 2777 1769 πνεῦμα.
2816 1699 2875 1752 Ὀ
2904 1699 3000 1768 μὲν
3028 1694 3119 1752 οὖν
3147 1699 3193 1729 ³⁸
3221 1699 3446 1752 Πλάτων
3473 1703 3612 1770 μόνα

2036 1792 2218 1860 ἀγαθὰ
2257 1791 2426 1854 ὅντως
2449 1790 2515 1843 τὰ
2544 1793 2674 1860 περὶ
2699 1790 2875 1862 ψυχὴν
2900 1789 3038 1845 εἷναί
3071 1811 3258 1862 φησιν,
3291 1796 3386 1848 καὶ
3419 1796 3611 1863 ἀρκεῖν

346 1862 670 1915 Aristoteles
697 1873 876 1917 autem
908 1862 1168 1919 trifariam
1204 1867 1375 1921 divisa
1419 1869 1557 1922 bona
1603 1870 1806 1924 inducit
1830 1887 1921 1925 ne-

2039 1857 2176 1954 πρδς
2202 1885 2302 1955 τὴν
2326 1857 2691 1954 εὐδαιμονίαν.
2715 1857 2865 1938 ’Ὅ-δῡὲ
2907 1857 3284 1956 Ἀριστοτέλης
3305 1857 3612 1957 τριγένειαν

348 1963 544 2022 satque
597 1954 894 2023 perfectum
938 1972 1059 2011 esse
1110 1958 1432 2028 sapientem,
1496 1962 1600 2016 nisi
1653 1964 1833 2018 adsint
1879 1966 1930 2019 ei

349 2043 512 2095 etiam
551 2046 796 2112 corporis
825 2048 962 2100 bona
995 2057 1046 2100 et
1083 2065 1202 2117 qua!
1232 2060 1358 2102 sunt
1389 2061 1541 2106 extra
1573 2071 1587 2108 :
1632 2070 1750 2121 quae
1805 2067 1931 2112 sunt

351 2134 716 2201 pulchritudo,
745 2137 930 2200 robur,
968 2140 1117 2206 vigor
1143 2154 1423 2205 sensuum,
1453 2143 1754 2211 integritas,
1780 2149 1930 2200 Sani-

351 2235 452 2290 tas,
485 2242 605 2294 quas
633 2241 812 2281 autem
852 2241 977 2284 sant
1005 2240 1161 2284 extra
1193 2250 1208 2286 :
1241 2234 1459 2298 divitiae,
1495 2237 1768 2304 nobilitas,
1809 2239 1926 2307 glo-

347 2315 447 2374 ria.
484 2318 748 2384 putentla,
777 2335 903 2388 pax,
936 2323 1210 2389 amicitia;
1255 2341 1373 2389 quae
1402 2337 1580 2381 autem
1627 2331 1770 2386 intus
1803 2340 1930 2388 sunt

347 2406 491 2459 circa
520 2409 795 2472 animam,
828 2412 971 2466 sicut
1018 2414 1180 2468 etiam
1213 2413 1423 2471 Platani
1455 2419 1626 2473 visum
1660 2432 1762 2485 est,
1800 2440 1928 2492 pru-

345 2497 622 2562 dentiam,
667 2503 1076 2566 temperantiam
1114 2543 1128 2567 ,
1178 2507 1484 2574 justitiam,
1522 2513 1923 2570 fortitudinem.

345 2585 482 2640 Mala
548 2602 727 2642 autem
785 2595 947 2646 etiam
1005 2598 1093 2651 hic
1139 2598 1270 2653 dicit
1329 2615 1426 2668 per
1489 2605 1922 2662 adversationem

345 2679 622 2733 exstitisse
652 2683 914 2737 bonorum
956 2697 1007 2739 et
1040 2703 1160 2742 esse
1191 2689 1242 2743 in
1284 2708 1348 2746 eo
1379 2692 1517 2760 loco,
1551 2698 1645 2764 qui
1677 2700 1777 2751 sub
1799 2698 1924 2754 luna

342 2776 470 2832 est,
522 2785 682 2839 supra
720 2771 901 2826 lunam
933 2787 1114 2831 autem
1156 2795 1262 2832 non
1297 2783 1623 2852 pertingere.
1670 2787 1922 2843 Animam

347 2873 526 2918 autem
563 2866 800 2921 universi
832 2871 1050 2935 quidem
1083 2875 1266 2928 mundi
1319 2876 1681 2935 immortalem
1715 2896 1836 2938 esse
1869 2893 1924 2937 et

341 2955 514 3023 ipsum
551 2960 812 3013 mundum
849 2970 1134 3029 aeternum,
1175 2964 1420 3038 40-41
1454 2972 1792 3042 singulorum
1829 2991 1923 3028 att-

342 3056 472 3111 lem,
503 3058 560 3102 ut
589 3064 753 3120 supra
788 3052 1043 3122 diximus,
1078 3058 1275 3124 perire.
1310 3058 1408 3114 Hie
1439 3063 1604 3131 igitur
1640 3065 1694 3118 in
1727 3065 1920 3137 Lycaeo

342 3139 549 3193 versari
582 3141 774 3195 solitus
798 3143 1303 3218 philosophabatur,
1329 3151 1473 3207 Zeno
1501 3167 1679 3210 autem
1709 3159 1763 3212 in
1795 3174 1918 3227 por-

342 3231 450 3285 ticu
512 3249 634 3302 quin.
695 3233 902 3292 Ptecile
961 3241 1278 3299 vocabatur.
1337 3245 1496 3301 Nacti
1556 3260 1737 3305 autem
1795 3263 1922 3309 sunt

339 3320 577 3380 Zenonis
613 3327 861 3398 discipuli
894 3346 922 3384 a
954 3330 1076 3388 loco
1105 3349 1301 3391 nomen
1324 3378 1340 3404 ,
1368 3353 1490 3392 cum
1533 3356 1561 3394 a
1591 3341 1724 3397 Stoa
1752 3342 1920 3400 Stoici

341 3416 517 3470 vocati
545 3418 694 3486 sint,
733 3419 1043 3480 Aristotelis
1078 3435 1259 3482 autem
1293 3431 1361 3484 ab
1415 3446 1619 3502 opere;
1665 3439 1920 3504 quoniam

337 3509 480 3562 enim
511 3512 851 3570 ambulantes
884 3516 934 3571 in
977 3517 1172 3589 Lycaeo
1201 3526 1733 3592 commentabantur,
1783 3531 1920 3586 hanc

337 3599 407 3690 ob
437 3615 660 3657 causam
707 3605 1056 3676 Peripatetici
1106 3613 1359 3682 appellati
1395 3627 1542 3672 sunt.
1579 3616 1706 3674 Haec
1756 3621 1920 3690 igitur

337 3689 648 3749 Aristotelis
675 3695 921 3752 doctrina
956 3699 1076 3756 fuit.

409 3781 576 3876 Stoici
605 3795 660 3840 et
693 3787 792 3856 ipsi
832 3792 1050 3860 quidem
1090 3795 1476 3868 syllogisticam
1509 3812 1712 3871 partem
1741 3806 1912 3876 philo-

333 3874 540 3941 sophiae
573 3878 1042 3947 ampliﬁcavertmt
1088 3897 1144 3941 et
1197 3904 1334 3958 pene
1365 3894 1614 3948 terminis
1661 3874 1774 3950 suis
1799 3899 1912 3952 cir-

334 3967 820 4036 cumscripserunt,
858 3974 996 4029 idem
1029 3979 1196 4032 secuti
1228 3989 1281 4033 et
1301 3980 1635 4054 Chrysippus
1666 3996 1719 4040 et
1746 3986 1912 4056 Zeno,

334 4058 426 4126 qui
453 4072 750 4127 posuerunt
787 4074 841 4121 et
867 4065 964 4134 ipsi
996 4067 1164 4123 Deum
1213 4071 1429 4140 quidem
1462 4078 1914 4147 principiumre-

335 4162 454 4202 rum
478 4191 492 4212 .
525 4153 613 4220 qui
654 4156 720 4208 sit
749 4171 945 4227 corpus
980 4161 1329 4229 purissimum
1357 4205 1370 4229 ,
1406 4181 1499 4234 per
1525 4171 1705 4223 omnia
1735 4181 1912 4228 autem

331 4244 628 4310 pervadere
663 4249 1058 4313 providentiam
1087 4253 1251 4317 illius,
1283 4265 1338 4309 et
1381 4258 1476 4324 ipsi
1511 4275 1638 4315 vero
1664 4263 1772 4316 l‘ato
1798 4280 1915 4318 om-

330 4331 419 4383 nia
456 4333 567 4387 ﬁeri
607 4352 704 4404 pro
743 4351 892 4392 certo
925 4354 1223 4410 posuerunt
1247 4384 1261 4410 ,
1285 4350 1534 4418 exetnplo
1566 4353 1648 4406 usi
1697 4354 1862 4409 hocce
1893 4373 1909 4410 :

334 4421 506 4478 Veluti
567 4428 630 4478 ad
681 4446 898 4483 currum
957 4448 1078 4486 cum
1123 4438 1345 4502 junctus
1387 4441 1457 4494 sit
1487 4445 1660 4509 cauis,
1692 4447 1912 4514 quando

2035 1976 2144 2028 τῶν
2175 1973 2394 2042 ἀγαθῶν
2422 1975 2654 2041 εἰσάγει,
2703 1975 2796 2027 καὶ
2835 1973 2986 2042 λέγει
3020 1975 3093 2045 μὴ
3121 1972 3258 2028 εἶναι
3292 1976 3495 2029 τέλειον
3521 1976 3610 2032 τὸν

2038 2067 2220 2134 σοφὸν,
2250 2066 2342 2118 ἐὰν
2370 2067 2444 2137 μὴ
2469 2069 2619 2137 παρῇ
2650 2065 2796 2134 αὐτῷ
2822 2066 2916 2119 καὶ
2935 2071 3000 2119 τὰ
3029 2066 3122 2118 τοῦ
3153 2066 3404 2138 σώματος
3429 2067 3610 2136 ἀγαθὰ

2037 2159 2234 2212 καὶτὰ
2273 2159 2451 2221 ἐκτὸς,
2508 2159 2544 2213 ἆ
2595 2161 2710 2213 ἐστι
2759 2160 2975 2223 κάλλος,
3034 2161 3202 2229 ίσχὺς,
3262 2160 3607 2230 εὐαισθησία,

2035 2248 2320 2319 ἀρτιότης·
2362 2250 2432 2303 τὰ
2459 2251 2514 2304 δὲ
2543 2252 2720 2315 ἐκτὸς,
2755 2251 3004 2316 πλοῦτος,
3038 2253 3310 2321 εὐγένεια,
3343 2253 3490 2319 δόξα,
3518 2253 3614 2307 δύο

2033 2358 2216 2411 ναμις,
2267 2344 2460 2413 εἰρήνη
2484 2343 2550 2408 ’⁸,
2603 2344 2778 2411 φιλία.
2830 2345 2911 2398 Τὰ
2961 2345 3017 2397 δὲ
3063 2345 3213 2410 ἐντὸς
3269 2348 3398 2417 περὶ
3433 2346 3614 2416 ψυχὴν

2034 2432 2216 2496 καθὼς
2255 2435 2348 2486 καὶ
2399 2435 2644 2488 Πλάτωνι
2692 2435 2857 2500 ἔδοξε,
2898 2437 3178 2507 φρόνησιν,
3233 2438 3611 2508 σωφροσύνην,

2031 2523 2402 2593 δικαιοσύνην,
2442 2525 2714 2594 ἀνδρείαν.
2767 2527 2847 2579 Τὰ
2884 2527 2940 2580 δὲ
2975 2528 3122 2580 κακά
3167 2545 3298 2597 φησι
3329 2529 3422 2580 καὶ
3459 2525 3612 2592 οὗτος

2033 2620 2154 2672 κατ’
2204 2617 2522 2671 ἐναντίωσιν
2579 2617 2688 2670 τῶν
2738 2618 2962 2686 ἀγαθῶν
3005 2619 3282 2687 γενέσθαι,
3323 2621 3420 2673 καὶ
3469 2616 3610 2674 εἶναι

2033 2709 2138 2764 ὑπὸ
2177 2710 2268 2762 τὸν
2316 2710 2443 2780 περὶ
2495 2709 2724 2780 σελήνην
2755 2712 2935 2770 τόπον.
2989 2711 3129 2780 ὑπὲρ
3153 2711 3209 2764 δὲ
3243 2711 3472 2782 σελήνην
3507 2729 3610 2784 μη-

2031 2801 2169 2854 κέτι.
2204 2801 2316 2870 Τὴν
2363 2800 2420 2853 δὲ
2461 2799 2639 2870 ψυχὴν
2675 2799 2775 2870 τὴν
2828 2800 2928 2870 μὲν
2965 2800 3009 2832 ³⁸
3063 2801 3187 2854 ὅλου
3241 2801 3337 2854 τοῦ
3402 2802 3608 2872 κόσμου

2031 2889 2297 2946 ἀθάνατον
2321 2885 2484 2954 εἶναι,
2514 2893 2607 2945 καὶ
2631 2891 2791 2944 αὐτὸν
2823 2890 2914 2944 τὸν
2941 2893 3145 2962 κόσμον
3180 2889 3259 2963 [ρ.
3284 2892 3375 2947 26.
3405 2892 3494 2964 27]
3517 2894 3602 2946 ἀΐ-

2029 2983 2158 3048 διον,
2191 2984 2288 3054 τὴν
2321 2983 2379 3037 δὲ
2411 2982 2534 3036 καθ’
2567 2982 2819 3049 ἕκαστον,
2851 2983 2926 3046 ὠς
2955 2983 3313 3053 προείπομεν,
3349 2985 3602 3055 ἀφανίζειν

2031 3074 2176 3132 σθαι.
2224 3069 2395 3138 Οὗτος
2445 3075 2543 3144 μὲν
2571 3069 2665 3128 οὖν
2711 3077 2768 3127 ὲν
2800 3074 2876 3144 τῷ
2904 3074 3117 3144 Λυκείῳ
3147 3075 3469 3147 ποιούμενος
3508 3075 3606 3142 τὰς

2025 3165 2311 3235 διατριϐὰς
2356 3165 2701 3234 ἐφιλοσόφειο
2747 3167 2775 3218 ὁ
2812 3165 2868 3218 δὲ
2919 3166 3108 3235 Ζήνων
3159 3168 3216 3220 ὲν
3259 3171 3324 3238 τῇ
3380 3169 3614 3240 Ποικίλη

2028 3258 2179 3328 στοᾷ.
2229 3257 2562 3326 Ἐκτήσαντο
2607 3257 2664 3310 δὲ
2713 3259 2764 3310 οἱ
2814 3257 2911 3328 μὲν
2953 3258 3063 3311 ἀπὸ
3091 3258 3186 3312 τοῦ
3219 3261 3463 3328 Ζήνωνος
3497 3261 3606 3312 ἀπὸ

2022 3349 2118 3402 τοῦ
2145 3349 2314 3402 τόπου
2345 3350 2405 3402 τὸ
2437 3350 2630 3420 ὄνομα,
2661 3351 2939 3404 τουτέστιν
2966 3351 3074 3404 ἀπὸ
3097 3354 3195 3422 τῆς
3223 3349 3408 3418 Στοᾶς
3439 3353 3605 3405 Στωϊ-

2024 3442 2108 3494 κοὶ
2140 3440 2463 3510 κληθέντες·
2495 3441 2545 3494 οἱ
2592 3441 2648 3494 δὲ
2677 3441 2784 3496 ἀπὸ
2809 3441 2905 3495 τοῦ
2946 3443 3346 3514 Ἀριστοτέλους
3375 3445 3485 3498 ἀπὸ
3507 3444 3604 3500 τοῦ

2022 3530 2206 3602 ἔργου.
2271 3531 2490 3602 Ἐπειδὴ
2537 3531 2646 3604 γὰρ
2703 3534 3134 3602 περιπατοῦντες
3169 3537 3228 3588 ἐν
3280 3535 3357 3606 τῷ
3387 3536 3604 3608 Λυκείῳ

2021 3621 2270 3693 ἐζήτουν,
2293 3621 2380 3675 διὰ
2411 3622 2571 3675 τοῦτο
2601 3624 3034 3694 Περιπατητικοὶ
3056 3624 3388 3696 ἐκλήθησαν.
3417 3625 3610 3683 Ταῦτα.

2023 3712 2123 3783 μὲν
2142 3709 2236 3765 οὖν
2267 3713 2361 3766 καὶ
2387 3715 2415 3766 ὁ
2451 3713 2851 3786 Ἀριστοτέλης.

2089 3803 2181 3858 21.
2225 3804 2455 3858 Στωϊκοὶ
2502 3807 2597 3858 καὶ
2647 3806 2800 3860 αὐτοὶ
2824 3806 2870 3838 ’⁷
2906 3807 3005 3877 μὲν
3037 3808 3130 3861 ἐπὶ
3169 3810 3228 3863 τὸ
3263 3809 3613 3879 συλλογιστιο-

2019 3893 2258 3965 κώτερον
2294 3895 2394 3967 τὴν
2446 3896 2766 3965 φιλοσοφίαν
2815 3897 3060 3970 ηὔξησαν
3092 3902 3186 3954 καὶ
3223 3902 3411 3972 σχεδὸν
3453 3903 3598 3973 ὅροις

2019 3988 2362 4058 περιέλαϐον,
2397 3989 2642 4060 ὁμόδοξοι
2685 3992 2968 4062 γενόμενοι
3001 3995 3028 4048 ὅ
3059 4011 3118 4048 τε
3155 3997 3480 4066 Χρύσιππος
3506 3997 3600 4050 καὶ

2017 4081 2225 4151 Ζήνων,
2255 4082 2305 4133 οἳ
2350 4081 2612 4135 ὑπέθεντο
2656 4085 2750 4136 καὶ
2784 4084 2938 4138 αὐτοὶ
2976 4085 3149 4156 ἀρχὴν
3199 4087 3299 4156 μὲν
3329 4086 3460 4140 Θεὸν
3491 4087 3602 4140 τῶν,

2015 4171 2255 4234 πάντων,
2283 4169 2444 4240 σῶμα
2486 4171 2616 4225 ὄντα
2644 4175 2705 4226 τὸ
2745 4173 3152 4245 καθαρώτατον,
3178 4176 3265 4229 διὰ
3295 4177 3512 4229 πάντων
3541 4177 3598 4230 δὲ

2013 4260 2222 4330 διήκειν
2269 4259 2368 4330 τὴν
2404 4261 2659 4332 πρόνοιαν
2706 4263 2894 4327 αὐτοῦ,
2941 4265 3036 4316 καὶ
3081 4266 3235 4318 αὐτοὶ
3264 4266 3318 4319 δὲ
3363 4266 3424 4318 τὸ
3475 4266 3598 4320 καθ’

2013 4350 2354 4420 εἱμαρμένην
2389 4350 2530 4404 εἶναι
2558 4352 2733 4422 πάντη
2764 4353 2808 4384 ⁸³
2838 4353 3290 4408 διεϐεϐαιώσαντο
3333 4355 3594 4426 παραδείο

2012 4459 2183 4511 γματι
2210 4443 2546 4514 χρησάμενοι
2575 4444 2820 4515 τοιούτῳ,
2863 4449 2945 4500 ὅτι
2977 4443 3164 4516 ὥσπερ
3194 4448 3469 4516 ὀχήματος
3499 4448 3595 4501 ἐὰν

328 4516 546 4582 quidem
589 4520 715 4571 velit
747 4525 896 4591 sequi
926 4564 940 4588 ,
981 4537 1034 4580 et
1061 4530 1203 4582 trahi
1227 4540 1282 4584 et
1311 4534 1463 4602 seqtti
1499 4546 1690 4602 sponte
1718 4576 1734 4602 ,
1786 4553 1908 4594 cum

2026 4527 2052 4606 ᾖ
2098 4531 2468 4604 ἐξηρτημένος
2519 4533 2703 4598 κύων,
2751 4536 2845 4588 ἐὰν
2896 4537 2992 4607 μὲν
3026 4537 3288 4606 βούληται
3337 4539 3589 4604 ἔπεσθαι,

327 4604 492 4660 faciat
525 4610 686 4663 etiam
718 4617 858 4680 quod
892 4617 1191 4674 voluntario
1213 4620 1378 4678 faciat
1401 4640 1524 4698 eum
1559 4632 1903 4696 necessitate,

329 4707 580 4767 tanquam
617 4704 754 4771 l'ato;
783 4706 868 4760 sin
902 4709 1079 4763 minus
1112 4712 1237 4766 velit
1262 4717 1436 4784 sequi,
1469 4727 1618 4772 certe
1655 4731 1903 4776 coactum

325 4783 416 4840 iri.
461 4787 710 4859 Idemque
738 4794 915 4848 valere
959 4796 1012 4850 in
1055 4783 1387 4855 hominibus.
1423 4803 1634 4860 Etenim
1666 4807 1747 4861 vel
1779 4823 1902 4863 cum

323 4880 474 4943 sequi
509 4868 714 4946 nolunt,
749 4894 896 4940 certe
939 4900 1201 4958 cogentur
1249 4893 1507 4949 devenire
1556 4897 1607 4951 in
1653 4897 1706 4951 id
1758 4903 1903 4968 quod

323 4964 494 5018 fatum
522 4977 624 5022 est.
658 4973 910 5028 Animam
943 4991 1126 5032 autem
1170 4979 1359 5036 dicunt
1411 4998 1730 5051 permanere
1777 4964 1904 5056 post

324 5067 575 5124 mortem,
605 5076 724 5118 esse
752 5074 932 5120 autem
965 5084 1161 5138 corpus
1187 5083 1239 5126 et
1269 5085 1448 5128 ortum
1478 5091 1598 5131 esse
1627 5094 1692 5133 ex
1735 5079 1901 5148 frige-

324 5148 555 5209 factioue
587 5156 730 5212 aeris
760 5159 1092 5218 continentis
1115 5203 1128 5229 ,
1153 5177 1487 5238 quapmpter
1525 5173 1688 5227 etiam
1719 5176 1901 5229 vocari

2012 4623 2110 4676 καὶ
2131 4622 2347 4677 ἕλκεται
2394 4626 2487 4678 καὶ
2531 4626 2724 4680 ἕπεται
2776 4625 2937 4690 ἑκὼν,
2971 4628 3143 4680 ποιῶν
3167 4630 3211 4660 ’⁸
3239 4632 3330 4682 καὶ
3363 4631 3423 4682 τὸ
3458 4631 3590 4684 αὐτ-

2011 4714 2254 4780 εξούσιον
2290 4716 2430 4784 μετὰ
2478 4718 2577 4787 τῆς
2609 4719 2856 4787 ἀνάγκης
2888 4713 3000 4772 οἷον
3047 4719 3148 4788 τῆς
3209 4722 3590 4791 εἱμαρμένηςο

2011 4806 2108 4860 ἐὰν
2160 4807 2217 4859 δὲ
2260 4811 2334 4878 μὴ
2386 4807 2643 4879 βούληται
2693 4811 2944 4875 ἕπεσθαι,
2975 4813 3194 4875 πάντως
3241 4813 3592 4882 ἀναγκασθή-

2013 4915 2184 4965 σεται,
2217 4900 2276 4952 τὸ
2304 4901 2434 4954 αὑτὴ
2473 4903 2537 4973 δή
2585 4920 2686 4955 που
2720 4905 2816 4956 καὶ
2860 4904 2954 4956 ἐπὶ
2983 4906 3092 4957 τῶν
3125 4905 3430 4976 ἀνθρώπων
3451 4922 3465 4935 ’
3499 4907 3593 4958 καὶ

2014 4992 2088 5063 μὴ
2151 4992 2462 5063 βουλόμενοι
2525 4996 2634 5064 γὰρ
2690 4995 3004 5050 ἀκολουθεῖν
3076 4999 3593 5067 ἀναγκασθήσονται

2009 5085 2226 5147 πάντως
2260 5087 2340 5149 εἰς
2370 5085 2432 5139 τὸ
2474 5088 2836 5159 πεπρωμένον
2866 5089 3149 5145 εἰσελθεῖν.
3179 5093 3291 5163 Τὴν
3321 5093 3376 5144 δὲ
3412 5091 3592 5161 ψυχὴν

2008 5174 2223 5244 λέγουσι
2254 5179 2436 5248 μένειν
2482 5183 2619 5251 μετὰ
2650 5181 2880 5238 θάνατον
2904 5183 2970 5249 ⁸⁸,
3002 5179 3141 5238 εἶναι
3185 5185 3241 5238 δὲ
3291 5184 3450 5254 σῶμα
3499 5184 3593 5237 καὶ

1590 5348 1824 5405 VARl/E
1863 5351 2266 5420 LECTIONES,

415 5548 441 5570 τ

322 5554 372 5586 ⁸³
409 5554 796 5646 ᾗιηθποτξθεται
825 5554 883 5614 Ιλί.
965 5563 1127 5646 ’ξοῦν
1154 5554 1224 5610 —'
1251 5554 1318 5625 αὖ
1670 5593 1722 5646 p.
1754 5554 1876 5632 6:211.

325 5626 541 5710 .274,
561 5632 654 5710 καὶ
677 5632 786 5710 τῶν
821 5635 978 5710 extet;
1008 5635 1320 5709 λεγομένων
1343 5626 1645 5710 εὐγένειαν,
1671 5626 1928 5710 ¹άέλέἆέόν,

330 5694 508 5784 :ulgt).
583 5698 629 5784 ’ξ
658 5700 757 5772 τὴν
791 5703 890 5784 μὲν
913 5694 1240 5784 .iloepet'its;
1410 5694 1714 5784 ὶῖέίιξςο.
1792 5719 1834 5749 ⁸⁷
1863 5694 1928 5770 Οξ
1953 5720 2008 5772 δὲ
2022 5694 2358 5777 'izéz;oi"t‘.‘
2398 5694 2745 5782 Vasti“;

387 5485 441 5570 ’ξ
464 5486 714 5573 Μεγαροῖ
742 5488 1020 5555 Roeperus
1049 5512 1062 5550 :
1096 5499 1402 5570 Μεγάροισι
1456 5504 1637 5575 vulgo.
1714 5507 1760 5537 ”
1800 5507 1978 5579 ψυχῆς
2028 5509 2307 5581 Menagius
2347 5513 2410 5566 ad
2446 5516 2594 5583 Diog.
2646 5515 2829 5571 Laert.
2870 5535 2965 5585 vn,
2997 5519 3100 5572 157
3135 5539 3146 5572 :
3181 5521 3362 5591 ψυχὴν
3403 5523 3585 5593 vulgo.

409 5573 453 5612 ιι)
482 5560 796 5612 υποτίθεται
825 5562 883 5612 L.
965 5565 1010 5596 “
1035 5563 1318 5612 οὖν-αὗ
1362 5571 1637 5612 Ωιιρημι-ηε
1670 5593 1702 5612 η
1754 5577 1846 5612 ΠΜ
1957 5581 2001 5612 as
2037 5583 2227 5612 ειηι..-
2300 5583 2448 5612 ωλι..
2496 5585 2773 5612 u........_...
2831 5591 2926 5612 μη
3004 5589 3090 5612 ιη..
3151 5595 3207 5612 υ.
3253 5594 3280 5612 ι,
3345 5595 3490 5612 ι.--
3546 5609 3578 5612 ,ν

1957 5583 2001 5612 ³⁵
2036 5583 2250 5652 εἰρήνη,
2300 5583 2452 5652 φιλία
2496 5585 2774 5652 Ιὶυιιῃριηιε
2827 5583 2959 5644 mil.
2995 5589 3114 5644 Joh.
3151 5583 3292 5646 Sitti;
3318 5583 3584 5658 'erlogrlt

1957 5649 2761 5732 gliscit:,_eipﬁ_xqv,_éitspl)epf_gv
2782 5697 2796 5723 ,
2830 5660 3013 5732 φιλίαν
3039 5675 3053 5690 ⁸
3082 5662 3373 5732 ἐρρωμένη
3413 5664 3587 5730 φίλων

2825 5731 2868 5760 ’⁸
2890 5730 3032 5784 ἑκὼν
3077 5730 3247 5785 ποιῶν
3298 5732 3524 5789 Wolﬁus
3565 5755 3579 5790 :

331 5763 502 5818 ποιῶν
536 5767 694 5838 vulgo
713 5763 735 5824 ἰ
769 5763 874 5826 a'lia
913 5763 1185 5844 lloeperus
1212 5763 1263 5847 ,2.
1297 5763 1469 5835 625:”,
1490 5763 1548 5813 ί³⁰
1582 5763 1766 5854 μξνειν
1797 5788 1934 5856 μετὰ
1959 5763 2833 5870 θάνοι-εἶνῙῖεῖέιιρΐυέῖὶῖᾜὲὲιδτι.
2871 5763 3541 5873 :°§¥3'a'éi‘~fiéov"iiii§3.
