4080 6398
442 317 584 394 3049
1571 333 1868 396 CONTRA
1907 337 2053 400 Hm

2098 339 2274 398 ESES
2310 341 2454 400 LIB.
2488 341 2536 401 Ι.
3563 347 3709 409 3Οᾶ¹>

439 443 699 514 γενέσθαι
727 444 790 497 ὲκ
823 445 919 516 τῆς
947 445 1287 515 περιψύξεως
1311 444 1403 500 τοῦ
1431 446 1594 518 ἀέρος
1619 449 1711 502 τοῦ
1743 449 2026 520 περιέχον-

2089 453 2414 522 ipsycltam.
2476 453 2832 510 Consentium
2881 466 3057 510 autem
3115 459 3273 511 etiam
3323 458 3700 528 migrationem

440 549 551 597 τος,
599 533 679 586 διὸ
726 536 818 588 καὶ
850 534 1134 588 καλεῖσθαι
1165 536 1364 608 ψυχήν.
1431 537 1780 608 Ὀμολογοῦσι
1826 541 1882 593 δὲ
1924 541 2019 595 καὶ

2123 545 2425 597 animarum
2457 546 2742 614 exsistere,
2777 563 2899 602 eum
2924 550 3158 604 delluitae
3189 553 3297 604 sint
3349 553 3562 608 animae.
3600 553 3704 606 Su-

443 628 935 697 μετενσωμάτωσιν
962 630 1210 697 γίνεσθαι
1237 631 1556 703 ὡρισμένων
1582 635 1756 687 οὐσῶν
1780 635 1888 688 τῶν
1913 637 2016 706 ψυ-

2123 645 2277 689 munt
2314 645 2496 688 autem
2544 637 3019 704 cottllagrationem
3069 641 3182 696 l'ure
3227 654 3277 696 et
3328 645 3699 711 purgationem

439 714 568 786 χῶν.
591 717 984 789 Προσδέχονται
1004 720 1059 772 δὲ
1075 721 1386 792 ἐκπύρωσιν
1406 723 1444 753 ³⁸
1469 722 1686 777 ἔσεσθαι
1705 725 1798 776 καὶ
1815 726 2021 798 κάοαρ·

2124 727 2282 794 hujus
2313 729 2516 794 mundi,
2543 729 2630 782 alii
2663 733 2920 788 universi.
2963 735 3131 799 partis
3155 734 3240 786 alii
3270 745 3324 787 et
3363 752 3456 804 per
3489 745 3696 804 partem

439 823 524 860 σιν
551 809 644 860 τοῦ
666 810 872 879 κόσμου
907 810 1121 871 τούτου,
1155 815 1204 866 οῖ
1235 814 1335 883 μὲν
1365 815 1586 878 παντὸς,
1619 818 1668 868 οἱ
1694 817 1750 869 δὲ
1787 819 2012 890 μέρους,

2121 835 2244 872 eum
2282 821 2496 887 purgari
2549 822 2738 884 aiunt,
2771 832 2820 875 et
2867 838 3002 890 pene
3032 824 3308 877 interitum
3343 827 3588 896 aliusque
3630 842 3695 879 ex

440 900 533 952 καὶ
564 902 707 952 κατά
742 901 907 970 μέρος
931 901 988 954 δὲ
1027 903 1189 956 αὑτὸν
1217 903 1577 975 καθαίρεσθαι
1607 905 1858 974 λέγουσιν
1879 925 1892 938 °
1925 910 2020 963 καὶ

2122 925 2186 962 eo
2233 913 2638 978 gruerationem
2691 915 3066 982 purgationem
3121 916 3408 982 appellant.
3457 919 3698 983 Corpora

441 989 624 1060 σχεδὸν
649 991 746 1061 τὴν
783 992 990 1062 φθορὰν
1035 995 1128 1046 καὶ
1159 995 1257 1066 τὴν
1288 996 1476 1067 ἐτέρου
1518 997 1576 1061 ἐξ
1607 997 1774 1068 αὐτῆς
1807 1000 2020 1068 γένεσιν

2122 1012 2302 1056 autem
2334 1005 2585 1058 universa
2625 1016 2829 1073 ponunt
2859 1016 2910 1058 et
2940 1022 3136 1072 corpus
3163 1017 3446 1075 penetrare
3480 1009 3697 1076 q'iilem

438 1082 762 1150 κάθαρσιν³¹
787 1084 1164 1154 ὀνομάζουσιν.
1193 1086 1430 1157 Σιῦματα
1454 1089 1506 1141 δὲ
1535 1089 1711 1141 πάντα
1733 1090 2016 1155 ὑπέθεντο,

2121 1109 2219 1162 per
2259 1111 2478 1163 corpus,
2517 1097 2609 1150 Sed
2639 1096 3018 1150 rel'ractionetn
3055 1115 3193 1162 esse,
3239 1109 3289 1150 et
3327 1098 3541 1166 impleta
3579 1113 3701 1153 esse

437 1173 532 1226 καὶ
564 1173 722 1241 σῶμα
754 1174 841 1227 διὰ
869 1175 1122 1244 σώματος
1153 1176 1253 1245 μὲν
1282 1181 1478 1247 χωρεῖν
1502 1179 1566 1244 ³⁸,
1612 1178 1749 1231 ἀλλά
1780 1182 2017 1235 ἀνάκλα-

2121 1184 2304 1239 omnia
2334 1202 2434 1240 nec
2468 1188 2762 1256 quidquam
2795 1203 2920 1243 esse
2957 1205 3206 1243 vacuum.
3242 1187 3370 1243 Πιεο
3400 1190 3616 1258 quichu
3649 1198 3703 1244 et

439 1280 526 1317 σιν
549 1264 595 1296 ³⁸
625 1260 764 1319 εἶναι
803 1269 896 1319 καὶ
927 1268 1323 1338 πεπληρῶσθαι
1358 1271 1538 1324 πάντα
1561 1273 1653 1324 καὶ
1683 1272 1848 1342 μηδὲν
1876 1269 2013 1326 εἶναι
2122 1275 2312 1330 Stoici.

437 1357 612 1412 κενόν.
648 1356 833 1410 Ταῦτα
863 1360 957 1412 καὶ
983 1361 1032 1411 οἱ
1065 1359 1309 1414 Στωϊκοί.

504 1449 593 1503 22.
650 1451 969 1521 Ἐπίκουρος
1021 1451 1078 1504 δὲ
1140 1453 1324 1522 σχεδὸν
1381 1455 1628 1508 ἐναντίαν
1671 1457 1801 1509 πᾶσι
1858 1457 2016 1523 δόξαν

2190 1449 2452 1520 Epicurus
2481 1463 2659 1507 autent
2682 1469 2817 1524 pene
2849 1455 3178 1509 contrariam
3207 1455 3478 1511 universis
3500 1457 3701 1510 doctri-

433 1537 605 1591 ἔθετο.
654 1539 853 1610 Ἀρχὰς
908 1541 1010 1609 μὲν
1047 1543 1156 1594 τῶν
1209 1544 1345 1598 ὅλων
1387 1545 1616 1600 ὑπέθετο
1659 1549 1894 1619 ἀτόμους
1925 1551 2017 1603 καὶ

2121 1559 2244 1597 nam
2282 1544 2564 1612 professus
2605 1557 2707 1600 est.
2760 1545 3030 1617 Principia
3066 1549 3307 1601 omnium
3347 1548 3535 1602 statuit
3587 1557 3703 1603 ato-

436 1627 615 1682 κενόν.
641 1629 810 1681 Κενὸν
854 1630 951 1699 μὲν
982 1625 1091 1684 οἷον
1115 1633 1284 1685 τόπον
1319 1634 1428 1688 τῶν
1454 1636 1747 1705 ἐσομένων,
1780 1640 2017 1708 ἀτόμους

2120 1650 2237 1690 mos
2256 1647 2308 1689 et
2334 1637 2524 1689 inane:
2556 1637 2714 1690 inane
2731 1638 2949 1706 quidem
2977 1650 3229 1708 tanquam
3256 1641 3487 1709 spatium
3517 1655 3696 1693 rerum

433 1717 491 1771 δὲ
538 1718 638 1788 τὴν
683 1719 836 1789 ὓλην,
871 1721 930 1786 ἐξ
973 1717 1042 1793 ἧς
1088 1723 1155 1776 τά
1187 1725 1385 1780 πάντα.
1434 1725 1530 1780 Ἐκ
1555 1728 1611 1781 δὲ
1656 1729 1764 1782 τῶν
1795 1731 2015 1801 ἀτόμων

2120 1727 2424 1783 futurarum
2459 1770 2473 1794 ,
2509 1740 2718 1785 atomos
2756 1739 2934 1785 autem
2967 1735 3250 1787 materiem
3277 1775 3292 1799 ,
3345 1750 3408 1787 ex
3438 1751 3541 1803 qua
3579 1735 3701 1788 uni-

436 1809 800 1864 συνελθόντων
833 1812 1088 1880 γενέσθαι
1134 1816 1345 1868 καὶτὸν
1367 1817 1521 1882 Θεὸν,
1564 1819 1658 1871 καὶ
1689 1819 1764 1892 [p.
1798 1821 1888 1875 ‘27.
1919 1821 2012 1894 28]

2089 1819 2295 1873 Fversa.
2346 1818 2423 1873 Ex
2470 1821 2778 1889 congressis
2808 1832 2990 1874 autem
3026 1821 3220 1875 atomis
3255 1823 3528 1877 exstitisse
3557 1822 3700 1894 42-

433 1902 501 1955 τὰ
531 1906 772 1973 στοιχεῖα
799 1903 843 1936 ⁸⁸
878 1906 1078 1970 πάντα,
1121 1907 1217 1961 καὶ
1243 1908 1314 1960 τά
1341 1909 1400 1960 ἐν
1430 1910 1616 1974 αὐτοῖς
1648 1912 1824 1965 πάντα
1854 1915 1947 1967 καὶ
1969 1915 2014 1946 ³⁸

2115 1907 2222 1980 43
2262 1911 2424 1964 etiam
2459 1907 2625 1963 Deum
2657 1919 2712 1964 et
2750 1910 3016 1965 elementa
3051 1909 3147 1983 [et
3195 1910 3468 1984 mundos]
3496 1925 3552 1967 et
3583 1922 3702 1982 qua:

435 1995 548 2060 ζῶα
577 1999 670 2049 καὶ
699 1997 856 2062 ἄλλα,
905 2001 980 2063 ὡς
1027 2000 1195 2070 μηδὲν
1220 2001 1470 2069 γίνεσθαι
1502 2005 1640 2074 μήτε
1666 2005 2012 2071 συνεστάναι,

2117 2009 2241 2056 Stmt
2271 2003 2322 2054 in
2353 2002 2433 2055 eis
2458 2002 2640 2055 omnia
2673 2042 2687 2067 ,
2745 2011 2797 2056 et
2825 2004 3079 2056 animalia
3129 2013 3182 2057 et
3216 2005 3444 2074 reliqua,
3481 2013 3538 2059 ut
3570 2006 3701 2060 nihil

433 2085 481 2136 εί
511 2085 585 2153 μὴ
619 2085 683 2138 ἐκ
713 2085 822 2138 τῶν
851 2087 1070 2158 ἀτόμων
1099 2090 1212 2158 εἴη.
1242 2091 1353 2154 Τὰς
1381 2092 1437 2145 δὲ
1469 2094 1705 2164 ἀτόμους
1732 2095 1793 2147 τὸ
1819 2095 2013 2150 λεπτο-

2117 2105 2293 2159 neque
2324 2090 2416 2144 ﬂat
2447 2105 2624 2159 neque
2676 2093 2984 2159 exstiterit,
3041 2093 3143 2148 nisi
3197 2095 3339 2163 quod
3390 2110 3454 2149 ex
3505 2096 3701 2149 atomis

435 2190 502 2242 με
513 2175 768 2245 ρέστατον
797 2179 890 2231 καὶ
920 2179 1002 2246 ἐφ’
1035 2180 1078 2213 ⁸⁷
1102 2176 1162 2236 οὗ
1185 2183 1287 2236 οὐκ
1316 2183 1382 2238 ἂν
1407 2184 1619 2252 γένοιτο
1644 2185 1868 2256 κέντρον
1892 2187 2014 2243 οὐδὲ

2116 2191 2303 2236 natum
2337 2184 2424 2236 sit.
2477 2182 2707 2236 Atomos
2743 2192 2923 2238 autem
2970 2185 3345 2239 tenuissimum
3387 2195 3441 2239 et
3495 2185 3548 2238 in
3591 2199 3699 2254 quo

435 2269 661 2336 σημεῖον
701 2268 855 2322 οὐδὲν
887 2270 1007 2323 οὐδὲ
1035 2271 1302 2346 διαίρεσις
1326 2276 1574 2346 οὐδεμία,
1603 2277 1707 2348 ἔφη
1741 2273 1901 2342 εἶναι,
1933 2279 2013 2332 διὸ

2115 2285 2236 2326 esse
2265 2281 2496 2341 nequeat
2534 2287 2708 2339 neque
2749 2285 3021 2340 centrmu,
3059 2290 3236 2344 neque
3272 2275 3487 2346 signum
3521 2317 3537 2342 ,
3597 2291 3699 2331 nec

431 2359 527 2410 καὶ
566 2359 800 2429 ἀτόμους
833 2363 1001 2426 αὐτὰς
1029 2363 1299 2435 ὠνόμασε.
1340 2367 1443 2418 Τὸν
1481 2368 1537 2420 δὲ
1569 2369 1700 2422 Θεὸν
1733 2371 2010 2440 ὁμολογῶν

2115 2361 2347 2431 denique
2371 2361 2564 2416 divisio
2588 2361 2690 2416 ulla
2715 2363 2852 2418 dixit
2881 2380 3022 2430 esse,
3053 2379 3388 2437 quapropter
3409 2378 3462 2422 et
3490 2377 3700 2423 atomos

431 2442 571 2501 εἶναι
597 2450 764 2503 ἀΐδιον
787 2453 879 2504 κα)¹
907 2452 1184 2524 ἀφθαρτόν
1203 2472 1336 2524 φησι
1364 2456 1592 2526 μηδενὸς
1614 2462 1883 2528 προνοεῖν,
1917 2460 2011 2513 καὶ

2112 2466 2210 2506 eas
2240 2453 2474 2507 vocavit.
2521 2454 2685 2508 Deum
2712 2468 2890 2511 autem
2921 2473 3212 2526 perennem
3245 2470 3298 2512 et
3333 2459 3697 2516 immortalem

431 2540 567 2604 ὅλως
620 2545 876 2614 πρόνοιαν
937 2544 1013 2616 μὴ
1057 2542 1198 2600 εἶναι
1263 2547 1399 2618 μηδὲ
1447 2549 1811 2620 είμαρμένην,
1873 2551 2011 2605 ἀλλά

2112 2542 2398 2598 confessus
2441 2559 2562 2599 esse
2603 2546 2736 2599 dicit
2772 2547 2974 2602 nullius
3027 2549 3102 2602 rei
3152 2549 3544 2617 providentiam
3597 2550 3697 2604 ha-

429 2635 608 2688 πάντα
638 2637 779 2689 κατά
818 2639 1231 2709 αὐτοματισμὸν
1276 2640 1547 2708 γίνεσθαι.
1582 2642 1871 2712 Καθῆσθαι
1901 2642 2010 2714 γὰρ

2111 2635 2263 2700 bere,
2295 2650 2474 2704 neque
2506 2637 2728 2691 omnino
2764 2651 2884 2693 esse
2914 2639 3309 2708 providentiam
3353 2657 3452 2695 nec
3503 2640 3693 2707 fatum,

428 2726 521 2781 τὸν
551 2728 690 2782 Θεὸν
715 2732 772 2781 ὲν
817 2733 927 2793 τοῖς
961 2733 1372 2804 μετακοσμίοις,
1403 2733 1547 2788 οὕτω
1585 2735 1941 2804 καλουμένοις
1963 2735 2010 2768 ³⁸

2111 2727 2205 2783 sed
2237 2730 2418 2781 omnia
2450 2727 2672 2783 fortuito
2706 2729 2847 2783 ﬁeri.
2877 2730 3178 2786 Considere
3229 2735 3373 2786 enim
3419 2733 3585 2788 Deum
3640 2734 3693 2788 in

431 2819 524 2873 ὑπ’
556 2820 757 2874 αὑτοῦ·
800 2823 904 2888 ἔξω
934 2823 1042 2893 γάρ
1088 2841 1142 2876 τι
1171 2824 1265 2878 τοῦ
1308 2829 1514 2896 κέσμου
1561 2828 1878 2898 οἰκητήριον
1913 2828 2007 2882 τοῦ

2111 2821 2268 2882 locis.
2306 2836 2426 2889 quae
2463 2821 2826 2875 intermundia
2863 2823 3131 2891 appellat;
3166 2835 3316 2877 extra
3350 2825 3496 2878 enim
3534 2842 3694 2880 num-

429 2912 563 2966 Θεοῦ
594 2913 746 2968 ἔθετο
775 2911 938 2980 εἶναι,
973 2915 1266 2988 λεγόμενον
1285 2917 1355 2971 τὰ
1387 2919 1753 2989 μετακόσμια,
1781 2920 2007 2992 ἥδεσθαί

2109 2913 2233 2966 dum
2271 2915 2538 2984 quoddam
2579 2912 2668 2967 Dei
2708 2913 3076 2968 habitaculum
3128 2931 3248 2971 esse
3292 2917 3481 2971 Statuit
3520 2932 3695 2986 eaque

425 3021 487 3057 τε
533 3005 630 3058 καὶ
669 3005 963 3076 ἡσυχάζειν
1004 3009 1063 3060 ὲν
1117 3010 1180 3078 τῇ
1227 3009 1509 3082 ἀκροτάτῃ
1549 3010 1880 3082 εὐφροσύνῃ,
1912 3012 2006 3065 καὶ

2109 3004 2474 3059 intermundia
2497 3008 2702 3072 vocari,
2725 3008 3004 3076 laetarique
3021 3017 3074 3061 et
3090 3010 3429 3076 requiescere
3450 3009 3501 3062 in
3521 3021 3696 3064 extre-

431 3096 566 3167 μήτε
599 3097 759 3149 αὐτὸν
793 3100 1090 3168 πράγματα
1112 3099 1321 3170 ³’,εχειν
1347 3101 1484 3171 μήτε
1511 3101 1692 3164 ἄλλοις
1721 3103 2002 3173 παρέχειν.
2033 3156 2042 3201 ⁴

2111 3112 2194 3150 ma
2231 3097 2498 3151 hilaritate
2522 3139 2538 3165 ,
2576 3115 2751 3168 neque
2789 3100 2959 3166 ipsmn
2997 3099 3078 3152 vel
3113 3100 3314 3152 habere
3356 3101 3567 3170 negotia
3606 3101 3691 3156 vel

2587 3187 2629 3207 η
2675 3191 2705 3207 ..
2872 3206 2878 3207 ,
2973 3206 2980 3207 ,
3035 3203 3046 3207 _
3333 3202 3343 3207 _
3397 3193 3408 3207 .
3573 3194 3585 3206 .

425 3182 522 3250 Οἷς
560 3189 850 3244 ἀκόλουθον
886 3191 980 3244 καὶ
1015 3190 1106 3243 τὸν
1140 3192 1267 3262 περὶ
1305 3193 1415 3246 τῶν
1447 3193 1631 3261 σοφῶν
1658 3194 1867 3262 ἀνδρῶν
1902 3211 2003 3247 πε-
2033 3182 2036 3191 ’

2115 3186 2357 3258 prtebere
2397 3188 2538 3242 aliis.
2586 3187 2793 3256 Quibus
2827 3203 3248 3247 consentaneam
3296 3202 3349 3246 et
3377 3193 3443 3246 de
3472 3194 3693 3262 sapien-

427 3280 647 3350 ποίηται
693 3282 872 3350 λόγον,
907 3283 1081 3352 λέγων
1125 3283 1186 3336 τὸ
1231 3285 1384 3346 τέλος
1426 3285 1528 3355 τῆς
1577 3287 1769 3354 σοφίας
1789 3286 1836 3317 ⁸ο
1865 3281 2003 3340 εἷναι

2114 3279 2258 3335 tibus
2317 3279 2628 3334 hominibus
2683 3281 2923 3335 instituit
2983 3283 3446 3350 disputationem,
3504 3285 3693 3341 dicens

421 3369 641 3441 ἡδονήν.
670 3371 854 3424 ’Ἄλλοι
891 3371 945 3424 δὲ
969 3373 1142 3436 ἄλλως
1180 3373 1242 3426 τὸ
1271 3374 1442 3444 ὄνομα
1469 3375 1569 3444 τῆς
1601 3375 1794 3446 ἡδονῆς
1821 3375 2004 3440 ἐξέλα-

2113 3369 2274 3423 linem
2313 3371 2596 3440 Sapientia:
2629 3387 2751 3427 esse
2780 3373 3134 3443 Voluptatem.
3177 3373 3280 3427 Alii
3314 3385 3496 3428 autem
3535 3376 3693 3430 aliter

425 3460 642 3528 ὕονοίοί
690 3464 787 3533 μὲν
817 3464 926 3534 γὰρ
969 3467 1306 3536 κατενόησαν
1339 3468 1382 3498 ⁸³
1424 3467 1524 3530 τὰς
1585 3468 1902 3538 ἐπιθυμίας,
1950 3470 2000 3522 οἱ

2109 3473 2297 3516 vocem
2333 3462 2624 3528 voluptatis
2656 3462 2992 3530 interpretati
3021 3471 3185 3528 sunt;
3219 3462 3310 3516 alii
3358 3463 3501 3516 enim
3536 3463 3694 3516 intel-

419 3554 601 3627 δὲτὴν
628 3556 720 3610 ἐπὶ
750 3559 816 3628 τῇ
863 3561 1030 3629 ἀρετῇ
1067 3559 1281 3629 ἡδονήν.
1322 3558 1432 3621 Τὰς
1460 3557 1516 3610 δὲ
1549 3557 1727 3628 ψυχὰς
1755 3559 1862 3611 τῶν
1907 3561 2000 3614 ἀνο

2108 3551 2361 3608 lexerunt
2410 3553 2772 3620 cupiditates,
2823 3552 2915 3606 alii
2946 3563 3126 3606 autem
3167 3567 3287 3608 eam
3335 3551 3685 3620 voluptatem,

424 3647 659 3719 θρώπων
693 3648 915 3702 λύεσθαι
957 3649 1073 3720 ἅμα
1099 3652 1210 3712 τοῖς
1239 3649 1508 3720 σώμασιν,
1541 3649 1730 3722 ῶσπερ
1755 3651 1850 3703 καὶ
1873 3665 2002 3718 συγ-

2109 3660 2270 3715 qttam
2305 3645 2468 3699 habet
2509 3646 2702 3699 virtus.
2745 3645 2971 3698 Animas
3021 3655 3202 3698 autem
3239 3644 3516 3698 hominum
3553 3644 3689 3698 solvi

414 3739 714 3807 γεννᾶσθαι
757 3741 940 3803 αὐτοῖς
978 3739 1207 3794 τίθεται·
1241 3734 1380 3808 αἷμα
1408 3739 1517 3810 γὰρ
1547 3740 1718 3802 αὑτὰς
1745 3737 1906 3804 εἶναι,
1938 3734 2000 3794 οὗ

2107 3737 2406 3791 simulcum
2434 3736 2774 3806 corporibus,
2802 3735 2962 3790 sicuti
2983 3735 3146 3790 etiam
3175 3750 3280 3789 una
3306 3737 3448 3805 gigni
3473 3735 3687 3799 statuit,

421 3832 728 3898 ἐξελθόντος
774 3834 807 3903 ἢ
843 3833 1143 3904 τραπέντος
1175 3831 1506 3885 ἀπόλλυσθαι
1535 3832 1655 3885 ὅλον
1677 3833 1765 3884 τὸν
1786 3833 1998 3904 ἄνθρω-

2107 3828 2422 3897 sanguinem
2455 3829 2600 3881 enim
2633 3843 2726 3882 eas
2763 3843 2905 3892 esse,
2941 3843 3050 3898 quo
3081 3843 3300 3895 egresso
3330 3839 3426 3882 aut
3473 3840 3685 3883 mutato

420 3941 541 3991 πον,
577 3919 623 3994 ᾧ
654 3924 939 3978 ἀκολουθεῖ
966 3925 1100 3996 μήτε
1145 3923 1358 3996 κρίσεις
1399 3920 1537 3977 εἶναι
1570 3926 1628 3978 ὲν
1659 3923 1807 3995 ᾅδου,
1861 3927 1997 3995 μήτε

2108 3919 2330 3973 interire
2364 3929 2533 3972 totum
2569 3919 2865 3984 hominem,
2888 3920 3388 3972 cuicmtsectarium
3419 3929 3521 3981 est,
3541 3921 3686 3990 quod

417 4016 767 4087 δικαστήρια,
790 4015 865 4078 ὡς
882 4016 927 4047 ⁸⁸
963 4018 990 4070 ὅ
1019 4034 1070 4069 τι
1096 4014 1162 4069 ἂν
1187 4016 1362 4089 δράσῃ
1391 4033 1476 4079 τις
1502 4017 1559 4069 ὲν
1590 4015 1668 4085 τῷ
1695 4015 1796 4086 βίῳ
1821 4016 1998 4088 τούτῳ

2106 4011 2249 4064 nulla
2289 4025 2414 4064 esse
2438 4011 2851 4078 statuitjudicia
2897 4012 2947 4064 in
2987 4007 3131 4066 Orco
3168 4025 3346 4080 neque
3376 4011 3687 4075 tribunalia,

415 4111 512 4163 καὶ
549 4109 779 4180 διαλάθῃ
815 4108 1108 4163 ἀνεύθυνον
1147 4104 1287 4162 εἶναι
1322 4107 1622 4172 παντελῶς.
1667 4106 1852 4172 οὕτως
1903 4105 1997 4164 οὖν

2107 4114 2186 4170 tu,
2219 4101 2484 4174 quidquid
2507 4102 2844 4156 commiserit
2870 4102 3139 4172 quispiam
3177 4104 3232 4156 in
3267 4105 3366 4157 hac
3394 4105 3502 4157 vita
3529 4114 3576 4158 et
3607 4105 3686 4158 la-

414 4203 512 4256 καὶ
553 4201 894 4272 Ἐπίκουρος.

2107 4196 2290 4261 tuerit,
2323 4194 2482 4264 plane
2516 4194 2736 4263 impune
2780 4195 2854 4247 illi
2887 4194 2976 4248 sit.
3021 4193 3096 4248 Ita
3123 4194 3291 4264 igitur
3315 4203 3367 4249 et
3400 4194 3683 4264 Epicurus.

483 4293 574 4346 25.
623 4290 792 4361 ’Ἄλλη
824 4291 879 4343 δὲ
911 4291 1124 4360 αἵρεσις
1169 4289 1477 4360 φιλοσόφων
1520 4287 1723 4360 ἐκλήθη
1764 4289 1996 4361 Ἀκαδη-

2176 4289 2301 4342 Alia
2333 4286 2516 4341 schola
2554 4285 3001 4354 philosophorum
3046 4295 3235 4339 vocata
3282 4294 3365 4339 est
3401 4285 3683 4339 Academi-

417 4382 612 4454 μαῖκὴ,
639 4382 728 4436 διὰ
747 4383 808 4434 τὸ
832 4385 888 4436 ἐν
909 4385 973 4454 τῇ
1019 4381 1217 4452 Ἀκαδη
1229 4381 1326 4453 μία⁵
1355 4382 1454 4443 τὰς
1477 4379 1760 4451 διατριϐὰς
1798 4381 1995 4444 αὐτοὺς

2102 4394 2314 4446 eorum,
2346 4378 2470 4448 quia
2504 4376 2558 4430 in
2587 4375 2879 4431 Academia
2932 4377 3374 4431 conversationes
3401 4375 3685 4433 instituere

414 4471 707 4534 ποιεῖσθαι,
732 4465 1004 4542 ὤν’ἄρξας
1035 4475 1062 4525 ό
1087 4473 1342 4544 Πύρρων,
1371 4471 1463 4540 ἀφ’
1498 4464 1559 4524 οὗ
1587 4469 1926 4542 Πυρρώνειοι
1947 4471 1993 4503 ⁸³

2102 4472 2396 4536 solebant,
2441 4483 2674 4541 quorum
2708 4469 2815 4522 dux
2848 4469 2940 4537 qui
2971 4471 3187 4524 exstitit
3227 4469 3436 4542 Pyrrho
3461 4512 3476 4536 ,
3507 4486 3535 4525 a
3576 4486 3684 4542 quo

410 4563 617 4634 ὲκλήθη
625 4579 721 4615 σαν
735 4563 1036 4632 φιλόσοφοι,
1057 4565 1156 4636 τὴν
1172 4564 1554 4634 ἀκαταληψίαν
1570 4563 1829 4618 ἁπάντων
1842 4563 1992 4635 πρῶ-

2102 4564 2401 4636 Pyrrboaei
2429 4564 2606 4618 vocati
2645 4569 2774 4615 sunt
2799 4561 3125 4632 philosOphi.
3168 4564 3684 4632 incomprehensibi-

410 4672 502 4719 τος
524 4655 836 4724 εἰσήγαγεν,
860 4654 934 4717 ὡς
958 4657 1254 4725 ἐπιχειρεῖν
1274 4657 1373 4726 μὲν
1394 4657 1476 4718 είς
1494 4657 1751 4727 ἑκάτερα,
1775 4655 1848 4727 μὴ
1874 4654 1996 4726 μέν·

2103 4657 2310 4712 litatem
2337 4656 2578 4711 omnium
2609 4655 2819 4725 primus
2851 4655 3186 4719 introduxit,
3213 4665 3270 4710 ut
3295 4657 3685 4725 aggrediantur

409 4745 898 4815 τοιάποφαίνεσθαι
924 4746 1108 4816 μηδέν.
1130 4745 1297 4799 Οὐδὲν
1317 4748 1425 4816 γὰρ
1445 4743 1582 4801 εἶναι
1601 4746 1724 4801 οὕτε
1746 4747 1852 4800 τῶν
1872 4764 1996 4818 νοη-

2102 4749 2320 4820 quidem
2365 4749 2416 4803 in
2467 4757 2756 4818 utramque
2787 4759 3035 4815 partem,
3087 4761 3192 4801 non
3247 4762 3374 4801 vero
3418 4746 3683 4801 deliniant

407 4839 517 4894 τῶν
532 4837 656 4893 οὔτε
671 4839 780 4892 τῶν
795 4837 1066 4908 αἰσθητῶν
1078 4837 1296 4907 ἀληθὲς,
1314 4838 1450 4891 ἀλλά
1461 4837 1638 4892 δοκεῖν
1652 4842 1766 4904 τοῖς
1782 4838 1880 4894 ἀνθ
1887 4839 1994 4910 ρώ-

2100 4842 2420 4913 qnidquam.
2448 4841 2593 4895 Nihil
2615 4839 2758 4894 enim
2773 4853 2895 4895 esse
2918 4853 3092 4909 neque
3111 4837 3677 4906 comprehensibilium

409 4950 532 4998 ποις
554 4931 728 4997 οὕτως
755 4932 921 5004 ἔχειν.
967 4931 1228 5001 Ῥευστήν
1253 4947 1315 4984 τε
1348 4926 1490 4985 εἶναι
1531 4931 1631 5002 τὴν
1669 4931 1861 4986 οὐσίαν
1885 4932 1991 4985 πᾶ-

2100 4945 2274 5002 neque
2301 4930 2641 4986 sensibilium
2680 4944 2892 4996 verum,
2933 4929 3029 4984 sed
3061 4929 3230 4983 videri
3264 4929 3576 4984 hominibus
3603 4930 3677 4984 ita

409 5042 508 5079 σαν
533 5025 630 5079 καὶ
667 5024 1035 5096 μεταϐλητὴν,
1066 5024 1162 5078 καὶ
1192 5023 1463 5094 μηδέποτε
1487 5026 1546 5078 ὲν
1577 5025 1656 5096 τῷ
1696 5022 1845 5094 αὑτῷ
1894 5024 1988 5094 μέ-

2096 5039 2238 5089 essc,
2272 5024 2601 5095 llnidamque
2639 5039 2760 5080 esse
2787 5023 3070 5077 materiem
3098 5037 3313 5076 omnem
3343 5030 3396 5077 et
3443 5023 3679 5076 mutabi-

405 5134 534 5174 νειν.
583 5122 646 5172 Ol
699 5122 798 5190 μὲν
859 5113 952 5172 οὖν
997 5116 1106 5172 τῶν
1164 5117 1591 5187 Ἀκαδημαϊκῶν
1641 5116 1859 5186 λέγουσι
1911 5115 1986 5186 μὴ

2096 5117 2199 5170 lem
2245 5132 2342 5172 nec
2378 5133 2614 5185 unquam
2671 5117 2723 5170 in
2780 5115 2969 5170 eodem
3022 5113 3138 5167 loco
3168 5128 3506 5183 permanere.
3557 5113 3674 5167 Jam

1667 5281 1904 5338 vitam
1949 5281 2360 5367 LEC’IIONES.

472 5394 516 5428 ³¹
549 5394 868 5470 ιμπ-ύρωσιν
909 5394 974 5448 Ο.
1061 5396 1108 5470 ξ’
1140 5396 1410 5470 κάθαρσιν
1443 5395 1760 5470 Bonperns;
1799 5397 2101 5468 καθάρσιον
2132 5398 2310 5469 vulgo.
2377 5398 2566 5470 7"}?1
2608 5405 2828 5468 χωρεῖν.
2876 5398 2950 5469 μὴ
2997 5401 3192 5470 χωρεῖν
3239 5395 3416 5470 vulgo.
3457 5393 3677 5470 _-“_c°zvdtf

399 5462 594 5520 κλασιν
634 5462 711 5518 11(
742 5463 1028 5536 Βῖιιοιιιες
1057 5462 1354 5536 ἀνάστασιν
1387 5462 1580 5536 vulgo;
1610 5462 1963 5536 ἀντίστασιν
1992 5471 2010 5522 Ε

2060 5462 2289 5522 tltinitis.
2371 5469 2418 5501 ³⁵
2447 5462 2724 5534 Ruepérus
2768 5486 2820 5536 p.
2869 5462 2975 5522 6‘26
2999 5462 3091 5520 'ad'
3117 5462 3671 5536 tlocttinamEpicuri

400 5546 762 5609 coagr_t_t_enter
795 5534 1166 5609 ita_scri_pt_um
1199 5535 1360 5609 malit
1390 5553 1404 5589 :
1443 5533 1536 5589 καὶ
1567 5534 1919 5609 τὰστοιχεῖα,
1947 5556 2011 5592 κα

2071 5540 2198 5602 τοὺς
2230 5533 2612 5609 κόσμουςζκαὶ
2632 5537 2702 5591 τὰ
2733 5533 2790 5590 ιν
2813 5538 2998 5601 αὐτοῖς
3025 5537 3223 5609 πάντα.
3373 5533 3555 5609 πάντα
3581 5535 3672 5609 δαὶ

399 5600 531 5677 ante
556 5603 671 5668 ζῶα
705 5620 813 5677 om.
848 5603 911 5677 Τ.
992 5603 1146 5677 ³⁷ὲςρ’
1199 5605 1514 5677 Boepcrus;
1565 5605 1684 5673 μεθ’
1714 5600 1915 5677 fulgo;
1996 5610 2010 5642 ⁸

2075 5600 2436 5676 καλουμένοις
2477 5600 2816 5677 Gronovius;
2872 5600 3209 5677 καλουμένου
3263 5605 3409 5677 libri.
3475 5604 3520 5638 ³⁸
3547 5600 3671 5677 οὔτε

408 5673 570 5749 αὐτὴν
604 5675 837 5749 πρᾶγμα
865 5673 1030 5749 ἔχειν,
1051 5669 1183 5749 οὔτε
1212 5669 1355 5749 ἄλλω
1384 5669 1644 5746 παρέχειν
1666 5696 1684 5749 _-
1707 5669 1751 5744 ᾧ
1772 5669 2081 5749 ἀκόλουθον
2112 5679 2175 5731 Τ.
2224 5669 2274 5749 ξδ
2304 5669 2857 5749 τῆςίσοφίαςηαρτοῖς
2887 5677 2954 5749 Τ.
3002 5669 3413 5749 δ”κατενόησαν
3437 5704 3507 5720 -—
3529 5673 3673 5728 κατὰ

398 5742 528 5816 ἔθνη
559 5740 1204 5814 νιιιζο⁷;’κατ⁶”αῖσθησιν
1259 5740 1562 5814 ιῖόιτρειίηέζ
1663 5740 1828 5809 ma;
1872 5746 2009 5816 lluep

1663 5740 1828 5809 Wo;
1872 5746 2179 5816 liuepertts;
2217 5740 2292 5801 ὧν
2346 5740 2520 5816 vulgo;
2627 5747 2672 5778 "
2707 5743 3015 5813 Πυρῤὡνιοι
3074 5746 3254 5817 vulgo,
