4080 6402
385 315 519 384 3051

1821 314 2188 404 ORIGENIS

3502 305 3641 372 3052

385 424 476 480 alii
507 439 574 479 cx
606 421 948 479 Academicis
974 420 1165 477 dicunt
1200 435 1306 477 non
1343 429 1598 493 oportere
1631 423 1862 488 omnino
1897 425 1964 478 de

2071 420 2176 474 δεῖν
2233 417 2331 491 τὴν
2378 417 2553 492 ἀρχὴν
2600 418 2729 490 περὶ
2778 415 3006 488 μηδενὸς
3058 413 3480 483 ἀποφαίνεσθαι,
3524 406 3641 470 ἀλλ’

383 530 656 586 quoquam
688 514 992 583 amrmare,
1019 515 1113 572 sed
1153 523 1362 570 tantum
1388 529 1673 585 aggressos
1716 516 1954 570 mittere.

381 605 489 664 Alii
517 617 697 659 autem
726 605 855 659 illud
890 621 993 660 non
1023 607 1194 675 magis
1241 605 1594 674 adjecerunt,
1621 604 1708 660 his
1733 605 1813 660 usi
1837 619 1961 658 ver-

2062 511 2249 576 ἀπλῶς
2315 511 2772 582 ἐπιχειρήσαντας
2812 510 2936 580 ὲᾷνο
2979 510 3030 562 οί
3068 509 3126 564 δὲ
3155 508 3217 564 τὸ
3254 505 3317 562 ού
3369 507 3573 579 μᾶλλον
3599 511 3643 543 ⁸⁸

2065 607 2434 678 προσέθεσαν,
2481 606 2732 676 λέγοντες
2772 606 2833 659 ού
2864 604 3064 675 μᾶλλον
3103 604 3166 656 τὸ
3188 603 3301 674 πῦρ
3347 601 3461 674 πῦρ
3487 603 3533 635 ⁸⁸
3565 600 3644 662 εἷα

383 694 500 762 bis;
535 711 640 748 non
675 696 848 764 magis
879 696 1039 766 ignis,
1075 694 1354 768 45-45
1377 695 1514 766 ignis
1545 710 1707 764 quam
1733 695 1962 763 quodvis

2071 716 2150 754 ναι
2193 699 2227 770 ἧ
2275 698 2405 753 ἄλλο
2449 715 2523 752 τι.
2566 697 2642 750 Οὐ
2691 696 2877 768 μέντοι
2926 696 3280 767 ἀπεφήναντο
3336 694 3470 752 αὐτὸ
3501 694 3556 750 τί
3599 697 3643 724 ⁸⁸

384 785 555 841 aliud.
594 785 728 840 illud
763 796 945 843 autem
997 803 1101 840 non
1157 787 1616 852 declaraverunt,
1666 786 1806 856 ignis
1848 787 1962 854 ipse

387 876 517 947 quid
546 884 714 940 esset,
755 877 849 932 sed
887 876 941 931 in
975 878 1119 931 hunc
1158 878 1396 932 modum.

461 967 556 1023 Est
585 978 762 1022 autem
787 968 950 1023 etiam
979 969 1033 1022 in
1063 968 1208 1024 Indis
1245 969 1429 1024 schola
1468 967 1962 1037 philosophantium

388 1058 441 1114 in
468 1057 844 1114 Braclnnanis.
881 1058 980 1124 Qui
1009 1059 1172 1114 vitam
1197 1073 1317 1110 cum
1349 1058 1712 1112 abstinentem
1748 1067 1966 1112 sectan-

388 1155 500 1213 tur,
541 1149 795 1203 animatis
821 1160 876 1202 et
908 1147 1014 1220 igni
1048 1149 1218 1207 coctis
1244 1149 1382 1206 cibis
1414 1147 1667 1204 omnibus
1690 1147 1966 1206 abstinent

387 1237 853 1306 acquiescuntque
885 1238 936 1290 in
969 1237 1214 1308 frugibus
1244 1237 1524 1296 arborum.
1555 1247 1610 1292 ct
1638 1252 1704 1291 ne
1729 1239 1827 1293 has
1853 1238 1968 1309 qui-

388 1327 510 1380 dem
544 1329 933 1396 decerpentes,
983 1329 1076 1382 sed
1125 1343 1246 1396 quae
1296 1328 1613 1383 ceciderunt
1651 1329 1702 1382 in
1766 1338 1964 1382 terram

388 1417 699 1476 auferentes
733 1420 942 1485 vivunt,
969 1435 1166 1489 aqttatn
1202 1417 1441 1474 ﬂuminis
1463 1419 1750 1491 Tagabena
1780 1421 1968 1475 biben-

389 1519 488 1565 tes.
527 1509 631 1566 Per
669 1525 884 1568 omnem
935 1521 1115 1567 autem
1152 1511 1316 1566 vitam
1361 1522 1530 1582 agunt
1561 1511 1724 1576 nudi,
1772 1526 1968 1580 corpus

387 1600 776 1654 vestimentum
810 1600 1014 1655 anima:
1052 1615 1083 1654 a
1125 1601 1234 1656 Deo
1259 1599 1521 1654 tributum
1545 1613 1666 1655 esse
1689 1598 1966 1654 aiIirman-

389 1699 492 1746 tes.
528 1688 590 1744 lli
619 1691 784 1748 Deum
815 1691 988 1746 lucem
1016 1705 1136 1746 esse
1170 1690 1445 1755 dictitant,
1474 1705 1578 1745 non
1603 1690 1815 1759 qualem
1846 1691 1968 1761 quis

2064 792 2234 856 ἐστιν,
2267 789 2405 844 ἀλλά
2447 789 2510 844 τὸ
2533 789 2759 848 τοιόνδε.

2132 977 2223 1034 ﬁt.
2259 977 2413 1035 Ἔστι
2441 975 2498 1030 δὲ
2529 974 2624 1029 καὶ
2655 973 2806 1046 παρά
2847 973 3027 1038 Ἰνδοῖς
3055 975 3272 1047 αἵρεσις
3305 974 3600 1045 φιλοσοφου
3675 997 3678 999 λ

2066 1067 2242 1137 μένων
2269 1068 2326 1120 ὲν
2347 1067 2458 1130 τοῖς
2480 1065 2854 1136 Βραχμάναις,
2879 1064 2927 1119 οἳ
2953 1065 3065 1135 βίον
3093 1065 3194 1137 μὲν
3223 1065 3475 1137 αὐτάρκη
3501 1082 3643 1136 προ-

2065 1156 2374 1218 ϐάλλονται,
2398 1154 2659 1226 ἐμψύχων
2688 1155 2744 1210 δὲ
2772 1154 2865 1212 καὶ
2887 1154 2993 1208 τῶν
3014 1155 3102 1210 διὰ
3134 1154 3305 1227 πυρὸς
3335 1154 3646 1226 βρωμάτων

2069 1247 2286 1301 πάντων
2338 1246 2668 1316 ἀπέχονται,
2721 1245 3042 1317 ἀκροδρύοις
3084 1246 3416 1317 ἀρκούμενοι
3438 1285 3452 1309 ,
3510 1247 3647 1316 μηδὲ

2067 1338 2204 1392 αύτά
2236 1336 2412 1390 ταῦτα
2439 1336 2752 1407 τρυγῶντες
2781 1378 2797 1403 ,
2825 1337 2963 1390 ἀλλά
3001 1335 3073 1389 τὰ
3105 1335 3375 1392 πίπτοντα
3427 1337 3509 1399 εἰς
3546 1335 3646 1406 τὴν

2065 1429 2170 1499 γῆν
2199 1427 2244 1458 ⁸⁷
2277 1425 2640 1497 βαστάζοντες
2671 1426 2862 1491 ζῶσιν,
2889 1425 3035 1498 ὕδωρ
3069 1425 3319 1497 ποταμοῦ
3353 1425 3650 1495 Ταγαϐενά

2067 1518 2334 1582 πίνοντες.
2365 1515 2642 1570 Διαϐιοῦσι
2676 1515 2735 1570 δὲ
2785 1518 3005 1587 γυμνοὶ,
3034 1517 3096 1569 τὸ
3147 1515 3308 1586 σῶμα
3343 1515 3546 1585 ἔνδυμα
3578 1519 3646 1588 τῇ

2065 1608 2210 1680 ψυχῇ
2250 1607 2356 1662 ὑπὸ
2385 1607 2479 1661 τοῦ
2510 1606 2648 1660 Θεοῦ
2673 1607 2959 1676 γεγονέναι
2989 1607 3256 1677 λέγοντες.
3295 1600 3457 1660 Οὗτοι
3486 1607 3532 1638 ⁵³
3554 1607 3649 1659 τὸν

2066 1699 2198 1752 Θεὸν
2231 1698 2348 1768 φῶς
2387 1693 2528 1751 εἶναι
2557 1697 2828 1767 λέγουσιν,
2870 1697 2967 1768 οὐχ
2993 1697 3177 1751 ὁποῖόν
3225 1713 3311 1760 τις
3355 1697 3479 1767 ὁρᾷ,
3531 1695 3645 1749 οὐδ’

385 1779 583 1841 cernit,
612 1793 711 1832 nec
729 1777 906 1847 qualis
930 1777 1012 1834 sol
1034 1787 1088 1832 et
1113 1777 1272 1852 ignis,
1296 1779 1390 1833 sed
1415 1787 1497 1834 est
1515 1779 1581 1832 iis
1610 1778 1748 1833 Dens
1765 1777 1964 1848 Logus,

2071 1783 2178 1842 οἷον
2202 1788 2355 1861 ἥλιος
2387 1790 2480 1842 καί⁸
2509 1789 2641 1860 πῦρ,
2683 1789 2820 1844 ἀλλά
2851 1791 3000 1844 ἐστιν
3028 1790 3212 1852 αὐτοῖς
3239 1791 3267 1843 ό
3305 1787 3437 1853 Θεὸς
3467 1787 3651 1856 λόγος.

393 1883 500 1924 non
530 1867 878 1931 articulatus,
899 1868 996 1924 sed
1026 1869 1350 1940 cognitionis
1377 1909 1392 1934 ,
1426 1885 1524 1942 per
1552 1884 1712 1939 quem
1741 1869 1970 1924 abscon-

387 1959 498 2016 dita
529 1970 737 2016 natura:
761 1975 960 2016 arcana
983 1970 1285 2019 cernuntur
1317 1962 1676 2032 sapientibus.
1702 1961 1851 2017 Haiic
1871 1979 1968 2017 au-

397 2063 504 2108 tem
546 2052 743 2116 lucem,
773 2068 934 2122 quam
955 2054 1141 2109 dicunt
1167 2054 1371 2127 Lagum
1399 2056 1588 2122 Deum,
1619 2064 1793 2110 semet
1823 2055 1968 2111 solos

385 2143 604 2203 novisse
636 2143 728 2214 qui
755 2143 870 2199 sint
898 2142 1287 2208 Brachmanes,
1333 2144 1533 2216 quippe
1558 2143 1647 2213 qui
1693 2143 1792 2198 soli
1822 2141 1968 2212 abje-

384 2235 560 2290 cerint
591 2249 780 2292 vanam
809 2235 1210 2307 opinationem,
1249 2236 1392 2310 quod
1436 2243 1522 2290 est
1564 2233 1808 2290 velamen
1841 2232 1965 2289 ani-

386 2340 489 2382 ma:
533 2334 861 2384 extremum.
904 2323 968 2380 lli
1003 2335 1232 2382 mortem
1267 2333 1664 2394 contemnunt,
1692 2323 1969 2382 celebrant

383 2427 566 2476 autem
604 2417 904 2476 domestica
930 2417 1117 2491 lingua
1146 2416 1337 2482 Deum,
1369 2430 1531 2488 quem
1565 2425 1760 2472 vocant
1781 2428 1846 2468 eo
1867 2428 1968 2470 no-

385 2509 554 2573 mine,
585 2525 695 2580 quo
719 2524 884 2577 supra
926 2509 1165 2568 diximus
1187 2550 1203 2577 ,
1266 2509 1609 2580 hymnosque
1655 2508 1708 2562 iu
1738 2505 1969 2565 sublime

385 2601 632 2656 mittunt.
660 2599 846 2672 Neque
881 2610 1064 2656 autem
1096 2599 1354 2658 mulieres
1401 2600 1540 2657 inter
1567 2598 1690 2655 illos
1722 2638 1738 2668 ,
1790 2613 1968 2668 neque

387 2700 679 2761 procreant
737 2691 961 2748 liberos.
1019 2689 1120 2758 Qui
1151 2700 1336 2746 autem
1365 2689 1598 2749 similem
1650 2689 1757 2746 illis
1801 2689 1966 2743 vitam

385 2777 664 2845 aﬂectant,
693 2794 760 2834 ex
791 2789 939 2834 terra
973 2795 1094 2854 qua:
1126 2792 1276 2836 trans
1304 2778 1505 2836 ﬂumen
1527 2788 1611 2836 cst
1643 2776 1966 2847 transgressi

387 2869 514 2928 illuc
539 2871 681 2929 inter
709 2870 832 2928 illos
865 2880 1106 2941 manent,
1138 2885 1238 2926 nec
1255 2885 1490 2941 unquam
1522 2878 1889 2936 revertuntur,
1914 2876 1969 2923 et

385 2962 487 3032 ipsi
519 2972 699 3023 autem
728 2963 1096 3023 Brachmanes
1119 2973 1403 3020 vocantur.
1437 2960 1618 3019 Vitam
1648 2969 1828 3018 autem
1861 2974 1968 3021 non

385 3056 576 3115 eodem
605 3057 766 3115 modo
797 3066 1104 3131 peragunt;
1154 3065 1280 3111 sunt
1320 3056 1462 3113 enim
1513 3056 1675 3110 etiam
1713 3053 1968 3110 mulieres

387 3145 443 3202 in
473 3161 536 3204 ea
569 3147 792 3222 regione
822 3183 839 3212 ,
891 3128 958 3203 ei
988 3145 1188 3213 quibus
1214 3146 1304 3218 qui
1332 3145 1638 3204 inhabitant
1667 3158 1730 3203 ea
1767 3145 1882 3200 loca
1914 3152 1968 3198 et
1993 3128 2037 3186 (ἒ

387 3245 715 3307 generantur
743 3246 796 3291 et
819 3245 1106 3313 generant.
1131 3235 1286 3291 llunc
1307 3247 1484 3294 autem
1513 3234 1718 3306 Legum
1743 3274 1758 3300 ,
1801 3249 1960 3305 quem

392 3329 562 3386 Deum
601 3339 798 3387 vocant
821 3370 838 3396 ,
869 3344 1186 3401 corporeum
1215 3343 1337 3386 esse
1366 3337 1421 3382 et
1461 3327 1713 3385 vestitum
1740 3339 1968 3396 corpore

389 3431 544 3479 extra
571 3437 713 3489 sese,
739 3431 996 3494 tanquam
1024 3437 1144 3480 cum
1175 3421 1297 3492 quis
1320 3419 1511 3493 pellem
1539 3418 1736 3475 ovilem
1768 3427 1966 3491 gestet.

388 3525 554 3574 exuto
586 3526 766 3572 autem
806 3529 1074 3584 corpore,
1108 3528 1214 3584 quo
1236 3511 1464 3568 vestitus
1495 3511 1588 3578 sit,
1625 3509 1769 3568 clare
1799 3509 1968 3566 oculis

392 3615 598 3677 patere.
630 3605 840 3664 Bellum
863 3615 1044 3662 autem
1069 3605 1247 3659 inesse
1267 3603 1320 3660 in
1343 3617 1593 3676 corpore,
1616 3615 1723 3673 quo
1741 3601 1969 3658 vestian-

392 3704 482 3754 tur
507 3734 525 3761 ,
576 3697 775 3752 docent
807 3694 1173 3751 Brachmanes
1209 3691 1301 3767 [et
1352 3692 1568 3763 plenum
1617 3708 1737 3750 esse
1768 3708 1966 3765 corpus

393 3790 628 3845 hostium
661 3784 1074 3858 arbitrantur],
1103 3795 1292 3841 contra
1317 3785 1460 3858 quod
1493 3795 1747 3860 tanquam
1775 3796 1964 3842 contra

395 3883 579 3940 hostes
616 3879 765 3948 Iusta
806 3879 923 3936 acie
958 3881 1310 3950 depugnant,
1340 3878 1498 3934 sicuti
1529 3887 1686 3934 antea
1718 3878 1966 3934 declara-

391 3973 594 4027 vimus.
630 3969 830 4028 Omnes
857 3979 1039 4028 autem
1087 3970 1334 4027 homines
1376 3971 1529 4026 aiunt
1571 3972 1817 4044 captivos
1847 3987 1968 4030 esse

393 4062 804 4132 congenitorum
849 4078 1070 4122 suorum
1113 4061 1388 4128 hostium,
1435 4063 1640 4120 ventris
1670 4072 1726 4121 et
1761 4064 1968 4132 puden-

393 4158 607 4221 dorum,
637 4157 792 4227 gulae,
819 4155 938 4220 iraa,
960 4155 1180 4222 laetitiae,
1198 4155 1398 4221 luctus,
1427 4154 1740 4229 cupiditatis
1763 4164 1818 4211 et
1849 4170 1968 4226 quae

390 4260 518 4308 sunt
551 4249 780 4320 reliqua.
808 4248 971 4308 Solus
1007 4259 1192 4302 autem
1222 4247 1289 4303 ad
1317 4246 1482 4303 Deum
1513 4247 1756 4318 graditur
1777 4247 1866 4316 qui
1901 4247 1968 4300 de

390 4341 479 4397 his
498 4351 758 4410 tropaeum
789 4341 987 4398 erexit.
1019 4340 1356 4409 Quapropter
1376 4336 1700 4405 Dandamin,
1723 4338 1790 4393 ad
1808 4353 1966 4407 quem

388 4431 696 4491 Alexander
744 4431 969 4488 Macedo
1021 4431 1295 4497 accessit,
1354 4430 1651 4505 56-57
1714 4440 1965 4502 tanquam

359 4525 654 4581 «victorem
689 4523 856 4590 belli,
898 4525 1040 4595 quod
1082 4533 1166 4581 est
1211 4524 1264 4580 in
1300 4539 1564 4592 corpore,
1598 4524 1965 4579 Brachmanas

393 4629 490 4683 pro
515 4615 699 4670 divino
732 4614 954 4672 numine
992 4625 1342 4670 venerantur.
1375 4613 1638 4670 Calanum
1667 4623 1846 4669 autem
1883 4613 1964 4667 in-

2068 1880 2165 1952 ούχ
2211 1883 2239 1934 ὁ
2294 1880 2577 1952 ἔναρθρος,
2631 1880 2768 1936 ἀλλά
2820 1882 2850 1936 ό
2901 1882 3002 1953 τῆς
3043 1881 3340 1950 γνώσεως,
3376 1881 3444 1934 δι’
3474 1876 3537 1935 οὗ
3581 1880 3654 1935 τά

2069 1973 2286 2043 κρυπτά
2337 1973 2435 2043 τῆς
2487 1971 2705 2042 φύσεως
2744 1975 2789 2013 δ⁹
2848 1973 3127 2044 μυστήρια
3177 1973 3376 2043 ὁρᾶται
3441 1974 3648 2040 σοφοῖς.

2069 2065 2241 2119 Τοῦτο
2271 2064 2329 2117 δὲ
2374 2065 2435 2118 τὸ
2470 2062 2621 2135 φῶς,
2656 2065 2685 2118 ὅ
2729 2080 2863 2132 φασι
2910 2063 3069 2132 λόγον
3116 2064 3208 2118 τὸν
3252 2063 3407 2129 Θεὸν,
3449 2063 3650 2125 αὐτοὺς

2071 2156 2267 2228 μόνους
2287 2155 2487 2212 εἰδέναι
2518 2157 2565 2188 ⁵⁸
2595 2155 2927 2227 Βραχμᾶνας
2945 2155 2990 2186 ⁸⁸
3015 2152 3258 2222 λέγουσι,
3291 2153 3380 2209 διὰ
3403 2153 3464 2206 τὸ
3481 2154 3656 2224 ἀπορο

2070 2248 2223 2319 ῥῖψαι
2266 2247 2462 2318 μόνους
2495 2246 2591 2316 τὴν
2631 2243 2960 2313 κενοδοξίαν,
2995 2246 3055 2311 ὃς
3099 2247 3146 2278 ⁵³
3197 2247 3314 2300 ἐστι
3348 2245 3515 2316 χιτὼν
3552 2246 3654 2315 τῆς

2067 2338 2250 2410 ψυχῆς
2276 2337 2530 2410 ἔσχατος.
2583 2331 2746 2396 Οὗτοι
2779 2336 3014 2394 θανάτου
3049 2337 3525 2410 καταφρονοῦσιν
3561 2337 3649 2390 ἀεὶ

2067 2432 2124 2486 δὲ
2157 2431 2262 2504 ἰδίᾳ
2291 2432 2442 2501 φωνῇ
2473 2429 2608 2484 Θεὸν
2635 2430 2682 2461 ⁸⁸
2711 2428 3059 2502 ὀνομάζουσι,
3084 2429 3267 2491 καθὼς
3289 2428 3650 2501 προείπομεν,

2070 2524 2272 2595 ὕμνους
2328 2538 2388 2574 τε
2436 2521 2880 2592 άναπέμπουσιν.
2923 2519 3064 2574 Οῦτε
3107 2520 3167 2573 δὲ
3220 2523 3482 2588 γυναῖκες
3518 2519 3650 2589 παρ’

2067 2617 2253 2681 αὐτοῖς
2279 2613 2404 2668 οὔτε
2440 2613 2747 2669 τεκνοῦσιν.
2791 2614 2854 2671 Ui
2886 2613 2941 2666 δὲ
2970 2611 3063 2666 τοῦ
3093 2613 3280 2682 ὁμοίου
3317 2611 3503 2675 αὐτοῖς
3533 2611 3650 2680 βίου

2067 2705 2383 2780 ὀρεχθέντες
2418 2705 2483 2760 ὲκ
2528 2703 2630 2776 τῆς
2662 2703 2967 2776 ἀντιπέραν
3005 2702 3192 2775 χώρας
3241 2702 3337 2758 τοῦ
3397 2703 3648 2774 ποταμοῦ

2067 2798 2500 2870 διαπερήσαντες
2521 2798 2702 2852 ἐκεῖσε
2733 2796 3185 2868 ἐναπομένουσιν,
3217 2795 3651 2867 ἀναστρέφοντες

2073 2889 2274 2963 μηκέτι
2295 2904 2310 2919 ⁸
2351 2889 2446 2944 καὶ
2475 2889 2631 2943 αὐτοὶ
2653 2888 2711 2944 δὲ
2737 2889 3067 2962 Βραχμᾶνες
3107 2887 3429 2944 καλοῦνται.
3455 2887 3575 2941 Βίον
3599 2887 3645 2917 ³⁸

2068 2984 2128 3038 δὲ
2158 2981 2257 3051 οὐχ
2296 2979 2500 3050 ὁμοίως
2540 2979 2822 3051 διάγουσιν
2842 2997 2856 3012 ·
2893 2982 3002 3034 είσὶ
3026 2981 3136 3054 γὰρ
3169 2980 3268 3036 καὶ
3307 2983 3556 3051 γυναῖκες
3589 2980 3647 3030 ὲν

2069 3079 2135 3148 τῇ
2175 3076 2351 3148 χώρᾳ,
2387 3076 2447 3144 ἐξ
2473 3069 2660 3145 ὧνπερ
2697 3074 2748 3128 οἱ
2778 3073 2896 3127 ἐκεῖ
2929 3070 3316 3135 κατοικοῦντες
3353 3072 3650 3141 γεννῶνται

2073 3169 2170 3226 καὶ
2196 3168 2482 3237 γεννῶσιν.
2530 3166 2732 3222 ’Βοῦτον
2768 3165 2824 3218 δὲ
2857 3165 2948 3220 τὸν
2978 3165 3136 3234 λόγον
3171 3165 3240 3230 ⁸³,
3271 3164 3330 3220 ὸν
3366 3164 3498 3220 Θεὸν
3532 3163 3651 3218 ὀνο·

2075 3259 2307 3331 μάζουσι
2332 3301 2347 3326 ,
2392 3257 2706 3330 σωματικὸν
2738 3252 2880 3310 εἶναι
2907 3295 2922 3319 ,
2973 3255 3359 3326 περικείμενόν
3392 3271 3453 3308 τε
3489 3252 3650 3323 σῶμα

2072 3350 2274 3416 ἔξωθεν
2305 3348 2522 3416 ἑαυτοῦ,
2556 3347 2807 3418 καθάπερ
2835 3347 2890 3399 εί
2912 3363 2994 3412 τις
3027 3346 3087 3400 τὸ
3110 3348 3173 3400 ὲκ
3203 3344 3311 3398 τῶν
3357 3341 3649 3414 προϐάτων

2071 3443 2276 3514 ἔνδυμα
2314 3443 2491 3513 φορεῖ,
2525 3437 2974 3507 ἀπεκδυσάμενον
3007 3437 3066 3490 δὲ
3112 3437 3173 3490 τὸ
3216 3435 3398 3506 σῶμα,
3433 3433 3461 3488 ὃ
3496 3435 3649 3501 mpi-

2073 3551 2274 3599 κειται,
2299 3529 2736 3602 όφθαλμοφανῶς
2776 3527 3086 3598 φαίνεσθαι.
3129 3527 3372 3596 Πόλεμον
3413 3524 3472 3581 δὲ
3511 3520 3652 3578 εἶναι

2071 3629 2132 3681 ἓν
2168 3625 2246 3696 τῷ
2273 3622 2642 3694 περικειμένῳ
2677 3620 2858 3675 αὐτῶν
2884 3619 3097 3691 σώματι
3126 3621 3174 3672 οί
3208 3615 3533 3690 Βραχμᾶνες
3558 3615 3649 3668 λέ-

2073 3732 2228 3784 γουσι
2279 3713 2399 3786 [καὶ
2450 3711 2657 3782 πλῆρες
2709 3712 2757 3743 "
2810 3705 2950 3764 εἶναι
2981 3709 3257 3780 πολεμίων
3291 3709 3336 3740 ⁸⁷
3368 3707 3549 3772 αὐτοῖς
3591 3707 3653 3760 τὸ

2075 3805 2236 3876 σῶμα
2259 3803 2580 3874 νενομίκασι
2597 3800 2639 3874 ],
2669 3800 2806 3873 πρὸς
2834 3799 2863 3854 δ
2886 3799 2960 3864 ώς
2991 3799 3128 3873 πρὸς
3155 3796 3445 3868 πολεμίους
3477 3812 3651 3867 παρα-

2071 3898 2397 3971 τεταγμένοι
2432 3897 2720 3968 μάχονται,
2745 3891 2928 3956 καθὼς
2955 3889 3471 3964 προδεδηλώκαμεν.
3504 3887 3652 3945 Πάνυ

2073 4008 2172 4054 τας
2212 3989 2270 4043 δὲ
2307 3987 2632 4061 ἀνθρώπους
2667 3985 2919 4055 λέγουσιν
2962 3981 3345 4053 αἰχμαλώτους
3376 3975 3518 4037 εἶναι
3543 3979 3653 4033 τῶν

2076 4078 2222 4133 ίδίων
2255 4076 2533 4146 συγγενῶν
2560 4075 2858 4145 πολεμίων,
2888 4072 3129 4145 γαστρὸς
3155 4072 3246 4128 καὶ
3267 4070 3506 4137 αἰδοίων,
3539 4070 3655 4124 λαι-

2078 4169 2202 4240 μοῦ,
2223 4169 2416 4238 ὀργῆς,
2441 4165 2849 4238 χαρᾶς,λύπης,
2867 4164 3166 4234 ἐπιθυμίας
3189 4163 3282 4219 καὶ
3299 4163 3408 4216 τῶν
3429 4163 3652 4233 ὁμοίων.

2074 4259 2250 4327 Μόνος
2268 4259 2324 4313 δὲ
2356 4258 2489 4328 πρὸς
2515 4258 2607 4312 τὸν
2634 4256 2767 4310 Θεὸν
2791 4253 3004 4328 χωρεῖό
3026 4255 3167 4310 κατά
3194 4253 3400 4308 τούτων
3431 4253 3656 4323 ἐγείρας

2074 4350 2356 4422 τρόπαιον.
2386 4349 2476 4403 Διὸ
2505 4349 2779 4419 Δάνδαμιν
2813 4349 2934 4420 μὲν,
2970 4346 3107 4415 πρὸς
3139 4345 3199 4400 ὃν
3232 4344 3586 4415 Ἀλέξανδρος
3628 4347 3656 4394 ό

2074 4440 2341 4497 Μακεδὼν
2397 4441 2668 4513 εἰσῆλθεν,
2704 4440 2781 4514 [p.
2817 4441 2906 4495 50.
2942 4437 3034 4512 5|]
3068 4438 3145 4503 ὡς
3197 4435 3527 4508 νενικηκότα
3561 4435 3656 4486 τὸν

2073 4533 2310 4604 πόλεμον
2347 4533 2440 4588 τὸν
2478 4535 2536 4587 ὲν
2565 4533 2642 4602 τῷ
2675 4530 2922 4602 σώματι,
2954 4531 3279 4602 Βραχμᾶνες
3307 4527 3654 4594 θεολογοῦσι·

2074 4624 2327 4678 Καλάνου
2358 4624 2415 4677 δὲ
2456 4623 2854 4694 καταφέρονται
2902 4621 2977 4684 ώς
3009 4619 3222 4682 ἀσεϐῶς
3249 4618 3656 4687 ἁποστατήσαν-

393 4714 696 4770 sectantur,
724 4714 783 4762 ut
810 4705 900 4778 qui
927 4715 1127 4776 praeter
1143 4705 1227 4762 las
1255 4703 1548 4762 desciverit
1576 4720 1604 4759 a
1628 4704 1968 4776 philosOphia

2085 4733 2178 4779 τος
2210 4716 2255 4747 ⁸⁸
2281 4715 2380 4786 τῆς
2413 4716 2534 4769 κατ’
2587 4715 2785 4778 αὐτοὺς
2818 4711 3158 4781 φιλοσοφίας.
3201 4707 3559 4777 Ἀποθέμενοι
3600 4704 3655 4756 δὲ

377 4811 511 4875 _sua.
560 4795 812 4867 Deposito
844 4807 1024 4855 autem
1051 4811 1282 4868 corpore
1315 4795 1681 4854 Brachmancs
1715 4805 1971 4866 tanquam

393 4901 458 4942 ex
493 4902 630 4958 aqua
675 4888 993 4946 exsilientes
1025 4889 1205 4960 pisces
1245 4888 1299 4944 in
1327 4903 1521 4959 purum
1553 4903 1731 4945 aerem
1755 4890 1971 4956 conspi-

394 4985 586 5031 cantur
605 4976 796 5031 sulem.

2080 4806 2406 4878 Βραχμᾶνες
2443 4805 2504 4859 τὸ
2535 4803 2696 4875 σῶμα
2729 4803 2919 4874 ὥσπερ
2964 4800 3024 4866 ἐξ
3056 4800 3250 4863 ὓδατος
3309 4797 3492 4868 ἰχθύες
3526 4797 3658 4850 ἁνα-

2079 4896 2349 4970 κύψαντες
2390 4897 2468 4961 είς
2498 4896 2636 4969 ἀέρα
2668 4893 2907 4966 καθαρὸν
2931 4893 3100 4964 ὁρῶσι
3132 4892 3223 4944 τὸν
3266 4890 3440 4960 ἥλιον.

1677 5091 1912 5150 VARIIE
1954 5095 2356 5154 LEC'I'lONES.

496 5209 546 5240 “
575 5209 638 5282 τὸ
680 5209 743 5262 οὐ
777 5209 976 5282 μᾶλλον
1014 5239 1082 5249 -
1124 5211 1184 5263 οὐ
1224 5210 1422 5282 μᾶλλον
1450 5209 1729 5282 Rocperus

496 5212 546 5240 “
575 5212 635 5261 τὸ
680 5212 743 5262 οὐ
777 5212 976 5278 μᾶλλον
1014 5239 1082 5249 -
1124 5212 1184 5263 οὐ
1224 5212 1422 5280 μᾶλλον
1450 5212 1729 5282 Rocperus
1778 5228 1832 5282 p.
1892 5212 1996 5268 628
2066 5214 2199 5268 Coll.
2251 5215 2401 5268 Sext.
2455 5215 2659 5284 Empir.
2696 5215 2960 5285 Pyrrhon.
3003 5216 3326 5286 hypotypos.
3370 5225 3410 5274 t,
3465 5212 3654 5266 l88—

394 5277 535 5333 “)2:
581 5277 733 5333 Dion.
785 5279 966 5332 Laert.
1017 5296 1106 5333 ιι.
1161 5281 1268 5333 75:
1307 5281 1443 5333 Gell.
1483 5292 1648 5333 noctt.
1705 5283 1818 5333 Att.
1871 5299 1960 5333 ιι-
1989 5283 2066 5333 5:
2103 5284 2165 5333 τὸ
2193 5285 2393 5333 μᾶλλον
2434 5314 2500 5324 —
2530 5287 2591 5333 τὸ
2618 5287 2815 5333 μᾶλλον
2867 5286 3046 5333 vitlno.
3118 5286 3163 5320 δ’
3202 5283 3312 5333 πῦο
3353 5282 3487 5333 πῦο.
3542 5283 3654 5333 πῦο

520 5295 535 5343 ;
581 5279 733 5358 Diog.
764 5279 966 5358 laevi.
1017 5296 1122 5358 εξ..
1161 5281 1268 5358 ’ἵξς
1483 5279 1648 5336 noctt.
1705 5279 1822 5358 A_t_i._
1871 5299 1960 5358 τι,
1989 5283 2022 5337 5
2052 5299 2070 5358 ξ
2103 5284 2165 5358 'r_b
2193 5285 2398 5358 μᾶλλον
2434 5314 2500 5324 —
2617 5279 2815 5358 μᾶλλον
2867 5279 3091 5358 vulgo."
3118 5286 3163 5320 “

3202 5283 3312 5355 πῦρ
3353 5283 3504 5355 πῦρκ
3542 5283 3655 5348 πῦρ

393 5350 574 5426 Συιςο.
649 5348 695 5380 ⁸⁸
720 5349 965 5426 αὑτὸ-εί.
1006 5350 1138 5426 αὐτὸ
1171 5349 1232 5403 τὸ
1273 5351 1325 5404 τί
1364 5351 1782 5426 Boepertts._f'
1807 5355 1864 5406 ὲν
1891 5348 2206 5426 τῇγῇὼτ.⁷
2260 5355 2305 5388 ⁸⁸
2328 5348 2488 5426 Οὗτοι
2534 5348 2852 5424 Roeperus:
2899 5348 3063 5426 ᾼίῖτοὶ
3111 5348 3326 5426 vulgol__
3365 5353 3412 5426 ξ’
3437 5348 3654 5426 φύσεως

393 5415 669 5505 εἰρέιτυξιεε
691 5434 763 5505 ,ιι--
799 5418 921 5505 θ’λξ),
953 5436 967 5473 τ
1013 5420 1267 5505 γξὼεεῳς
1291 5415 1496 5505 Vulgo.-
1544 5423 1592 5505 _'°
1628 5422 1850 5505 iia‘éva't‘.
1890 5415 2371 5505 lbei‘f'lloepetltm.
2449 5415 2853 5505 ἰβραχμᾶνες
2883 5415 3232 5505 -Ιὶιὶςηει-ιιεξ
3285 5423 3330 5505 εξ
3361 5422 3417 5486 ὃς
3446 5415 3654 5505 [fin-Im-

394 5503 485 5544 rus
513 5504 527 5542 ε
560 5488 797 5563 {vulgi}.
829 5489 922 5563 _'_"
945 5493 1093 5563 φονιῇ
1128 5488 1459 5563 Θεόνοίφῶς

393 5573 448 5631 κ.
472 5575 545 5631 -τ,
581 5557 688 5631 λλ
752 5558 799 5631 f‘
829 5559 938 5631 Βίῳ
979 5557 1197 5616 ιὶυίὲιιε.

1511 5494 1600 5567 τὸν
1631 5492 2208 5567 Θεὺνβοθροωεηιιιῐ
2266 5493 2461 5567 ᾄδουσι
2500 5492 2705 5567 aetat;
2762 5497 2912 5566 φωνῇ

1299 5562 1344 5593 ⁵³
1381 5565 1652 5619 Immerito
1709 5561 1928 5618 videtur
1964 5565 2032 5619 de
2083 5561 2406 5619 sinceritate
2454 5566 2644 5620 horum
2679 5561 2987 5619 'vei'bor'inn
3049 5565 3300 5618 dubitare
3348 5561 3654 5620 Roencius.

2973 5494 3106 5547 Θεὸν
3132 5533 3146 5555 ,
3193 5493 3253 5546 ὃν
3297 5491 3655 5562 ὀνομάζουσι,

394 5627 440 5656 ⁸⁸⁸
472 5626 642 5708 _\"erha
684 5629 779 5708 καὶ
804 5660 886 5708 “—
910 5626 1234 5700 νενομίκασι
1291 5633 1448 5690 uncis
1490 5634 1707 5690 inclusit
1747 5634 2044 5705 Hocpcrus.
2127 5634 2168 5665 ⁵⁷
2209 5633 2481 5704 πολεμίων
2527 5635 2845 5708 [ὶ‹›οιιει·ιιε;
2898 5632 3150 5704 πολέμων
3183 5632 3359 5703 \ulgo.
3439 5626 3488 5663 ⁵⁸
3511 5631 3655 5684 ἀπο-

395 5696 690 5764 στήσαντος
713 5699 773 5758 Β.
798 5700 864 5754 υ.
