4080 6436
340 399 478 463 3077

1803 379 2171 440 ORIGENIS

3479 375 3579 436 307
3590 374 3624 436 8

346 525 453 566 uno
481 514 661 561 autem
699 480 790 558 illo
819 501 1143 574 gloriantur.
1177 496 1255 552 Ne
1284 497 1477 552 borum
1521 493 1739 565 quidem
1790 491 1925 547 insi-

2037 490 2502 565 ὲγκομπάζοντες.
2533 489 2667 543 Οὐδὲ
2696 488 2904 542 τούτων
2925 486 3023 559 τὴν
3049 488 3248 558 ἄσοφον
3280 487 3473 559 σοφίαν
3513 508 3621 544 πα-

345 601 583 669 pientem
614 593 941 664 sapientiam
975 588 1384 661 praetermittam
1414 625 1429 651 ,
1463 585 1555 640 sed
1581 622 1596 647 ,
1643 591 1931 651 postquam

345 702 649 759 exposuero
675 726 690 750 ,
722 685 939 755 eos'qui
976 698 1040 736 ex
1073 681 1158 736 ltis
1191 679 1502 750 religionem
1547 676 1766 730 deorum
1801 687 1932 727 con-

348 783 577 835 stituere
602 786 868 833 conantur
904 786 1193 843 coarguam
1223 770 1451 824 inﬁrmae
1479 764 1677 820 radicis
1713 771 1766 817 et
1794 761 1933 815 {ratio

343 876 471 927 dum
505 872 677 940 plena:
711 884 834 924 esse
870 865 1181 935 discipulos.

412 964 501 1018 14.
530 963 699 1032 Igitur
727 960 799 1014 illi
824 959 915 1028 qui
947 972 1041 1027 per
1066 954 1307 1009 calculos
1336 959 1389 1004 et
1418 960 1672 1003 numeros
1701 943 1933 997 elemen-

342 1068 509 1126 taque
544 1064 597 1107 et
637 1053 855 1107 nomina
887 1046 1170 1102 vaticinari
1201 1043 1493 1112 Opinantur
1537 1036 1603 1091 ab
1645 1036 1747 1089 hoc
1777 1033 1931 1103 priu-

342 1146 484 1216 cipio
515 1142 744 1214 profecti
777 1149 948 1196 artem
975 1152 1128 1193 suam
1152 1136 1411 1196 condunt,
1446 1145 1566 1184 cum
1592 1128 1781 1182 dicunt
1810 1138 1932 1179 esse

344 1241 569 1295 fundum
603 1237 797 1308 singuli
829 1235 1092 1303 cujusque
1126 1229 1335 1284 numeri
1368 1228 1418 1280 in
1452 1222 1780 1281 clt'tliadibus
1812 1219 1931 1286 qui-

343 1334 466 1388 dem
505 1340 587 1386 tot
618 1329 899 1389 monades,
948 1326 1090 1395 quod
1127 1322 1238 1378 sint
1263 1318 1548 1382 cltiliades,
1591 1314 1752 1368 veluti
1782 1309 1930 1383 74-

344 1424 450 1494 75
472 1438 565 1477 sex
588 1421 811 1475 millium
836 1418 1033 1472 fundus
1050 1424 1132 1470 est
1154 1417 1404 1469 senarius
1423 1427 1702 1476 numerus,
1721 1420 1928 1479 septem

343 1515 575 1570 millium
620 1511 986 1581 septenarius,
1012 1518 1134 1562 octo
1161 1506 1389 1560 millium
1423 1502 1677 1558 monades
1699 1512 1848 1564 octo,
1875 1510 1931 1554 et

343 1606 396 1660 in
429 1604 653 1674 reliquis
684 1604 889 1671 pariter
912 1642 927 1665 ,
958 1600 1145 1654 eadem
1177 1599 1391 1651 ratione
1435 1604 1489 1650 et
1525 1595 1576 1647 in
1609 1594 1929 1647 hecatonta-

343 1698 525 1759 dibus,
556 1706 688 1763 quot
718 1696 823 1749 sint
853 1690 1262 1757 ltecatontades,
1291 1699 1368 1744 ιοι
1396 1687 1653 1742 monades
1693 1692 1774 1739 est
1804 1684 1924 1737 l‘uu-

345 1789 446 1843 dus
476 1801 689 1849 earum,
721 1784 883 1838 veluti
917 1782 1388 1850 septingentorum
1431 1787 1637 1844 septem
1672 1784 1797 1828 sunt
1828 1775 1922 1828 lte-

2035 581 2427 654 ραπέμψομαι,
2469 578 2584 633 ἀλλ’
2613 577 2907 648 ἐκθέμενος
2934 580 3062 641 τοὺς
3091 578 3154 631 ἐκ
3177 578 3382 631 τούτων
3410 579 3620 649 ἐπιχει-

2037 667 2264 740 ροῦντας
2311 667 2623 721 θεοσέϐειαν
2661 668 2919 737 συνιστᾷν
2950 665 3156 734 ἐλέγξω
3189 666 3346 736 ῥίζης
3381 667 3623 721 ἀσυστάο

2033 779 2126 815 του
2158 762 2252 816 καὶ
2280 761 2614 830 πανουργίας
2646 759 2689 793 ¹⁹
2713 759 2986 813 άναπλέου
3008 760 3058 792 ’⁸
3085 760 3245 823 ὄντας
3277 759 3549 831 μαθητάς.

2106 945 2189 999 1-1.
2224 946 2287 1000 0i
2321 945 2420 1015 μὲν
2458 940 2551 998 οὖν
2588 944 2675 997 διά
2713 944 2909 1014 ψήφων
2944 959 3002 996 τε
3052 943 3147 995 καὶ
3185 943 3434 1014 ἀριθμῶν
3473 959 3619 997 στοι-

2032 1037 2196 1109 χείων
2226 1054 2283 1090 τε
2313 1036 2405 1090 καὶ
2430 1036 2713 1105 ὀνομάτων
2747 1034 3112 1105 μαντεύεσθαι
3146 1033 3462 1105 νομίζοντες
3490 1035 3621 1088 ταύ-

2029 1148 2129 1198 την
2167 1120 2340 1200 άρχὴν
2383 1129 2778 1198 ἐπιχειρήσεως
2825 1126 2920 1179 τοῦ
2967 1128 3087 1180 κατ’
3135 1127 3334 1191 αὐτοὺς
3361 1127 3405 1157 ’⁸
3456 1126 3619 1194 λόγου

2033 1220 2349 1285 ποιοῦνται,
2398 1221 2700 1289 φάσκοντες
2735 1217 2986 1288 πυθμένα
3040 1213 3177 1270 εἶναι
3229 1217 3465 1270 ἑκάστου
3509 1216 3623 1270 τῶν

2030 1312 2297 1384 ἀριθμῶν,
2330 1312 2419 1364 ἐπὶ
2444 1311 2543 1381 μὲν
2564 1310 2672 1364 τῶν
2692 1309 2946 1380 χιλιάδων
2972 1307 3241 1370 τοσαύτας
3265 1305 3343 1380 [υ.
3376 1309 3463 1370 51,
3492 1304 3615 1378 52.]

2034 1403 2287 1474 μονάδας,
2310 1404 2430 1455 ὅσαι
2456 1401 2520 1455 ἂν
2536 1396 2636 1455 ὦσι
2658 1401 2893 1472 χιλιάδες
2909 1440 2922 1463 ,
2957 1394 3067 1454 οἷον
3089 1401 3197 1454 τῶν
3233 1399 3620 1471 ἑξακισχιλίων

2030 1495 2058 1546 6
2078 1493 2295 1565 πυθμὴν
2316 1492 2541 1565 μονάδες
2554 1492 2632 1559 ἒξ,
2648 1492 2756 1544 τῶν
2775 1490 3195 1561 ἑπτακισχιλίων
3216 1490 3441 1561 μονάδες
3456 1490 3617 1555 ἑπτὰ,

2031 1587 2140 1641 τῶν
2161 1585 2584 1656 ὀκτακισχιλίων
2610 1585 2838 1656 μονάδες
2864 1584 3142 1665 ὀκτὼηκαὶ
3167 1584 3259 1636 ἐπὶ
3292 1583 3399 1636 τῶν
3418 1581 3625 1635 λοιπῶν

2038 1680 2238 1752 ὁμοίως
2288 1677 2429 1731 κατὰ
2473 1677 2541 1730 τά
2585 1676 2763 1748 αὐτὰ,
2805 1677 2901 1729 καί
2942 1674 3177 1728 ἐπὶτῶν
3226 1673 3619 1739 ἐκατοντάδων,

2038 1774 2160 1827 ὅσαι
2195 1772 2259 1825 ἂν
2292 1765 2426 1824 ὦσιν
2461 1770 2517 1824 αί
2564 1769 2917 1831 ἑκατοντάδες
2945 1806 2959 1831 ,
3006 1765 3267 1820 τοσαῦται
3325 1765 3550 1837 μονάδες
3592 1767 3622 1818 6

346 1877 692 1941 catontadcs,
729 1875 929 1929 fundus
956 1889 1145 1928 earum
1166 1880 1374 1941 septem
1405 1868 1682 1930 monades,
1708 1879 1931 1919 sexcen-

2037 1863 2260 1935 πυθμήν
2288 1865 2436 1915 ἐστιν
2458 1860 2661 1927 αὐτῶν,
2685 1856 2797 1914 οἷον
2819 1859 2925 1913 τῶν
2950 1858 3291 1912 ἑπτακοσίων
3322 1855 3466 1910 ἑπτά
3488 1858 3628 1909 είσιν

345 1977 524 2022 torum
545 1982 637 2021 sex
661 1967 1065 2029 ltecatontades,
1090 1964 1285 2019 fundus
1317 1975 1504 2016 earum
1532 1973 1626 2013 sex
1647 1959 1926 2012 monades.

344 2057 491 2113 Idem
526 2058 667 2111 valet
696 2067 748 2112 et
778 2058 827 2111 iu
854 2056 1173 2118 decadibus,
1206 2052 1415 2107 numeri
1443 2048 1777 2119 octogenarii
1813 2062 1932 2101 mo-

346 2153 512 2207 nades
534 2160 678 2213 octo,
706 2150 1043 2221 sexagenarii
1069 2148 1332 2203 monades
1363 2160 1481 2209 sex,
1513 2139 1928 2212 quadragenarii

347 2244 603 2296 monades
634 2250 883 2310 quatuor,
915 2239 1123 2294 denarii
1156 2252 1343 2292 monas
1377 2250 1500 2289 una.
1527 2233 1582 2289 ln
1611 2233 1930 2288 monadibus

345 2342 524 2385 autem
560 2332 848 2401 profundo
883 2341 1012 2386 sunt
1056 2330 1183 2399 ipsa:
1218 2327 1477 2383 monades
1502 2365 1519 2390 ,
1563 2327 1725 2380 veluti
1760 2338 1927 2378 nove-

345 2425 492 2478 narii
537 2424 747 2476 numeri
777 2437 991 2485 novem,
1040 2418 1303 2475 octonarii
1329 2426 1490 2482 octo,
1520 2415 1813 2486 septenarii
1850 2428 1930 2467 se-

346 2527 512 2585 ptem.
543 2513 633 2568 Sic
663 2513 825 2583 igitur
848 2513 1011 2566 etiam
1036 2513 1087 2563 in
1113 2511 1413 2564 litterarum
1439 2507 1719 2562 elementis
1748 2516 1931 2585 tenen-

347 2611 473 2660 dum
507 2614 611 2661 est.
668 2603 1010 2672 Unaqumque
1046 2604 1189 2665 enim
1251 2602 1426 2656 littera
1480 2613 1710 2653 numero
1768 2580 1927 2652 alicui

347 2697 659 2767 respondet,
715 2696 877 2750 veluti
918 2695 1098 2749 littera
1131 2693 1175 2747 ν’
1206 2691 1598 2763 quinquaginta
1638 2689 1926 2744 mouadum

347 2798 468 2855 est;
500 2786 890 2856 quinquaginta
928 2793 1108 2839 autem
1141 2786 1426 2839 monatlum
1460 2783 1656 2837 fundus
1686 2792 1767 2837 est
1803 2782 1929 2852 qui-

347 2876 552 2939 uarius,
586 2883 638 2930 et
663 2875 855 2929 littera:
883 2870 925 2927 ν’
954 2872 1151 2928 fundus
1177 2882 1263 2928 est
1294 2870 1600 2943 quinarius.
1634 2871 1747 2940 Age
1780 2887 1925 2939 vero,

345 2983 413 3023 ex
461 2968 642 3036 aliquo
688 2966 906 3020 nomine
965 2963 1159 3018 fundos
1217 2962 1335 3031 ejus
1390 2977 1716 3018 sumamus:
1767 2961 1927 3016 veluti

348 3059 601 3121 nominis,
634 3058 775 3126 quod
807 3066 889 3111 est
926 3054 1312 3126 Ἀγαμέμνων,
1346 3064 1429 3109 est
1459 3054 1648 3109 littera:
1672 3058 1719 3107 α’
1741 3068 1927 3108 mouas

349 3167 478 3215 una,
500 3156 548 3217 γ’
583 3159 763 3204 autem
796 3147 1056 3203 monades
1084 3157 1216 3208 tres,
1251 3145 1477 3200 alterius
1504 3153 1552 3199 α’
1582 3162 1771 3199 monas
1798 3162 1926 3209 una,

2038 1953 2415 2018 ἑκατοντάδες
2462 1955 2491 2006 6
2522 1951 2740 2024 πυθμὴν
2783 1950 2961 2006 αὐτῶν
3007 1951 3148 2003 ἑπτά
3200 1948 3461 2021 μονάδες·
3513 1948 3623 2001 τῶν

2038 2047 2334 2114 ἑξακοσίων
2361 2046 2420 2113 ἒξ
2446 2045 2882 2107 ἐκατοντάδες¹¹ο
2905 2045 2934 2096 6
2955 2042 3175 2115 πυθμὴν
3203 2041 3383 2095 αὐτῶν
3404 2045 3550 2112 τρεῖς
3574 2043 3623 2074 ⁸³

2039 2141 2287 2214 μονάδες.
2337 2140 2412 2193 Τδ
2459 2139 2642 2210 ὅμοιον
2680 2138 2775 2191 καὶ
2810 2138 2901 2190 ἐπὶ
2932 2136 3040 2189 τῶν
3073 2135 3335 2188 δεκάδωψ
3373 2134 3481 2187 τῶν
3524 2136 3625 2205 μὲν

2036 2234 2366 2303 ὀγδοήκοντα
2396 2232 2624 2303 μονάδες
2661 2229 2828 2293 ὀκτὼ,
2874 2229 2983 2282 τῶν
3011 2229 3067 2283 δὲ
3097 2228 3363 2300 ἑξήκοντα
3399 2227 3624 2298 μονάδες

2036 2323 2126 2392 ἓξ,
2162 2322 2271 2377 τῶν
2305 2321 2716 2393 τεσσαράκοντα
2753 2320 2983 2392 μονάδες
3017 2320 3315 2391 τέσσαρες,
3348 2319 3455 2372 τῶν
3490 2319 3624 2372 δέκα

2038 2417 2206 2488 μονὰς
2238 2416 2356 2485 μία.
2396 2416 2519 2467 Ἐπὶ
2544 2413 2601 2466 δὲ
2625 2412 2734 2466 τῶν
2762 2412 3027 2484 μονάδων,
3060 2411 3281 2483 πυθμὴν
3303 2413 3463 2466 αύταί
3489 2414 3627 2465 εἰσιν

2036 2509 2091 2561 αἱ
2147 2505 2413 2577 μονάδες,
2464 2499 2576 2558 οἷον
2609 2504 2704 2558 τοῦ
2752 2504 2910 2559 ἐννέα
2955 2505 2984 2557 6
3028 2502 3213 2567 ἐννέα,
3265 2504 3357 2557 τοῦ
3411 2502 3553 2557 ὀκτὼ
3598 2507 3627 2557 6

2035 2596 2200 2662 ὀκτὼ,
2230 2594 2323 2650 τοῦ
2352 2596 2493 2650 ἑπτὰ
2523 2597 2551 2649 6
2582 2595 2742 2648 ἐπτά.
2774 2594 2957 2656 Οὖτως
2979 2588 3071 2649 οὖν
3100 2596 3192 2647 καὶ
3221 2597 3314 2648 ἐπί
3341 2595 3449 2648 τῶν
3482 2613 3625 2648 στοι⁸

2036 2687 2197 2759 χείων
2242 2690 2418 2743 ποιεῖν
2450 2688 2551 2742 δεῖ·
2588 2686 2822 2740 ἕκαστον
2873 2687 2983 2758 γὰρ
3027 2689 3291 2760 στοιχεῖον
3332 2688 3475 2742 κατά
3506 2705 3626 2741 τινα

2034 2782 2291 2837 τέτακται
2322 2781 2580 2854 ἀριθμὸν,
2602 2777 2713 2835 οἷον
2745 2782 2806 2834 τὸ
2842 2788 2885 2833 ν’
2924 2782 3266 2851 πεντήκοντα
3297 2781 3344 2813 ’³
3381 2783 3627 2853 μονάδων

2036 2874 2204 2929 ἐστίν·
2253 2873 2362 2928 τῶν
2404 2874 2456 2928 δὲ
2487 2875 2532 2907 ³⁸
2575 2876 2912 2945 πεντήκοντα
2948 2874 3191 2944 μονάδων
3224 2872 3443 2945 πυθμήν
3479 2877 3625 2929 ἐστιν

2034 2969 2063 3020 6
2090 2966 2273 3030 πέντε,
2301 2969 2395 3020 καὶ
2417 2966 2510 3021 τοῦ
2543 2973 2584 3022 ν’
2618 2967 2886 3037 στοιχείου
2920 2966 2931 3036 l
2965 2964 3187 3035 πυθμήν
3212 2967 3360 3019 ἐστιν
3389 2969 3416 3020 6
3440 2968 3622 3022 πέντε.

2038 3058 2219 3112 Ἔστω
2250 3057 2312 3111 ἐκ
2352 3075 2449 3112 του
2477 3059 2524 3089 ’⁸
2572 3057 2839 3127 ὀνόματος
2876 3057 3003 3119 τοὺς
3038 3057 3083 3090 ³⁷
3117 3055 3311 3110 τούτου
3345 3056 3619 3127 πυθμένας

2034 3148 2238 3202 λαϐεῖν.
2277 3141 2403 3202 Οἷον
2437 3148 2533 3202 τοῦ
2583 3147 2944 3217 Ἀγαμέμνων
2984 3146 3252 3216 ὀνόματος
3288 3146 3490 3215 γίνεται
3528 3148 3621 3200 τοῦ

350 3260 392 3312 μ
414 3241 674 3296 monades
696 3247 949 3308 quruuor,
969 3244 1008 3289 ε’
1032 3235 1288 3290 monades
1308 3237 1569 3305 quinque,
1598 3242 1648 3305 μ’
1670 3236 1929 3290 monades

2038 3239 2135 3310 μὲν
2167 3240 2213 3271 ⁸³
2248 3246 2297 3292 α’
2340 3239 2506 3310 μονάς
2544 3239 2663 3313 μία,
2697 3238 2791 3294 τοῦ
2826 3239 2882 3291 δὲ
2932 3238 2982 3306 γ’
3017 3239 3247 3308 μονάδες
3292 3243 3474 3309 τρεῖς,
3527 3240 3622 3293 τοῦ

349 3337 610 3399 quatuor,
643 3324 684 3380 ν’
720 3326 978 3381 monades
1020 3327 1289 3404 quinque,
1323 3331 1381 3377 ω’
1419 3324 1678 3378 monades
1712 3334 1853 3386 octo,
1888 3325 1929 3377 ν’

350 3422 607 3476 monades
649 3421 926 3490 quinque,
960 3434 1080 3491 qum
1126 3418 1179 3471 in
1226 3433 1390 3471 unum
1429 3416 1689 3471 subducta
1734 3425 1927 3470 erunt:

350 3514 404 3578 1,
435 3514 489 3577 ὅ,
523 3513 574 3577 1,
607 3513 661 3577 4,
690 3511 747 3576 5,
771 3513 824 3575 4,
858 3510 915 3575 5,
944 3499 997 3576 8,
1025 3508 1058 3563 5
1084 3500 1109 3576 ;’
1134 3508 1249 3564 bare
1281 3508 1511 3563 conﬂata
1548 3506 1786 3561 eﬂiciunt
1818 3521 1932 3562 mo-

351 3605 519 3658 natles
546 3601 633 3656 56.
661 3599 869 3655 Rursus
901 3601 1091 3654 horum
1124 3596 1319 3653 fundos
1350 3607 1569 3652 sumunt
1596 3610 1649 3652 et
1674 3598 1806 3651 ﬁunt
1835 3614 1932 3652 nu-

353 3693 489 3746 meri
524 3689 806 3745 tricenarii
840 3702 972 3755 tres,
1024 3687 1223 3742 senarii
1270 3696 1449 3742 autem
1502 3687 1617 3755 ipse
1663 3686 1929 3753 senarius,

350 3776 579 3833 conﬂata
616 3778 777 3847 igitur
798 3788 908 3831 tres
933 3786 985 3829 ct
1009 3790 1103 3831 sex
1131 3773 1373 3831 efﬁciunt
1403 3790 1619 3839 novem,
1653 3777 1932 3831 novenarii

352 3879 532 3923 autem
573 3866 774 3921 l'uttdus
828 3867 1178 3922 noveuarius.
1235 3868 1519 3938 Acquievit
1574 3868 1741 3937 igitur
1795 3870 1933 3938 Aga-

354 3961 661 4015 memnonis
708 3974 904 4014 nomen
943 3959 994 4014 iu
1037 3958 1204 4014 fundo
1236 3960 1326 4031 qui
1361 3975 1552 4015 novem
1586 3968 1687 4014 est.
1723 3957 1935 4014 Licebit

355 4050 494 4103 idem
528 4049 691 4102 etiam
722 4048 775 4102 in
810 4050 917 4103 alio
947 4050 1168 4104 nomine
1203 4057 1414 4105 tentare
1442 4091 1457 4115 ,
1493 4050 1637 4120 quod
1687 4058 1771 4103 est
1801 4048 1934 4102 ’Ἐκ-

350 4158 484 4210 τωρ.
511 4138 565 4196 ΙιΙ
589 4156 783 4195 nomen
809 4141 969 4196 habet
996 4142 1202 4197 litteras
1224 4160 1236 4196 :
1258 4148 1299 4194 ε’
1321 4151 1375 4197 et
1395 4148 1443 4194 κ’
1471 4151 1526 4195 et
1545 4139 1590 4194 τ’
1611 4149 1666 4195 et
1686 4137 1744 4193 ω’
1782 4150 1836 4194 et
1864 4146 1928 4210 ρ’.

352 4231 557 4286 Ποτιιιη
608 4232 755 4286 l'undi
791 4252 804 4287 :
839 4231 894 4299 5,
925 4233 983 4298 2,
1011 4233 1066 4298 5,
1100 4233 1153 4299 8,
1190 4234 1242 4298 l,
1279 4247 1397 4301 quae
1429 4229 1659 4285 conﬂata
1690 4228 1933 4286 efﬁciunt

352 4326 610 4380 monades
664 4324 749 4379 l9.
781 4322 995 4379 Rursus
1020 4325 1225 4380 denarii
1265 4323 1474 4378 numeri
1506 4323 1703 4377 fundus
1741 4336 1933 4378 monas

352 4425 456 4480 est,
490 4410 764 4469 novenarii
788 4415 1134 4480 novenarius,
1166 4428 1286 4482 quas
1313 4410 1541 4469 conﬂata
1564 4408 1810 4466 efﬁciunt
1836 4410 1932 4466 de-

352 4522 493 4570 cem,
524 4505 730 4560 denarii
764 4505 970 4560 numeri
1004 4505 1060 4559 lit
1083 4503 1282 4559 fundus
1311 4519 1520 4559 monas.
1547 4502 1931 4571 Computatum

353 4598 521 4667 igitur
577 4610 773 4649 nomen
811 4595 1058 4651 Hectoris
1106 4594 1285 4651 eﬂ'ecit
1345 4594 1567 4648 fundum
1623 4588 1932 4645 monadem.
1963 4558 2011 4618 θ

353 4688 663 4760 Promptius
692 4698 871 4741 autem
907 4698 989 4743 est
1018 4689 1067 4742 in
1107 4688 1249 4743 hunc
1276 4686 1493 4740 modum
1540 4697 1652 4737 rem
1687 4680 1928 4753 aggredi.

353 4781 572 4836 Fundos
618 4797 686 4836 ex
725 4781 1006 4838 elementis
1038 4792 1280 4851 repertos
1308 4821 1322 4844 ,
1375 4777 1451 4832 uti
1495 4791 1639 4831 nunc
1693 4775 1927 4831 nominis

355 4871 605 4926 llcctoris
647 4872 948 4943 reperimus
981 4873 1243 4926 monades
1279 4867 1366 4936 19,
1407 4869 1457 4922 in
1504 4882 1697 4922 novem
1724 4881 1847 4922 seca
1875 4877 1930 4923 et.

353 4965 497 5034 quod
530 4964 852 5031 relinquitur
898 4979 995 5034 pro
1043 4963 1222 5016 fundis
1253 4961 1470 5017 habeto.
1507 4958 1684 5014 Veluti
1714 4973 1834 5012 cum
1865 4956 1930 5013 l9

353 5054 536 5110 divido
587 5057 641 5110 in
667 5071 877 5122 novem,
896 5055 1213 5126 relinquitur
1238 5070 1426 5123 unum,
1448 5057 1631 5111 novies
1657 5056 1799 5112 enim
1827 5056 1931 5111 duo

354 5145 595 5202 efﬁciunt
657 5149 723 5202 18
772 5157 825 5205 et
862 5146 1187 5218 relinquitur
1246 5146 1309 5216 l’;
1362 5148 1407 5204 si
1444 5149 1587 5203 enim
1619 5149 1930 5205 subduxero

2036 3331 2195 3385 ἄλλου
2231 3338 2278 3385 α’
2317 3331 2483 3403 μονάς
2513 3332 2613 3401 μία
2642 3330 2735 3384 τοῦ
2765 3337 2816 3401 μ’
2848 3330 3072 3401 μονάδες
3098 3332 3162 3395 δ’,
3197 3330 3292 3384 τοῦ
3322 3339 3363 3384 ε’
3397 3330 3620 3401 μονάδες

2033 3430 2095 3487 ε’,
2128 3423 2222 3477 τοῦ
2259 3430 2312 3494 μ’
2348 3423 2570 3492 μονάδες
2595 3424 2657 3486 δ’,
2713 3421 2807 3474 τοῦ
2845 3420 2886 3473 ν’
2935 3422 3165 3493 μονάδες
3199 3423 3361 3475 πέντε
3387 3463 3400 3486 ,
3443 3421 3536 3475 τού
3572 3424 3637 3474 ω’

2034 3513 2263 3584 μονάδες
2285 3511 2356 3584 η’,
2383 3513 2476 3567 τοῦ
2501 3513 2543 3566 ν’
2573 3513 2800 3583 μονάδες
2835 3520 2896 3577 ε’,
2927 3513 3063 3583 ὁμοῦ
3096 3515 3187 3566 ἐπὶ
3220 3514 3281 3566 τὸ
3317 3515 3446 3567 αὐτὸ
3472 3514 3624 3567 ἔσον-

2032 3621 2121 3657 ται
2144 3603 2213 3667 α’,
2231 3604 2300 3673 γ’,
2323 3611 2392 3671 α’,
2412 3604 2462 3668 δ,
2486 3623 2533 3668 ε,
2552 3606 2614 3668 δ’,
2635 3603 2674 3657 ε’
2694 3611 2764 3677 η’,
2789 3612 2829 3658 ε’
2846 3608 2912 3638 ¹⁹·
2933 3606 3108 3660 ταῦτα
3135 3606 3457 3659 συντεθέντα
3481 3610 3625 3660 ποιεῖ

2038 3696 2271 3768 μονάδας
2312 3696 2408 3761 λς.
2451 3698 2622 3752 Πάλιν
2658 3698 2866 3752 τούτων
2921 3699 3207 3768 πυθμένας
3243 3698 3621 3769 λαμϐάνουσι,

2035 3786 2129 3840 καὶ
2167 3786 2409 3852 γίνονται
2438 3785 2547 3838 τῶν
2582 3786 2682 3856 μὲν
2719 3786 2750 3838 λ
2776 3788 2925 3856 τρεῖς
2946 3828 2960 3851 ,
2995 3785 3103 3839 τῶν
3123 3786 3180 3839 δὲ
3203 3782 3263 3850 ἒξ
3291 3785 3428 3839 αὐτά
3451 3786 3518 3839 τὰ
3539 3786 3619 3850 E5-

2039 3874 2365 3929 συντεθέντα
2407 3872 2501 3929 οὖν
2532 3877 2601 3929 τά
2629 3878 2756 3948 τρία
2793 3878 2886 3930 καὶ
2914 3877 2982 3930 τὰ
3014 3877 3072 3942 ἒξ
3099 3880 3247 3930 ποιεῖ
3283 3877 3476 3944 ἐννέα,
3516 3876 3623 3929 τῶν

2034 3965 2090 4018 δὲ
2125 3964 2282 4018 ἐννέα
2318 3964 2542 4034 πυθμὴν
2571 3966 2599 4017 6
2646 3966 2819 4020 ἐννέα.
2864 3966 3176 4037 Κατέληξεν
3209 3963 3303 4020 οὗν
3338 3968 3397 4021 τὸ
3448 3969 3621 4035 Ἀγα-

2038 4054 2258 4125 μέμνων
2277 4053 2450 4122 ὄνομα
2474 4056 2554 4118 είς
2580 4053 2671 4107 τὸν
2700 4054 2858 4109 ἐννέα
2888 4055 3161 4127 πυθμένα.
3191 4058 3373 4110 Ἔστω
3400 4056 3462 4110 τὸ
3490 4056 3624 4110 αὐτὸ

2035 4144 2131 4201 καὶ
2164 4146 2267 4207 ,ἐπὶ
2315 4144 2476 4199 ἄλλου
2527 4145 2789 4215 ὀνόματος
2841 4147 3064 4215 ποιῆσαι
3107 4147 3201 4201 τοῦ
3259 4149 3501 4220 Ἕκτωρ.
3549 4149 3624 4202 Τὺ

2037 4235 2259 4304 Ἕκτωρ
2283 4233 2454 4304 ὄνομα
2488 4233 2600 4304 ἔχει
2629 4235 2869 4305 στοιχεῖα
2897 4233 2938 4289 ε’
2963 4237 3008 4268 ³⁰
3040 4236 3135 4290 καὶ
3169 4236 3365 4289 κάππα
3395 4236 3490 4288 καὶ
3519 4234 3621 4289 ταῦ

2036 4327 2130 4380 καὶ
2144 4331 2202 4378 ω’
2216 4327 2312 4379 καὶ
2331 4322 2395 4396 ρ’.
2429 4324 2648 4379 Τούτων
2682 4325 2956 4396 πυθμένες
2973 4330 3036 4392 ε’,
3060 4326 3125 4396 β’,
3146 4330 3216 4395 γ’,
3235 4325 3309 4396 η’,
3331 4333 3379 4380 α’
3401 4345 3415 4359 ·
3443 4327 3621 4380 ταῦτα

2039 4415 2356 4472 συντεθέντα
2374 4418 2518 4469 ποιεῖ
2539 4413 2774 4486 μονάδας
2801 4416 2884 4470 ιϐ’.
2913 4400 3085 4471 Πάλιν
3107 4417 3216 4471 τῶν
3239 4418 3372 4471 δ’ἐκα
3399 4418 3621 4489 πυθμὴν

2037 4501 2138 4574 εἷς,
2172 4506 2280 4561 τῶν
2314 4507 2470 4561 ἐννέα
2503 4502 2657 4561 ἐννέα
2682 4547 2696 4572 ,
2728 4506 2764 4562 ἃ.
2795 4508 3118 4564 συντεθέντα
3164 4511 3311 4564 ποιεῖ
3337 4511 3488 4564 δέκα
3523 4510 3620 4565 τοῦ

2036 4598 2167 4652 δέκα
2194 4599 2402 4667 γίνεται
2427 4598 2651 4669 πυθμὴν
2676 4601 2879 4679 μονάς..
2894 4584 3184 4672 Ψηφισθέν
3204 4598 3297 4657 οὗν
3318 4603 3380 4657 τὸ
3400 4603 3621 4673 Ἕκτωρ

2038 4692 2209 4761 ὄνομα
2233 4690 2456 4763 ἐποίησε
2485 4692 2737 4763 πυθμένα
2768 4693 2993 4764 μονάδα.
3022 4693 3404 4765 Εὑκολώτερον
3423 4692 3480 4746 δέ
3502 4694 3620 4746 ἐστι

2035 4785 2096 4838 τὸ
2128 4782 2302 4847 οὕτως
2330 4787 2525 4838 ποιεῖν·
2566 4787 2695 4849 τοὺς
2723 4785 3052 4855 εὑρεθέντας
3083 4787 3147 4839 ἐκ
3193 4788 3304 4840 τῶν
3338 4785 3620 4856 στοιχείων

2036 4876 2337 4947 πυθμένας,
2367 4877 2440 4940 ὡς
2462 4876 2560 4931 νῦν
2579 4879 2672 4930 ἐπὶ
2696 4876 2790 4930 τοῦ
2813 4878 3082 4950 Ἕκτορος
3104 4878 3366 4950 ὀνόματος
3386 4878 3619 4950 εὕρομεν

2038 4969 2276 5040 μονάδας
2307 4962 2392 5035 ιθ’,
2424 4969 2504 5034 εἰς
2532 4968 2689 5022 ἐννέα
2720 4969 2912 5040 μέριζε
2939 4972 3035 5024 καὶ
3071 4971 3134 5025 τὸ
3162 4972 3617 5043 περιλειπόμενον

2038 5061 2318 5129 πυθμένας
2359 5059 2519 5129 λέγε’
2572 5056 2683 5114 οἷον
2718 5060 2787 5116 τά
2832 5062 2897 5115 ιθ¹
2926 5062 3025 5116 ἐὰν
3058 5064 3141 5127 είς
3179 5064 3340 5118 ἐννέα
3374 5062 3605 5134 μερίζω,

2034 5148 2112 5221 [ρ.
2149 5148 2383 5223 52-54]
2413 5151 2787 5220 περιλείπεται
2821 5151 3010 5223 μονὰς,
3029 5154 3248 5219 ἐννάκις
3276 5154 3387 5225 γὰρ
3416 5154 3510 5207 δύο
3541 5170 3618 5224 ιη,

1657 5324 1898 5382 vnum
1936 5307 2348 5382 LECTIONES.

426 5487 473 5523 "
498 5488 592 5543 καὶ
634 5488 988 5559 πανουργίας.
1047 5485 1395 5559 καινουργίας
1423 5484 1484 5559 β,
1533 5482 1860 5559 καινουργίξ
1900 5480 1971 5559 Μ..
2048 5482 2092 5513 ’⁸
2117 5480 2393 5559 ῥιναπλέου
2419 5484 2599 5559 ὄντας.
2652 5485 3022 5551 ἀναπλέοντας
3069 5486 3132 5551 C,
3178 5486 3618 5554 ἀναπτεροῦντας

356 5559 482 5619 τοὺς
511 5559 582 5615 Μ.
650 5561 691 5591 ²¹
738 5550 907 5626 αὺτῆν
946 5550 1008 5613 ιι.
1084 5559 1129 5627 ’ἕ
1177 5550 1531 5627 ἐξήκοντάδες
1559 5554 1620 5609 C.
1655 5550 1909 5627 _“"t:p:_i5.
1940 5550 2085 5627 Legi.
2117 5550 2199 5627 ἐξ,
2243 5550 2342 5627 nisi
2373 5555 2900 5627 exciderunteadem
2931 5550 3092 5627 verba
3123 5558 3189 5610 de
3213 5550 3521 5627 τριακόσιοι
3547 5556 3614 5627 bl.

422 5627 485 5681 τὸ
502 5620 955 5709 ,νηπεντῄκονταη
971 5620 1401 5709 μονάδωνέστίν.
1425 5625 1515 5709 τδν
1539 5623 1681 5705 κατὰ
1701 5620 1956 5709 ,μονάδων
1976 5622 2026 5692 η’
2047 5620 2110 5684 C,
2135 5622 2232 5709 ἐάν
2254 5621 2348 5673 τὸν
2380 5625 2523 5678 κατὰ
2553 5625 2798 5695 μονάδων
2823 5623 2896 5701 ᾖ’,
2939 5626 3010 5680 Μ.
3094 5627 3139 5658 ’⁵
3170 5620 3282 5679 τῶν
3306 5626 3382 5679 δέ.
3418 5625 3525 5709 τῶν
3547 5623 3614 5688 C,

361 5695 434 5748 Μ.
502 5698 549 5730 ⁸³
571 5700 634 5751 ἐκ
658 5694 752 5752 τοῦ
782 5700 843 5755 C.
912 5694 1272 5759 ¹⁷’τούς.τινά
1302 5694 1364 5748 C.

362 5780 522 5833 purus
568 5781 581 5815 :
614 5770 851 5835 στοιχεῖα
894 5767 1058 5821 πέντε
1096 5766 1160 5831 C,
1198 5766 1434 5833 στοιχεῖα
1473 5762 1661 5827 πέντε,
1688 5771 1727 5814 ε’
1755 5762 1821 5816 Μ.

1442 5694 1489 5725 ’⁸
1513 5694 1605 5768 τοῦ
1649 5692 1859 5768 genus);
1892 5699 1991 5768 μὲν
2018 5698 2079 5766 α,
2112 5696 2179 5756 Μ,
2239 5700 2286 5730 ὀ
2315 5698 2378 5763 δ’,
2415 5702 2475 5763 ε’,
2507 5692 2578 5765 η’,
2614 5703 2679 5751 σ’.
2714 5697 2777 5752 δ’.
2815 5692 2914 5751 ξεν.
2948 5697 3012 5753 C.
3051 5698 3094 5729 ³⁰
3133 5699 3372 5767 στοιχεῖα
3403 5692 3442 5747 :'
3476 5695 3615 5750 licc-
