4080 6410
347 418 480 480 3081

1800 401 2165 464 ORIGENIS

3478 386 3620 450 3082

355 529 553 586 littera.
591 519 812 588 Quando
847 517 990 572 enim
1024 525 1108 571 est
1138 515 1189 570 in
1237 512 1457 569 nomine
1491 512 1669 569 littera
1709 530 1754 564 ω
1798 521 1854 564 et
1895 526 1932 577 η
1963 557 1966 567 .

2064 505 2207 557 Ιάλιν
2232 501 2365 565 Δίἀς
2394 503 2534 554 ποιεῖ
2560 502 2793 571 μονάδας
2819 502 3092 572 τέσσαρας
3115 539 3129 564 ,
3157 497 3382 566 Ἕκτωρ
3403 495 3448 528 ⁸³
3477 498 3620 550 κατά

353 618 612 672 omittunt
637 631 700 676 ω,
735 627 835 666 una
869 610 1045 664 littera
1072 608 1175 673 usi,
1206 607 1319 676 pari
1350 607 1492 660 enim
1525 611 1790 675 potestate
1813 615 1934 654 esse

357 709 543 761 dicunt
571 715 881 772 utramque,
913 700 996 754 bis
1026 709 1204 753 autem
1248 699 1387 753 idem
1421 713 1524 751 non
1563 702 1931 763 computatur,

357 807 414 850 ut
453 798 702 866 superius
732 795 930 847 dictum
955 798 1058 846 est.
1091 792 1298 844 liursus
1331 787 1463 856 Ajax
1493 785 1654 841 eﬂicit
1677 783 1934 838 monades

360 897 624 955 quatuor,
654 886 855 940 llcctor
890 896 1068 937 autem
1101 881 1396 938 secundum
1433 879 1778 933 novenariam
1811 892 1936 930 nor-

361 995 504 1032 mam
536 979 662 1032 facit
695 976 976 1031 monadem
1007 981 1266 1038 unam,et
1297 979 1382 1027 est
1427 970 1814 1039 quaternarius
1844 983 1938 1020 nu-

365 1085 546 1125 merus
577 1083 694 1138 par,
724 1079 912 1120 monas
937 1073 1114 1118 autem
1137 1063 1330 1131 impar,
1358 1061 1410 1115 in
1446 1059 1533 1114 tali
1565 1068 1743 1113 autem
1774 1071 1935 1110 causa

364 1161 601 1212 diximus
651 1157 906 1226 majorem
967 1155 1214 1216 vincere,
1278 1151 1443 1205 vincit
1511 1149 1668 1220 Ajax.
1729 1148 1940 1202 Rursus

369 1250 674 1302 Alexander
710 1256 762 1300 et
794 1244 1086 1300 Menelaus.
1118 1241 1423 1297 Alexander
1451 1240 1725 1311 proprium
1779 1238 1940 1292 habet

371 1355 562 1392 iunucn
588 1337 759 1400 Paris,
790 1337 940 1389 Paris
967 1343 1145 1388 autem
1175 1332 1335 1388 ellicit
1359 1332 1617 1386 monades
1643 1329 1937 1385 secumlum

373 1431 716 1484 novenariam
754 1443 996 1482 normam
1043 1427 1099 1486 4.
1134 1425 1404 1480 Menelaus
1433 1433 1613 1479 autem
1644 1423 1937 1479 secundum

280 1579 288 1588 ,
375 1522 718 1575 novenariam
752 1519 1010 1573 monadcs
1043 1517 1100 1581 9,
1125 1519 1348 1570 vincunt
1374 1526 1550 1569 autem
1591 1529 1780 1569 novem
1808 1529 1940 1583 qua-

376 1625 540 1678 tuor;
577 1613 778 1665 dictum
832 1611 975 1664 cnim
1023 1618 1123 1674 est,
1172 1608 1387 1675 quando
1431 1606 1567 1660 alter
1621 1607 1796 1674 impar
1849 1605 1940 1668 sit,

376 1705 510 1758 alter
537 1714 713 1757 autem
746 1717 862 1772 par,
895 1700 1154 1768 majorem
1210 1701 1445 1762 vincere,
1501 1697 1715 1768 quando
1762 1706 1939 1751 autem

378 1803 604 1859 uterque
629 1807 727 1860 par
757 1798 846 1842 aut
881 1799 1107 1857 uterque
1143 1789 1339 1856 impar,
1369 1787 1702 1841 inferiorem.
1734 1785 1942 1841 Rursus

2036 595 2128 648 τὸν
2173 593 2480 647 ἐννεαδικδν
2514 597 2659 647 ποιεῖ
2697 593 2900 666 μονάδα
2932 593 3082 664 μίαν.
3125 591 3237 644 Καὶ
3262 589 3408 643 εστιν
3443 590 3471 659 ἡ
3521 591 3621 660 μὲν

2036 688 2234 759 τετρὰς
2283 688 2468 758 ἄρτιος
2497 725 2513 750 ,
2547 687 2580 756 ἡ
2621 685 2790 756 μονάς
2828 685 2886 738 δὲ
2939 682 3195 754 περισσή.
3243 679 3369 732 Ἐπὶ
3413 679 3470 732 δὲ
3513 679 3622 732 τῶν

2036 779 2295 832 τοιούτων
2334 779 2424 831 τὸν
2473 778 2694 848 μείζονα
2731 777 2992 847 ἐλέγομεν
3033 775 3216 844 νικᾷν,
3251 773 3377 842 νικᾷ
3407 774 3435 825 6
3464 772 3618 835 Δίας.

2039 869 2208 923 Πάλιν
2248 869 2600 942 Ἀλέξανδρος
2645 869 2742 922 καὶ
2785 867 3086 931 Μενέλαος.
3138 863 3487 935 Ἀλέξανδρος
3523 863 3622 917 κύ-

2042 979 2156 1032 ριον
2189 963 2300 1032 ἔχει
2339 962 2512 1034 ὄνομα
2544 960 2766 1035 [Πάρις]
2793 961 2860 1014 ⁸⁸.
2897 961 3072 1031 Πάρις
3105 959 3163 1012 δὲ
3201 959 3347 1011 ποιεῖ
3392 956 3622 1027 μονάδας

2039 1052 2180 1104 κατά
2225 1052 2316 1105 τὸν
2361 1053 2667 1107 ὲννεαδικὸν
2713 1053 2757 1085 ⁸⁷
2801 1041 2856 1117 δ,
2889 1039 3284 1115 Μενέλαος’δὲ
3347 1049 3491 1103 κατά
3533 1047 3624 1101 τὸν

2041 1143 2348 1197 ὲννεαδικδν
2380 1143 2616 1213 μονάδας
2638 1134 2691 1209 θ’,
2727 1145 2921 1198 νικῶσι
2952 1144 3010 1197 δὲ
3037 1145 3090 1197 αἱ
3119 1142 3276 1198 ἐννέα
3305 1143 3404 1206 τὰς
3434 1141 3627 1195 τέσσα-

2042 1251 2164 1304 ρας·
2214 1235 2430 1306 εἴρηται
2479 1235 2609 1306 γὰρ,
2660 1236 2862 1289 ὁπόταν
2892 1235 2922 1287 6
2976 1237 3074 1305 μὲν
3116 1233 3377 1303 περισσὸς
3407 1227 3466 1306 ᾖ.
3507 1235 3536 1286 6
3571 1231 3628 1285 δὲ

2041 1326 2250 1396 ἄρτιος,
2285 1328 2313 1379 6
2350 1326 2555 1396 μείζων
2590 1329 2715 1398 νικᾷ
2739 1369 2754 1392 ,
2789 1329 2916 1381 ὅταν
2949 1326 3004 1379 δὲ
3053 1325 3351 1396 ἀμφότεροι
3394 1323 3568 1393 ἄρτιοι
3594 1323 3627 1390 ἦ

2041 1418 2342 1488 ἀμφότεροι
2372 1418 2621 1488 περισσοὶ
2648 1457 2664 1482 ,
2693 1419 2722 1471 6
2759 1419 3019 1472 ἐλάσσων.
3059 1418 3228 1471 Πάλιν
3263 1417 3509 1487 ’Δμυκος
3539 1415 3630 1468 καὶ⁵

2043 1508 2406 1577 Πολυδεύκης.
2440 1511 2686 1579 ’Λμυκος
2707 1510 2804 1580 μὲν
2828 1512 2970 1562 ποιεῖ
2999 1510 3235 1581 μονάδας
3256 1508 3348 1561 δύο
3374 1506 3519 1561 κατά
3541 1506 3630 1560 τὸν

2042 1598 2346 1652 ὲννεαδικδν
2361 1641 2375 1663 ,
2398 1600 2492 1652 καὶ
2512 1599 2852 1669 Πολυδεύκης
2868 1601 2924 1654 δὲ
2943 1602 3098 1655 ὲπτά’
3123 1601 3249 1670 νικᾷ
3270 1598 3630 1668 Πολυδεύκης.

2043 1691 2177 1754 Αἴας
2209 1691 2303 1744 καὶ
2343 1692 2630 1755 Ὀδυσσεὺς
2652 1692 2955 1746 ὲπάλαισαν
2991 1693 3048 1744 ὲν
3075 1691 3150 1760 τῷ
3173 1689 3466 1759 ἐπιταφίῳ.
3497 1688 3632 1750 Αἴας

2045 1786 2187 1836 ποιεῖ
2215 1784 2355 1838 κατὰ
2381 1785 2471 1838 τὸν
2502 1786 2802 1840 ὲννεαδικόν
2829 1787 3058 1856 μονάδας
3093 1772 3148 1850 ’δῖ
3188 1787 3471 1848 Ὀδυσσεὺς
3492 1781 3634 1837 ὀκτὼ

380 1857 610 1950 Amycus
631 1857 697 1934 iet
737 1878 1084 1949 Polydeuces.
1121 1879 1354 1949 Amycus
1386 1877 1601 1945 quidem
1654 1877 1780 1930 facit
1829 1893 1946 1930 mo-

2064 1875 2193 1928 μιατά
2216 1876 2306 1928 τὸν
2327 1877 2631 1931 ἐννεαδικόν
2646 1877 2711 1909 ⁸⁸·
2739 1874 2848 1950 ἆρα
2871 1875 2962 1932 οὖν
2986 1881 3116 1952 μήτι
3131 1879 3191 1932 τὸ
3205 1877 3504 1939 Ὀδυσσέως
3523 1875 3636 1928 ὲπί·

382 1971 550 2022 uades
584 1969 716 2022 duas
753 1969 1045 2022 secundum
1091 1967 1435 2019 noveaariam
1474 1981 1716 2020 normam
1764 1977 1818 2019 et
1845 1966 1951 2021 Po-

2064 1963 2206 2017 lstov
2221 1966 2315 2016 καὶ
2331 1965 2390 2017 ού
2415 1964 2605 2035 κύριόν
2624 1967 2800 2028 terra;
2826 1967 3043 2037 ἐνίκησε
3061 1968 3190 2036 γάρ.
3214 1966 3372 2019 Κατὰ
3397 1965 3494 2036 μὲν
3511 1965 3635 2025 τοὺς

383 2060 632 2128 lydcuces
679 2073 806 2112 vero
835 2068 1037 2128 septem
1083 2075 1096 2110 :
1141 2057 1306 2110 vincit
1347 2056 1694 2126 Polydeuces.
1735 2057 1866 2126 Ajax
1900 2067 1954 2112 et

2064 2053 2316 2124 ὶριθμοῦς
2349 2057 2476 2124 νικᾷ
2508 2055 2665 2123 Αἴας,
2693 2058 2724 2126 ἠ
2757 2057 2799 2108 δ’
2833 2057 3046 2128 ἱστορία
3100 2057 3358 2110 Ὀδυσσέα
3402 2053 3633 2126 παραδί-

382 2148 651 2219 Odysseus
703 2149 1040 2202 luctabantur
1094 2148 1144 2201 in
1196 2147 1491 2200 certamine
1542 2147 1777 2202 funebri.
1823 2147 1952 2215 Aiax

2064 2144 2234 2198 Βωσιν.
2295 2145 2572 2214 Ἀχιλλεὺς
2617 2148 2712 2201 καὶ
2750 2148 2998 2217 Ἕκτωρ.
3049 2146 3329 2217 Ἀχιλλεὺς
3375 2144 3518 2198 κατὰ
3546 2143 3638 2195 τὸν

385 2237 542 2292 (υίῐίαἱι
598 2239 891 2292 secundum
964 2239 1312 2292 novenariam
1389 2253 1631 2291 normam
1697 2241 1957 2293 monades

2064 2235 2361 2289 ἑννεαδικδν
2385 2239 2530 2289 ποιεῖ
2556 2240 2849 2308 τέσσαρας,
2880 2239 3101 2308 Ἕκτωρ
3126 2239 3274 2308 μίαν·
3307 2238 3432 2306 νικᾷ
3467 2235 3639 2304 Ἀχιλ-

385 2337 634 2395 quatuor,
666 2327 940 2398 Odysseus
975 2337 1097 2382 octo
1124 2328 1418 2382 secundum
1463 2329 1833 2382 novenariam.
1874 2330 1954 2382 Au

2064 2325 2200 2388 λεύς.
2237 2326 2408 2379 Πάλιν
2450 2327 2730 2396 Ἀχιλλεὺς
2763 2328 2859 2380 καὶ
2913 2330 3321 2399 Ἀστεροπαῖος.
3365 2327 3640 2396 Ἀχιλλεὺς

387 2437 514 2475 vero
562 2419 785 2492 Odyssei
837 2435 1031 2473 nomen
1087 2419 1363 2488 epitheton
1422 2428 1474 2472 et
1520 2435 1624 2473 non
1681 2423 1955 2489 proprium

2064 2418 2203 2469 ποιεῖ
2234 2415 2525 2487 τέσσαρας,
2571 2418 2956 2488 Ἀστεροπαῖος
3000 2422 3150 2490 τρεῖς
3184 2419 3251 2473 ⁸⁸.
3283 2419 3410 2488 νικᾷ
3463 2417 3638 2485 ’Λχιλ-

386 2507 510 2563 est?
558 2507 696 2561 Vicit
751 2509 916 2561 enim.
975 2505 1292 2574 Quanquam
1354 2509 1652 2561 secundum
1707 2523 1960 2562 numeros

2064 2505 2204 2568 λεύς.
2246 2505 2414 2558 Πάλιν
2441 2506 2714 2570 Μενέλαος
2749 2507 2843 2559 καὶ
2867 2504 3169 2578 Εὔφορϐος.
3221 2505 3494 2568 Μενέλαος
3529 2504 3641 2572 ἔχει

390 2599 557 2652 vincit
582 2599 738 2665 Ajax,
771 2597 995 2652 historia
1023 2595 1525 2666 autem‘_0dysscum
1557 2597 1720 2649 tradit
1750 2595 1959 2650 vicisse.

2065 2593 2298 2663 μονάδας
2338 2593 2513 2657 ἐννέα,
2547 2592 2828 2665 Εὔφορϐος
2857 2595 3030 2648 ὀκτώ·
3065 2595 3191 2666 νικᾷ
3217 2593 3516 2656 Μενέλαος.
3547 2593 3642 2644 Τι-

391 2688 663 2743 Achilleus
701 2697 754 2742 et
795 2687 1010 2741 Hector.
1055 2685 1330 2739 Achilleus
1381 2685 1674 2740 secundum
1729 2699 1965 2740 novena-

2064 2683 2149 2743 νὲς
2172 2682 2229 2734 δὲ
2265 2683 2406 2736 κατὰ
2434 2683 2526 2736 τὸν
2566 2683 2924 2756 ἑϐδοματικὸν
2977 2685 3158 2756 μόνοις
3185 2688 3298 2748 τοῖς
3338 2685 3576 2753 φωνήεσι
3597 2684 3643 2714 ³⁹

396 2783 525 2833 riam
559 2793 802 2834 normam
837 2777 966 2832 facit
1013 2785 1264 2846 quatuor,
1297 2775 1494 2830 [lector
1527 2793 1686 2830 unam
1729 2796 1742 2831 :
1799 2776 1966 2830 vincit

2065 2773 2345 2843 χρῶνται,
2387 2774 2538 2829 ἄλλοι
2593 2776 2651 2829 δὲ
2684 2777 3086 2832 διαστέλλουσιν
3136 2778 3244 2848 ἰδίᾳ
3281 2778 3378 2847 μὲν
3424 2775 3491 2828 τὰ
3535 2791 3643 2844 φω-

395 2867 650 2922 Achilles.
680 2867 889 2921 Rursus
917 2866 1188 2920 Achilleus
1213 2874 1267 2919 et
1304 2866 1671 2936 Asteropams.
1691 2865 1966 2921 Achilleus

2066 2865 2262 2936 νήεντα
2288 2905 2304 2928 ,
2345 2866 2453 2938 ἰδίᾳ
2475 2867 2533 2920 δὲ
2565 2867 2634 2922 τὰ
2679 2869 2958 2939 ἡμίφωνα,
2995 2871 3100 2940 ίδίᾳ
3129 2870 3186 2923 δὲ
3213 2869 3280 2923 τά
3303 2852 3522 2938 άφωνα,
3556 2868 3642 2921 καὶ

395 2960 526 3012 facit
574 2968 825 3029 quatuor,
881 2958 1223 3026 Asteropaeus
1269 2966 1381 3011 tres
1439 2976 1453 3012 :
1495 2958 1661 3013 vincit
1704 2959 1964 3015 Achilles.

2066 2959 2214 3027 τρεῖς
2252 2957 2436 3024 τάξεις
2467 2960 2793 3031 ποιήσαντες
2829 2961 3169 3031 λαμϐάνουσι
3197 2961 3325 3024 τοὺς
3369 2959 3644 3030 πυθμένας

397 3049 602 3105 Rursus
657 3049 933 3104 Menelaus
975 3057 1030 3102 et
1088 3049 1429 3117 Euphorbus.
1482 3049 1756 3104 Menelaus
1804 3051 1970 3105 habet

399 3141 654 3195 monades
689 3154 900 3205 novem,
924 3138 1246 3209 Euphorbus
1267 3147 1389 3194 octo
1417 3154 1432 3194 :
1463 3141 1629 3196 vincit
1668 3141 1965 3197 Menelaus.

399 3232 629 3299 Quidam
660 3240 840 3286 autem
871 3232 1178 3299 scptenaria
1200 3246 1387 3286 norma
1420 3233 1501 3287 usi
1529 3233 1660 3287 solis
1689 3235 1969 3288 vocalibus

401 3335 642 3388 utuntur,
675 3324 764 3379 alii
805 3335 981 3380 autem
1010 3339 1254 3380 seorsum
1287 3324 1555 3380 collocant
1593 3335 1645 3380 et
1678 3325 1893 3380 vocales
1917 3335 1971 3380 et

401 3419 752 3476 semivocales
807 3430 862 3476 et
919 3430 1277 3476 consonantes
1348 3431 1397 3474 et
1462 3421 1632 3475 tribus
1691 3422 1971 3477 ordiuihus

403 3512 710 3566 constitutis
757 3523 977 3566 sumunt
1007 3513 1200 3566 fundos
1237 3512 1480 3583 80-81
1525 3527 1767 3567 seorsum
1798 3524 1850 3567 et
1880 3529 1972 3568 vo-

404 3604 598 3657 callum
630 3612 683 3658 et
711 3604 1110 3658 semivocalium
1142 3614 1197 3656 et
1220 3604 1636 3658 consonantium
1673 3613 1727 3658 et
1753 3620 1973 3674 compa-

406 3702 525 3744 rant
549 3707 793 3746 seorsum
827 3693 1265 3760 unumquodque.
1301 3693 1401 3747 Alii
1429 3704 1608 3748 autem
1643 3710 1707 3750 ne
1731 3696 1817 3751 his
1859 3697 1976 3764 qui-

406 3785 526 3834 dem
561 3784 837 3837 consuetis
863 3783 1101 3837 numeris
1129 3795 1376 3845 utuntur.
1405 3787 1498 3840 sed
1530 3787 1672 3851 aliis,
1703 3787 1888 3853 veluti,
1920 3797 1979 3840 ut

409 3873 657 3941 exemplo
702 3883 844 3940 utar,
890 3893 932 3927 π
981 3875 1214 3929 litteram
1273 3887 1466 3944 negant
1513 3876 1735 3931 fundum
1779 3877 1979 3931 habere

413 3965 672 4018 monades
704 3975 848 4030 octo,
887 3966 979 4020 sed
1009 3965 1268 4036 quinque,
1297 3975 1351 4020 et
1394 3965 1423 4030 ξ
1465 3967 1700 4022 litteram
1755 3967 1977 4020 fundum

2073 3047 2180 3119 ίδίᾳ
2211 3049 2308 3118 μὲν
2335 3049 2445 3104 τῶν
2474 3052 2516 3084 ’⁸
2568 3051 2914 3123 φωνηέντων,
2951 3053 3056 3122 ίδίᾳ
3085 3053 3143 3106 δὲ
3177 3051 3288 3105 τῶν
3329 3049 3644 3123 ἡμιφώνων,

2075 3138 2182 3210 ἰδίᾳ
2228 3140 2284 3192 δὲ
2331 3140 2440 3195 τῶν
2472 3142 2725 3210 ἀφώνων,
2773 3143 2868 3196 καὶ
2915 3143 3267 3212 συγκρίνουσι
3296 3141 3374 3214 [ρ.
3417 3139 3646 3210 55-57]
3747 3159 3768 3171 κ

2075 3231 2243 3303 χωρὶς
2285 3231 2536 3288 ἕκαστον.
2587 3233 2772 3286 ’Ἄλλοι
2802 3234 2860 3287 δὲ
2892 3235 3014 3288 οὐδὲ
3041 3233 3256 3296 τούτοις
3297 3237 3406 3297 τοῖς
3434 3249 3644 3302 νενομι-

2078 3323 2297 3394 σμένοις
2327 3324 2580 3394 ἀριθμοῖς
2609 3325 2847 3396 χρῶνται
2867 3367 2882 3392 ,
2915 3326 3029 3380 ἀλλ’
3061 3325 3277 3390 άλλοις“,
3300 3323 3408 3378 οἷον
3435 3323 3649 3377 ὑποδεί-

2077 3432 2285 3485 γματος
2314 3415 2478 3470 ἕνεκα
2511 3417 2572 3491 τὸ
2594 3404 2646 3470 Ττ
2686 3419 2746 3472 ού
2779 3417 2992 3472 θέλουσι
3022 3420 3272 3491 πυθμένα
3314 3422 3458 3491 ἔχειν
3491 3418 3651 3490 μονά-

2039 3526 2042 3530 ’
2077 3507 2174 3570 δας
2201 3506 2246 3538 ⁵³
2269 3497 2332 3575 ἦ,
2367 3496 2503 3558 ἀλλὰ
2534 3489 2582 3572 ξ,
2620 3509 2714 3562 καὶ
2745 3508 2808 3562 τὸ
2845 3497 2880 3574 ἷ
2907 3489 3171 3580 στοιχεῖον
3206 3489 3461 3582 πυθμένα
3489 3489 3653 3578 μονά-

2079 3599 2174 3662 δας
2202 3588 2251 3662 δ’,
2293 3599 2387 3651 καὶ
2434 3599 2702 3663 παντοίως
2747 3601 3101 3671 στρεφόμενοι
3131 3603 3284 3656 οὐδὲν
3314 3605 3466 3671 ὑγιὲς
3509 3603 3657 3672 εὑρί-

2084 3706 2326 3744 σκουσιν.
2363 3691 2535 3743 Ὅταν
2579 3691 2765 3761 μέντοι
2795 3691 3050 3762 δεύτερόν
3087 3710 3234 3757 τινες
3261 3693 3616 3763 ἀγωνίζονται
3639 3733 3655 3756 ,

2080 3784 2174 3854 ἀφ’
2215 3782 2478 3854 ἑκατέρου
2525 3783 2633 3836 τῶν
2686 3784 2966 3854 ὀνομάτων
3019 3785 3082 3838 τὸ
3135 3785 3351 3856 πρῶτον
3400 3791 3659 3856 στοιχεῖον

2087 3875 2433 3945 ἀφαιροῦσινο
2460 3876 2586 3928 ὅταν
2628 3875 2684 3928 δὲ
2715 3877 2726 3945 |
2757 3875 2960 3946 τρίτον,
2978 3877 3046 3930 τά
3072 3877 3164 3930 δύο
3189 3877 3546 3950 ἑκατέρωθεν,
3566 3877 3660 3930 καὶ

2081 3967 2151 4020 τὰ
2183 3965 2348 4018 λοιπά
2377 3965 2718 4036 ψηφίσαντες
2758 3968 3166 4037 συγκρίνουσιν.

413 4055 671 4110 monadcs
709 4067 961 4125 quatuor,
995 4068 1049 4112 et
1087 4072 1275 4112 omnes
1312 4058 1364 4111 in
1416 4069 1599 4127 partes
1651 4059 1899 4128 quamvis
1961 4074 2020 4114 se
2094 4067 2327 4124 vertant,
2361 4058 2492 4112 nihil
2545 4058 2663 4112 sani
2721 4059 3041 4114 extundunt.
3096 4059 3411 4131 Quanquam
3444 4062 3530 4116 ubi
3573 4077 3664 4117 se-

414 4149 650 4202 cundum
683 4150 844 4219 aliqui
895 4159 1232 4215 concertant,
1260 4153 1326 4209 ab
1367 4159 1596 4221 utroque
1629 4151 1846 4204 nomine
1875 4151 2104 4220 primam
2131 4152 2366 4204 litteram
2434 4150 2681 4215 demunt,
2731 4150 2948 4220 quando
3015 4159 3195 4204 autem
3229 4153 3468 4217 tertium,
3529 4154 3664 4208 duas

414 4242 694 4310 utriusque
743 4242 996 4309 nominis,
1042 4253 1097 4296 et
1140 4242 1363 4310 reliquis
1413 4244 1740 4313 computatis
1771 4252 2105 4313 comparant.

487 4333 572 4389 l5.
603 4334 856 4388 Arbitror
889 4343 1070 4388 autem
1105 4334 1386 4403 perspicue
1419 4334 1750 4389 declaratam
1783 4349 1902 4390 esse
1933 4344 1988 4390 et

2163 4335 2250 4389 15.
2302 4332 2470 4404 Οἶμαι
2515 4334 2571 4386 δὲ
2623 4334 2864 4404 ἐκδήλως
2907 4334 3245 4390 ὲκτεθεῖσθαι
3288 4337 3380 4390 καὶ
3422 4339 3520 4406 τὴν
3560 4338 3669 4392 τῶν

417 4423 886 4476 arithmeticorum
916 4430 1152 4475 mentem
1181 4436 1278 4490 per
1307 4437 1561 4478 numeros
1578 4431 1633 4477 et
1659 4424 1877 4477 nomina
1910 4423 1966 4476 vi

2089 4425 2470 4497 ἀριθμητικῶν
2512 4425 2754 4478 ἐπίνοιαν
2791 4425 2858 4478 δι’
2889 4425 3138 4498 ἀριθμῶν
3179 4431 3274 4481 καὶ
3303 4428 3581 4498 ὀνομάτων
3609 4429 3670 4482 τὸ

420 4523 526 4567 tam
569 4513 876 4568 discernere
917 4512 1327 4568 iustituentium.
1375 4512 1484 4568 Hos
1525 4523 1702 4568 autem
1748 4513 1986 4584 intelligo

419 4605 652 4658 otiantes
679 4613 732 4658 et
761 4605 812 4658 in
864 4604 1199 4658 numerando
1231 4605 1556 4660 exercitatos
1586 4605 1732 4659 uisos
1759 4618 1896 4666 esse,
1929 4613 1988 4658 ut

422 4709 518 4762 per
546 4704 717 4749 artem
742 4710 770 4748 a
800 4695 983 4764 pueris
1005 4695 1104 4750 sibi
1137 4697 1388 4750 traditam
1411 4696 1650 4751 illustres
1683 4695 1809 4751 facti
1837 4705 1986 4752 vates

423 4786 826 4855 appellarentur
861 4804 874 4840 :
909 4787 1000 4856 qui
1039 4801 1240 4856 susque
1291 4789 1462 4857 deque
1520 4787 1820 4842 litterarum
1873 4788 1985 4844 ele-

425 4886 602 4930 menta
632 4877 912 4932 metientes
943 4878 995 4931 in
1019 4879 1247 4948 ineptias
1273 4878 1540 4933 abierunt.
1584 4877 1810 4944 Quando
1841 4876 1986 4932 enim

423 4985 530 5024 non
563 4969 807 5039 contigit,
833 4968 1198 5026 difﬁcultatem
1233 4971 1308 5024 rei
1332 4970 1725 5040 praetendentes
1755 4971 1942 5023 dicunt
1970 4987 1984 5022 :

426 5061 675 5116 Forsitan
709 5062 811 5117 hoc
852 5077 1046 5117 nomen
1081 5063 1314 5130 patrium
1349 5077 1454 5116 nou
1505 5060 1686 5127 fuerit,
1724 5061 1818 5115 sed
1851 5060 1988 5116 asci—

427 5155 627 5219 titium,
660 5153 820 5207 veluti
850 5154 1013 5207 etiam
1041 5155 1092 5206 in
1122 5153 1293 5208 Ulixis
1335 5162 1390 5205 et
1414 5151 1595 5222 Ajacis
1619 5151 1834 5205 nomine
1857 5149 1991 5219 lapsi

424 5246 828 5303 insimulabant.
855 5245 988 5311 Quis
1010 5261 1074 5300 cx
1107 5245 1209 5299 hac
1239 5243 1464 5299 miriﬁca
1499 5243 1837 5314 phil050phia
1870 5257 1995 5311 pro-

2090 4515 2189 4583 ζῆν
2217 4514 2515 4586 διακρίνειν
2536 4513 2886 4584 νομιζόντων.
2917 4514 3153 4578 Τούτους
3176 4517 3233 4569 δὲ
3263 4516 3514 4570 κατανοῶ
3548 4533 3672 4587 σχο-

2089 4605 2186 4675 λὴν
2217 4607 2446 4674 ἄγοντας
2476 4605 2570 4658 καὶ
2610 4605 2776 4675 ψήφῳ
2810 4606 3292 4677 γεγυμνασμένους
3319 4605 3670 4677 τεθεληκέναι

2086 4695 2175 4751 διά
2205 4698 2302 4766 τῆς
2322 4698 2368 4729 ⁸³
2390 4697 2792 4769 παραδοθείσης
2818 4699 3002 4761 αὐτοῖς
3029 4700 3094 4751 ἐκ
3121 4699 3325 4752 παίδων
3343 4699 3539 4769 τέχνης
3560 4698 3673 4771 [θέ-

2089 4786 2224 4860 λειν]
2256 4788 2302 4820 ⁵⁸
2345 4788 2771 4857 εὐδοκιμοῦντας
2803 4789 3025 4859 μάντεις
3065 4789 3571 4861 προσαγορεύεσθαι
3601 4790 3670 4846 ⁸⁸.

2094 4881 2144 4935 οἳ
2181 4881 2292 4935 άνω
2330 4881 2480 4936 κάτω
2510 4881 2577 4934 τά
2617 4884 2855 4952 στοιχεῖα
2893 4881 3370 4954 καταμετροῦντες
3399 4883 3477 4946 εἰς
3511 4883 3676 4954 λῆρον

2097 4973 2404 5045 ἐχώρησαν.
2447 4973 2617 5026 Ἐπάν
2640 4973 2750 5044 γὰρ
2772 4974 3108 5044 ἀποτύχωσι,
3138 4975 3198 5028 τὸ
3222 4973 3425 5045 ἄπορον
3446 4974 3679 5044 προϐάλ-

2095 5065 2278 5128 λοντες
2303 5066 2347 5096 ⁵⁸
2367 5063 2618 5131 λέγουσι,
2655 5066 2786 5134 μήτι
2807 5063 2964 5117 τοῦτο
2985 5064 3158 5134 ὄνομα
3187 5065 3402 5132 γενικὺν
3428 5064 3528 5116 οὐκ
3559 5064 3677 5130 ἐγέ-

2097 5170 2218 5210 νετο
2249 5155 2384 5209 άλλά
2416 5154 2684 5210 ἐπίθετον
2714 5155 2789 5218 ὡς
2833 5156 2929 5208 καὶ
2962 5155 3056 5208 ἐπὶ
3100 5154 3193 5207 τοῦ
3240 5154 3542 5216 Ὀδυσσέως
3583 5154 3680 5206 καὶ

2100 5244 2326 5309 Αἴαντος
2357 5244 2680 5308 ἐκπεσόντες
2719 5244 3030 5298 ἐνεκάλουν.
3083 5243 3181 5308 Τίς
3225 5245 3290 5296 ἐκ
3330 5242 3536 5312 ταύτης
3583 5241 3679 5311 τῆς

1697 5471 1929 5526 VABIA‘Z
1969 5468 2370 5524 LECTIONES.

505 5661 548 5692 "'
573 5660 812 5729 Ἕκτωρ.
845 5658 997 5712 ἕκτον
1031 5656 1092 5710 C.
1165 5655 1208 5686 “
1241 5655 1411 5724 Πάρις
1448 5654 1573 5729 add.
1613 5652 1682 5706 Μ.
1758 5652 1807 5729 ⁸⁷-
1833 5648 1972 5703 κατὰ
2002 5650 2063 5729 τὸ
2096 5647 2400 5729 ὲχνεαδικὸν
2431 5647 2516 5729 bis
2547 5649 2606 5729 (1ἶ

436 5731 642 5783 calculo
695 5721 773 5782 Mf
840 5729 883 5757 δ’
918 5728 1080 5780 Error
1113 5727 1164 5779 in
1211 5721 1419 5778 calculo
1451 5722 1518 5776 Μ.
1597 5723 1642 5753 ⁵⁸
1668 5722 1942 5791 φωνήσεσι
1975 5721 2036 5791 (ξ.

2690 5648 2735 5678 ⁸³
2767 5650 2827 5701 τὸ
2871 5647 3176 5703 ἐννεαδικὸν
3205 5647 3266 5700 (ἶ.
3305 5645 3398 5699 llic
3442 5659 3596 5697 error
3631 5644 3682 5694 in

2111 5721 2152 5750 ⁸¹
2192 5718 2294 5786 ἰδίᾳ
2325 5718 2433 5782 τῷν
2464 5720 2558 5788 ἀφ.
2595 5717 2658 5772 C.
2718 5720 2762 5751 "
2804 5719 3036 5788 μονάδας
3074 5719 3198 5772 add.
3231 5716 3297 5769 Μ.
3377 5715 3421 5745 ⁸³
3450 5715 3544 5781 τῆς
3574 5729 3682 5767 om.

436 5815 521 5869 pr.
547 5799 609 5854 Ο.
685 5799 729 5829 ⁸³
761 5796 934 5849 θέλειν
980 5798 1130 5850 uncis
1164 5794 1377 5848 inclusit
1404 5792 1473 5845 Μ.
1553 5793 1597 5822 ⁵³
1629 5787 2091 5860 προαγορεύεσθαι
2117 5790 2177 5842 C.
2261 5787 2674 5853 '“npoﬁa‘lxivza;
2707 5791 2769 5850 (ἶ,
2804 5787 2870 5843 Μ.
