4080 6412
355 515 491 584 a091
948 463 985 509 Γ
1485 510 1780 573 CONTRA
1812 509 2175 571 HERESES
2211 509 2353 569 ΠΒ.
2395 507 2493 568 IV.
3476 503 3616 568 3092

358 633 455 687 καὶ
512 629 813 701 τιθυμάλου
866 628 998 693 όπδς
1052 628 1146 682 καὶ
1201 626 1373 698 συκῆς
1421 629 1566 682 ποιεῖ
1626 628 1687 681 τὸ
1732 629 1936 700 ὅμοιον.

2049 627 2267 682 introire
2293 625 2448 694 jubet
2479 624 2569 692 qui
2613 620 2808 676 adsunt
2849 621 3141 677 instructos
3174 621 3338 677 ramis
3372 619 3509 676 lauri
3557 631 3616 677 et

374 720 597 793 ,Επειδὴ
635 722 693 775 δὲ
746 718 917 792 ἔμαθε
963 719 1064 793 τὴν
1112 718 1383 791 ἐρώτησιν
1410 718 1605 783 οὕτως,
1640 718 1651 790 ί
1681 718 1802 773 τίνα
1837 720 1943 790 Χρὴ

2049 717 2356 788 quatientes
2388 725 2444 770 et
2477 712 2840 768 vociferantes
2874 724 2928 766 et
2953 711 3130 767 Phren
3162 713 3478 771 invocantes
3505 715 3614 770 dae-

361 814 563 885 τρόπον
617 810 1009 884 ἀποκρίνεσθαι
1057 811 1380 886 προύνόησε.
1435 810 1546 864 Καὶ
1591 808 1774 862 λοιπὸν
1811 811 1944 863 εἴσω

2049 825 2262 866 monem
2281 827 2299 876 ;
2324 809 2522 863 etenim
2556 806 2810 860 invocare
2842 804 2990 858 illum
3025 803 3122 859 hos
3154 806 3328 872 decet,
3363 815 3419 861 et
3454 807 3554 861 hoc
3581 821 3612 860 ει

364 904 659 976 παρελθεῖν
707 903 921 957 κελεύει
967 901 1093 966 τοὺς
1156 901 1431 972 παρόντας
1480 900 1683 968 δάφνας
1727 897 1947 968 ἔχοντας

2049 902 2388 958 daemonibus
2421 909 2603 969 petere
2630 898 2896 959 convenit,
2945 897 3085 966 quod
3112 910 3208 965 per
3252 912 3312 952 se
3350 897 3449 968 Ipsi
3480 913 3615 967 pra:-

364 997 460 1051 καὶ
490 996 732 1057 σείοντας
770 994 864 1048 καὶ
910 993 1250 1064 κεκραγότας
1298 991 1393 1045 καὶ
1424 990 1515 1043 τὸν
1555 990 1697 1060 φρῆν
1749 990 1950 1042 ἐπικαα
1978 992 1995 1003 “

365 1084 592 1147 λοῦντας
624 1083 671 1116 ⁵⁸
702 1083 964 1153 δαίμονα·
1024 1081 1119 1135 καὶ
1174 1082 1283 1152 γάρ
1332 1078 1608 1132 ἐπικαλεῖν
1648 1078 1694 1109 ⁸³
1737 1077 1947 1140 τούτοις

367 1175 569 1244 πρέπει
598 1173 692 1228 καὶ
731 1174 889 1227 τοῦτο
923 1173 1093 1225 αίτεῖν
1126 1170 1275 1241 παρὰ
1306 1169 1577 1240 δαιμόνων
1626 1165 1774 1231 ἄξιον
1818 1166 1884 1229 ⁸⁸,
1918 1163 1948 1217 ὃ

364 1264 432 1319 δι’
460 1263 642 1317 αὐτῶν
675 1263 719 1295 ⁸⁷
772 1261 1034 1335 παρέχειν
1082 1261 1144 1313 οὐ
1200 1258 1445 1311 θέλουσιν
1504 1253 1871 1316 ἀπολέσαντες
1899 1250 1947 1283 ⁸⁸

366 1357 466 1419 τὰς
502 1354 728 1424 φρένας.
780 1353 852 1405 Τὸ
879 1351 936 1404 δὲ
975 1352 1217 1421 ἄκοσμον
1250 1349 1349 1418 τῆς
1391 1347 1520 1418 βοῆς
1565 1347 1660 1399 καὶ
1699 1347 1726 1398 ὁ
1776 1343 1947 1414 ψόφος

366 1439 449 1509 οἷς
474 1447 531 1499 ὲν
560 1443 861 1515 ἀπορρήτῳ
880 1442 928 1474 ⁸⁸
948 1441 1305 1513 πεποιηκέναι
1328 1439 1608 1510 νομίζεται
1631 1437 1675 1469 ⁶⁰
1707 1451 1947 1507 παρακο⁴

364 1536 580 1589 λουθεῖν
625 1534 868 1587 ἐκώλυσε
893 1534 959 1586 Μ.
996 1532 1128 1585 Τίνα
1155 1532 1213 1584 δὲ
1234 1530 1408 1584 ταῦτά
1449 1531 1588 1594 ἐστι,
1617 1526 1808 1598 καιρὸς
1839 1527 1950 1579 λοι-

370 1628 473 1682 πὸν
500 1626 703 1695 λέγειν.
740 1624 885 1679 Πολὺ
913 1624 1010 1696 μὲν
1039 1619 1133 1678 οὗν
1168 1622 1427 1693 τυγχάνει
1448 1621 1508 1674 τὸ
1539 1621 1751 1683 σκότος.
1785 1618 1946 1687 Λέγει

367 1717 478 1787 γὰρ
506 1714 767 1769 ἀδύνατον
794 1716 867 1768 τὰ
896 1713 1016 1767 θεῖα
1035 1714 1167 1784 όρᾷν
1190 1712 1391 1784 θνητὴν
1416 1711 1596 1781 φύσιν
1627 1709 1811 1763 ἱκανὸν
1838 1707 1947 1778 γὰρ

368 1807 431 1861 τὸ
463 1806 692 1878 ὁμιλεῖν.
723 1804 1070 1866 Κατακλίνας
1101 1803 1157 1855 δὲ
1179 1803 1269 1855 τὸν
1312 1801 1475 1856 παῖδα
1509 1800 1692 1872 πρηνῆ
1722 1798 1817 1853 καὶ
1854 1797 1949 1851 δύο

369 1897 479 1952 τῶν
533 1896 952 1966 γραμματιδίων
1002 1894 1246 1957 ἐκείνων,
1300 1895 1443 1962 ἆπερ
1497 1888 1565 1963 ἦν
1633 1893 1947 1960 ἐγγεγραμ-

374 1987 511 2059 μένα
552 1989 596 2019 ⁶¹
646 1988 952 2057 Ἑϐραϊκοῖς
983 1986 1145 2056 δῆθεν
1190 1986 1515 2057 γράμμασιν
1567 1985 1643 2048 ὡς
1681 1983 1949 2053 δαιμόνων

368 2079 638 2148 ὀνόματα,
681 2079 896 2149 πλευρᾷ
930 2077 1192 2147 παραθεὶς
1220 2076 1458 2147 ἑκατέρᾳ
1486 2075 1532 2107 ⁸³
1557 2074 1626 2128 τά
1656 2073 1820 2127 λοιπά
1836 2075 1950 2136 τοῖς

369 2170 509 2225 ὠσὶν
530 2170 783 2241 ἐνθήσειν
813 2170 982 2238 λέγει.
1022 2171 1177 2223 Ἔστι
1214 2169 1271 2222 δὲ
1290 2167 1448 2220 τοῦτο
1478 2167 1609 2220 αὐτὸ
1632 2166 1947 2236 ἀναγκαῖον,

375 2271 463 2325 ἵνα
491 2288 544 2324 τι
575 2270 796 2342 παραθῇ
847 2272 958 2333 τοῖς
990 2268 1093 2321 ὠσὶ
1120 2268 1211 2321 τοῦ
1263 2266 1451 2330 παιδὸς
1494 2264 1749 2337 ὖργανον,
1794 2263 1864 2317 δι’
1890 2252 1950 2317 οὗ

374 2358 489 2411 πᾶν
511 2357 627 2411 ἐστι
658 2358 900 2428 σημᾶναι
927 2357 972 2387 ⁸⁸
1018 2355 1272 2411 θέλονταο
1316 2356 1439 2424 ἠχεῖ
1465 2354 1521 2408 δὲ
1546 2354 1607 2406 τὸ
1649 2355 1693 2386 ⁸⁵
1732 2351 1950 2424 πρῶτον

374 2448 465 2501 ἵνα
489 2447 696 2519 φοϐηθῇ
720 2450 747 2501 ὁ
777 2451 924 2512 παῖς,
949 2449 1041 2501 καὶ
1062 2447 1310 2518 δεύτερον
1344 2444 1634 2515 ἐπιϐομϐεῖ
1657 2446 1727 2507 ⁸⁸,
1759 2443 1949 2497 ἔπειτα

378 2543 444 2595 τὸ
476 2540 658 2612 τρίτον
683 2539 831 2592 λαλεῖ
860 2538 949 2592 διὰ
968 2537 1062 2592 τοῦ
1101 2539 1357 2610 ὀργάνου,
1383 2537 1419 2591 ἃ
1455 2537 1634 2606 λέγειν
1664 2537 1754 2590 τὸν
1786 2536 1951 2588 παῖδα

373 2632 648 2705 βούλεται,
673 2630 768 2684 καὶ
788 2630 884 2701 τὴν
909 2628 1133 2683 ἑκϐασιν
1153 2629 1249 2682 τοῦ
1276 2628 1600 2699 πράγματος
1618 2628 1696 2692 ὡς
1713 2629 1860 2682 δοκεῖ
1881 2630 1946 2695 ⁸⁷,

375 2721 454 2794 [ρ.
483 2718 715 2790 64-66]
748 2714 864 2773 εἶτα
894 2721 1018 2782 τοὺς
1049 2719 1146 2790 μὲν
1178 2718 1451 2789 παρόντας
1479 2718 1767 2788 ἡσυχάζειν
1786 2721 1948 2781 ποιεῖ,

377 2813 470 2867 τὸν
483 2812 538 2866 δὲ
558 2811 594 2866 ἃ
612 2810 762 2882 παρὰ
780 2809 889 2863 τῶν
905 2810 1171 2880 δαιμόνων
1184 2808 1319 2880 ἥκου
1328 2825 1383 2861 σε
1399 2808 1681 2880 σημαίνειν
1695 2807 1856 2874 ἀξιοῖ.
1877 2809 1952 2862 Τὸ

373 2904 436 2957 δὲ
467 2906 576 2966 τοῖς
599 2902 699 2955 ὠσὶ
724 2900 1026 2970 παρατεθὲν
1044 2901 1275 2971 ὄργανον
1297 2901 1413 2953 ἐστὶ
1440 2899 1665 2966 φυσικὸν
1698 2899 1947 2971 ὄργανον,

378 2992 488 3046 τῶν
525 2991 991 3063 μακροτραχήλων
1019 2992 1264 3062 γεράνων
1290 2991 1322 3063 ἦ
1361 2991 1648 3061 πελαργῶν
1674 2991 1708 3062 ἢ
1739 2990 1951 3045 κύκνων

381 3082 658 3153 ἀρτηρία·
689 3074 763 3133 ὧν
802 3083 850 3134 εἰ
899 3080 1190 3152 μηδέτερον
1229 3083 1407 3153 παρῇ,
1444 3081 1622 3135 seu“
1663 3084 1758 3135 καὶ
1789 3082 1951 3155 ἕτερα

381 3176 575 3246 τέχνης
619 3173 845 3244 δργανα.
881 3172 1174 3242 ιΑύλίσκοι
1231 3173 1338 3243 γάρ
1389 3189 1533 3236 τινες
1584 3174 1803 3243 χάλκεοι
1860 3174 1951 3227 τὸν

379 3265 614 3337 ἀριθμὸν
634 3265 763 3318 δέκα
782 3266 860 3327 εἰς
889 3263 1147 3334 ἀλλήλους
1165 3264 1484 3336 χωροῦντες,
1508 3267 1589 3327 εἰς
1615 3266 1798 3319 στενὸν
1820 3266 1952 3319 ἀπο-

376 3358 634 3427 λήγοντες
656 3356 979 3427 εὐάρμοστοι
1005 3355 1265 3424 γίνονται.
1288 3357 1355 3410 δι’
1381 3350 1456 3411 ὧν
1488 3357 1619 3428 πρὸς
1647 3356 1706 3409 τὸ
1730 3351 1824 3420 οὖς
1851 3357 1951 3410 ὅσα

376 3458 525 3512 θέλει
564 3457 877 3526 φθέγγεται.
912 3456 1023 3510 Καὶ
1062 3454 1236 3509 ταῦτα
1267 3457 1295 3509 ό
1328 3457 1456 3519 παῖς
1484 3454 1807 3510 κατακούων
1851 3456 1952 3530 ἑμ-

381 3547 560 3616 φόϐως
602 3546 676 3609 ὡς
704 3545 809 3599 ὑπὸ
833 3545 1102 3615 δαιμόνων
1131 3545 1439 3615 λαλούμενα
1467 3547 1773 3614 κελευσθεὶς
1817 3551 1955 3603 ἀπο-

379 3634 696 3705 φθέγγεται.
728 3633 860 3686 Είδὲ
883 3634 977 3687 ml.
1001 3632 1194 3703 σκῦτος
1221 3653 1304 3701 τις
1317 3639 1495 3710 ῥάϐδῳ
1525 3639 1762 3709 περιθεὶς
1791 3640 1953 3711 ὑγρὸν

378 3727 618 3800 ξηράνας
644 3727 739 3783 καὶ
768 3728 1092 3798 συναγαγὼν
1119 3731 1477 3800 προσαρμὸσῃ
1505 3729 1599 3781 καὶ
1629 3730 1673 3762 ⁶⁹
1701 3731 1952 3784 ἀποσπά-

382 3842 482 3891 σας
504 3826 603 3897 τὴν
633 3825 827 3897 ῥάϐδον
853 3825 1111 3879 αὐλίσκου
1142 3825 1295 3894 δίκην
1327 3825 1386 3877 τδ
1415 3826 1608 3889 σκύτος
1630 3828 1948 3898 ἐργάσηται,

379 3919 442 3972 τὸ
472 3918 654 3986 ὅμοιον
698 3919 861 3968 ποιεῖ.
898 3917 961 3968 Εἰ
995 3915 1052 3968 δέ
1100 3932 1151 3968 τι
1191 3914 1394 3968 τούτων
1448 3914 1523 3987 μὴ
1559 3920 1736 3988 παρῇ,
1774 3918 1952 3987 βίϐλον

382 4005 560 4059 λαϐὼν
587 4004 1027 4075 ἐπισπασάμενος
1059 4003 1268 4058 ἔνδοθεν
1296 4006 1419 4059 ὅσον
1441 4006 1627 4078 χρῄζει
1663 4009 1754 4060 ἐπὶ
1780 4008 1952 4078 μῆκος

377 4095 649 4159 ἐκτείνας,
675 4096 743 4150 τὰ
768 4096 929 4165 ὃμοια
949 4097 1180 4167 ἐνεργεῖ.
1208 4097 1269 4150 Εί
1294 4097 1350 4150 δὲ
1368 4097 1415 4129 ⁷⁸
1440 4098 1712 4169 προειδείη
1743 4099 1888 4162 ὅστις
1905 4100 1948 4130 ⁷⁸

380 4188 612 4259 πάρεστι
650 4187 1010 4256 πευσόμενος,
1046 4187 1386 4258 ἑτοιμότερος
1423 4189 1558 4260 πρὸς
1596 4190 1772 4244 πάντα
1808 4192 1952 4260 γίνε-

377 4296 491 4334 ται.
524 4280 587 4333 Εί
611 4279 665 4332 δὲ
696 4279 788 4332 καὶ
816 4280 915 4346 τὴν
945 4278 1138 4333 πεῦσιν
1163 4280 1446 4353 προμάθῃ,
1477 4281 1677 4353 γράφει
1708 4282 1785 4355 τῷ
1814 4301 1953 4355 φαρ-

382 4371 562 4439 μάκῳ,
592 4370 687 4423 καὶ
714 4369 790 4433 ὡς
820 4371 1238 4441 ἐμπαράσκευος
1267 4371 1592 4444 ἱκανώτερος
1612 4374 1890 4444 νομίζεται
1906 4377 1951 4407 τ’

381 4461 568 4532 σαφῶς
600 4461 816 4532 γράψας
838 4461 900 4512 τὸ
922 4460 1295 4532 ἐρωτώμενον.
1329 4463 1393 4516 Ei
1421 4463 1477 4516 δὲ
1512 4466 1729 4532 ἀγνοεῖ,
1761 4466 1953 4520 ὑποτο-

379 4552 543 4616 πάζει
563 4552 609 4583 ⁷³
644 4552 736 4605 καὶ
767 4552 1064 4621 ἀμφίϐολον
1099 4554 1193 4607 καὶ
1225 4554 1476 4626 ποικίλην
1507 4555 1555 4588 ⁷⁸
1593 4557 1952 4627 ἀποφαίνεταί

2050 994 2181 1048 bere
2232 1000 2531 1063 nequeunt,
2585 992 2780 1060 quippe
2832 990 2922 1058 qui
2973 990 3075 1059 ipsi
3130 990 3430 1060 phrenetici
3482 992 3611 1046 sint.

2054 1081 2348 1136 lmmodica
2384 1091 2560 1135 autem
2596 1080 2910 1134 vociferatio
2938 1088 2991 1133 et
3022 1082 3276 1149 strepitus
3302 1080 3387 1146 iis,
3416 1096 3533 1150 qua:
3562 1083 3614 1133 in

2048 1181 2259 1228 secreto
2306 1171 2420 1225 ﬁeri
2470 1187 2586 1225 mos
2620 1179 2721 1235 est,
2766 1179 2998 1224 mentem
3047 1171 3328 1225 advertere
3370 1171 3614 1240 impedit.

2053 1263 2182 1330 Qua:
2212 1262 2393 1332 qualia
2441 1263 2549 1317 sint
2580 1262 2689 1330 jam
2733 1271 2944 1330 tempus
2980 1269 3062 1314 est
3095 1262 3315 1317 uberius
3343 1263 3614 1332 persequi.

2049 1350 2240 1420 Magna
2271 1351 2486 1419 quidem
2527 1360 2612 1406 est
2651 1351 2977 1406 obscuritas.
3011 1349 3183 1421 Negat
3232 1352 3379 1406 enim
3422 1355 3619 1408 cadere

2051 1443 2104 1497 in
2137 1443 2431 1496 humanam
2462 1451 2712 1495 naturam
2746 1442 2925 1496 divina
2956 1442 3280 1511 perspicere,
3313 1444 3445 1497 satis
3470 1445 3615 1499 enim

2050 1548 2172 1589 esse
2202 1533 2254 1586 in
2282 1531 2669 1587 commercium
2702 1534 2924 1587 deormn
2962 1533 3164 1588 venire.
3202 1533 3483 1590 Recliuato
3516 1551 3616 1590 au-

2051 1635 2156 1680 tem
2186 1639 2351 1695 puero
2385 1624 2437 1677 in
2468 1637 2711 1693 prarceps
2734 1623 3053 1694 duabusque
3084 1626 3295 1681 tabellis
3323 1627 3465 1692 istis,
3498 1642 3621 1698 quae

2049 1725 2206 1773 erant
2251 1715 2534 1771 Hebraicis
2576 1715 2785 1770 scilicet
2828 1716 3024 1772 litteris
3056 1717 3352 1787 inscriptae,
3403 1722 3619 1789 utrique

2050 1808 2202 1863 lateri
2232 1807 2511 1877 appositis,
2530 1806 2737 1877 reliqua
2760 1806 3056 1863 daemonem
3072 1807 3125 1861 in
3145 1810 3621 1864 auresinsusurra-

2052 1911 2230 1955 turum
2263 1901 2416 1957 dicit.
2451 1900 2544 1955 Est
2581 1910 2760 1955 autem
2789 1900 2892 1955 hoc
2913 1900 3303 1968 necessarium,
3338 1905 3396 1955 ut
3417 1902 3620 1970 aliquid

1979 1970 2023 2026 Β
2052 1994 2399 2049 instrumenti
2439 2002 2674 2062 apponat
2708 1994 2775 2048 ad
2807 2008 2970 2048 aures
3003 1994 3178 2064 pueri,
3207 2010 3305 2064 per
3327 1997 3469 2066 quod
3498 1996 3623 2053 licet

2048 2084 2232 2138 omnia
2293 2081 2606 2153 signiﬁcare
2657 2098 2778 2153 quae
2836 2084 2960 2153 quis
2997 2084 3161 2140 volet.
3218 2084 3388 2140 Sonat
3438 2094 3616 2141 autem

2052 2177 2305 2244 primum,
2352 2185 2411 2230 ut
2457 2176 2511 2229 in
2551 2185 2817 2232 terrorem
2864 2176 3187 2247 conjiciatur
3218 2191 3376 2246 puer,
3428 2178 3623 2235 deinde

2053 2268 2271 2338 insuper
2324 2279 2635 2339 tympanum
2690 2276 2890 2333 movet,
2948 2279 3223 2339 postremo
3279 2273 3495 2325 tertium
3538 2273 3622 2326 ie-

2051 2360 2236 2429 quitur
2262 2374 2356 2429 per
2385 2361 2829 2427 instrumentum,
2857 2361 2999 2429 quod
3022 2375 3246 2431 puerum
3279 2363 3392 2416 vult
3415 2364 3619 2428 dicere,

2051 2459 2106 2505 et
2132 2451 2333 2505 exitum
2362 2453 2437 2507 rei
2462 2460 2760 2522 exspectat,
2784 2453 2978 2508 deinde
3000 2467 3095 2509 eos
3118 2454 3207 2523 qui
3237 2453 3437 2510 adsunt
3462 2456 3623 2513 silere

2045 2543 2229 2614 jubet,
2278 2543 2426 2599 illum
2461 2545 2711 2616 92-93
2745 2555 2923 2601 autem
2959 2562 3079 2616 quae
3108 2562 3135 2601 a
3162 2547 3499 2605 daamonibus
3529 2564 3620 2605 ac-

2051 2638 2258 2709 ceperit
2296 2638 2558 2708 proiiteri.
2609 2640 2763 2706 Quod
2811 2649 2993 2694 autem
3044 2641 3269 2696 auribus
3316 2643 3619 2712 appositum

2049 2740 2135 2785 est
2166 2731 2605 2795 instrumentum,
2637 2740 2721 2785 est
2756 2730 3003 2786 naturale
3025 2732 3466 2800 instrumentum,
3497 2750 3623 2804 pro-

2051 2838 2176 2878 cero
2214 2823 2353 2879 collo
2392 2824 2779 2878 instrnctarum
2819 2838 3010 2893 gruum
3045 2823 3126 2879 vel
3175 2825 3503 2883 ciconiarum
3536 2830 3621 2884 vel

2051 2930 2348 2987 cygnorum
2390 2915 2616 2982 arteria,
2669 2930 2897 2986 quorum
2955 2916 2999 2971 si
3056 2915 3262 2973 nullum
3307 2920 3376 2974 ad
3430 2935 3622 2976 manus

2051 3010 2178 3073 erit,
2241 3016 2296 3062 et
2359 3006 2462 3061 alia
2514 3021 2580 3061 ex
2631 3016 2748 3061 arte
2789 3007 3149 3065 instrumenta
3203 3017 3349 3065 sunt.
3396 3009 3622 3065 Tihiolre

2051 3102 2195 3156 enim
2233 3102 2479 3172 quaedam
2510 3117 2670 3160 macte
2700 3119 2930 3159 numero
2969 3104 3155 3175 decem
3200 3106 3429 3161 invicem
3474 3107 3528 3161 in
3565 3121 3624 3161 se

2053 3203 2312 3246 coeuntes
2342 3192 2394 3245 in
2443 3205 2728 3264 angustum
2766 3193 3119 3249 tertninantes
3152 3203 3291 3263 aptae
3336 3206 3483 3261 Sunt,
3528 3210 3625 3264 per

1976 3308 2019 3365 α
2053 3297 2193 3353 quas
2222 3286 2288 3339 ad
2334 3300 2491 3340 aures
2532 3299 2868 3354 quaecunque
2909 3284 3050 3339 volet
3098 3285 3367 3355 loquatur.
3397 3287 3464 3341 Et
3510 3288 3627 3342 haec

2052 3389 2191 3445 puer
2218 3374 2531 3441 exaudiens,
2579 3383 2723 3428 metu
2766 3382 3054 3443 correptus
3096 3376 3249 3443 quasi
3303 3391 3334 3430 a
3366 3375 3627 3432 daamoni-

2055 3468 2156 3520 bus
2185 3465 2327 3520 dicta
2357 3480 2422 3520 ex
2450 3465 2604 3536 jussu
2644 3465 3007 3535 proloquitur.
3044 3465 3138 3521 Sin
3179 3468 3300 3537 quis
3327 3469 3491 3523 etiam
3533 3485 3621 3523 co-

2055 3554 2194 3610 rium
2239 3557 2658 3625 circumplicans
2711 3556 2942 3625 scipioni
2980 3558 3257 3612 humidum
3305 3560 3463 3629 idque
3497 3576 3622 3616 are-

2054 3646 2259 3702 factum
2310 3648 2645 3703 contrahens
2705 3658 2932 3703 consuet
2980 3658 3034 3703 et
3087 3652 3333 3705 detracto
3382 3653 3625 3723 scipione

2055 3744 2254 3800 tibiolte
2289 3744 2341 3798 in
2388 3746 2607 3799 modum
2639 3745 2845 3799 corium
2873 3744 3146 3812 conﬁciet,
3174 3747 3314 3801 idem
3345 3748 3495 3804 facit.
3528 3749 3623 3805 Sin

2053 3834 2184 3902 quid
2224 3836 2414 3888 horum
2459 3852 2564 3890 non
2606 3838 2801 3902 aderit,
2847 3836 3043 3892 librum
3076 3839 3243 3894 sumit
3271 3855 3504 3913 eumque
3532 3859 3625 3898 ex-

2055 3927 2218 3995 plicat
2240 3937 2294 3980 et
2324 3928 2374 3980 in
2409 3939 2669 3997 quautam
2709 3930 2854 3984 volet
2883 3945 3193 3986 mensuram
3217 3937 3481 4001 extendit,
3515 3951 3624 4006 quo

2055 4016 2199 4073 facto
2241 4019 2487 4073 eumdem
2534 4034 2689 4074 usum
2726 4030 2969 4089 praestat.
3015 4023 3109 4078 Sin
3156 4035 3336 4080 autem
3386 4030 3619 4091 noverit,

2053 4110 2177 4178 quis
2205 4109 2276 4164 sit
2301 4110 2348 4164 is
2375 4110 2466 4179 qui
2499 4111 2834 4167 sciscitatum
2863 4115 3038 4182 adsit,
3073 4116 3313 4185 paratior
3342 4118 3410 4172 ad
3437 4120 3621 4174 omnia

2057 4203 2136 4257 iit.
2178 4202 2272 4256 Sin
2317 4211 2495 4259 autem
2534 4202 2615 4258 vel
2657 4205 3132 4277 interrogationem
3171 4219 3328 4264 antea
3372 4226 3622 4279 comper‘

2055 4300 2165 4346 tam
2216 4293 2457 4361 habebit,
2509 4295 2702 4349 scribit
2745 4299 3059 4367 pharmaco,
3103 4309 3158 4355 et
3204 4311 3261 4355 ut
3293 4314 3622 4374 praeparatus

2057 4392 2313 4453 tanquam
2343 4385 2596 4442 solertior
2615 4388 2941 4455 celebratur,
2969 4402 3027 4445 ut
3051 4393 3141 4461 qui
3170 4392 3315 4448 clare
3339 4397 3621 4465 scripserit

2056 4474 2201 4543 quod
2236 4478 2518 4545 quaesitum
2558 4489 2661 4534 est.
2693 4479 2786 4535 Sin
2817 4496 2945 4536 vero
2976 4483 3215 4552 ignorat,
3255 4486 3621 4556 cenjccturam

2058 4566 2392 4633 periclitatur
2428 4577 2483 4623 et
2533 4569 2739 4639 aliquid
2788 4572 3002 4639 prodit,
3043 4575 3183 4642 quod
3223 4578 3512 4646 ancipitem
3570 4591 3626 4634 et

374 4661 431 4698 τι
462 4643 747 4714 δεχόμενον
776 4643 820 4675 ⁷⁸
857 4645 1215 4712 μετάφρασιν,
1251 4646 1338 4700 ἵνα
1365 4647 1462 4718 τὴν
1497 4648 1593 4718 μὲν
1615 4650 1788 4721 ἀρχὴν
1813 4651 1950 4722 ἄση-

2059 4656 2262 4709 variam
2293 4658 2517 4727 recipiat
2550 4659 3072 4730 interpretationem,
3106 4678 3213 4734 quo
3246 4643 3558 4722 vaticinium
3593 4686 3621 4722 a

378 4750 481 4805 μσς
507 4729 640 4786 οὖσα
679 4733 713 4803 ἡ
746 4733 1110 4804 χρησμοδοσία
1149 4736 1227 4797 εἰς
1267 4736 1438 4790 πολλὰ
1466 4737 1618 4792 ἔσται
1637 4782 1651 4807 ,
1680 4743 1772 4794 ἐπὶ
1798 4742 1855 4795 δὲ
1880 4746 1946 4814 τῇ

378 4821 600 4879 ἐκϐάσει
628 4822 737 4877 τῶν
762 4824 1189 4895 συμϐησομένων
1220 4826 1356 4897 πρὸς
1380 4829 1439 4881 τὸ
1474 4829 1684 4899 συμϐὰν
1710 4833 1950 4904 πρόῤῥη-

380 4931 465 4978 σις
510 4914 818 4987 νομίζηται.
866 4911 999 4969 Εἶτα
1046 4915 1278 4988 λεκάνην
1323 4918 1616 4990 πληρώσας
1655 4921 1847 4988 ὓδατος
1876 4925 1952 4985 ὡς

378 5005 631 5077 ἄγραφον·
649 5004 739 5058 τὸν
763 5005 970 5076 χάρτην
998 5007 1045 5038 ⁷⁸
1073 5007 1293 5079 καθίησι
1326 5010 1681 5080 συνεμϐαλὼν
1715 5015 1948 5084 χάλκαν-

378 5095 497 5148 θον.
529 5094 713 5159 Οὕτως
742 5096 851 5164 γὰρ
892 5096 1169 5150 ἀνατέλλει
1205 5099 1270 5163 ",
1305 5100 1404 5171 τὴν
1438 5101 1729 5173 ἀπόκρισιν
1771 5107 1950 5178 φέρων

377 5188 408 5239 ό
435 5188 664 5258 γραφεὶς
694 5188 918 5257 χάρτης.
950 5187 1040 5257 Τῷ
1070 5188 1169 5259 μὲν
1198 5190 1261 5262 δὴ
1299 5191 1493 5263 παιδίῳ
1529 5194 1621 5247 καὶ
1660 5197 1948 5264 φαντασίαι

2054 4746 2319 4816 principio
2344 4751 2654 4820 ambiguum
2692 4751 2746 4806 iu
2780 4753 3024 4809 diversas
3046 4756 3215 4824 possit
3243 4767 3426 4825 partes
3459 4761 3622 4824 trahi,

2055 4839 2106 4892 in
2145 4849 2343 4896 eventu
2397 4851 2576 4896 autem
2632 4846 2891 4914 quidquid
2940 4849 3202 4914 evenerit,
3258 4849 3325 4904 ad
3379 4850 3429 4904 id
3481 4860 3623 4921 quod

2054 4932 2346 5000 contigerit
2376 4936 2653 5004 praedictio
2684 4940 3139 4993 accommodetur.
3191 4939 3392 4994 Deinde
3423 4945 3621 5012 pelvini

2054 5022 2140 5075 ubi
2176 5022 2421 5093 implevit
2446 5041 2606 5096 aqua,
2644 5036 2898 5100 tanquam
2941 5030 3156 5085 inanem
3195 5032 3495 5087 chartulam
3531 5035 3626 5089 dc-

2054 5114 2221 5167 mittit
2269 5131 2374 5169 una
2426 5118 2672 5175 immisso
2723 5120 3064 5174 chalcantho.
3114 5119 3189 5175 Ita
3217 5124 3360 5176 enim
3393 5128 3625 5196 emergit

2054 5219 2374 5274 responsum
2416 5207 2596 5265 ferens
2642 5212 2841 5279 scripta
2899 5215 3111 5267 charta.
3157 5213 3331 5269 Puero
3362 5215 3524 5287 igitur
3571 5233 3624 5276 et

1639 5331 1874 5389 VARIE
1915 5336 2319 5400 LECTIONES.

449 5437 1000 5520 ’δέπικαλοῇντεςρ
1039 5513 1051 5520 _
1095 5444 1452 5520 'f‘érrtxqisi‘v.
1481 5450 1737 5520 ἐπιγελᾷν
1765 5452 1827 5514 C.
1852 5453 1920 5508 Μ.

377 5508 707 5587 άπορῤήτωξ
892 5511 937 5543 ⁸⁸
968 5513 1183 5583 ἐνόμιζε
1214 5518 1274 5572 C.
1306 5518 1379 5573 M.
1454 5521 1495 5551 ⁸³
1524 5507 1729 5574 ἐκὶῢλῦε
1757 5507 1826 5587 C,
1856 5507 1927 5583 Μ.

375 5578 655 5656 sive-651
682 5578 824 5656 θέλει
848 5597 862 5611 ο
901 5578 1128 5656 κατηχεῖ
1169 5602 1227 5638 τε
1265 5589 1480 5656 πρῶτον
1524 5592 1664 5646 coni.
1697 5593 1766 5645 Μ.

371 5646 677 5726 δοκεύει-Μ.
755 5651 803 5726 “_
833 5654 1000 5726 παρῇ,
1026 5646 1175 5726 ἔστι.
1202 5646 1427 5726 πάρεστι
1455 5660 1516 5713 C.
1596 5663 1642 5693 ⁶⁹
1672 5662 1766 5714 καὶ
1796 5674 1920 5721 ante

2026 5458 2072 5490 ⁸⁸
2101 5460 2243 5527 ἀξιοί
2259 5461 2330 5517 Μ.
2397 5465 2441 5496 ⁵⁷
2472 5464 2648 5517 αὐτῶν
2670 5465 2731 5520 C.

1874 5529 1927 5583 if.
2021 5529 2065 5561 θ’
2095 5532 2521 5602 ὲγκεγραμμένα
2560 5533 2623 5588 C.

1874 5597 1918 5627 "
1957 5598 2081 5666 ἠχεῖ
2110 5599 2165 5653 δὲ
2213 5603 2291 5654 τό.
2337 5602 2573 5666 ἠχοῦντα
2609 5602 2650 5657 C

1962 5616 2077 5667 ηχει
2110 5616 2165 5653 οε
2213 5616 2291 5654 το.
2337 5616 2573 5670 ηχουντα
2609 5616 2671 5657 u.
2760 5616 2803 5635 π
2840 5616 2893 5657 τι
2935 5616 3110 5677 βομϋῇ
3146 5616 3209 5662 (1.
3285 5616 3326 5640 '"
3355 5616 3428 5673 ὡς
3454 5616 3617 5663 δοκεῖ.

1962 5669 2166 5741 ἀποσπ.
2198 5672 2336 5741 fulti.
2376 5670 2442 5724 Μ.
2519 5674 2565 5705 ⁷ο
2592 5674 2652 5726 Ei
2679 5672 2754 5726 δέ.
2798 5675 2917 5727 οὐδὲ
2948 5677 3007 5729 G.
3086 5679 3127 5709 '”
3169 5679 3316 5741 ὅστις
3339 5680 3420 5732 ὅτι
3452 5682 3510 5734 (3.
3547 5678 3618 5735 M.

2837 5465 2883 5498 ⁸⁸
2914 5466 3293 5533 άπωλέσαντες
3318 5470 3378 5524 C.
3486 5470 3533 5504 "
3563 5471 3622 5522 ἐν

3220 5541 3507 5635 “illi”?
3539 5538 3620 5625 [tl

2840 5607 2902 5677 et
2935 5606 3110 5677 βομϐῇ
3146 5609 3209 5662 (2.
3285 5606 3428 5673 “re;
3454 5606 3617 5663 δοίεῖξ

371 5718 417 5748 ⁷³
447 5715 743 5787 νομίζεται.
780 5721 1108 5841 ὀνομάζεται
1138 5723 1197 5789 C,
1230 5715 1305 5779 ὢν
1331 5727 1607 5792 δοξάζεται
1646 5733 1851 5801 γράψαι
1875 5752 2019 5803 susp.
2050 5737 2116 5791 Μ.
2195 5739 2239 5770 ⁷³
2262 5715 2735 5808 ὑποτοπάζειῗλαί.
2762 5715 3132 5809 ὑποῖτάξεται

374 5785 688 5841 Roenerus.
736 5804 863 5840 ποικ
890 5807 977 5841 Αον
1020 5792 1084 5841 C.
1108 5792 1177 5841 Μ.
1272 5796 1315 5828 τυ
1346 5814 1397 5841 τι
1430 5798 1715 5841 amrin-mm
1787 5803 2166 5841 semesam“...
2199 5808 2237 5841 ρ
2302 5810 2343 5841 tu
2454 5813 2499 5841 το
2541 5814 2613 5841 .·.-
2743 5815 2948 5841 “1.---..
3029 5817 3259 5841 .L-.-.L_--_
3328 5821 3509 5841 μιῃ--
3558 5824 3595 5841 μ

890 5809 916 5840 Α

374 5785 653 5858 ἣοεροηιε
673 5829 688 5851 ,
736 5785 977 5858 ποικίλον
1020 5792 1084 5858 C,
1107 5792 1177 5847 Μ.

368 5855 418 5887 ⁸⁷
454 5856 733 5911 ἀνατέλλει
766 5855 1075 5926 Rovperus,
1098 5863 1328 5916 ἀναπλεῖ
1356 5868 1416 5933 C,
1454 5855 1521 5922 li.

692 5949 959 6012 PATROL.
1006 5954 1120 6014 GR.
1166 5957 1329 6018 XVI.

1346 5814 1397 5891 τι
1430 5796 1736 5891 δεχόμενον.
1769 5796 2166 5876 ’ἐπιδεχόμενον
2199 5808 2262 5867 C.
2298 5810 2368 5864 M.
2454 5813 2499 5842 ⁷⁸
2523 5796 2613 5877 ”ώς
2641 5843 2711 5855 -——
2743 5815 2968 5886 χάρτην.
2991 5796 3279 5889 ’ἀγράφου
3328 5821 3529 5891 χάρτου

3233 5981 3305 6041 98
