4080 6478
492 502 648 576 ’3033

1973 510 2263 571 ORIGEN
2270 511 2340 570 IS

3627 523 3753 589 3094

509 627 945 683 terriculamenta
980 626 1252 682 exsistunt
1293 641 1694 698 saepenumero.
1742 628 1956 684 Etenim
1992 643 2055 682 ve

2186 625 2317 696 φοϐε
2327 593 2668 696 ραὶγίνονταί
2695 624 2953 692 πολλάκις
2976 644 2992 661 ο
3016 630 3110 684 καὶ
3136 630 3245 704 γάρ
3270 631 3481 705 πληγὰς
3505 631 3752 708 ἐμϐάλλει

504 720 730 775 verbera
781 718 975 774 incutit
1015 718 1290 773 interdum
1329 718 1528 789 quibus
1575 726 1871 775 exterreat.
1924 717 2076 773 Thus

502 811 643 865 enim
693 810 941 880 injiciens
993 810 1047 864 iu
1090 811 1265 880 ignem
1312 827 1501 866 rursus
1542 821 1799 882 operatur
1829 811 1882 865 in
1931 808 2077 864 bune

502 902 719 957 modum
764 919 777 955 :
826 900 1078 956 Frustum
1133 903 1266 956 salis
1317 903 1408 972 qui
1446 903 1644 956 dicitur
1691 900 1893 955 fossilis
1947 913 2074 954 cera

484 990 675 1057 ‘Tusca
706 990 1135 1045 circumvolvens
1163 989 1436 1060 simulque
1472 991 1648 1059 ipsum
1681 988 1916 1042 frustum
1950 987 2074 1041 thu-

499 1083 574 1137 ris
602 1081 880 1137 dissecans
910 1080 1085 1151 injicit
1122 1080 1249 1133 salis
1280 1095 1541 1148 granum,
1594 1086 1650 1132 et
1694 1092 1890 1132 rursus
1918 1076 2074 1132 colli-

497 1187 630 1243 gans
658 1181 715 1228 et
745 1186 1013 1242 reponens
1058 1171 1113 1225 in
1162 1169 1478 1225 ardentibus
1522 1169 1713 1239 prunis
1761 1168 1911 1224 sinit.
1955 1167 2073 1235 Quo

496 1270 865 1329 concremata,
900 1262 1040 1317 sales
1095 1261 1410 1316 exsilientes
1458 1259 1747 1329 imaginem
1796 1258 2067 1324 reddunt,

494 1356 649 1426 quasi
697 1366 895 1408 novum
946 1349 1314 1421 spectaculum
1355 1357 1412 1403 et
1460 1349 1656 1404 mirum
1690 1349 1803 1403 fiat.
1838 1349 2070 1420 Sangui-

495 1461 651 1503 neam
684 1453 863 1506 autem
893 1443 1070 1500 reddit
1096 1440 1371 1497 ﬂammam
1401 1440 1650 1497 ludicmn
1679 1451 1860 1497 atrum
1884 1450 2069 1512 utpote

494 1536 758 1594 inclusum
795 1536 848 1590 in
898 1535 1079 1601 thure,
1125 1533 1286 1591 sicuti
1325 1547 1487 1602 supra
1528 1532 1786 1588 diximus.
1829 1532 2066 1602 Sangui-

492 1646 653 1688 neum
676 1639 859 1686 autem
883 1629 1152 1700 liquorem
1180 1626 1315 1683 facit
1342 1641 1466 1683 cera
1497 1626 1752 1681 ancltusa:
1778 1626 2063 1680 commista

489 1739 703 1793 eaque,
752 1732 812 1779 ut
863 1722 1016 1786 dixi,
1055 1734 1179 1776 cera
1230 1718 1468 1775 immista
1518 1719 1573 1774 in
1616 1716 1867 1790 95-95
1915 1723 2060 1773 tuus.

489 1814 700 1872 Prunas
721 1823 901 1870 autem
924 1811 1131 1868 moveri
1159 1810 1291 1867 facit
1321 1809 1601 1881 supposito
1623 1820 1774 1866 secto
1798 1810 2058 1876 alumine,

2180 715 2429 786 εὐπόρως
2476 715 2746 785 ἐκφοϐῶν.
2794 709 3027 773 Λίϐανον
3073 721 3181 791 γὰρ
3228 723 3307 787 είς
3354 724 3464 797 πῦρ
3509 729 3751 798 ἐμϐαλὼν

2177 805 2342 859 πάλιν
2378 808 2522 859 ποιεῖ
2567 803 2755 861 τοῦτον
2794 809 2885 862 τὸν
2917 810 3136 882 τρόπον.
3164 812 3343 866 Βῶλον
3366 812 3411 846 ’⁸
3451 816 3563 869 τῶν
3609 816 3750 890 λεγο-

2178 902 2355 973 μένων
2377 902 2624 973 ὀρυκτῶν
2640 900 2791 959 ,ἀλῶν
2816 901 2972 975 κηρῷ
2995 903 3318 977 Τυρᾠνικῷ
3344 913 3749 981 περιπεπάσας

2176 995 2269 1048 καὶ
2300 995 2461 1049 αὑτὸν
2495 995 2553 1049 δὲ
2582 994 2801 1050 λιϐάνου
2835 995 3005 1066 βῶλον
3038 997 3084 1030 ⁷⁸
3118 998 3483 1070 διχοτομήσας
3513 1003 3748 1076 ἐντίθησι

2172 1086 2267 1140 τοῦ
2309 1087 2505 1151 ἆλατος
2556 1088 2811 1159 χόνδρον,
2858 1088 2952 1141 καὶ
3003 1089 3166 1143 πάλιν
3213 1092 3635 1166 συγκολλήσας]
3664 1097 3749 1152 ἐπὶ

2172 1173 2459 1243 ἀνθράκων
2488 1175 2792 1245 καιομένων
2812 1174 2980 1239 τιθεὶς
2997 1177 3083 1247 ἐᾷ.
3113 1178 3218 1230 Τοῦ
3242 1178 3300 1232 δὲ
3325 1182 3675 1250 συγκαέντος,
3706 1187 3747 1240 oi

2172 1261 2299 1325 ἀλες
2336 1263 2722 1334 ἀναπηδῶντες
2767 1267 3073 1334 φαντασίαν
3116 1268 3526 1339 ἀπεργάζονται
3567 1272 3747 1347 ὥσπερ

2171 1350 2321 1417 ξένου
2345 1353 2618 1424 θεάματος
2645 1357 2929 1427 γινομένου
2951 1373 2966 1388 ο
3007 1358 3294 1431 αἱματώδη
3323 1360 3380 1414 δὲ
3407 1363 3585 1432 φλόγα
3611 1367 3749 1419 ποιεῖ

2166 1444 2228 1498 τὸ
2270 1444 2491 1499 Ἰνδικὸν
2550 1446 2718 1518 μέλαν
2768 1448 2983 1502 ἐντεθὲν
3034 1448 3113 1520 τῷ
3164 1450 3445 1522 λιϐανωτῷ
3471 1454 3518 1485 ⁸⁸
3571 1454 3746 1520 καθὼς

2167 1535 2526 1608 προείπαμεν.
2587 1537 2882 1610 Αίματώδη
2938 1539 2996 1593 δὲ
3051 1541 3321 1612 ὑγρασίαν
3379 1546 3528 1597 ποιεῖ
3586 1546 3746 1618 κηρὸν

2164 1625 2410 1699 ἀγχοὺσῃ
2437 1629 2706 1699 ἀναμίξας
2751 1631 2864 1694 καὶ,
2893 1631 2969 1695 ὡς
2994 1630 3154 1703 ἔφην,
3203 1631 3282 1704 τῷ
3333 1632 3618 1707 λιϐανωτῷ
3659 1638 3746 1691 τὸν

2164 1716 2332 1788 κηρὸν
2356 1718 2723 1807 ἰοὲνθέμενος·
2748 1720 3024 1794 ἄνθρακας
3046 1723 3105 1777 δὲ
3129 1723 3392 1778 κινεῖσθαι
3421 1722 3739 1802 [ρ.66--67]

2162 1813 2311 1865 ποιεῖ
2342 1811 2567 1883 σχιστὴν
2607 1813 2829 1879 ὑποθεὶς
2858 1816 3196 1887 στυπτηρίαν
3216 1856 3232 1879 ,
3260 1810 3329 1888 ἦς
3356 1813 3620 1889 λυομένης
3651 1820 3742 1872 καὶ

487 1920 597 1977 quo
627 1906 803 1963 soluto
835 1914 890 1961 et
937 1903 1112 1959 instar
1143 1902 1411 1960 bullarum
1448 1902 1740 1959 ebullieute
1774 1911 2058 1959 moventur

2159 1900 2315 1973 δίκην
2343 1903 2709 1974 πομφολύγων
2733 1905 3034 1974 διοιδοὺσης
3062 1907 3338 1962 κινοῦνται
3364 1909 3410 1963 οἱ
3441 1909 3731 1981 ἄνθρακες.

527 2013 584 2052 l'll
593 2012 694 2052 uae.

527 2013 694 2052 ruuae.

487 2013 522 2067 Ρ
556 2088 643 2144 29.
672 2086 787 2143 Ova
817 2096 996 2142 autem
1023 2085 1234 2142 diversa
1254 2093 1528 2142 ostentant
1552 2085 1604 2140 in
1631 2085 1777 2142 hunc
1802 2085 2057 2141 modum:

486 2177 756 2235 Cacumen
787 2175 1074 2248 perforans
1104 2178 1174 2233 ab
1200 2186 1429 2247 utraque
1454 2185 1611 2248 parte
1641 2185 1699 2232 et
1721 2175 1902 2231 album
1933 2177 2061 2231 sub-

485 2272 710 2336 ducens,
743 2283 931 2324 rursus
965 2267 1290 2338 immergens
1325 2266 1534 2339 iujicito
1566 2266 1720 2322 alteri
1759 2266 1936 2333 minii,
1967 2265 2063 2321 al-

484 2359 585 2415 teri
635 2367 815 2414 autem
868 2356 1144 2428 scriptorii
1193 2356 1514 2411 atramenti.
1566 2357 1832 2412 Obserato
1875 2365 2058 2412 autem

484 2448 751 2504 foramina
788 2455 1036 2503 ramento
1082 2459 1309 2503 'verum
1352 2445 1581 2510 minuto,
1616 2458 1718 2514 ope
1750 2444 1897 2500 succi
1924 2443 2059 2501 ficus

483 2540 751 2596 adliuens.

552 2629 644 2685 50.
669 2628 709 2683 li
734 2635 914 2682 autem
940 2626 1032 2697 qui
1052 2640 1182 2682 oves
1208 2625 1311 2682 sibi
1334 2636 1618 2696 amputare
1642 2627 1818 2698 capita
1846 2626 2058 2685 faciunt

484 2723 623 2794 ipsa,
655 2723 758 2776 hac
778 2721 989 2775 ratione
1019 2728 1244 2775 utuntur
1269 2737 1283 2773 :
1320 2718 1637 2775 Clanculum
1668 2720 1911 2775 caustico
1937 2734 2055 2774 me-

481 2817 790 2870 dicamento
838 2812 1056 2867 illinens
1090 2820 1278 2879 guttur
1319 2810 1579 2880 relinquit
1609 2810 1913 2881 appositum
1943 2810 2056 2882 gla-

482 2905 662 2971 dium;
696 2903 785 2957 illa
820 2911 997 2957 autem
1031 2900 1218 2957 fricari
1249 2901 1472 2970 cupiens
1498 2901 1712 2955 irruens
1736 2898 1791 2953 in
1818 2898 2052 2969 gladium

482 2997 703 3050 terendo
733 2992 1013 3062 iugulatur
1054 3000 1109 3048 et
1157 3006 1344 3062 parum
1396 2991 1547 3046 abest
1594 2990 1722 3060 quin
1771 2997 1933 3060 caput
1962 2989 2056 3044 ab-

479 3087 713 3142 scindat.
737 3084 830 3140 ESI
856 3095 1034 3139 autem
1058 3083 1509 3137 medicamentum
1536 3081 1758 3151 bryouia
1780 3090 1834 3135 et
1851 3079 2051 3134 adarca

478 3190 536 3235 et
565 3179 717 3235 scilla
743 3177 912 3247 mquis
945 3176 1184 3245 partibus
1207 3174 1397 3230 mistae.
1423 3172 1494 3228 Ut
1520 3184 1699 3228 autem
1730 3173 1895 3226 lateat
1930 3188 2051 3227 cum

481 3269 589 3325 fert
640 3269 1114 3332 medicamentuttt,
1167 3264 1268 3318 fert
1314 3263 1565 3335 pyxidem
1619 3263 1883 3333 duplicem
1931 3277 2051 3318 cor-

480 3376 676 3425 neam,
726 3358 882 3427 cujus
926 3358 1216 3427 conspicua
1258 3371 1386 3425 pars
1433 3357 1596 3410 habet
1642 3354 1788 3419 thus,
1819 3356 2050 3410 obscura

479 3463 658 3506 autem
688 3451 1163 3504 tttedieamcntum.
1199 3445 1304 3500 Sed
1331 3446 1494 3499 etiam
1520 3445 1743 3499 auribus
1774 3446 2054 3501 moritura:

476 3545 650 3616 iujieit
686 3544 1114 3615 bydrargyrum;
1167 3549 1251 3596 est
1297 3547 1475 3593 autem
1509 3536 1845 3592 mortiferum
1883 3537 2053 3593 medi-

476 3651 666 3691 cameu
676 3647 726 3690 tu
737 3652 808 3689 ιιι.

548 3730 640 3784 51.
673 3728 974 3798 Caprarum
1017 3734 1198 3780 autem
1252 3725 1341 3779 ubi
1384 3723 1506 3794 quis
1551 3722 1826 3777 oltturavit
1870 3731 2053 3778 cerato

481 3836 660 3882 aures,
694 3820 880 3874 dicunt
921 3817 1101 3888 paullo
1146 3826 1267 3887 post
1309 3816 1467 3881 mori,
1516 3815 1770 3885 quoniam
1804 3814 2050 3884 spiritum

479 3920 677 3969 ducere
724 3910 1135 3981 prohibeantur.
1173 3906 1323 3962 Viam
1360 3907 1505 3961 enim
1538 3909 1677 3961 hanc
1706 3906 1773 3960 iis
1801 3920 1926 3961 esse
1967 3906 2051 3960 di-

479 4014 611 4060 cunt
661 4001 894 4057 ducendi
935 4016 1030 4069 per
1067 3987 1479 4069 respirationem
1523 3996 1764 4065 spiritus.
1811 3995 2049 4049 Arietem

477 4105 656 4149 autem
706 4094 841 4147 mori
889 4093 1109 4155 dicunt,
1151 4090 1197 4144 si
1249 4090 1369 4158 quis
1402 4088 1735 4142 exadversus
1775 4084 2053 4140 reflexerit

474 4187 662 4242 solem.
696 4186 922 4240 Domum
952 4195 1130 4238 autem
1161 4180 1365 4237 faciunt
1398 4181 1735 4249 conflagrare
1762 4175 2045 4248 cujusdam

473 4297 535 4335 ex
564 4278 784 4333 marinis
802 4291 965 4331 succo
989 4274 1198 4339 illitam,
1224 4275 1312 4343 qui
1345 4273 1510 4343 piscis
1532 4284 1757 4328 vocatur
1780 4271 2046 4341 dactylus.

471 4370 743 4429 Praeterea
794 4378 849 4424 et
891 4369 941 4423 id
988 4369 1129 4437 quod
1171 4369 1230 4421 lit
1274 4382 1369 4436 per
1417 4381 1612 4437 aquam
1661 4366 1926 4419 marinam
1966 4372 2051 4418 est

481 4465 629 4519 valde
654 4461 805 4517 utile.
833 4460 929 4514 Est
960 4471 1137 4515 autem
1170 4474 1358 4529 spuma
1389 4460 1558 4513 maris
1590 4459 1641 4513 in
1673 4465 1910 4513 testacea
1941 4456 2048 4510 olla
2094 4513 2114 4519 _

474 4571 597 4612 cum
623 4552 871 4609 dulcibus
900 4562 1075 4616 cocta,
1117 4553 1201 4607 cui
1233 4550 1461 4605 ferventi
1494 4550 1583 4604 ubi
1626 4549 1808 4603 lumen
1857 4547 2048 4602 admo-

2090 1983 2140 2042 Β

2233 2082 2339 2139 κθ’.
2393 2085 2488 2140 Ὧά
2523 2086 2580 2141 δὲ
2607 2085 2838 2160 διάφορα
2889 2087 3289 2144 ἐπιδείκνυνται
3313 2089 3358 2124 ⁸⁸
3411 2090 3505 2145 τὸν
3540 2092 3740 2164 τρόπον

2160 2173 2313 2228 τόνδε
2332 2191 2347 2206 ·
2374 2177 2618 2249 κορυφὴν
2647 2181 2931 2250 τρυπήσας
2956 2178 3016 2245 ἐξ
3041 2181 3319 2254 ἑκατέρων
3335 2182 3381 2214 ⁸⁸
3409 2182 3504 2237 καὶ
3527 2184 3586 2237 τὸ
3614 2184 3736 2238 λευ-

2160 2263 2257 2319 κὸν
2289 2265 2653 2336 ὑπεξαγαγὼν
2686 2266 2842 2333 αὖθις
2888 2269 3066 2341 βάψας
3110 2269 3316 2340 ἔμϐαλε
3351 2272 3413 2327 τὸ
3448 2275 3546 2343 μὲν
3577 2277 3677 2345 τῆς
3693 2275 3739 2307 ⁸⁵

2161 2357 2484 2426 σινὼπιδος,
2527 2361 2590 2415 τὺ
2628 2361 2686 2414 δὲ
2731 2361 2828 2416 τοῦ
2872 2362 3143 2434 γραφικοῦ
3160 2363 3207 2397 ⁸⁸
3258 2364 3509 2435 μέλανος.
3573 2366 3737 2420 Ἀπό-

2159 2463 2371 2518 φρασσε
2417 2448 2474 2504 δὲ
2504 2450 2602 2514 τὰς
2630 2450 2933 2522 τρυμαλιάς
2965 2451 3193 2524 ξέσματι
3234 2453 3341 2508 τῶν
3378 2454 3502 2508 ὠῶν
3545 2454 3674 2525 λείῳ
3692 2455 3738 2488 ⁸⁸

2161 2541 2278 2613 μετ’
2303 2540 2437 2595 ὀποῦ
2466 2545 2636 2613 συκῆς
2666 2543 2972 2614 ἑμπλάσας.

2239 2629 2305 2686 λ’.
2347 2633 2472 2696 Τοῖς
2508 2634 2567 2688 δὲ
2594 2635 2797 2705 ἀμνοὺς
2823 2635 2871 2668 ⁸⁷
2920 2636 3324 2708 ἀποτέμνεσθαι
3354 2637 3454 2701 τὰς
3500 2640 3741 2709 κεφαλὰς

2160 2724 2369 2779 ἑαυτῶν
2398 2724 2645 2781 ποιοῦσιν
2671 2721 2824 2791 οὗτος
2853 2729 2882 2781 ὁ
2904 2730 3124 2800 τρόπος.
3165 2729 3423 2801 Κρὺϐδην
3456 2732 3738 2804 καυστικῷ

2157 2818 2435 2890 φαρμάκῳ
2463 2820 2659 2890 χρίσας
2690 2819 2782 2873 τὸν
2811 2820 3069 2890 φάρυγγα
3106 2822 3170 2892 ἐᾷ
3200 2822 3465 2893 παραθεὶς
3486 2823 3533 2856 ⁸⁸
3570 2823 3631 2877 τὸ
3656 2822 3736 2891 ξί-

2157 2925 2255 2977 φος
2275 2926 2290 2938 ⁸
2320 2912 2349 2961 ὁ
2377 2910 2434 2963 δὲ
2458 2910 2504 2942 ⁸⁹
2542 2912 2837 2981 κνήθεσθαι
2861 2913 2907 2945 ⁸⁸
2956 2913 3127 2967 θέλων
3173 2915 3503 2985 προσπεσὼν
3529 2918 3595 2987 τῇ
3634 2935 3736 2986 μα-

2154 3002 2324 3074 χαίρᾳ
2358 3003 2557 3057 θλίϐων
2589 3003 2854 3072 σφάζεται
2882 3006 2975 3058 καὶ
3003 3004 3202 3077 μικροῦ
3231 3006 3341 3059 δεῖν
3367 3008 3662 3078 ἀποτέμνει
3685 3008 3732 3040 ³³

2152 3093 2251 3165 τὴν
2286 3095 2548 3166 κεφαλήν.
2595 3095 2751 3148 Ἔστι
2799 3095 2857 3148 δὲ
2899 3096 2959 3148 τὸ
3007 3096 3297 3166 φάρμακον
3349 3095 3588 3166 βρυωνία
3638 3099 3735 3152 καὶ

2153 3184 2367 3256 ἀδάρκη
2389 3186 2482 3238 καὶ
2506 3185 2697 3238 σκίλλα
2724 3185 2844 3239 κατ’
2873 3187 2986 3239 ίσον
3016 3189 3351 3258 μεμιγμένα.
3379 3188 3494 3241 Ἵνα
3516 3188 3573 3241 δὲ
3592 3187 3737 3261 λάθῃ

2109 3328 2121 3347 ,
2156 3279 2336 3348 φέρων
2384 3277 2444 3330 τὸ
2478 3278 2801 3347 φάρμακον,
2838 3278 2991 3348 φέρει
3036 3276 3229 3343 πυξίδα
3270 3277 3466 3346 διπλῆν
3512 3280 3733 3349 κερατί-

2158 3384 2273 3439 νην,
2304 3362 2367 3438 ἧς
2396 3367 2456 3420 τὸ
2479 3368 2523 3399 ⁹²
2562 3370 2793 3440 φανερὸν
2822 3369 2985 3439 μέρος
3020 3368 3133 3440 ἔχει
3166 3368 3457 3421 λιϐανωτὸν
3486 3369 3553 3435 ’³,
3584 3369 3645 3422 τὸ
3672 3369 3734 3424 δὲ

2154 3458 2357 3527 ἀφανὲς
2400 3460 2691 3528 φάρμακον
2715 3476 2729 3490 '
2774 3460 2909 3515 ἀλλά
2947 3463 3039 3514 καὶ
3079 3462 3189 3523 τοῖς
3220 3462 3230 3529 |
3259 3460 3363 3513 ὠσὶ
3399 3459 3496 3513 τοῦ
3534 3461 3735 3531 τεθνη-

2156 3548 2383 3620 ξομένου
2426 3550 2684 3619 ἐμϐάλλει
2715 3551 3052 3623 ὑδράργυρον
3078 3550 3156 3583 ’δ’
3189 3550 3303 3603 ἐστι
3332 3548 3390 3602 δὲ
3427 3544 3739 3622 θανατηφό-

2161 3659 2251 3710 ρον
2288 3643 2577 3712 φάρμακον

2224 3732 2324 3786 λα’.
2367 3733 2548 3800 Λίγῶν
2588 3733 2645 3785 δὲ
2692 3731 2792 3787 κᾶν
2841 3732 3117 3804 ἐπιπλάσῃ
3139 3734 3184 3766 ⁵³
3228 3750 3312 3795 τις
3360 3736 3581 3804 κηρωτῇ
3633 3733 3735 3797 τάς

2154 3823 2350 3887 ἀκοὰς,
2389 3825 2522 3894 φασὶ
2560 3825 2813 3897 θνήσκειν
2858 3826 2974 3895 μετ’
3007 3825 3185 3894 ὀλίγον
3225 3826 3481 3878 ἀναπνεῖν
3530 3824 3735 3878 κωλυο-

2157 3915 2324 3985 μένας
2342 3931 2356 3947 ο
2395 3916 2512 3969 ὁδὸν
2541 3916 2648 3987 γὰρ
2675 3916 2863 3979 αὑταῖς
2890 3915 3095 3986 ταύτην
3125 3913 3264 3969 εἶναι
3292 3916 3507 3984 λέγουσι
3538 3914 3629 3969 τοῦ
3662 3915 3730 3968 δι’

2156 4008 2435 4076 ἀναπνοῆς
2470 4007 2760 4078 ἑλκομένου
2802 4006 3131 4077 πνεύματος.
3177 4007 3347 4078 Κριὸν
3384 4007 3437 4060 δὲ
3479 4007 3733 4076 θνήσκειν

2154 4095 2347 4161 φασὶν,
2399 4095 2447 4146 εί
2492 4097 2613 4148 κατ’
2657 4095 2915 4163 ἄντικρύς
2965 4112 3050 4158 τις
3096 4096 3453 4149 ἀνακλάσειεν
3492 4095 3644 4166 ἡλίου
3664 4095 3734 4148 ³⁸.

2152 4182 2313 4238 Οἷκον
2336 4185 2390 4238 δὲ
2419 4184 2629 4239 ποιοῦσι
2658 4185 2907 4239 καίεσθαι
2932 4187 3039 4239 τῶν
3068 4185 3369 4241 θαλαττίων
3396 4188 3540 4249 τινὸς
3573 4187 3737 4255 ίχῶρι

2150 4277 2439 4348 χριόμενον
2456 4279 2499 4309 ⁸⁷
2545 4276 2639 4331 τοῦ
2679 4277 3014 4348 καλουμένου
3048 4279 3334 4332 δακτύλου.
3386 4278 3497 4332 Καὶ
3546 4279 3606 4330 τὸ
3644 4279 3737 4331 διὰ

2150 4372 2248 4441 τῆς
2278 4368 2455 4440 ἅλμης
2491 4368 2548 4421 δὲ
2595 4371 2729 4423 πάνυ
2757 4371 3047 4440 χρήσιμον.
3079 4370 3233 4422 Ἔστι
3253 4368 3309 4421 δὲ
3334 4368 3504 4439 ἀφρὸς
3528 4367 3737 4422 θαλάσ-

2152 4478 2251 4532 σης
2281 4462 2338 4515 ὲν
2371 4461 2462 4513 ὀστ
2473 4460 2674 4530 ρακίνῳ
2693 4461 2912 4531 στάμνῳ
2933 4461 3067 4533 μετὰ
3082 4459 3324 4529 γλυκέων
3359 4458 3639 4529 ήψημένος
3657 4459 3731 4523 ’³,

2148 4547 2191 4621 ᾧ
2221 4554 2439 4617 ζέσαντι
2472 4550 2664 4621 λύχνον
2695 4552 2791 4605 ἐὰν
2820 4553 3101 4625 προσάγῃς
3128 4551 3439 4620 καιόμενον,
3476 4550 3736 4621 ἁρπάσαν

472 4647 622 4702 vehis
646 4646 949 4712 incensum,
982 4653 1199 4714 arrepto
1236 4644 1344 4714 igni
1382 4641 1694 4696 incenditur
1717 4650 1772 4695 et
1804 4639 2040 4694 infusum

2158 4645 2208 4697 τὸ
2257 4643 2369 4716 πῦρ
2399 4643 2728 4709 ἐξάπτεται,
2763 4644 2858 4697 καὶ
2903 4644 3201 4715 καταχυθὲν
3237 4641 3336 4711 τῆς
3381 4640 3621 4710 κεφαλῆς
3665 4642 3732 4695 οὑ

470 4738 634 4810 capiti
663 4751 886 4806 prorsus
913 4751 1016 4791 non
1047 4736 1336 4790 comburit.
1366 4732 1460 4787 Sin
1493 4747 1623 4787 vero
1650 4731 1814 4786 etiam
1843 4773 1857 4788 .
1890 4772 1905 4786 .
1939 4771 1953 4785 .
1987 4770 2002 4784 .
2027 4769 2041 4784 .

470 4831 756 4902 iuspergcs
783 4829 1040 4896 ferventi,
1063 4829 1233 4884 multo
1259 4828 1432 4895 magis
1463 4827 1790 4881 incenditur.
1822 4825 2046 4881 Rectius

467 4933 648 4977 autem
683 4922 823 4987 erit,
864 4922 913 4978 si
943 4921 1063 4991 quis
1093 4920 1257 4997 etiam
1289 4919 1512 4973 sulfuris
1538 4917 1742 4987 aliquid
1778 4925 2040 4972 assumet.

537 5013 628 5070 5‘2.
671 5013 897 5068 Tonitrtt
933 5012 991 5066 fit
1033 5011 1277 5083 pluribus
1329 5011 1524 5065 modis.
1574 5008 1709 5064 Nam
1749 5019 1803 5064 et
1834 5008 2042 5078 lapides

465 5106 774 5177 complures
817 5118 872 5163 et
926 5105 1163 5175 majores
1218 5102 1523 5173 praecipites
1570 5100 1771 5171 dejeeti
1824 5115 1919 5169 per
1961 5109 2041 5153 ta-

465 5196 618 5253 bulas
657 5196 862 5268 ligtteas
905 5195 1149 5251 incidunt
1189 5190 1325 5247 infra
1388 5190 1440 5243 in
1484 5204 1661 5244 aeneas
1709 5188 1940 5242 laminas
1985 5195 2041 5241 et

2147 4733 2292 4788 καίει
2338 4733 2399 4787 τὸ
2448 4731 2685 4787 σύνολον.
2743 4733 2805 4786 El
2855 4733 2913 4786 δὲ
2962 4735 3058 4787 καὶ
3108 4734 3282 4803 μαννῇ
3311 4732 3354 4764 ³⁹
3406 4729 3734 4790 ἐπιπάσσεις

2147 4824 2321 4890 ζέοντι
2343 4827 2381 4891 ¹,
2417 4825 2595 4896 πολλῷ
2631 4823 2829 4895 μᾶλλον
2858 4824 3171 4890 ἐξάπτεται.
3211 4824 3426 4876 Βέλτιον
3446 4822 3501 4874 δὲ
3521 4820 3641 4892 δρᾷ,
3676 4822 3733 4873 εἰ

2145 4920 2239 4969 καὶ
2269 4915 2412 4971 θείου
2452 4934 2505 4969 τι
2536 4916 2887 4988 προσλάϐοιῆ

2215 5008 2316 5078 λβ’.
2356 5008 2563 5081 Βροντὴ
2594 5009 2803 5076 γίνεται
2831 5006 3053 5079 τρόποις
3084 5004 3297 5057 πλείοσι
3317 5017 3330 5031 '
3359 5000 3497 5055 λίθοι
3526 5018 3586 5055 τε
3612 5000 3732 5073 γὰρ

2145 5097 2390 5162 πλείονες
2423 5099 2515 5151 καὶ
2548 5100 2795 5167 μείζονες
2826 5097 2969 5152 κατά
3012 5093 3276 5168 κρημνῶν
3307 5093 3598 5164 φερόμενοι
3633 5092 3734 5147 διὰ

2149 5187 2374 5240 σανίδων
2431 5188 2932 5241 ἐπικαταπίπτουσι
2997 5186 3216 5257 χαλκοῖς
3265 5182 3578 5254 ὲλάσμασι³
3627 5181 3737 5236 καὶ

1716 5341 1950 5397 ἻΑΠΙΑΞ
1989 5341 2402 5399 LECTIONES.

529 5470 576 5502 ⁷⁸
611 5468 803 5521 Βώλων
833 5466 892 5520 C.
963 5465 1010 5496 ⁷³
1039 5461 1486 5541 λιϐάνου-βῶλον.
1512 5457 1851 5541 λιϐανωτόνῖ
2023 5457 2069 5488 ⁸⁸
2099 5456 2408 5540 λιϐάνῳ,τῷ
2435 5460 2495 5514 C.
2574 5461 2614 5491 ⁸¹
2649 5464 2737 5513 τὸν
2773 5459 2962 5530 κηρόν.
2992 5455 3147 5541 κηρῷ
3178 5457 3237 5539 C:
3303 5458 3361 5541 ’ξ’
3391 5454 3739 5541 egeam:

459 5557 550 5604 τες
579 5541 639 5594 (2.
716 5539 762 5568 ⁸³
788 5536 846 5600 ἐξ
868 5536 1063 5657 ὲκατὲἓ

462 5610 647 5657 ciqum
676 5608 736 5657 (ἶ.
812 5605 857 5636 ⁸⁴
884 5622 1033 5657 παοα

462 5610 647 5678 ἁμνῶν
676 5608 736 5660 C.
812 5603 1213 5678 ’ἤπειρ-αδοθεὶς

484 5671 562 5742 εἰς
586 5680 647 5732 τὸ
672 5679 733 5733 C.
845 5677 891 5709 ”
917 5671 1216 5729 λιϐανωτοῦ
1236 5674 1297 5727 C.
1394 5673 1440 5705 ”
1464 5671 1767 5741 ὑδάργυρον
1789 5671 1861 5742 tl.

1069 5535 1167 5597 αςῗ
1262 5525 1310 5565 δε
1328 5532 1447 5634 τῖὶς.
1478 5528 1657 5585 τοῦϋ.
1735 5528 1780 5560 ⁸⁵
1809 5525 1901 5581 τοῦ
1947 5527 2243 5597 γραφικοῦ.
2271 5525 2677 5600 τῆςγραφικῆς
2708 5531 2768 5582 (Σ.

1069 5604 1206 5634 ηιω-
1248 5603 1287 5634 ρ
1412 5604 1430 5634 a
1458 5603 1485 5634 Α
1513 5600 1567 5634 λέ
1621 5598 1739 5634 mtas
1783 5600 1822 5634 1‘.
1920 5598 1965 5629 to
1997 5598 2270 5634 eum-Mn...
2309 5602 2348 5634 ιε
2403 5602 2445 5633 οι
2482 5601 2768 5634 anna”...

1412 5592 1430 5634 ⁵³
1458 5603 1485 5654 ὁ
1513 5600 1589 5654 δέ.
1621 5598 1739 5652 οὐδὲ
1783 5600 1843 5653 C.
1920 5592 1968 5629 ³⁸
1988 5592 2275 5651 ’κνίθεσθαι
2309 5592 2368 5655 C.
2403 5592 2449 5633 δῖ
2481 5592 2810 5667 ἀποτέμνειν
2838 5599 2901 5665 C,
2939 5616 3006 5652 au
3027 5592 3401 5666 ’ἀποτέμνεται
3431 5597 3517 5649 ?"
3548 5592 3616 5667 ἧς
3637 5598 3734 5650 τό.

1966 5668 2373 5741 "gent-trioni},
2408 5667 2477 5725 Μ.
2514 5671 2559 5701 ⁹⁶
2584 5670 2737 5741 ἥλιον
2776 5671 3069 5738 lloeperus.

2847 5525 2892 5560 ⁵⁸
2924 5525 3080 5597 λείῳῖ
3112 5525 3270 5580 λειῶν
3301 5528 3361 5581 C.
3435 5527 3478 5559 ⁸⁷
3513 5525 3630 5597 Tth
3663 5525 3737 5579 δὲ

3173 5668 3215 5699 ³⁷
3252 5668 3569 5739 χρειόμενον
3595 5668 3641 5739 (ἒν
3657 5667 3737 5739 in

460 5738 629 5816 marg.
706 5747 751 5779 ⁸⁸
776 5744 1053 5817 ὴψημένος
1080 5746 1142 5799 C.
1193 5814 1204 5817 _
1231 5744 1429 5817 '_’_qnitl
1475 5738 1646 5811 μαννῇ
1674 5738 1796 5817 ςείιιί
1841 5738 1979 5817 velit.
2023 5739 2233 5817 ignoro.
2264 5738 2528 5793 Fortasse
2565 5738 2845 5817 resiuacea
2884 5738 3475 5817 qumdamlsubstautia
3520 5738 3741 5816 intelli-

459 5807 641 5884 gitur,
675 5807 1046 5884 cgttunnijtnna’
1070 5814 1207 5884 apud
1236 5807 2149 5884 Pliitittnt__p_r9pt'i_uut_vocabulum
2184 5809 2253 5884 sit
2288 5825 2396 5884 quo
2439 5811 2781 5884 appellantur
2804 5807 2983 5884 grana
3020 5808 3192 5884 l_l_llll"ls
3232 5819 3285 5864 et
3316 5809 3540 5861 aliarum
3585 5807 3739 5861 resi-

461 5877 646 5937 i'tarum
677 5877 724 5937 Μ
824 5884 837 5913 ¹
876 5882 1046 5944 ξέοντι
1079 5881 1140 5937 C.
1217 5885 1237 5914 ⁸
1267 5898 1320 5933 τι
1349 5877 1642 5949 προσλάϐοι
1668 5881 1730 5934 A.
1766 5877 2082 5943 Meiuekius,
2123 5878 2261 5941 τινὸς
2294 5878 2449 5932 λάϐοι
2481 5881 2542 5946 t3,
2568 5882 2638 5938 Μ.
2673 5882 2693 5911 ⁸
2722 5880 2997 5951 θλάσμασι
3022 5879 3087 5932 (2.
3583 5909 3586 5913 ~
