4080 6426
372 480 511 545 3097

1849 464 2219 530 ORIGENIS

3505 461 3644 526 3098

376 604 582 648 tantum
606 588 839 660 praebeat
863 585 1140 644 ferventis.
1163 583 1332 639 Antea
1357 591 1536 639 autem
1566 581 1728 637 etiam
1762 593 1951 633 manus

2070 572 2376 642 ιπιφανείας
2408 569 2578 622 κινεῖν
2622 566 2979 637 πομφόλυγας
2993 566 3037 599 ⁸⁸
3074 566 3170 621 καὶ
3199 569 3504 637 φαντασίαν
3551 571 3648 637 μό-

376 699 516 754 smpe
541 696 677 751 aqua
729 678 871 737 salsa
928 678 1095 741 lavat,
1125 690 1230 746 quo
1283 675 1363 741 lit,
1403 686 1461 728 ut
1508 688 1612 728 non
1666 670 1954 725 admodum

366 772 789 839 concalefaciat,
812 770 1022 826 etiamsi
1052 783 1239 838 reapse
1263 768 1490 823 ferveat.
1520 765 1615 819 Sin
1640 778 1770 819 vero
1807 776 1953 832 myr-

381 865 535 921 rhina
566 873 622 918 et
650 863 791 917 nitro
824 871 879 915 et
927 858 1147 930 myrrha
1178 873 1300 912 cum
1333 866 1486 912 aceto
1536 855 1714 909 mistis
1768 864 1959 905 manus

381 956 548 1010 illitas
586 952 770 1008 abluet
801 965 944 1021 aqua
971 949 1114 1004 salsa
1158 947 1477 1011 identidem,
1504 959 1608 999 non
1640 943 1836 997 uritur.
1868 940 1962 995 Pe.

368 1048 537 1102 «libus
565 1055 743 1099 autem
783 1057 888 1095 non
918 1040 1171 1094 aduritur
1198 1036 1559 1108 ichthyocolla
1593 1043 1646 1089 et
1680 1033 1958 1087 salaman-

381 1139 478 1191 dra
508 1136 697 1189 illitus.
727 1131 881 1200 ριιυιῑ
914 1140 1092 1184 autem
1153 1128 1392 1199 pyramis
1434 1124 1737 1181 incenditur
1782 1124 1962 1179 instar

372 1227 594 1291 .faeulm,
648 1239 768 1295 qua!
824 1222 1031 1291 lapidea
1070 1219 1162 1282 sit,
1221 1232 1386 1272 causa
1439 1217 1553 1270 hanc
1593 1223 1696 1270 est.
1743 1214 1960 1269 Cretica

386 1331 528 1376 terra
563 1323 639 1372 est
671 1314 736 1368 ad
764 1314 986 1381 figuram
1019 1310 1161 1364 facta
1193 1307 1492 1380 pyramidis
1552 1305 1732 1371 modo,
1775 1304 1961 1358 colore

386 1419 572 1464 autent
602 1415 857 1474 tanquam
886 1402 1022 1472 lapis
1055 1399 1279 1462 lacteus,
1315 1407 1665 1467 comparatur
1694 1406 1873 1449 autem
1907 1395 1962 1449 in

388 1501 532 1554 hunc
587 1494 802 1549 modum
838 1508 851 1543 :
891 1491 1055 1559 C0pia
1091 1488 1194 1545 olei
1228 1486 1446 1556 inungit
1483 1485 1824 1554 frustumque
1857 1482 1961 1536 im-

378 1590 539 1659 ponit
565 1588 621 1642 in
644 1585 830 1657 prunis
869 1592 924 1636 et
963 1597 1083 1635 cum
1116 1580 1312 1633 torruit
1343 1578 1646 1646 iterumque
1672 1575 1885 1630 inunxit
1912 1584 1962 1627 et

372 1681 597 1737 exussit
629 1680 823 1732 iterum
863 1683 917 1727 et
958 1673 1171 1727 tertium
1202 1681 1257 1724 et
1290 1668 1503 1724 iteratis
1535 1668 1764 1732 vicibus,
1800 1665 1964 1720 ellicit

2060 682 2157 733 νην
2207 662 2468 733 παρέχειν
2518 660 2733 726 ζέοντος
2750 662 2827 692 δι’
2880 660 3073 730 φθάνει
3112 660 3167 713 δὲ
3197 661 3291 714 καὶ
3324 660 3425 724 τὰς
3454 665 3651 731 χεῖρας

2060 753 2320 816 πολλάκις
2348 753 2497 825 ἅλμῃ
2530 751 2855 821 νιψάμενος,
2886 752 2966 804 διὸ
2986 752 3045 805 οὐ
3082 752 3220 804 πάνυ
3250 769 3298 805 τι
3332 753 3511 814 καίει,
3544 756 3647 807 κᾶν

2060 843 2277 913 ἀληθῶς
2306 842 2405 917 ζέῃ
2424 859 2439 874 θ
2467 844 2514 895 εἰ
2540 842 2597 895 δὲ
2631 843 2868 914 μυρσίνῃ
2894 842 2940 873 ⁸³
2971 843 3065 895 καὶ
3098 842 3262 913 νίτρῳ
3301 843 3396 896 καὶ
3428 843 3650 915 σμύρνῃ

2068 934 2182 1006 μετ’
2236 934 2393 999 ὄξους
2442 935 2603 1000 μίξας
2653 935 2945 1005 ἐπιχρίσας
2995 934 3248 1002 ἀπονίψει
3304 935 3404 997 τὰς
3457 938 3647 1004 χεῖρας

2067 1027 2212 1099 ἅλμῃ
2240 1026 2574 1089 πλειστάκις,
2606 1026 2665 1080 οὐ
2692 1027 2942 1080 καίεται·
2968 1026 3095 1090 τοὺς
3117 1026 3174 1078 δὲ
3203 1024 3370 1089 πόδας
3398 1027 3459 1079 οὐ
3493 1026 3645 1078 καίε-

2062 1136 2152 1174 ται
2192 1118 2509 1189 ίχθυοκόλλᾳ
2528 1117 2576 1149 ⁸⁸
2607 1118 2700 1172 καὶ
2729 1118 3082 1190 σαλαμάνδρα
3116 1118 3446 1189 χρισάμενος
3468 1118 3533 1171 ⁸⁸.
3573 1118 3646 1171 Τὸ

2062 1210 2122 1263 δὲ
2151 1211 2248 1280 τὴν
2279 1210 2561 1280 πυραμίδα
2586 1211 2839 1264 καίεσθαι
2871 1210 3051 1282 δᾳδίου
3073 1211 3252 1280 δίκην,
3284 1206 3451 1267 οὖσαν
3471 1209 3642 1270 λίθον,

2063 1302 2204 1373 αὕτη
2237 1302 2403 1356 αίτία.
2439 1304 2479 1355 Γ
2481 1303 2514 1373 ἦ
2545 1302 2645 1372 μέν
2680 1303 2795 1355 ἐστι
2821 1304 3070 1374 Κρητικὴ
3100 1301 3285 1373 τὸμὲν
3316 1302 3504 1372 σχῆμα
3548 1318 3645 1355 πε-

2065 1393 2350 1462 πλασμένη
2385 1394 2632 1464 πυραμὶς
2653 1432 2668 1454 ,
2708 1393 2769 1445 τὸ
2796 1392 2853 1445 δὲ
2887 1392 3084 1463 χρῶμα
3116 1393 3191 1455 ὡς
3221 1392 3368 1456 λίθος
3386 1393 3430 1425 ⁸⁸
3475 1392 3645 1460 γαλα-

2064 1484 2252 1547 κτικὸς
2271 1524 2285 1548 ,
2321 1484 2792 1549 κατασκευάζεται
2817 1483 2871 1536 δὲ
2897 1483 3085 1536 τοῦτον
3122 1484 3216 1537 τὸν
3249 1484 3449 1553 τρόπον
3468 1499 3483 1513 ·
3512 1484 3645 1555 Βρέ-

2068 1573 2162 1640 Eae
2198 1572 2366 1644 ἐλαίῳ
2419 1574 2627 1627 πλείονι
2668 1573 2767 1645 τὴν
2806 1573 3013 1644 βῶλον,
3049 1572 3164 1637 θεὶς
3195 1574 3283 1627 ἐπ’
3317 1573 3640 1645 ἀνθράκων,

2065 1663 2311 1733 ὀπτήσας
2347 1665 2442 1718 καὶ
2481 1664 2644 1718 πάλιν
2675 1664 2871 1735 βρέξας
2907 1666 3004 1719 καὶ
3031 1663 3241 1728 καύσας
3275 1664 3524 1733 δεύτερον
3548 1666 3644 1720 καὶ

382 1782 443 1828 ut
475 1768 695 1827 incendi
746 1764 938 1835 possit,
991 1760 1206 1816 etiamsi
1250 1774 1384 1828 aqua
1438 1762 1748 1828 mergatur;
1798 1755 1961 1811 habet

2070 1755 2244 1824 τρίτον
2276 1755 2373 1807 καὶ
2414 1754 2675 1817 πολλάκις
2711 1755 2961 1809 καίεσθαι
2989 1755 3249 1809 δύνασθαι
3292 1757 3645 1826 παρασκευά-

382 1863 530 1918 enim
574 1860 628 1915 in
660 1872 723 1915 se
751 1853 980 1909 multum
1023 1847 1485 1905 olei.lncenditur
1524 1857 1705 1901 autem
1744 1853 1957 1915 Sponte.

2070 1845 2180 1908 ζει,
2236 1845 2340 1899 κᾶν
2372 1845 2525 1898 ὕδατι
2572 1844 2746 1916 βραχῇ
2769 1863 2782 1876 ·
2815 1845 2928 1916 ἔχει
2972 1846 3080 1918 γὰρ
3110 1848 3166 1899 ἐν
3196 1846 3373 1915 ἑαυτῷ
3411 1846 3545 1899 πολὺ
3585 1846 3646 1900 τὸ

384 1955 511 2008 dum
541 1963 731 2021 magus
756 1946 911 2011 libat,
940 1941 1091 1997 focus
1123 1941 1323 1996 calcem
1352 1946 1559 1993 coctam
1621 1936 1824 1990 habens
1866 1950 1963 2004 pro

2070 1938 2274 1992 ἔλαιον·
2312 1914 2697 1991 ἀνάπτεται-δὲ
2731 1914 2800 1991 δι’
2837 1914 3024 2003 αὑτοῦ,
3048 1914 3147 1992 τοῦ
3185 1940 3361 2010 μάγου
3397 1939 3648 1992 σπεῦδον·

386 2045 572 2101 cinere
601 2051 655 2096 et
695 2039 819 2095 thus
847 2038 1113 2092 minutum
1159 2042 1214 2086 et
1251 2030 1529 2100 c0piosum
1578 2038 1633 2083 et
1666 2026 1962 2082 facularum

2070 2046 2155 2092 τος
2172 2029 2292 2100 ⁵⁸,ὴ
2320 2027 2528 2098 πυρά·⁷
2569 2028 2784 2083 τίτανον
2834 2029 3248 2101 ὑποκαιοξμένην
3297 2030 3497 2100 ἔχουσα
3523 2031 3643 2084 ἀντὶ

389 2139 736 2197 inunctarum
773 2127 1095 2184 fasciculum
1135 2122 1508 2195 gallarumque
1539 2133 1794 2175 cavarum
1821 2116 1965 2170 intus

2070 2120 2291 2183 σποδιάς
2330 2120 2423 2174 καὶ
2466 2118 2762 2174 λιϐανωτὸν
2801 2120 2998 2175 λεπτὸν
3048 2122 3142 2174 καὶ
3180 2122 3349 2175 πολὺν
3378 2121 3424 2155 ⁸⁸
3450 2160 3464 2175 .
3495 2160 3510 2175 .
3536 2163 3551 2176 .
3579 2159 3594 2173 .
3626 2161 3643 2178 .

388 2231 565 2300 ignem
599 2222 976 2279 absconditum
1020 2214 1356 2272 habentium.
1386 2212 1615 2268 Fumum
1657 2222 1837 2264 autem
1871 2223 1966 2263 ex-

389 2318 536 2373 halat
564 2332 631 2371 ex
676 2327 773 2369 ore
826 2326 923 2382 per
980 2305 1411 2377 complusculum
1470 2314 1699 2371 tempus,
1744 2315 1865 2355 cum
1912 2306 1966 2353 et

389 2412 567 2479 ignem
627 2404 811 2475 injecit
866 2402 921 2457 in
974 2398 1169 2470 gallam
1217 2405 1273 2450 et
1306 2405 1459 2463 stupa
1510 2390 1885 2448 circumvolvit
1912 2399 1969 2445 et

389 2497 592 2554 confiat
638 2496 690 2550 in
719 2509 837 2548 ore.
871 2489 1192 2547 Sindonium
1224 2495 1405 2542 autem
1451 2486 1596 2555 quod
1626 2483 1967 2554 superimpo-

391 2589 554 2643 situm
594 2593 679 2640 est
728 2581 893 2654 pelii,
948 2581 1002 2635 in
1045 2594 1155 2650 quo
1191 2577 1418 2648 imponit
1469 2588 1691 2644 prunas,
1751 2582 1970 2643 propter

392 2679 728 2750 suppositam
751 2689 947 2744 aquam
977 2674 1173 2729 salsam
1202 2685 1308 2726 non
1336 2666 1681 2733 adurebatur,
1704 2673 1758 2720 et
1793 2665 1967 2735 ipsum

390 2769 535 2825 enim
576 2777 694 2822 erat
717 2782 856 2836 aqua
899 2764 1042 2820 salsa
1072 2770 1230 2817 antea
1261 2760 1542 2822 infectum,
1576 2757 1771 2812 deinde
1805 2757 1967 2810 inun-

389 2874 537 2917 ctum
569 2860 693 2916 albo
713 2859 799 2915 ovi
825 2871 945 2913 cum
974 2855 1184 2926 liquido
1216 2850 1475 2907 alumine.
1512 2848 1571 2903 Si
1618 2849 1744 2918 quis
1783 2859 1965 2902 autem

390 2955 657 3025 liquorem
685 2946 1009 3020 sempervivi
1049 2945 1133 3000 his
1174 2958 1296 2998 cum
1335 2950 1491 2996 aceto
1519 2939 1889 3005 admiscuerit,
1915 2946 1969 2992 et

393 3043 661 3113 permulto
689 3052 930 3111 tempore
975 3046 1135 3092 antea
1174 3034 1369 3097 illinet,
1406 3033 1689 3087 inunctum
1724 3045 1821 3101 per
1854 3044 1970 3083 me-

393 3138 756 3191 dicamentum
794 3131 971 3200 ignem
998 3138 1222 3197 prorsus
1251 3137 1359 3177 non
1394 3121 1603 3191 recipit.

580 3248 592 3277 Ι

462 3322 555 3377 3i.
589 3319 880 3386 Postquam
926 3312 1091 3383 igitur
1136 3323 1461 3365 arcanarum
1497 3306 1725 3362 istormn
1773 3303 1970 3358 artium

396 3412 632 3469 breviter
687 3414 983 3479 potestates
1043 3399 1397 3471 exposuimus
1458 3396 1783 3465 facilemque
1828 3394 1969 3448 viam

393 3519 579 3560 eorum
638 3501 706 3556 ad
760 3494 1196 3567 cognoscendum
1232 3489 1577 3560 100-101
1616 3485 1972 3551 ostendimus,

395 3612 464 3654 ne
501 3598 605 3652 hoc
636 3594 859 3665 quidem
889 3591 1065 3645 visum
1122 3593 1207 3641 est
1249 3595 1448 3649 tacere,
1474 3582 1527 3635 id
1557 3580 1699 3650 quod
1733 3592 1973 3632 necessa-

398 3690 535 3744 rium
559 3695 662 3752 est,
692 3683 963 3755 quomodo
978 3678 1256 3735 solventes
1283 3673 1456 3744 sigilla
1488 3672 1697 3727 litteras
1723 3669 1979 3739 obsigna-

398 3791 483 3835 tas
509 3776 734 3846 integris
773 3772 970 3843 sigillis
1024 3769 1278 3826 reddant.
1329 3765 1512 3821 Picem
1563 3776 1620 3819 et
1659 3763 1891 3818 resinam
1922 3770 1980 3818 et

399 3864 579 3921 sulfur
628 3872 1001 3934 praetereaque
1041 3857 1347 3926 asphaltum
1378 3870 1444 3910 ex
1487 3853 1600 3925 pari
1633 3852 1979 3924 portioneli-

403 3953 790 4025 quefacientes,
840 3947 1054 4019 collyrii
1098 3946 1269 4017 ﬁgura
1315 3945 1615 3999 formantes
1645 3942 1975 3998 custodiunt.

400 4045 636 4115 Tempus
658 4051 838 4097 autem
887 4039 975 4095 ubi
1005 4049 1091 4095 est
1119 4036 1367 4093 solvendi
1412 4034 1699 4101 litterulas,
1737 4034 1978 4104 linguam

398 4135 519 4193 oleo
564 4136 947 4190 humectantes
984 4141 1040 4186 et
1080 4131 1338 4200 deinceps
1377 4128 1610 4196 sigillum
1657 4129 1978 4197 inungentes

399 4226 614 4284 modico
645 4225 753 4296 igni
790 4223 1174 4280 calefacientes
1222 4220 1676 4275 medicamentum
1735 4217 1979 4273 inferunt

396 4322 451 4376 in
500 4318 756 4390 sigillum,
793 4326 906 4370 tum
935 4317 1106 4369 donec
1148 4326 1374 4381 prorsus
1423 4311 1645 4378 riguerit
1675 4310 1885 4373 sinunt,
1920 4318 1976 4363 et

402 4413 507 4466 hoc
537 4410 712 4465 instar
743 4407 891 4461 anuli
946 4413 1195 4459 utuntur.
1224 4403 1419 4458 Dicunt
1474 4412 1654 4456 autem
1688 4403 1853 4455 etiam
1886 4414 1979 4455 ce-

404 4515 521 4554 ram
548 4511 672 4553 cum
713 4497 891 4552 resina
917 4495 1077 4565 pinea
1112 4492 1343 4548 similem
1377 4492 1483 4545 vim
1512 4492 1733 4555 habere,
1769 4499 1822 4544 et
1857 4504 1978 4543 ma-

2066 2212 2161 2265 καὶ
2208 2211 2401 2282 δᾳδίων
2435 2212 2812 2282 κεχρισμένων
2855 2212 3204 2284 αύτορρύτων
3220 2213 3264 2247 ⁸⁸
3316 2212 3554 2283 κηκίδων
3582 2229 3642 2265 τε

2067 2302 2240 2356 κενῶν
2269 2302 2420 2356 ἔνδον
2460 2303 2565 2374 πῦρ
2597 2302 2836 2374 ἐχουσῶν
2858 2319 2872 2333 θ
2903 2304 3109 2357 καπνὸν
3148 2303 3205 2357 δὲ
3232 2305 3296 2357 ἐκ
3329 2302 3423 2356 τοῦ
3449 2303 3645 2373 στόμα·

2066 2409 2157 2455 τος
2197 2392 2337 2445 ἀνίει
2376 2393 2700 2463 ὲγχρονίσας
2729 2391 2824 2445 καὶ
2851 2392 2965 2462 πῦρ
2991 2393 3173 2462 κηκῖδι
3189 2393 3235 2425 ⁸⁸
3268 2392 3520 2462 ἐμϐαλὼν
3553 2393 3643 2446 καὶ

2065 2484 2146 2552 τῷ
2187 2483 2427 2554 στυπείῳ
2467 2482 2891 2555 συμπεριϐαλὼν
2933 2484 3030 2537 καὶ
3076 2484 3267 2553 φυσῶν
3296 2487 3356 2538 ἐν
3399 2484 3477 2555 τῷ
3523 2485 3644 2538 στό-

2071 2590 2220 2644 ματι.
2257 2574 2331 2627 Τό
2363 2590 2427 2642 γε
2459 2574 2564 2645 μὴν
2591 2573 2973 2642 περικείμενον
3010 2577 3076 2645 τῇ
3119 2574 3323 2647 λεκάνῃ
3364 2574 3635 2637 σινδόνιον,

2066 2666 2152 2734 ἐφ’
2185 2664 2214 2718 δ
2247 2664 2426 2734 τίθησι
2483 2665 2610 2727 τοὺς
2650 2664 2962 2734 ἄνθρακας,
3000 2664 3090 2718 διὰ
3135 2665 3237 2736 τὴν
3281 2666 3639 2735 ὑποκειμένην

2069 2756 2249 2826 ἅλμην
2276 2756 2378 2809 οὐκ
2409 2755 2643 2819 ἐκαίετο,
2671 2755 2764 2808 καὶ
2788 2755 2919 2808 αὐτὸ
2944 2756 3000 2808 δὲ
3029 2750 3096 2827 ἦν
3129 2756 3277 2829 ἅλμῃ
3311 2756 3643 2826 προδεϐρεγ-

2072 2851 2233 2921 μένον
2253 2893 2266 2917 ,
2308 2846 2427 2904 εἶτα
2456 2850 2817 2921 κεχρισμένον
2856 2849 2965 2920 ᾠοῦ
3005 2850 3066 2904 τὸ
3099 2851 3291 2904 λευκὸν
3326 2851 3445 2922 μεθ’
3472 2852 3645 2923 ὑγρᾶς

2070 2936 2430 3011 στυπτηρίας.
2475 2941 2538 2993 Et
2567 2940 2623 2992 δὲ
2655 2941 2749 2993 καὶ
2788 2939 2948 3010 χυλὸν
2985 2938 3277 3005 ἀειζώου⁸ι
3324 2958 3410 3005 τις
3438 2940 3646 3005 τούτοις

2071 3034 2189 3105 μετ’
2225 3034 2380 3098 δξους
2409 3032 2681 3103 ὲπιμίξειε
2727 3033 2821 3085 καὶ
2848 3032 2955 3104 πρὸ
2989 3032 3186 3086 πολλοῦ
3227 3034 3432 3105 σφόδρα
3477 3050 3649 3089 κατα-

2068 3125 2258 3197 χρίσαι
2278 3125 2493 3197 χρόνου,
2523 3124 2695 3194 βαφὲν
2722 3125 2802 3196 τῷ
2828 3125 3105 3197 φαρμάκῳ
3129 3127 3338 3195 μένει⁵³
3368 3126 3646 3190 παντελῶς

1996 3254 2039 3312 C
2071 3219 2341 3273 ἄκαυστον

2147 3307 2243 3363 λδ’.
2299 3310 2453 3363 Ἐπεὶ
2485 3311 2581 3380 μὲν
2609 3306 2703 3363 οὖν
2740 3310 2848 3363 τῶν
2872 3310 2920 3342 ⁸⁸
2950 3309 3080 3382 παρ’
3114 3310 3291 3373 αὐτοῖς
3320 3310 3643 3381 ἀπορρήτων

2078 3400 2419 3472 μαθημάτων
2452 3401 2731 3472 συντόμως
2762 3402 2861 3465 τὰς
2889 3401 3145 3472 δυνάμεις
3168 3401 3460 3471 ἐξεθέμεθα
3490 3399 3647 3455 εὔκο-

2076 3494 2168 3545 λόν
2201 3509 2259 3546 τε
2293 3493 2392 3563 τ’ἡν
2426 3493 2645 3563 μέθοδον
2679 3491 2755 3564 [p.
2784 3492 2873 3546 70.
2908 3492 2999 3565 7i]
3051 3492 3230 3547 αὐτῶν
3256 3493 3303 3526 ⁵⁸
3336 3492 3477 3547 κατὰ
3502 3492 3646 3562 γνῶ-

2081 3599 2163 3637 σιν
2182 3585 2228 3616 ⁸⁵
2272 3584 2586 3654 ἐδείξαμεν,
2627 3584 2748 3639 οὐδὲ
2790 3584 2948 3638 τοῦτο
2983 3587 3194 3656 σιωπᾷν
3245 3583 3546 3655 βουλόμεθα
3588 3584 3649 3637 δν

2080 3674 2409 3742 ἀναγκαῖον,
2453 3673 2529 3737 ὡς
2571 3675 2869 3744 σφραγῖδας
2911 3674 3127 3739 λύοντες
3153 3675 3200 3708 ⁵⁸
3234 3676 3647 3746 ὲσφραγισμένα

2077 3766 2147 3819 τά
2194 3766 2500 3836 γράμματα
2549 3766 2737 3827 αὐταῖς
2775 3768 2899 3830 ταῖς
2952 3768 3245 3836 σφραγῖσιν
3294 3768 3642 3821 ἀποδιδόασι·

2075 3857 2277 3911 πίσσαν
2305 3858 2399 3911 καὶ
2428 3858 2653 3927 ῥητίνην
2676 3859 2770 3912 καὶ
2804 3857 2966 3923 θεῖον,
2994 3858 3074 3912 ἔτι
3103 3858 3159 3912 δὲ
3189 3859 3237 3891 ⁸⁷
3257 3858 3526 3927 ἄσφαλτον
3553 3854 3645 3912 ἶσα

2078 3944 2339 4016 τήξαντες
2401 3946 2685 4017 κολλυρίου
2705 3947 2751 3980 ⁵⁸
2804 3949 3041 4019 σχήματι
3093 3948 3398 4013 πλάσαντες
3449 3948 3649 4018 (pum:-

2075 4050 2267 4091 τουσι*
2316 4037 2508 4109 καιρὸς
2545 4037 2602 4091 δὲ
2641 4038 2769 4093 ὅταν
2877 4038 3025 4091 λύειν
3062 4039 3499 4109 γραμματίδιον,
3550 4040 3649 4108 τὴν

2074 4129 2330 4199 γλῶσσαν
2361 4128 2526 4199 ἐλαίῳ
2554 4129 2861 4194 δεύσαντες,
2904 4125 3024 4183 εἶτα
3060 4130 3120 4196 ἐξ
3144 4131 3314 4200 αὐτῆς
3346 4130 3444 4201 τὴν
3473 4148 3646 4200 σφρα-

2076 4216 2200 4284 γῖδα
2239 4215 2561 4286 χρίσαντες,
2611 4216 2746 4287 πυρὶ
2780 4217 3078 4289 συμμέτρῳ
3111 4216 3173 4270 τὸ
3209 4218 3496 4288 φάρμακον
3527 4219 3647 4287 θερ-

2080 4307 2348 4376 μάναντες
2380 4307 2700 4378 ἐπιφέρουσι
2722 4310 2789 4379 τῇ
2822 4309 3076 4380 σφραγῖδι
3101 4309 3192 4362 καὶ
3216 4309 3376 4378 μέχρι
3401 4308 3467 4361 ἂν
3495 4311 3642 4379 παγῇ

2077 4397 2357 4461 παντελῶς
2383 4397 2534 4460 ἐῶσι,
2563 4399 2657 4452 καὶ
2685 4398 2860 4470 τούτῳ
2882 4401 2927 4433 ⁸³
2952 4399 3107 4471 δίκην
3141 4400 3449 4469 σημάντρου
3480 4401 3649 4470 χρῶν-

2077 4509 2187 4547 ται.
2214 4493 2352 4545 Φασὶ
2379 4493 2435 4546 δὲ
2462 4492 2557 4545 καὶ
2581 4493 2742 4547 αὐτὸν
2776 4495 2945 4565 κηρδν
2973 4495 3109 4567 μετὰ
3139 4496 3396 4567 πευκίνης
3430 4496 3649 4567 ῥητίνης

399 4590 588 4646 stichae
620 4588 754 4642 duas
800 4596 983 4657 partes
1029 4600 1148 4640 cum
1182 4595 1336 4654 parte
1382 4583 1548 4637 aridae
1607 4581 1862 4651 asphalti.
1909 4580 1968 4636 Et

2079 4582 2139 4653 τδ
2189 4583 2569 4655 παραπλήσιον
2599 4584 2610 4655 1
2643 4589 2818 4641 ποιεῖν
2875 4587 2971 4640 καὶ
3031 4588 3301 4658 μαστίχης
3364 4588 3503 4659 μέρη
3559 4588 3651 4642 δύο

399 4680 577 4737 sull'ur
607 4688 788 4733 autem
833 4677 1007 4732 solum
1042 4674 1239 4731 sullieit
1268 4684 1322 4729 et
1366 4673 1518 4746 gypsi
1552 4688 1678 4726 vero
1715 4671 1813 4727 flos
1850 4689 1971 4728 cum

2088 4674 2226 4746 μετὰ
2250 4675 2421 4746 ξηρᾶς
2472 4676 2748 4745 ἀσφάλτου
2788 4678 3006 4751 μέρους.
3061 4678 3173 4732 Καὶ⁸
3216 4680 3359 4733 θεῖον
3401 4679 3457 4732 δὲ
3492 4680 3651 4749 μόνον

1694 4809 1930 4866 ΥΑΒΙᾹΞ
1958 4810 2363 4868 LECTIONES.

474 4953 519 4985 “
550 4951 939 5020 πομφόλυγγας
971 4949 1029 5005 C.
1129 4952 1171 4982 δι
1210 4945 1510 5020 ξέοντος

409 5023 556 5108 λίθος
594 5016 755 5108 bis-ip
787 5016 947 5075 Clin.
982 5020 1050 5074 15
1073 5035 1117 5074 r.
1146 5030 1197 5071 et
1221 5017 1355 5108 init.
1398 5016 1546 5108 lar.

408 5095 477 5165 ρὰ
505 5095 569 5146 tl.
648 5095 694 5125 ⁴³
721 5095 997 5145 Lacunam
1037 5105 1159 5143 esse
1204 5095 1326 5156 post
1369 5095 1535 5139 πολὺν
1570 5102 1612 5139 st

404 5181 535 5218 των.
589 5160 905 5232 αὐτορύτωγ
1064 5156 1315 5232 φορυτδνΔ
1349 5171 1497 5232 susp.
1543 5155 1612 5232 lli.

405 5232 516 5285 τῶν
539 5233 604 5298 C,
642 5228 773 5302 περὶ
825 5228 936 5282 τῶν
1086 5229 1131 5302 ⁸⁵

1613 4949 1657 4979 δ’
1695 4950 1942 5003 μυρσήνη
1988 4951 2048 5003 C.

1639 4950 1657 4979 '
1695 4950 1942 5019 μυροήνη
1988 4951 2048 5003 C.
2156 4952 2203 4983 "
2240 4951 2553 5021 ἰχθυοκόλας
2599 4950 2662 5005 C.
2754 4950 2801 4982 *δ
2841 4953 3182 5021 χρησάμενος
3227 4950 3295 5006 C.
3335 4950 3406 5002 Μ.
3507 4950 3553 4983 ⁸⁸
3580 4951 3655 5015 ὡς

1639 5018 1684 5049 ⁸⁸
1709 5019 2048 5090 σπεύδοντος.
2100 5023 2523 5085 συσκευάζοντος
2576 5036 2725 5087 susp.
2767 5020 2847 5081 Μ,
2882 5037 2948 5072 an
2983 5019 3339 5090 σπένδοντοςῖ
3445 5018 3491 5050 ’⁵⁷
3519 5039 3655 5090 πυρ-

648 5092 694 5125 *³
721 5091 997 5145 Lacunam
1037 5105 1159 5143 esse
1204 5095 1326 5156 post
1369 5085 1535 5139 πολὺν
1570 5102 1717 5155 susp.
1753 5087 1822 5155 Μ,
1848 5089 1900 5142 id
1927 5091 2066 5157 quod
2094 5093 2375 5145 confirmat
2421 5092 2556 5143 infra
2588 5090 2618 5144 Ι.
2652 5085 2740 5157 99,
2769 5092 2857 5143 uhi
2878 5090 2955 5158 τῷ
2989 5088 3243 5159 στυπείῳ.
3319 5091 3363 5121 δ’
3392 5085 3655 5162 αὐτορῤό-

648 5160 905 5212 ὶτοούτων
956 5158 1017 5212 C.
1064 5156 1299 5212 φορυτδν
1349 5171 1497 5212 sust).
1547 5155 1612 5209 Μ.
1727 5158 1772 5189 ⁵⁸
1829 5160 1995 5211 κικίδι
2041 5159 2103 5212 C.
2215 5160 2259 5191 ⁸¹
2293 5161 2379 5212 ἀεὶ
2426 5159 2564 5212 (dion
2600 5161 2661 5212 C.
2775 5161 2821 5191 ⁵⁸
2846 5165 2927 5212 An
2962 5158 3152 5212 μενεῖῖ
3255 5159 3302 5191 ⁸³
3326 5159 3455 5212 τῶν.
3509 5162 3655 5212 παρὰ

1829 5174 1995 5211 κικιοι
2041 5174 2103 5213 υ.

2156 4952 2203 4983 ⁵⁸
2240 4951 2553 5021 ἱχθυοκόλας
2599 4950 2662 5005 C.
2754 4950 2811 5021 *ᾗ
2841 4953 3182 5021 χρησάμενος
3227 4948 3295 5006 C.
3322 4948 3406 5021 ⁸Μ.

3507 4950 3553 4983 ⁸⁸
3580 4951 3655 5015 ὡς

2215 5160 2259 5191 ⁸¹
2293 5161 2379 5213 ἀεὶ
2426 5159 2564 5224 ζώου
2600 5161 2716 5230 (ἐκ
2775 5161 2821 5191 ⁵⁸
2846 5165 2927 5212 An
2961 5158 3152 5230 μενεῖῖ
3255 5159 3302 5191 ⁸³
3326 5159 3455 5212 τῶν.
3509 5158 3655 5230 παρὰ

1222 5224 1453 5301 μέθοδον
1496 5226 1694 5301 aperit}.
1748 5229 1875 5301 μετ’
1929 5230 2115 5292 αὐτοῖς
2158 5230 2232 5293 C,
2301 5230 2418 5301 μετ’
2458 5231 2637 5292 αἰτίας
2678 5229 2749 5284 Μ.
2778 5299 2802 5301 _
2826 5230 2876 5261 "
2903 5224 3063 5301 ,κάτά
3101 5228 3321 5301 γνῶσιν.
3368 5224 3656 5301 Ακατάγνωτ

408 5296 681 5381 σιν-(ΞΜ.
716 5296 729 5302 ’
756 5302 804 5333 ⁸⁸
832 5315 951 5381 sqq.
980 5297 1123 5381 [linit
1149 5298 1344 5381 (ιε-ιιοο
1378 5296 1494 5381 loco
1623 5296 1711 5350 Fr.
1748 5298 2086 5381 llermannus
2110 5300 2162 5353 in
2200 5296 2733 5381 S_upp|_._l\'unlt‘io_rum
2764 5299 3204 5381 Gottingensium
3236 5299 3400 5380 lﬂrud.
3429 5315 3486 5381 τι..
3521 5300 3658 5354 1852

407 5388 461 5440 p.
497 5373 601 5427 108
627 5386 773 5440 sqq.,
804 5365 894 5440 qui
928 5368 1152 5440 pulchre
1185 5365 1496 5440 observavit
1528 5368 1640 5440 [nec
1669 5375 1877 5440 sumpta
1906 5382 2025 5440 esse
2041 5385 2106 5422 ex
2132 5365 2326 5423 eodem
2354 5370 2493 5424 lihro
2524 5369 2689 5431 Celsi,
2718 5385 2824 5437 quo
2859 5365 3097 5440 respexit
3124 5367 3393 5440 Lucianus
3424 5369 3661 5424 Alexan-

406 5435 526 5505 dro,
555 5435 723 5513 quem
744 5435 836 5513 ille
863 5435 1099 5513 libellum
1133 5436 1412 5513 ipsi_Celso
1451 5437 1750 5513 dedicavit.
1775 5435 1849 5489 lbi
1870 5452 1935 5513 _c.
1963 5438 2037 5513 2f
2070 5453 2262 5513 sermo
2280 5449 2365 5513 est
2429 5442 2494 5513 de
2527 5435 2799 5513 magorum
2820 5440 3055 5513 _arti_hus
3086 5438 3137 5491 in
3178 5438 3677 5513 reclirdendiscpiy

406 5505 589 5574 stolis:
607 5528 670 5567 ex
701 5511 897 5579 quibus
916 5508 1042 5579 hac
1062 5508 1379 5579 appouintus
1408 5521 1424 5558 :
1459 5506 1688 5579 Ἕτερος
1707 5506 1762 5559 δὲ
1788 5505 1985 5579 τρόπος
2015 5508 2042 5559 ὁ
2064 5507 2263 5579 διατοῦ
2286 5508 2579 5578 λεγομένου
2610 5505 2915 5579 κολλυρίου,
2938 5508 3240 5560 Σκευαστὸν
3258 5508 3321 5579 ,δὲ
3341 5507 3497 5560 τοῦτό
3515 5505 3662 5561 ἐστιν

406 5574 993 5651 ὲκγπιττηςΒρεττίας
1023 5574 1432 5651 καὶέάσφάλτου
1450 5577 1561 5651 Δκαὶ
1591 5574 1740 5651 λίθου
1767 5574 1862 5651 τοῦ
1906 5576 2202 5651 διαφανοῦς
2236 5574 2600 5651 τετριμμένου
2632 5579 2727 5630 καὶ
2756 5574 2929 5647 κηροῦ
2976 5579 3073 5631 καὶ
3103 5577 3371 5651 μαστίχης
3552 5582 3661 5651 γὰρ

406 5650 613 5705 τούτων
646 5644 899 5705 ἁπάντων
931 5644 1249 5708 ἀναπλάσας
1269 5647 1331 5699 τὸ
1353 5645 1632 5716 κολλύριον
1659 5646 1750 5699 καὶ
1782 5644 2060 5717 θερμήνας
2084 5649 2237 5718 πυρὶ,
2271 5644 2451 5717 σιᾶλῴ
2479 5649 2576 5719 τὴν
2620 5666 2687 5716 σφ
2729 5644 2887 5715 αγῖδα
2933 5644 3253 5717 προχρίσας,
3274 5644 3523 5701 ἐπετίθει
3566 5644 3663 5701 καὶ

409 5720 695 5771 ἀπέματτε
715 5719 806 5771 τὸν
827 5716 1016 5770 τύπον,
1048 5715 1193 5770 Celsi
1229 5716 1399 5769 libros
1433 5718 1576 5771 ipsos
1605 5717 1788 5769 statim
1827 5729 2216 5771 commemorat
2244 5717 2537 5771 Lucianus.
2566 5720 2624 5771 ἐν
2646 5665 2726 5771 οἷς
2764 5719 2907 5771 κατὰ
2957 5717 3147 5771 μάγων
3186 5716 3493 5771 συνέγραψε
3525 5718 3659 5769 καλ-

409 5720 695 5787 άπέματτε
715 5719 806 5771 τὸν
827 5716 1023 5787 τύπον..
1048 5715 1193 5787 Celsi
1229 5716 1399 5787 libros
1433 5715 1576 5780 ipsas
1605 5717 1788 5787 statim
1827 5715 2216 5771 counnemorat
2244 5715 2542 5782 Lucianus,
2566 5720 2624 5771 ἐν
2646 5736 2674 5771 ο

2764 5719 2907 5772 κατὰ
2956 5716 3147 5787 μάγων
3186 5716 3493 5787 συνέγραψε
3518 5718 3659 5787 καλ-τ

412 5784 612 5851 λίστοις
641 5805 703 5839 τε
739 5788 853 5855 ἅμα
881 5784 977 5896 xeat
998 5784 1446 5865 ὠφελιμωτάτοις
1475 5786 1927 5854 συγγράμμασιν,
1972 5788 2297 5854 eosdemque
2334 5787 2598 5855 Origenes
2641 5804 2691 5843 c.
2728 5787 2870 5841 Cels.
2905 5784 3133 5867 l,'b'8,_p.
3170 5787 3294 5841 585.
3329 5784 3365 5841 Λ
3402 5784 3487 5844 ed.
3514 5785 3660 5840 lluwi

412 5859 555 5905 κατὰ
582 5856 809 5905 μαγείας
842 5853 1022 5905 Bulla.
1041 5852 1261 5905 πλείονα
1281 5854 1431 5905 dlCIl.
1502 5854 1548 5885 ³⁷
1570 5855 1686 5905 ἔστι
1715 5854 1771 5905 δὲ
1800 5853 1862 5905 C.
1937 5856 1983 5888 ⁸⁸
2020 5855 2304 5905 κολλῇοιον
2343 5857 2403 5905 (Σ.
2437 5856 2716 5905 κολλύριον
2759 5857 2829 5905 Μ.
2905 5858 2951 5889 ⁸³
2983 5873 3142 5905 τουτο
3174 5857 3234 5905 C.

412 5859 555 5910 κατὰ
581 5856 809 5927 μαγείας
841 5856 895 5925 βι

932 5853 1022 5905 λία
1041 5852 1261 5906 πλείονα
1281 5854 1431 5907 dicit.
1502 5854 1548 5885 ³⁷
1570 5852 1686 5906 ἔστι
1715 5854 1771 5905 δὲ
1800 5853 1862 5909 C.
1937 5856 1983 5888 ⁸⁸
2020 5852 2304 5929 κολλήριον
2343 5857 2404 5923 (Σ,
2436 5852 2716 5929 κολλύριον
2759 5857 2829 5911 Μ.
2905 5858 2951 5889 ⁸⁸
2983 5852 3142 5911 τοῦτο
3174 5857 3234 5913 C.
