4080 6406
401 398 542 460 3099

1531 398 1829 459 CONTRA
1866 396 2231 457 HIERESES
2269 400 2415 463 LIB.
2458 401 2560 462 1V.

3524 391 3668 460 3100

402 508 664 572 ιπιεικῶς
694 509 840 561 ποιεί¹
872 507 963 561 καῖ
1002 506 1176 575 γύψου
1210 506 1267 560 δὲ
1299 506 1457 570 άνθος
1486 507 1605 577 μεθ’
1635 508 1826 568 ὓδατος
1853 505 1981 558 διει-

2092 520 2228 574 aqua
2262 507 2572 574 percolatus
2595 514 2652 561 ct—
2670 505 2906 576 gummi;
2942 505 3045 560 hoc
3074 518 3200 559 vero
3229 504 3392 558 etiam
3421 502 3488 556 ad
3517 501 3669 557 obsi-

406 601 635 673 μένονω
665 602 759 653 καὶ
797 598 1053 669 κόμμεως
1073 599 1138 660 ⁸⁸.
1179 598 1338 651 τοῦτο
1390 599 1485 668 μὲν
1517 598 1581 669 δὴ
1626 598 1721 651 καὶ
1756 596 1892 666 πρὸς
1921 596 1981 648 τὸ

406 695 705 761 σφραγίσαι
753 689 1002 760 μόλιϐδον
1050 690 1314 758 τετηκότα
1351 690 1496 741 ποιεί
1538 687 1823 742 κάλλιστα.
1872 687 1981 740 Καὶ

405 782 466 835 τὸ
492 782 536 812 ⁶¹
574 780 660 834 διὰ
699 780 792 834 τοῦ
834 778 1181 850 Τυρρηνικοῦ
1216 779 1272 833 δὲ
1302 779 1475 849 κηροῦ
1510 781 1603 833 καὶ
1632 780 1857 850 ῥητίνης
1887 795 1983 849 φο·

410 872 612 942 ρυκτῆς
639 872 684 904 "
710 871 869 925 Ital“
897 871 1100 942 πίσσης
1121 871 1216 925 καὶ
1243 871 1519 939 ἀσφάλτου
1548 869 1697 941 [καὶ]
1714 870 1982 940 μαστίχης

408 965 502 1016 καὶ
532 963 680 1022 λείας
710 963 1005 1033 μαρμάρου
1027 1004 1041 1028 ,
1076 963 1208 1015 ἴσων
1235 962 1491 1015 ἁπάντων
1527 961 1807 1031 ἑψομένων
1825 1002 1839 1026 ,
1874 959 1982 1014 τῶν

410 1054 509 1122 μὲν
547 1053 720 1107 ἄλλων
755 1048 830 1107 ὧν
859 1055 995 1125 ἔφην
1038 1054 1153 1105 ἐστὶ
1194 1053 1292 1123 μὲν
1334 1053 1559 1123 βέλτιον,
1601 1052 1654 1105 τὸ
1683 1052 1737 1105 δὲ
1768 1051 1856 1104 διὰ
1882 1051 1982 1119 τῆς

407 1144 581 1212 γύψου
614 1146 714 1199 οὐκ
764 1144 1006 1198 ἔλαττον.
1044 1143 1228 1208 Οὕτως
1267 1143 1365 1213 μὲν
1413 1140 1505 1197 οὖν
1536 1145 1631 1196 καὶ
1677 1143 1774 1205 τὰς
1815 1158 1983 1212 σφρα-

404 1235 558 1303 γῖδας
587 1235 735 1289 λύειν
762 1234 1099 1305 ἐπιχειροῦσι
1128 1234 1197 1286 τὰ
1221 1234 1370 1287 ἔνδον
1396 1234 1759 1304 γεγραμμένα
1786 1232 1984 1304 μανθά-

405 1341 518 1378 νειν
561 1325 914 1397 πειρώμενοι.
951 1325 1165 1388 Ταύτας
1195 1325 1250 1378 δὲ
1276 1326 1320 1357 ⁸³
1353 1324 1560 1377 ὤκνουν
1596 1326 1696 1387 τὰς
1733 1323 1983 1396 μηχανὰς

406 1417 710 1484 κατατάξαι
739 1420 795 1471 ἐν
826 1421 893 1489 τῇ
925 1417 1114 1488 βίϐλῳ,
1147 1417 1349 1488 ἐνορῶν
1380 1418 1454 1488 μὴ
1485 1418 1613 1471 ποτέ
1640 1435 1723 1480 τις
1751 1416 1984 1487 κακοῦρ-

405 1522 503 1576 γος
547 1508 802 1579 ἀφορμὰς
849 1509 1031 1562 λαϐὼν
1073 1510 1444 1581 ὲπιχεφὴσευ
1484 1508 1577 1561 νῖν
1612 1508 1727 1579 δὲή
1774 1507 1983 1561 πολλῶν

404 1597 720 1668 δυναμένων
754 1597 996 1666 σωθῆναι
1026 1598 1163 1651 νέων
1191 1598 1411 1668 φροντὶς
1446 1597 1629 1650 ἔπεισε
1658 1596 1864 1661 διδάξαι
1890 1597 1984 1650 καὶ

406 1687 690 1755 προειπεῖν
730 1687 975 1756 φυλακῆς
1033 1687 1219 1740 ἕνεκεν
1247 1704 1260 1717 ·
1316 1686 1393 1751 ὡς
1440 1688 1546 1759 γὰρ
1591 1688 1856 1759 χρήσεταί
1901 1703 1984 1749 τις

405 1777 595 1839 αὑταῖς
628 1778 761 1849 πρὸς
793 1777 962 1831 κακοῦ
996 1778 1253 1848 μάθησιν,
1289 1778 1432 1831 οὕτω
1462 1795 1543 1840 τις
1572 1777 1757 1847 ἕτερος
1796 1775 1984 1847 μαθὼν

407 1861 722 1930 φυλάξεται,
760 1864 854 1917 καὶ
885 1865 1041 1918 αὐτοὶ
1071 1865 1128 1918 δὲ
1161 1866 1210 1917 οἱ
1241 1866 1332 1917 τοῦ
1359 1865 1474 1936 βίου
1513 1865 1787 1935 λυμεῶνες
1822 1866 1986 1935 μάγοι
2021 1859 2060 1913 Β

406 1954 854 2025 αίοχυνθήσονται
877 1959 944 2026 τῇ
976 1957 1142 2028 τέχνῃ
1175 1957 1468 2027 χρώμενοι.
1503 1957 1783 2020 Μαθόντες
1811 1957 1867 2010 δὲ
1892 1959 1984 2027 ἀφ’

405 2047 564 2117 ἡμῶν
596 2048 768 2102 ταῦτα
799 2048 1272 2121 προ[διδαχθέντα]
1291 2051 1336 2082 ⁸⁸
1366 2050 1855 2121 ὲμποδισθήσονται
1890 2068 1984 2103 τυ-

403 2138 502 2207 Χδν
553 2137 651 2207 τῆς
702 2138 979 2202 ἀπονοίας.
1030 2139 1149 2193 Ἵνα
1204 2140 1259 2193 δὲ
1305 2141 1380 2211 μὴ
1430 2140 1625 2210 λύηται
1662 2140 1835 2213 ταύτῃ
1853 2141 1896 2171 ⁸⁷
1952 2142 1985 2210 ἡ

408 2229 648 2301 σφραγὶς
666 2271 681 2296 ,
719 2230 884 2302 στέαρ
914 2226 1059 2285 ὕειον
1082 2232 1177 2285 καὶ⁹
1204 2233 1397 2303 τοίχοις
1422 2232 1501 2303 τῷ
1526 2232 1681 2305 κηρῷ
1708 2250 1795 2297 τις
1828 2233 1986 2303 μίξας

409 2322 781 2393 σφραγιζέτω.

476 2413 576 2468 λε’.
632 2413 770 2468 Ἀλλ’
809 2415 929 2469 οὐδὲ
969 2415 1068 2486 τὴν
1112 2415 1575 2487 λεκανομαντείαν
1605 2418 1787 2472 αὐτῶν
1820 2414 1986 2473 οὖσαν

406 2505 772 2578 πανούργημα
803 2509 1153 2579 σιωπήσομαι
1206 2509 1426 2580 Οἴκημα
1457 2512 1564 2581 γάρ
1586 2528 1638 2564 τι
1665 2511 1988 2583 κεκλεισμέ-

404 2614 496 2651 νον
533 2598 899 2664 σκευάσαντες
940 2600 1034 2652 καὶ
1081 2598 1159 2671 ip.
1208 2601 1445 2672 71—75]
1483 2602 1675 2671 κυανῴ
1726 2601 1819 2654 τὸν
1865 2602 1986 2674 ὅροι

403 2705 504 2757 φον
522 2690 569 2722 “
597 2689 884 2760 χρίσαντες
915 2692 993 2754 είς
1013 2686 1088 2762 ’δὴ
1123 2693 1167 2724 ⁸³
1205 2691 1268 2745 τὸ
1295 2692 1469 2763 παρὸν
1493 2693 1787 2761 ἐπάγονται
1817 2692 1984 2763 σκεύη

404 2780 526 2833 τινὰ
560 2783 761 2835 κυάνεα
801 2782 895 2835 καὶ⁹
933 2782 1311 2844 ἀνατείνουσι.
1346 2782 1487 2853 μέση
1519 2783 1576 2837 δὲ
1614 2784 1812 2853 λεκάνη
1844 2783 1987 2837 κατὰ

404 2871 506 2940 τῆς
539 2870 642 2939 γῆς
674 2868 864 2933 ὓδατος
892 2871 1064 2941 μεστὴ
1084 2870 1130 2903 ⁷⁹
1162 2871 1391 2940 τίθεται,
1419 2873 1452 2943 ἢ
1485 2872 1495 2944 |
1525 2872 1624 2944 τὴν
1654 2873 1989 2928 ἁντανάκλα-

409 2975 493 3012 σιν
520 2957 622 3027 τῆς
664 2958 864 3013 κυανοῦ
900 2958 1322 3030 προσπεσοῦσαν
1363 2961 1520 3032 δίκην
1557 2962 1789 3034 οὐρανοῦ
1820 2963 1987 3016 ἐνδεί-

408 3065 618 3103 κνυσιν.
654 3050 809 3120 Ἔχει
844 3050 901 3102 δὲ
938 3052 1032 3104 καὶ
1069 3051 1292 3122 στόμιόν
1319 3069 1371 3105 τι
1403 3054 1464 3106 τὸ
1498 3054 1692 3123 ἔδαφος
1724 3054 1982 3125 λεληθὸς,

398 3134 445 3210 ᾧ
470 3142 793 3213 ἐπικειμένη
819 3144 852 3212 ή
879 3142 1079 3214 λεκάνη
1119 3144 1211 3196 τὸν
1247 3145 1345 3214 μὲν
1373 3145 1623 3211 πυθμένα
1649 3146 1763 3216 ἔχει
1797 3146 1981 3212 ὑάλου,

405 3231 543 3302 αὑτὴ
571 3232 628 3285 δέ
655 3234 771 3286 ἐστι
804 3234 1031 3304 πετρίνη
1051 3234 1127 3297 ⁷⁸,
1161 3233 1412 3288 ὕπεστιτί
1444 3236 1500 3288 δὲ
1534 3230 1680 3301 οἵκος
1710 3236 1949 3307 λεληθὼς
1972 3280 1988 3305 ,

404 3325 482 3386 si;
511 3324 571 3377 ὃν
594 3325 1062 3395 συμπορευόμενοι
1085 3326 1134 3378 οί
1165 3329 1507 3396 συμπαϊκται
1537 3329 1794 3399 σχήματα
1825 3321 1900 3383 ὧν
1926 3328 1992 3382 ἂν

406 3409 665 3480 βούληται
698 3410 971 3465 δεικνύναι
996 3413 1025 3465 ό
1059 3413 1232 3482 μάγος
1257 3412 1396 3466 θεῶν
1422 3415 1517 3467 καὶ
1536 3415 1808 3485 δαιμόνων
1837 3418 1990 3471 ἐνδυ·

407 3500 632 3569 σάμενοι
660 3502 1016 3571 ἐμφαίνουσιν
1037 3542 1052 3564 ,
1087 3500 1181 3566 οὓς
1214 3502 1466 3573 καθορῶν
1497 3505 1525 3556 ό
1553 3502 1904 3575 πλανώμενος
1930 3504 1991 3557 τὺ

405 3591 775 3663 πανούργημα
815 3594 1210 3663 καταπέπληγε
1251 3594 1361 3647 τῶν
1417 3597 1641 3667 μάγων,
1673 3597 1768 3650 καὶ
1804 3597 1991 3651 λοιπὸν

407 3682 585 3736 πάντα
629 3683 874 3738 πιστεύει
901 3685 972 3738 τὰ
1011 3685 1104 3739 ὑπ’
1131 3685 1298 3741 αὐτοῦ
1334 3687 1704 3758 ῥηθησόμενα.
1749 3690 1991 3759 Δαίμονα

401 3773 459 3826 δὲ
483 3777 626 3827 ποιεῖ
659 3774 931 3839 καίεσθαι,
952 3777 1010 3828 ἐν
1037 3776 1205 3848 τοίχῳ
1226 3776 1576 3841 διατυπώσας
1602 3779 1790 3849 σχῆμα
1809 3780 1837 3833 ὃ
1863 3779 1989 3850 βούο

403 3863 579 3930 λεται,
610 3859 729 3917 εἶτα
762 3862 1039 3934 λαθραίως
1075 3866 1311 3936 ὲπιχρίει
1344 3868 1622 3939 φαρμάκῳ
1663 3869 1989 3941 μεμιγμένῳ

401 3951 539 4020 τῷδε
571 3952 651 4022 τῷ
690 3952 880 4023 τρόπῳ
903 3969 918 3985 °
947 3992 962 4008 .
990 3992 1006 4008 .
1034 3995 1048 4010 .
1078 3991 1091 4008 .
1123 3995 1138 4009 .
1172 3956 1479 4026 Λακωνικῷ
1501 3957 1550 3989 ⁷³
1589 3957 1684 4011 καὶ
1729 3958 1989 4030 ἀσφάλτῳ

406 4042 703 4113 Ζακυνθίσᾳ,
734 4039 852 4097 εἶτα
880 4046 954 4109 ῶς
984 4045 1366 4114 ἁποφοιϐάζων
1399 4047 1499 4119 τὴν
1525 4048 1784 4118 λαμπάδα
1818 4067 1987 4122 προσ-

404 4134 560 4207 φέρει
600 4135 678 4205 τῷ
710 4136 894 4207 τοίχῳ.
938 4138 1013 4191 Τὸ
1047 4139 1106 4191 δὲ
1159 4138 1454 4207 φάρμακον
1496 4140 1784 4213 ὲκλάμψαν
1830 4142 1986 4196 καίε-

401 4243 513 4282 ται.
554 4228 789 4301 Ἑκάτην
820 4231 877 4284 δὲ
906 4230 1085 4284 δοκεῖν
1117 4230 1365 4303 ἔμπυρον
1398 4232 1712 4304 διατρὲχειν
1762 4235 1821 4287 ἐν
1861 4235 1984 4306 ἀέρι

400 4314 544 4369 οὕτω
575 4318 932 4389 τεχνάζεται·
967 4321 1322 4392 συμπαίκτην
1360 4322 1483 4375 τινὰ
1508 4322 1721 4393 κρύψας
1749 4325 1806 4377 ὲν
1834 4325 1985 4397 τόπῳ

398 4400 444 4474 ᾧ
492 4408 774 4478 βούλεται,
817 4412 1151 4483 παραλαϐὼν
1199 4413 1324 4477 τοὺς
1367 4413 1757 4485 πλανωμένους
1804 4416 1981 4470 πείθει

2089 598 2357 667 gnandum
2398 597 2675 665 plumbum
2709 595 3058 665 liquefactum
3089 603 3307 663 praestat
3343 593 3569 663 optime.
3600 591 3667 646 Et

2090 689 2139 741 id
2172 689 2312 758 quod
2345 688 2400 742 tit
2430 704 2524 756 per
2557 686 2787 742 Tuscam
2819 702 2944 741 vero
2971 699 3150 740 ceram
3173 693 3226 739 et
3251 685 3665 739 adtnistam-re-

2089 780 2263 834 sinam
2293 789 2347 833 et
2394 779 2567 847 picem
2594 788 2649 833 et
2697 775 3001 846 asphaitnm
3040 783 3093 830 et
3136 774 3441 829 litastichen
3465 773 3658 827 etqui-

2091 880 2277 925 nutum
2325 886 2584 935 marmor,
2614 886 2737 925 cum
2772 883 2840 923 ex
2895 867 3008 937 pari
3051 866 3299 935 portione
3337 865 3516 918 omnia
3557 877 3663 918 co-

2088 972 2349 1033 quuntur,
2388 963 2611 1032 reliquis
2655 961 2905 1015 omnibus
2964 973 3083 1028 qua:
3130 956 3378 1011 dicebam
3430 954 3666 1009 medica-

2091 1054 2288 1108 mentis
2336 1061 2581 1122 prmstat,
2615 1052 2901 1122 pypsinum
2951 1056 3131 1102 autem
3168 1061 3288 1101 non:
3335 1044 3533 1099 minus.
3571 1042 3663 1097 Sic

2092 1143 2254 1213 igitur
2277 1151 2331 1196 et
2373 1140 2545 1213 sigilla
2586 1140 2795 1196 solvere
2827 1142 3116 1203 intentant,
3143 1152 3262 1207 quae
3289 1137 3433 1189 intus
3456 1135 3659 1201 scripta

2090 1244 2215 1289 suut
2242 1232 2453 1289 discere
2516 1242 2756 1288 aventes.
2817 1231 2922 1285 llas
2969 1242 3148 1285 autem
3198 1227 3514 1283 dubitabam
3552 1240 3669 1279 ma-

2091 1325 2280 1380 chinas
2326 1327 2566 1379 inserere
2607 1325 2657 1379 in
2702 1326 2843 1379 hunc
2898 1325 3113 1389 librum,
3163 1336 3361 1377 cavens
3402 1334 3470 1375 ne
3526 1318 3669 1373 forte

2092 1417 2213 1485 quis
2260 1415 2537 1470 maleficus
2585 1418 2700 1470 lucc
2766 1415 3034 1485 arriperet
3065 1425 3119 1467 et
3176 1420 3486 1480 usurparet.
3515 1409 3669 1465 Nunc

2092 1518 2270 1563 autem
2300 1507 2591 1577 reputanti,
2628 1517 2759 1577 quot
2787 1506 3015 1576 juvenes
3062 1505 3145 1560 his
3201 1502 3429 1574 proditis
3458 1499 3667 1556 servari

2093 1610 2337 1670 possent,
2371 1600 2657 1655 consilium
2712 1599 2814 1652 fuit
2878 1599 3074 1654 docere
3113 1606 3168 1652 et
3203 1595 3449 1664 prodere,
3482 1602 3542 1647 ut
3572 1606 3666 1647 ca-

2091 1690 2434 1748 vcrctnrJit
2471 1690 2613 1744 enim
2662 1688 2945 1757 nsurpabit
2979 1686 3251 1756 quispiam
3282 1685 3348 1738 ad
3397 1680 3668 1752 cognitio-

2095 1799 2215 1840 nem
2264 1782 2419 1848 mali,
2460 1782 2534 1836 ita
2585 1781 2728 1836 alius
2760 1780 2882 1850 quis
2913 1779 3003 1833 ubi
3058 1776 3309 1831 didicerit
3349 1773 3585 1835 cavebit,
3613 1781 3670 1828 et

2092 1874 2239 1944 ipsos
2260 1887 2388 1927 vero
2412 1871 2534 1925 vitae
2557 1870 2942 1940 depravatures
2968 1883 3152 1937 magos
3170 1864 3395 1936 pudebit
3420 1872 3537 1917 arte
3564 1877 3664 1917 sua

2095 1966 2192 2019 uti.
2237 1964 2339 2020 Ubi
2376 1972 2563 2017 autem
2605 1959 2897 2015 didicerint
2952 1960 3066 2014 haec
3117 1974 3145 2011 a
3198 1954 3353 2012 nobis
3414 1969 3673 2024 prmmon-

2094 2063 2287 2120 strata,
2320 2052 2550 2107 fortasse
2577 2051 3005 2121 prohibebuntur
3051 2063 3081 2103 a
3122 2046 3391 2103 dementia
3442 2062 3559 2101 sua.
3590 2045 3671 2100 Nc

2094 2160 2223 2200 vero
2254 2144 2493 2199 solvatur
2521 2144 2620 2197 hac
2653 2142 2862 2196 ratione
2889 2139 3148 2210 sigillum,
3194 2138 3415 2208 adipem
3444 2137 3662 2192 suillum

2094 2246 2150 2291 et
2175 2236 2354 2291 crines
2390 2248 2530 2290 cerae
2555 2232 2861 2289 admiscens
2893 2233 3175 2302 obsignct.

2165 2404 2256 2460 35.
2289 2402 2395 2459 Sed
2425 2415 2493 2457 ne
2518 2400 2962 2457 vaticinationem
3016 2398 3257 2468 quidem,
3301 2412 3419 2466 qum
3466 2396 3526 2451 fit
3574 2410 3673 2466 per

2095 2496 2312 2567 pelvim,
2337 2507 2458 2563 quae
2490 2502 2575 2549 est
2618 2508 2682 2547 ex
2719 2490 3001 2545 fraudilms
3030 2504 3242 2551 eorum,
3297 2488 3492 2543 silebo.
3526 2487 3670 2542 Con-

2092 2582 2246 2638 clave
2297 2580 2442 2635 enim
2503 2579 2747 2635 clausum
2816 2576 3165 2647 102-103
3219 2577 3552 2631 instruentes
3616 2584 3671 2631 et

2094 2686 2267 2743 cyano
2299 2670 2887 2739 lacnuarinungentes,
2915 2668 2968 2722 iu
3007 2676 3326 2737 praesentem
3369 2681 3523 2721 nsum
3574 2665 3672 2720 ad-

2095 2767 2314 2816 movent
2334 2758 2440 2813 sibi
2468 2758 2830 2812 instrumenta
2857 2757 3100 2824 quaadam
3154 2769 3358 2824 cyanea
3387 2765 3440 2808 et
3465 2753 3658 2808 sustol-

2095 2849 2435 2914 lunt,media
2488 2856 2670 2902 autem
2698 2846 2867 2916 pelvis
2912 2845 3067 2915 plena
3109 2860 3263 2914 aqua:
3297 2845 3587 2914 deponitur
3615 2844 3670 2899 in

2097 2946 2264 3003 terra,
2319 2950 2439 3007 quae
2497 2936 2845 2991 reﬂexionem
2895 2935 3054 3003 cyani
3116 2934 3447 2990 incidentem
3493 2936 3667 2991 instar

2094 3026 2215 3082 caeli
2253 3026 2449 3081 reddit.
2488 3024 2662 3080 Habet
2705 3036 2887 3079 autem
2917 3025 3080 3080 etiam
3129 3034 3441 3093 aperturum
3473 3040 3671 3095 quam-

2093 3115 2216 3170 dam
2241 3115 2497 3170 latentem
2535 3113 2927 3183 pavimentum,
2956 3113 3045 3167 cui
3072 3113 3321 3182 imposita
3350 3112 3521 3184 pelvis
3547 3113 3672 3170 fun-

2016 3207 2060 3264 C
2094 3208 2220 3262 dum
2260 3207 2424 3262 habet
2452 3206 2601 3270 vitri,
2630 3206 2757 3258 dum
2815 3204 2931 3273 ipsa
2964 3214 3046 3259 est
3078 3203 3322 3272 lapidea;
3371 3207 3553 3260 subest
3575 3221 3673 3260 au-

2097 3311 2202 3354 tem
2232 3296 2487 3352 conclave
2533 3296 2883 3359 delitescens,
2919 3296 2972 3350 in
3017 3297 3161 3364 quod
3208 3297 3524 3367 congregati
3562 3298 3672 3353 col-

2094 3390 2306 3445 lusores
2329 3390 2529 3458 figuras
2558 3403 2789 3460 quorum
2818 3388 2959 3444 volet
3002 3390 3289 3444 ostendere
3324 3400 3512 3457 magus
3544 3390 3675 3443 deo-

2092 3497 2212 3537 rum
2245 3483 2658 3550 damonumqne
2711 3480 2881 3535 induti
2926 3479 3240 3547 ostendunt,
3276 3481 3475 3549 quibus
3525 3494 3672 3535 con-

2092 3575 2294 3646 spectis
2319 3574 2387 3637 is,
2418 3574 2506 3629 cui
2554 3573 2872 3645 imponitur,
2907 3576 2974 3629 ad
3023 3572 3239 3629 fraudes
3264 3589 3543 3644 magorum
3575 3574 3672 3629 ob-

2089 3665 2310 3736 stupellt
2335 3676 2389 3720 et
2417 3664 2618 3720 deinde
2640 3664 2894 3719 onmibus
2916 3662 3072 3719 (idem
3098 3664 3283 3729 habet,
3316 3678 3441 3731 qua:
3472 3664 3542 3719 ab
3578 3664 3676 3719 illo

2091 3758 2361 3813 dicentur.
2421 3754 2739 3811 Damonem
2775 3766 2958 3811 autem
3012 3755 3147 3810 facit
3178 3754 3410 3824 ﬂagrare
3443 3754 3576 3827 igni,
3613 3756 3668 3811 in

2092 3848 2299 3917 pariete
2329 3846 2608 3904 deliueans
2640 3846 2881 3916 speciem
2909 3860 3068 3914 quam
3101 3844 3264 3910 volet,
3303 3846 3498 3901 deinde
3531 3845 3671 3901 clam

2091 3938 2304 4007 innugit
2341 3939 2736 3993 medicamento
2790 3939 2950 3993 misto
2990 3939 3042 3992 in
3071 3936 3216 3993 hunc
3249 3938 3539 3993 modum...
3562 3936 3670 3992 La-

2091 4029 2282 4083 conico
2306 4037 2361 4084 et
2384 4028 2635 4099 asphalto
2659 4028 2957 4102 Zacynthia
2981 4046 2996 4093 ;
3038 4029 3234 4084 deinde
3265 4039 3523 4099 tanquam
3546 4030 3668 4085 iliu-

2089 4129 2272 4174 strans
2316 4119 2572 4174 admovet
2630 4118 2800 4175 facem
2838 4118 3051 4188 parieti,
3095 4118 3549 4174 ntedicamentum
3578 4135 3670 4175 au-

2091 4217 2197 4264 tem
2228 4207 2488 4278 effulgens
2512 4208 2843 4264 incenditur.
2864 4208 3065 4263 Hecate
3100 4218 3279 4262 autem
3318 4218 3378 4264 ut
3411 4209 3661 4264 videatur

2088 4299 2252 4371 ignita
2293 4314 2613 4370 percurrere
2639 4315 2819 4356 aerem
2865 4302 2967 4359 hoc
3013 4302 3246 4358 artificio
3296 4300 3608 4369 assequitur
3645 4317 3662 4353 :

2087 4392 2424 4448 Collusorem
2464 4392 2697 4462 aliquem
2753 4409 2876 4449 cum
2920 4394 3263 4451 abscondidit
3295 4393 3348 4449 in
3380 4393 3523 4459 loco,
3556 4409 3670 4464 quo

399 4500 574 4569 λέγων
604 4501 794 4567 δείξειν
826 4504 1218 4559 διιππεύουσαν
1242 4506 1289 4537 ⁷⁵
1319 4506 1387 4560 δι’
1423 4483 1585 4579 ἀέρος
1608 4508 1853 4580 ἔμπυρον
1882 4507 1980 4579 τὴν

2089 4483 2265 4552 libuit,
2329 4493 2521 4540 nactus
2577 4485 2776 4556 quibus
2840 4486 3080 4557 imponat
3131 4488 3339 4542 inducit
3390 4485 3666 4556 professus

398 4590 649 4661 δαίμονα,
700 4588 782 4656 οἷς
815 4596 1187 4665 παραγγέλλει
1218 4596 1318 4660 τὰς
1349 4598 1501 4668 ὄψεις
1537 4600 1673 4670 ταχυ
1709 4600 1980 4669 φυλάσσε-

401 4678 527 4733 σθαι
555 4680 719 4750 ἡνίκα
746 4682 930 4735 ἴδωσιν
951 4684 1010 4736 ἐν
1040 4685 1163 4755 ἀέρι
1204 4686 1301 4753 τὴν
1334 4686 1506 4755 φλόγα
1524 4726 1537 4750 ,
1566 4688 1984 4760 καλυψαμένους

398 4786 457 4822 τε
506 4771 600 4827 ἐπὶ
636 4773 928 4842 πρόσωπον
967 4774 1192 4829 πίπτειν
1213 4815 1228 4840 ,
1282 4778 1387 4841 ἕως
1424 4778 1586 4841 αὐτὸς
1618 4780 1756 4852 καλῇ
1778 4784 1824 4815 ⁷⁵
1844 4822 1857 4845 ,
1888 4784 1982 4837 καὶ

396 4863 571 4916 ταύτα
614 4864 830 4930 διδάξας
890 4868 950 4919 ἐν
1005 4867 1252 4938 ἀσελήνῳ
1291 4869 1447 4922 νυκτὶ
1501 4868 1567 4921 δι’
1609 4871 1757 4923 ἐπῶν
1808 4871 1983 4936 οὕτως

397 4954 692 5025 φθέγγεται
710 4972 723 4986 ⁸

427 5132 713 5203 Νρρτερίη
734 5136 944 5204 χθονίη
975 5152 1034 5188 τε
1059 5136 1155 5189 καὶ
1196 5140 1448 5206 οὐρανίη
1464 5140 1619 5208 μαίὲ
1660 5142 1864 5211 Βομὸὼ
1879 5142 1950 5207 ⁷⁸,

2086 4590 2208 4632 sese
2235 4585 2663 4631 monstraturum
2712 4581 3050 4648 equitantem
3084 4597 3179 4651 per
3213 4594 3394 4638 aerem
3438 4579 3662 4650 ignitam

2089 4666 2411 4732 daemonem,
2454 4682 2592 4737 quos
2645 4669 2963 4726 cohortatur
3012 4673 3080 4728 ad
3131 4674 3319 4727 oculos
3374 4669 3664 4727 confestim

2087 4758 2494 4825 custodiendos,
2522 4760 2646 4814 dum
2675 4773 2902 4816 cernant
2926 4763 2978 4816 in
3003 4778 3129 4819 aere
3155 4765 3451 4826 namnam,
3499 4770 3665 4830 utque

2088 4848 2345 4903 obvoluto
2382 4849 2527 4903 vultu
2561 4850 2613 4905 in
2640 4865 2703 4907 os
2734 4853 3112 4921 procumbunt,
3146 4853 3316 4909 donec
3343 4852 3459 4923 ipse
3487 4860 3660 4915 vocet,

2087 4949 2142 4995 et
2203 4941 2318 4996 hate
2360 4956 2643 5013 postquam
2690 4945 2927 5009 edocuit,
2983 4948 3033 5000 in
3078 4946 3309 5000 obscura
3363 4952 3520 4999 nocte
3569 4956 3665 5013 per

2084 5046 2274 5087 versus
2317 5033 2386 5086 ita
2422 5034 2610 5089 fatur:

2084 5140 2374 5212 [hiemalis
2406 5156 2709 5218 terrenaque
2742 5158 2789 5202 et
2822 5147 3063 5214 (telas-tis,
3098 5150 3226 5211 reui,
3259 5148 3478 5215 Bombo,

1683 5297 1914 5352 νΑιιιΑς
1953 5296 2361 5356 LECTIONES.

464 5384 509 5415 '°
534 5383 805 5451 διειμένον
839 5386 901 5440 C.
981 5388 1022 5418 ⁶¹
1052 5388 1327 5472 κόμμεως.
1368 5392 1628 5461 κόμμεως
1657 5392 1732 5456 ὡς
1766 5394 1830 5448 C.
1865 5394 1932 5447 M.
2011 5395 2057 5427 ⁶⁹
2090 5393 2151 5446 τὸ
2177 5413 2286 5450 οιιι.
2322 5396 2384 5457 (ἶ,
2417 5396 2484 5450 Μ.
2562 5398 2607 5429 ⁸³
2628 5397 2921 5466 φορυκτῖς.
2960 5396 3196 5467 φρικτῆς
3219 5396 3282 5465 C,
3309 5398 3554 5469 φρυκτῆς
3587 5396 3653 5450 Μ.

464 5453 558 5506 καὶ
612 5454 734 5507 add.
769 5454 839 5508 Μ.
916 5457 962 5487 ’⁸
993 5458 1207 5518 Ταύτας
1229 5460 1275 5511 δ’
1315 5464 1418 5515 οὐκ
1443 5461 1508 5515 ἂν
1547 5493 1614 5503 -
1642 5464 2009 5518 κατατάξαιεν
2039 5466 2104 5518 τῆ
2146 5464 2312 5518 εξελω
2341 5467 2403 5518 C.
2483 5467 2528 5498 '°
2556 5440 2980 5518 ποοδιδανθίντα
3034 5481 3140 5518 προ
3169 5506 3181 5518 .
3227 5509 3239 5518 .
3283 5509 3297 5518 .
3327 5506 3340 5518 .
3386 5505 3400 5518 .
3439 5507 3452 5518 .
3493 5505 3508 5518 .
3549 5505 3559 5518 .
3594 5470 3653 5518 (Ζ.

396 5452 444 5533 ’ἦ
464 5453 586 5533 καὶΔ
612 5454 734 5533 add.
769 5454 839 5508 Μ.
916 5457 962 5487 ’⁸
993 5452 1207 5533 Ταύτας
1229 5460 1275 5511 δ’
1293 5452 1418 5515 ὀύκ
1440 5452 1508 5515 ἂν
1547 5452 1622 5533 έ-”
1642 5452 2009 5533 κατατάξαιεν
2039 5466 2104 5533 τῇ

396 5521 738 5621 mare
771 5527 1254 5621 examen
1290 5544 1339 5621 ει-
1381 5532 1807 5621 «seca-mam:
1844 5520 1994 5621 ξῖιςρυ
2032 5520 2104 5587 δεῖ
2144 5520 2452 5621 ’.⁸⁷,ῖέαέῖηε
2503 5520 2643 5621 ςιδέη

2144 5440 2286 5450 ,
2328 5440 2384 5457 ν,
2628 5440 2851 5466 τ-,.,..-.
2875 5440 2921 5458 ν.
2963 5440 3194 5467 wn--.”
3223 5440 3282 5465 ν,
3312 5440 3551 5469 ,τηαν

2144 5464 2312 5537 βίϐλῳ
2341 5467 2403 5537 (3.
2483 5440 2980 5537 ⁸τίδέιιιροδιδοιχθίντα
3034 5481 3140 5536 προ
3169 5506 3181 5519 .
3227 5509 3239 5523 .
3283 5509 3297 5523 .
3327 5506 3340 5519 .
3386 5505 3400 5520 .
3439 5507 3452 5520 .
3493 5505 3508 5521 .
3549 5505 3559 5519 .
3594 5470 3656 5530 (Σ,

2952 5538 2995 5567 ⁸⁸
3026 5538 3305 5590 κύανωτὸν
3350 5537 3544 5606 ὄροφον
3592 5539 3652 5590 (ἶ.

394 5589 559 5678 δήί
594 5591 650 5678 ξδ
697 5592 759 5656 C.
899 5589 910 5596 ’
1013 5589 1208 5678 μὲξτῄ.
1244 5599 1383 5678 μέσῃ
1408 5589 1471 5657 C.
1514 5589 1743 5678 “961:1
1758 5604 1813 5655 δὲ
1846 5589 1965 5678 έστῖ
1986 5603 2214 5678 -πρηνῆς
2240 5608 2324 5678 C._
2342 5589 2911 5678 ΪνύπέστῃξΟξΜηη
2932 5605 3080 5678 gnte
3109 5589 3655 5678 Aaxcovtattlpaliquut

392 5661 897 5748 forabuiaOIIIissa
932 5661 1026 5746 M.'
1081 5666 1126 5748 ξδ
1154 5661 1630 5748 διιᾷπεύουσανὲϐ.
1698 5661 1745 5704 ⁷’⁸
1768 5661 2058 5748 καλεῖ-(λ’
2104 5661 2149 5708 θ’
2173 5661 2372 5728 Ὲανϐὼ
2420 5690 2569 5745 susp.
2603 5661 2672 5739 Μ,
2707 5661 2895 5746 ῥόμϐῳ
2929 5672 3187 5745 Bergkius
3229 5675 3293 5731 Ρ.
3316 5661 3468 5748 L.'p.
3501 5661 3653 5741 ιόζῑν.

391 5730 486 5801 qui
525 5732 626 5789 hoc
659 5747 879 5792 carmen
914 5737 1169 5806 Opinatur
1193 5737 1481 5799 Theocrito
1502 5745 1779 5800 obversari
1809 5743 1871 5810 ll,
1909 5745 1991 5799 15.
