4080 6404
413 334 548 399 3107

1532 334 1829 396 CONTRA
1868 339 2233 400 HERESES
2269 341 2416 401 LIB.
2457 341 2556 400 IV.

3542 335 3687 398 3108

418 440 599 497 καὶτὸ
631 440 761 512 πῦρ,
788 440 881 495 καί
908 438 1150 493 καλεῖται
1174 439 1329 494 τοῦτο
1351 441 1411 494 τὸ
1443 442 1801 513 ἡμισφαίριον
1832 443 1876 477 ³³
1899 443 1997 508 τῆς

2109 443 2363 511 pham-ium
2405 442 2650 496 mouadis
2676 442 3086 512 bcnellcumque
3121 452 3177 497 et
3203 457 3417 497 sursum
3451 456 3690 511 vergens

424 533 647 607 μονάδος
684 534 1014 603 ἀγαθοποιόν
1065 552 1127 588 τε
1163 535 1257 588 καὶ.
1310 534 1589 607 ἀνωφερὲς
1635 536 1728 588 καὶ
1774 536 1995 607 ἀρσενι-

422 626 516 682 κῦν
544 641 560 657 ο
588 626 930 696 λεπτομερὴς
968 625 1078 696 γὰρ
1111 621 1304 697 οὖσαή
1353 626 1523 697 μονὰς
1565 628 1794 679 ποτᾶται
1831 628 1909 689 εἰς
1937 626 1998 678 τὸ

420 716 750 771 λεπτότατον
809 717 977 787 μέρος
1011 718 1102 770 καὶ
1143 717 1531 789 καθαρώτατον
1585 718 1677 771 τοῦ
1738 718 1995 790 αἰθέροςο

422 809 492 862 τά
516 824 573 861 τε
602 807 738 861 ἄλλα
765 807 858 861 δύο
879 812 1114 879 στοιχεῖα
1135 808 1267 864 ὄντα
1296 809 1581 880 παχύτερα
1603 810 1900 880 ἀπένειμεν
1932 813 1996 881 τῇ
2033 812 2045 857 ‘.

422 899 596 965 δυάδι,
637 899 742 969 γῆν
798 915 857 951 τε
897 899 992 953 καὶ
1048 898 1213 971 ὕδωρ,
1272 900 1365 953 καὶ
1417 900 1661 954 καλεῖται
1731 901 1890 954 τοῦτο
1940 900 1999 953 τὸ

424 990 785 1061 ἡμισφαίριον
818 990 1137 1062 κατωφερὲς
1165 989 1400 1062 θηλυκόν
1441 1008 1499 1044 τε
1536 992 1631 1046 καὶ
1656 993 1953 1046 κακοποιόν
1982 1011 1994 1026 ·

424 1081 518 1136 καὶ
548 1080 688 1134 αὐτὰ
732 1081 790 1134 δὲ
840 1080 1005 1134 πάλιν
1058 1080 1130 1134 τὰ
1165 1082 1278 1136 ἄνω
1327 1081 1422 1134 δύο
1474 1085 1713 1152 στοιχεῖα
1769 1084 1986 1147 ὲαυτοτς

425 1171 833 1241 συγκρινόμενα
875 1171 1089 1241 ἔχουσιν
1134 1172 1194 1223 ἐν
1232 1172 1445 1234 ἑαυτοῖς
1493 1172 1554 1225 τὸ
1603 1172 1771 1243 ἄρρεν
1817 1174 1911 1227 καί
1939 1174 2000 1226 τὸ

424 1262 562 1332 θῆλυ
597 1261 730 1332 πρὸς
771 1262 1080 1332 εὐκαρπίαν
1137 1261 1232 1315 καὶ
1276 1260 1505 1333 αὔξησιν
1557 1264 1667 1316 τῶν
1696 1263 1854 1318 ὅλων.
1888 1264 2000 1318 Καὶ

424 1353 485 1407 τὸ
541 1353 640 1422 μὲν
690 1353 801 1423 πῦρ
851 1354 1019 1424 ἄρρεν
1096 1352 1241 1417 ἐστὶ,
1303 1353 1364 1405 τὺ
1420 1353 1476 1406 δὲ
1545 1353 1763 1424 πνεῦμα
1820 1354 1997 1423 θῆλυο

426 1445 521 1497 καὶ
552 1443 716 1497 πάλιν
742 1444 803 1496 τὸ
831 1443 978 1514 ὕδωρ
1018 1443 1187 1514 ἄρρεν
1209 1445 1378 1508 ἐστὶν,
1419 1447 1452 1515 ἠ
1501 1445 1557 1498 δὲ
1593 1446 1665 1516 γῆ
1701 1445 1860 1516 θῆλυ.
1891 1446 2001 1499 Καὶ

425 1532 599 1597 οὕτως
634 1536 725 1587 ἀπ’
756 1535 930 1604 ἀρχῆς
962 1534 1254 1587 συνεδίωσε
1280 1533 1341 1586 τὸ
1362 1535 1473 1606 πῦρ
1499 1534 1576 1607 τῷ
1609 1536 1903 1605 πνεύματι,
1930 1538 1997 1606 τῇ

424 1624 482 1677 δὲ
519 1626 587 1694 γῇ
625 1624 685 1677 τὸ
718 1623 883 1695 ὕδωρ.
921 1625 1134 1696 Ὥσπερ
1166 1625 1276 1694 γὰρ
1304 1626 1532 1698 δύναμις
1560 1626 1654 1681 τοῦ
1685 1627 2001 1698 πνεύματος

425 1715 545 1768 ἐπὶ
579 1716 641 1769 τὸ
683 1716 818 1785 πῦρ,
875 1717 1048 1781 οὕτως
1077 1719 1303 1789 καὶτῆς
1354 1720 1459 1789 γῆς
1490 1720 1552 1773 τὸ
1600 1721 1744 1792 ὕδωρ
1771 1722 1836 1776 ³³.
1874 1759 1889 1774 .
1928 1762 1941 1775 .
1983 1762 1997 1777 .

2105 540 2159 585 et
2188 532 2547 586 masculinum
2578 549 2592 597 ;
2632 546 2753 586 cum
2786 531 2932 586 enim
2969 533 3115 587 tenui
3150 541 3345 587 natura
3375 532 3445 588 sit
3471 548 3681 598 monas.

2104 622 2326 677 effertur
2356 623 2406 676 in
2436 623 2807 677 tenuissimam
2831 630 2886 677 et
2906 623 3252 692 purissimam
3281 631 3492 695 partem
3518 623 3684 679 aatbe-

2107 716 2179 769 ris
2206 732 2220 778 ;
2280 715 2594 785 reliquaque
2625 714 2732 769 duo
2774 713 3068 780 elementa,
3094 730 3213 783 qua:
3246 726 3374 770 sunt
3406 714 3682 780 densiora,

2106 806 2354 860 attribuit
2403 807 2603 878 dyadi:
2648 813 2964 874 terramque
2996 813 3052 860 et
3098 820 3320 875 aquam,
3359 815 3415 859 et
3460 815 3685 862 vocatur

2112 896 2214 951 boc
2252 896 2690 966 hemisphaerium
2723 896 2976 951 deorsum
3006 910 3234 966 vergens
3278 894 3685 964 femineumque

2104 996 2161 1043 et
2211 987 2537 1042 maleficum.
2583 988 2649 1041 Et
2678 988 2793 1059 ipsa
2835 1001 2965 1042 vero
3014 1002 3204 1041 rursus
3249 987 3531 1055 superiora
3578 987 3687 1043 duo

2104 1079 2372 1134 elementa
2392 1079 2535 1135 inter
2562 1093 2620 1133 se
2644 1088 2957 1148 comparata
2988 1078 3189 1132 habent
3217 1079 3268 1131 in
3302 1091 3362 1131 se
3388 1076 3684 1131 masculum

2105 1180 2157 1223 ct
2192 1168 2483 1224 femineum
2519 1170 2584 1225 ad
2618 1170 2955 1226 fertilitatem
2991 1178 3045 1223 et
3087 1170 3421 1224 incrementa
3457 1169 3686 1222 univer-

2106 1275 2313 1315 sornm.
2353 1260 2417 1315 Et
2450 1261 2590 1332 ignis
2618 1262 2835 1332 quidem
2871 1260 3167 1316 masculum
3202 1269 3306 1325 est,
3340 1259 3561 1330 spiritus
3592 1274 3689 1314 au-

2114 1356 2211 1404 tun
2247 1352 2561 1419 femineum,
2590 1365 2643 1409 et
2672 1370 2862 1408 rursus
2895 1368 3033 1424 aqua
3065 1352 3363 1407 masculum
3392 1361 3497 1415 est,
3542 1362 3684 1407 terra

2108 1455 2286 1497 autem
2323 1443 2643 1499 femineum.
2681 1446 2743 1499 Et
2773 1446 2844 1499 ita
2881 1459 2911 1499 a
2938 1443 3206 1513 principio
3230 1442 3510 1497 consuevit
3542 1441 3685 1511 ignis

2106 1553 2228 1592 cum
2259 1537 2477 1605 spiritu,
2534 1552 2656 1592 cum
2700 1547 2845 1590 terra
2897 1546 3075 1591 autem
3124 1550 3289 1605 aqua.
3326 1533 3495 1590 Sicuti
3539 1534 3685 1589 enim

2106 1627 2345 1697 potentia
2378 1627 2605 1695 spiritus
2631 1637 2716 1681 est
2745 1626 2907 1697 ignis,
2950 1626 3021 1679 ita
3051 1625 3216 1680 etiam
3246 1633 3402 1679 terra:
3428 1639 3685 1694 aqua.....

2107 1717 2176 1773 Et
2202 1719 2317 1789 ipsa
2349 1732 2481 1773 vero
2510 1717 2776 1772 elementa
2808 1725 3120 1787 computata
3151 1728 3205 1772 et
3241 1717 3412 1772 divisa
3453 1732 3519 1771 ex
3553 1721 3685 1772 sub-

428 1808 522 1863 καὶ
553 1809 691 1863 αὐτὰ
715 1809 772 1862 δὲ
818 1813 886 1863 τὰ
919 1812 1160 1880 στοιχεῖα
1189 1810 1533 1880 ψηφιζόμενα
1574 1816 1667 1866 καὶ
1699 1812 2001 1883 ἀναλυόμε-

2117 1810 2377 1864 tractione
2426 1809 2729 1864 enneadum
2782 1808 3038 1864 desinunt
3090 1807 3312 1878 pr0pric
3363 1809 3564 1877 partim
3633 1809 3689 1863 in

428 1917 494 1953 να
525 1900 571 1931 ³³
622 1900 744 1952 καθ’
785 1901 1077 1969 ὑφαίρεσιν
1120 1902 1356 1954 ἑννὰδων
1386 1901 1430 1933 ³⁸
1492 1903 1647 1971 λήγει
1696 1904 1935 1968 οἰκείως,
1968 1902 2004 1957 ἃ

432 1991 532 2062 μὲν
583 1994 663 2054 είς
690 1992 737 2023 ³⁸
769 1992 860 2044 τὸν
891 1991 1180 2063 ἀρρενικὸν
1210 1991 1463 2063 ἀριθμὸν,
1499 1993 1537 2047 ἃ
1563 1993 1619 2046 δὲ
1651 1995 1731 2057 είς
1776 1993 1868 2046 τὸν
1904 1993 2004 2064 θη·

428 2081 592 2134 λυκὸν
622 2081 688 2115 ³³·
713 2082 1024 2151 ὑφαιρεῖται
1052 2081 1109 2135 δὲ
1133 2082 1296 2135 πάλιν
1322 2084 1354 2152 ἡ
1378 2083 1534 2147 ὲννὰς
1562 2084 1650 2137 διὰ
1679 2084 1885 2155 ταύτην
1906 2084 2005 2155 τὴν

429 2172 632 2237 αἰτίαν,
665 2172 754 2225 διὰ
779 2172 840 2225 τὸ
892 2173 991 2239 τὰς
1041 2174 1358 2245 τριακοσίας
1415 2174 1684 2246 ἐξήκοντα
1742 2176 1835 2228 τοῦ
1880 2175 2005 2229 ὅλου

433 2264 630 2334 μοίρας
671 2263 731 2329 ἐξ
780 2265 1046 2319 ἑννεάδων
1084 2264 1439 2320 συνίστασθαι
1491 2267 1586 2319 καὶ
1632 2266 1722 2319 διὰ
1751 2267 1907 2320 τοῦτο
1938 2267 2006 2321 τὰ

429 2353 668 2424 τέτταρα
698 2354 743 2384 ³⁷
790 2354 1010 2407 πλινθία
1038 2352 1133 2407 τοῦ
1186 2354 1392 2424 κόσμου
1441 2355 1765 2425 ἐνενήκοντα
1801 2354 2009 2425 μοιρῶν

430 2442 870 2514 περιγεγράφθαι
905 2442 1123 2497 τελείων
1149 2461 1164 2474 ·
1198 2443 1613 2513 προσῳκείωται
1639 2443 1685 2475 ³³
1712 2443 1769 2495 δὲ
1805 2446 1872 2512 τῇ
1909 2457 2008 2513 μο-

430 2533 546 2588 νάδι
588 2535 651 2587 τὺ
705 2535 840 2603 φῶς,
881 2538 946 2606 τῇ
983 2534 1040 2588 δὲ
1076 2533 1228 2587 δυάδι
1277 2534 1340 2586 τὸ
1368 2533 1580 2598 σκότος,
1651 2536 1746 2588 καὶ
1796 2532 1874 2603 τῷ
1909 2534 2007 2604 μὲν

430 2626 570 2693 φωτὶ
603 2626 745 2679 κατὰ
794 2626 953 2695 φύσιν
1000 2628 1033 2697 ἡ
1084 2627 1217 2698 ζωὴ.
1258 2629 1323 2697 τῇ
1368 2627 1424 2679 δὲ
1472 2626 1624 2680 δυάδι
1658 2627 1686 2678 ὁ
1718 2626 1952 2690 θάνατος
1978 2644 1991 2657 ·

432 2715 527 2768 καὶ
582 2718 648 2785 τῇ
682 2718 781 2786 μὲν
828 2716 939 2788 ζωῇ
990 2719 1088 2788 ἡδ’
1126 2718 1465 2787 δικαιοσύνη,
1519 2717 1597 2788 τῷ
1628 2718 1684 2770 δὲ
1727 2717 2006 2789 θανάτῳὴ

432 2807 638 2863 ἀδικία.
664 2809 758 2861 Διὸ
784 2810 894 2862 πᾶν
928 2808 1271 2878 γεννώμενον
1313 2811 1371 2862 εν
1399 2812 1511 2872 τοῖς
1541 2811 1853 2880 ἀρσενικοίς
1881 2811 2006 2881 ἀρι-

434 2896 593 2967 θμοῖς
638 2899 967 2967 ἀγαθοποιόν
1014 2902 1150 2963 ἐστι,
1204 2900 1264 2952 τὸ
1296 2901 1352 2953 δὲ
1389 2903 1447 2953 ἐν
1480 2905 1592 2964 τοῖς
1631 2901 1883 2972 θηλυκοῖς
1912 2918 2010 2954 και

434 2989 654 3042 κοιτοιόν
702 2991 871 3054 ἐστιν,
914 2986 1027 3043 οἷον
1070 2990 1148 3062 [ιι.
1183 2992 1269 3047 79.
1302 2990 1766 3063 80.]ψηφίζουσι’
1817 2993 2007 3062 μονὰς,

2107 1901 2406 1955 masculum
2462 1916 2772 1966 numerum,
2822 1901 3020 1970 partim
3051 1910 3229 1953 autem
3273 1899 3325 1953 in
3371 1898 3684 1955 femineum.

2106 1992 2458 2048 Subtrahitur
2511 2002 2691 2047 autem
2744 2007 2934 2047 rursus
2980 2006 3183 2046 enneas
3227 2005 3321 2061 per
3376 1990 3517 2045 banc
3552 2006 3684 2043 can-

2106 2099 2220 2138 sam
2248 2100 2262 2136 :
2296 2092 2586 2153 propterea
2619 2082 2763 2152 quod
2794 2089 3054 2136 trecenta:
3097 2081 3376 2151 sexaginta
3412 2094 3530 2148 quae
3559 2089 3685 2134 sunt

2108 2173 2349 2228 universi
2397 2181 2578 2242 partes
2609 2186 2674 2225 ex
2706 2170 3043 2225 enneadibus
3069 2176 3321 2223 constant
3349 2167 3419 2223 ob
3456 2181 3685 2236 eamque

2111 2280 2332 2319 causam
2370 2271 2605 2333 quatuor
2648 2277 2768 2332 quae
2803 2269 2931 2317 sunt.
2984 2261 3235 2331 regiones
3279 2261 3465 2315 mundi
3515 2275 3685 2315 nona-

2108 2358 2256 2423 g’nta
2289 2354 2535 2424 partibus
2561 2354 2989 2424 circumscripta:
3013 2363 3139 2410 sunt
3169 2351 3449 2423 perfectis.
3478 2350 3692 2422 Appro-

2111 2448 2323 2516 priatus
2352 2457 2530 2501 autem
2582 2457 2667 2502 est
2704 2446 2922 2501 monadi
2956 2446 3119 2517 ignis,
3166 2445 3324 2516 dyadi
3352 2454 3531 2498 autem
3564 2451 3691 2498 sunt

2111 2539 2371 2601 tenebras,
2423 2547 2613 2607 estque
2649 2537 2755 2592 luci
2787 2552 2852 2592 ex
2887 2546 3081 2591 natura
3132 2537 3268 2600 vita,
3301 2535 3459 2607 dyadi
3507 2543 3689 2589 autem

2111 2645 2282 2694 mors,
2328 2629 2377 2685 ei
2412 2629 2536 2684 vitae
2562 2629 2780 2697 quidem
2813 2628 3047 2697 iustitia,
3084 2628 3242 2683 morti
3277 2637 3459 2682 autem
3505 2627 3691 2697 pravi-

2113 2730 2214 2775 tas.
2248 2721 2613 2788 Quamobrem
2663 2720 2927 2790 quidquid
2973 2730 3156 2773 natum
3210 2728 3294 2775 est
3339 2719 3393 2774 in
3439 2719 3692 2774 masculis

2114 2812 2358 2867 numeris
2396 2811 2700 2866 beneficum
2732 2822 2836 2874 est.
2866 2813 2919 2865 in
2944 2810 3223 2866 femininis
3258 2822 3437 2866 autem
3486 2809 3693 2865 malefi-

2117 2920 2239 2958 cum
2292 2912 2396 2965 est,
2459 2903 2621 2958 veluti
2682 2911 2997 2972 computant
3036 2902 3383 2974 112-113
3438 2919 3452 2956 :
3502 2904 3688 2974 μονάς.

2113 3004 2171 3048 ut
2200 2996 2268 3047 ab
2294 3009 2356 3048 ea
2392 2994 2691 3057 ordiamur,
2722 2993 2783 3047 fit
2816 2993 2943 3054 561,
2978 2994 3068 3063 qui
3119 3008 3378 3048 numerus
3410 2993 3609 3048 desinit
3634 2994 3690 3047 in

434 3078 524 3132 ἴνα
555 3081 651 3132 ἀπ’
684 3081 855 3151 αὐτῆς
884 3081 1178 3152 ἀρξώμεθα
1196 3084 1263 3147 ⁸⁸,
1298 3083 1508 3151 γίνεται
1537 3082 1668 3149 τξπϋ,
1692 3083 1729 3137 δ.
1752 3084 1906 3155 λήγει
1930 3086 2004 3147 είς

2114 3085 2423 3147 utoaadem.
2475 3085 2751 3139 subtracta
2787 3085 3054 3139 euneade.
3102 3085 3346 3139 Sitttilt'm
3383 3084 3437 3137 in
3474 3085 3692 3139 modum

437 3170 641 3243 μονάδα
670 3172 772 3242 τῆς
816 3173 1063 3236 ἐννεάδος
1108 3174 1519 3245 ὑφαιρεθείσης.
1570 3174 1806 3244 Ὁμοίως
1835 3176 2006 3245 ψήφι-

436 3275 529 3314 οον
548 3274 563 3289 ·
594 3259 721 3323 δυὰς
749 3260 957 3329 γίνεται
980 3268 1078 3331 κε’,
1115 3262 1275 3331 ῦφελε
1294 3263 1392 3325 τὰς
1424 3264 1698 3328 ὲννεάδας,
1732 3263 1888 3334 λήγει
1925 3268 2005 3329 είς

430 3346 620 3410 δυάδα,
654 3349 750 3402 καὶ
779 3350 1215 3404 ἀποκαθίσταται
1251 3352 1485 3405 ἕκαστον
1506 3354 1586 3416 είς
1616 3353 1678 3408 τὸ
1707 3354 1862 3409 ἴδιον.

505 3439 611 3510 μδ¹.
637 3440 716 3511 Τῇ
751 3436 845 3495 οὖν
885 3442 1076 3511 μονάδι
1132 3443 1446 3514 ἀγαθοποιῷ
1503 3444 1639 3519 οὔσῃ
1700 3447 1743 3477 ³⁸
1785 3448 1863 3510 είς
1914 3447 2005 3501 τὸν

430 3529 764 3601 ἀπερίζυγον
793 3532 1023 3603 ἀριθμὸν
1055 3532 1100 3565 ⁸³
1127 3534 1364 3605 λήγοντα
1393 3536 1637 3606 ὀνόματα
1676 3537 1936 3607 ἀνωφερῆ
1961 3539 2007 3570 ⁸³

431 3619 738 3688 ἁγαθοποιὰ
763 3619 900 3676 εἶναι
925 3624 1399 3695 παρατηρούμενοι
1451 3626 1707 3693 λέγουσι’
1740 3627 1809 3681 τὰ
1842 3627 1899 3680 δὲ
1927 3629 2006 3691 είς

431 3711 522 3764 τὸν
545 3711 731 3781 ἄρτιον
764 3711 995 3782 ἀριθμὸν
1008 3713 1242 3783 λήγοντα
1263 3720 1560 3787 κατωφερῆ
1592 3734 1652 3770 τε
1672 3719 1766 3770 καὶ
1796 3717 2008 3787 θηλυκὰ

432 3803 527 3855 καὶ
582 3803 856 3856 κακοποιὰ
913 3799 1053 3857 εἶναι
1090 3805 1427 3875 νενόμισται.
1475 3808 1585 3877 Τὴν
1623 3807 1730 3878 γὰρ
1758 3808 1920 3876 φύσιν
1951 3808 2009 3875 ἐξ

433 3892 692 3946 ἐναντίων
716 3894 760 3925 ⁸³
787 3893 1183 3964 συνισταμένην
1217 3894 1465 3963 λέγουσιν
1495 3897 1559 3950 ἐκ
1588 3914 1647 3950 τε
1707 3899 1873 3952 καλοῦ
1917 3900 2012 3952 καὶ

434 3980 631 4046 κακοῦ,
660 3981 852 4054 ὥσπερ
880 3983 1056 4048 δεξιὸν
1078 3986 1172 4039 καὶ
1196 3986 1500 4059 ἀριστερὸν,
1525 3988 1641 4057 φῶς
1674 3990 1769 4042 καὶ
1796 3991 2007 4054 σκότος,

433 4074 533 4138 νὺξ
560 4074 657 4128 καὶ
684 4075 888 4145 ἡμέρα,
925 4073 1038 4145 ζωὴ
1067 4077 1161 4130 καὶ
1191 4076 1439 4140 θάνατος.
1486 4078 1605 4131 Ἔτι
1638 4078 1695 4132 δὲ
1724 4080 1817 4132 καὶ
1854 4079 2012 4133 τοῦτο

432 4162 683 4230 λέγουσιν
739 4163 875 4217 ὡσεὶ
934 4165 997 4219 τὸ
1054 4165 1187 4229 Θεὸς
1222 4165 1558 4236 ψηφίσας....
1587 4167 1635 4200 ⁸⁵
1668 4170 1765 4222 καὶ
1796 4170 1905 4240 μὴν
1931 4172 2012 4234 είς

434 4256 686 4324 πεντάδα,
716 4258 796 4320 είς
827 4257 1024 4312 ἑννάδα
1074 4260 1340 4330 καταντᾷ,
1368 4261 1396 4313 ὅ
1425 4261 1576 4314 ἐστιν
1603 4261 1809 4332 ἄρτιον,
1832 4262 1861 4314 ὃ
1888 4263 2010 4315 ὲπι-

432 4348 641 4419 γραφὲν
670 4348 1033 4420 περιάψαντες
1089 4349 1505 4421 θεραπεύουσιν.
1547 4352 1759 4406 Οῦτωσὶ
1796 4354 1893 4407 καὶ
1921 4353 2010 4424 βο-

2113 3184 2471 3243 computato:
2529 3175 2670 3239 δυὰς
2725 3176 2786 3229 fit
2849 3175 2975 3240 605,
3033 3174 3342 3229 subtrahite
3396 3175 3693 3237 enueades,

2112 3265 2313 3319 desinit
2345 3265 2398 3319 in
2442 3265 2694 3336 dyadem,
2745 3274 2802 3319 et
2848 3264 2985 3320 redit
3035 3263 3306 3333 singulum
3344 3264 3595 3337 quodque
3639 3265 3693 3320 itt

2112 3372 2290 3412 suum.
2542 3348 2551 3355 ’

2184 3450 2274 3505 44.
2314 3450 2529 3506 Monadi
2563 3450 2753 3519 igitur,
2785 3450 2982 3519 quippe
3015 3464 3136 3519 qua:
3168 3448 3239 3502 sit
3285 3448 3605 3503 benefica...
3636 3447 3691 3503 in

2116 3543 2375 3611 imparem
2407 3558 2693 3598 numerum
2726 3541 3026 3596 desinentia
3063 3541 3279 3595 nomina
3313 3555 3527 3594 sursum
3566 3554 3689 3596 ver-

2112 3636 2295 3706 gentia
2328 3645 2383 3689 et
2416 3635 2654 3689 mascula
2685 3644 2739 3690 et
2765 3633 3030 3698 benefica,
3064 3641 3212 3688 recte
3235 3632 3546 3697 observata,
3570 3646 3691 3688 esse

2114 3731 2342 3793 dicunt;
2381 3744 2506 3799 quae
2532 3738 2711 3788 autem
2759 3728 2812 3782 in
2857 3742 3039 3797 parem
3090 3740 3371 3781 numerum
3417 3725 3690 3793 desinunt,

2112 3819 2366 3874 deorsum
2408 3819 2687 3889 vergentia
2742 3828 2799 3873 ct
2845 3818 3104 3875 feminina
3154 3829 3208 3873 et
3251 3817 3499 3873 malefica
3571 3832 3694 3874 esse

2111 3910 2318 3961 credita
2365 3917 2511 3963 sunt.
2560 3906 2819 3963 Naturam
2870 3908 3015 3962 enim
3076 3908 3229 3963 aiunt
3279 3922 3345 3961 ex
3400 3908 3692 3964 contrariis

2113 3998 2399 4052 conﬂatam
2440 4013 2561 4053 esse
2608 4008 2664 4053 et
2704 4015 2770 4054 ex
2802 3999 2947 4054 bono
2979 4009 3034 4055 et
3060 4015 3126 4054 ex
3170 4000 3334 4065 malo,
3370 4000 3529 4054 sicuti
3560 4000 3692 4055 dex-

2115 4094 2255 4138 trtnn
2302 4095 2358 4139 ct.
2393 4086 2702 4152 sinistrum,
2749 4086 2840 4142 lux
2896 4097 2950 4143 et
2996 4088 3256 4148 tenebrae.
3302 4103 3407 4142 nox
3445 4097 3501 4143 et
3552 4087 3689 4151 dies.

2112 4177 2220 4232 vita
2249 4188 2305 4233 et
2330 4194 2496 4234 mors.
2534 4178 2801 4235 Prteterea
2833 4183 2932 4236 ltoc
2961 4196 3177 4252 quoque
3214 4182 3387 4235 aiunt.
3430 4218 3446 4234 .
3489 4220 3506 4237 .
3550 4219 3566 4235 .
3609 4218 3628 4236 .
3669 4216 3688 4236 .

2116 4305 2130 4318 .
2174 4304 2190 4321 .
2235 4304 2249 4319 .
2294 4305 2310 4321 .
2356 4303 2371 4321 .
2415 4303 2432 4320 .
2469 4267 2612 4337 quod
2641 4276 2725 4322 est
2776 4284 2894 4339 par,
2941 4270 3083 4338 quod
3128 4271 3446 4339 inscriptum
3495 4268 3691 4324 litteris

2113 4366 2360 4428 aptantes
2388 4359 2602 4427 corpori
2637 4360 3004 4416 medicantur.
3043 4359 3121 4415 lta
3158 4360 3322 4416 etiam
3357 4360 3522 4415 herba
3544 4375 3692 4430 qua:-

431 4440 566 4509 τὰνη
600 4441 681 4503 είς
707 4440 865 4493 τοῦτο
892 4440 1138 4510 λήγουσα
1194 4441 1290 4495 τοῦ
1342 4441 1581 4513 ἀριθμοῦ
1612 4444 1814 4515 ὁμοίως
1848 4461 2004 4516 περι-

2112 4451 2259 4513 dam,
2294 4464 2415 4516 quae
2441 4450 2644 4505 desinit
2680 4451 2733 4505 in
2768 4451 2913 4506 bunc
2958 4466 3270 4516 numerum,
3305 4450 3560 4505 similiter
3590 4466 3689 4523 ap-

432 4530 665 4598 αφθείσα
688 4533 899 4603 ἐνεργεῖ
935 4531 1024 4585 διὰ,
1056 4531 1151 4601 τὴν
1196 4532 1386 4603 ὁμοίαν
1419 4532 1513 4586 τοῦ
1544 4534 1778 4604 ἀριθμοῦ
1801 4534 2002 4604 ψῆφον.

444 4623 606 4676 Ἀλλὰ
635 4624 729 4677 καὶ
790 4623 971 4694 ίατρδς
1021 4623 1185 4694 ὁμοίᾳ
1217 4626 1264 4657 ⁷⁵⁸
1294 4626 1460 4697 ψήφῳ
1488 4626 1806 4698 ἀρρώστους
1842 4628 2008 4699 θερα-

2114 4548 2221 4593 tata
2249 4537 2438 4595 efficax
2466 4550 2553 4594 σει
2583 4548 2808 4611 propter
2838 4540 3073 4597 similem
3110 4540 3320 4596 numeri
3354 4549 3689 4612 computum.

2071 4674 2096 4707 ι
2119 4630 2312 4683 Verum
2338 4628 2501 4685 etiam
2533 4630 2778 4686 medicus
2801 4631 2965 4686 simili
2993 4648 3219 4688 numero
3249 4641 3481 4704 a‘grotos
3508 4640 3685 4696 sanat;

432 4713 589 4766 πεὺει
640 4714 855 4785 ῥαδίως.
910 4713 1131 4778 Τούτοις
1163 4718 1276 4779 τοῖς
1337 4716 1589 4788 ἀριθμοῖς
1648 4721 2004 4791 προσέχοντες

2111 4721 2197 4774 sin
2228 4720 2490 4776 adversus
2528 4722 2632 4777 erit
2656 4737 2942 4783 numerus.
2997 4739 3106 4778 non
3144 4722 3301 4778 facile
3327 4724 3565 4777 sanabit.
3595 4722 3690 4778 His

431 4804 530 4856 ὅσα
579 4804 741 4874 ὃμοια
893 4803 1200 4873 λογίζονται
1259 4808 1402 4860 κατὰ
1452 4809 1599 4861 τόνδε
1653 4812 1744 4863 τὸν
1796 4810 1922 4864 νοῦν
1958 4813 2008 4864 οί

435 4896 534 4965 μὲν
565 4896 609 4928 ⁸⁷
642 4896 784 4950 κατὰ
814 4898 1097 4967 φωνήεντα
1135 4897 1293 4967 μόνα,
1328 4901 1374 4952 οἱ
1404 4899 1459 4951 δὲ
1494 4901 1634 4956 κατὰ
1685 4902 1860 4955 πάντα
1916 4901 2009 4955 τδν

2116 4810 2359 4866 numeris
2388 4813 2693 4867 observatis
2733 4822 2963 4884 quaeque
2991 4823 3121 4869 sunt
3148 4813 3343 4869 similia
3376 4823 3692 4883 cntuputant

2115 4919 2181 4957 ex
2212 4904 2313 4958 bac
2344 4905 2555 4959 ratione
2584 4905 2672 4960 alii
2707 4907 2926 4977 quidem
2962 4907 3256 4961 secundum
3286 4903 3499 4961 vocales
3524 4904 3689 4970 solas,

1732 5055 1965 5111 νΑιιιΑε
1998 5056 2406 5115 LECTIONES.

469 5142 542 5225 ﬂ"
580 5142 1220 5225 10530.lﬂ;.t_t6’9afptov_c.
1300 5150 1342 5225 '_’
1376 5146 1519 5225 Inter
1547 5148 1692 5219 ὕδωρ
1723 5160 1777 5204 et
1805 5152 1929 5225 καθ’
1958 5152 2253 5225 ὑφαίρεσιν
2279 5154 2514 5208 emam
2553 5156 2742 5209 lacuna
2774 5170 2894 5210 esse
2933 5155 3169 5216 videtur.
3203 5154 3326 5225 quia
3359 5155 3411 5207 in
3442 5153 3691 5225 superia-

437 5211 586 5264 ribns
605 5213 767 5293 "nillil
793 5211 888 5293 "de
921 5211 1181 5293 cutio-adis
1222 5219 1438 5293 ratione
1471 5211 1673 5293 dictum
1710 5229 1795 5274 est
1830 5221 1910 5293 M._
1937 5211 2032 5276 sed
2068 5211 2141 5275 cf.
2156 5239 2333 5293 supra
2365 5241 2483 5292 cap.
2520 5226 2603 5280 Η.
2684 5227 2729 5257 ³³
2759 5225 3104 5293 ἀναλυόμενον.
3137 5211 3431 5287 Ιὶοὶθνετιια»
3456 5211 3691 5293 ἀτὶρδυό-

480 5295 574 5332 ενα
602 5280 664 5339 C.
700 5281 767 5334 Μ.
843 5283 889 5314 ³⁸
918 5285 1119 5337 ὲνάδων
1142 5286 1202 5340 (Σ.

436 5417 479 5500 ξί
521 5417 643 5500 ξὀει
689 5417 825 5490 οὔσῃ
872 5420 998 5500 fort.
1027 5417 1379 5500 "inserendum
1425 5417 1768 5500 [ἀκολούθως
1792 5428 1992 5500 till“.

437 5484 566 5539 fort.
609 5503 713 5543 non
756 5484 1110 5558 mutandum;

434 5566 645 5638 Spectes
683 5559 763 5619 εἰς
807 5559 918 5638 τίεν.
948 5559 1200 5638 περιττδν
1240 5565 1333 5638 ἀρ.
1384 5559 1858 5638 Μμάριθμοῦῖὶί
1930 5559 1977 5599 ³³
2014 5559 2054 5624 Ῐ.

434 5624 765 5709 τηροῦμενα,
821 5628 921 5685 nisi
974 5624 1124 5700 νιύτιι
1190 5624 1402 5691 turbata
1440 5634 1509 5692 Μ.
1542 5624 1553 5638 ’
1582 5624 1890 5692 ’⁵⁸’ὲναντίου
1931 5640 1991 5693 (3.

438 5694 538 5763 μὲν
558 5694 622 5751 ος

436 5295 574 5400 μενοι
602 5287 664 5339 C.
700 5287 767 5334 Μ.
843 5287 889 5314 ³⁵
918 5287 1119 5337 ὲνάδων
1142 5287 1202 5340 (Σ.
1300 5288 1346 5319 ³⁸
1382 5287 1530 5354 λέγει
1582 5290 1979 5361 οἰκειωσαμένη
2016 5293 2098 5355 είς
2142 5292 2181 5345 C
2206 5287 2398 5360 {Rvet
2426 5287 2444 5324 ί
2493 5294 2771 5347 οἰκειῶσαι
2821 5293 2857 5348 ἃ

469 5349 600 5400 ηλυν
631 5348 702 5400 Μ.
780 5350 823 5381 ³⁷
852 5353 1093 5400 τέτταρα
1125 5355 1420 5400 “nunerum-
1462 5358 1623 5400 ἓτςηη
1648 5359 1706 5400 (‘._
1743 5358 1791 5400 Μ
1889 5360 1936 5393 ﬂ
1967 5363 2383 5400 τηηηηονςῖο.ιῳηι
2417 5365 2457 5400 l'.
2573 5363 2617 5395 ³ο
2641 5364 2738 5400 τῆς
2774 5365 2804 5400 4η

469 5348 600 5415 ἦλυν
631 5348 702 5405 Μ.
780 5350 823 5381 ³⁷
852 5353 1093 5423 τέτταρα
1124 5355 1421 5425 Rnepertts.
1455 5348 1547 5411 ’ἓτε
1591 5376 1625 5411 α
1648 5359 1710 5422 (3,
1743 5358 1812 5413 Μ.
1846 5348 1857 5360 ’
1889 5360 1936 5393 ³⁸
1967 5348 2386 5432 προσοικέίωται
2417 5365 2479 5417 (3.
2573 5363 2617 5395 ³³
2641 5364 2681 5427 ζα

469 5419 479 5447 ¹
521 5417 643 5471 Post
689 5417 825 5484 οὔσῃ
872 5420 998 5476 fort.
1038 5426 1379 5479 inserendum
1425 5375 1753 5484 lcixofo-Jﬂto;
1792 5428 1883 5484 τὰ]
1924 5429 1992 5484 Μ.
2098 5431 2143 5461 ⁸³
2171 5432 2500 5484 ἁπεοίζυγοε
2555 5432 2681 5484 ἀοιο

1143 5434 1379 5479 ἓΙὌΙυΙιὲΙΙὶ
1425 5434 1753 5498 [ἀκολούθως
1792 5434 1883 5500 τὰ]
1924 5434 1992 5484 Μ.
2098 5434 2143 5461 ³³
2171 5434 2500 5502 ἀπερίζυγος
2555 5434 2789 5500 ἀριθμὸς
2819 5434 3076 5501 singulari
3129 5434 3286 5487 modo
3334 5435 3555 5491 dictum.
3589 5434 3682 5483 sed

1143 5495 1341 5584 nocte;
1367 5497 2035 5584 entitn,rrsnp£§t35n&pt0”pb€
2075 5501 2331 5584 appellari
2371 5508 2575 5584 potest,
2597 5504 2738 5584 uttde
2771 5502 2802 5571 ὴ
2838 5501 3009 5584 μονὰς
3028 5503 3149 5584 ‘erit
3179 5501 3512 5584 απερίςυγος
3539 5517 3554 5562 ;
3590 5516 3685 5552 ex-

2057 5584 2140 5671 θὸῖ
2164 5586 2434 5694 ιῗέἒῖκέιῖἷέ
2470 5566 2889 5693 ίιῖἓῗυὲἒῒῗὶἶίκὰ
2907 5571 3477 5694 saltaturi-:2
3501 5585 3683 5694 ,Ἰῗεῗξ

2926 5291 3025 5363 μὲν
3070 5297 3152 5356 είς
3214 5294 3283 5346 Μ.
3379 5294 3423 5325 ³³
3465 5291 3686 5363 θῆλυίῖ,

2573 5363 2617 5434 ³³
2641 5364 2739 5434 {ei}
2774 5365 2829 5434 ἠ.
2860 5361 2953 5434 ζοῇ
2979 5363 3042 5434 _C,
3066 5363 3144 5434 ΑΜ.
3223 5364 3268 5434 ⁸4³
3301 5361 3590 5434 ἀρξαμεθα
3620 5362 3681 5434 C.

2766 5432 3076 5501 {singulari
3129 5432 3286 5487 modo
3334 5432 3555 5491 dictum.
3589 5433 3682 5483 sed

2907 5640 2953 5671 “
2984 5638 3154 5709 ὁμοίῳ
3186 5640 3246 5693 C.
3355 5639 3398 5672 ⁸⁷
3431 5639 3477 5692 οἱ
3506 5638 3622 5708 μέν.
3653 5638 3685 5692 ὁ
