4080 6472
351 425 491 490 3109

1827 415 2192 478 ORIGENIS

3464 410 3606 474 3110

353 542 443 595 alii
482 550 658 593 autem
691 540 985 593 secumlum
1026 547 1194 594 totum
1231 553 1539 593 numerum.
1581 536 1728 590 Talis
1760 535 1923 588 etiam

2053 528 2263 598 ιριθμὸν
2283 545 2296 559 ’
2331 530 2555 599 τοιαύτη
2604 530 2695 584 καὶ
2724 532 2757 599 ὴ
2800 528 3112 597 Αἰγυπτίων
3148 527 3332 595 σοφία,
3360 526 3427 580 δι’
3454 522 3521 598 ἧς
3551 527 3613 582 τὸ

356 635 734 704 Egyptiorum
790 632 1076 702 sapientia,
1110 648 1205 700 per
1234 647 1396 701 quam
1446 631 1683 685 divinum
1725 642 1926 683 numen

356 724 701 779 celebrata'es
738 736 1068 790 Cognoscere
1096 723 1410 790 Opinantur.

356 820 373 881 ι
431 814 518 869 45.
559 813 702 867 Satis
750 813 913 883 igitur
960 823 1014 866 et
1048 813 1161 866 lucc
1205 829 1233 864 a
1268 812 1422 865 nobis
1472 812 1725 866 videntur
1760 806 1929 873 expll-

362 911 505 955 cata.
540 901 733 953 Verum
784 908 1043 968 praeterea
1081 901 1242 952 etiam
1292 900 1529 952 arbitror
1584 896 1782 950 nullam
1812 895 1931 963 opi-

359 988 578 1041 nionem
604 987 883 1049 sapientia:
925 995 1153 1040 terreme
1180 994 1234 1039 et
1267 985 1412 1039 humi
1460 984 1683 1052 dejectaz
1711 989 1932 1051 praeter-

368 1078 607 1139 misisse,
644 1094 748 1129 non
794 1076 1039 1128 inutilem
1085 1084 1263 1127 autem
1303 1074 1457 1126 video
1498 1087 1707 1134 curam,
1741 1084 1860 1138 qua:
1900 1086 1930 1124 a

366 1167 601 1223 nobisin
650 1181 741 1219 eas
777 1181 861 1220 res
901 1167 1139 1232 impensa
1174 1173 1291 1228 est;
1331 1178 1434 1216 non
1481 1162 1623 1216 enim
1661 1162 1833 1214 solum
1868 1161 1934 1215 ad

368 1261 740 1329 coarguendas
768 1260 1000 1311 lurreses
1030 1257 1213 1310 utilem
1244 1256 1487 1309 videmus
1508 1254 1788 1308 exstitisse
1821 1267 1934 1307 ser-

370 1366 604 1415 monem,
643 1352 735 1404 sed
764 1353 924 1402 etiam
972 1350 1037 1401 ad
1085 1349 1227 1416 ipsos
1273 1346 1431 1414 hujus
1459 1347 1717 1400 doctrina:
1759 1353 1937 1399 secta-

368 1451 533 1508 tores,
568 1443 681 1508 qui,
732 1442 817 1494 ubi
853 1442 1092 1495 incident
1125 1441 1381 1509 impensae
1431 1455 1574 1494 eum
1611 1448 1832 1503 nostrm,
1883 1448 1939 1492 ct

366 1534 602 1588 studium
641 1543 886 1587 nosnum
919 1532 1332 1585 admirabttutur
1354 1540 1407 1584 et
1458 1531 1658 1586 laboris
1699 1531 1936 1584 assidui-

368 1634 531 1679 tatem
564 1641 666 1677 non
697 1624 1025 1691 vilipeudent
1058 1639 1157 1676 nec
1180 1623 1374 1676 stultos
1408 1622 1731 1692 judicabunt
1780 1620 1939 1675 Chri-

369 1717 599 1781 stianos,
627 1716 713 1769 ubi
751 1714 1100 1783 perspicieut,
1132 1713 1325 1777 quibus
1359 1714 1517 1765 rebus
1546 1710 1643 1780 ipsi
1677 1711 1839 1764 stulte
1870 1710 1935 1764 li-

369 1811 488 1862 dem
518 1809 766 1861 habeant.
796 1806 945 1859 Adde
973 1806 1111 1873 quod
1137 1807 1297 1858 etiam
1324 1819 1438 1868 eos,
1463 1804 1550 1871 qui
1579 1804 1789 1857 veritati
1819 1817 1939 1856 Sese

2034 616 2187 670 Θεῖον
2218 617 2529 687 δοξάζοντες
2548 620 2592 653 ⁸⁸
2621 620 2905 690 γινώσκειν
2927 619 3254 690 νομίζουσιν.

2110 819 2213 881 με’.
2259 811 2481 870 Ἱκανῶς
2523 807 2616 864 οὖν
2648 810 2794 862 δοκεῖ
2823 811 2970 879 ἡμᾶς
3002 809 3096 863 καὶ
3148 809 3321 863 ταῦτα
3373 811 3614 865 ἐκτεθετο

2040 902 2183 957 σθαι.
2231 902 2370 957 Ἀλλ’
2422 902 2500 955 ἔτι
2550 901 2595 931 δ’
2628 900 2831 970 νομίζω
2872 901 3143 971 μηδεμίαν
3181 901 3336 965 δόξαν
3362 905 3461 973 τῆς
3490 904 3613 955 ἐπι⁶

2038 995 2188 1063 γείου
2219 995 2311 1047 καὶ
2343 993 2719 1063 χαμαιπετοῦς
2752 993 2941 1059 σοφίας
3004 992 3480 1062 παραλελοιπέναι,
3514 995 3617 1047 οὐκ

2042 1086 2310 1157 ἄχρηστον
2336 1087 2393 1139 δὲ
2426 1087 2523 1154 τὴν
2561 1087 2641 1149 εἰς
2690 1085 2829 1138 αὐτὰ
2861 1085 3115 1155 φροντίδα
3155 1086 3266 1156 ὁρῶ
3299 1087 3429 1155 ἡμῖν
3457 1103 3617 1155 γεγε-

2039 1195 2104 1245 νη
2113 1178 2278 1246 μένην
2303 1195 2315 1207 ·
2338 1178 2457 1230 οὐδὲ
2485 1177 2592 1246 γὰρ
2625 1176 2783 1246 μόνον
2807 1176 2943 1246 πρὸς
2973 1177 3190 1246 ἔλεγχον
3215 1177 3322 1230 τῶν
3351 1179 3615 1248 αἱρέσεων

2041 1268 2341 1340 εὔχρηστον
2397 1267 2614 1338 ὁρῶμεν
2658 1268 2938 1335 γεγονέναι
2993 1267 3083 1319 τὸν
3134 1268 3311 1335 λόγον,
3339 1267 3475 1321 ἀλλὰ
3524 1269 3618 1322 καὶ

2044 1362 2178 1431 πρὸς
2210 1361 2406 1422 αὐτοὺς
2438 1360 2565 1421 τοὺς
2592 1358 2765 1411 ταῦτα
2792 1360 2836 1390 ⁸⁰
2858 1357 3198 1422 δοξαζοντας,
3221 1358 3270 1411 οἳ
3303 1360 3618 1428 ἐντυχόντες

2042 1457 2106 1522 τῇ
2131 1451 2472 1524 γεγενημένῃ
2494 1450 2651 1520 ἡμῶν
2681 1450 3082 1520 πολυμεριμνία
3119 1451 3213 1502 καὶ
3240 1450 3300 1503 τὸ
3330 1450 3625 1503 σπουδαῖον.

2045 1545 2386 1614 θαυμάσουσι
2415 1546 2508 1598 καὶ
2539 1545 2599 1597 τὺ
2623 1544 2908 1613 φιλόπονον
2934 1546 3034 1597 οὐκ
3088 1543 3502 1614 ἐξουθενήσουσι
3524 1543 3620 1595 καὶ

2049 1639 2265 1708 μωροὺς
2318 1638 2416 1690 οὐκ
2464 1638 2868 1705 ἀποφανοῦνται
2942 1637 3300 1707 Χριστιανοὺς
3356 1635 3625 1698 ἐνιδόντες

2042 1722 2126 1789 οἷς
2157 1728 2309 1781 αὐτοὶ
2368 1726 2566 1796 μωρῶς
2623 1726 2988 1780 πιστεύουσιν.
3028 1727 3148 1779 Ἔτι
3189 1727 3245 1779 δὲ
3274 1726 3368 1779 καὶ
3398 1726 3521 1787 τοὺς
3550 1728 3618 1795 τῇ

2047 1816 2274 1887 ἀληθεία
2304 1816 2666 1885 προσέχοντας
2699 1813 3016 1883 φιλομαθεῖς
3055 1813 3377 1882 προϐιϐἀσει
3404 1814 3431 1865 ὁ
3465 1813 3627 1881 λόγος

376 1901 701 1953 addixerunt
728 1898 965 1950 discendi
1000 1896 1162 1958 avidi,
1190 1896 1395 1963 juvabit
1426 1910 1625 1957 sermo,
1660 1902 1714 1945 ut
1741 1892 1937 1946 intelli-

2053 1883 2655 1976 φρονιμωτέρουςπρίις
2688 1905 2748 1957 τὸ
2783 1906 2858 1975 μὴ
2907 1904 3064 1973 μόνον
3086 1905 3185 1966 τὰς
3211 1904 3319 1956 τῶν
3354 1905 3631 1974 αἱρέσεων

369 1992 640 2060 gentiorcs
687 1990 918 2042 evadant
969 2003 1071 2039 non
1122 1986 1318 2049 solum,
1371 1986 1457 2037 ubi
1493 1983 1781 2038 didicerint
1829 1984 1935 2037 bte-

371 2082 570 2135 rcsium
600 2080 968 2144 fundamenta,
990 2079 1055 2131 ad
1088 2078 1294 2132 facilem
1327 2077 1702 2131 refutationem
1729 2092 1940 2141 eorum,

368 2170 460 2245 qui
488 2170 744 2223 seducere
774 2183 866 2221 eos
896 2167 1258 2228 conabuntur,
1288 2165 1380 2218 sed
1409 2166 1573 2217 etiam
1608 2165 1694 2218 ubi
1734 2164 1942 2217 didici-.-

372 2262 477 2313 rint
512 2261 814 2327 sapientum
848 2273 967 2326 qmc
993 2258 1248 2310 dicuntur
1275 2257 1575 2325 upiniom-s,
1595 2270 1727 2325 quas
1760 2254 1945 2327 114-

377 2349 534 2420 115
560 2349 733 2403 edocti
768 2363 942 2416 neque
981 2348 1048 2400 al)
1100 2348 1230 2416 ipsis
1282 2349 1643 2401 turbabuntur
1688 2357 1942 2415 tanquam

370 2446 565 2516 ignari,
596 2460 770 2514 neque
800 2445 865 2496 al)
901 2443 1173 2509 aliquibus
1209 2441 1698 2510 Seduceulurtlunsi
1732 2440 1779 2492 vi
1812 2454 1946 2508 qua-

370 2541 491 2592 dam
517 2540 820 2608 agentibus,
848 2538 941 2591 sed
967 2538 1128 2590 etiam
1161 2552 1275 2602 eos,
1308 2538 1397 2605 qui
1430 2552 1488 2591 se
1510 2537 1612 2591 luci
1648 2554 1707 2590 se
1738 2535 1949 2606 patien-

373 2639 481 2695 tttr,
505 2630 792 2686 cavebunt.

448 2720 540 2773 46.
578 2720 852 2788 Expositis
887 2720 1053 2789 igitur
1084 2727 1340 2787 quantum
1376 2718 1509 2771 satis
1539 2717 1631 2781 iis,
1678 2733 1795 2785 qua:
1830 2716 1947 2787 pla-

376 2810 491 2866 cuit
523 2812 742 2881 exponi,
771 2814 878 2880 jam
910 2812 974 2865 ad
1009 2811 1296 2865 consilium
1328 2811 1466 2878 quod
1498 2813 1832 2879 propositum
1865 2817 1948 2864 est

372 2905 774 2973 exsequendum
836 2914 1197 2969 transeamus,
1259 2913 1316 2957 ut
1367 2904 1741 2956 demonstrato
1801 2904 1947 2969 quod

375 2995 757 3049 constituimus
790 2995 855 3047 de
897 2994 1193 3047 lucresibus
1239 3002 1293 3047 et
1338 3003 1550 3055 coacto,
1601 3002 1659 3045 ut
1714 2991 1946 3061 singulis

376 3100 471 3139 sua
500 3085 817 3148 reddantur,
853 3085 1024 3140 nudos
1052 3084 1441 3138 haeresiarchas
1480 3083 1853 3145 ostendamus,
1893 3092 1949 3138 et

2049 1995 2318 2064 μαθόντας
2364 1995 2540 2066 ἀρχὰς
2593 1994 2830 2055 εὐκόλως
2885 1996 3213 2065 ἀνατρέπειν
3248 1997 3372 2059 τοὺς
3414 1995 3626 2064 πλανᾷν

2044 2087 2468 2158 τετολμηκότας,
2525 2086 2661 2139 ἀλλά
2703 2087 2924 2149 καὶτὰς
2972 2086 3081 2139 τῶν
3117 2086 3297 2155 σοφῶν
3322 2087 3625 2156 λεγομένας

2044 2178 2222 2245 δόξας,
2248 2175 2322 2231 ὧν
2359 2179 2459 2232 οὐκ
2489 2179 2704 2249 ἄπειροι
2736 2177 3036 2247 γενόμενοι,
3070 2177 3148 2248 [p,
3182 2177 3379 2248 80-82]
3424 2177 3536 2231 οοθτ
3574 2177 3622 2211 u

2048 2272 2138 2324 ὑπ’
2166 2270 2347 2323 αὐτῶν
2369 2270 2802 2340 ταραχθησονται
2824 2268 2899 2332 ὡς
2927 2269 3181 2339 ἀμαθεῖς.
3204 2267 3316 2321 οὐθ’
3341 2269 3629 2322 ύπότινων

2049 2357 2491 2428 πλανηθήσονται
2525 2359 2599 2421 ὡς
2634 2357 2861 2426 δυνάμει
2914 2358 3021 2410 τινὶ
3068 2355 3343 2427 δρώντων,
3376 2355 3492 2410 ἀλλ’
3541 2356 3630 2410 ἐτι

2048 2451 2282 2514 καὶτοὺς
2308 2450 2693 2521 πλανωμένους
2722 2449 3166 2521 ἐπιτηρήσουσιν.

2122 2737 2240 2803 pg’.
2285 2730 2508 2794 ’ῐκανῶς
2555 2729 2649 2783 οὖν
2703 2728 2774 2782 τὰ
2827 2726 3054 2793 δόξαντα
3109 2727 3393 2798 ἐκθέμενοι
3439 2727 3640 2781 λοιπδν

2049 2823 2142 2874 ἐπὶ
2164 2823 2262 2892 τὴν
2284 2820 2380 2875 τοῦ
2426 2819 2789 2891 προκειμένου
2822 2819 3207 2890 πραγματείαν
3256 2818 3626 2888 χωρήσωμεν,

2049 2914 2198 2976 ὅπως
2224 2912 2252 2966 ὃ
2294 2913 2601 2982 τετάγμεθα
2638 2912 2764 2981 περὶ
2810 2910 2918 2964 τῶν
2965 2910 3229 2981 αἱρέσεων
3261 2909 3639 2975 ἐπιδείξαντες

2051 3004 2302 3068 ἑκάστοις
2322 3021 2381 3057 τε
2414 3003 2483 3057 τὰ
2514 3003 2624 3056 ἴδια
2651 3001 2942 3056 ἀποδοῦναι
2967 3002 3374 3070 ἀναγκάσαντες
3389 3001 3631 3072 γυμνοὺς

2048 3098 2175 3161 τοὺς
2206 3097 2566 3167 αἱρεσιάρχας
2602 3094 3010 3167 φανερώσομεν.
3059 3095 3155 3147 καὶ
3183 3092 3499 3164 ἀφροσύνην
3517 3093 3641 3148 τῶνε

381 3175 604 3230 inscitia
661 3175 1076 3242 obsequentium
1150 3174 1491 3229 manifestata
1554 3174 1946 3243 compellamus

2053 3186 2389 3255 πειθομένων
2417 3185 2895 3256 κατηγορήσαντες
2935 3185 3197 3253 πείσομεν
3248 3183 3642 3254 παλινδρομεῖνς

376 3266 560 3320 redire
615 3265 681 3319 ad
729 3267 976 3321 veritatis
1023 3281 1276 3320 serenum
1323 3276 1560 3336 portum.
1610 3266 1727 3331 Quo
1766 3275 1947 3319 autem

384 3351 662 3420 apertiora
689 3366 750 3407 ea
781 3367 903 3421 quae
920 3354 1147 3406 dicenda
1167 3361 1292 3406 sunt
1318 3352 1607 3406 lectoribus
1634 3360 1951 3421 appareant,

380 3445 560 3515 placet
597 3447 764 3501 etiam
813 3462 898 3511 ea,
931 3463 1051 3516 qua:
1082 3450 1148 3501 ab
1190 3447 1357 3502 Arato
1400 3446 1675 3501 elaborata
1722 3456 1849 3502 sunt
1888 3448 1954 3503 de

381 3538 686 3593 ctelestium
732 3539 972 3594 siderum
1016 3540 1279 3607 positura,
1332 3538 1384 3591 in
1418 3538 1653 3592 medium
1691 3537 1951 3606 proferre,

379 3630 812 3698 quandoquidem
869 3631 1088 3698 quidam
1136 3644 1257 3684 cum
1303 3629 1551 3682 doctrina
1593 3644 1767 3683 sacrae
1803 3626 1953 3682 Scri-

380 3727 552 3784 ptura:
584 3731 965 3786 comparantes
1018 3716 1108 3770 illa
1153 3731 1377 3772 sensum
1419 3716 1742 3785 depravaut,
1793 3717 1955 3771 sedu-

379 3821 509 3860 cere
532 3815 746 3860 mentes
783 3822 970 3861 eorum
1001 3807 1091 3876 qui
1127 3821 1288 3861 aures
1323 3809 1563 3875 prrebent
1592 3806 1797 3870 conati,
1832 3820 1953 3859 cum

384 3900 845 3969 persuasibilibus
872 3900 1175 3954 rationibus
1205 3899 1445 3954 alliciunt
1487 3914 1582 3955 eos
1613 3899 1680 3953 ad
1709 3915 1831 3967 quze
1865 3914 1956 3953 vo-

383 3992 525 4055 lunt,
584 3990 887 4045 inauditum
945 3992 1313 4061 spectaculum
1378 3999 1740 4057 ostentantes,
1801 3987 1955 4058 quasi

382 4082 522 4137 caelo
552 4080 727 4137 defixa
761 4081 869 4137 sint
917 4096 1036 4150 quae
1083 4083 1344 4147 tradunt;
1396 4081 1484 4137 isti
1527 4089 1705 4135 autem
1757 4079 1955 4133 fixisin

384 4177 684 4231 inauditum
735 4175 1106 4246 spectaculum
1154 4174 1329 4230 oculis
1382 4187 1642 4228 vanorum
1695 4171 1958 4226 mirantes

381 4268 673 4337 capiuntur
703 4269 876 4323 instar
907 4270 1046 4334 avis,
1078 4284 1196 4339 qua:
1224 4276 1450 4323 vocatur
1479 4267 1645 4330 bubo,
1688 4263 1846 4333 cujus
1878 4262 1954 4317 si-

384 4358 512 4414 mile
539 4361 790 4414 convenit
834 4359 1031 4415 ali'erre
1078 4369 1297 4430 propter
1325 4374 1387 4412 ea
1433 4373 1555 4428 qua:
1592 4357 1823 4411 instant.
1862 4352 1959 4408 Est

382 4460 563 4505 autem
591 4451 788 4505 animal
822 4453 923 4505 hoc
955 4468 1059 4505 non
1096 4452 1323 4504 multum
1350 4447 1612 4504 dissimile
1642 4447 1836 4516 aquilae
1861 4460 1958 4500 ne-

2054 3276 2147 3329 ἐπὶ
2166 3275 2258 3329 τὸν
2282 3275 2381 3344 τῆς
2400 3274 2660 3344 ἀληθείας
2676 3275 2851 3327 εὐδιον
2870 3273 3086 3345 λιμένα.
3102 3274 3221 3327 Ἵνα
3240 3274 3298 3331 δὲ
3320 3275 3632 3344 σαφέστερα

2055 3366 2168 3426 τοῖς
2214 3365 2602 3432 ἐντυγχάνουσι
2647 3364 2717 3417 τὰ
2757 3364 3112 3435 ῥηθησόμενα
3140 3368 3281 3437 φανῇ
3308 3407 3322 3426 .
3354 3366 3502 3419 δοκεῖ
3534 3366 3638 3418 καὶ

2056 3454 2148 3527 [τὰ
2176 3452 2249 3528 ⁵⁸]
2281 3455 2360 3525 τῷ
2406 3455 2620 3526 Ἀράτῳ
2681 3456 3123 3527 πεφροντισμένα
3171 3456 3302 3527 περὶ
3341 3456 3441 3525 τῆς
3489 3455 3632 3510 κατά

2054 3549 2163 3603 τῶν
2199 3548 2465 3621 οὐρανίων
2496 3548 2710 3617 ἄστρων
2747 3547 3040 3611 διαθέσεως
3086 3548 3340 3614 ἐξειπεῖν,
3380 3548 3456 3612 ὥς
3485 3565 3639 3612 τινες

2057 3641 2137 3703 είς
2186 3641 2254 3692 τὰ
2301 3639 2405 3692 ὐπὸ
2454 3638 2563 3691 τῶν
2609 3639 2841 3709 Γραφῶν
2880 3640 3147 3709 εἰρημένα
3197 3638 3637 3704 ἀπευκονίζοντες

2056 3731 2197 3786 αὐτᾶ
2222 3730 2602 3802 ἀλληγοροῦσι,
2663 3733 2920 3802 μετάγειν
2965 3731 3011 3763 ⁸³
3046 3732 3138 3785 τὸν
3161 3730 3284 3785 νοῦν
3321 3729 3428 3783 τῶν
3458 3745 3629 3800 προσ-

2057 3824 2289 3894 εχόντων
2323 3824 2676 3892 πειρώμενοι,
2734 3823 2980 3889 πιθανοῖς
3030 3824 3206 3892 λόγοις
3263 3822 3630 3892 προσάγοντες

2058 3916 2255 3979 αὐτοὺς
2285 3915 2421 3985 πρὸς
2449 3915 2485 3970 ἀ
2516 3913 2818 3985 βούλονται,
2854 3913 3002 3980 ξένον
3026 3915 3214 3984 θαῦμα
3233 3912 3630 3983 ἐνδεικνύμενοι

2056 4006 2133 4068 ὼς
2179 4006 2697 4077 κατηστερισμένιιιν
2746 4004 2856 4058 τῶν
2892 4005 2984 4058 ὐπ’
3017 4006 3200 4060 αὐτῶν
3229 4003 3559 4074 λεγομένων,
3581 4001 3634 4054 οἳ

2057 4096 2135 4166 τῷ
2169 4096 2462 4167 παραξένῳ
2522 4095 2765 4166 θαύματι
2813 4095 3104 4166 ἐνορῶντες
3162 4093 3636 4165 μικροθαύμαστοι

2057 4186 2369 4240 ἁλίσκονται
2410 4184 2569 4255 δίκην
2614 4184 2801 4248 ὀρνέου
2861 4184 2955 4238 τοῦ
3002 4184 3294 4253 λεγομένου
3339 4182 3480 4234 Gneo
3504 4221 3520 4245 ,
3573 4172 3638 4234 οὐ

2058 4278 2118 4331 τὺ
2144 4276 2495 4346 παράδειγμα
2521 4274 2684 4328 καλὸν
2708 4275 2945 4341 ἐξειπεῖν
2965 4274 3052 4329 διὰ
3072 4275 3137 4327 τὰ
3165 4271 3448 4342 μὲλλοντα.
3477 4271 3636 4324 Ἐστι

2058 4365 2116 4419 δὲ
2150 4367 2209 4418 τὺ
2236 4363 2375 4428 ζῶον
2410 4364 2472 4417 οὐ
2497 4362 2632 4416 πολὺ
2683 4362 3022 4433 ἀπεμφαῖνον
3049 4359 3216 4414 ἀετοῦ.
3243 4358 3369 4413 οὔτε
3413 4357 3637 4428 μεγέθει

2059 4454 2184 4510 οὐτε
2252 4457 2433 4527 μορφῇ
2463 4471 2476 4485 ’
2528 4453 2810 4508 ἁλίσκεται
2868 4452 2925 4505 δὲ
2968 4451 3157 4506 τοῦτον
3179 4452 3270 4505 τὸν
3309 4450 3531 4520 τρόπον·
3578 4448 3639 4502 '0

381 4560 490 4616 que
534 4544 904 4613 magnitudine
956 4558 1133 4610 neque
1181 4543 1373 4611 figura,
1413 4544 1626 4611 capitur
1668 4550 1848 4595 autem
1900 4539 1947 4592 in

2064 4546 2338 4616 ἀγρευτὴς
2368 4547 2415 4578 ⁸⁸
2442 4546 2551 4598 τῶν
2573 4544 2801 4617 ὀρνίθων
2833 4543 2970 4597 ἐπὰν
3004 4544 3086 4615 ἴδη
3115 4544 3317 4613 ἀγέλην
3343 4559 3445 4595 που
3470 4558 3643 4595 κατα-

385 4637 531 4691 buuc
567 4638 781 4689 modum
813 4632 1064 4704 :Auceps
1112 4650 1233 4689 cum
1281 4634 1414 4688 vidit
1451 4645 1722 4688 catervam
1776 4630 1958 4701 aliquo

385 4727 439 4780 in
474 4725 594 4781 loco
623 4726 1064 4792 desidentem,ex
1097 4723 1388 4795 longinquo
1424 4723 1741 4777 concutiens
1765 4736 1959 4778 manus

384 4818 587 4873 saltare
618 4833 678 4873 se
710 4817 928 4873 simulat
957 4827 1012 4872 et
1054 4818 1105 4872 in
1148 4819 1293 4871 hunc
1332 4816 1545 4872 modum
1580 4815 1836 4885 paulatim
1869 4830 1960 4885 ap-

387 4910 715 4981 propinquat
765 4910 979 4975 avibus,
1012 4910 1119 4964 illa:
1162 4917 1342 4963 autem
1387 4906 1778 4976 obstupefacta:
1808 4907 1962 4962 novi-

389 5012 503 5057 tate
528 5002 824 5071 spectaculi
863 5001 931 5055 ad
964 5001 1147 5056 omnia
1177 5001 1493 5055 caecutiuut.
1533 5000 1637 5054 Alii
1668 5011 1849 5054 autem
1892 5016 1957 5056 ex

389 5093 477 5159 iis,
502 5094 592 5162 qui
625 5092 690 5147 ad
722 5103 1002 5162 capturam
1052 5095 1225 5162 parati
1258 5103 1406 5157 sunt,
1444 5107 1473 5145 a
1512 5102 1665 5162 tergo
1709 5105 1967 5161 superve-

391 5187 601 5241 nientes
651 5200 778 5240 aves
828 5185 976 5239 nullo
1039 5185 1258 5253 negotio
1302 5186 1790 5255 comprehendunt,
1840 5199 1962 5240 cum

392 5276 829 5345 contemplantur
882 5276 1219 5332 saltatorem.
1265 5276 1606 5346 Quapropter
1653 5290 1865 5345 precor,
1899 5289 1966 5329 ne

388 5366 516 5439 quis
543 5367 807 5422 situilibus
838 5368 1165 5438 spectaculis
1206 5366 1614 5437 obstupefactus
1649 5364 1845 5421 caelum
1884 5363 1964 5418 iu-

2067 4637 2279 4688 πτᾶσαν
2307 4635 2376 4694 ⁸⁸.
2410 4635 2694 4706 πόρρωθεν
2725 4635 3161 4706 ἀνακρουόμενος
3199 4633 3295 4694 τὰς
3323 4632 3509 4702 χεῖρας
3544 4630 3639 4699 ὀρ·

2066 4725 2280 4799 χεῖσθαι
2308 4727 2633 4796 σκήπτεται,
2674 4725 2768 4778 καὶ
2823 4724 2967 4778 οὕτω
3007 4724 3143 4796 πρὸς
3204 4722 3382 4790 ὀλίγον
3433 4719 3641 4787 ἐγγίζει

2067 4819 2177 4881 τοῖς
2199 4815 2406 4889 ὄρνισιν
2430 4831 2444 4845 ⁶
2485 4818 2534 4869 oi
2562 4816 2618 4870 δὲ
2649 4816 2747 4888 τὴν
2780 4816 3085 4887 παράξενονη
3125 4815 3252 4869 θέαν
3286 4813 3639 4880 καταπεπλη-

2070 4909 2227 4978 γότες
2256 4907 2646 4980 ἁπερίϐλεπτοι
2685 4906 2907 4960 πάντων
2929 4906 3190 4975 γίνονται.
3213 4904 3433 4973 Ἕτεροι
3448 4902 3505 4955 δὲ
3534 4901 3643 4955 τῶν

2067 5002 2162 5054 ἐπὶ
2200 5000 2298 5071 τὴν
2323 5001 2497 5072 ἄγραν
2529 4998 3063 5070 παρεσκευασμένων
3079 4994 3300 5048 ὄπισθεν
3326 4992 3644 5055 ἐπελθόντες

2065 5092 2194 5155 τοὺς
2227 5091 2406 5162 ὄρνεις
2449 5091 2686 5155 εὐκόλως
2709 5087 3176 5158 συλλαμὸἀνονται
3218 5084 3529 5152 θεωμένους
3552 5083 3643 5136 τὸν

2071 5181 2369 5252 ὀρχηστήν.
2412 5179 2504 5234 Διὸ
2556 5179 2693 5245 ἁξιῶ
2747 5180 2820 5250 μή
2859 5193 2946 5240 τις
3003 5179 3119 5239 τοῖς
3153 5174 3358 5245 ὁμοίοις
3400 5172 3642 5243 θαύμασι

2070 5271 2441 5340 καταπλαγεὶς
2499 5270 2879 5343 ἐξηγουμένων
2939 5267 2984 5301 ⁸⁸
3048 5268 3141 5321 τὸν
3200 5265 3429 5337 οὐρανὸν
3487 5265 3644 5335 δίκην

2068 5361 2210 5416 ῶτου
2262 5362 2540 5434 συλληφθῇ
2576 5377 2594 5395 ⁶
2679 5361 2906 5432 ὄρχησις
2982 5357 3028 5391 ⁸⁷
3096 5357 3204 5427 γὰρ
3261 5357 3355 5410 καὶ
3406 5356 3567 5426 λῆρος
3611 5357 3646 5427 ἢ

1669 5521 1908 5578 VARUS
1949 5519 2353 5577 LECTIONES.

499 5620 543 5652 ”
566 5620 810 5685 δοξάζειν
840 5619 901 5686 C,
940 5623 1010 5678 Μ.

1111 5623 1156 5655 δ’
1181 5623 1280 5676 ἔτι.
1322 5622 1444 5675 ἐπεὶ
1479 5621 1549 5680 C.
1590 5619 1660 5675 Μ.
1729 5621 1775 5652 ³⁸
1802 5618 1993 5673 ταῦτα.
2023 5617 2093 5672 τά
2119 5618 2256 5672 αὐτὰ
2279 5617 2358 5682 C,
2396 5617 2467 5675 Μ.
2491 5617 2536 5651 ⁸¹
2568 5616 2679 5671 οὐδ’
2708 5649 2775 5663 ρ-
2807 5615 2918 5669 ούδ’
2954 5614 3031 5683 C,
3073 5613 3143 5670 Μ.

3238 5613 3284 5645 ⁸¹
3311 5611 3378 5664 τὰ
3412 5609 3534 5662 add.
3574 5607 3645 5662 M.

401 5678 781 5765 supersim,
813 5678 954 5765 μετά
1086 5693 1302 5765 ἀπατᾷν
1332 5707 1380 5765 s.
1424 5678 1633 5765 πλανᾷν
1672 5689 1928 5765 su_sp._‘M.
2001 5688 2048 5720 "
2076 5690 2149 5745 De
2184 5690 2284 5745 bat.-
2321 5678 2544 5759 captura
2571 5689 2647 5744 cf.
2683 5689 2877 5744 Athon.
2913 5678 3089 5756 IX,'p.
3124 5683 3229 5740 590
3256 5682 3318 5751 D,
3355 5680 3477 5735 M."
3508 5678 3683 5765 κατὰ,

400 5760 579 5812 πᾶσαν
617 5776 698 5829 pr.
744 5759 825 5817 υ(
882 5762 929 5794 ⁵⁸
955 5759 1317 5832 ἐξηγούμενον
1343 5763 1405 5815 C.
1479 5762 1522 5793 "
1548 5759 1778 5832 ὀρχησία
1815 5759 1878 5815 C.
