4080 6484
401 451 545 523 3115

1540 455 1837 521 CONTRA
1875 458 2243 527 H/ERESES
2279 467 2427 529 LIB.
2470 469 2566 531 IV.

3514 481 3655 546 3116

402 573 591 644 φησὶν,
624 569 871 644 μεγάλης
895 568 1128 635 κτίσεως
1156 568 1219 623 σύ
1227 568 1446 641 μϐολον,
1466 569 1604 642 πρὸς
1628 573 1695 642 ἣν
1722 572 1964 626 πλέουσιη

2086 590 2409 648 sequuntur,
2429 588 2685 651 tanquam
2717 583 2952 638 volntam
2979 589 3268 656 quamdam
3304 590 3466 646 talem
3497 607 3654 648 crea-

400 663 689 735 Ἕλληνες.
724 663 968 717 τουτέστι
998 663 1133 733 πρὸς
1159 663 1226 732 ἢν
1251 662 1603 716 παιδεύονται
1636 664 1730 717 καὶ
1760 665 1847 718 διὰ
1876 665 1964 719 τῶε

2087 680 2260 723 turam
2305 673 2386 725 vel
2429 672 2764 741 disciplinam
2798 675 2882 728 vel
2922 679 3241 747 sapientiam
3274 693 3424 739 retro
3452 684 3656 741 ducen-

394 755 494 810 τοῦ
516 753 635 826 βίου
656 754 948 828 φερόμενοι
976 755 1238 825 κυμάτων
1285 755 1767 816 ἐπακολουθοῦσιν,
1796 758 1964 828 ὲλίκηε

2089 772 2197 816 tem
2250 778 2346 817 eos
2388 764 2480 833 qui
2530 777 2831 835 sequuntur
2876 768 3034 823 talem
3086 780 3413 827 creaturam.
3464 774 3655 831 Versio

394 844 521 899 τινὰ
557 842 723 900 οὖσαν
774 845 873 913 τὴν
913 842 1169 914 τοιαύτην
1220 843 1399 898 κτίσιν
1444 846 1476 915 ἢ
1531 845 1884 901 διδασκαλίαν
1949 849 1980 915 ἢ

397 933 614 1005 σοφίαν,
635 936 716 998 είς
764 934 831 988 τὰ
879 934 1057 988 ὀπίσω
1100 935 1343 1005 ἄγουσαν
1398 937 1526 998 τούς
1574 937 1874 1006 ἑπομένους
1913 939 1977 1006 τῇ

392 1022 619 1095 τοιαύτῃ
652 1025 847 1077 κτίσει.
870 1023 1084 1095 Στροφὴ
1124 1024 1232 1093 γάρ
1274 1042 1359 1088 τις
1387 1025 1489 1094 τῆς
1530 1025 1749 1097 Ἑλίκης
1808 1043 1979 1097 προσ-

395 1115 593 1186 ηγορία
618 1118 713 1171 καὶ
746 1116 1120 1180 ἀνακύκλωσις
1154 1118 1248 1171 ἐπὶ
1272 1118 1320 1150 ³³
1351 1118 1417 1171 τὰ
1454 1117 1593 1172 αὐτὰ
1627 1115 1765 1173 εἷναι
1810 1120 1976 1172 δοκεῖ.

393 1205 581 1278 Μικρὰ
612 1207 669 1261 δέ
695 1225 777 1270 τις
819 1209 852 1279 ἡ
903 1208 1064 1277 ἑτέρα
1101 1209 1336 1279 ’Ἄρκτος
1372 1208 1534 1262 οἱονεί
1571 1227 1655 1273 τις
1682 1209 1846 1265 εἰκὼν
1880 1211 1978 1283 τῆς

391 1296 654 1369 δευτέρας
680 1298 909 1362 κτίσεως
943 1300 1041 1369 τῆς
1075 1300 1217 1352 κατὰ
1246 1299 1378 1352 Θεὸν
1413 1298 1762 1368 κτισθείσηςο
1805 1301 1976 1369 ὀλίγοι

391 1387 520 1459 γὰρ,
551 1388 718 1459 φησὶν
741 1389 808 1454 ⁸⁸,
844 1390 984 1441 εἰσὶν
1021 1390 1070 1443 οἱ
1099 1389 1186 1442 διὰ
1213 1391 1310 1460 τῆς
1341 1390 1533 1459 στενῆς
1576 1390 1696 1444 ὁδοῦ
1748 1392 1975 1461 πορευό-

390 1493 546 1549 μενοι
566 1496 585 1509 “
617 1479 809 1551 στενὴν
826 1481 871 1513 ⁸⁸
898 1481 954 1534 δὲ
992 1480 1244 1549 λέγουσιν
1285 1477 1425 1536 εἶναι
1449 1484 1548 1555 τὴν
1582 1485 1972 1556 Κυνοσουρίδα,

389 1567 529 1640 πρὸς
557 1569 624 1641 ἢν
654 1571 684 1623 ό
715 1569 950 1643 Ἄρατός
978 1588 1143 1641 φησιν
1184 1573 1266 1625 ὅτι
1316 1575 1366 1626 οί
1400 1574 1628 1628 Σιδόνιοι
1662 1576 1974 1633 ναυτίλλον-

388 1676 478 1713 ται
507 1659 575 1713 ⁸⁸.
642 1660 910 1725 Σιδονίους
957 1662 1015 1715 δὲ
1042 1663 1151 1717 ἀπὸ
1176 1663 1378 1736 μέρους
1419 1664 1644 1736 εἴρηκεν
1674 1667 1702 1719 ὁ
1740 1668 1973 1738 ’Ἄρατος

380 1749 640 1813 Φοίνικας
672 1751 759 1806 διὰ
795 1752 857 1806 τὺ
901 1749 1043 1806 εῖναι
1099 1753 1199 1824 τὴν
1248 1755 1511 1809 Φοινίκων
1545 1755 1736 1826 σοφίαν
1764 1756 1975 1827 θαυμα-

387 1839 540 1913 στὴν,
565 1843 816 1907 Φοίνικας
844 1844 903 1898 δὲ
930 1838 1071 1898 εῖναι
1095 1845 1361 1916 ’Έλληνες
1389 1849 1433 1880 ’⁷
1464 1847 1685 1917 λέγουσι
1716 1849 1842 1912 τοὺς
1862 1849 1972 1903 ἀπὸ

383 1932 487 2002 τῆς
529 1932 797 2006 Ἐρυθρᾶς
821 1936 1095 2007 Θαλάσσης
1118 1938 1549 2008 κατοικήσαντας
1568 1939 1648 1999 είς
1667 1939 1857 1993 τοῦτον
1880 1940 1970 1992 τὸν

383 2023 584 2095 χῶρον,
617 2017 678 2078 οὗ
735 2028 829 2081 καὶ
859 2026 955 2081 νῦν
1005 2026 1219 2081 οίκοῦσι
1245 2044 1259 2058 ·
1287 2026 1447 2081 τοῦτο
1488 2029 1598 2101 γὰρ
1631 2029 1900 2101 Ἡροδότῳ
1923 2030 1969 2068 ’⁸

378 2112 550 2168 δοκεῖ.
582 2116 901 2188 Κυνόσουρα
926 2118 1001 2182 δὲ,
1040 2118 1227 2190 φησὶν,
1271 2119 1469 2190 αὐτηή
1504 2121 1759 2192 Ἄρκτος,
1791 2123 1824 2193 ή
1854 2121 1971 2176 κτί-

385 2223 471 2270 σις
514 2208 548 2279 ἠ
595 2208 844 2281 δευτέρα,
901 2212 935 2282 ἡ
991 2211 1184 2284 μικρὰ,
1222 2214 1255 2284 ἡ
1304 2212 1464 2285 στενὴ
1491 2213 1630 2278 ὁδὸς.
1661 2217 1755 2268 καὶ
1783 2216 1905 2287 οὐχὶ
1931 2219 1964 2279 ἡ

391 2299 602 2373 Ἑλίκη.
628 2302 704 2355 Οὐ
750 2303 860 2374 γὰρ
914 2305 994 2370 εἰς
1024 2303 1091 2357 τὰ
1119 2304 1295 2359 ὀπίσω
1325 2305 1469 2374 ἄγει,
1505 2305 1621 2360 ἀλλ’
1654 2308 1736 2370 είς
1767 2307 1832 2360 τὰ
1867 2307 1967 2378 ἔμ-

383 2391 620 2462 προσθεν
639 2392 728 2446 ἐπ’
756 2394 973 2458 εὐθείας
1005 2396 1132 2459 τοὺς
1173 2396 1474 2466 ἑπομένους
1509 2397 1716 2467 ὁδηγεῖ,
1738 2399 1898 2462 κυνὸς
1919 2400 1966 2433 ⁸⁹

380 2480 535 2539 οὖσα.
567 2485 731 2540 Κύων
761 2486 871 2557 γὰρ
915 2487 945 2538 δ
993 2486 1171 2555 λόγος,
1222 2487 1381 2540 τοῦτο
1439 2488 1538 2558 μὲν
1585 2489 1836 2560 φρουρῶν
1874 2490 1967 2541 καὶ

382 2575 671 2645 φυλάσσων
700 2578 761 2630 τὸ
812 2576 1301 2648 ἐπιϐουλευόμενον
1345 2579 1450 2632 ὐπὸ
1490 2579 1597 2632 τῶν
1644 2580 1824 2633 λύκων
1847 2580 1967 2633 ποί-

382 2682 559 2735 μνιον,
588 2665 746 2720 τοῦτο
775 2666 831 2720 δὲ
864 2667 977 2722 ’ἀπὸ
1013 2667 1113 2738 τῆς
1148 2667 1379 2731 κτίσεως
1416 2667 1484 2721 τὰ
1514 2667 1679 2739 θηρία
1710 2669 1965 2737 κυνηγῶν

381 2757 477 2810 καὶ
507 2757 862 2829 διαφθείρων,
911 2757 1071 2812 τοῦτο
1100 2758 1158 2812 δὲ
1201 2758 1408 2828 γεννῶν
1443 2759 1510 2811 τὰ
1552 2759 1751 2824 πάντα,
1783 2759 1899 2824 καὶ,
1938 2759 1966 2813 ὅ

378 2847 444 2920 δή
472 2865 625 2918 φησι,
655 2848 824 2913 κύων,
874 2849 1121 2903 τουτέστι
1149 2850 1374 2919 γεννῶν.
1423 2849 1725 2915 Ἐντεῦθεν,
1778 2853 1962 2924 φησὶν,

378 2940 410 2992 ὁ
441 2939 681 3008 ’Ἄρατος
709 2938 962 3009 περὶτῆς
985 2939 1079 2992 τοῦ
1110 2939 1287 3005 κυνὸς
1318 2939 1579 3010 ἀνατολῆς
1604 2940 1778 3007 λέγων
1809 2941 1964 3011 εἴρη-

381 3046 475 3083 κεν
502 3027 676 3093 οὕτως
700 3043 715 3058 °
742 3030 941 3096 Κυνὸς
965 3029 1033 3083 δὲ
1069 3031 1505 3096 ἀνατείλαντος
1547 3031 1748 3085 οὐκέτι
1781 3048 1966 3101 φυτα-

377 3120 540 3175 .ιιαι¹
574 3121 937 3190 ἐψεύσαντο.
991 3120 1164 3175 Τοῦτό
1218 3124 1366 3176 ἔστιν
1406 3123 1434 3176 ὃ
1486 3124 1675 3190 λέγει’
1722 3123 1802 3177 Τὰ
1865 3141 1966 3191 φυ-

377 3214 644 3283 τευόμενα
677 3214 820 3284 φυτὰ
861 3216 947 3280 είς
986 3212 1086 3284 τὴν
1142 3214 1250 3283 γῆν
1298 3215 1461 3285 μέχρι
1502 3217 1602 3285 τῆς
1646 3213 1741 3268 τοῦ
1783 3213 1960 3277 Κυνὸς
1986 3243 2028 3300 C

374 3300 646 3370 ἀνατολῆς
697 3301 958 3363 πολλάκις
991 3301 1065 3373 μὴ
1104 3301 1532 3375 ῥιζοϐολήσαντα
1564 3303 1714 3373 ὅμως
1760 3302 1957 3372 τέθηλε

377 3389 615 3457 φύλλοις,
668 3392 760 3446 καὶ¹
810 3392 1142 3446 ἐνδείκνυται
1188 3395 1300 3456 τοῖς
1337 3392 1627 3462 βλέπουσιν
1674 3393 1755 3446 ὅτι
1807 3393 1960 3447 ἔσται

374 3479 677 3553 τελεσφόρα
701 3483 797 3536 καὶ
821 3484 1069 3552 φαίνεται
1100 3481 1300 3548 ζῶντα,
1334 3484 1432 3535 οὐκ
1450 3483 1645 3554 ἔχοντα
1674 3480 1820 3554 ζωὴν
1850 3483 1959 3536 ἀπὸ

373 3573 475 3643 τῆς
512 3574 669 3645 ῥίζης
693 3575 752 3627 ὲν
776 3574 994 3639 αὐτοῖς’
1023 3575 1245 3628 ἐπειδὰν
1283 3574 1325 3627 δ’
1354 3574 1387 3645 ἡ
1425 3576 1445 3607 ³
1471 3573 1564 3627 τοῦ
1600 3575 1778 3639 Κυνὸς
1823 3577 1959 3631 ἀνα-

373 3661 502 3733 τολὴ
519 3663 765 3732 γένηται,
796 3662 901 3717 ὐπύ
922 3662 1017 3718 τοῦ
1051 3664 1227 3726 Κυνὸς
1263 3662 1337 3716 τὰ
1372 3662 1552 3727 ζῶντα
1587 3662 1696 3716 ἀπὸ
1730 3663 1839 3716 τῶν
1869 3679 1958 3716 νε-

374 3752 526 3825 κρῶν
567 3754 935 3826 διακρίνεταλιο
1000 3753 1327 3825 μαραίνεται
1375 3753 1483 3824 γὰρ
1514 3754 1682 3815 ὅντως
1717 3754 1819 3807 ὅσα
1856 3754 1957 3807 οὐκ

373 3843 814 3915 ὲῤῥιζοϐὁλησεν.
843 3841 1012 3908 Οὗτος
1041 3842 1157 3908 οὖν,
1184 3844 1369 3912 φησὶν,
1410 3846 1440 3897 ό
1470 3842 1654 3904 Κύων,
1687 3842 1845 3912 λόγος
1872 3860 1958 3908 τις

371 3932 450 3987 ὢν
511 3933 672 4001 θεῖος,
724 3934 941 4001 ζώντων
986 3934 1067 4007 [ρ.
1100 3934 1190 4001 86,
1222 3933 1313 4006 87]
1366 3934 1461 3987 καὶ
1520 3933 1730 4005 νεκρῶν
1766 3934 1958 4005 κριτὴς

376 4022 705 4094 καθέστηκε,
745 4024 867 4095 [καὶ
894 4025 939 4098 ⁸]
963 4025 1215 4097 καθάπερ
1239 4025 1351 4078 τῶν
1395 4026 1579 4094 φυτῶν
1602 4027 1625 4057 ⁸
1652 4025 1681 4078 ὁ
1708 4023 1872 4079 Κύων
1895 4024 1957 4078 τὸ

374 4114 577 4185 ἄστρον
604 4116 697 4168 ἐπὶ
721 4116 822 4187 τῆς
864 4118 1098 4181 κτίσεως
1142 4117 1452 4188 θεωρεῖται,
1490 4116 1667 4181 οὕτως
1710 4116 1806 4172 ἐπὶ
1843 4117 1956 4171 τῶν

372 4207 638 4278 οὐρανίων
677 4209 882 4278 φυτῶν,
929 4210 1085 4281 φησὶ,
1103 4209 1213 4263 τῶν
1233 4209 1563 4280 ἀνθρώπων,
1595 4211 1624 4262 ὁ
1652 4208 1830 4277 λόγος.
1856 4208 1956 4262 Διά

371 4297 472 4368 τὴν
483 4297 741 4369 τοιαύτην
763 4295 857 4354 οὖν
881 4301 1061 4355 αἰτίαν
1083 4303 1118 4371 ἡ
1138 4300 1366 4372 δευτέρα
1388 4299 1587 4363 κτίσις,
1610 4298 1953 4369 Κυνόσουρα,

370 4387 596 4461 λογικῆς
635 4391 868 4456 κτίσεως
903 4391 1070 4447 εἰκὼν
1111 4391 1343 4463 ἕστηκεν
1390 4394 1450 4445 ὲν
1481 4390 1696 4463 οὐρανῷ
1727 4404 1746 4423 ⁶
1788 4392 1953 4463 μέσος

371 4478 430 4532 δι
457 4481 487 4533 ὁ
514 4480 740 4551 Δράκων
768 4485 879 4536 τῶν
909 4483 1005 4537 δύο
1053 4484 1286 4537 κτίσεων
1330 4484 1693 4549 ὐποτείνεται,
1738 4482 1807 4537 τὰ
1841 4483 1949 4538 ἀπὺ

2080 855 2224 906 enim
2263 856 2508 923 qmedam
2545 853 2739 911 llelic:c
2765 859 3054 928 appellatio
3081 872 3135 916 et
3169 864 3432 920 revolutio
3465 868 3530 919 ad
3559 882 3651 921 ea-

2080 939 2203 993 dem
2245 958 2366 996 esse
2418 944 2650 998 videtur.
2692 943 2897 1012 Exigua
2949 958 3127 1005 autem
3183 952 3427 1018 qumdam
3481 953 3649 1009 altera

2083 1030 2218 1086 Ursa
2282 1043 2539 1103 tanquam
2577 1038 2754 1105 imago
2799 1039 3041 1106 quautam
3091 1040 3313 1096 alterius
3359 1045 3650 1101 creationis

2078 1126 2373 1178 secundum
2411 1125 2578 1179 Deum
2606 1129 2858 1185 conditae.
2884 1128 3043 1184 Pauci
3093 1133 3259 1200 enim,
3286 1133 3480 1204 inquit,
3503 1147 3647 1200 sunt,

2079 1216 2170 1284 qui
2213 1231 2308 1286 per
2355 1229 2642 1288 angustum
2694 1222 2964 1276 tramitem
3017 1225 3294 1278 incedunt.
3348 1225 3645 1295 Angustam

2078 1317 2257 1363 autem
2299 1309 2487 1364 dicunt
2519 1327 2637 1368 esse
2677 1311 3092 1384 Cynosuridem,
3141 1319 3209 1371 ad
3242 1333 3401 1384 quam
3448 1322 3650 1374 Aratus

2080 1397 2328 1454 Sidonios
2359 1401 2436 1455 ait
2466 1403 2860 1473 navigationem
2898 1405 3206 1462 instituere.
3253 1408 3508 1464 Sidonios
3552 1426 3648 1464 au-

2078 1495 2183 1544 tem
2210 1504 2273 1545 ex
2300 1498 2452 1558 parte
2479 1490 2677 1546 Aratus
2699 1492 2833 1547 dixit
2862 1494 3167 1561 I’hmnices,
3199 1508 3480 1567 propterea
3505 1501 3647 1569 quod

2075 1581 2395 1637 thnicum
2431 1584 2696 1651 sapientia
2728 1586 3075 1642 admirabilis
3104 1599 3208 1643 est.
3246 1588 3528 1646 Phreniccs
3551 1606 3648 1646 au-

2079 1684 2185 1730 tem
2216 1690 2337 1729 esse
2364 1673 2535 1730 Grmci
2562 1676 2747 1730 dicunt
2781 1692 2896 1740 eos,
2927 1679 3017 1748 qui
3055 1681 3121 1735 ab
3165 1679 3349 1736 Rubro
3382 1685 3518 1736 mari
3559 1698 3647 1736 se-

2075 1765 2166 1819 des
2200 1765 2587 1819 transtulerunt
2629 1766 2679 1819 in
2710 1781 2835 1819 cum
2884 1767 3081 1834 locum,
3107 1783 3265 1837 quem
3298 1770 3461 1825 etiam
3501 1785 3645 1828 nunc

2074 1853 2419 1920 inhabitant;
2480 1854 2585 1909 hoc
2633 1854 2776 1909 enim
2821 1853 3091 1911 Herodoto
3128 1858 3324 1927 placet.
3364 1860 3645 1930 Cynosura

2073 1957 2278 2013 autem,
2316 1947 2512 2014 inquit.
2539 1948 2651 2001 lure
2680 1945 2841 2011 Ursa,
2871 1960 3123 2002 creatura
3168 1953 3425 2016 secunda,
3455 1966 3647 2020 parva,

2075 2043 2338 2103 angustus
2372 2043 2591 2095 trames.
2627 2023 2687 2089 et
2718 2051 2820 2088 non
2852 2033 3058 2090 llelica.
3111 2035 3224 2090 Non
3260 2038 3402 2091 enim
3440 2047 3646 2093 retror-

2072 2138 2191 2179 sum
2224 2123 2391 2186 ducit,
2424 2124 2518 2177 sed
2548 2139 2769 2191 prorsus
2796 2132 2942 2179 recta
2972 2126 3057 2179 via
3093 2141 3190 2182 eos
3225 2128 3314 2197 qui
3344 2139 3649 2198 sequuntur

2072 2215 2407 2281 manuducit,
2436 2216 2631 2285 quippe
2653 2231 2773 2285 qua:
2801 2217 2870 2271 sit
2898 2217 3082 2281 κυνός.
3115 2218 3281 2272 Κύων
3312 2221 3458 2274 enim
3492 2221 3647 2291 logns

2070 2315 2174 2369 est,
2204 2308 2400 2376 partim
2431 2307 2740 2363 custodiens
2771 2317 2825 2362 et
2855 2323 3081 2363 servans
3117 2326 3356 2380 gregem,
3392 2312 3478 2367 cui
3513 2313 3646 2368 insi-

2070 2394 2288 2450 diantur
2315 2395 2446 2465 lupi,
2482 2399 2674 2466 partim
2702 2412 2730 2450 a
2754 2407 2999 2453 creatura
3030 2399 3237 2454 belluas
3268 2410 3521 2471 tanquam
3552 2419 3646 2459 ca-

2070 2487 2154 2539 nis
2182 2500 2389 2540 venans
2417 2497 2470 2540 et
2501 2487 2875 2555 pessumdans,
2920 2488 3114 2557 partim
3152 2505 3421 2560 generans
3450 2504 3644 2547 cuncta

2067 2584 2147 2641 et,
2213 2575 2360 2644 quod
2410 2576 2580 2641 aiunt,
2631 2575 2797 2639 κύων,
2858 2576 2964 2630 hoc
3010 2586 3096 2631 est
3144 2593 3430 2645 generans.
3481 2577 3641 2644 Hinc,

2067 2667 2241 2730 aiunt,
2276 2666 2475 2720 Aratus
2509 2668 2574 2721 de
2600 2676 2719 2720 ortu
2753 2665 2920 2721 Canis
2965 2665 3190 2736 loquens
3230 2666 3367 2721 dixit
3396 2668 3499 2723 hoc
3528 2684 3645 2723 mo-

2068 2759 2137 2812 do
2170 2774 2185 2813 :
2228 2757 2554 2813 Caneaulem
2572 2768 2686 2810 orto
2717 2774 2819 2810 non
2837 2761 2956 2826 jam
2991 2767 3187 2827 segetes
3226 2759 3458 2811 mentita:
3494 2769 3639 2814 sunt.

2067 2846 2179 2902 Hoc
2207 2857 2287 2900 est
2317 2847 2459 2916 quod
2487 2848 2563 2898 ait
2599 2864 2612 2898 :
2643 2847 2850 2901 semina
2882 2848 3124 2917 conjecta
3155 2848 3209 2902 in
3241 2857 3441 2902 terram
3470 2863 3641 2917 usque

2065 2938 2134 2993 ad
2174 2937 2338 2994 Canis
2376 2945 2553 2990 ortum
2605 2951 2771 3004 saepe,
2823 2952 2944 2992 cum
2995 2938 3201 2992 radices
3234 2954 3341 2992 non
3388 2947 3638 3008 egerunt,

2068 3037 2248 3082 tamen
2278 3026 2629 3080 emoruerunt
2660 3025 2805 3080 loliis
2831 3035 2886 3081 et
2927 3026 3280 3080 manifestam
3326 3027 3637 3094 inspectan-

2067 3118 2210 3173 tibus
2252 3132 2313 3173 se
2359 3117 2477 3172 lore
2512 3117 2787 3171 fructuosa
2818 3125 2873 3169 et
2920 3125 3183 3186 apparent
3231 3116 3488 3188 vigentia,
3531 3126 3635 3170 non

2065 3209 2321 3264 habentia
2357 3208 2523 3261 vitam
2558 3222 2587 3261 a
2617 3207 2795 3261 radice
2827 3210 2881 3261 ln
2928 3206 3098 3274 ipsis;
3134 3207 3223 3262 ubi
3262 3216 3441 3261 autem
3475 3206 3638 3261 Canis

2064 3309 2217 3354 ortus
2247 3299 2374 3364 erit,
2406 3313 2434 3351 a
2461 3298 2609 3352 Cane
2636 3313 2756 3367 qua:
2786 3299 2972 3351 vivunt
2998 3314 3027 3351 a
3059 3298 3287 3352 mortuis
3320 3298 3638 3352 discernun-

2063 3400 2181 3457 tur;
2214 3397 2472 3444 arescunt
2501 3390 2647 3442 enim
2677 3403 2864 3442 revera
2893 3402 3235 3458 quaecunque
3274 3388 3483 3444 radices
3526 3404 3634 3443 non

2060 3490 2311 3552 egerunt.
2344 3480 2443 3536 Hic
2487 3479 2675 3549 igitur,
2712 3480 2912 3549 inquit,
2942 3479 3106 3534 Canis
3152 3492 3274 3535 cum
3313 3479 3465 3548 logus
3512 3480 3636 3547 (ιιιί-

2058 3575 2182 3629 dam
2241 3573 2312 3627 sit
2359 3572 2595 3636 divinus,
2663 3572 2910 3626 vivorum
2967 3579 3024 3625 et
3082 3580 3418 3629 mortuorum
3465 3568 3633 3636 judex

2063 3664 2414 3736 122-123
2442 3664 2676 3729 exstitit,
2707 3672 2760 3718 et
2796 3662 2955 3717 sicuti
3003 3661 3309 3731 plantarum
3358 3660 3525 3716 Canis
3559 3663 3634 3715 si-

2059 3759 2158 3811 dus
2205 3757 2261 3809 in
2306 3765 2562 3810 creatura
2605 3766 2727 3807 sese
2764 3751 3007 3814 exhibet,
3069 3749 3153 3804 ita
3215 3749 3270 3803 in
3319 3747 3635 3802 ctelestibns

2059 3846 2278 3915 plantis,
2330 3843 2527 3912 inquit,
2597 3842 2928 3903 hominibus,
2984 3841 3158 3909 logus.
3209 3838 3445 3906 Propter
3494 3837 3634 3893 hanc

2059 3937 2224 4006 igitur
2262 3950 2484 3989 causam
2532 3933 2707 3986 altera
2759 3943 3031 3997 creatura,
3072 3930 3392 4002 Cynosura,
3445 3928 3634 4000 logica;

2056 4035 2325 4082 creaturae
2379 4024 2560 4091 imago
2590 4023 2840 4078 constitit
2892 4023 2948 4076 in
2993 4020 3154 4076 οωιο.
3186 4021 3394 4081 Medius
3449 4029 3630 4072 autem

2056 4118 2231 4173 Draco
2262 4116 2405 4170 inter
2434 4114 2622 4170 ambas
2667 4124 2948 4169 creaturas
2987 4111 3353 4175 subtenditur,
3393 4123 3479 4174 ea,
3508 4123 3631 4177 qua:

2055 4216 2183 4265 sunt
2211 4222 2422 4277 magna:
2454 4216 2745 4274 creaturae,
2772 4205 3071 4274 impediens
3101 4204 3155 4258 in
3191 4203 3440 4272 exiguam
3475 4214 3630 4254 crea-

2054 4309 2230 4357 turam
2265 4298 2675 4366 transmigrare,
2720 4311 2916 4366 eaque,
2950 4311 3070 4366 quae
3117 4294 3171 4349 iu
3214 4302 3464 4351 creatura
3497 4305 3629 4345 con-

2052 4394 2329 4455 stiterunt,
2356 4390 2523 4446 veluti
2562 4404 2709 4454 eum,
2743 4389 2835 4460 qui
2891 4396 2977 4443 est
3025 4386 3080 4442 in
3130 4385 3396 4457 gennbus,
3438 4394 3627 4438 custo~

2051 4485 2230 4550 dieue,
2262 4484 2559 4539 observans
2585 4519 2600 4545 ,
2634 4479 2905 4548 quomodo
2938 4488 2995 4534 et
3022 4476 3473 4546 quemadmodum
3510 4474 3627 4530 sin-

370 4570 471 4642 τῆς
506 4571 747 4643 μεγάλης
775 4573 1006 4637 κτίσεως
1035 4574 1260 4629 κωλύων
1288 4575 1382 4630 ἐπὶ
1413 4574 1513 4643 τὴν
1543 4575 1746 4646 μικρὰν
1772 4576 1950 4631 κτίσιν

2066 4576 2180 4647 gula
2236 4575 2290 4630 in
2333 4573 2528 4644 exigua
2575 4581 2825 4627 creatura
2876 4571 3246 4626 constiterint.
3296 4567 3629 4624 Observatur

376 4660 674 4731 μετελθεῖν,
703 4663 772 4717 τόι
794 4679 851 4715 τε
881 4665 938 4717 ὲν
957 4666 1023 4736 τῇ
1056 4665 1233 4719 κτίσει
1262 4666 1661 4739 καθεστηκότα,
1695 4669 1951 4743 καθάπερ

371 4753 463 4807 τὸν
518 4754 607 4807 Ἐν
648 4754 862 4824 γόνασι,
909 4756 1353 4827 παραφυλάσσων
1396 4758 1444 4823 ⁸,
1476 4759 1662 4829 τηρῶν
1704 4760 1817 4824 πῶς
1857 4761 1951 4814 καὶ

369 4841 494 4898 τίνα
520 4844 719 4909 τρόπον
748 4845 982 4899 ἕκαστον
1004 4847 1063 4899 ὲν
1094 4848 1160 4917 τῇ
1195 4847 1368 4918 μικρᾷ
1411 4847 1587 4900 κτίσει
1616 4848 1945 4919 καθέστηκε.

370 4931 631 5004 Τηρεῖται
651 4935 708 4988 δὲ
730 4935 825 4989 καὶ
853 4935 1020 4998 αὐτὸς
1041 4935 1184 4988 κατὰ
1211 4936 1308 5006 τὴν
1341 4936 1606 5007 κεφαλὴν,
1635 4938 1819 5007 φησὶν,
1843 4936 1949 4991 ὐπὸ

370 5022 463 5077 τοῦ
504 5025 810 5096 Ὀφιούχου.
862 5026 1031 5098 Λύτη,
1094 5028 1278 5099 φησὶν,
1339 5026 1501 5080 εἰκὼν
1548 5028 1569 5060 ⁸
1603 5028 1834 5100 ἕστηκεν
1888 5031 1946 5083 ἐν

370 5114 606 5187 οὐρανῷ,
640 5118 803 5189 σοφία
859 5135 942 5182 τις
968 5114 1102 5172 οὖσα
1141 5123 1251 5182 τοῖς
1277 5120 1296 5151 ⁷
1336 5119 1464 5172 ἰδεῖν
1492 5119 1833 5191 δυναμένοις.
1879 5121 1944 5174 Et

2058 4674 2237 4718 autem
2285 4671 2340 4717 et
2375 4661 2490 4731 ipse
2528 4661 2595 4715 ad
2631 4669 2810 4726 caput,
2856 4658 3052 4729 inquit,
3100 4661 3169 4713 ab
3208 4659 3625 4731 Anguitenente.

2054 4753 2206 4818 Ilaec,
2260 4754 2455 4823 inquit,
2492 4752 2670 4823 imago
2724 4750 2973 4807 constitit
3026 4750 3082 4805 in
3135 4750 3297 4814 coelo,
3350 4749 3617 4818 sapientia

2054 4844 2302 4913 quaedam
2343 4844 2431 4909 iis,
2462 4844 2554 4914 qui
2583 4843 2769 4897 videre
2798 4850 3045 4911 possunt.
3096 4840 3190 4896 Sin
3220 4839 3288 4893 ab
3323 4839 3425 4893 hac
3472 4848 3627 4906 parte

2051 4939 2346 4995 obscurum
2376 4946 2483 5004 est,
2531 4951 2628 5006 per
2669 4936 2855 5002 aliam,
2908 4935 3106 5007 inquit,
3137 4932 3426 5001 imaginem
3463 4944 3624 4986 crea-

2052 5036 2172 5082 tura
2220 5027 2377 5081 decet
2434 5025 2831 5097 pltilosopliari,
2884 5023 2950 5080 de
2992 5037 3096 5093 qua
3146 5024 3349 5075 Aratus
3379 5019 3517 5076 dixit
3569 5019 3623 5074 in

2048 5121 2194 5177 hunc
2220 5119 2437 5174 modum
2473 5136 2490 5174 :

1639 5273 1875 5331 VABUE
1920 5273 2336 5332 LECTIONES.

444 5405 491 5480 ξ’
514 5405 637 5480 επεὶ
669 5406 736 5460 τὰ
899 5407 945 5480 ’ξ
964 5408 1047 5463 Cl.
1081 5408 1265 5480 Matth.
1297 5425 1390 5471 vn.
1425 5410 1486 5462 Η
1516 5425 1529 5461 :
1567 5409 1632 5461 Τί
1664 5410 1825 5480 στενὴ

368 5543 660 5619 summa
704 5615 733 5619 _
758 5549 808 5619 "A
831 5543 1098 5619 Ἕλληνάς
1118 5549 1180 5604 C.

444 5408 491 5437 "
514 5408 637 5460 ἐπεὶ
669 5408 736 5460 τὰ
762 5408 824 5462 C.
899 5408 945 5493 ’ξ
964 5408 1047 5463 Cl.
1081 5408 1265 5463 Matth.
1297 5425 1390 5471 vn.
1425 5410 1486 5462 Η
1516 5425 1529 5461 :
1567 5409 1632 5461 Τί
1664 5410 1825 5480 στενὴ
1856 5408 1912 5534 El)
1940 5410 2108 5483 πύλη]
2146 5415 2239 5467 καὶ
2277 5412 2611 5484 τεθλιμμένη
2643 5414 2673 5481 ἡ
2704 5413 2744 5465 όί

373 5474 472 5552 καὶ
506 5475 677 5544 ὀλίγοι
724 5479 944 5552 statim:
980 5479 1330 5552 εὑρίσκοντες
1359 5480 1585 5552 αὐτὴν,
1630 5481 1677 5511 ⁹⁸
1707 5497 1862 5533 στενο
1902 5482 1974 5552 _C.
2071 5485 2117 5516 °°
2135 5484 2221 5552 Cf.
2264 5483 2496 5552 Araus.
2532 5483 2642 5552 447:
2683 5483 2744 5552 Τῇ

1290 5550 1338 5585 ⁸⁸
1380 5547 1668 5620 Ἥρωδότῳ
1705 5566 1847 5604 corr.
1886 5550 1964 5614 C,
2009 5553 2078 5606 cf.
2132 5551 2390 5606 Herndnt.
2434 5551 2570 5604 Hist.
2613 5551 2669 5610 l.
2705 5547 2831 5605 ΓΜ.
2909 5549 2954 5620 ’ξ
2988 5549 3168 5620 κυνός.
3218 5550 3394 5612 κτίσις
3437 5547 3506 5620 C.
3531 5548 3619 5620 Abl.

2704 5412 2820 5475 ὁδὸς
2845 5411 2876 5479 ἡ

2911 5409 3201 5480 ἀπάγουσα
3224 5408 3305 5472 είς
3331 5407 3429 5480 τὴν
3454 5407 3620 5479 ζωὴν,

2071 5479 2117 5516 δδ
2137 5484 2221 5536 Cf.
2264 5479 2496 5539 Aratfv'.
2532 5479 2759 5551 44⁷2⁷Τῇ
2797 5479 3145 5551 garum:
3193 5479 3476 5551 ἰθύντατα,
3495 5496 3623 5551 ναυ-

370 5611 664 5680 ¹φιλαίτιαι
694 5615 756 5677 C.
785 5616 936 5671 Arat.
970 5611 1021 5674 ἦ.
1053 5611 1159 5674 352
1182 5635 1302 5689 sqq.
1340 5636 1353 5672 :
1381 5611 1578 5672 Οὐκέτι
1608 5611 1783 5672 κεῖνον
1810 5620 1909 5691 (se.
1935 5611 2164 5692 Σείριον)
2192 5623 2288 5692 ἅμ’
2311 5622 2475 5743 Keller
2502 5620 2719 5674 ἀνιόντα
2750 5621 2759 5688 |
2792 5618 3049 5672 Φυταλιαὶ
3063 5611 3622 5699 ,ψεύδονταιίὰναλδέα

370 5684 734 5743 φυλλιόωσαιο
767 5687 779 5743 l
820 5688 969 5742 Ῥεῖα
1013 5688 1122 5743 γὰο
1151 5687 1244 5743 οὖν
1289 5689 1471 5743 ἔκρινε
1514 5687 1602 5743 διὰ
1656 5690 1845 5743 στίγας
1897 5690 2022 5743 ὀξὺς
2062 5691 2239 5743 ἀΐξας.
2273 5691 2284 5743 Ι
2369 5690 2426 5743 αὶ
2465 5691 2534 5743 τὰ
2570 5689 2668 5743 μὲν
2720 5690 2979 5743 ἕόὸωσεν.
3019 5704 3129 5740 των
3162 5690 3220 5742 δὲ
3249 5689 3408 5743 φλόον
3451 5685 3619 5739 ὤλεσε

368 5684 734 5752 φυλλιόωσαιο
767 5687 779 5752 Ι
820 5688 969 5742 Ῥεῖα

367 5753 565 5811 πάντα.
597 5824 610 5828 Α
685 5755 731 5809 δ’
762 5760 825 5828 ήε
845 5759 922 5828 et
950 5758 1010 5815 Ο.

1013 5688 1122 5791 τάξ
1140 5687 1244 5793 εὲγ
1269 5687 1483 5793 ἔτεινε
1514 5687 1604 5790 διί
1633 5687 2522 5793 .iiiif’ff...6§"..“5“fi'.5353.33

368 5758 565 5811 πάντα.
639 5758 660 5787 ²
685 5758 731 5809 δ’
762 5760 818 5828 ή.
864 5759 922 5814 δὲ
950 5758 1010 5815 C.
1087 5758 1109 5791 ³
1140 5761 1235 5815 καὶ
1281 5758 1405 5814 add.
1435 5759 1506 5812 Μ.
1583 5758 1604 5790 ⁸
1633 5758 1694 5811 τὸ
1735 5758 1900 5829 φυτὸν
1935 5761 1998 5822 C,
2032 5760 2103 5814 Μ.
2181 5761 2202 5793 ⁵
2233 5777 2402 5825 παραν
2430 5760 2678 5814 υλάσσων

368 5824 783 5897 παραφυλάσσει
809 5827 878 5886 Μ.
950 5830 971 5863 ⁸
1000 5828 1056 5885 In
1085 5828 1126 5885 C
1165 5846 1266 5886 vox
1298 5828 1462 5884 εἰκών
1488 5828 1702 5885 videtur
1725 5844 1880 5884 erasa
1912 5829 1983 5887 M.
2051 5832 2070 5862 "
2103 5831 2235 5894 τοῖς.
2271 5830 2362 5883 τοῦ

2369 5690 2426 5743 αὶ
2448 5685 2534 5743 ’τὰ
2570 5689 2668 5758 μὲν
2720 5685 2979 5811 ἕξρωσεν,
3019 5685 3129 5740 τῶν
3162 5690 3220 5742 δὲ
3249 5689 3408 5772 φλόον
3451 5685 3619 5739 ὤλεσε

2369 5760 2678 5811 ιωυλάσσων
2720 5760 2741 5810 ι
2771 5772 3031 5811 uenerus.
3072 5772 3522 5811 παραφυλασσειν
3553 5755 3616 5811 C.

2051 5760 2103 5862 ill.
2135 5755 2202 5846 ’.⁵
2233 5755 2678 5885 παρηαὲυλάσσων
2720 5755 3031 5828 Roeperus,
3072 5755 3522 5829 παραφυλάσσειν
3553 5755 3616 5823 C,

2103 5847 2235 5894 τοις.
2271 5847 2362 5883 του
2435 5868 2449 5885 .
