4080 6488
430 473 566 539 3117

1913 462 2280 529 ORIGENIS

3557 460 3620 536 31
3637 458 3701 535 is

431 588 490 642 δέ
521 590 671 641 ἐστιν
703 583 912 654 ἀσαφὲς
943 582 1086 639 κατά
1110 581 1291 650 τοῦτο,
1320 579 1389 635 δι’
1419 580 1584 652 ἄλλης
1614 578 1845 643 εἰκόνος,
1882 583 2072 649 φησὶν,
2120 578 2345 651 ήκτὶσις
2374 578 2617 633 διδάσκει
2656 579 2988 651 φιλοσοφεῖν,
3025 566 3152 654 περὶ
3188 576 3257 655 ἧς
3292 581 3322 635 6
3349 582 3587 655 Ἄρατος
3614 584 3700 638 εἰέ-

435 697 602 753 ρηκεν
624 678 823 741 οὑτως·

544 794 728 862 Neque
752 792 915 862 igitur
941 789 1131 858 Cephei
1152 804 1314 859 genus
1340 802 1695 843 aerumnosum
1714 782 1935 838 Iasidw.

508 909 600 965 49.
630 907 903 977 Cepheus,
934 903 1133 974 inquit,
1179 902 1251 957 ibi
1302 914 1470 970 prope
1517 900 1671 954 abest
1716 907 1768 952 et
1803 895 2018 951 Cassie-

434 1012 538 1070 pea
564 1006 619 1054 et
647 996 989 1052 Andromeda
1022 1004 1077 1049 et
1104 993 1357 1059 Perseus,
1394 1007 1587 1060 magna
1613 999 1878 1045 creaturae
1908 988 2017 1043 ele-

437 1101 620 1146 menta
674 1090 741 1144 iis
769 1090 859 1158 qui
907 1101 1133 1142 cernere
1170 1093 1416 1155 possunt.
1460 1081 1733 1150 Cepheum
1762 1081 1908 1135 enim
1944 1080 2017 1133 ait

436 1195 560 1236 esse
598 1182 792 1237 Adam.
824 1179 1171 1246 Cassiepeam
1203 1173 1396 1236 Evam,
1437 1170 1838 1225 Andromedam
1890 1171 2019 1223 nti-i-

436 1285 611 1340 usque
647 1270 841 1324 horum
872 1267 1131 1329 animam,
1186 1262 1444 1318 Perseum
1473 1261 1676 1333 logum,
1701 1260 1896 1313 alatam
1924 1255 2019 1314 Jo-

435 1363 523 1416 vis
573 1361 800 1431 prolem,
848 1359 1041 1413 Cetum
1082 1354 1427 1410 insidiantem
1464 1352 1721 1407 hellnam.
1770 1351 1883 1404 Non
1940 1351 2010 1405 ad

440 1453 608 1507 alium
645 1449 955 1521 quempiam
989 1448 1208 1512 horum,
1240 1446 1335 1501 sed
1382 1444 1451 1499 ad
1498 1442 1668 1499 solam
1715 1439 2021 1497 Androme-

436 1544 564 1598 dam
597 1543 744 1597 vadit
779 1541 869 1610 qui
902 1538 1180 1594 interfecit
1208 1536 1469 1601 belluam,
1501 1550 1531 1588 a
1567 1549 1674 1604 qua
1706 1544 1761 1589 et
1798 1534 2018 1588 Andro-

438 1632 654 1686 medam
691 1629 792 1684 sibi
819 1627 1128 1690 vindicans,
1159 1641 1281 1696 qua:
1326 1626 1575 1694 exposita
1618 1633 1739 1680 erat
1785 1623 2017 1680 vinculis

440 1722 743 1777 constricta
788 1719 1007 1783 belluas,
1064 1719 1242 1787 logos,
1278 1716 1476 1786 inquit,
1513 1716 1615 1770 hoc
1649 1723 1731 1769 est
1763 1712 2018 1779 Perseus,

439 1811 653 1868 liberat.
695 1810 928 1866 Perseus
963 1819 1144 1865 autem
1192 1816 1278 1862 est
1312 1817 1543 1877 pennata
1580 1805 1700 1860 axis
1728 1816 2022 1875 penetrans

439 1915 734 1972 utrumque
780 1901 960 1970 polum
1011 1915 1108 1970 per
1152 1899 1386 1953 mediam
1436 1907 1637 1952 terram
1669 1906 1724 1950 et
1760 1905 2023 1966 torquens

442 1993 731 2047 mundum.
758 1992 857 2046 Est
888 2001 1067 2044 autem
1100 1989 1265 2044 etiam
1296 1987 1525 2056 spiritus
1548 1987 1639 2054 qui
1677 1996 1760 2042 est
1794 1989 1846 2041 in
1874 2003 2022 2040 mttu-

442 2084 514 2138 do
551 2083 667 2137 avis
714 2082 931 2153 Cygnus
963 2082 1106 2134 circa
1141 2076 1333 2143 Ursas,
1361 2078 1623 2133 musicum
1673 2077 1895 2143 animal,
1938 2078 2021 2132 di-

442 2175 555 2229 vini
597 2174 773 2241 imago
825 2172 1085 2242 Spiritus,
1128 2170 1256 2239 quia
1318 2167 1373 2223 in
1432 2169 1562 2237 ipsis
1606 2167 1719 2239 jam
1774 2168 2020 2224 terminis

443 2265 803 2320 constitutum
838 2263 960 2316 vitae
997 2268 1206 2315 tantum
1238 2272 1438 2314 canere
1472 2259 1662 2330 incipit
1706 2275 1829 2314 cum
1879 2259 2019 2314 bona

443 2367 542 2424 spe
571 2351 857 2409 discedens
884 2367 913 2404 a
935 2365 1100 2421 prava
1132 2357 1412 2413 creatura,
1438 2347 1670 2420 hymnos
1695 2347 1862 2404 edens
1888 2349 2018 2404 Deo.

442 2445 638 2501 Cancri
667 2454 848 2499 autem
882 2452 940 2497 et
967 2441 1107 2497 tauri
1140 2450 1196 2497 et
1231 2440 1418 2496 leones
1449 2452 1504 2496 et
1528 2441 1735 2498 arietes
1763 2451 1819 2498 et
1846 2456 2022 2510 capra:

442 2545 500 2591 et
529 2533 663 2590 haedi
690 2544 747 2589 et
771 2542 1038 2603 quotquot
1060 2531 1165 2587 alia
1193 2530 1454 2587 animalia
1504 2547 1602 2603 per
1644 2541 1796 2586 astra
1850 2533 2025 2587 nomi-

444 2635 648 2680 nantur
681 2625 734 2679 in
765 2624 928 2690 caelo,
956 2623 1222 2693 imagines
1267 2621 1483 2677 scilicet
1529 2632 1677 2687 sunt,
1722 2622 1921 2694 inquit,
1967 2632 2023 2676 et

443 2713 718 2786 exempla,
752 2715 893 2769 unde
922 2714 1204 2769 mutabilis
1225 2722 1479 2769 creatura
1508 2726 1669 2769 nacta
1701 2714 1920 2784 species
1952 2724 2025 2771 ta-

445 2807 587 2863 libus
613 2803 940 2863 animalibus
966 2805 1244 2878 impletur.

521 3121 717 3195 125-
741 3121 900 3193 125
937 3121 1028 3177 50.
1065 3120 1162 3176 His
1214 3120 1297 3177 usi
1348 3121 1693 3177 sermonibus
1730 3120 2026 3190 opinantur

444 3216 647 3269 multos
686 3215 965 3282 decipere,
994 3220 1261 3282 quotquot
1291 3212 1576 3280 operosius
1607 3210 1896 3279 astrologis
1931 3224 2027 3263 au-

446 3320 561 3360 rem
588 3305 850 3374 praebent,
875 3303 1001 3357 hinc
1026 3303 1184 3356 [idem
1209 3301 1304 3355 Dei
1333 3303 1663 3355 conlirmare
1686 3303 1881 3361 annisi,
1907 3314 2027 3367 quae

447 3397 665 3466 quidem
694 3398 850 3463 longe
878 3394 1086 3449 abludit
1115 3393 1187 3449 ab
1217 3394 1409 3447 horum
1436 3392 1859 3462 Opinationibus.
1885 3391 2025 3457 Qua-

2044 771 2088 823 Α
2191 786 2332 839 Οὐδ’
2358 784 2470 853 ἄρα
2510 784 2759 855 Κηρῆος
2780 787 3035 857 porepdr
3062 786 3234 857 γένος
3269 787 3535 845 Ἰασίδαο
3554 789 3601 844 ⁸.

2194 893 2301 965 μο’.
2341 893 2401 945 ὐ
2434 894 2679 963 Κηφεὺς,
2712 895 2896 966 φησὶν,
2927 894 3093 949 αὑτοῦ
3130 898 3246 949 ἐστι
3273 896 3500 968 πλησίον
3535 901 3630 952 καὶ

2116 984 2459 1039 Κασσιέπεια
2488 987 2509 1017 ⁹
2539 987 2632 1039 καί
2666 986 2991 1058 Ἀνδρομέδα
3016 990 3112 1041 καὶ
3144 990 3173 1041 6
3200 990 3464 1061 Περσεὺς,
3490 979 3705 1060 μεγάλα

2119 1077 2218 1147 τῆς
2250 1076 2261 1149 |
2294 1076 2524 1140 κτίσεως
2546 1078 2851 1149 γράμματα
2872 1082 2983 1142 τοῖς
3001 1079 3126 1132 ἰδεῖν
3151 1079 3483 1149 δυναμένοις.
3504 1082 3705 1152 Κηφέα

2117 1169 2227 1237 γάρ
2258 1185 2423 1239 φησιν
2442 1164 2575 1221 εἶναι
2597 1169 2690 1222 τὸν
2716 1169 2908 1240 ’Δδάμ,
2936 1171 3036 1241 τὴν
3061 1171 3432 1225 Κασσιέπειαν
3458 1171 3503 1202 ¹⁶
3534 1168 3701 1239 Εὕαν,

2116 1257 2215 1327 τὴν
2251 1257 2607 1329 Ἀνδρομέδαν
2630 1259 2730 1329 τὴν
2757 1260 3079 1331 ἀμφοτέρων
3100 1260 3143 1292 ⁸⁸
3160 1261 3364 1315 τούτων
3384 1262 3583 1333 ψυχὴν,
3614 1264 3705 1317 τὸν

2119 1347 2336 1421 Περσέα
2359 1350 2551 1418 Λόγον,
2572 1352 2851 1419 πτερωτὸν
2872 1351 2993 1415 Διὸς
3016 1352 3258 1421 ἔγγονον,
3285 1355 3346 1407 τὸ
3369 1356 3548 1423 Κῆτος
3575 1357 3618 1387 “
3642 1357 3705 1410 τὸ

2120 1441 2407 1497 ἐπίϐουλον
2430 1443 2638 1514 θηρίον.
2662 1445 2775 1498 Ούκ
2802 1444 2887 1499 ἐπ’
2917 1444 3075 1499 ἄλλον
3098 1446 3219 1500 τινὰ
3250 1445 3454 1501 τούτων
3496 1439 3559 1514 ⁸³,
3588 1446 3703 1501 ἀλλ’

2121 1532 2216 1585 ἐπὶ
2253 1530 2424 1604 μόνην
2455 1534 2554 1605 τὴν
2594 1534 2953 1606 ’Δνδρομέδαν
2981 1535 3201 1608 ἔρχεται
3225 1540 3254 1591 6
3277 1538 3609 1603 ἀποκτείνας
3641 1526 3703 1593 τὸ

2121 1623 2330 1695 θηρίον,
2359 1621 2421 1679 οὗ
2457 1627 2554 1680 καὶ
2581 1626 2680 1698 τὴν
2722 1626 3081 1700 Ἀνδρομέδαν
3121 1629 3255 1700 πρὸς
3295 1630 3489 1683 ἑαυτὸν
3519 1627 3703 1682 λαϐὼν

2122 1715 2339 1773 ἔκδοτον
2368 1717 2661 1793 δεδεμένην
2690 1718 2768 1789 τῷ
2799 1718 2976 1791 θηρίῳ
3003 1720 3032 1773 6
3060 1718 3254 1788 Λόγος,
3292 1721 3478 1790 φησὶν,
3502 1722 3532 1773 6
3562 1722 3703 1792 Περ-

2124 1809 2251 1872 σεὺς
2281 1808 2491 1880 ῥύεται.
2530 1810 2775 1880 Περσεὺς
2810 1810 2867 1864 δέ
2916 1811 3065 1863 ἐστιν
3093 1814 3121 1864 6
3154 1811 3458 1883 ὑπόπτερος
3479 1811 3641 1878 ἄξων,
3675 1814 3707 1866 δ

2124 1900 2398 1971 περαίνων
2428 1901 2722 1972 ἑκατέρους
2751 1902 2873 1967 τοὺς
2900 1901 3099 1965 πόλους
3133 1901 3221 1954 διὰ
3251 1902 3426 1973 μέσης
3457 1902 3560 1972 τῆς
3596 1901 3702 1972 γῆς

2123 1993 2217 2046 καί
2249 1992 2496 2063 στρέφων
2522 1992 2613 2044 τὸν
2645 1992 2868 2063 κόσμον.
2900 1992 3060 2045 Ἐστι
3084 1992 3260 2047 δὲκαὶ
3292 1993 3353 2045 τὸ
3386 1992 3602 2062 πνεῦμα
3634 1993 3699 2046 τὸ

2125 2083 2184 2137 ἐν
2211 2082 2290 2155 τῷ
2316 2084 2506 2153 κόσμῳ
2525 2086 2553 2136 6
2574 2083 2721 2154 ὅρνις
2752 2085 2781 2137 6
2807 2083 3018 2147 Κύκνος
3044 2084 3089 2115 ¹⁵
3117 2083 3267 2155 παρὰ
3290 2084 3388 2146 τὰς
3410 2084 3701 2154 Ἀρκτους,

2124 2174 2434 2250 [μουσι]κὺν
2467 2175 2628 2241 ζῶον,
2662 2176 2758 2231 τοῦ
2783 2177 2924 2231 θείου
2954 2176 3220 2247 σύμϐολον
3248 2177 3588 2247 Πεθεύματος·
3619 2178 3703 2232 ὅτι

2122 2269 2261 2340 πρὸς
2287 2269 2471 2331 αὑτοῖς
2496 2267 2598 2339 ἤδη
2637 2270 2747 2332 τοῖς
2781 2267 3016 2339 τέρμασι
3047 2268 3091 2300 ⁸⁸
3123 2267 3416 2338 γενόμενον
3443 2267 3538 2320 τοῦ
3584 2267 3704 2339 βίον

2124 2361 2286 2431 μόνον
2314 2359 2461 2433 ᾅδειν
2498 2359 2732 2428 πέφυκε,
2781 2360 2921 2430 μετά
2963 2359 3177 2430 ἀγαθῆς
3208 2358 3423 2423 ἐλπίδος
3451 2358 3550 2431 τῆς
3580 2359 3696 2413 κτίο

2125 2468 2265 2517 σεως
2323 2456 2421 2523 τῆς
2469 2453 2712 2524 πονηρᾶς
2764 2451 3249 2522 ἀπαλλασσόμενον
3304 2450 3511 2523 ὕμνους
3561 2453 3695 2507 ἁνα-

2124 2544 2342 2615 πέμπον
2371 2544 2416 2575 ¹⁶
2445 2542 2524 2613 τῷ
2557 2542 2697 2613 Θεῷ.
2728 2544 2994 2616 Καρκίνοι
3013 2544 3069 2598 δὲ
3099 2545 3194 2597 καὶ
3221 2543 3411 2617 ταῦροι
3442 2546 3537 2600 καὶ
3555 2545 3705 2599 λέον-

2123 2652 2214 2699 τες
2250 2635 2346 2689 καὶ
2402 2634 2549 2706 κριοὶ
2592 2634 2688 2689 καί
2730 2630 2883 2704 αἶγες
2931 2635 3025 2689 καί
3056 2635 3257 2708 ἔριφοι,
3295 2638 3388 2691 καὶ
3424 2637 3525 2691 δσα
3568 2637 3705 2691 ἄλλα

2124 2728 2288 2799 θηρία
2316 2728 2403 2782 διὰ
2428 2727 2535 2781 τῶν
2561 2726 2777 2798 ἄστρων
2805 2728 3132 2798 ὀνομάζεται
3162 2730 3304 2783 κατά
3331 2730 3423 2784 τὸν
3449 2730 3700 2800 οὐρανὸν.

2125 2822 2333 2885 εἰκόνες
2374 2822 2441 2894 δὴ
2475 2822 2541 2888 ³⁷,
2578 2822 2764 2893 φησὶν,
2814 2821 2923 2873 εἰσὶ
2967 2820 3063 2874 καὶ
3102 2820 3554 2892 παραδείγματα,
3607 2822 3703 2890 ἀφ’

2123 2906 2198 2966 ὧν
2232 2914 2265 2985 ἡ
2296 2913 2606 2985 μεταϐλητὴ
2632 2912 2807 2976 κτίσις
2832 2912 3188 2984 λαμϐάνουσα
3223 2913 3323 2977 τὰς
3359 2912 3502 2978 ἰδέας
3523 2911 3702 2966 aetatis

2123 3021 2231 3057 των
2261 3005 2417 3068 ζώων
2441 3005 2650 3073 γίνεται
2680 3005 2917 3076 πλήρης.

2196 3116 2260 3172 ν’.
2295 3116 2372 3189 [ρ.
2403 3116 2636 3190 87-κ891
2665 3115 2889 3181 Τούτοις
2915 3116 3188 3189 χρώμενοι
3215 3120 3325 3183 τοίς
3352 3118 3534 3187 λόγοις
3558 3119 3705 3173 ἀπα-

2125 3211 2228 3280 τᾷν
2275 3209 2557 3277 νομίζουσι
2606 3208 2854 3273 πολλοὺς,
2888 3211 3006 3263 ὅσοι
3052 3210 3477 3281 περιεργότερον
3506 3211 3548 3243 ¹⁸
3591 3214 3706 3273 τοίς

2128 3298 2480 3369 ἀστρολόγοις
2525 3300 2904 3370 προσέχουσιν,
2955 3299 3208 3353 ἐντεῦθεν
3249 3300 3346 3370 τὴν
3395 3300 3706 3355 θεοσέϐειαν

2130 3390 2387 3459 συνιστᾷν
2442 3388 2773 3458 πειρώμενοι
2830 3388 3050 3461 μακρὰν
3098 3390 3551 3459 ἀπεμφαίνουσαν
3603 3391 3705 3460 τῆς

447 3499 693 3559 propter,
711 3487 915 3551 dilecti,
946 3486 1213 3556 fugiamus
1232 3483 1377 3536 illam
1397 3498 1656 3537 vanorum
1683 3482 2023 3536 mirationem

2126 3481 2334 3534 τούτων
2364 3480 2705 3551 ὑπολήψεως.
2733 3481 2854 3547 Διὸ,
2884 3483 3179 3552 ἀγαπητοὶ,
3210 3482 3471 3551 φύγωμεν
3517 3483 3578 3535 τὸ
3613 3500 3707 3551 pta

446 3579 563 3634 avis
588 3578 858 3644 bubonis;
885 3578 998 3631 haec
1024 3576 1169 3629 enim
1192 3583 1247 3627 et
1266 3573 1638 3641 hujuscemodi
1673 3572 1776 3624 alia
1809 3571 2026 3625 saltatio

446 3680 573 3724 sunt
606 3680 663 3723 et
692 3683 798 3722 non
828 3668 1049 3721 veritas.
1092 3666 1303 3720 Etenim
1336 3664 1482 3717 nullo
1517 3672 1677 3732 pacto
1717 3664 1885 3717 stella:
1915 3664 2028 3717 hazc

444 3758 778 3822 ostendunt,
838 3756 932 3811 sed
978 3756 1045 3810 de
1077 3769 1176 3809 suo
1226 3754 1474 3808 homines
1512 3753 1578 3807 ad
1634 3754 2024 3808 accuratiorem

446 3847 803 3918 quarumdam
824 3845 1102 3900 stellarum
1125 3842 1541 3915 appellationem
1566 3847 1782 3899 nomina
1809 3847 1860 3898 in
1889 3846 2029 3900 hunc

447 3939 670 3993 modum
707 3945 1169 4005 composuerunt,
1210 3951 1317 4005 quo
1366 3936 1632 3991 notabiles
1665 3937 1767 3991 sibi
1813 3938 2025 3993 tierent.

448 4030 589 4098 Quid
622 4031 764 4084 enim
805 4044 946 4085 ursa:
973 4038 1066 4082 aut
1096 4027 1268 4083 leonis
1304 4037 1398 4082 aut
1434 4027 1708 4082 ltaidorum
1744 4037 1836 4082 aut
1859 4044 2028 4098 aqua-

449 4120 517 4173 rii
548 4128 638 4172 aut
661 4117 862 4186 Cephei
896 4126 984 4171 aut
1010 4118 1369 4172 Andromeda:
1403 4128 1494 4171 aut
1520 4129 1878 4187 speclrornm,
1909 4134 2029 4188 quae

450 4209 795 4263 celebrantur
829 4209 882 4261 in
918 4207 1091 4274 Orco,
1131 4208 1309 4262 simile
1345 4207 1547 4261 habent
1570 4208 1740 4262 stellae
1770 4210 2028 4278 dispersa:

451 4315 549 4371 per
574 4301 772 4356 ctelum
803 4338 820 4366 ,
867 4316 990 4355 cum
1039 4299 1208 4354 multo
1237 4309 1360 4369 post
1389 4300 1497 4352 nati
1534 4299 1643 4353 sint
1696 4299 1750 4353 hi
1783 4300 2027 4354 homines

451 4392 779 4461 nominaque
818 4401 1106 4460 postquam
1160 4390 1438 4444 homirnam
1474 4390 1685 4445 exstitit
1731 4400 1928 4444 ortus:
1970 4398 2028 4443 ut

449 4484 613 4537 etiam
641 4483 882 4538 hmretici
915 4482 1147 4552 perculsi
1179 4482 1487 4552 spectaculo
1520 4484 1590 4535 ita
1628 4482 1843 4535 denmm
1873 4480 2028 4533 anni-

452 4581 638 4626 tantur
669 4588 764 4641 per
789 4572 924 4627 tales
953 4586 1236 4628 sermones
1269 4574 1596 4628 continuare
1625 4586 1751 4626 suas
1787 4570 2025 4640 ipsorum

449 4662 766 4718 doctrinas?

523 4774 613 4828 5|.
668 4772 773 4829 Sed
823 4774 1078 4844 quoniam
1127 4791 1264 4847 pene
1312 4775 1455 4831 nulla
1493 4788 1596 4828 non
1654 4773 1877 4827 hmrcSIs
1929 4787 2026 4842 per

2129 3570 2545 3641 κροθαύμαστον
2571 3570 2665 3623 τοῦ
2694 3570 2905 3639 ὄρνιθος
2932 3570 3024 3624 τοῦ
3059 3568 3199 3624 ὥτου
3218 3586 3231 3600 ’
3272 3571 3446 3624 ταῦτα
3470 3572 3578 3642 γὰρ
3611 3575 3708 3625 καὶ

2125 3662 2195 3716 τὰ
2238 3663 2413 3716 τοιάδε
2452 3662 2687 3734 δρχησίς
2727 3665 2843 3716 ἐστι
2891 3663 2986 3716 καὶ
3030 3662 3132 3716 οὐκ
3174 3662 3418 3734 ἀλήθεια.
3448 3663 3610 3717 Οὐδὲν
3660 3664 3705 3695 ⁸⁹

2127 3755 2234 3824 γὰρ
2259 3754 2434 3825 ἄστρα
2459 3754 2630 3807 ταῦτα
2651 3753 2821 3824 δηλοῖ,
2854 3753 2993 3807 ἀλλά
3021 3753 3165 3818 ἰδίως
3188 3756 3237 3807 οἱ
3264 3754 3535 3823 ἄνθρωποι
3564 3752 3702 3822 πρὸς

2127 3848 2290 3917 ὲπιση
2301 3846 2529 3917 μείωσίν
2561 3862 2721 3899 τινων
2755 3846 2970 3917 ἄστρων
2993 3845 3229 3917 ὀνόματα
3253 3844 3422 3906 οὕτως
3445 3843 3701 3896 ὲπεκὰλε·

2130 3955 2250 4005 σαν,
2310 3938 2397 3991 ἵνα
2439 3940 2622 4000 αὑτοῖς
2666 3939 2916 4007 ἐπίσημα
2969 3939 3015 3970 ¹⁰
3160 3938 3225 3991 Τί
3259 3938 3367 4008 γὰρ
3405 3936 3628 4005 ἄρκτου,
3662 3935 3698 4005 ἢ

2127 4028 2358 4091 λέοντος,
2387 4029 2420 4097 ἢ
2450 4026 2730 4097 ἐρίφων,ἧ
2761 4028 3037 4097 ὑδροχόον,
3065 4028 3098 4098 ἧ
3134 4029 3390 4097 Κηφέως,
3421 4025 3454 4094 ἢ
3498 4023 3706 4092 Ἀνδροο

2131 4120 2366 4192 μέδας,ἢ
2394 4119 2502 4171 τῶν
2531 4121 2589 4172 ὲν
2614 4119 2801 4190 ’ᾍιδου
2829 4119 3242 4190 ὀνομαζομένων
3268 4116 3497 4169 εἰδώλων
3525 4117 3707 4184 ὅμοιον

2127 4210 2343 4279 ἔχουσιν
2386 4209 2616 4279 ἀστέρες
2679 4209 3069 4280 διεσπαρμένοι
3122 4208 3265 4262 κατά
3307 4206 3400 4259 τὸν
3452 4204 3705 4275 οὐρανὸν,

2128 4302 2263 4354 πολὺ
2323 4301 2801 4372 μεταγενεστέρων
2849 4299 3233 4369 γεγενημένων
3275 4298 3319 4329 ’ί
3355 4295 3559 4349 τούτων
3591 4294 3707 4348 τῶν

2127 4390 2431 4462 ἀνθρώπων
2464 4393 2558 4445 καὶ
2590 4393 2700 4444 τῶν
2749 4393 3031 4460 ὀνομάτων
3075 4390 3108 4461 ἦ
3157 4392 3201 4423 ²²
3247 4389 3356 4443 τῶν
3400 4388 3706 4457 ἀνθρώπων

2131 4486 2432 4555 συνέστηκε
2463 4485 2752 4555 γέννησις·
2785 4484 2874 4538 ἵνα
2907 4484 3003 4537 καὶ
3028 4485 3079 4536 οἰ
3114 4482 3381 4553 αἱρετικοί
3413 4479 3706 4534 καταπλα·⁵

2127 4577 2315 4645 γέντες
2357 4577 2417 4629 τὸ
2448 4575 2633 4646 θαῦμα
2685 4576 2857 4641 οὕτως
2911 4576 3314 4648 ὲξεργάσωνται
3356 4573 3446 4627 διὰ
3481 4571 3705 4625 τοιῶνδε

2127 4665 2300 4736 λόγων
2329 4668 2395 4721 τὰ
2425 4667 2530 4721 ἴδια
2549 4667 2792 4738 δόγματα
2823 4669 3108 4738 συνιστᾷνς

2197 4786 2298 4833 va’.
2347 4779 2487 4833 Ἀλλ’
2516 4780 2646 4833 ἐπεὶ
2696 4780 2883 4852 σχεδὸν
2922 4782 3074 4834 πᾶσα
3109 4780 3318 4850 αἵρεσις
3344 4778 3432 4832 διὰ
3459 4770 3557 4846 τῆς
3587 4777 3710 4847 ἀριδ

452 4864 849 4920 arithmeticam
885 4877 1057 4920 artem
1088 4866 1290 4921 invenit
1313 4865 1710 4921 hebdomadum
1743 4879 2023 4919 mensuras

2130 4871 2402 4942 θμητικῆς
2423 4870 2617 4941 τέχνης
2648 4872 2880 4942 ἐφεῦρεν
2900 4871 3213 4940 ἑϐδομάδων
3242 4869 3420 4941 μέτρα
3451 4868 3545 4920 καὶ
3573 4864 3708 4918 αἰώδ

450 4964 507 5009 et
536 4970 747 5010 a-onum
777 4957 1035 5027 quasdam
1066 4957 1389 5027 propagines
1414 4997 1431 5022 ,
1478 4971 1601 5011 cum
1632 4956 1721 5009 alii
1751 4957 1911 5011 aliter
1936 4970 2027 5010 aro

453 5054 560 5100 tem
594 5046 960 5102 distraherent
981 5057 1035 5102 et
1064 5048 1195 5102 solis
1227 5049 1540 5104 nominibus
1571 5049 1887 5113 variarent,
1926 5050 2026 5102 ho-

452 5153 572 5190 rum
607 5146 784 5193 autem
812 5140 1070 5210 magister
1099 5140 1167 5194 iis
1190 5140 1399 5195 exstitit
1418 5139 1774 5212 Pythagoras,
1798 5142 1889 5209 qui
1922 5140 2031 5209 pri-

2131 4978 2240 5014 νων
2283 4960 2434 5024 τινὰς
2479 4960 2788 5033 προϐολὰς,
2849 4962 3025 5016 ἄλλων
3069 4960 3248 5022 ἄλλως
3297 4961 3344 4992 ’³
3366 4960 3465 5029 τὴν
3510 4957 3708 5027 τέχνην

2132 5051 2488 5105 διασπώντων
2508 5053 2725 5115 καὶτοῖς
2747 5052 2977 5122 ὀνόμασι
3005 5054 3166 5122 μόνον
3192 5050 3620 5105 διαλλασσόντων
3635 5047 3708 5113 ’⁵,

2134 5141 2341 5195 τούτων
2382 5142 2439 5195 δὲ
2488 5143 2672 5206 αὑτοῖς
2718 5136 3040 5206 διδάσκοι).ος
3086 5141 3294 5209 γίνεται
3346 5140 3708 5210 Πυθαγόρας,

452 5245 574 5287 mus
603 5246 667 5286 ex
695 5230 925 5302 Egypto
955 5229 1257 5300 huiusmodi
1283 5246 1537 5287 numeros
1566 5232 1816 5286 tradidit:
1846 5231 2019 5300 placet

2128 5230 2345 5303 πρῶτος
2379 5234 2456 5296 εἰς
2505 5232 2777 5304 Ἕλληνας
2812 5232 2908 5286 ἀπ’
2940 5231 3219 5300 Αἰγύπτου
3268 5232 3395 5294 τοὺς
3432 5231 3710 5293 τοιούτους

1718 5386 1946 5444 VARUS
1984 5385 2387 5443 LECTIONES.

520 5502 542 5533 '
577 5504 656 5566 εἰς
683 5501 834 5555 ἀΐδαο
861 5503 923 5568 C,
957 5501 1031 5559 cf.
1071 5504 1225 5559 Arat.
1255 5521 1307 5563 ν.
1355 5505 1456 5561 179
1558 5506 1578 5538 ⁹
1608 5505 1997 5562 Κασιέπειαϐ.

2107 5508 2152 5579 ¹ί⁰
2183 5506 2524 5579 Κοισιέπειαν
2569 5509 2632 5563 C.
2700 5508 2742 5541 “
2778 5508 2889 5579 ,τῶν
2919 5512 3061 5579 ἀμφ.
3107 5509 3171 5571 C.
3202 5502 3274 5561 Μ.
3350 5503 3487 5579 ¹¹ᾏτὺ
3512 5502 3709 5575 κῆτος.

453 5571 537 5651 Cl".
575 5576 725 5625 Arat.
764 5588 813 5625 ν.
845 5574 960 5651 555.
988 5591 1071 5643 sq.
1106 5574 1269 5651 :_'i‘-l;v
1296 5576 1357 5651 δὲ
1397 5581 1491 5651 καὶ
1521 5577 1621 5651 οὐκ
1665 5577 1856 5651 όλίγρνΔ
1883 5593 1998 5651 περ,
2028 5577 2300 5651 ἀπόπροθι
2345 5582 2655 5651 πεπτηυῖαν
2687 5579 2696 5651 |
2743 5571 3107 5651 Ἀνδρομέδην
3153 5579 3311 5651 μέγα-
3335 5577 3516 5651 Κῆτος
3552 5571 3714 5651 ἐξειρ-

455 5642 682 5725 χόμενον
734 5642 1084 5725 κατεπείγειἒ
1144 5645 1189 5676 ¹³
1218 5642 1409 5725 τούτου
1580 5647 1625 5725 ‘_‘
1764 5642 2044 5725 ξιξιιυίίίιι
2069 5642 2222 5701 Arni.
2260 5663 2310 5701 ν.
2342 5647 2451 5725 ξὲΐῖῑξ
2481 5642 2734 5725 ε’Τούτόν
2764 5642 2882 5725 τὸν
2902 5642 3269 5725 δρνινόἰ’μὲν
3299 5642 3550 5725 λέγουσιν
3584 5642 3713 5697 liv-16

456 5714 652 5792 κύκνργ
674 5714 1185 5792 ⁸διαίςιιισξεριεςθῆνοιι
1215 5715 1294 5776 εἰς
1331 5717 1494 5792 τιμῂν
1516 5715 1609 5768 τοῦ
1643 5716 1989 5792 ’ξΑπόλλωνος
2019 5717 2404 5792 ᾗτε-μουσικὸν
2428 5718 2574 5772 όντα.
2639 5718 2680 5750 ⁸⁸
2702 5721 2815 5779 τοῖς
2855 5714 3137 5792 σπέρμασι
3160 5714 3233 5792 C._
3299 5717 3341 5748 “
3372 5714 3714 5792 ὀρίαπῇμῖῖιςζν

547 5779 635 5859 ηξ⁷
671 5780 839 5859 δηέιδὲ
864 5779 946 5859 C,‘
972 5783 1040 5859 Al,
1076 5779 1598 5859 μί’-περιεργότερον.
1636 5786 1698 5840 C.
1776 5786 1820 5818 "
1860 5779 1993 5840 Οὐδὲ
2023 5786 2085 5852 C,
2119 5779 2191 5842 Μ.
2262 5787 2308 5819 ’⁸
2335 5790 2649 5859 ἐπισημανῇ
2694 5790 2756 5842 C.
2834 5790 2876 5820 "

460 5850 506 5879 “
536 5846 875 5913 ἀλληνὰλλως
901 5851 962 5906 C.
1003 5851 1050 5882 “
1073 5846 1464 5906 διαλασσόνίτων
1485 5846 1546 5907 (λ’.

2930 5782 3345 5857 γεγεννημένων
3382 5784 3445 5840 C.
3515 5782 3563 5816 “
3589 5784 3624 5854 ἠ
3644 5782 3711 5834 C-
