  <div class='ocr_page' id='page_1' title='image "/cluster/home/n/w/nwhite01/storage/ocr_20150623/16:no.6:pt.3/coo.31924054872969/392.png"; bbox 0 0 4080 6436; ppageno 0'>
   <div class='ocr_carea' id='block_1_1' title="bbox 424 477 568 544">
    <p class='ocr_par' dir='ltr' id='par_1_1' title="bbox 424 477 568 544">
     <span class='ocr_line' id='line_1_1' title="bbox 424 477 568 544; baseline 0 0"><span class='ocrx_word' id='word_1_1' title='bbox 424 477 568 544; x_wconf 72' lang='grc'><strong>3119</strong></span> 
     </span>
    </p>
   </div>
   <div class='ocr_carea' id='block_1_2' title="bbox 1557 479 2553 545">
    <p class='ocr_par' dir='ltr' id='par_1_2' title="bbox 1557 479 2553 545">
     <span class='ocr_line' id='line_1_2' title="bbox 1557 479 2553 545; baseline 0.007 -7"><span class='ocrx_word' id='word_1_2' title='bbox 1557 479 1855 539; x_wconf 83' lang='lat' dir='ltr'><strong>CONTRA</strong></span> <span class='ocrx_word' id='word_1_3' title='bbox 1887 480 2234 542; x_wconf 83' lang='lat' dir='ltr'><strong>HERESES</strong></span> <span class='ocrx_word' id='word_1_4' title='bbox 2273 483 2419 544; x_wconf 91' lang='lat' dir='ltr'><strong>LIB.</strong></span> <span class='ocrx_word' id='word_1_5' title='bbox 2456 484 2553 545; x_wconf 82' lang='lat' dir='ltr'><strong>IV.</strong></span> 
     </span>
    </p>
   </div>
   <div class='ocr_carea' id='block_1_3' title="bbox 3538 490 3680 561">
    <p class='ocr_par' dir='ltr' id='par_1_3' title="bbox 3538 490 3680 561">
     <span class='ocr_line' id='line_1_3' title="bbox 3538 490 3680 561; baseline 0.028 -4"><span class='ocrx_word' id='word_1_6' title='bbox 3538 490 3680 561; x_wconf 79' lang='grc'><strong>3120</strong></span> 
     </span>
    </p>
   </div>
   <div class='ocr_carea' id='block_1_4' title="bbox 428 589 1997 679">
    <p class='ocr_par' dir='ltr' id='par_1_4' title="bbox 428 589 1997 666">
     <span class='ocr_line' id='line_1_4' title="bbox 428 589 1997 666; baseline -0.002 -16"><span class='ocrx_word' id='word_1_7' title='bbox 428 594 697 666; x_wconf 79' lang='grc' dir='ltr'>ἀριθμοὺς</span> <span class='ocrx_word' id='word_1_8' title='bbox 729 592 1035 666; x_wconf 87' lang='grc' dir='ltr'>παραδούς·</span> <span class='ocrx_word' id='word_1_9' title='bbox 1084 592 1232 646; x_wconf 84' lang='grc' dir='ltr'>δοκεῖ</span> <span class='ocrx_word' id='word_1_10' title='bbox 1264 590 1399 662; x_wconf 80' lang='grc' dir='ltr'>μηδὲ</span> <span class='ocrx_word' id='word_1_11' title='bbox 1449 589 1608 645; x_wconf 79' lang='grc' dir='ltr'>τοῦτο</span> <span class='ocrx_word' id='word_1_12' title='bbox 1654 593 1997 663; x_wconf 68' lang='grc' dir='ltr'><strong>παραλιπεῖν1</strong></span> 
     </span>
    </p>
   </div>
   <div class='ocr_carea' id='block_1_5' title="bbox 2096 589 3681 679">
    <p class='ocr_par' dir='ltr' id='par_1_5' title="bbox 2112 598 3681 679">
     <span class='ocr_line' id='line_1_5' title="bbox 2112 598 3681 679; baseline 0.011 -31"><span class='ocrx_word' id='word_1_13' title='bbox 2112 611 2180 651; x_wconf 85' lang='grc' dir='ltr'><strong>ηε</strong></span> <span class='ocrx_word' id='word_1_14' title='bbox 2202 598 2304 652; x_wconf 90' lang='lat' dir='ltr'><strong>hoc</strong></span> <span class='ocrx_word' id='word_1_15' title='bbox 2325 599 2540 667; x_wconf 83' lang='lat' dir='ltr'><strong>quidem</strong></span> <span class='ocrx_word' id='word_1_16' title='bbox 2568 602 3004 670; x_wconf 58' lang='lat' dir='ltr'><strong>praetermittere,</strong></span> <span class='ocrx_word' id='word_1_17' title='bbox 3023 607 3140 671; x_wconf 85' lang='lat' dir='ltr'><strong>sed,</strong></span> <span class='ocrx_word' id='word_1_18' title='bbox 3174 607 3261 663; x_wconf 81' lang='lat' dir='ltr'><strong>ubi</strong></span> <span class='ocrx_word' id='word_1_19' title='bbox 3290 610 3475 679; x_wconf 81' lang='lat' dir='ltr'><strong>paucis</strong></span> <span class='ocrx_word' id='word_1_20' title='bbox 3497 621 3681 666; x_wconf 87' lang='lat' dir='ltr'><strong>osten-</strong></span> 
     </span>
    </p>
   </div>
   <div class='ocr_carea' id='block_1_6' title="bbox 427 682 2003 755">
    <p class='ocr_par' dir='ltr' id='par_1_6' title="bbox 427 682 2003 755">
     <span class='ocr_line' id='line_1_6' title="bbox 427 682 2003 755; baseline -0.003 -14"><span class='ocrx_word' id='word_1_21' title='bbox 427 686 566 741; x_wconf 78' lang='grc' dir='ltr'>ἀλλὰ</span> <span class='ocrx_word' id='word_1_22' title='bbox 592 686 682 740; x_wconf 82' lang='grc' dir='ltr'><strong>διὰ</strong></span> <span class='ocrx_word' id='word_1_23' title='bbox 698 685 964 755; x_wconf 81' lang='grc' dir='ltr'><strong>συντόμου</strong></span> <span class='ocrx_word' id='word_1_24' title='bbox 983 683 1263 748; x_wconf 79' lang='grc' dir='ltr'><strong>δείξαντας</strong></span> <span class='ocrx_word' id='word_1_25' title='bbox 1284 684 1376 736; x_wconf 73' lang='grc' dir='ltr'><strong>ἐπὶ</strong></span> <span class='ocrx_word' id='word_1_26' title='bbox 1399 682 1498 753; x_wconf 75' lang='grc' dir='ltr'>τὴν</span> <span class='ocrx_word' id='word_1_27' title='bbox 1526 683 1632 736; x_wconf 89' lang='grc' dir='ltr'><strong>τῶν</strong></span> <span class='ocrx_word' id='word_1_28' title='bbox 1654 684 2003 754; x_wconf 80' lang='grc' dir='ltr'><strong>ζητουμένων</strong></span> 
     </span>
    </p>
   </div>
   <div class='ocr_carea' id='block_1_7' title="bbox 427 770 2004 845">
    <p class='ocr_par' dir='ltr' id='par_1_7' title="bbox 427 770 2004 845">
     <span class='ocr_line' id='line_1_7' title="bbox 427 770 2004 845; baseline -0.005 -15"><span class='ocrx_word' id='word_1_29' title='bbox 427 774 702 842; x_wconf 77' lang='grc' dir='ltr'>ἀπόδειξιν</span> <span class='ocrx_word' id='word_1_30' title='bbox 728 774 1000 845; x_wconf 82' lang='grc' dir='ltr'>χωρῆσαι.</span> <span class='ocrx_word' id='word_1_31' title='bbox 1026 772 1322 842; x_wconf 86' lang='grc' dir='ltr'>Γεγόνασιν</span> <span class='ocrx_word' id='word_1_32' title='bbox 1354 770 1713 841; x_wconf 73' lang='grc' dir='ltr'>ἀριθμητικοὶ</span> <span class='ocrx_word' id='word_1_33' title='bbox 1744 771 1838 823; x_wconf 83' lang='grc' dir='ltr'>καὶ</span> <span class='ocrx_word' id='word_1_34' title='bbox 1866 788 2004 837; x_wconf 83' lang='grc' dir='ltr'>γεω-</span> 
     </span>
    </p>
   </div>
   <div class='ocr_carea' id='block_1_8' title="bbox 431 858 2004 935">
    <p class='ocr_par' dir='ltr' id='par_1_8' title="bbox 431 858 2004 935">
     <span class='ocr_line' id='line_1_8' title="bbox 431 858 2004 935; baseline -0.004 -18"><span class='ocrx_word' id='word_1_35' title='bbox 431 863 629 935; x_wconf 80' lang='grc' dir='ltr'>μέτραι</span> <span class='ocrx_word' id='word_1_36' title='bbox 690 865 760 930; x_wconf 76' lang='grc'><strong>’⁵,</strong></span> <span class='ocrx_word' id='word_1_37' title='bbox 804 860 887 926; x_wconf 76' lang='grc' dir='ltr'>οἷς</span> <span class='ocrx_word' id='word_1_38' title='bbox 928 861 1163 933; x_wconf 86' lang='grc' dir='ltr'>μάλιστα</span> <span class='ocrx_word' id='word_1_39' title='bbox 1206 858 1308 923; x_wconf 81' lang='grc' dir='ltr'><strong>τὰς</strong></span> <span class='ocrx_word' id='word_1_40' title='bbox 1361 859 1538 930; x_wconf 75' lang='grc' dir='ltr'>ἀρχὰς</span> <span class='ocrx_word' id='word_1_41' title='bbox 1592 859 2004 929; x_wconf 74' lang='grc' dir='ltr'><strong>παρεσχηκέναι</strong></span> 
     </span>
    </p>
   </div>
   <div class='ocr_carea' id='block_1_9' title="bbox 426 944 2002 1024">
    <p class='ocr_par' dir='ltr' id='par_1_9' title="bbox 426 944 2002 1024">
     <span class='ocr_line' id='line_1_9' title="bbox 426 944 2002 1024; baseline -0.005 -16"><span class='ocrx_word' id='word_1_42' title='bbox 426 953 575 1008; x_wconf 84' lang='grc' dir='ltr'>δοκεῖ</span> <span class='ocrx_word' id='word_1_43' title='bbox 607 952 822 1024; x_wconf 86' lang='grc' dir='ltr'>πρῶτος</span> <span class='ocrx_word' id='word_1_44' title='bbox 851 951 1177 1022; x_wconf 74' lang='grc' dir='ltr'>Πυθαγόρας</span> <span class='ocrx_word' id='word_1_45' title='bbox 1201 966 1214 980; x_wconf 77' lang='grc' dir='ltr'><strong>ο</strong></span> <span class='ocrx_word' id='word_1_46' title='bbox 1242 950 1338 1002; x_wconf 77' lang='grc' dir='ltr'>καὶ</span> <span class='ocrx_word' id='word_1_47' title='bbox 1370 944 1516 1002; x_wconf 76' lang='grc' dir='ltr'>οὗτοι</span> <span class='ocrx_word' id='word_1_48' title='bbox 1541 948 1587 979; x_wconf 71' lang='grc'><strong>’⁸</strong></span> <span class='ocrx_word' id='word_1_49' title='bbox 1615 947 1723 1000; x_wconf 87' lang='grc' dir='ltr'><strong>τῶν</strong></span> <span class='ocrx_word' id='word_1_50' title='bbox 1751 946 2002 1017; x_wconf 87' lang='grc' dir='ltr'>ἀριθμῶν</span> 
     </span>
    </p>
   </div>
   <div class='ocr_carea' id='block_1_10' title="bbox 427 1034 2000 1113">
    <p class='ocr_par' dir='ltr' id='par_1_10' title="bbox 427 1034 2000 1113">
     <span class='ocr_line' id='line_1_10' title="bbox 427 1034 2000 1113; baseline -0.006 -18"><span class='ocrx_word' id='word_1_51' title='bbox 427 1043 508 1104; x_wconf 78' lang='grc' dir='ltr'><strong>είς</strong></span> <span class='ocrx_word' id='word_1_52' title='bbox 533 1041 761 1113; x_wconf 80' lang='grc' dir='ltr'>ἄπειρον</span> <span class='ocrx_word' id='word_1_53' title='bbox 793 1040 881 1094; x_wconf 74' lang='grc' dir='ltr'>ἀεὶ</span> <span class='ocrx_word' id='word_1_54' title='bbox 923 1039 1231 1109; x_wconf 76' lang='grc' dir='ltr'><strong>προχωρεῖν</strong></span> <span class='ocrx_word' id='word_1_55' title='bbox 1263 1036 1576 1106; x_wconf 79' lang='grc' dir='ltr'><strong>δυναμένων</strong></span> <span class='ocrx_word' id='word_1_56' title='bbox 1613 1034 1690 1104; x_wconf 80' lang='grc' dir='ltr'>τῷ</span> <span class='ocrx_word' id='word_1_57' title='bbox 1723 1034 2000 1087; x_wconf 86' lang='grc' dir='ltr'>πολυπλα-</span> 
     </span>
    </p>
   </div>
   <div class='ocr_carea' id='block_1_11' title="bbox 428 1124 2000 1203">
    <p class='ocr_par' dir='ltr' id='par_1_11' title="bbox 428 1124 2000 1203">
     <span class='ocr_line' id='line_1_11' title="bbox 428 1124 2000 1203; baseline -0.006 -17"><span class='ocrx_word' id='word_1_58' title='bbox 428 1130 649 1203; x_wconf 81' lang='grc' dir='ltr'>σιασμῷ</span> <span class='ocrx_word' id='word_1_59' title='bbox 672 1132 900 1192; x_wconf 80' lang='grc' dir='ltr'>καὶτοῖς</span> <span class='ocrx_word' id='word_1_60' title='bbox 922 1124 1165 1201; x_wconf 81' lang='grc' dir='ltr'>σχήμασι</span> <span class='ocrx_word' id='word_1_61' title='bbox 1186 1127 1282 1191; x_wconf 80' lang='grc' dir='ltr'><strong>τὰς</strong></span> <span class='ocrx_word' id='word_1_62' title='bbox 1306 1124 1528 1197; x_wconf 78' lang='grc' dir='ltr'><strong>πρώτας</strong></span> <span class='ocrx_word' id='word_1_63' title='bbox 1544 1125 1633 1178; x_wconf 77' lang='grc' dir='ltr'>ἔλα</span> <span class='ocrx_word' id='word_1_64' title='bbox 1643 1125 1735 1178; x_wconf 88' lang='grc' dir='ltr'>6ον</span> <span class='ocrx_word' id='word_1_65' title='bbox 1760 1126 1934 1195; x_wconf 83' lang='grc' dir='ltr'>ἀρχὰς</span> <span class='ocrx_word' id='word_1_66' title='bbox 1956 1125 2000 1158; x_wconf 71' lang='grc'><strong>’⁷</strong></span> 
     </span>
    </p>
   </div>
   <div class='ocr_carea' id='block_1_12' title="bbox 425 1214 2000 1294">
    <p class='ocr_par' dir='ltr' id='par_1_12' title="bbox 425 1214 2000 1294">
     <span class='ocr_line' id='line_1_12' title="bbox 425 1214 2000 1294; baseline -0.007 -16"><span class='ocrx_word' id='word_1_67' title='bbox 425 1224 590 1278; x_wconf 76' lang='grc' dir='ltr'>οἱονεὶ</span> <span class='ocrx_word' id='word_1_68' title='bbox 630 1222 912 1294; x_wconf 80' lang='grc' dir='ltr'><strong>θεωρητὰς</strong></span> <span class='ocrx_word' id='word_1_69' title='bbox 965 1221 1110 1292; x_wconf 85' lang='grc' dir='ltr'>μόνῳ</span> <span class='ocrx_word' id='word_1_70' title='bbox 1151 1218 1231 1290; x_wconf 84' lang='grc' dir='ltr'>τῷ</span> <span class='ocrx_word' id='word_1_71' title='bbox 1268 1217 1433 1288; x_wconf 81' lang='grc' dir='ltr'>λόγῳ.</span> <span class='ocrx_word' id='word_1_72' title='bbox 1480 1214 1824 1288; x_wconf 84' lang='grc' dir='ltr'>Γεωμετρίας</span> <span class='ocrx_word' id='word_1_73' title='bbox 1869 1215 2000 1286; x_wconf 78' lang='grc' dir='ltr'>γὰρ,</span> 
     </span>
    </p>
   </div>
   <div class='ocr_carea' id='block_1_13' title="bbox 424 1306 2000 1382">
    <p class='ocr_par' dir='ltr' id='par_1_13' title="bbox 424 1306 2000 1382">
     <span class='ocr_line' id='line_1_13' title="bbox 424 1306 2000 1382; baseline -0.004 -14"><span class='ocrx_word' id='word_1_74' title='bbox 424 1306 506 1377; x_wconf 77' lang='grc' dir='ltr'><strong>ὡς</strong></span> <span class='ocrx_word' id='word_1_75' title='bbox 535 1312 683 1367; x_wconf 69' lang='grc' dir='ltr'>ἔστιν</span> <span class='ocrx_word' id='word_1_76' title='bbox 728 1306 943 1375; x_wconf 61' lang='grc' dir='ltr'>ἐνιδεῖν,</span> <span class='ocrx_word' id='word_1_77' title='bbox 997 1309 1222 1382; x_wconf 85' lang='grc' dir='ltr'>σημεῖόν</span> <span class='ocrx_word' id='word_1_78' title='bbox 1253 1310 1400 1362; x_wconf 80' lang='grc' dir='ltr'>ἐστιν</span> <span class='ocrx_word' id='word_1_79' title='bbox 1433 1307 1578 1379; x_wconf 84' lang='grc' dir='ltr'>ἀρχὴ</span> <span class='ocrx_word' id='word_1_80' title='bbox 1625 1308 1828 1381; x_wconf 66' lang='grc' dir='ltr'>ἀμερὲς</span> <span class='ocrx_word' id='word_1_81' title='bbox 1851 1349 1866 1372; x_wconf 92' lang='grc'><strong>,</strong></span> <span class='ocrx_word' id='word_1_82' title='bbox 1905 1310 2000 1362; x_wconf 87' lang='grc' dir='ltr'><strong>ἀπ’</strong></span> 
     </span>
    </p>
   </div>
   <div class='ocr_carea' id='block_1_14' title="bbox 426 1393 2003 1475">
    <p class='ocr_par' dir='ltr' id='par_1_14' title="bbox 426 1393 2003 1475">
     <span class='ocr_line' id='line_1_14' title="bbox 426 1393 2003 1475; baseline -0.003 -17"><span class='ocrx_word' id='word_1_83' title='bbox 426 1403 639 1460; x_wconf 72' lang='grc' dir='ltr'>ῑκείνου</span> <span class='ocrx_word' id='word_1_84' title='bbox 665 1403 723 1459; x_wconf 71' lang='lat' dir='ltr'><strong>at</strong></span> <span class='ocrx_word' id='word_1_85' title='bbox 753 1403 846 1458; x_wconf 81' lang='grc' dir='ltr'>τοῦ</span> <span class='ocrx_word' id='word_1_86' title='bbox 876 1399 1102 1475; x_wconf 77' lang='grc' dir='ltr'><strong>σημείου</strong></span> <span class='ocrx_word' id='word_1_87' title='bbox 1126 1398 1194 1472; x_wconf 68' lang='grc' dir='ltr'>τῇ</span> <span class='ocrx_word' id='word_1_88' title='bbox 1221 1400 1386 1472; x_wconf 77' lang='grc' dir='ltr'>τέχνῃ</span> <span class='ocrx_word' id='word_1_89' title='bbox 1406 1402 1441 1471; x_wconf 83' lang='grc' dir='ltr'><strong>ἡ</strong></span> <span class='ocrx_word' id='word_1_90' title='bbox 1468 1393 1577 1453; x_wconf 87' lang='grc' dir='ltr'><strong>τῶν</strong></span> <span class='ocrx_word' id='word_1_91' title='bbox 1608 1400 1851 1471; x_wconf 77' lang='grc' dir='ltr'>ἀπείρων</span> <span class='ocrx_word' id='word_1_92' title='bbox 1878 1419 2003 1472; x_wconf 80' lang='grc' dir='ltr'>σχη·</span> 
     </span>
    </p>
   </div>
   <div class='ocr_carea' id='block_1_15' title="bbox 428 1492 2000 1570">
    <p class='ocr_par' dir='ltr' id='par_1_15' title="bbox 428 1492 2000 1570">
     <span class='ocr_line' id='line_1_15' title="bbox 428 1492 2000 1570; baseline -0.004 -17"><span class='ocrx_word' id='word_1_93' title='bbox 428 1499 616 1570; x_wconf 85' lang='grc' dir='ltr'>μάτων</span> <span class='ocrx_word' id='word_1_94' title='bbox 641 1497 749 1552; x_wconf 75' lang='grc' dir='ltr'>ἀπὸ</span> <span class='ocrx_word' id='word_1_95' title='bbox 788 1495 884 1550; x_wconf 80' lang='grc' dir='ltr'><strong>τοῦ</strong></span> <span class='ocrx_word' id='word_1_96' title='bbox 930 1494 1157 1567; x_wconf 78' lang='grc' dir='ltr'><strong>σημείου</strong></span> <span class='ocrx_word' id='word_1_97' title='bbox 1186 1494 1399 1561; x_wconf 83' lang='grc' dir='ltr'>γένεσις</span> <span class='ocrx_word' id='word_1_98' title='bbox 1436 1493 1772 1564; x_wconf 80' lang='grc' dir='ltr'>εὑρίσκεται.</span> <span class='ocrx_word' id='word_1_99' title='bbox 1840 1492 2000 1547; x_wconf 78' lang='grc' dir='ltr'>Ῥυὲν</span> 
     </span>
    </p>
   </div>
   <div class='ocr_carea' id='block_1_16' title="bbox 422 1587 2001 1664">
    <p class='ocr_par' dir='ltr' id='par_1_16' title="bbox 422 1587 2001 1664">
     <span class='ocr_line' id='line_1_16' title="bbox 422 1587 2001 1664; baseline -0.003 -18"><span class='ocrx_word' id='word_1_100' title='bbox 422 1591 534 1664; x_wconf 82' lang='grc' dir='ltr'><strong>γὰρ</strong></span> <span class='ocrx_word' id='word_1_101' title='bbox 557 1591 621 1645; x_wconf 83' lang='grc' dir='ltr'>τὸ</span> <span class='ocrx_word' id='word_1_102' title='bbox 661 1591 886 1661; x_wconf 80' lang='grc' dir='ltr'>σημεῖον</span> <span class='ocrx_word' id='word_1_103' title='bbox 946 1589 956 1660; x_wconf 98' lang='lat'><strong><em>|</em></strong></span> <span class='ocrx_word' id='word_1_104' title='bbox 1016 1589 1113 1642; x_wconf 65' lang='grc' dir='ltr'><strong>ἐπὶ</strong></span> <span class='ocrx_word' id='word_1_105' title='bbox 1143 1587 1316 1660; x_wconf 88' lang='grc' dir='ltr'>μῆκος</span> <span class='ocrx_word' id='word_1_106' title='bbox 1352 1587 1562 1656; x_wconf 88' lang='grc' dir='ltr'>γίνεται</span> <span class='ocrx_word' id='word_1_107' title='bbox 1604 1588 1837 1660; x_wconf 78' lang='grc' dir='ltr'>γραμμὴ</span> <span class='ocrx_word' id='word_1_108' title='bbox 1865 1589 2001 1659; x_wconf 86' lang='grc' dir='ltr'><strong>μετά</strong></span> 
     </span>
    </p>
   </div>
   <div class='ocr_carea' id='block_1_17' title="bbox 420 1679 2000 1754">
    <p class='ocr_par' dir='ltr' id='par_1_17' title="bbox 420 1679 2000 1754">
     <span class='ocr_line' id='line_1_17' title="bbox 420 1679 2000 1754; baseline -0.003 -17"><span class='ocrx_word' id='word_1_109' title='bbox 420 1682 522 1754; x_wconf 74' lang='grc' dir='ltr'>τὴν</span> <span class='ocrx_word' id='word_1_110' title='bbox 551 1682 707 1753; x_wconf 78' lang='grc' dir='ltr'>ῥύσιν</span> <span class='ocrx_word' id='word_1_111' title='bbox 731 1722 747 1747; x_wconf 94' lang='grc'><strong>,</strong></span> <span class='ocrx_word' id='word_1_112' title='bbox 785 1680 955 1752; x_wconf 80' lang='grc' dir='ltr'>πέρας</span> <span class='ocrx_word' id='word_1_113' title='bbox 993 1679 1194 1750; x_wconf 74' lang='grc' dir='ltr'>εχουσα</span> <span class='ocrx_word' id='word_1_114' title='bbox 1226 1681 1470 1750; x_wconf 84' lang='grc' dir='ltr'>σημεῖον,</span> <span class='ocrx_word' id='word_1_115' title='bbox 1522 1679 1754 1750; x_wconf 80' lang='grc' dir='ltr'>γραμμὴ</span> <span class='ocrx_word' id='word_1_116' title='bbox 1804 1679 1861 1732; x_wconf 77' lang='grc' dir='ltr'>δὲ</span> <span class='ocrx_word' id='word_1_117' title='bbox 1907 1679 2000 1732; x_wconf 69' lang='grc' dir='ltr'><strong>ἐπὶ</strong></span> 
     </span>
    </p>
   </div>
   <div class='ocr_carea' id='block_1_18' title="bbox 422 1769 2071 1846">
    <p class='ocr_par' dir='ltr' id='par_1_18' title="bbox 422 1769 2071 1846">
     <span class='ocr_line' id='line_1_18' title="bbox 422 1769 2071 1846; baseline -0.007 -14"><span class='ocrx_word' id='word_1_118' title='bbox 422 1777 626 1839; x_wconf 81' lang='grc' dir='ltr'><strong>πλάτος</strong></span> <span class='ocrx_word' id='word_1_119' title='bbox 665 1778 858 1846; x_wconf 77' lang='grc' dir='ltr'>ῥυεῖσα</span> <span class='ocrx_word' id='word_1_120' title='bbox 903 1773 1160 1829; x_wconf 72' lang='grc' dir='ltr'>ἐπίπεδον</span> <span class='ocrx_word' id='word_1_121' title='bbox 1198 1773 1383 1842; x_wconf 84' lang='grc' dir='ltr'>γεννᾷ,</span> <span class='ocrx_word' id='word_1_122' title='bbox 1413 1772 1625 1842; x_wconf 86' lang='grc' dir='ltr'>πέρατα</span> <span class='ocrx_word' id='word_1_123' title='bbox 1655 1771 1714 1823; x_wconf 68' lang='grc' dir='ltr'>δὲ</span> <span class='ocrx_word' id='word_1_124' title='bbox 1745 1769 1841 1824; x_wconf 85' lang='grc' dir='ltr'>τοῦ</span> <span class='ocrx_word' id='word_1_125' title='bbox 1874 1773 1996 1823; x_wconf 89' lang='grc' dir='ltr'>ὲπι-</span> <span class='ocrx_word' id='word_1_126' title='bbox 2044 1792 2071 1804; x_wconf 54' lang='grc' dir='ltr'><strong>νε</strong></span> 
     </span>
    </p>
   </div>
   <div class='ocr_carea' id='block_1_19' title="bbox 423 1860 1996 1941">
    <p class='ocr_par' dir='ltr' id='par_1_19' title="bbox 423 1860 1996 1941">
     <span class='ocr_line' id='line_1_19' title="bbox 423 1860 1996 1941; baseline -0.006 -19"><span class='ocrx_word' id='word_1_127' title='bbox 423 1866 587 1922; x_wconf 75' lang='grc' dir='ltr'>πέδου</span> <span class='ocrx_word' id='word_1_128' title='bbox 613 1866 896 1941; x_wconf 74' lang='grc' dir='ltr'>γραμμαὶ,</span> <span class='ocrx_word' id='word_1_129' title='bbox 932 1862 1188 1920; x_wconf 69' lang='grc' dir='ltr'>ἐπίπεδον</span> <span class='ocrx_word' id='word_1_130' title='bbox 1216 1862 1275 1917; x_wconf 72' lang='grc' dir='ltr'>δὲ</span> <span class='ocrx_word' id='word_1_131' title='bbox 1327 1862 1456 1933; x_wconf 73' lang='grc' dir='ltr'>ῥυὲν</span> <span class='ocrx_word' id='word_1_132' title='bbox 1490 1864 1569 1924; x_wconf 78' lang='grc' dir='ltr'><strong>είς</strong></span> <span class='ocrx_word' id='word_1_133' title='bbox 1604 1860 1766 1928; x_wconf 80' lang='grc' dir='ltr'><strong>βάθος</strong></span> <span class='ocrx_word' id='word_1_134' title='bbox 1792 1860 1996 1929; x_wconf 85' lang='grc' dir='ltr'>γίνεται</span> 
     </span>
    </p>
   </div>
   <div class='ocr_carea' id='block_1_20' title="bbox 406 1942 2069 2026">
    <p class='ocr_par' dir='ltr' id='par_1_20' title="bbox 406 1942 2069 2026">
     <span class='ocr_line' id='line_1_20' title="bbox 406 1942 2069 2026; baseline -0.004 -19"><span class='ocrx_word' id='word_1_135' title='bbox 406 1955 590 2026; x_wconf 25' lang='grc' dir='ltr'>,σῶμα</span> <span class='ocrx_word' id='word_1_136' title='bbox 611 1972 626 1987; x_wconf 76' lang='grc' dir='ltr'><strong><em>ο</em></strong></span> <span class='ocrx_word' id='word_1_137' title='bbox 661 1953 883 2026; x_wconf 78' lang='grc' dir='ltr'><strong>στερεοῦ</strong></span> <span class='ocrx_word' id='word_1_138' title='bbox 923 1954 980 2008; x_wconf 82' lang='grc' dir='ltr'>δὲ</span> <span class='ocrx_word' id='word_1_139' title='bbox 1011 1951 1374 2024; x_wconf 79' lang='grc' dir='ltr'>ὑπάρξαντος,</span> <span class='ocrx_word' id='word_1_140' title='bbox 1412 1949 1587 2014; x_wconf 75' lang='grc' dir='ltr'>οὕτως</span> <span class='ocrx_word' id='word_1_141' title='bbox 1625 1950 1685 2014; x_wconf 70' lang='grc' dir='ltr'><strong>ἐξ</strong></span> <span class='ocrx_word' id='word_1_142' title='bbox 1711 1949 1993 2020; x_wconf 77' lang='grc' dir='ltr'>ἐλαχίστου</span> <span class='ocrx_word' id='word_1_143' title='bbox 2031 1942 2069 1995; x_wconf 81' lang='grc' dir='ltr'><strong><em>Β</em></strong></span> 
     </span>
    </p>
   </div>
   <div class='ocr_carea' id='block_1_21' title="bbox 423 2040 1990 2117">
    <p class='ocr_par' dir='ltr' id='par_1_21' title="bbox 423 2040 1990 2117">
     <span class='ocr_line' id='line_1_21' title="bbox 423 2040 1990 2117; baseline -0.004 -17"><span class='ocrx_word' id='word_1_144' title='bbox 423 2047 657 2117; x_wconf 81' lang='grc' dir='ltr'>σημείου</span> <span class='ocrx_word' id='word_1_145' title='bbox 688 2045 967 2108; x_wconf 84' lang='grc' dir='ltr'>παντελῶς</span> <span class='ocrx_word' id='word_1_146' title='bbox 1010 2046 1044 2116; x_wconf 76' lang='grc' dir='ltr'><strong>ἡ</strong></span> <span class='ocrx_word' id='word_1_147' title='bbox 1092 2045 1185 2098; x_wconf 85' lang='grc' dir='ltr'>τοῦ</span> <span class='ocrx_word' id='word_1_148' title='bbox 1220 2042 1454 2114; x_wconf 80' lang='grc' dir='ltr'>μεγάλου</span> <span class='ocrx_word' id='word_1_149' title='bbox 1504 2041 1756 2114; x_wconf 83' lang='grc' dir='ltr'>σώματος</span> <span class='ocrx_word' id='word_1_150' title='bbox 1787 2040 1990 2111; x_wconf 78' lang='grc' dir='ltr'>ὑπέστη</span> 
     </span>
    </p>
   </div>
   <div class='ocr_carea' id='block_1_22' title="bbox 420 2130 1992 2209">
    <p class='ocr_par' dir='ltr' id='par_1_22' title="bbox 420 2130 1992 2209">
     <span class='ocr_line' id='line_1_22' title="bbox 420 2130 1992 2209; baseline -0.006 -16"><span class='ocrx_word' id='word_1_151' title='bbox 420 2139 605 2209; x_wconf 75' lang='grc' dir='ltr'>φύσις,</span> <span class='ocrx_word' id='word_1_152' title='bbox 644 2137 739 2192; x_wconf 79' lang='grc' dir='ltr'>καὶ</span> <span class='ocrx_word' id='word_1_153' title='bbox 783 2136 940 2191; x_wconf 77' lang='grc' dir='ltr'>τοῦτό</span> <span class='ocrx_word' id='word_1_154' title='bbox 972 2138 1118 2190; x_wconf 80' lang='grc' dir='ltr'>ἐστιν</span> <span class='ocrx_word' id='word_1_155' title='bbox 1147 2136 1176 2189; x_wconf 87' lang='grc' dir='ltr'><strong>ὃ</strong></span> <span class='ocrx_word' id='word_1_156' title='bbox 1216 2134 1364 2203; x_wconf 82' lang='grc' dir='ltr'>λέγει</span> <span class='ocrx_word' id='word_1_157' title='bbox 1399 2133 1579 2204; x_wconf 86' lang='grc' dir='ltr'>Σίμων</span> <span class='ocrx_word' id='word_1_158' title='bbox 1609 2131 1779 2195; x_wconf 78' lang='grc' dir='ltr'>οὕτως</span> <span class='ocrx_word' id='word_1_159' title='bbox 1812 2131 1879 2164; x_wconf 69' lang='grc' dir='ltr'><strong>ἐ·</strong></span> <span class='ocrx_word' id='word_1_160' title='bbox 1922 2130 1992 2184; x_wconf 86' lang='grc' dir='ltr'>Τὸ</span> 
     </span>
    </p>
   </div>
   <div class='ocr_carea' id='block_1_23' title="bbox 411 2220 1991 2300">
    <p class='ocr_par' dir='ltr' id='par_1_23' title="bbox 411 2220 1991 2300">
     <span class='ocr_line' id='line_1_23' title="bbox 411 2220 1991 2300; baseline -0.006 -16"><span class='ocrx_word' id='word_1_161' title='bbox 411 2229 634 2300; x_wconf 76' lang='grc' dir='ltr'>μικρὸν</span> <span class='ocrx_word' id='word_1_162' title='bbox 654 2228 809 2298; x_wconf 77' lang='grc' dir='ltr'>μέγα</span> <span class='ocrx_word' id='word_1_163' title='bbox 829 2227 907 2300; x_wconf 75' lang='grc' dir='ltr'><strong>[β.</strong></span> <span class='ocrx_word' id='word_1_164' title='bbox 939 2227 1023 2283; x_wconf 88' lang='lat'><strong>89.</strong></span> <span class='ocrx_word' id='word_1_165' title='bbox 1054 2225 1145 2298; x_wconf 85' lang='lat'><strong>90]</strong></span> <span class='ocrx_word' id='word_1_166' title='bbox 1172 2226 1341 2280; x_wconf 76' lang='grc' dir='ltr'>ἔσται</span> <span class='ocrx_word' id='word_1_167' title='bbox 1354 2226 1530 2280; x_wconf 78' lang='grc' dir='ltr'>οἱονεὶ</span> <span class='ocrx_word' id='word_1_168' title='bbox 1551 2222 1805 2293; x_wconf 79' lang='grc' dir='ltr'>σημεῖον</span> <span class='ocrx_word' id='word_1_169' title='bbox 1816 2223 1909 2283; x_wconf 79' lang='grc' dir='ltr'><strong>ὃν,</strong></span> <span class='ocrx_word' id='word_1_170' title='bbox 1923 2220 1991 2274; x_wconf 83' lang='grc' dir='ltr'>τὸ</span> 
     </span>
    </p>
   </div>
   <div class='ocr_carea' id='block_1_24' title="bbox 417 2315 1993 2390">
    <p class='ocr_par' dir='ltr' id='par_1_24' title="bbox 417 2315 1993 2390">
     <span class='ocr_line' id='line_1_24' title="bbox 417 2315 1993 2390; baseline -0.005 -16"><span class='ocrx_word' id='word_1_171' title='bbox 417 2319 647 2390; x_wconf 70' lang='grc' dir='ltr'>δὲμέγα</span> <span class='ocrx_word' id='word_1_172' title='bbox 663 2322 1019 2388; x_wconf 76' lang='grc' dir='ltr'>ἀπέραντον.</span> <span class='ocrx_word' id='word_1_173' title='bbox 1040 2316 1455 2372; x_wconf 84' lang='grc' dir='ltr'>κατακολουθῶν</span> <span class='ocrx_word' id='word_1_174' title='bbox 1475 2317 1541 2349; x_wconf 72' lang='grc'><strong>’⁸⁸</strong></span> <span class='ocrx_word' id='word_1_175' title='bbox 1556 2315 1634 2386; x_wconf 78' lang='grc' dir='ltr'>τῷ</span> <span class='ocrx_word' id='word_1_176' title='bbox 1650 2331 1993 2385; x_wconf 85' lang='grc' dir='ltr'>γεωμετρου-</span> 
     </span>
    </p>
   </div>
   <div class='ocr_carea' id='block_1_25' title="bbox 421 2405 1992 2483">
    <p class='ocr_par' dir='ltr' id='par_1_25' title="bbox 421 2405 1992 2483">
     <span class='ocr_line' id='line_1_25' title="bbox 421 2405 1992 2483; baseline -0.005 -18"><span class='ocrx_word' id='word_1_177' title='bbox 421 2412 570 2483; x_wconf 86' lang='grc' dir='ltr'>μένῳ</span> <span class='ocrx_word' id='word_1_178' title='bbox 599 2411 810 2483; x_wconf 80' lang='grc' dir='ltr'>σημείῳ</span> <span class='ocrx_word' id='word_1_179' title='bbox 833 2411 900 2463; x_wconf 78' lang='grc'><strong>³⁸.</strong></span> <span class='ocrx_word' id='word_1_180' title='bbox 936 2409 1048 2479; x_wconf 85' lang='grc' dir='ltr'><strong>Τῆς</strong></span> <span class='ocrx_word' id='word_1_181' title='bbox 1081 2408 1138 2463; x_wconf 81' lang='grc' dir='ltr'>δὲ</span> <span class='ocrx_word' id='word_1_182' title='bbox 1161 2407 1529 2480; x_wconf 80' lang='grc' dir='ltr'>ἀριθμητικῆς</span> <span class='ocrx_word' id='word_1_183' title='bbox 1557 2406 1701 2461; x_wconf 77' lang='grc' dir='ltr'>κατὰ</span> <span class='ocrx_word' id='word_1_184' title='bbox 1743 2405 1992 2459; x_wconf 83' lang='grc' dir='ltr'>σύνθεσιν</span> 
     </span>
    </p>
   </div>
   <div class='ocr_carea' id='block_1_26' title="bbox 417 2498 1993 2575">
    <p class='ocr_par' dir='ltr' id='par_1_26' title="bbox 417 2498 1993 2575">
     <span class='ocr_line' id='line_1_26' title="bbox 417 2498 1993 2575; baseline -0.004 -18"><span class='ocrx_word' id='word_1_185' title='bbox 417 2504 650 2575; x_wconf 75' lang='grc' dir='ltr'>ὶχούσης</span> <span class='ocrx_word' id='word_1_186' title='bbox 669 2503 769 2574; x_wconf 78' lang='grc' dir='ltr'>τὴν</span> <span class='ocrx_word' id='word_1_187' title='bbox 789 2501 1108 2573; x_wconf 78' lang='grc' dir='ltr'>φιλοσοφίαν</span> <span class='ocrx_word' id='word_1_188' title='bbox 1135 2499 1369 2571; x_wconf 81' lang='grc' dir='ltr'>ἀριθμὸς</span> <span class='ocrx_word' id='word_1_189' title='bbox 1405 2501 1625 2570; x_wconf 88' lang='grc' dir='ltr'>γέγονεν</span> <span class='ocrx_word' id='word_1_190' title='bbox 1656 2498 1821 2571; x_wconf 74' lang='grc' dir='ltr'>ἁρχὴ,</span> <span class='ocrx_word' id='word_1_191' title='bbox 1855 2499 1993 2567; x_wconf 79' lang='grc' dir='ltr'>ὅπερ</span> 
     </span>
    </p>
   </div>
   <div class='ocr_carea' id='block_1_27' title="bbox 417 2590 1994 2665">
    <p class='ocr_par' dir='ltr' id='par_1_27' title="bbox 417 2590 1994 2665">
     <span class='ocr_line' id='line_1_27' title="bbox 417 2590 1994 2665; baseline -0.003 -18"><span class='ocrx_word' id='word_1_192' title='bbox 417 2594 566 2649; x_wconf 76' lang='grc' dir='ltr'>ἐστὶν</span> <span class='ocrx_word' id='word_1_193' title='bbox 594 2594 866 2665; x_wconf 85' lang='grc' dir='ltr'>ἀόριστον,</span> <span class='ocrx_word' id='word_1_194' title='bbox 896 2593 1304 2664; x_wconf 81' lang='grc' dir='ltr'>ἀκατάληπτον,</span> <span class='ocrx_word' id='word_1_195' title='bbox 1331 2590 1469 2662; x_wconf 76' lang='grc' dir='ltr'>ἔχων</span> <span class='ocrx_word' id='word_1_196' title='bbox 1497 2593 1555 2644; x_wconf 72' lang='grc' dir='ltr'>ὲν</span> <span class='ocrx_word' id='word_1_197' title='bbox 1586 2590 1766 2659; x_wconf 76' lang='grc' dir='ltr'>ἑαυτῷ</span> <span class='ocrx_word' id='word_1_198' title='bbox 1785 2591 1994 2653; x_wconf 87' lang='grc' dir='ltr'>πάντας</span> 
     </span>
    </p>
   </div>
   <div class='ocr_carea' id='block_1_28' title="bbox 416 2682 1993 2757">
    <p class='ocr_par' dir='ltr' id='par_1_28' title="bbox 416 2682 1993 2757">
     <span class='ocr_line' id='line_1_28' title="bbox 416 2682 1993 2757; baseline -0.003 -18"><span class='ocrx_word' id='word_1_199' title='bbox 416 2686 544 2749; x_wconf 73' lang='grc' dir='ltr'>τοὺς</span> <span class='ocrx_word' id='word_1_200' title='bbox 573 2687 659 2739; x_wconf 78' lang='grc' dir='ltr'><strong>ἐπ’</strong></span> <span class='ocrx_word' id='word_1_201' title='bbox 693 2687 920 2757; x_wconf 78' lang='grc' dir='ltr'>ἄπειρον</span> <span class='ocrx_word' id='word_1_202' title='bbox 956 2685 1129 2739; x_wconf 74' lang='grc' dir='ltr'>ἐλθεῖν</span> <span class='ocrx_word' id='word_1_203' title='bbox 1174 2684 1503 2754; x_wconf 82' lang='grc' dir='ltr'>δυναμένους</span> <span class='ocrx_word' id='word_1_204' title='bbox 1549 2684 1817 2754; x_wconf 82' lang='grc' dir='ltr'>ἀριθμοὺς</span> <span class='ocrx_word' id='word_1_205' title='bbox 1850 2682 1993 2736; x_wconf 86' lang='grc' dir='ltr'><strong>κατά</strong></span> 
     </span>
    </p>
   </div>
   <div class='ocr_carea' id='block_1_29' title="bbox 417 2772 1992 2848">
    <p class='ocr_par' dir='ltr' id='par_1_29' title="bbox 417 2772 1992 2848">
     <span class='ocr_line' id='line_1_29' title="bbox 417 2772 1992 2848; baseline -0.002 -18"><span class='ocrx_word' id='word_1_206' title='bbox 417 2776 479 2830; x_wconf 76' lang='grc' dir='ltr'>τὸ</span> <span class='ocrx_word' id='word_1_207' title='bbox 517 2776 742 2848; x_wconf 85' lang='grc' dir='ltr'>πλῆθος.</span> <span class='ocrx_word' id='word_1_208' title='bbox 775 2777 897 2829; x_wconf 86' lang='grc' dir='ltr'><strong>Τῶν</strong></span> <span class='ocrx_word' id='word_1_209' title='bbox 932 2776 989 2830; x_wconf 74' lang='grc' dir='ltr'>δὲ</span> <span class='ocrx_word' id='word_1_210' title='bbox 1020 2774 1273 2847; x_wconf 84' lang='grc' dir='ltr'>ἀριθμῶν</span> <span class='ocrx_word' id='word_1_211' title='bbox 1307 2774 1450 2846; x_wconf 84' lang='grc' dir='ltr'>ἀρχὴ</span> <span class='ocrx_word' id='word_1_212' title='bbox 1490 2775 1680 2844; x_wconf 84' lang='grc' dir='ltr'>γέγονε</span> <span class='ocrx_word' id='word_1_213' title='bbox 1712 2772 1836 2827; x_wconf 86' lang='grc' dir='ltr'>καθ’</span> <span class='ocrx_word' id='word_1_214' title='bbox 1858 2772 1992 2827; x_wconf 82' lang='grc' dir='ltr'>ὑπό-</span> 
     </span>
    </p>
   </div>
   <div class='ocr_carea' id='block_1_30' title="bbox 421 2865 1990 2939">
    <p class='ocr_par' dir='ltr' id='par_1_30' title="bbox 421 2865 1990 2939">
     <span class='ocr_line' id='line_1_30' title="bbox 421 2865 1990 2939; baseline -0.004 -19"><span class='ocrx_word' id='word_1_215' title='bbox 421 2883 612 2920; x_wconf 86' lang='grc' dir='ltr'>στασιν</span> <span class='ocrx_word' id='word_1_216' title='bbox 648 2868 682 2938; x_wconf 78' lang='grc' dir='ltr'><strong>ἡ</strong></span> <span class='ocrx_word' id='word_1_217' title='bbox 721 2866 914 2939; x_wconf 84' lang='grc' dir='ltr'>πρώτη</span> <span class='ocrx_word' id='word_1_218' title='bbox 953 2867 1140 2937; x_wconf 82' lang='grc' dir='ltr'>μονὰς,</span> <span class='ocrx_word' id='word_1_219' title='bbox 1178 2867 1301 2937; x_wconf 72' lang='grc' dir='ltr'>ἣτις</span> <span class='ocrx_word' id='word_1_220' title='bbox 1340 2866 1456 2918; x_wconf 73' lang='grc' dir='ltr'>ἐστὶ</span> <span class='ocrx_word' id='word_1_221' title='bbox 1490 2865 1656 2935; x_wconf 83' lang='grc' dir='ltr'>μονὰς</span> <span class='ocrx_word' id='word_1_222' title='bbox 1687 2866 1861 2937; x_wconf 79' lang='grc' dir='ltr'>ἄρσην</span> <span class='ocrx_word' id='word_1_223' title='bbox 1899 2867 1990 2931; x_wconf 69' lang='grc' dir='ltr'><strong>η’,</strong></span> 
     </span>
    </p>
   </div>
   <div class='ocr_carea' id='block_1_31' title="bbox 418 2956 1990 3029">
    <p class='ocr_par' dir='ltr' id='par_1_31' title="bbox 418 2956 1990 3029">
     <span class='ocr_line' id='line_1_31' title="bbox 418 2956 1990 3029; baseline -0.001 -17"><span class='ocrx_word' id='word_1_224' title='bbox 418 2958 666 3027; x_wconf 82' lang='grc' dir='ltr'>γεννῶσα</span> <span class='ocrx_word' id='word_1_225' title='bbox 706 2958 987 3028; x_wconf 84' lang='grc' dir='ltr'>πατρικῶς</span> <span class='ocrx_word' id='word_1_226' title='bbox 1027 2958 1152 3022; x_wconf 82' lang='grc' dir='ltr'>τοὺς</span> <span class='ocrx_word' id='word_1_227' title='bbox 1198 2959 1389 3021; x_wconf 78' lang='grc' dir='ltr'>ἄλλους</span> <span class='ocrx_word' id='word_1_228' title='bbox 1442 2958 1650 3022; x_wconf 86' lang='grc' dir='ltr'>πάντας</span> <span class='ocrx_word' id='word_1_229' title='bbox 1703 2956 1990 3029; x_wconf 84' lang='grc' dir='ltr'>ἀριθμούς.</span> 
     </span>
    </p>
   </div>
   <div class='ocr_carea' id='block_1_32' title="bbox 419 3046 1994 3121">
    <p class='ocr_par' dir='ltr' id='par_1_32' title="bbox 419 3046 1994 3121">
     <span class='ocr_line' id='line_1_32' title="bbox 419 3046 1994 3121; baseline 0.002 -22"><span class='ocrx_word' id='word_1_230' title='bbox 419 3046 683 3120; x_wconf 78' lang='grc' dir='ltr'>Δεύτερον</span> <span class='ocrx_word' id='word_1_231' title='bbox 717 3049 751 3119; x_wconf 76' lang='grc' dir='ltr'>ἡ</span> <span class='ocrx_word' id='word_1_232' title='bbox 779 3047 910 3112; x_wconf 80' lang='grc' dir='ltr'>δυὰς</span> <span class='ocrx_word' id='word_1_233' title='bbox 941 3047 989 3081; x_wconf 78' lang='grc' dir='ltr'><strong>⁸ο</strong></span> <span class='ocrx_word' id='word_1_234' title='bbox 1037 3048 1202 3119; x_wconf 84' lang='grc' dir='ltr'>θῆλυς</span> <span class='ocrx_word' id='word_1_235' title='bbox 1241 3048 1494 3121; x_wconf 77' lang='grc' dir='ltr'>ἀριθμὸς,</span> <span class='ocrx_word' id='word_1_236' title='bbox 1527 3050 1555 3101; x_wconf 88' lang='grc' dir='ltr'><strong>ό</strong></span> <span class='ocrx_word' id='word_1_237' title='bbox 1602 3048 1659 3102; x_wconf 81' lang='grc' dir='ltr'>δὲ</span> <span class='ocrx_word' id='word_1_238' title='bbox 1698 3046 1858 3111; x_wconf 73' lang='grc' dir='ltr'>αὐτὸς</span> <span class='ocrx_word' id='word_1_239' title='bbox 1898 3049 1994 3102; x_wconf 73' lang='grc' dir='ltr'>καὶ</span> 
     </span>
    </p>
   </div>
   <div class='ocr_carea' id='block_1_33' title="bbox 418 3137 1991 3210">
    <p class='ocr_par' dir='ltr' id='par_1_33' title="bbox 418 3137 1991 3210">
     <span class='ocr_line' id='line_1_33' title="bbox 418 3137 1991 3210; baseline -0.003 -16"><span class='ocrx_word' id='word_1_240' title='bbox 418 3137 606 3209; x_wconf 76' lang='grc' dir='ltr'>ἄρτιος</span> <span class='ocrx_word' id='word_1_241' title='bbox 663 3138 766 3192; x_wconf 78' lang='grc' dir='ltr'><strong>ὑπὸ</strong></span> <span class='ocrx_word' id='word_1_242' title='bbox 819 3139 928 3192; x_wconf 89' lang='grc' dir='ltr'><strong>τῶν</strong></span> <span class='ocrx_word' id='word_1_243' title='bbox 976 3137 1356 3210; x_wconf 84' lang='grc' dir='ltr'>ἀριθμητικῶν</span> <span class='ocrx_word' id='word_1_244' title='bbox 1397 3137 1664 3192; x_wconf 85' lang='grc' dir='ltr'>καλεῖται.</span> <span class='ocrx_word' id='word_1_245' title='bbox 1721 3138 1914 3209; x_wconf 84' lang='grc' dir='ltr'>Τρίτον</span> <span class='ocrx_word' id='word_1_246' title='bbox 1957 3139 1991 3210; x_wconf 80' lang='grc' dir='ltr'><strong>ἡ</strong></span> 
     </span>
    </p>
   </div>
   <div class='ocr_carea' id='block_1_34' title="bbox 419 3222 1992 3301">
    <p class='ocr_par' dir='ltr' id='par_1_34' title="bbox 419 3222 1992 3301">
     <span class='ocr_line' id='line_1_34' title="bbox 419 3222 1992 3301; baseline 0.001 -20"><span class='ocrx_word' id='word_1_247' title='bbox 419 3230 577 3301; x_wconf 83' lang='grc' dir='ltr'>τριὰς</span> <span class='ocrx_word' id='word_1_248' title='bbox 608 3231 838 3301; x_wconf 71' lang='grc' dir='ltr'>ἀριθμὸς</span> <span class='ocrx_word' id='word_1_249' title='bbox 866 3230 1131 3301; x_wconf 76' lang='grc' dir='ltr'>ἄρσην³¹ο</span> <span class='ocrx_word' id='word_1_250' title='bbox 1162 3222 1317 3294; x_wconf 76' lang='grc' dir='ltr'>οὗτος</span> <span class='ocrx_word' id='word_1_251' title='bbox 1341 3231 1434 3284; x_wconf 72' lang='grc' dir='ltr'>καὶ</span> <span class='ocrx_word' id='word_1_252' title='bbox 1461 3230 1718 3300; x_wconf 83' lang='grc' dir='ltr'>περισσὸς</span> <span class='ocrx_word' id='word_1_253' title='bbox 1748 3230 1853 3283; x_wconf 85' lang='grc' dir='ltr'><strong>ὑπὸ</strong></span> <span class='ocrx_word' id='word_1_254' title='bbox 1885 3230 1992 3283; x_wconf 89' lang='grc' dir='ltr'><strong>τῶν</strong></span> 
     </span>
    </p>
   </div>
   <div class='ocr_carea' id='block_1_35' title="bbox 417 3320 1991 3394">
    <p class='ocr_par' dir='ltr' id='par_1_35' title="bbox 417 3320 1991 3394">
     <span class='ocr_line' id='line_1_35' title="bbox 417 3320 1991 3394; baseline 0 -21"><span class='ocrx_word' id='word_1_255' title='bbox 417 3320 799 3394; x_wconf 86' lang='grc' dir='ltr'>ἀριθμητικῶν</span> <span class='ocrx_word' id='word_1_256' title='bbox 852 3322 1273 3394; x_wconf 79' lang='grc' dir='ltr'>νενομοθέτηται</span> <span class='ocrx_word' id='word_1_257' title='bbox 1322 3322 1621 3376; x_wconf 85' lang='grc' dir='ltr'>καλεῖσθαι.</span> <span class='ocrx_word' id='word_1_258' title='bbox 1669 3322 1784 3391; x_wconf 83' lang='grc' dir='ltr'><strong>Ἐφ’</strong></span> <span class='ocrx_word' id='word_1_259' title='bbox 1820 3321 1991 3375; x_wconf 76' lang='grc' dir='ltr'>ἅπασι</span> 
     </span>
    </p>
   </div>
   <div class='ocr_carea' id='block_1_36' title="bbox 419 3410 1990 3491">
    <p class='ocr_par' dir='ltr' id='par_1_36' title="bbox 419 3410 1990 3491">
     <span class='ocr_line' id='line_1_36' title="bbox 419 3410 1990 3491; baseline -0.001 -19"><span class='ocrx_word' id='word_1_260' title='bbox 419 3418 477 3472; x_wconf 82' lang='grc' dir='ltr'>δὲ</span> <span class='ocrx_word' id='word_1_261' title='bbox 499 3418 707 3485; x_wconf 88' lang='grc' dir='ltr'>τούτοις</span> <span class='ocrx_word' id='word_1_262' title='bbox 732 3422 765 3490; x_wconf 87' lang='grc' dir='ltr'><strong>ή</strong></span> <span class='ocrx_word' id='word_1_263' title='bbox 801 3420 1000 3491; x_wconf 69' lang='grc' dir='ltr'>τετρὰς</span> <span class='ocrx_word' id='word_1_264' title='bbox 1027 3419 1192 3490; x_wconf 83' lang='grc' dir='ltr'>θῆλυς</span> <span class='ocrx_word' id='word_1_265' title='bbox 1223 3419 1474 3490; x_wconf 76' lang='grc' dir='ltr'>ἀριθμὸς,</span> <span class='ocrx_word' id='word_1_266' title='bbox 1504 3420 1533 3471; x_wconf 87' lang='grc' dir='ltr'><strong>ό</strong></span> <span class='ocrx_word' id='word_1_267' title='bbox 1559 3418 1616 3471; x_wconf 77' lang='grc' dir='ltr'>δὲ</span> <span class='ocrx_word' id='word_1_268' title='bbox 1643 3417 1805 3481; x_wconf 80' lang='grc' dir='ltr'>αὐτὸς</span> <span class='ocrx_word' id='word_1_269' title='bbox 1833 3410 1990 3481; x_wconf 73' lang='grc' dir='ltr'>οὗτος</span> 
     </span>
    </p>
   </div>
   <div class='ocr_carea' id='block_1_37' title="bbox 419 3504 1991 3582">
    <p class='ocr_par' dir='ltr' id='par_1_37' title="bbox 419 3504 1991 3582">
     <span class='ocr_line' id='line_1_37' title="bbox 419 3504 1991 3582; baseline -0.001 -20"><span class='ocrx_word' id='word_1_270' title='bbox 419 3510 515 3563; x_wconf 71' lang='grc' dir='ltr'><strong>καὶ</strong></span> <span class='ocrx_word' id='word_1_271' title='bbox 541 3510 730 3582; x_wconf 75' lang='grc' dir='ltr'>ἄρτιος</span> <span class='ocrx_word' id='word_1_272' title='bbox 757 3510 1040 3577; x_wconf 87' lang='grc' dir='ltr'>καλεῖται,</span> <span class='ocrx_word' id='word_1_273' title='bbox 1085 3512 1169 3565; x_wconf 83' lang='grc' dir='ltr'>ὅτι</span> <span class='ocrx_word' id='word_1_274' title='bbox 1207 3510 1376 3582; x_wconf 88' lang='grc' dir='ltr'>θῆλύς</span> <span class='ocrx_word' id='word_1_275' title='bbox 1406 3512 1540 3563; x_wconf 80' lang='grc' dir='ltr'>ἐστι.</span> <span class='ocrx_word' id='word_1_276' title='bbox 1577 3509 1868 3577; x_wconf 83' lang='grc' dir='ltr'>Γεγόνασιν</span> <span class='ocrx_word' id='word_1_277' title='bbox 1897 3504 1991 3561; x_wconf 82' lang='grc' dir='ltr'>οὖν</span> 
     </span>
    </p>
   </div>
   <div class='ocr_carea' id='block_1_38' title="bbox 418 3598 1992 3673">
    <p class='ocr_par' dir='ltr' id='par_1_38' title="bbox 418 3598 1992 3673">
     <span class='ocr_line' id='line_1_38' title="bbox 418 3598 1992 3673; baseline -0.002 -19"><span class='ocrx_word' id='word_1_278' title='bbox 418 3603 468 3654; x_wconf 89' lang='grc' dir='ltr'>οἱ</span> <span class='ocrx_word' id='word_1_279' title='bbox 495 3605 695 3664; x_wconf 85' lang='grc' dir='ltr'>πάντες</span> <span class='ocrx_word' id='word_1_280' title='bbox 723 3602 943 3673; x_wconf 81' lang='grc' dir='ltr'>ἀριθμοὶ</span> <span class='ocrx_word' id='word_1_281' title='bbox 972 3601 1266 3673; x_wconf 80' lang='grc' dir='ltr'>ληφθέντες</span> <span class='ocrx_word' id='word_1_282' title='bbox 1304 3600 1414 3655; x_wconf 81' lang='grc' dir='ltr'>ἀπὸ</span> <span class='ocrx_word' id='word_1_283' title='bbox 1441 3600 1631 3668; x_wconf 78' lang='grc' dir='ltr'>γένους</span> <span class='ocrx_word' id='word_1_284' title='bbox 1656 3600 1701 3631; x_wconf 85' lang='grc'><strong>³¹</strong></span> <span class='ocrx_word' id='word_1_285' title='bbox 1729 3598 1992 3670; x_wconf 86' lang='grc' dir='ltr'>τέσσαρες</span> 
     </span>
    </p>
   </div>
   <div class='ocr_carea' id='block_1_39' title="bbox 422 3685 1992 3765">
    <p class='ocr_par' dir='ltr' id='par_1_39' title="bbox 422 3685 1992 3765">
     <span class='ocr_line' id='line_1_39' title="bbox 422 3685 1992 3765; baseline -0.001 -19"><span class='ocrx_word' id='word_1_286' title='bbox 422 3691 686 3763; x_wconf 84' lang='grc' dir='ltr'>(ἀριθμὸς</span> <span class='ocrx_word' id='word_1_287' title='bbox 714 3692 769 3745; x_wconf 83' lang='grc' dir='ltr'>δὲ</span> <span class='ocrx_word' id='word_1_288' title='bbox 800 3689 866 3765; x_wconf 83' lang='grc' dir='ltr'><strong>ῆν</strong></span> <span class='ocrx_word' id='word_1_289' title='bbox 896 3693 956 3747; x_wconf 76' lang='grc' dir='ltr'>τὸ</span> <span class='ocrx_word' id='word_1_290' title='bbox 983 3694 1139 3763; x_wconf 75' lang='grc' dir='ltr'>γένος</span> <span class='ocrx_word' id='word_1_291' title='bbox 1166 3693 1481 3765; x_wconf 83' lang='grc' dir='ltr'>ἀόριστος),</span> <span class='ocrx_word' id='word_1_292' title='bbox 1511 3692 1602 3762; x_wconf 83' lang='grc' dir='ltr'>ἀφ’</span> <span class='ocrx_word' id='word_1_293' title='bbox 1626 3685 1701 3746; x_wconf 75' lang='grc' dir='ltr'>ὧν</span> <span class='ocrx_word' id='word_1_294' title='bbox 1731 3694 1759 3745; x_wconf 85' lang='grc' dir='ltr'>ὁ</span> <span class='ocrx_word' id='word_1_295' title='bbox 1788 3692 1992 3755; x_wconf 83' lang='grc' dir='ltr'>τέλειος</span> 
     </span>
    </p>
   </div>
   <div class='ocr_carea' id='block_1_40' title="bbox 417 3782 1991 3854">
    <p class='ocr_par' dir='ltr' id='par_1_40' title="bbox 417 3782 1991 3854">
     <span class='ocr_line' id='line_1_40' title="bbox 417 3782 1991 3854; baseline 0.001 -19"><span class='ocrx_word' id='word_1_296' title='bbox 417 3783 600 3846; x_wconf 81' lang='grc' dir='ltr'>αὐτοῖς</span> <span class='ocrx_word' id='word_1_297' title='bbox 632 3782 862 3853; x_wconf 81' lang='grc' dir='ltr'>ἀριθμὸς</span> <span class='ocrx_word' id='word_1_298' title='bbox 891 3785 1221 3854; x_wconf 79' lang='grc' dir='ltr'>συνέστηκεν</span> <span class='ocrx_word' id='word_1_299' title='bbox 1250 3786 1283 3852; x_wconf 82' lang='grc' dir='ltr'>ἠ</span> <span class='ocrx_word' id='word_1_300' title='bbox 1315 3783 1497 3846; x_wconf 82' lang='grc' dir='ltr'>δεκάς.</span> <span class='ocrx_word' id='word_1_301' title='bbox 1531 3784 1605 3835; x_wconf 83' lang='grc' dir='ltr'>Τὸ</span> <span class='ocrx_word' id='word_1_302' title='bbox 1629 3782 1737 3852; x_wconf 81' lang='grc' dir='ltr'><strong>γὰρ</strong></span> <span class='ocrx_word' id='word_1_303' title='bbox 1764 3782 1843 3848; x_wconf 77' lang='grc' dir='ltr'>ἓν,</span> <span class='ocrx_word' id='word_1_304' title='bbox 1878 3782 1991 3847; x_wconf 91' lang='grc' dir='ltr'>δύο,</span> 
     </span>
    </p>
   </div>
   <div class='ocr_carea' id='block_1_41' title="bbox 417 3873 1991 3946">
    <p class='ocr_par' dir='ltr' id='par_1_41' title="bbox 417 3873 1991 3946">
     <span class='ocr_line' id='line_1_41' title="bbox 417 3873 1991 3946; baseline 0 -20"><span class='ocrx_word' id='word_1_305' title='bbox 417 3873 565 3944; x_wconf 81' lang='grc' dir='ltr'>τρία,</span> <span class='ocrx_word' id='word_1_306' title='bbox 615 3874 858 3946; x_wconf 87' lang='grc' dir='ltr'>τέσσαρα</span> <span class='ocrx_word' id='word_1_307' title='bbox 895 3876 1102 3942; x_wconf 88' lang='grc' dir='ltr'>γίνεται</span> <span class='ocrx_word' id='word_1_308' title='bbox 1147 3875 1300 3941; x_wconf 85' lang='grc' dir='ltr'>δέκα,</span> <span class='ocrx_word' id='word_1_309' title='bbox 1354 3875 1430 3939; x_wconf 86' lang='grc' dir='ltr'><strong>ὡς</strong></span> <span class='ocrx_word' id='word_1_310' title='bbox 1477 3876 1991 3946; x_wconf 79' lang='grc' dir='ltr'>προαποδέδεικται,</span> 
     </span>
    </p>
   </div>
   <div class='ocr_carea' id='block_1_42' title="bbox 421 3964 1991 4036">
    <p class='ocr_par' dir='ltr' id='par_1_42' title="bbox 421 3964 1991 4036">
     <span class='ocr_line' id='line_1_42' title="bbox 421 3964 1991 4036; baseline 0.002 -20"><span class='ocrx_word' id='word_1_311' title='bbox 421 3964 516 4018; x_wconf 72' lang='grc' dir='ltr'>ἐὰν</span> <span class='ocrx_word' id='word_1_312' title='bbox 544 3965 760 4036; x_wconf 82' lang='grc' dir='ltr'>ἑκάστῳ</span> <span class='ocrx_word' id='word_1_313' title='bbox 797 3966 905 4018; x_wconf 89' lang='grc' dir='ltr'><strong>τῶν</strong></span> <span class='ocrx_word' id='word_1_314' title='bbox 936 3966 946 4035; x_wconf 92' lang='lat'>|</span> <span class='ocrx_word' id='word_1_315' title='bbox 977 3964 1228 4036; x_wconf 86' lang='grc' dir='ltr'>ἀριθμῶν</span> <span class='ocrx_word' id='word_1_316' title='bbox 1279 3966 1618 4036; x_wconf 86' lang='grc' dir='ltr'>φυλάττηται</span> <span class='ocrx_word' id='word_1_317' title='bbox 1658 3966 1777 4020; x_wconf 85' lang='grc' dir='ltr'>κατ’</span> <span class='ocrx_word' id='word_1_318' title='bbox 1806 3967 1991 4020; x_wconf 80' lang='grc' dir='ltr'>οὐσίαν</span> 
     </span>
    </p>
   </div>
   <div class='ocr_carea' id='block_1_43' title="bbox 419 4052 1994 4126">
    <p class='ocr_par' dir='ltr' id='par_1_43' title="bbox 419 4052 1994 4126">
     <span class='ocr_line' id='line_1_43' title="bbox 419 4052 1994 4126; baseline 0.002 -21"><span class='ocrx_word' id='word_1_319' title='bbox 419 4052 592 4123; x_wconf 70' lang='grc' dir='ltr'>ὄνομα</span> <span class='ocrx_word' id='word_1_320' title='bbox 628 4052 690 4105; x_wconf 78' lang='grc' dir='ltr'>τὸ</span> <span class='ocrx_word' id='word_1_321' title='bbox 716 4055 917 4107; x_wconf 87' lang='grc' dir='ltr'>οἰκεῖον</span> <span class='ocrx_word' id='word_1_322' title='bbox 957 4054 1025 4107; x_wconf 84' lang='grc'><strong>³³.</strong></span> <span class='ocrx_word' id='word_1_323' title='bbox 1064 4052 1212 4125; x_wconf 77' lang='grc' dir='ltr'>Αὕτη</span> <span class='ocrx_word' id='word_1_324' title='bbox 1254 4054 1401 4107; x_wconf 72' lang='grc' dir='ltr'>ἐστὶν</span> <span class='ocrx_word' id='word_1_325' title='bbox 1432 4055 1464 4125; x_wconf 84' lang='grc' dir='ltr'><strong>ή</strong></span> <span class='ocrx_word' id='word_1_326' title='bbox 1499 4053 1641 4107; x_wconf 85' lang='grc' dir='ltr'><strong>κατά</strong></span> <span class='ocrx_word' id='word_1_327' title='bbox 1671 4054 1994 4126; x_wconf 80' lang='grc' dir='ltr'>Πυθαγόραν</span> 
     </span>
    </p>
   </div>
   <div class='ocr_carea' id='block_1_44' title="bbox 422 4141 1994 4216">
    <p class='ocr_par' dir='ltr' id='par_1_44' title="bbox 422 4141 1994 4216">
     <span class='ocr_line' id='line_1_44' title="bbox 422 4141 1994 4216; baseline 0.003 -22"><span class='ocrx_word' id='word_1_328' title='bbox 422 4141 542 4212; x_wconf 82' lang='grc' dir='ltr'>ἱερὰ</span> <span class='ocrx_word' id='word_1_329' title='bbox 568 4142 867 4213; x_wconf 81' lang='grc' dir='ltr'>τετρακτὺς</span> <span class='ocrx_word' id='word_1_330' title='bbox 903 4145 1128 4200; x_wconf 87' lang='grc' dir='ltr'>ἁεννάου</span> <span class='ocrx_word' id='word_1_331' title='bbox 1174 4144 1390 4216; x_wconf 83' lang='grc' dir='ltr'>φύσεως</span> <span class='ocrx_word' id='word_1_332' title='bbox 1422 4145 1685 4216; x_wconf 77' lang='grc' dir='ltr'>ῥιζώματ’</span> <span class='ocrx_word' id='word_1_333' title='bbox 1717 4145 1915 4215; x_wconf 79' lang='grc' dir='ltr'>ἔχουσα</span> <span class='ocrx_word' id='word_1_334' title='bbox 1936 4148 1994 4199; x_wconf 83' lang='grc' dir='ltr'>ὲν</span> 
     </span>
    </p>
   </div>
   <div class='ocr_carea' id='block_1_45' title="bbox 419 4232 1995 4306">
    <p class='ocr_par' dir='ltr' id='par_1_45' title="bbox 419 4232 1995 4306">
     <span class='ocr_line' id='line_1_45' title="bbox 419 4232 1995 4306; baseline 0.002 -22"><span class='ocrx_word' id='word_1_335' title='bbox 419 4232 623 4305; x_wconf 79' lang='grc' dir='ltr'>ἑαυτῇ,</span> <span class='ocrx_word' id='word_1_336' title='bbox 658 4232 908 4286; x_wconf 80' lang='grc' dir='ltr'>τουτέστι</span> <span class='ocrx_word' id='word_1_337' title='bbox 958 4235 1089 4298; x_wconf 81' lang='grc' dir='ltr'>τοὺς</span> <span class='ocrx_word' id='word_1_338' title='bbox 1121 4234 1317 4298; x_wconf 82' lang='grc' dir='ltr'>ἄλλους</span> <span class='ocrx_word' id='word_1_339' title='bbox 1356 4234 1572 4298; x_wconf 80' lang='grc' dir='ltr'>πάντας</span> <span class='ocrx_word' id='word_1_340' title='bbox 1608 4235 1877 4306; x_wconf 88' lang='grc' dir='ltr'>ἀριθμούς</span> <span class='ocrx_word' id='word_1_341' title='bbox 1900 4250 1915 4267; x_wconf 82' lang='grc' dir='ltr'><strong><em>ο</em></strong></span> <span class='ocrx_word' id='word_1_342' title='bbox 1965 4235 1995 4287; x_wconf 88' lang='grc' dir='ltr'><strong>ό</strong></span> 
     </span>
    </p>
   </div>
   <div class='ocr_carea' id='block_1_46' title="bbox 418 4322 1995 4399">
    <p class='ocr_par' dir='ltr' id='par_1_46' title="bbox 418 4322 1995 4399">
     <span class='ocr_line' id='line_1_46' title="bbox 418 4322 1995 4399; baseline 0.004 -24"><span class='ocrx_word' id='word_1_343' title='bbox 418 4323 529 4394; x_wconf 80' lang='grc' dir='ltr'><strong>γὰρ</strong></span> <span class='ocrx_word' id='word_1_344' title='bbox 584 4322 633 4354; x_wconf 69' lang='grc'>³⁸</span> <span class='ocrx_word' id='word_1_345' title='bbox 664 4322 857 4377; x_wconf 71' lang='grc' dir='ltr'>ἕνδεκα</span> <span class='ocrx_word' id='word_1_346' title='bbox 902 4325 997 4378; x_wconf 73' lang='grc' dir='ltr'>καὶ</span> <span class='ocrx_word' id='word_1_347' title='bbox 1045 4324 1250 4379; x_wconf 84' lang='grc' dir='ltr'>δώδεκα</span> <span class='ocrx_word' id='word_1_348' title='bbox 1286 4325 1377 4379; x_wconf 77' lang='grc' dir='ltr'>καὶ</span> <span class='ocrx_word' id='word_1_349' title='bbox 1408 4326 1457 4378; x_wconf 74' lang='lat' dir='ltr'><strong>oi</strong></span> <span class='ocrx_word' id='word_1_350' title='bbox 1495 4326 1669 4379; x_wconf 75' lang='grc' dir='ltr'>λοιποὶ</span> <span class='ocrx_word' id='word_1_351' title='bbox 1695 4327 1796 4398; x_wconf 85' lang='grc' dir='ltr'>τὴν</span> <span class='ocrx_word' id='word_1_352' title='bbox 1820 4328 1995 4399; x_wconf 75' lang='grc' dir='ltr'>ἀρχὴν</span> 
     </span>
    </p>
   </div>
   <div class='ocr_carea' id='block_1_47' title="bbox 419 4414 1995 4490">
    <p class='ocr_par' dir='ltr' id='par_1_47' title="bbox 419 4414 1995 4490">
     <span class='ocr_line' id='line_1_47' title="bbox 419 4414 1995 4490; baseline 0.004 -24"><span class='ocrx_word' id='word_1_353' title='bbox 419 4414 517 4485; x_wconf 85' lang='grc' dir='ltr'><strong>τῆς</strong></span> <span class='ocrx_word' id='word_1_354' title='bbox 543 4414 808 4481; x_wconf 85' lang='grc' dir='ltr'>γενέσεως</span> <span class='ocrx_word' id='word_1_355' title='bbox 833 4416 941 4470; x_wconf 78' lang='grc' dir='ltr'><strong>ἀπὸ</strong></span> <span class='ocrx_word' id='word_1_356' title='bbox 969 4417 1078 4471; x_wconf 86' lang='grc' dir='ltr'><strong>τῶν</strong></span> <span class='ocrx_word' id='word_1_357' title='bbox 1106 4417 1238 4472; x_wconf 83' lang='grc' dir='ltr'>δέκα</span> <span class='ocrx_word' id='word_1_358' title='bbox 1272 4417 1629 4488; x_wconf 75' lang='grc' dir='ltr'>λαμϐάνουσι.</span> <span class='ocrx_word' id='word_1_359' title='bbox 1657 4419 1873 4490; x_wconf 87' lang='grc' dir='ltr'>Ταύτης</span> <span class='ocrx_word' id='word_1_360' title='bbox 1896 4421 1995 4490; x_wconf 89' lang='grc' dir='ltr'><strong>τῆς</strong></span> 
     </span>
    </p>
   </div>
   <div class='ocr_carea' id='block_1_48' title="bbox 418 4502 1993 4580">
    <p class='ocr_par' dir='ltr' id='par_1_48' title="bbox 418 4502 1993 4580">
     <span class='ocr_line' id='line_1_48' title="bbox 418 4502 1993 4580; baseline 0.005 -24"><span class='ocrx_word' id='word_1_361' title='bbox 418 4502 658 4569; x_wconf 82' lang='grc' dir='ltr'>δεκάδος,</span> <span class='ocrx_word' id='word_1_362' title='bbox 688 4505 782 4558; x_wconf 84' lang='grc' dir='ltr'><strong>τοῦ</strong></span> <span class='ocrx_word' id='word_1_363' title='bbox 820 4506 1024 4560; x_wconf 88' lang='grc' dir='ltr'>τελείου</span> <span class='ocrx_word' id='word_1_364' title='bbox 1056 4508 1312 4579; x_wconf 79' lang='grc' dir='ltr'>ἀριθμοῦ,</span> <span class='ocrx_word' id='word_1_365' title='bbox 1348 4507 1418 4562; x_wconf 80' lang='grc' dir='ltr'><strong>τὰ</strong></span> <span class='ocrx_word' id='word_1_366' title='bbox 1455 4510 1699 4580; x_wconf 87' lang='grc' dir='ltr'>τέσσαρα</span> <span class='ocrx_word' id='word_1_367' title='bbox 1748 4511 1993 4565; x_wconf 86' lang='grc' dir='ltr'>καλεῖται</span> 
     </span>
    </p>
   </div>
   <div class='ocr_carea' id='block_1_49' title="bbox 2107 689 3676 760">
    <p class='ocr_par' dir='ltr' id='par_1_49' title="bbox 2107 689 3676 760">
     <span class='ocr_line' id='line_1_49' title="bbox 2107 689 3676 760; baseline 0.01 -18"><span class='ocrx_word' id='word_1_368' title='bbox 2107 689 2369 752; x_wconf 85' lang='lat' dir='ltr'><strong>deritnus,</strong></span> <span class='ocrx_word' id='word_1_369' title='bbox 2402 691 2468 744; x_wconf 89' lang='lat' dir='ltr'><strong>ad</strong></span> <span class='ocrx_word' id='word_1_370' title='bbox 2516 705 2576 745; x_wconf 90' lang='lat' dir='ltr'><strong>ca</strong></span> <span class='ocrx_word' id='word_1_371' title='bbox 2609 707 2730 760; x_wconf 68' lang='lat' dir='ltr'><strong>quae</strong></span> <span class='ocrx_word' id='word_1_372' title='bbox 2782 696 3063 751; x_wconf 80' lang='lat' dir='ltr'><strong>consilium</strong></span> <span class='ocrx_word' id='word_1_373' title='bbox 3120 709 3203 754; x_wconf 91' lang='lat' dir='ltr'><strong>est</strong></span> <span class='ocrx_word' id='word_1_374' title='bbox 3254 703 3676 759; x_wconf 85' lang='lat' dir='ltr'><strong>demonstranda</strong></span> 
     </span>
    </p>
   </div>
   <div class='ocr_carea' id='block_1_50' title="bbox 2105 780 3679 862">
    <p class='ocr_par' dir='ltr' id='par_1_50' title="bbox 2105 780 3679 862">
     <span class='ocr_line' id='line_1_50' title="bbox 2105 780 3679 862; baseline 0.01 -30"><span class='ocrx_word' id='word_1_375' title='bbox 2105 781 2375 850; x_wconf 89' lang='lat' dir='ltr'><strong>progredl.</strong></span> <span class='ocrx_word' id='word_1_376' title='bbox 2411 780 2746 838; x_wconf 84' lang='lat' dir='ltr'><strong>Exstiterunt</strong></span> <span class='ocrx_word' id='word_1_377' title='bbox 2776 785 3101 841; x_wconf 87' lang='lat' dir='ltr'><strong>arithmetici</strong></span> <span class='ocrx_word' id='word_1_378' title='bbox 3133 798 3185 842; x_wconf 91' lang='lat' dir='ltr'><strong>et</strong></span> <span class='ocrx_word' id='word_1_379' title='bbox 3213 802 3523 860; x_wconf 54' lang='lat' dir='ltr'><strong>geometra»,</strong></span> <span class='ocrx_word' id='word_1_380' title='bbox 3560 794 3679 862; x_wconf 91' lang='lat' dir='ltr'><strong>qui-</strong></span> 
     </span>
    </p>
   </div>
   <div class='ocr_carea' id='block_1_51' title="bbox 2107 871 3680 953">
    <p class='ocr_par' dir='ltr' id='par_1_51' title="bbox 2107 871 3680 953">
     <span class='ocr_line' id='line_1_51' title="bbox 2107 871 3680 953; baseline 0.007 -27"><span class='ocrx_word' id='word_1_381' title='bbox 2107 871 2212 926; x_wconf 82' lang='lat' dir='ltr'><strong>bus</strong></span> <span class='ocrx_word' id='word_1_382' title='bbox 2245 883 2439 939; x_wconf 68' lang='lat' dir='ltr'><strong>praeter</strong></span> <span class='ocrx_word' id='word_1_383' title='bbox 2472 882 2698 928; x_wconf 68' lang='lat' dir='ltr'><strong>cazteres</strong></span> <span class='ocrx_word' id='word_1_384' title='bbox 2727 874 2962 930; x_wconf 78' lang='lat' dir='ltr'><strong>fomenta</strong></span> <span class='ocrx_word' id='word_1_385' title='bbox 2997 878 3293 945; x_wconf 71' lang='lat' dir='ltr'><strong>prtehuisse</strong></span> <span class='ocrx_word' id='word_1_386' title='bbox 3324 884 3536 937; x_wconf 87' lang='lat' dir='ltr'><strong>videtur</strong></span> <span class='ocrx_word' id='word_1_387' title='bbox 3569 884 3680 953; x_wconf 88' lang='lat' dir='ltr'><strong>pri-</strong></span> 
     </span>
    </p>
   </div>
   <div class='ocr_carea' id='block_1_52' title="bbox 2105 962 3674 1042">
    <p class='ocr_par' dir='ltr' id='par_1_52' title="bbox 2105 962 3674 1042">
     <span class='ocr_line' id='line_1_52' title="bbox 2105 962 3674 1042; baseline 0.008 -26"><span class='ocrx_word' id='word_1_388' title='bbox 2105 977 2227 1017; x_wconf 86' lang='lat' dir='ltr'><strong>mus</strong></span> <span class='ocrx_word' id='word_1_389' title='bbox 2259 962 2619 1034; x_wconf 78' lang='lat' dir='ltr'><strong>Pythagoras,</strong></span> <span class='ocrx_word' id='word_1_390' title='bbox 2649 965 2795 1035; x_wconf 89' lang='lat' dir='ltr'><strong>iique</strong></span> <span class='ocrx_word' id='word_1_391' title='bbox 2824 982 2854 1020; x_wconf 90' lang='lat' dir='ltr'><strong>a</strong></span> <span class='ocrx_word' id='word_1_392' title='bbox 2881 970 3142 1032; x_wconf 85' lang='lat' dir='ltr'><strong>numeris,</strong></span> <span class='ocrx_word' id='word_1_393' title='bbox 3176 972 3266 1042; x_wconf 87' lang='lat' dir='ltr'><strong>qui</strong></span> <span class='ocrx_word' id='word_1_394' title='bbox 3309 973 3362 1026; x_wconf 91' lang='lat' dir='ltr'><strong>in</strong></span> <span class='ocrx_word' id='word_1_395' title='bbox 3408 974 3674 1029; x_wconf 89' lang='lat' dir='ltr'><strong>inﬁnitum</strong></span> 
     </span>
    </p>
   </div>
   <div class='ocr_carea' id='block_1_53' title="bbox 2104 1055 3677 1134">
    <p class='ocr_par' dir='ltr' id='par_1_53' title="bbox 2104 1055 3677 1134">
     <span class='ocr_line' id='line_1_53' title="bbox 2104 1055 3677 1134; baseline 0.007 -26"><span class='ocrx_word' id='word_1_396' title='bbox 2104 1055 2514 1124; x_wconf 72' lang='lat' dir='ltr'><strong>multiplicando</strong></span> <span class='ocrx_word' id='word_1_397' title='bbox 2544 1060 2794 1129; x_wconf 79' lang='lat' dir='ltr'><strong>progredi</strong></span> <span class='ocrx_word' id='word_1_398' title='bbox 2826 1071 3071 1129; x_wconf 89' lang='lat' dir='ltr'><strong>possunt,</strong></span> <span class='ocrx_word' id='word_1_399' title='bbox 3103 1063 3266 1118; x_wconf 88' lang='lat' dir='ltr'><strong>etiam</strong></span> <span class='ocrx_word' id='word_1_400' title='bbox 3291 1064 3476 1133; x_wconf 85' lang='lat' dir='ltr'><strong>ﬁguris</strong></span> <span class='ocrx_word' id='word_1_401' title='bbox 3507 1065 3677 1134; x_wconf 81' lang='lat' dir='ltr'><strong>prima</strong></span> 
     </span>
    </p>
   </div>
   <div class='ocr_carea' id='block_1_54' title="bbox 2103 1147 3679 1224">
    <p class='ocr_par' dir='ltr' id='par_1_54' title="bbox 2103 1147 3679 1224">
     <span class='ocr_line' id='line_1_54' title="bbox 2103 1147 3679 1224; baseline 0.006 -25"><span class='ocrx_word' id='word_1_402' title='bbox 2103 1147 2367 1218; x_wconf 85' lang='lat' dir='ltr'><strong>principia</strong></span> <span class='ocrx_word' id='word_1_403' title='bbox 2395 1159 2744 1220; x_wconf 84' lang='lat' dir='ltr'><strong>sumpserunt</strong></span> <span class='ocrx_word' id='word_1_404' title='bbox 2803 1162 3060 1221; x_wconf 81' lang='lat' dir='ltr'><strong>tanquam</strong></span> <span class='ocrx_word' id='word_1_405' title='bbox 3109 1154 3224 1210; x_wconf 90' lang='lat' dir='ltr'><strong>sola</strong></span> <span class='ocrx_word' id='word_1_406' title='bbox 3284 1166 3466 1210; x_wconf 88' lang='lat' dir='ltr'><strong>mente</strong></span> <span class='ocrx_word' id='word_1_407' title='bbox 3499 1156 3679 1224; x_wconf 85' lang='lat' dir='ltr'><strong>perci-</strong></span> 
     </span>
    </p>
   </div>
   <div class='ocr_carea' id='block_1_55' title="bbox 2102 1236 3673 1311">
    <p class='ocr_par' dir='ltr' id='par_1_55' title="bbox 2102 1236 3673 1311">
     <span class='ocr_line' id='line_1_55' title="bbox 2102 1236 3673 1311; baseline 0.005 -21"><span class='ocrx_word' id='word_1_408' title='bbox 2102 1236 2317 1304; x_wconf 87' lang='lat' dir='ltr'><strong>pienda.</strong></span> <span class='ocrx_word' id='word_1_409' title='bbox 2353 1238 2676 1295; x_wconf 80' lang='lat' dir='ltr'><strong>Geometria-</strong></span> <span class='ocrx_word' id='word_1_410' title='bbox 2708 1242 2851 1296; x_wconf 91' lang='lat' dir='ltr'><strong>enim</strong></span> <span class='ocrx_word' id='word_1_411' title='bbox 2879 1281 2895 1307; x_wconf 96' lang='lat'><strong>,</strong></span> <span class='ocrx_word' id='word_1_412' title='bbox 2924 1250 2984 1296; x_wconf 89' lang='lat' dir='ltr'><strong>ut</strong></span> <span class='ocrx_word' id='word_1_413' title='bbox 3018 1242 3143 1298; x_wconf 90' lang='lat' dir='ltr'><strong>licet</strong></span> <span class='ocrx_word' id='word_1_414' title='bbox 3170 1244 3387 1310; x_wconf 79' lang='lat' dir='ltr'><strong>videre,</strong></span> <span class='ocrx_word' id='word_1_415' title='bbox 3420 1255 3673 1311; x_wconf 88' lang='lat' dir='ltr'><strong>punctum</strong></span> 
     </span>
    </p>
   </div>
   <div class='ocr_carea' id='block_1_56' title="bbox 2103 1325 3677 1402">
    <p class='ocr_par' dir='ltr' id='par_1_56' title="bbox 2103 1325 3677 1402">
     <span class='ocr_line' id='line_1_56' title="bbox 2103 1325 3677 1402; baseline 0.004 -22"><span class='ocrx_word' id='word_1_416' title='bbox 2103 1325 2393 1382; x_wconf 81' lang='lat' dir='ltr'><strong>indivisum</strong></span> <span class='ocrx_word' id='word_1_417' title='bbox 2424 1338 2505 1383; x_wconf 87' lang='lat' dir='ltr'><strong>est</strong></span> <span class='ocrx_word' id='word_1_418' title='bbox 2532 1330 2897 1399; x_wconf 87' lang='lat' dir='ltr'><strong>principium;</strong></span> <span class='ocrx_word' id='word_1_419' title='bbox 2932 1332 3003 1386; x_wconf 86' lang='lat' dir='ltr'><strong>ab</strong></span> <span class='ocrx_word' id='word_1_420' title='bbox 3033 1331 3125 1385; x_wconf 91' lang='lat' dir='ltr'><strong>illo</strong></span> <span class='ocrx_word' id='word_1_421' title='bbox 3152 1341 3330 1386; x_wconf 87' lang='lat' dir='ltr'><strong>autem</strong></span> <span class='ocrx_word' id='word_1_422' title='bbox 3358 1342 3555 1402; x_wconf 89' lang='lat' dir='ltr'><strong>puncto</strong></span> <span class='ocrx_word' id='word_1_423' title='bbox 3582 1345 3677 1400; x_wconf 85' lang='lat' dir='ltr'><strong>per</strong></span> 
     </span>
    </p>
   </div>
   <div class='ocr_carea' id='block_1_57' title="bbox 2101 1416 3678 1488">
    <p class='ocr_par' dir='ltr' id='par_1_57' title="bbox 2101 1416 3678 1488">
     <span class='ocr_line' id='line_1_57' title="bbox 2101 1416 3678 1488; baseline 0.003 -19"><span class='ocrx_word' id='word_1_424' title='bbox 2101 1424 2274 1469; x_wconf 83' lang='lat' dir='ltr'><strong>artem</strong></span> <span class='ocrx_word' id='word_1_425' title='bbox 2304 1416 2636 1472; x_wconf 88' lang='lat' dir='ltr'><strong>inﬁnitarum</strong></span> <span class='ocrx_word' id='word_1_426' title='bbox 2682 1417 2972 1487; x_wconf 83' lang='lat' dir='ltr'><strong>ﬁgurarum</strong></span> <span class='ocrx_word' id='word_1_427' title='bbox 3012 1434 3045 1471; x_wconf 85' lang='lat' dir='ltr'><strong>a</strong></span> <span class='ocrx_word' id='word_1_428' title='bbox 3082 1428 3285 1488; x_wconf 85' lang='lat' dir='ltr'><strong>puncto</strong></span> <span class='ocrx_word' id='word_1_429' title='bbox 3309 1420 3556 1488; x_wconf 86' lang='lat' dir='ltr'><strong>genitura</strong></span> <span class='ocrx_word' id='word_1_430' title='bbox 3593 1430 3678 1473; x_wconf 81' lang='lat' dir='ltr'><strong>re-</strong></span> 
     </span>
    </p>
   </div>
   <div class='ocr_carea' id='block_1_58' title="bbox 2101 1504 3676 1580">
    <p class='ocr_par' dir='ltr' id='par_1_58' title="bbox 2101 1504 3676 1580">
     <span class='ocr_line' id='line_1_58' title="bbox 2101 1504 3676 1580; baseline 0.001 -18"><span class='ocrx_word' id='word_1_431' title='bbox 2101 1508 2322 1579; x_wconf 84' lang='lat' dir='ltr'><strong>petitur.</strong></span> <span class='ocrx_word' id='word_1_432' title='bbox 2343 1504 2446 1562; x_wconf 88' lang='lat' dir='ltr'><strong>Uhi</strong></span> <span class='ocrx_word' id='word_1_433' title='bbox 2469 1508 2611 1562; x_wconf 89' lang='lat' dir='ltr'><strong>enim</strong></span> <span class='ocrx_word' id='word_1_434' title='bbox 2634 1510 2896 1577; x_wconf 73' lang='lat' dir='ltr'><strong>processit</strong></span> <span class='ocrx_word' id='word_1_435' title='bbox 2912 1518 3166 1580; x_wconf 85' lang='lat' dir='ltr'><strong>punctum</strong></span> <span class='ocrx_word' id='word_1_436' title='bbox 3188 1510 3241 1564; x_wconf 93' lang='lat' dir='ltr'><strong>in</strong></span> <span class='ocrx_word' id='word_1_437' title='bbox 3266 1510 3676 1578; x_wconf 85' lang='lat' dir='ltr'><strong>longitudinem,</strong></span> 
     </span>
    </p>
   </div>
   <div class='ocr_carea' id='block_1_59' title="bbox 2100 1598 3677 1671">
    <p class='ocr_par' dir='ltr' id='par_1_59' title="bbox 2100 1598 3677 1671">
     <span class='ocr_line' id='line_1_59' title="bbox 2100 1598 3677 1671; baseline 0.003 -18"><span class='ocrx_word' id='word_1_438' title='bbox 2100 1599 2316 1653; x_wconf 78' lang='lat' dir='ltr'><strong>exsistit</strong></span> <span class='ocrx_word' id='word_1_439' title='bbox 2354 1598 2496 1653; x_wconf 90' lang='lat' dir='ltr'><strong>linea</strong></span> <span class='ocrx_word' id='word_1_440' title='bbox 2525 1608 2650 1669; x_wconf 86' lang='lat' dir='ltr'><strong>post</strong></span> <span class='ocrx_word' id='word_1_441' title='bbox 2675 1615 3019 1669; x_wconf 81' lang='lat' dir='ltr'><strong>processum,</strong></span> <span class='ocrx_word' id='word_1_442' title='bbox 3046 1616 3168 1671; x_wconf 60' lang='lat' dir='ltr'><strong>qua</strong></span> <span class='ocrx_word' id='word_1_443' title='bbox 3194 1601 3480 1656; x_wconf 84' lang='lat' dir='ltr'><strong>terminum</strong></span> <span class='ocrx_word' id='word_1_444' title='bbox 3513 1600 3677 1657; x_wconf 83' lang='lat' dir='ltr'><strong>habet</strong></span> 
     </span>
    </p>
   </div>
   <div class='ocr_carea' id='block_1_60' title="bbox 2100 1690 3673 1759">
    <p class='ocr_par' dir='ltr' id='par_1_60' title="bbox 2100 1690 3673 1759">
     <span class='ocr_line' id='line_1_60' title="bbox 2100 1690 3673 1759; baseline 0.002 -17"><span class='ocrx_word' id='word_1_445' title='bbox 2100 1700 2395 1759; x_wconf 89' lang='lat' dir='ltr'><strong>punctum;</strong></span> <span class='ocrx_word' id='word_1_446' title='bbox 2425 1690 2564 1744; x_wconf 86' lang='lat' dir='ltr'><strong>linea</strong></span> <span class='ocrx_word' id='word_1_447' title='bbox 2591 1701 2771 1745; x_wconf 86' lang='lat' dir='ltr'><strong>autem</strong></span> <span class='ocrx_word' id='word_1_448' title='bbox 2796 1706 2919 1745; x_wconf 90' lang='lat' dir='ltr'><strong>cum</strong></span> <span class='ocrx_word' id='word_1_449' title='bbox 2947 1692 3001 1746; x_wconf 87' lang='lat' dir='ltr'><strong>in</strong></span> <span class='ocrx_word' id='word_1_450' title='bbox 3026 1691 3361 1746; x_wconf 78' lang='lat' dir='ltr'><strong>latitudinem</strong></span> <span class='ocrx_word' id='word_1_451' title='bbox 3387 1692 3673 1759; x_wconf 84' lang='lat' dir='ltr'><strong>processit,</strong></span> 
     </span>
    </p>
   </div>
   <div class='ocr_carea' id='block_1_61' title="bbox 2101 1778 3672 1851">
    <p class='ocr_par' dir='ltr' id='par_1_61' title="bbox 2101 1778 3672 1851">
     <span class='ocr_line' id='line_1_61' title="bbox 2101 1778 3672 1851; baseline -0.001 -17"><span class='ocrx_word' id='word_1_452' title='bbox 2101 1780 2380 1850; x_wconf 86' lang='lat' dir='ltr'><strong>planitiem</strong></span> <span class='ocrx_word' id='word_1_453' title='bbox 2409 1780 2601 1851; x_wconf 87' lang='lat' dir='ltr'><strong>gignit,</strong></span> <span class='ocrx_word' id='word_1_454' title='bbox 2623 1779 2836 1835; x_wconf 79' lang='lat' dir='ltr'><strong>termini</strong></span> <span class='ocrx_word' id='word_1_455' title='bbox 2857 1787 3038 1834; x_wconf 87' lang='lat' dir='ltr'><strong>autem</strong></span> <span class='ocrx_word' id='word_1_456' title='bbox 3065 1779 3305 1849; x_wconf 86' lang='lat' dir='ltr'><strong>planitici</strong></span> <span class='ocrx_word' id='word_1_457' title='bbox 3332 1789 3456 1833; x_wconf 76' lang='lat' dir='ltr'><strong>sunt</strong></span> <span class='ocrx_word' id='word_1_458' title='bbox 3478 1778 3632 1832; x_wconf 73' lang='lat' dir='ltr'><strong>llneze</strong></span> <span class='ocrx_word' id='word_1_459' title='bbox 3655 1794 3672 1843; x_wconf 88' lang='lat'><strong>;</strong></span> 
     </span>
    </p>
   </div>
   <div class='ocr_carea' id='block_1_62' title="bbox 2100 1866 3675 1938">
    <p class='ocr_par' dir='ltr' id='par_1_62' title="bbox 2100 1866 3675 1938">
     <span class='ocr_line' id='line_1_62' title="bbox 2100 1866 3675 1938; baseline 0.001 -17"><span class='ocrx_word' id='word_1_460' title='bbox 2100 1868 2348 1938; x_wconf 81' lang='lat' dir='ltr'><strong>planities</strong></span> <span class='ocrx_word' id='word_1_461' title='bbox 2374 1879 2551 1924; x_wconf 89' lang='lat' dir='ltr'><strong>autem</strong></span> <span class='ocrx_word' id='word_1_462' title='bbox 2571 1884 2692 1925; x_wconf 87' lang='lat' dir='ltr'><strong>cum</strong></span> <span class='ocrx_word' id='word_1_463' title='bbox 2718 1870 2986 1936; x_wconf 85' lang='lat' dir='ltr'><strong>processit</strong></span> <span class='ocrx_word' id='word_1_464' title='bbox 3002 1869 3054 1924; x_wconf 92' lang='lat' dir='ltr'><strong>in</strong></span> <span class='ocrx_word' id='word_1_465' title='bbox 3069 1868 3432 1931; x_wconf 87' lang='lat' dir='ltr'><strong>altitudinem,</strong></span> <span class='ocrx_word' id='word_1_466' title='bbox 3460 1866 3675 1922; x_wconf 76' lang='lat' dir='ltr'><strong>exsistit</strong></span> 
     </span>
    </p>
   </div>
   <div class='ocr_carea' id='block_1_63' title="bbox 2098 1956 3676 2029">
    <p class='ocr_par' dir='ltr' id='par_1_63' title="bbox 2098 1956 3676 2029">
     <span class='ocr_line' id='line_1_63' title="bbox 2098 1956 3676 2029; baseline 0.001 -17"><span class='ocrx_word' id='word_1_467' title='bbox 2098 1972 2313 2028; x_wconf 87' lang='lat' dir='ltr'><strong>corpus.</strong></span> <span class='ocrx_word' id='word_1_468' title='bbox 2352 1957 2452 2014; x_wconf 88' lang='lat' dir='ltr'><strong>Uhi</strong></span> <span class='ocrx_word' id='word_1_469' title='bbox 2488 1967 2667 2012; x_wconf 87' lang='lat' dir='ltr'><strong>autem</strong></span> <span class='ocrx_word' id='word_1_470' title='bbox 2702 1959 2917 2013; x_wconf 88' lang='lat' dir='ltr'><strong>ﬁrmum</strong></span> <span class='ocrx_word' id='word_1_471' title='bbox 2943 1973 3141 2029; x_wconf 86' lang='lat' dir='ltr'><strong>corpus</strong></span> <span class='ocrx_word' id='word_1_472' title='bbox 3169 1959 3409 2018; x_wconf 86' lang='lat' dir='ltr'><strong>exstitit.</strong></span> <span class='ocrx_word' id='word_1_473' title='bbox 3449 1956 3504 2011; x_wconf 83' lang='lat' dir='ltr'><strong>in</strong></span> <span class='ocrx_word' id='word_1_474' title='bbox 3532 1959 3676 2013; x_wconf 85' lang='lat' dir='ltr'><strong>hunc</strong></span> 
     </span>
    </p>
   </div>
   <div class='ocr_carea' id='block_1_64' title="bbox 2101 2041 3675 2118">
    <p class='ocr_par' dir='ltr' id='par_1_64' title="bbox 2101 2041 3675 2118">
     <span class='ocr_line' id='line_1_64' title="bbox 2101 2041 3675 2118; baseline 0.001 -18"><span class='ocrx_word' id='word_1_475' title='bbox 2101 2048 2316 2100; x_wconf 90' lang='lat' dir='ltr'><strong>modum</strong></span> <span class='ocrx_word' id='word_1_476' title='bbox 2345 2061 2412 2102; x_wconf 86' lang='lat' dir='ltr'><strong>ex</strong></span> <span class='ocrx_word' id='word_1_477' title='bbox 2463 2047 2688 2102; x_wconf 88' lang='lat' dir='ltr'><strong>minimo</strong></span> <span class='ocrx_word' id='word_1_478' title='bbox 2721 2041 2923 2117; x_wconf 77' lang='lat' dir='ltr'><strong>puncio</strong></span> <span class='ocrx_word' id='word_1_479' title='bbox 2955 2062 3179 2118; x_wconf 85' lang='lat' dir='ltr'><strong>prorsus</strong></span> <span class='ocrx_word' id='word_1_480' title='bbox 3221 2048 3402 2117; x_wconf 84' lang='lat' dir='ltr'><strong>magni</strong></span> <span class='ocrx_word' id='word_1_481' title='bbox 3429 2047 3675 2117; x_wconf 85' lang='lat' dir='ltr'><strong>corporis</strong></span> 
     </span>
    </p>
   </div>
   <div class='ocr_carea' id='block_1_65' title="bbox 2100 2136 3677 2209">
    <p class='ocr_par' dir='ltr' id='par_1_65' title="bbox 2100 2136 3677 2209">
     <span class='ocr_line' id='line_1_65' title="bbox 2100 2136 3677 2209; baseline 0.001 -19"><span class='ocrx_word' id='word_1_482' title='bbox 2100 2136 2316 2193; x_wconf 82' lang='lat' dir='ltr'><strong>fundata</strong></span> <span class='ocrx_word' id='word_1_483' title='bbox 2342 2146 2425 2193; x_wconf 88' lang='lat' dir='ltr'><strong>est</strong></span> <span class='ocrx_word' id='word_1_484' title='bbox 2448 2148 2640 2193; x_wconf 80' lang='lat' dir='ltr'><strong>natura</strong></span> <span class='ocrx_word' id='word_1_485' title='bbox 2667 2176 2683 2202; x_wconf 94' lang='lat'><strong>,</strong></span> <span class='ocrx_word' id='word_1_486' title='bbox 2734 2141 2898 2209; x_wconf 86' lang='lat' dir='ltr'><strong>idque</strong></span> <span class='ocrx_word' id='word_1_487' title='bbox 2929 2140 3180 2209; x_wconf 88' lang='lat' dir='ltr'><strong>estquod</strong></span> <span class='ocrx_word' id='word_1_488' title='bbox 3207 2139 3394 2194; x_wconf 90' lang='lat' dir='ltr'><strong>Simon</strong></span> <span class='ocrx_word' id='word_1_489' title='bbox 3440 2138 3495 2193; x_wconf 91' lang='lat' dir='ltr'><strong>in</strong></span> <span class='ocrx_word' id='word_1_490' title='bbox 3530 2139 3677 2193; x_wconf 83' lang='lat' dir='ltr'><strong>hunc</strong></span> 
     </span>
    </p>
   </div>
   <div class='ocr_carea' id='block_1_66' title="bbox 2098 2228 3673 2299">
    <p class='ocr_par' dir='ltr' id='par_1_66' title="bbox 2098 2228 3673 2299">
     <span class='ocr_line' id='line_1_66' title="bbox 2098 2228 3673 2299; baseline 0.001 -18"><span class='ocrx_word' id='word_1_491' title='bbox 2098 2231 2313 2282; x_wconf 89' lang='lat' dir='ltr'><strong>modum</strong></span> <span class='ocrx_word' id='word_1_492' title='bbox 2342 2228 2537 2299; x_wconf 72' lang='lat'><strong>126-</strong></span> <span class='ocrx_word' id='word_1_493' title='bbox 2554 2228 2712 2299; x_wconf 72' lang='grc'><strong>127</strong></span> <span class='ocrx_word' id='word_1_494' title='bbox 2738 2229 2961 2283; x_wconf 65' lang='lat' dir='ltr'><strong>edatur:</strong></span> <span class='ocrx_word' id='word_1_495' title='bbox 2990 2228 3256 2299; x_wconf 69' lang='lat' dir='ltr'><strong>Exiguum</strong></span> <span class='ocrx_word' id='word_1_496' title='bbox 3279 2244 3525 2297; x_wconf 77' lang='lat' dir='ltr'><strong>magnum</strong></span> <span class='ocrx_word' id='word_1_497' title='bbox 3551 2228 3673 2294; x_wconf 77' lang='lat' dir='ltr'><strong>erit,</strong></span> 
     </span>
    </p>
   </div>
   <div class='ocr_carea' id='block_1_67' title="bbox 2099 2321 3674 2391">
    <p class='ocr_par' dir='ltr' id='par_1_67' title="bbox 2099 2321 3674 2391">
     <span class='ocr_line' id='line_1_67' title="bbox 2099 2321 3674 2391; baseline 0 -17"><span class='ocrx_word' id='word_1_498' title='bbox 2099 2329 2345 2391; x_wconf 69' lang='lat' dir='ltr'><strong>tanquam</strong></span> <span class='ocrx_word' id='word_1_499' title='bbox 2375 2335 2624 2389; x_wconf 73' lang='lat' dir='ltr'><strong>punctum</strong></span> <span class='ocrx_word' id='word_1_500' title='bbox 2640 2321 2779 2390; x_wconf 72' lang='lat' dir='ltr'><strong>quod</strong></span> <span class='ocrx_word' id='word_1_501' title='bbox 2799 2330 2898 2387; x_wconf 83' lang='lat' dir='ltr'><strong>est,</strong></span> <span class='ocrx_word' id='word_1_502' title='bbox 2919 2337 3166 2391; x_wconf 76' lang='lat' dir='ltr'><strong>maguum</strong></span> <span class='ocrx_word' id='word_1_503' title='bbox 3184 2330 3360 2375; x_wconf 80' lang='lat' dir='ltr'><strong>autem</strong></span> <span class='ocrx_word' id='word_1_504' title='bbox 3382 2322 3674 2389; x_wconf 70' lang='lat' dir='ltr'><strong>inﬁnitum,</strong></span> 
     </span>
    </p>
   </div>
   <div class='ocr_carea' id='block_1_68' title="bbox 2098 2413 3671 2486">
    <p class='ocr_par' dir='ltr' id='par_1_68' title="bbox 2098 2413 3671 2486">
     <span class='ocr_line' id='line_1_68' title="bbox 2098 2413 3671 2486; baseline 0 -20"><span class='ocrx_word' id='word_1_505' title='bbox 2098 2415 2294 2484; x_wconf 86' lang='lat' dir='ltr'><strong>quippe</strong></span> <span class='ocrx_word' id='word_1_506' title='bbox 2324 2423 2539 2469; x_wconf 80' lang='lat' dir='ltr'><strong>secutus</strong></span> <span class='ocrx_word' id='word_1_507' title='bbox 2561 2423 2817 2485; x_wconf 87' lang='lat' dir='ltr'><strong>punctum</strong></span> <span class='ocrx_word' id='word_1_508' title='bbox 2838 2423 3262 2486; x_wconf 73' lang='lat' dir='ltr'><strong>geometrarum.</strong></span> <span class='ocrx_word' id='word_1_509' title='bbox 3294 2413 3671 2468; x_wconf 68' lang='lat' dir='ltr'><strong>Arithmetiea:</strong></span> 
     </span>
    </p>
   </div>
   <div class='ocr_carea' id='block_1_69' title="bbox 2098 2504 3672 2577">
    <p class='ocr_par' dir='ltr' id='par_1_69' title="bbox 2098 2504 3672 2577">
     <span class='ocr_line' id='line_1_69' title="bbox 2098 2504 3672 2577; baseline -0.002 -15"><span class='ocrx_word' id='word_1_510' title='bbox 2098 2515 2279 2562; x_wconf 76' lang='lat' dir='ltr'><strong>autem</strong></span> <span class='ocrx_word' id='word_1_511' title='bbox 2311 2504 2643 2560; x_wconf 87' lang='lat' dir='ltr'><strong>continentis</strong></span> <span class='ocrx_word' id='word_1_512' title='bbox 2665 2521 2761 2574; x_wconf 82' lang='lat' dir='ltr'><strong>per</strong></span> <span class='ocrx_word' id='word_1_513' title='bbox 2787 2506 3240 2577; x_wconf 81' lang='lat' dir='ltr'><strong>compositionem</strong></span> <span class='ocrx_word' id='word_1_514' title='bbox 3274 2505 3672 2577; x_wconf 68' lang='lat' dir='ltr'><strong>philosotihiam</strong></span> 
     </span>
    </p>
   </div>
   <div class='ocr_carea' id='block_1_70' title="bbox 2097 2595 3674 2666">
    <p class='ocr_par' dir='ltr' id='par_1_70' title="bbox 2097 2595 3674 2666">
     <span class='ocr_line' id='line_1_70' title="bbox 2097 2595 3674 2666; baseline -0.004 -11"><span class='ocrx_word' id='word_1_515' title='bbox 2097 2611 2358 2655; x_wconf 87' lang='lat' dir='ltr'><strong>numerus</strong></span> <span class='ocrx_word' id='word_1_516' title='bbox 2387 2598 2596 2651; x_wconf 80' lang='lat' dir='ltr'><strong>exstitit</strong></span> <span class='ocrx_word' id='word_1_517' title='bbox 2626 2596 2953 2666; x_wconf 89' lang='lat' dir='ltr'><strong>principium</strong></span> <span class='ocrx_word' id='word_1_518' title='bbox 2972 2637 2989 2663; x_wconf 91' lang='lat'><strong>,</strong></span> <span class='ocrx_word' id='word_1_519' title='bbox 3022 2596 3074 2651; x_wconf 87' lang='lat' dir='ltr'><strong>id</strong></span> <span class='ocrx_word' id='word_1_520' title='bbox 3101 2596 3240 2666; x_wconf 86' lang='lat' dir='ltr'><strong>quod</strong></span> <span class='ocrx_word' id='word_1_521' title='bbox 3267 2605 3351 2650; x_wconf 88' lang='lat' dir='ltr'><strong>est</strong></span> <span class='ocrx_word' id='word_1_522' title='bbox 3381 2595 3674 2658; x_wconf 88' lang='lat' dir='ltr'><strong>inﬁnitum,</strong></span> 
     </span>
    </p>
   </div>
   <div class='ocr_carea' id='block_1_71' title="bbox 2099 2679 3676 2759">
    <p class='ocr_par' dir='ltr' id='par_1_71' title="bbox 2099 2679 3676 2759">
     <span class='ocr_line' id='line_1_71' title="bbox 2099 2679 3676 2759; baseline -0.002 -15"><span class='ocrx_word' id='word_1_523' title='bbox 2099 2679 2612 2759; x_wconf 87' lang='lat' dir='ltr'><strong>incomprehensum</strong></span> <span class='ocrx_word' id='word_1_524' title='bbox 2636 2725 2652 2750; x_wconf 86' lang='lat'><strong>.</strong></span> <span class='ocrx_word' id='word_1_525' title='bbox 2692 2686 2899 2744; x_wconf 80' lang='lat' dir='ltr'><strong>habens</strong></span> <span class='ocrx_word' id='word_1_526' title='bbox 2926 2687 2978 2741; x_wconf 91' lang='lat' dir='ltr'><strong>in</strong></span> <span class='ocrx_word' id='word_1_527' title='bbox 3004 2702 3063 2742; x_wconf 86' lang='lat' dir='ltr'><strong>se</strong></span> <span class='ocrx_word' id='word_1_528' title='bbox 3082 2701 3274 2742; x_wconf 87' lang='lat' dir='ltr'><strong>omnes</strong></span> <span class='ocrx_word' id='word_1_529' title='bbox 3305 2686 3397 2755; x_wconf 86' lang='lat' dir='ltr'><strong>qui</strong></span> <span class='ocrx_word' id='word_1_530' title='bbox 3448 2694 3676 2755; x_wconf 87' lang='lat' dir='ltr'><strong>possunt</strong></span> 
     </span>
    </p>
   </div>
   <div class='ocr_carea' id='block_1_72' title="bbox 2100 2777 3670 2848">
    <p class='ocr_par' dir='ltr' id='par_1_72' title="bbox 2100 2777 3670 2848">
     <span class='ocr_line' id='line_1_72' title="bbox 2100 2777 3670 2848; baseline -0.003 -12"><span class='ocrx_word' id='word_1_531' title='bbox 2100 2781 2153 2836; x_wconf 91' lang='lat' dir='ltr'><strong>in</strong></span> <span class='ocrx_word' id='word_1_532' title='bbox 2202 2779 2469 2834; x_wconf 88' lang='lat' dir='ltr'><strong>inﬁnitum</strong></span> <span class='ocrx_word' id='word_1_533' title='bbox 2519 2793 2617 2848; x_wconf 90' lang='lat' dir='ltr'><strong>per</strong></span> <span class='ocrx_word' id='word_1_534' title='bbox 2659 2778 3057 2833; x_wconf 86' lang='lat' dir='ltr'><strong>multitudinem</strong></span> <span class='ocrx_word' id='word_1_535' title='bbox 3093 2777 3342 2848; x_wconf 78' lang='lat' dir='ltr'><strong>progredi</strong></span> <span class='ocrx_word' id='word_1_536' title='bbox 3390 2790 3670 2831; x_wconf 86' lang='lat' dir='ltr'><strong>numeros.</strong></span> 
     </span>
    </p>
   </div>
   <div class='ocr_carea' id='block_1_73' title="bbox 2097 2866 3675 2940">
    <p class='ocr_par' dir='ltr' id='par_1_73' title="bbox 2097 2866 3675 2940">
     <span class='ocr_line' id='line_1_73' title="bbox 2097 2866 3675 2940; baseline -0.004 -15"><span class='ocrx_word' id='word_1_537' title='bbox 2097 2871 2459 2926; x_wconf 88' lang='lat' dir='ltr'><strong>Numerorum</strong></span> <span class='ocrx_word' id='word_1_538' title='bbox 2485 2879 2665 2924; x_wconf 88' lang='lat' dir='ltr'><strong>autem</strong></span> <span class='ocrx_word' id='word_1_539' title='bbox 2696 2869 3022 2940; x_wconf 87' lang='lat' dir='ltr'><strong>principium</strong></span> <span class='ocrx_word' id='word_1_540' title='bbox 3051 2869 3262 2924; x_wconf 76' lang='lat' dir='ltr'><strong>exstitit</strong></span> <span class='ocrx_word' id='word_1_541' title='bbox 3294 2883 3391 2935; x_wconf 90' lang='lat' dir='ltr'><strong>per</strong></span> <span class='ocrx_word' id='word_1_542' title='bbox 3418 2866 3675 2923; x_wconf 82' lang='lat' dir='ltr'><strong>substan-</strong></span> 
     </span>
    </p>
   </div>
   <div class='ocr_carea' id='block_1_74' title="bbox 2100 2956 3669 3030">
    <p class='ocr_par' dir='ltr' id='par_1_74' title="bbox 2100 2956 3669 3030">
     <span class='ocr_line' id='line_1_74' title="bbox 2100 2956 3669 3030; baseline -0.003 -14"><span class='ocrx_word' id='word_1_543' title='bbox 2100 2964 2228 3016; x_wconf 91' lang='lat' dir='ltr'><strong>tiam</strong></span> <span class='ocrx_word' id='word_1_544' title='bbox 2264 2961 2438 3030; x_wconf 81' lang='lat' dir='ltr'><strong>prima</strong></span> <span class='ocrx_word' id='word_1_545' title='bbox 2476 2975 2669 3015; x_wconf 87' lang='lat' dir='ltr'><strong>monas</strong></span> <span class='ocrx_word' id='word_1_546' title='bbox 2694 2999 2711 3023; x_wconf 96' lang='lat'><strong>,</strong></span> <span class='ocrx_word' id='word_1_547' title='bbox 2738 2975 2857 3028; x_wconf 74' lang='lat' dir='ltr'><strong>qua:</strong></span> <span class='ocrx_word' id='word_1_548' title='bbox 2899 2959 3116 3028; x_wconf 89' lang='lat' dir='ltr'><strong>quidem</strong></span> <span class='ocrx_word' id='word_1_549' title='bbox 3149 2968 3235 3013; x_wconf 89' lang='lat' dir='ltr'><strong>est</strong></span> <span class='ocrx_word' id='word_1_550' title='bbox 3266 2973 3454 3012; x_wconf 88' lang='lat' dir='ltr'><strong>monas</strong></span> <span class='ocrx_word' id='word_1_551' title='bbox 3479 2956 3669 3018; x_wconf 85' lang='lat' dir='ltr'><strong>virilis,</strong></span> 
     </span>
    </p>
   </div>
   <div class='ocr_carea' id='block_1_75' title="bbox 2097 3049 3674 3123">
    <p class='ocr_par' dir='ltr' id='par_1_75' title="bbox 2097 3049 3674 3123">
     <span class='ocr_line' id='line_1_75' title="bbox 2097 3049 3674 3123; baseline -0.003 -16"><span class='ocrx_word' id='word_1_552' title='bbox 2097 3068 2392 3123; x_wconf 87' lang='lat' dir='ltr'><strong>procreans</strong></span> <span class='ocrx_word' id='word_1_553' title='bbox 2425 3061 2651 3123; x_wconf 87' lang='lat' dir='ltr'><strong>paterne</strong></span> <span class='ocrx_word' id='word_1_554' title='bbox 2691 3051 2926 3121; x_wconf 86' lang='lat' dir='ltr'><strong>reliquos</strong></span> <span class='ocrx_word' id='word_1_555' title='bbox 2950 3066 3140 3106; x_wconf 86' lang='lat' dir='ltr'><strong>omnes</strong></span> <span class='ocrx_word' id='word_1_556' title='bbox 3175 3066 3450 3105; x_wconf 86' lang='lat' dir='ltr'><strong>numeros.</strong></span> <span class='ocrx_word' id='word_1_557' title='bbox 3489 3049 3674 3104; x_wconf 85' lang='lat' dir='ltr'><strong>Altero</strong></span> 
     </span>
    </p>
   </div>
   <div class='ocr_carea' id='block_1_76' title="bbox 2098 3142 3674 3215">
    <p class='ocr_par' dir='ltr' id='par_1_76' title="bbox 2098 3142 3674 3215">
     <span class='ocr_line' id='line_1_76' title="bbox 2098 3142 3674 3215; baseline -0.002 -18"><span class='ocrx_word' id='word_1_558' title='bbox 2098 3144 2216 3199; x_wconf 91' lang='lat' dir='ltr'><strong>loco</strong></span> <span class='ocrx_word' id='word_1_559' title='bbox 2245 3144 2412 3215; x_wconf 85' lang='lat' dir='ltr'><strong>dyas,</strong></span> <span class='ocrx_word' id='word_1_560' title='bbox 2466 3143 2732 3198; x_wconf 80' lang='lat' dir='ltr'><strong>femineus</strong></span> <span class='ocrx_word' id='word_1_561' title='bbox 2765 3157 3025 3197; x_wconf 88' lang='lat' dir='ltr'><strong>numerus</strong></span> <span class='ocrx_word' id='word_1_562' title='bbox 3047 3180 3063 3204; x_wconf 84' lang='lat'><strong>,</strong></span> <span class='ocrx_word' id='word_1_563' title='bbox 3097 3142 3236 3196; x_wconf 87' lang='lat' dir='ltr'><strong>idem</strong></span> <span class='ocrx_word' id='word_1_564' title='bbox 3270 3146 3447 3196; x_wconf 88' lang='lat' dir='ltr'><strong>autem</strong></span> <span class='ocrx_word' id='word_1_565' title='bbox 3474 3150 3530 3196; x_wconf 90' lang='lat' dir='ltr'><strong>et</strong></span> <span class='ocrx_word' id='word_1_566' title='bbox 3574 3153 3674 3210; x_wconf 88' lang='lat' dir='ltr'><strong>par</strong></span> 
     </span>
    </p>
   </div>
   <div class='ocr_carea' id='block_1_77' title="bbox 2099 3233 3673 3305">
    <p class='ocr_par' dir='ltr' id='par_1_77' title="bbox 2099 3233 3673 3305">
     <span class='ocr_line' id='line_1_77' title="bbox 2099 3233 3673 3305; baseline 0.001 -18"><span class='ocrx_word' id='word_1_567' title='bbox 2099 3235 2167 3290; x_wconf 85' lang='lat' dir='ltr'><strong>ab</strong></span> <span class='ocrx_word' id='word_1_568' title='bbox 2202 3236 2565 3291; x_wconf 87' lang='lat' dir='ltr'><strong>arithmeticis</strong></span> <span class='ocrx_word' id='word_1_569' title='bbox 2591 3234 2910 3305; x_wconf 87' lang='lat' dir='ltr'><strong>appellatur.</strong></span> <span class='ocrx_word' id='word_1_570' title='bbox 2945 3233 3189 3288; x_wconf 84' lang='lat' dir='ltr'><strong>Tertium</strong></span> <span class='ocrx_word' id='word_1_571' title='bbox 3225 3234 3378 3298; x_wconf 83' lang='lat' dir='ltr'><strong>trias,</strong></span> <span class='ocrx_word' id='word_1_572' title='bbox 3415 3246 3673 3289; x_wconf 82' lang='lat' dir='ltr'><strong>numerus</strong></span> 
     </span>
    </p>
   </div>
   <div class='ocr_carea' id='block_1_78' title="bbox 2097 3323 3669 3396">
    <p class='ocr_par' dir='ltr' id='par_1_78' title="bbox 2097 3323 3669 3396">
     <span class='ocr_line' id='line_1_78' title="bbox 2097 3323 3669 3396; baseline 0.001 -20"><span class='ocrx_word' id='word_1_573' title='bbox 2097 3326 2314 3392; x_wconf 84' lang='lat' dir='ltr'><strong>virilis;</strong></span> <span class='ocrx_word' id='word_1_574' title='bbox 2368 3326 2454 3380; x_wconf 91' lang='lat' dir='ltr'><strong>hic</strong></span> <span class='ocrx_word' id='word_1_575' title='bbox 2493 3335 2548 3380; x_wconf 89' lang='lat' dir='ltr'><strong>et</strong></span> <span class='ocrx_word' id='word_1_576' title='bbox 2596 3326 2771 3396; x_wconf 84' lang='lat' dir='ltr'><strong>impar</strong></span> <span class='ocrx_word' id='word_1_577' title='bbox 2815 3326 2883 3380; x_wconf 85' lang='lat' dir='ltr'><strong>ab</strong></span> <span class='ocrx_word' id='word_1_578' title='bbox 2913 3325 3272 3379; x_wconf 88' lang='lat' dir='ltr'><strong>arithmeticis</strong></span> <span class='ocrx_word' id='word_1_579' title='bbox 3301 3324 3476 3379; x_wconf 85' lang='lat' dir='ltr'><strong>vocari</strong></span> <span class='ocrx_word' id='word_1_580' title='bbox 3513 3323 3669 3378; x_wconf 88' lang='lat' dir='ltr'><strong>solet.</strong></span> 
     </span>
    </p>
   </div>
   <div class='ocr_carea' id='block_1_79' title="bbox 2091 3415 3669 3481">
    <p class='ocr_par' dir='ltr' id='par_1_79' title="bbox 2091 3415 3669 3481">
     <span class='ocr_line' id='line_1_79' title="bbox 2091 3415 3669 3481; baseline -0.001 -9"><span class='ocrx_word' id='word_1_581' title='bbox 2091 3417 2296 3472; x_wconf 75' lang='lat' dir='ltr'><strong>Prteter</strong></span> <span class='ocrx_word' id='word_1_582' title='bbox 2326 3418 2422 3471; x_wconf 88' lang='lat' dir='ltr'><strong>hos</strong></span> <span class='ocrx_word' id='word_1_583' title='bbox 2451 3430 2640 3472; x_wconf 88' lang='lat' dir='ltr'><strong>omnes</strong></span> <span class='ocrx_word' id='word_1_584' title='bbox 2669 3424 2846 3470; x_wconf 90' lang='lat' dir='ltr'><strong>autem</strong></span> <span class='ocrx_word' id='word_1_585' title='bbox 2875 3425 3062 3480; x_wconf 88' lang='lat' dir='ltr'><strong>tetras,</strong></span> <span class='ocrx_word' id='word_1_586' title='bbox 3104 3415 3367 3470; x_wconf 82' lang='lat' dir='ltr'><strong>femineus</strong></span> <span class='ocrx_word' id='word_1_587' title='bbox 3395 3430 3669 3481; x_wconf 86' lang='lat' dir='ltr'><strong>numerus,</strong></span> 
     </span>
    </p>
   </div>
   <div class='ocr_carea' id='block_1_80' title="bbox 2092 3507 3669 3578">
    <p class='ocr_par' dir='ltr' id='par_1_80' title="bbox 2092 3507 3669 3578">
     <span class='ocr_line' id='line_1_80' title="bbox 2092 3507 3669 3578; baseline -0.002 -15"><span class='ocrx_word' id='word_1_588' title='bbox 2092 3508 2234 3563; x_wconf 89' lang='lat' dir='ltr'><strong>idem</strong></span> <span class='ocrx_word' id='word_1_589' title='bbox 2264 3518 2442 3564; x_wconf 90' lang='lat' dir='ltr'><strong>autem</strong></span> <span class='ocrx_word' id='word_1_590' title='bbox 2473 3509 2563 3563; x_wconf 90' lang='lat' dir='ltr'><strong>hic</strong></span> <span class='ocrx_word' id='word_1_591' title='bbox 2603 3521 2657 3563; x_wconf 86' lang='lat' dir='ltr'><strong>et</strong></span> <span class='ocrx_word' id='word_1_592' title='bbox 2684 3522 2786 3578; x_wconf 87' lang='lat' dir='ltr'><strong>par</strong></span> <span class='ocrx_word' id='word_1_593' title='bbox 2816 3517 3073 3573; x_wconf 89' lang='lat' dir='ltr'><strong>vocatur,</strong></span> <span class='ocrx_word' id='word_1_594' title='bbox 3127 3508 3218 3577; x_wconf 88' lang='lat' dir='ltr'><strong>qui</strong></span> <span class='ocrx_word' id='word_1_595' title='bbox 3252 3507 3516 3562; x_wconf 77' lang='lat' dir='ltr'><strong>femineus</strong></span> <span class='ocrx_word' id='word_1_596' title='bbox 3564 3516 3669 3562; x_wconf 86' lang='lat' dir='ltr'><strong>est.</strong></span> 
     </span>
    </p>
   </div>
   <div class='ocr_carea' id='block_1_81' title="bbox 2092 3598 3672 3669">
    <p class='ocr_par' dir='ltr' id='par_1_81' title="bbox 2092 3598 3672 3669">
     <span class='ocr_line' id='line_1_81' title="bbox 2092 3598 3672 3669; baseline -0.003 -16"><span class='ocrx_word' id='word_1_597' title='bbox 2092 3599 2233 3653; x_wconf 90' lang='lat' dir='ltr'><strong>Sunt</strong></span> <span class='ocrx_word' id='word_1_598' title='bbox 2264 3600 2429 3669; x_wconf 86' lang='lat' dir='ltr'><strong>igitur</strong></span> <span class='ocrx_word' id='word_1_599' title='bbox 2469 3598 2706 3653; x_wconf 86' lang='lat' dir='ltr'><strong>universi</strong></span> <span class='ocrx_word' id='word_1_600' title='bbox 2742 3598 2950 3652; x_wconf 90' lang='lat' dir='ltr'><strong>numeri</strong></span> <span class='ocrx_word' id='word_1_601' title='bbox 2983 3598 3182 3667; x_wconf 88' lang='lat' dir='ltr'><strong>sumpti</strong></span> <span class='ocrx_word' id='word_1_602' title='bbox 3219 3598 3512 3667; x_wconf 85' lang='lat' dir='ltr'><strong>generatim</strong></span> <span class='ocrx_word' id='word_1_603' title='bbox 3545 3611 3672 3664; x_wconf 84' lang='lat' dir='ltr'><strong>qua-</strong></span> 
     </span>
    </p>
   </div>
   <div class='ocr_carea' id='block_1_82' title="bbox 2096 3687 3668 3759">
    <p class='ocr_par' dir='ltr' id='par_1_82' title="bbox 2096 3687 3668 3759">
     <span class='ocr_line' id='line_1_82' title="bbox 2096 3687 3668 3759; baseline -0.001 -16"><span class='ocrx_word' id='word_1_604' title='bbox 2096 3700 2218 3743; x_wconf 91' lang='lat' dir='ltr'><strong>tuor</strong></span> <span class='ocrx_word' id='word_1_605' title='bbox 2263 3690 2558 3757; x_wconf 81' lang='lat' dir='ltr'><strong>(numerus</strong></span> <span class='ocrx_word' id='word_1_606' title='bbox 2599 3698 2780 3744; x_wconf 88' lang='lat' dir='ltr'><strong>autem</strong></span> <span class='ocrx_word' id='word_1_607' title='bbox 2812 3698 2932 3744; x_wconf 87' lang='lat' dir='ltr'><strong>erat</strong></span> <span class='ocrx_word' id='word_1_608' title='bbox 2977 3688 3042 3743; x_wconf 89' lang='lat' dir='ltr'><strong>ad</strong></span> <span class='ocrx_word' id='word_1_609' title='bbox 3073 3703 3260 3742; x_wconf 82' lang='lat' dir='ltr'><strong>sexum</strong></span> <span class='ocrx_word' id='word_1_610' title='bbox 3309 3687 3668 3759; x_wconf 84' lang='lat' dir='ltr'><strong>indeﬁnitus),</strong></span> 
     </span>
    </p>
   </div>
   <div class='ocr_carea' id='block_1_83' title="bbox 2095 3778 3667 3851">
    <p class='ocr_par' dir='ltr' id='par_1_83' title="bbox 2095 3778 3667 3851">
     <span class='ocr_line' id='line_1_83' title="bbox 2095 3778 3667 3851; baseline -0.003 -14"><span class='ocrx_word' id='word_1_611' title='bbox 2095 3784 2240 3837; x_wconf 90' lang='lat' dir='ltr'><strong>unde</strong></span> <span class='ocrx_word' id='word_1_612' title='bbox 2266 3781 2539 3851; x_wconf 79' lang='lat' dir='ltr'><strong>perfectus</strong></span> <span class='ocrx_word' id='word_1_613' title='bbox 2571 3781 2676 3836; x_wconf 90' lang='lat' dir='ltr'><strong>illis</strong></span> <span class='ocrx_word' id='word_1_614' title='bbox 2712 3795 2967 3836; x_wconf 89' lang='lat' dir='ltr'><strong>numerus</strong></span> <span class='ocrx_word' id='word_1_615' title='bbox 3015 3780 3224 3835; x_wconf 84' lang='lat' dir='ltr'><strong>exstitit</strong></span> <span class='ocrx_word' id='word_1_616' title='bbox 3269 3780 3447 3835; x_wconf 89' lang='lat' dir='ltr'><strong>decas.</strong></span> <span class='ocrx_word' id='word_1_617' title='bbox 3493 3778 3667 3834; x_wconf 76' lang='lat' dir='ltr'><strong>Unum</strong></span> 
     </span>
    </p>
   </div>
   <div class='ocr_carea' id='block_1_84' title="bbox 2093 3870 3666 3941">
    <p class='ocr_par' dir='ltr' id='par_1_84' title="bbox 2093 3870 3666 3941">
     <span class='ocr_line' id='line_1_84' title="bbox 2093 3870 3666 3941; baseline 0.001 -16"><span class='ocrx_word' id='word_1_618' title='bbox 2093 3872 2260 3934; x_wconf 87' lang='lat' dir='ltr'><strong>enim,</strong></span> <span class='ocrx_word' id='word_1_619' title='bbox 2302 3872 2431 3933; x_wconf 90' lang='lat' dir='ltr'><strong>duo,</strong></span> <span class='ocrx_word' id='word_1_620' title='bbox 2464 3873 2562 3924; x_wconf 88' lang='lat' dir='ltr'><strong>tria</strong></span> <span class='ocrx_word' id='word_1_621' title='bbox 2588 3911 2604 3936; x_wconf 94' lang='lat'><strong>,</strong></span> <span class='ocrx_word' id='word_1_622' title='bbox 2636 3880 2868 3940; x_wconf 90' lang='lat' dir='ltr'><strong>quatuor</strong></span> <span class='ocrx_word' id='word_1_623' title='bbox 2896 3870 3135 3926; x_wconf 83' lang='lat' dir='ltr'><strong>eﬁieiunt</strong></span> <span class='ocrx_word' id='word_1_624' title='bbox 3160 3872 3377 3937; x_wconf 90' lang='lat' dir='ltr'><strong>decem,</strong></span> <span class='ocrx_word' id='word_1_625' title='bbox 3419 3880 3477 3925; x_wconf 88' lang='lat' dir='ltr'><strong>ut</strong></span> <span class='ocrx_word' id='word_1_626' title='bbox 3507 3886 3666 3941; x_wconf 87' lang='lat' dir='ltr'><strong>supra</strong></span> 
     </span>
    </p>
   </div>
   <div class='ocr_carea' id='block_1_85' title="bbox 2095 3958 3667 4027">
    <p class='ocr_par' dir='ltr' id='par_1_85' title="bbox 2095 3958 3667 4027">
     <span class='ocr_line' id='line_1_85' title="bbox 2095 3958 3667 4027; baseline -0.002 -14"><span class='ocrx_word' id='word_1_627' title='bbox 2095 3961 2530 4014; x_wconf 88' lang='lat' dir='ltr'><strong>demonstratum</strong></span> <span class='ocrx_word' id='word_1_628' title='bbox 2558 3969 2663 4022; x_wconf 88' lang='lat' dir='ltr'><strong>est,</strong></span> <span class='ocrx_word' id='word_1_629' title='bbox 2697 3973 2818 4014; x_wconf 91' lang='lat' dir='ltr'><strong>cum</strong></span> <span class='ocrx_word' id='word_1_630' title='bbox 2851 3958 3076 4027; x_wconf 88' lang='lat' dir='ltr'><strong>singulis</strong></span> <span class='ocrx_word' id='word_1_631' title='bbox 3106 3960 3344 4012; x_wconf 89' lang='lat' dir='ltr'><strong>numeris</strong></span> <span class='ocrx_word' id='word_1_632' title='bbox 3374 3972 3667 4012; x_wconf 85' lang='lat' dir='ltr'><strong>conserva-</strong></span> 
     </span>
    </p>
   </div>
   <div class='ocr_carea' id='block_1_86' title="bbox 2093 4047 3671 4118">
    <p class='ocr_par' dir='ltr' id='par_1_86' title="bbox 2093 4047 3671 4118">
     <span class='ocr_line' id='line_1_86' title="bbox 2093 4047 3671 4118; baseline -0.003 -12"><span class='ocrx_word' id='word_1_633' title='bbox 2093 4051 2237 4106; x_wconf 85' lang='lat' dir='ltr'><strong>bitur</strong></span> <span class='ocrx_word' id='word_1_634' title='bbox 2263 4066 2329 4106; x_wconf 87' lang='lat' dir='ltr'><strong>ex</strong></span> <span class='ocrx_word' id='word_1_635' title='bbox 2355 4064 2412 4105; x_wconf 89' lang='lat' dir='ltr'><strong>re</strong></span> <span class='ocrx_word' id='word_1_636' title='bbox 2441 4050 2791 4105; x_wconf 89' lang='lat' dir='ltr'><strong>domesticum</strong></span> <span class='ocrx_word' id='word_1_637' title='bbox 2820 4065 3034 4104; x_wconf 90' lang='lat' dir='ltr'><strong>nomen.</strong></span> <span class='ocrx_word' id='word_1_638' title='bbox 3071 4047 3197 4103; x_wconf 66' lang='lat' dir='ltr'><strong>Haec</strong></span> <span class='ocrx_word' id='word_1_639' title='bbox 3237 4059 3318 4103; x_wconf 88' lang='lat' dir='ltr'><strong>est</strong></span> <span class='ocrx_word' id='word_1_640' title='bbox 3352 4047 3439 4102; x_wconf 89' lang='lat' dir='ltr'><strong>illa</strong></span> <span class='ocrx_word' id='word_1_641' title='bbox 3474 4047 3671 4118; x_wconf 83' lang='lat' dir='ltr'><strong>Pytha-</strong></span> 
     </span>
    </p>
   </div>
   <div class='ocr_carea' id='block_1_87' title="bbox 2095 4139 3665 4213">
    <p class='ocr_par' dir='ltr' id='par_1_87' title="bbox 2095 4139 3665 4213">
     <span class='ocr_line' id='line_1_87' title="bbox 2095 4139 3665 4213; baseline -0.003 -17"><span class='ocrx_word' id='word_1_642' title='bbox 2095 4157 2241 4213; x_wconf 70' lang='lat' dir='ltr'><strong>gorae</strong></span> <span class='ocrx_word' id='word_1_643' title='bbox 2271 4156 2425 4197; x_wconf 90' lang='lat' dir='ltr'><strong>saera</strong></span> <span class='ocrx_word' id='word_1_644' title='bbox 2455 4150 2711 4213; x_wconf 84' lang='lat' dir='ltr'><strong>tetraetys</strong></span> <span class='ocrx_word' id='word_1_645' title='bbox 2740 4150 3014 4210; x_wconf 71' lang='lat' dir='ltr'><strong>perpetuas</strong></span> <span class='ocrx_word' id='word_1_646' title='bbox 3049 4154 3257 4195; x_wconf 63' lang='lat' dir='ltr'><strong>natura!</strong></span> <span class='ocrx_word' id='word_1_647' title='bbox 3286 4140 3572 4194; x_wconf 87' lang='lat' dir='ltr'><strong>continens</strong></span> <span class='ocrx_word' id='word_1_648' title='bbox 3611 4139 3665 4192; x_wconf 89' lang='lat' dir='ltr'><strong>in</strong></span> 
     </span>
    </p>
   </div>
   <div class='ocr_carea' id='block_1_88' title="bbox 2095 4230 3672 4300">
    <p class='ocr_par' dir='ltr' id='par_1_88' title="bbox 2095 4230 3672 4300">
     <span class='ocr_line' id='line_1_88' title="bbox 2095 4230 3672 4300; baseline -0.001 -15"><span class='ocrx_word' id='word_1_649' title='bbox 2095 4246 2156 4285; x_wconf 90' lang='lat' dir='ltr'><strong>se</strong></span> <span class='ocrx_word' id='word_1_650' title='bbox 2185 4231 2418 4297; x_wconf 84' lang='lat' dir='ltr'><strong>radices,</strong></span> <span class='ocrx_word' id='word_1_651' title='bbox 2456 4232 2557 4287; x_wconf 92' lang='lat' dir='ltr'><strong>hoc</strong></span> <span class='ocrx_word' id='word_1_652' title='bbox 2586 4240 2670 4285; x_wconf 90' lang='lat' dir='ltr'><strong>est</strong></span> <span class='ocrx_word' id='word_1_653' title='bbox 2700 4231 2938 4300; x_wconf 90' lang='lat' dir='ltr'><strong>reliquos</strong></span> <span class='ocrx_word' id='word_1_654' title='bbox 2963 4245 3153 4285; x_wconf 89' lang='lat' dir='ltr'><strong>omnes</strong></span> <span class='ocrx_word' id='word_1_655' title='bbox 3176 4244 3463 4295; x_wconf 84' lang='lat' dir='ltr'><strong>numeros;</strong></span> <span class='ocrx_word' id='word_1_656' title='bbox 3501 4230 3672 4284; x_wconf 82' lang='lat' dir='ltr'><strong>unde-</strong></span> 
     </span>
    </p>
   </div>
   <div class='ocr_carea' id='block_1_89' title="bbox 2095 4321 3668 4392">
    <p class='ocr_par' dir='ltr' id='par_1_89' title="bbox 2095 4321 3668 4392">
     <span class='ocr_line' id='line_1_89' title="bbox 2095 4321 3668 4392; baseline 0.001 -17"><span class='ocrx_word' id='word_1_657' title='bbox 2095 4323 2268 4376; x_wconf 90' lang='lat' dir='ltr'><strong>cimus</strong></span> <span class='ocrx_word' id='word_1_658' title='bbox 2296 4323 2441 4376; x_wconf 89' lang='lat' dir='ltr'><strong>enim</strong></span> <span class='ocrx_word' id='word_1_659' title='bbox 2465 4336 2722 4376; x_wconf 88' lang='lat' dir='ltr'><strong>umnerus</strong></span> <span class='ocrx_word' id='word_1_660' title='bbox 2747 4331 2801 4377; x_wconf 91' lang='lat' dir='ltr'><strong>et</strong></span> <span class='ocrx_word' id='word_1_661' title='bbox 2834 4323 3186 4378; x_wconf 89' lang='lat' dir='ltr'><strong>duodecimus</strong></span> <span class='ocrx_word' id='word_1_662' title='bbox 3216 4330 3268 4376; x_wconf 89' lang='lat' dir='ltr'><strong>et</strong></span> <span class='ocrx_word' id='word_1_663' title='bbox 3299 4321 3486 4392; x_wconf 89' lang='lat' dir='ltr'><strong>reliqui</strong></span> <span class='ocrx_word' id='word_1_664' title='bbox 3521 4323 3668 4390; x_wconf 90' lang='lat' dir='ltr'><strong>priu-</strong></span> 
     </span>
    </p>
   </div>
   <div class='ocr_carea' id='block_1_90' title="bbox 2095 4410 3665 4482">
    <p class='ocr_par' dir='ltr' id='par_1_90' title="bbox 2095 4410 3665 4482">
     <span class='ocr_line' id='line_1_90' title="bbox 2095 4410 3665 4482; baseline -0.001 -15"><span class='ocrx_word' id='word_1_665' title='bbox 2095 4412 2292 4480; x_wconf 91' lang='lat' dir='ltr'><strong>cipium</strong></span> <span class='ocrx_word' id='word_1_666' title='bbox 2324 4410 2695 4482; x_wconf 86' lang='lat' dir='ltr'><strong>generationis</strong></span> <span class='ocrx_word' id='word_1_667' title='bbox 2717 4427 2745 4465; x_wconf 90' lang='lat' dir='ltr'><strong>a</strong></span> <span class='ocrx_word' id='word_1_668' title='bbox 2769 4427 2995 4467; x_wconf 88' lang='lat' dir='ltr'><strong>numero</strong></span> <span class='ocrx_word' id='word_1_669' title='bbox 3012 4413 3101 4482; x_wconf 91' lang='lat' dir='ltr'><strong>qui</strong></span> <span class='ocrx_word' id='word_1_670' title='bbox 3124 4421 3207 4466; x_wconf 90' lang='lat' dir='ltr'><strong>est</strong></span> <span class='ocrx_word' id='word_1_671' title='bbox 3223 4415 3404 4467; x_wconf 87' lang='lat' dir='ltr'><strong>decem</strong></span> <span class='ocrx_word' id='word_1_672' title='bbox 3426 4422 3665 4467; x_wconf 91' lang='lat' dir='ltr'><strong>sumunt.</strong></span> 
     </span>
    </p>
   </div>
   <div class='ocr_carea' id='block_1_91' title="bbox 2038 4492 3671 4572">
    <p class='ocr_par' dir='ltr' id='par_1_91' title="bbox 2038 4492 3671 4572">
     <span class='ocr_line' id='line_1_91' title="bbox 2038 4492 3671 4572; baseline -0.001 -17"><span class='ocrx_word' id='word_1_673' title='bbox 2038 4492 2071 4509; x_wconf 81' lang='grc'><em>”</em></span> <span class='ocrx_word' id='word_1_674' title='bbox 2094 4500 2265 4568; x_wconf 81' lang='lat' dir='ltr'><strong>Hujus</strong></span> <span class='ocrx_word' id='word_1_675' title='bbox 2302 4502 2518 4557; x_wconf 85' lang='lat' dir='ltr'><strong>deeadis</strong></span> <span class='ocrx_word' id='word_1_676' title='bbox 2539 4540 2555 4567; x_wconf 93' lang='lat'><strong>,</strong></span> <span class='ocrx_word' id='word_1_677' title='bbox 2587 4500 2814 4572; x_wconf 72' lang='lat' dir='ltr'><strong>perfecti</strong></span> <span class='ocrx_word' id='word_1_678' title='bbox 2846 4501 3093 4567; x_wconf 90' lang='lat' dir='ltr'><strong>numeri,</strong></span> <span class='ocrx_word' id='word_1_679' title='bbox 3142 4510 3376 4571; x_wconf 87' lang='lat' dir='ltr'><strong>quatuor</strong></span> <span class='ocrx_word' id='word_1_680' title='bbox 3405 4509 3671 4556; x_wconf 86' lang='lat' dir='ltr'><strong>vocantur</strong></span> 
     </span>
    </p>
   </div>
   <div class='ocr_carea' id='block_1_92' title="bbox 422 4591 1997 4677">
    <p class='ocr_par' dir='ltr' id='par_1_92' title="bbox 422 4592 1991 4669">
     <span class='ocr_line' id='line_1_92' title="bbox 422 4592 1991 4669; baseline 0.004 -21"><span class='ocrx_word' id='word_1_681' title='bbox 422 4592 582 4666; x_wconf 68' lang='grc' dir='ltr'>μέρη*</span> <span class='ocrx_word' id='word_1_682' title='bbox 610 4596 863 4666; x_wconf 83' lang='grc' dir='ltr'>ἀριθμὸς,</span> <span class='ocrx_word' id='word_1_683' title='bbox 892 4598 1079 4667; x_wconf 83' lang='grc' dir='ltr'>μονὰς,</span> <span class='ocrx_word' id='word_1_684' title='bbox 1105 4599 1354 4669; x_wconf 90' lang='grc' dir='ltr'>δύναμις,</span> <span class='ocrx_word' id='word_1_685' title='bbox 1381 4601 1567 4665; x_wconf 80' lang='grc' dir='ltr'>κύϐος,</span> <span class='ocrx_word' id='word_1_686' title='bbox 1594 4596 1675 4665; x_wconf 74' lang='grc' dir='ltr'>οἷς</span> <span class='ocrx_word' id='word_1_687' title='bbox 1695 4601 1991 4656; x_wconf 72' lang='grc' dir='ltr'>ὲπιπλοκαὶ</span> 
     </span>
    </p>
   </div>
   <div class='ocr_carea' id='block_1_93' title="bbox 2096 4591 3677 4677">
    <p class='ocr_par' dir='ltr' id='par_1_93' title="bbox 2096 4591 3677 4663">
     <span class='ocr_line' id='line_1_93' title="bbox 2096 4591 3677 4663; baseline -0.001 -16"><span class='ocrx_word' id='word_1_688' title='bbox 2096 4602 2314 4663; x_wconf 87' lang='lat' dir='ltr'><strong>partes:</strong></span> <span class='ocrx_word' id='word_1_689' title='bbox 2346 4606 2637 4656; x_wconf 90' lang='lat' dir='ltr'><strong>numerus,</strong></span> <span class='ocrx_word' id='word_1_690' title='bbox 2668 4607 2887 4659; x_wconf 83' lang='lat' dir='ltr'><strong>monas,</strong></span> <span class='ocrx_word' id='word_1_691' title='bbox 2929 4601 3204 4662; x_wconf 85' lang='lat' dir='ltr'><strong>potestas,</strong></span> <span class='ocrx_word' id='word_1_692' title='bbox 3238 4591 3426 4656; x_wconf 88' lang='lat' dir='ltr'><strong>cubus,</strong></span> <span class='ocrx_word' id='word_1_693' title='bbox 3471 4592 3677 4662; x_wconf 82' lang='lat' dir='ltr'><strong>quibus</strong></span> 
     </span>
    </p>
   </div>
   <div class='ocr_carea' id='block_1_94' title="bbox 418 4683 1993 4759">
    <p class='ocr_par' dir='ltr' id='par_1_94' title="bbox 418 4683 1993 4759">
     <span class='ocr_line' id='line_1_94' title="bbox 418 4683 1993 4759; baseline 0.004 -22"><span class='ocrx_word' id='word_1_694' title='bbox 418 4683 515 4738; x_wconf 77' lang='grc' dir='ltr'>καὶ</span> <span class='ocrx_word' id='word_1_695' title='bbox 545 4685 723 4755; x_wconf 81' lang='grc' dir='ltr'>μίξεις</span> <span class='ocrx_word' id='word_1_696' title='bbox 758 4685 894 4756; x_wconf 68' lang='grc' dir='ltr'>πρὸς</span> <span class='ocrx_word' id='word_1_697' title='bbox 928 4687 1141 4755; x_wconf 86' lang='grc' dir='ltr'>γένεσιν</span> <span class='ocrx_word' id='word_1_698' title='bbox 1168 4689 1451 4758; x_wconf 78' lang='grc' dir='ltr'>αὐξήσεως</span> <span class='ocrx_word' id='word_1_699' title='bbox 1478 4691 1521 4722; x_wconf 83' lang='grc'><strong>³⁸</strong></span> <span class='ocrx_word' id='word_1_700' title='bbox 1546 4690 1812 4759; x_wconf 88' lang='grc' dir='ltr'>γίνονται.</span> <span class='ocrx_word' id='word_1_701' title='bbox 1850 4690 1993 4744; x_wconf 83' lang='grc' dir='ltr'>κατὰ</span> 
     </span>
    </p>
   </div>
   <div class='ocr_carea' id='block_1_95' title="bbox 418 4774 1993 4850">
    <p class='ocr_par' dir='ltr' id='par_1_95' title="bbox 418 4774 1993 4850">
     <span class='ocr_line' id='line_1_95' title="bbox 418 4774 1993 4850; baseline 0.005 -22"><span class='ocrx_word' id='word_1_702' title='bbox 418 4774 581 4844; x_wconf 84' lang='grc' dir='ltr'>φύσιν</span> <span class='ocrx_word' id='word_1_703' title='bbox 619 4777 709 4831; x_wconf 83' lang='grc' dir='ltr'>τὸν</span> <span class='ocrx_word' id='word_1_704' title='bbox 738 4778 962 4848; x_wconf 87' lang='grc' dir='ltr'>γόνιμον</span> <span class='ocrx_word' id='word_1_705' title='bbox 1009 4778 1242 4850; x_wconf 81' lang='grc' dir='ltr'>ἀριθμὸν</span> <span class='ocrx_word' id='word_1_706' title='bbox 1283 4780 1657 4834; x_wconf 67' lang='grc' dir='ltr'>ἐπιτελοῦσαν</span> <span class='ocrx_word' id='word_1_707' title='bbox 1706 4783 1835 4836; x_wconf 82' lang='grc' dir='ltr'>ὅταν</span> <span class='ocrx_word' id='word_1_708' title='bbox 1881 4782 1993 4850; x_wconf 83' lang='grc' dir='ltr'><strong>γὰρ</strong></span> 
     </span>
    </p>
   </div>
   <div class='ocr_carea' id='block_1_96' title="bbox 415 4864 1993 4940">
    <p class='ocr_par' dir='ltr' id='par_1_96' title="bbox 415 4864 1993 4940">
     <span class='ocr_line' id='line_1_96' title="bbox 415 4864 1993 4940; baseline 0.003 -21"><span class='ocrx_word' id='word_1_709' title='bbox 415 4864 646 4938; x_wconf 86' lang='grc' dir='ltr'>δύναμις</span> <span class='ocrx_word' id='word_1_710' title='bbox 682 4868 822 4937; x_wconf 80' lang='grc' dir='ltr'>αὐτὴ</span> <span class='ocrx_word' id='word_1_711' title='bbox 869 4868 916 4900; x_wconf 75' lang='grc'>³⁸</span> <span class='ocrx_word' id='word_1_712' title='bbox 963 4869 1048 4937; x_wconf 78' lang='grc' dir='ltr'><strong>ἐφ’</strong></span> <span class='ocrx_word' id='word_1_713' title='bbox 1087 4868 1285 4940; x_wconf 76' lang='grc' dir='ltr'>ἑαυτὴν</span> <span class='ocrx_word' id='word_1_714' title='bbox 1322 4869 1713 4940; x_wconf 81' lang='grc' dir='ltr'>κυϐισθήσεται</span> <span class='ocrx_word' id='word_1_715' title='bbox 1743 4913 1756 4938; x_wconf 90' lang='grc'><strong>,</strong></span> <span class='ocrx_word' id='word_1_716' title='bbox 1802 4873 1993 4940; x_wconf 84' lang='grc' dir='ltr'>γέγονε</span> 
     </span>
    </p>
   </div>
   <div class='ocr_carea' id='block_1_97' title="bbox 414 4958 1993 5032">
    <p class='ocr_par' dir='ltr' id='par_1_97' title="bbox 414 4958 1993 5032">
     <span class='ocr_line' id='line_1_97' title="bbox 414 4958 1993 5032; baseline 0.003 -20"><span class='ocrx_word' id='word_1_717' title='bbox 414 4958 877 5030; x_wconf 88' lang='grc' dir='ltr'>δυναμοδύναμις,</span> <span class='ocrx_word' id='word_1_718' title='bbox 913 4960 1042 5014; x_wconf 75' lang='grc' dir='ltr'>ὅταν</span> <span class='ocrx_word' id='word_1_719' title='bbox 1078 4960 1135 5013; x_wconf 79' lang='grc' dir='ltr'>δὲ</span> <span class='ocrx_word' id='word_1_720' title='bbox 1183 4960 1412 5030; x_wconf 87' lang='grc' dir='ltr'>δύναμις</span> <span class='ocrx_word' id='word_1_721' title='bbox 1460 4961 1553 5014; x_wconf 72' lang='grc' dir='ltr'><strong>ἐπὶ</strong></span> <span class='ocrx_word' id='word_1_722' title='bbox 1582 4961 1770 5026; x_wconf 78' lang='grc' dir='ltr'>κύσον,</span> <span class='ocrx_word' id='word_1_723' title='bbox 1801 4964 1993 5032; x_wconf 85' lang='grc' dir='ltr'>γέγονε</span> 
     </span>
    </p>
   </div>
   <div class='ocr_carea' id='block_1_98' title="bbox 414 5046 1990 5118">
    <p class='ocr_par' dir='ltr' id='par_1_98' title="bbox 414 5046 1990 5118">
     <span class='ocr_line' id='line_1_98' title="bbox 414 5046 1990 5118; baseline 0.003 -19"><span class='ocrx_word' id='word_1_724' title='bbox 414 5046 810 5118; x_wconf 79' lang='grc' dir='ltr'>δυναμόκυόος,</span> <span class='ocrx_word' id='word_1_725' title='bbox 849 5050 977 5103; x_wconf 82' lang='grc' dir='ltr'>ὅταν</span> <span class='ocrx_word' id='word_1_726' title='bbox 1014 5048 1072 5102; x_wconf 80' lang='grc' dir='ltr'>δὲ</span> <span class='ocrx_word' id='word_1_727' title='bbox 1107 5048 1275 5114; x_wconf 78' lang='grc' dir='ltr'>κύϐος</span> <span class='ocrx_word' id='word_1_728' title='bbox 1304 5050 1397 5102; x_wconf 75' lang='grc' dir='ltr'><strong>ἐπὶ</strong></span> <span class='ocrx_word' id='word_1_729' title='bbox 1440 5049 1635 5113; x_wconf 75' lang='grc' dir='ltr'>κύὸον,</span> <span class='ocrx_word' id='word_1_730' title='bbox 1662 5050 1853 5118; x_wconf 85' lang='grc' dir='ltr'>γέγονε</span> <span class='ocrx_word' id='word_1_731' title='bbox 1889 5067 1990 5104; x_wconf 83' lang='grc' dir='ltr'>κυ-</span> 
     </span>
    </p>
   </div>
   <div class='ocr_carea' id='block_1_99' title="bbox 417 5136 1989 5211">
    <p class='ocr_par' dir='ltr' id='par_1_99' title="bbox 417 5136 1989 5211">
     <span class='ocr_line' id='line_1_99' title="bbox 417 5136 1989 5211; baseline 0.004 -22"><span class='ocrx_word' id='word_1_732' title='bbox 417 5136 651 5202; x_wconf 77' lang='grc' dir='ltr'>ϐόκυσος</span> <span class='ocrx_word' id='word_1_733' title='bbox 675 5139 741 5172; x_wconf 83' lang='grc'><strong>⁸⁷·</strong></span> <span class='ocrx_word' id='word_1_734' title='bbox 771 5140 846 5205; x_wconf 81' lang='grc' dir='ltr'>ὡς</span> <span class='ocrx_word' id='word_1_735' title='bbox 871 5141 1116 5209; x_wconf 91' lang='grc' dir='ltr'>γίνεσθαι</span> <span class='ocrx_word' id='word_1_736' title='bbox 1139 5143 1266 5205; x_wconf 81' lang='grc' dir='ltr'>τοὺς</span> <span class='ocrx_word' id='word_1_737' title='bbox 1299 5141 1508 5205; x_wconf 87' lang='grc' dir='ltr'>πάντας</span> <span class='ocrx_word' id='word_1_738' title='bbox 1530 5141 1798 5211; x_wconf 82' lang='grc' dir='ltr'>ἀριθμοὺς</span> <span class='ocrx_word' id='word_1_739' title='bbox 1826 5142 1989 5208; x_wconf 80' lang='grc' dir='ltr'>ἑπτὰ,</span> 
     </span>
    </p>
   </div>
   <div class='ocr_carea' id='block_1_100' title="bbox 418 5227 1986 5305">
    <p class='ocr_par' dir='ltr' id='par_1_100' title="bbox 418 5227 1986 5305">
     <span class='ocr_line' id='line_1_100' title="bbox 418 5227 1986 5305; baseline 0.004 -24"><span class='ocrx_word' id='word_1_740' title='bbox 418 5227 504 5281; x_wconf 75' lang='grc' dir='ltr'>ενα</span> <span class='ocrx_word' id='word_1_741' title='bbox 528 5230 561 5303; x_wconf 80' lang='grc' dir='ltr'><strong>ἡ</strong></span> <span class='ocrx_word' id='word_1_742' title='bbox 590 5231 699 5285; x_wconf 89' lang='grc' dir='ltr'><strong>τῶν</strong></span> <span class='ocrx_word' id='word_1_743' title='bbox 735 5235 1046 5304; x_wconf 84' lang='grc' dir='ltr'>γενομένων</span> <span class='ocrx_word' id='word_1_744' title='bbox 1076 5233 1291 5303; x_wconf 87' lang='grc' dir='ltr'>γένεσις</span> <span class='ocrx_word' id='word_1_745' title='bbox 1312 5233 1539 5305; x_wconf 87' lang='grc' dir='ltr'>γένηται</span> <span class='ocrx_word' id='word_1_746' title='bbox 1584 5235 1642 5300; x_wconf 81' lang='grc' dir='ltr'>ἐξ</span> <span class='ocrx_word' id='word_1_747' title='bbox 1672 5233 1986 5303; x_wconf 80' lang='grc' dir='ltr'>ἑϐδομάδος,</span> 
     </span>
    </p>
   </div>
   <div class='ocr_carea' id='block_1_101' title="bbox 2097 4682 3667 4754">
    <p class='ocr_par' dir='ltr' id='par_1_101' title="bbox 2097 4682 3667 4754">
     <span class='ocr_line' id='line_1_101' title="bbox 2097 4682 3667 4754; baseline -0.002 -16"><span class='ocrx_word' id='word_1_748' title='bbox 2097 4684 2449 4752; x_wconf 84' lang='lat' dir='ltr'><strong>implexiones</strong></span> <span class='ocrx_word' id='word_1_749' title='bbox 2522 4689 2577 4737; x_wconf 86' lang='lat' dir='ltr'><strong>et.</strong></span> <span class='ocrx_word' id='word_1_750' title='bbox 2614 4683 2896 4738; x_wconf 83' lang='lat' dir='ltr'><strong>mistiones</strong></span> <span class='ocrx_word' id='word_1_751' title='bbox 2950 4682 3018 4738; x_wconf 91' lang='lat' dir='ltr'><strong>ad</strong></span> <span class='ocrx_word' id='word_1_752' title='bbox 3075 4682 3475 4754; x_wconf 86' lang='lat' dir='ltr'><strong>generationem</strong></span> <span class='ocrx_word' id='word_1_753' title='bbox 3529 4696 3667 4750; x_wconf 79' lang='lat' dir='ltr'><strong>aug-</strong></span> 
     </span>
    </p>
   </div>
   <div class='ocr_carea' id='block_1_102' title="bbox 2097 4771 3671 4843">
    <p class='ocr_par' dir='ltr' id='par_1_102' title="bbox 2097 4771 3671 4843">
     <span class='ocr_line' id='line_1_102' title="bbox 2097 4771 3671 4843; baseline -0.001 -15"><span class='ocrx_word' id='word_1_754' title='bbox 2097 4775 2260 4828; x_wconf 88' lang='lat' dir='ltr'><strong>menti</strong></span> <span class='ocrx_word' id='word_1_755' title='bbox 2294 4772 2449 4839; x_wconf 83' lang='lat' dir='ltr'><strong>ﬁunt,</strong></span> <span class='ocrx_word' id='word_1_756' title='bbox 2482 4788 2549 4828; x_wconf 86' lang='lat' dir='ltr'><strong>ex</strong></span> <span class='ocrx_word' id='word_1_757' title='bbox 2577 4782 2767 4828; x_wconf 88' lang='lat' dir='ltr'><strong>natura</strong></span> <span class='ocrx_word' id='word_1_758' title='bbox 2807 4783 3176 4843; x_wconf 87' lang='lat' dir='ltr'><strong>generatorem</strong></span> <span class='ocrx_word' id='word_1_759' title='bbox 3242 4786 3522 4827; x_wconf 90' lang='lat' dir='ltr'><strong>numerum</strong></span> <span class='ocrx_word' id='word_1_760' title='bbox 3556 4771 3671 4826; x_wconf 72' lang='lat' dir='ltr'><strong>eal-</strong></span> 
     </span>
    </p>
   </div>
   <div class='ocr_carea' id='block_1_103' title="bbox 2094 4863 3669 4935">
    <p class='ocr_par' dir='ltr' id='par_1_103' title="bbox 2094 4863 3669 4935">
     <span class='ocr_line' id='line_1_103' title="bbox 2094 4863 3669 4935; baseline -0.002 -15"><span class='ocrx_word' id='word_1_761' title='bbox 2094 4866 2321 4920; x_wconf 86' lang='lat' dir='ltr'><strong>cientes.</strong></span> <span class='ocrx_word' id='word_1_762' title='bbox 2354 4864 2456 4921; x_wconf 88' lang='lat' dir='ltr'><strong>Ubi</strong></span> <span class='ocrx_word' id='word_1_763' title='bbox 2489 4866 2633 4919; x_wconf 91' lang='lat' dir='ltr'><strong>enim</strong></span> <span class='ocrx_word' id='word_1_764' title='bbox 2676 4874 2914 4935; x_wconf 86' lang='lat' dir='ltr'><strong>potestas</strong></span> <span class='ocrx_word' id='word_1_765' title='bbox 2960 4867 3072 4935; x_wconf 88' lang='lat' dir='ltr'><strong>ipsa</strong></span> <span class='ocrx_word' id='word_1_766' title='bbox 3107 4863 3549 4934; x_wconf 85' lang='lat' dir='ltr'><strong>multiplicahitur</strong></span> <span class='ocrx_word' id='word_1_767' title='bbox 3576 4877 3669 4917; x_wconf 88' lang='lat' dir='ltr'><strong>se-</strong></span> 
     </span>
    </p>
   </div>
   <div class='ocr_carea' id='block_1_104' title="bbox 2095 4961 3667 5034">
    <p class='ocr_par' dir='ltr' id='par_1_104' title="bbox 2095 4961 3667 5034">
     <span class='ocr_line' id='line_1_104' title="bbox 2095 4961 3667 5034; baseline -0.003 -17"><span class='ocrx_word' id='word_1_768' title='bbox 2095 4978 2219 5017; x_wconf 91' lang='lat' dir='ltr'><strong>cum</strong></span> <span class='ocrx_word' id='word_1_769' title='bbox 2256 4963 2394 5033; x_wconf 87' lang='lat' dir='ltr'><strong>ipsa,</strong></span> <span class='ocrx_word' id='word_1_770' title='bbox 2430 4962 2644 5018; x_wconf 79' lang='lat' dir='ltr'><strong>exsistit</strong></span> <span class='ocrx_word' id='word_1_771' title='bbox 2681 4961 3199 5034; x_wconf 79' lang='lat' dir='ltr'><strong>dynamodynamis,</strong></span> <span class='ocrx_word' id='word_1_772' title='bbox 3234 4961 3321 5015; x_wconf 83' lang='lat' dir='ltr'><strong>ubi</strong></span> <span class='ocrx_word' id='word_1_773' title='bbox 3358 4971 3536 5014; x_wconf 88' lang='lat' dir='ltr'><strong>autem</strong></span> <span class='ocrx_word' id='word_1_774' title='bbox 3572 4977 3667 5030; x_wconf 90' lang='lat' dir='ltr'><strong>po-</strong></span> 
     </span>
    </p>
   </div>
   <div class='ocr_carea' id='block_1_105' title="bbox 2095 5052 3663 5125">
    <p class='ocr_par' dir='ltr' id='par_1_105' title="bbox 2095 5052 3663 5125">
     <span class='ocr_line' id='line_1_105' title="bbox 2095 5052 3663 5125; baseline -0.002 -17"><span class='ocrx_word' id='word_1_775' title='bbox 2095 5063 2261 5109; x_wconf 84' lang='lat' dir='ltr'><strong>testas</strong></span> <span class='ocrx_word' id='word_1_776' title='bbox 2287 5071 2407 5109; x_wconf 92' lang='lat' dir='ltr'><strong>cum</strong></span> <span class='ocrx_word' id='word_1_777' title='bbox 2444 5055 2616 5120; x_wconf 91' lang='lat' dir='ltr'><strong>cubo,</strong></span> <span class='ocrx_word' id='word_1_778' title='bbox 2644 5054 2854 5110; x_wconf 86' lang='lat' dir='ltr'><strong>exstitit</strong></span> <span class='ocrx_word' id='word_1_779' title='bbox 2881 5053 3319 5125; x_wconf 86' lang='lat' dir='ltr'><strong>dynamocubus,</strong></span> <span class='ocrx_word' id='word_1_780' title='bbox 3355 5052 3442 5107; x_wconf 84' lang='lat' dir='ltr'><strong>ubi</strong></span> <span class='ocrx_word' id='word_1_781' title='bbox 3483 5064 3663 5108; x_wconf 89' lang='lat' dir='ltr'><strong>autem</strong></span> 
     </span>
    </p>
   </div>
   <div class='ocr_carea' id='block_1_106' title="bbox 2093 5145 3667 5208">
    <p class='ocr_par' dir='ltr' id='par_1_106' title="bbox 2093 5145 3667 5208">
     <span class='ocr_line' id='line_1_106' title="bbox 2093 5145 3667 5208; baseline -0.003 -8"><span class='ocrx_word' id='word_1_782' title='bbox 2093 5145 2264 5200; x_wconf 85' lang='lat' dir='ltr'><strong>cubus</strong></span> <span class='ocrx_word' id='word_1_783' title='bbox 2288 5160 2411 5200; x_wconf 86' lang='lat' dir='ltr'><strong>cum</strong></span> <span class='ocrx_word' id='word_1_784' title='bbox 2448 5147 2608 5208; x_wconf 88' lang='lat' dir='ltr'><strong>cubo,</strong></span> <span class='ocrx_word' id='word_1_785' title='bbox 2639 5145 2856 5200; x_wconf 83' lang='lat' dir='ltr'><strong>exsistit</strong></span> <span class='ocrx_word' id='word_1_786' title='bbox 2887 5146 3221 5208; x_wconf 84' lang='lat' dir='ltr'><strong>cubocuhus,</strong></span> <span class='ocrx_word' id='word_1_787' title='bbox 3254 5154 3306 5198; x_wconf 88' lang='lat' dir='ltr'><strong>ut</strong></span> <span class='ocrx_word' id='word_1_788' title='bbox 3337 5158 3528 5198; x_wconf 90' lang='lat' dir='ltr'><strong>omnes</strong></span> <span class='ocrx_word' id='word_1_789' title='bbox 3566 5159 3667 5197; x_wconf 83' lang='lat' dir='ltr'><strong>nu-</strong></span> 
     </span>
    </p>
   </div>
   <div class='ocr_carea' id='block_1_107' title="bbox 2097 5234 3662 5306">
    <p class='ocr_par' dir='ltr' id='par_1_107' title="bbox 2097 5234 3662 5306">
     <span class='ocr_line' id='line_1_107' title="bbox 2097 5234 3662 5306; baseline -0.003 -15"><span class='ocrx_word' id='word_1_790' title='bbox 2097 5236 2228 5291; x_wconf 88' lang='lat' dir='ltr'><strong>meri</strong></span> <span class='ocrx_word' id='word_1_791' title='bbox 2259 5234 2388 5289; x_wconf 90' lang='lat' dir='ltr'><strong>ﬁant</strong></span> <span class='ocrx_word' id='word_1_792' title='bbox 2432 5244 2663 5306; x_wconf 88' lang='lat' dir='ltr'><strong>septem,</strong></span> <span class='ocrx_word' id='word_1_793' title='bbox 2694 5250 2802 5305; x_wconf 89' lang='lat' dir='ltr'><strong>quo</strong></span> <span class='ocrx_word' id='word_1_794' title='bbox 2840 5247 3052 5299; x_wconf 85' lang='lat' dir='ltr'><strong>eorum,</strong></span> <span class='ocrx_word' id='word_1_795' title='bbox 3083 5248 3203 5305; x_wconf 74' lang='lat' dir='ltr'><strong>qute</strong></span> <span class='ocrx_word' id='word_1_796' title='bbox 3231 5241 3482 5304; x_wconf 87' lang='lat' dir='ltr'><strong>generata</strong></span> <span class='ocrx_word' id='word_1_797' title='bbox 3516 5242 3662 5298; x_wconf 88' lang='lat' dir='ltr'><strong>sunt,</strong></span> 
     </span>
    </p>
   </div>
   <div class='ocr_carea' id='block_1_108' title="bbox 1685 5370 2367 5432">
    <p class='ocr_par' dir='ltr' id='par_1_108' title="bbox 1685 5370 2367 5432">
     <span class='ocr_line' id='line_1_108' title="bbox 1685 5370 2367 5432; baseline 0.009 -6"><span class='ocrx_word' id='word_1_798' title='bbox 1685 5370 1773 5426; x_wconf 75' lang='lat' dir='ltr'><strong>VA</strong></span> <span class='ocrx_word' id='word_1_799' title='bbox 1783 5370 1923 5427; x_wconf 71' lang='lat' dir='ltr'><strong>[{le</strong></span> <span class='ocrx_word' id='word_1_800' title='bbox 1965 5371 2367 5432; x_wconf 83' lang='lat' dir='ltr'><strong>LECTIONES.</strong></span> 
     </span>
    </p>
   </div>
   <div class='ocr_carea' id='block_1_109' title="bbox 523 5502 2700 5579">
    <p class='ocr_par' dir='ltr' id='par_1_109' title="bbox 523 5502 2700 5579">
     <span class='ocr_line' id='line_1_109' title="bbox 523 5502 2700 5579; baseline 0.002 -20"><span class='ocrx_word' id='word_1_801' title='bbox 523 5503 569 5579; x_wconf 62' lang='grc' dir='ltr'><strong>ξ’</strong></span> <span class='ocrx_word' id='word_1_802' title='bbox 603 5503 1356 5579; x_wconf 38' lang='grc' dir='ltr'><strong>ἀρι-υμητικειι-γεωμετρία⁸</strong></span> <span class='ocrx_word' id='word_1_803' title='bbox 1412 5505 1454 5561; x_wconf 89' lang='lat' dir='ltr'><strong>C</strong></span> <span class='ocrx_word' id='word_1_804' title='bbox 1568 5507 1616 5579; x_wconf 56' lang='lat' dir='ltr'><strong>‘f</strong></span> <span class='ocrx_word' id='word_1_805' title='bbox 1641 5502 1807 5562; x_wconf 68' lang='grc' dir='ltr'>οὗτοι.</span> <span class='ocrx_word' id='word_1_806' title='bbox 1868 5509 2073 5563; x_wconf 80' lang='grc' dir='ltr'>τούτων</span> <span class='ocrx_word' id='word_1_807' title='bbox 2114 5511 2175 5573; x_wconf 89' lang='lat' dir='ltr'><strong>C,</strong></span> <span class='ocrx_word' id='word_1_808' title='bbox 2223 5510 2294 5564; x_wconf 75' lang='lat' dir='ltr'><strong>cf.</strong></span> <span class='ocrx_word' id='word_1_809' title='bbox 2345 5510 2494 5564; x_wconf 80' lang='lat' dir='ltr'><strong>Sext.</strong></span> <span class='ocrx_word' id='word_1_810' title='bbox 2548 5508 2700 5575; x_wconf 75' lang='lat' dir='ltr'><strong>Etrp.</strong></span> 
     </span>
    </p>
   </div>
   <div class='ocr_carea' id='block_1_110' title="bbox 2745 5506 3667 5578">
    <p class='ocr_par' dir='ltr' id='par_1_110' title="bbox 2745 5506 3667 5578">
     <span class='ocr_line' id='line_1_110' title="bbox 2745 5506 3667 5578; baseline -0.005 -12"><span class='ocrx_word' id='word_1_811' title='bbox 2745 5524 2795 5578; x_wconf 88' lang='lat' dir='ltr'><strong>p.</strong></span> <span class='ocrx_word' id='word_1_812' title='bbox 2835 5510 2938 5564; x_wconf 72' lang='lat' dir='ltr'><strong>5M</strong></span> <span class='ocrx_word' id='word_1_813' title='bbox 2973 5511 3043 5564; x_wconf 84' lang='lat' dir='ltr'><strong>Ill.</strong></span> <span class='ocrx_word' id='word_1_814' title='bbox 3145 5511 3192 5545; x_wconf 69' lang='grc'>³⁷</span> <span class='ocrx_word' id='word_1_815' title='bbox 3230 5524 3351 5576; x_wconf 82' lang='lat' dir='ltr'><strong>sqq.</strong></span> <span class='ocrx_word' id='word_1_816' title='bbox 3398 5506 3667 5578; x_wconf 58' lang='lat' dir='ltr'><strong>Cl&#39;._infrrt</strong></span> 
     </span>
    </p>
   </div>
   <div class='ocr_carea' id='block_1_111' title="bbox 410 5570 3662 5646">
    <p class='ocr_par' dir='ltr' id='par_1_111' title="bbox 410 5570 3662 5646">
     <span class='ocr_line' id='line_1_111' title="bbox 410 5570 3662 5646; baseline 0 -19"><span class='ocrx_word' id='word_1_817' title='bbox 410 5570 454 5646; x_wconf 45' lang='grc' dir='ltr'><strong>ί,</strong></span> <span class='ocrx_word' id='word_1_818' title='bbox 485 5574 574 5633; x_wconf 77' lang='grc' dir='ltr'><strong>Ἦ.</strong></span> <span class='ocrx_word' id='word_1_819' title='bbox 608 5570 863 5646; x_wconf 47' lang='lat' dir='ltr'><strong>0:21p.</strong></span> <span class='ocrx_word' id='word_1_820' title='bbox 895 5570 1172 5646; x_wconf 41' lang='lat'><strong>178,179</strong></span> <span class='ocrx_word' id='word_1_821' title='bbox 1206 5570 1292 5631; x_wconf 59' lang='lat' dir='ltr'><strong>et&#39;l.</strong></span> <span class='ocrx_word' id='word_1_822' title='bbox 1325 5576 1500 5632; x_wconf 81' lang='lat' dir='ltr'><strong>Oxon.</strong></span> <span class='ocrx_word' id='word_1_823' title='bbox 1571 5578 1616 5609; x_wconf 76' lang='lat'>”</span> <span class='ocrx_word' id='word_1_824' title='bbox 1650 5579 1733 5632; x_wconf 80' lang='lat' dir='ltr'><strong>Cl&#39;.</strong></span> <span class='ocrx_word' id='word_1_825' title='bbox 1790 5579 1926 5630; x_wconf 80' lang='lat' dir='ltr'><strong>infra</strong></span> <span class='ocrx_word' id='word_1_826' title='bbox 1958 5581 1993 5634; x_wconf 93' lang='lat' dir='ltr'><strong>l.</strong></span> <span class='ocrx_word' id='word_1_827' title='bbox 2030 5580 2126 5640; x_wconf 85' lang='lat' dir='ltr'><strong>Vl.</strong></span> <span class='ocrx_word' id='word_1_828' title='bbox 2156 5570 2203 5634; x_wconf 63' lang='grc' dir='ltr'><strong>ὸ.</strong></span> <span class='ocrx_word' id='word_1_829' title='bbox 2238 5581 2327 5643; x_wconf 77' lang='lat' dir='ltr'><strong>M,</strong></span> <span class='ocrx_word' id='word_1_830' title='bbox 2360 5597 2411 5646; x_wconf 89' lang='lat' dir='ltr'><strong>p.</strong></span> <span class='ocrx_word' id='word_1_831' title='bbox 2457 5580 2574 5641; x_wconf 80' lang='lat' dir='ltr'><strong>l67,</strong></span> <span class='ocrx_word' id='word_1_832' title='bbox 2612 5570 2670 5632; x_wconf 69' lang='grc' dir='ltr'><strong><em>Η</em></strong></span> <span class='ocrx_word' id='word_1_833' title='bbox 2707 5570 2778 5620; x_wconf 56' lang='grc' dir='ltr'><strong>-ἒ-</strong></span> <span class='ocrx_word' id='word_1_834' title='bbox 2812 5580 2932 5638; x_wconf 68' lang='lat'><strong>168.</strong></span> <span class='ocrx_word' id='word_1_835' title='bbox 2968 5581 3035 5634; x_wconf 75' lang='lat' dir='ltr'><strong>M</strong></span> <span class='ocrx_word' id='word_1_836' title='bbox 3067 5591 3119 5632; x_wconf 86' lang='grc' dir='ltr'><strong>ει</strong></span> <span class='ocrx_word' id='word_1_837' title='bbox 3145 5597 3192 5634; x_wconf 79' lang='lat' dir='ltr'><strong>r.</strong></span> <span class='ocrx_word' id='word_1_838' title='bbox 3223 5570 3386 5642; x_wconf 64' lang='lat'><strong>17,0.</strong></span> <span class='ocrx_word' id='word_1_839' title='bbox 3423 5575 3543 5632; x_wconf 66' lang='grc'><strong>1⁷⁷2,</strong></span> <span class='ocrx_word' id='word_1_840' title='bbox 3571 5576 3662 5629; x_wconf 69' lang='lat'><strong>50.</strong></span> 
     </span>
    </p>
   </div>
   <div class='ocr_carea' id='block_1_112' title="bbox 409 5643 1366 5716">
    <p class='ocr_par' dir='ltr' id='par_1_112' title="bbox 409 5643 1366 5716">
     <span class='ocr_line' id='line_1_112' title="bbox 409 5643 1366 5716; baseline 0.005 -20"><span class='ocrx_word' id='word_1_841' title='bbox 409 5643 482 5716; x_wconf 44' lang='lat' dir='ltr'><strong>f3&quot;</strong></span> <span class='ocrx_word' id='word_1_842' title='bbox 501 5644 948 5716; x_wconf 13' lang='grc' dir='ltr'>Ῠκατακολουθοῦν</span> <span class='ocrx_word' id='word_1_843' title='bbox 965 5647 1027 5709; x_wconf 71' lang='grc' dir='ltr'><strong>(ἶ,</strong></span> <span class='ocrx_word' id='word_1_844' title='bbox 1054 5646 1122 5701; x_wconf 75' lang='grc' dir='ltr'><strong>Μ.</strong></span> <span class='ocrx_word' id='word_1_845' title='bbox 1192 5648 1237 5680; x_wconf 76' lang='grc'><strong>²⁹</strong></span> <span class='ocrx_word' id='word_1_846' title='bbox 1270 5663 1366 5716; x_wconf 82' lang='lat' dir='ltr'><strong>sqq</strong></span> 
     </span>
    </p>
   </div>
   <div class='ocr_carea' id='block_1_113' title="bbox 1376 5646 3661 5717">
    <p class='ocr_par' dir='ltr' id='par_1_113' title="bbox 1376 5646 3661 5717">
     <span class='ocr_line' id='line_1_113' title="bbox 1376 5646 3661 5717; baseline 0.003 -17"><span class='ocrx_word' id='word_1_847' title='bbox 1376 5688 1388 5700; x_wconf 92' lang='lat'><strong>.</strong></span> <span class='ocrx_word' id='word_1_848' title='bbox 1421 5646 1650 5701; x_wconf 81' lang='lat' dir='ltr'><strong>Prorsus</strong></span> <span class='ocrx_word' id='word_1_849' title='bbox 1678 5648 1872 5701; x_wconf 81' lang='lat' dir='ltr'><strong>similia</strong></span> <span class='ocrx_word' id='word_1_850' title='bbox 1905 5649 2154 5717; x_wconf 79' lang='lat' dir='ltr'><strong>leguntur</strong></span> <span class='ocrx_word' id='word_1_851' title='bbox 2177 5656 2336 5716; x_wconf 85' lang='lat' dir='ltr'><strong>supra</strong></span> <span class='ocrx_word' id='word_1_852' title='bbox 2374 5650 2409 5701; x_wconf 90' lang='grc' dir='ltr'><strong>Ι.</strong></span> <span class='ocrx_word' id='word_1_853' title='bbox 2445 5649 2481 5710; x_wconf 92' lang='grc' dir='ltr'>Ι,</span> <span class='ocrx_word' id='word_1_854' title='bbox 2513 5665 2559 5701; x_wconf 89' lang='lat' dir='ltr'><strong>c.</strong></span> <span class='ocrx_word' id='word_1_855' title='bbox 2591 5648 2646 5710; x_wconf 67' lang='lat'><strong>2,</strong></span> <span class='ocrx_word' id='word_1_856' title='bbox 2669 5665 2719 5711; x_wconf 75' lang='grc' dir='ltr'>ιι.</span> <span class='ocrx_word' id='word_1_857' title='bbox 2761 5649 2846 5712; x_wconf 77' lang='grc'><strong>10,</strong></span> <span class='ocrx_word' id='word_1_858' title='bbox 2874 5649 3108 5709; x_wconf 69' lang='grc' dir='ltr'>ει-ιε,</span> <span class='ocrx_word' id='word_1_859' title='bbox 3143 5651 3229 5704; x_wconf 78' lang='lat'><strong>5:2.</strong></span> <span class='ocrx_word' id='word_1_860' title='bbox 3313 5650 3379 5717; x_wconf 51' lang='grc' dir='ltr'><strong>Ψ·</strong></span> <span class='ocrx_word' id='word_1_861' title='bbox 3414 5647 3570 5717; x_wconf 61' lang='grc' dir='ltr'>άρςις</span> <span class='ocrx_word' id='word_1_862' title='bbox 3601 5646 3661 5717; x_wconf 51' lang='grc' dir='ltr'><strong>(ἶ)</strong></span> 
     </span>
    </p>
   </div>
   <div class='ocr_carea' id='block_1_114' title="bbox 414 5714 3668 5788">
    <p class='ocr_par' dir='ltr' id='par_1_114' title="bbox 414 5714 3668 5788">
     <span class='ocr_line' id='line_1_114' title="bbox 414 5714 3668 5788; baseline -0.001 -20"><span class='ocrx_word' id='word_1_863' title='bbox 414 5714 692 5788; x_wconf 27' lang='grc' dir='ltr'>³⁰Αήδυάς</span> <span class='ocrx_word' id='word_1_864' title='bbox 714 5714 880 5788; x_wconf 54' lang='lat' dir='ltr'><strong>hing.</strong></span> <span class='ocrx_word' id='word_1_865' title='bbox 909 5786 918 5788; x_wconf 20' lang='lat' dir='ltr'><strong>A</strong></span> <span class='ocrx_word' id='word_1_866' title='bbox 957 5717 1002 5748; x_wconf 83' lang='grc'><strong>³¹</strong></span> <span class='ocrx_word' id='word_1_867' title='bbox 1036 5716 1191 5787; x_wconf 87' lang='grc' dir='ltr'>ἄρσις</span> <span class='ocrx_word' id='word_1_868' title='bbox 1224 5717 1285 5770; x_wconf 82' lang='lat' dir='ltr'><strong>C.</strong></span> <span class='ocrx_word' id='word_1_869' title='bbox 1317 5714 1327 5716; x_wconf 14' lang='grc' dir='ltr'>ἡ</span> <span class='ocrx_word' id='word_1_870' title='bbox 1356 5714 1406 5749; x_wconf 53' lang='grc'><strong>⁷³²</strong></span> <span class='ocrx_word' id='word_1_871' title='bbox 1434 5717 1542 5788; x_wconf 77' lang='grc' dir='ltr'><strong>ἀπὸ</strong></span> <span class='ocrx_word' id='word_1_872' title='bbox 1575 5718 1786 5783; x_wconf 84' lang='grc' dir='ltr'>γένους.</span> <span class='ocrx_word' id='word_1_873' title='bbox 1834 5714 2068 5788; x_wconf 62' lang='grc' dir='ltr'>ἀπὸτοῦ</span> <span class='ocrx_word' id='word_1_874' title='bbox 2110 5714 2298 5788; x_wconf 83' lang='grc' dir='ltr'>γένους</span> <span class='ocrx_word' id='word_1_875' title='bbox 2324 5717 2385 5781; x_wconf 82' lang='lat' dir='ltr'><strong>C,</strong></span> <span class='ocrx_word' id='word_1_876' title='bbox 2427 5719 2496 5771; x_wconf 84' lang='lat' dir='ltr'><strong>M.</strong></span> <span class='ocrx_word' id='word_1_877' title='bbox 2569 5718 2614 5749; x_wconf 87' lang='grc'>³³</span> <span class='ocrx_word' id='word_1_878' title='bbox 2658 5719 2921 5788; x_wconf 84' lang='grc' dir='ltr'>ὀνόματος</span> <span class='ocrx_word' id='word_1_879' title='bbox 2961 5721 3156 5771; x_wconf 83' lang='grc' dir='ltr'>οἰκεῖον</span> <span class='ocrx_word' id='word_1_880' title='bbox 3180 5718 3242 5772; x_wconf 91' lang='lat' dir='ltr'><strong>C.</strong></span> <span class='ocrx_word' id='word_1_881' title='bbox 3322 5716 3365 5748; x_wconf 69' lang='grc'>³⁵</span> <span class='ocrx_word' id='word_1_882' title='bbox 3396 5714 3579 5788; x_wconf 50' lang='grc' dir='ltr'><strong>ὁῇγόιρΙ</strong></span> <span class='ocrx_word' id='word_1_883' title='bbox 3606 5714 3668 5765; x_wconf 77' lang='grc' dir='ltr'><strong>τὺ</strong></span> 
     </span>
    </p>
   </div>
   <div class='ocr_carea' id='block_1_115' title="bbox 411 5784 1731 5859">
    <p class='ocr_par' dir='ltr' id='par_1_115' title="bbox 411 5784 1731 5859">
     <span class='ocr_line' id='line_1_115' title="bbox 411 5784 1731 5859; baseline 0.003 -22"><span class='ocrx_word' id='word_1_884' title='bbox 411 5784 520 5859; x_wconf 71' lang='grc' dir='ltr'><strong>γὰρ</strong></span> <span class='ocrx_word' id='word_1_885' title='bbox 543 5784 610 5859; x_wconf 75' lang='lat' dir='ltr'><strong>C,</strong></span> <span class='ocrx_word' id='word_1_886' title='bbox 644 5784 717 5859; x_wconf 62' lang='grc' dir='ltr'><strong>ΜΖ</strong></span> <span class='ocrx_word' id='word_1_887' title='bbox 790 5786 846 5859; x_wconf 51' lang='grc' dir='ltr'><strong>’ᾗ</strong></span> <span class='ocrx_word' id='word_1_888' title='bbox 857 5784 1085 5854; x_wconf 75' lang='grc' dir='ltr'>γένεσιν</span> <span class='ocrx_word' id='word_1_889' title='bbox 1106 5787 1408 5859; x_wconf 75' lang='grc' dir='ltr'>αὐξήσεως.</span> <span class='ocrx_word' id='word_1_890' title='bbox 1440 5786 1634 5842; x_wconf 75' lang='grc' dir='ltr'>ἕνωσιν</span> <span class='ocrx_word' id='word_1_891' title='bbox 1667 5825 1682 5841; x_wconf 92' lang='grc'><strong>.</strong></span> <span class='ocrx_word' id='word_1_892' title='bbox 1718 5825 1731 5841; x_wconf 92' lang='grc'><strong>.</strong></span> 
     </span>
    </p>
   </div>
   <div class='ocr_carea' id='block_1_116' title="bbox 411 5851 868 5925">
    <p class='ocr_par' dir='ltr' id='par_1_116' title="bbox 411 5851 868 5925">
     <span class='ocr_line' id='line_1_116' title="bbox 411 5851 868 5925; baseline 0.009 -19"><span class='ocrx_word' id='word_1_893' title='bbox 411 5851 777 5925; x_wconf 72' lang='grc' dir='ltr'>δυναμόκυϐος</span> <span class='ocrx_word' id='word_1_894' title='bbox 808 5855 868 5910; x_wconf 90' lang='lat' dir='ltr'><strong>C.</strong></span> 
     </span>
    </p>
   </div>
   <div class='ocr_carea' id='block_1_117' title="bbox 1772 5784 3667 5859">
    <p class='ocr_par' dir='ltr' id='par_1_117' title="bbox 1772 5784 3667 5859">
     <span class='ocr_line' id='line_1_117' title="bbox 1772 5784 3667 5859; baseline -0.001 -20"><span class='ocrx_word' id='word_1_895' title='bbox 1772 5825 1786 5839; x_wconf 95' lang='lat'><strong>.</strong></span> <span class='ocrx_word' id='word_1_896' title='bbox 1821 5787 1996 5855; x_wconf 82' lang='grc' dir='ltr'>ήσεως</span> <span class='ocrx_word' id='word_1_897' title='bbox 2020 5790 2082 5854; x_wconf 85' lang='lat' dir='ltr'><strong>C,</strong></span> <span class='ocrx_word' id='word_1_898' title='bbox 2116 5784 2202 5852; x_wconf 79' lang='lat' dir='ltr'><strong>M;</strong></span> <span class='ocrx_word' id='word_1_899' title='bbox 2238 5787 2308 5843; x_wconf 69' lang='lat' dir='ltr'><strong>cl&quot;.</strong></span> <span class='ocrx_word' id='word_1_900' title='bbox 2345 5803 2503 5858; x_wconf 82' lang='lat' dir='ltr'><strong>supra</strong></span> <span class='ocrx_word' id='word_1_901' title='bbox 2536 5804 2585 5859; x_wconf 81' lang='lat' dir='ltr'><strong>p.</strong></span> <span class='ocrx_word' id='word_1_902' title='bbox 2619 5788 2705 5854; x_wconf 80' lang='grc'><strong>10,</strong></span> <span class='ocrx_word' id='word_1_903' title='bbox 2734 5784 2822 5843; x_wconf 58' lang='grc'><strong>46.</strong></span> <span class='ocrx_word' id='word_1_904' title='bbox 2897 5788 2941 5820; x_wconf 87' lang='grc'><strong>³⁶</strong></span> <span class='ocrx_word' id='word_1_905' title='bbox 2964 5790 3100 5857; x_wconf 73' lang='grc' dir='ltr'>αὕτη</span> <span class='ocrx_word' id='word_1_906' title='bbox 3133 5789 3191 5842; x_wconf 79' lang='lat' dir='ltr'><strong>C.</strong></span> <span class='ocrx_word' id='word_1_907' title='bbox 3265 5789 3309 5827; x_wconf 79' lang='grc'><strong>³⁷</strong></span> <span class='ocrx_word' id='word_1_908' title='bbox 3347 5784 3667 5843; x_wconf 68' lang='grc' dir='ltr'>κυϐὀκυϐος.</span> 
     </span>
    </p>
   </div>
  </div>
