  <div class='ocr_page' id='page_1' title='image "/cluster/home/n/w/nwhite01/storage/ocr_20150623/16:no.6:pt.3/coo.31924054872969/406.png"; bbox 0 0 4084 6446; ppageno 0'>
   <div class='ocr_carea' id='block_1_1' title="bbox 347 396 485 463">
    <p class='ocr_par' dir='ltr' id='par_1_1' title="bbox 347 396 485 463">
     <span class='ocr_line' id='line_1_1' title="bbox 347 396 485 463; baseline 0 -1"><span class='ocrx_word' id='word_1_1' title='bbox 347 396 485 463; x_wconf 77' lang='grc'><strong>314⁸7</strong></span> 
     </span>
    </p>
   </div>
   <div class='ocr_carea' id='block_1_2' title="bbox 1487 396 2468 465">
    <p class='ocr_par' dir='ltr' id='par_1_2' title="bbox 1487 396 2468 465">
     <span class='ocr_line' id='line_1_2' title="bbox 1487 396 2468 465; baseline 0.011 -11"><span class='ocrx_word' id='word_1_2' title='bbox 1487 396 1777 455; x_wconf 55' lang='grc' dir='ltr'><strong>(ΖΟᾹΤΒΑ</strong></span> <span class='ocrx_word' id='word_1_3' title='bbox 1818 399 2181 461; x_wconf 68' lang='grc' dir='ltr'><strong>ΠᾸΞΒΕΞΕΒ</strong></span> <span class='ocrx_word' id='word_1_4' title='bbox 2219 404 2362 463; x_wconf 85' lang='lat' dir='ltr'><strong>LIB.</strong></span> <span class='ocrx_word' id='word_1_5' title='bbox 2402 405 2468 465; x_wconf 77' lang='grc' dir='ltr'><em>γ.</em></span> 
     </span>
    </p>
   </div>
   <div class='ocr_carea' id='block_1_3' title="bbox 3450 407 3595 476">
    <p class='ocr_par' dir='ltr' id='par_1_3' title="bbox 3450 407 3595 476">
     <span class='ocr_line' id='line_1_3' title="bbox 3450 407 3595 476; baseline 0.014 -2"><span class='ocrx_word' id='word_1_6' title='bbox 3450 407 3595 476; x_wconf 72' lang='lat' dir='ltr'><strong>3MB</strong></span> 
     </span>
    </p>
   </div>
   <div class='ocr_carea' id='block_1_4' title="bbox 350 507 1924 590">
    <p class='ocr_par' dir='ltr' id='par_1_4' title="bbox 350 507 1923 579">
     <span class='ocr_line' id='line_1_4' title="bbox 350 507 1923 579; baseline -0.011 -10"><span class='ocrx_word' id='word_1_7' title='bbox 350 511 552 569; x_wconf 77' lang='grc' dir='ltr'><em>κοέναι</em></span> <span class='ocrx_word' id='word_1_8' title='bbox 585 509 824 579; x_wconf 77' lang='grc' dir='ltr'><em>ῥήματα</em></span> <span class='ocrx_word' id='word_1_9' title='bbox 854 508 1079 578; x_wconf 74' lang='grc' dir='ltr'><em>ἄρρητα</em></span> <span class='ocrx_word' id='word_1_10' title='bbox 1127 507 1164 562; x_wconf 84' lang='lat' dir='ltr'><strong>d</strong></span> <span class='ocrx_word' id='word_1_11' title='bbox 1191 509 1299 561; x_wconf 81' lang='grc' dir='ltr'><em>οὐκ</em></span> <span class='ocrx_word' id='word_1_12' title='bbox 1329 507 1472 571; x_wconf 73' lang='grc' dir='ltr'><em>ἐξὸν</em></span> <span class='ocrx_word' id='word_1_13' title='bbox 1516 507 1803 576; x_wconf 63' lang='grc' dir='ltr'><em>ἀνθρώπῳ</em></span> <span class='ocrx_word' id='word_1_14' title='bbox 1844 512 1923 563; x_wconf 73' lang='grc' dir='ltr'><em>ει..</em></span> 
     </span>
    </p>
   </div>
   <div class='ocr_carea' id='block_1_5' title="bbox 2028 507 3598 590">
    <p class='ocr_par' dir='ltr' id='par_1_5' title="bbox 2028 512 3598 590">
     <span class='ocr_line' id='line_1_5' title="bbox 2028 512 3598 590; baseline 0.005 -24"><span class='ocrx_word' id='word_1_15' title='bbox 2028 512 2269 579; x_wconf 81' lang='lat' dir='ltr'><strong><em>Domine,</em></strong></span> <span class='ocrx_word' id='word_1_16' title='bbox 2316 515 2554 577; x_wconf 85' lang='lat' dir='ltr'><strong>Domine.</strong></span> <span class='ocrx_word' id='word_1_17' title='bbox 2590 516 2809 571; x_wconf 86' lang='lat' dir='ltr'><strong>intrabit</strong></span> <span class='ocrx_word' id='word_1_18' title='bbox 2854 518 2905 573; x_wconf 82' lang='lat' dir='ltr'><strong>in</strong></span> <span class='ocrx_word' id='word_1_19' title='bbox 2943 536 3156 590; x_wconf 79' lang='lat' dir='ltr'><strong>regnum</strong></span> <span class='ocrx_word' id='word_1_20' title='bbox 3191 519 3458 586; x_wconf 78' lang='lat' dir='ltr'><strong>caelorum,</strong></span> <span class='ocrx_word' id='word_1_21' title='bbox 3507 524 3598 576; x_wconf 84' lang='lat' dir='ltr'><strong>sed</strong></span> 
     </span>
    </p>
   </div>
   <div class='ocr_carea' id='block_1_6' title="bbox 348 597 1925 670">
    <p class='ocr_par' dir='ltr' id='par_1_6' title="bbox 348 597 1925 670">
     <span class='ocr_line' id='line_1_6' title="bbox 348 597 1925 670; baseline -0.004 -11"><span class='ocrx_word' id='word_1_22' title='bbox 348 604 505 659; x_wconf 86' lang='grc' dir='ltr'><em>πεῖν.</em></span> <span class='ocrx_word' id='word_1_23' title='bbox 561 600 750 656; x_wconf 83' lang='grc' dir='ltr'><em>Ταῦτά</em></span> <span class='ocrx_word' id='word_1_24' title='bbox 792 601 930 664; x_wconf 74' lang='grc' dir='ltr'><em>ἐστι,</em></span> <span class='ocrx_word' id='word_1_25' title='bbox 975 598 1131 669; x_wconf 69' lang='grc' dir='ltr'><em>φησι,</em></span> <span class='ocrx_word' id='word_1_26' title='bbox 1185 598 1254 652; x_wconf 79' lang='grc' dir='ltr'><em>τὰ</em></span> <span class='ocrx_word' id='word_1_27' title='bbox 1292 597 1507 670; x_wconf 74' lang='grc' dir='ltr'><em>ἄρρητα</em></span> <span class='ocrx_word' id='word_1_28' title='bbox 1557 598 1662 652; x_wconf 79' lang='grc' dir='ltr'><strong>ὑπὸ</strong></span> <span class='ocrx_word' id='word_1_29' title='bbox 1706 600 1925 654; x_wconf 87' lang='grc' dir='ltr'><em>πάντων</em></span> 
     </span>
    </p>
   </div>
   <div class='ocr_carea' id='block_1_7' title="bbox 348 687 1924 761">
    <p class='ocr_par' dir='ltr' id='par_1_7' title="bbox 348 687 1924 761">
     <span class='ocr_line' id='line_1_7' title="bbox 348 687 1924 761; baseline -0.004 -15"><span class='ocrx_word' id='word_1_30' title='bbox 348 692 617 761; x_wconf 84' lang='grc' dir='ltr'><em>λεγόμενα</em></span> <span class='ocrx_word' id='word_1_31' title='bbox 648 690 922 761; x_wconf 82' lang='grc' dir='ltr'><strong>μυστήρια</strong></span> <span class='ocrx_word' id='word_1_32' title='bbox 945 687 984 742; x_wconf 87' lang='lat' dir='ltr'><strong>d</strong></span> <span class='ocrx_word' id='word_1_33' title='bbox 1013 687 1133 760; x_wconf 76' lang='grc' dir='ltr'><em>[καὶ</em></span> <span class='ocrx_word' id='word_1_34' title='bbox 1164 688 1474 756; x_wconf 74' lang='grc' dir='ltr'><strong>λαλοῦμεν</strong></span> <span class='ocrx_word' id='word_1_35' title='bbox 1498 687 1568 759; x_wconf 76' lang='grc'><strong>⁸⁸]</strong></span> <span class='ocrx_word' id='word_1_36' title='bbox 1600 690 1711 741; x_wconf 84' lang='grc' dir='ltr'><em>οὐκ</em></span> <span class='ocrx_word' id='word_1_37' title='bbox 1743 689 1811 741; x_wconf 83' lang='grc' dir='ltr'><em>ὲν</em></span> <span class='ocrx_word' id='word_1_38' title='bbox 1837 688 1924 741; x_wconf 90' lang='grc' dir='ltr'><em>δι-</em></span> 
     </span>
    </p>
   </div>
   <div class='ocr_carea' id='block_1_8' title="bbox 351 779 1924 849">
    <p class='ocr_par' dir='ltr' id='par_1_8' title="bbox 351 779 1924 849">
     <span class='ocr_line' id='line_1_8' title="bbox 351 779 1924 849; baseline -0.002 -12"><span class='ocrx_word' id='word_1_39' title='bbox 351 783 592 848; x_wconf 84' lang='grc' dir='ltr'><em>δακτοῖς</em></span> <span class='ocrx_word' id='word_1_40' title='bbox 615 782 992 849; x_wconf 79' lang='grc' dir='ltr'><strong>ἀνθρωπίνης</strong></span> <span class='ocrx_word' id='word_1_41' title='bbox 1035 780 1256 847; x_wconf 66' lang='grc' dir='ltr'><em>σοφίας</em></span> <span class='ocrx_word' id='word_1_42' title='bbox 1303 780 1526 849; x_wconf 71' lang='grc' dir='ltr'><em>λόγοις,</em></span> <span class='ocrx_word' id='word_1_43' title='bbox 1575 779 1712 834; x_wconf 72' lang='grc' dir='ltr'><strong>ἀλλ’</strong></span> <span class='ocrx_word' id='word_1_44' title='bbox 1741 780 1810 833; x_wconf 81' lang='grc' dir='ltr'><em>ἐν</em></span> <span class='ocrx_word' id='word_1_45' title='bbox 1833 780 1924 834; x_wconf 73' lang='grc' dir='ltr'><em>διο</em></span> 
     </span>
    </p>
   </div>
   <div class='ocr_carea' id='block_1_9' title="bbox 350 869 1926 940">
    <p class='ocr_par' dir='ltr' id='par_1_9' title="bbox 350 869 1926 940">
     <span class='ocr_line' id='line_1_9' title="bbox 350 869 1926 940; baseline -0.003 -12"><span class='ocrx_word' id='word_1_46' title='bbox 350 873 590 938; x_wconf 79' lang='grc' dir='ltr'><em>δακτοῐς</em></span> <span class='ocrx_word' id='word_1_47' title='bbox 647 871 1007 940; x_wconf 85' lang='grc' dir='ltr'><em>πνεύματος,</em></span> <span class='ocrx_word' id='word_1_48' title='bbox 1064 869 1486 938; x_wconf 81' lang='grc' dir='ltr'><strong>πνευματικοῖς</strong></span> <span class='ocrx_word' id='word_1_49' title='bbox 1556 871 1926 939; x_wconf 82' lang='grc' dir='ltr'><em>πνευματικὰ</em></span> 
     </span>
    </p>
   </div>
   <div class='ocr_carea' id='block_1_10' title="bbox 350 961 1921 1035">
    <p class='ocr_par' dir='ltr' id='par_1_10' title="bbox 350 961 1921 1035">
     <span class='ocr_line' id='line_1_10' title="bbox 350 961 1921 1035; baseline -0.004 -15"><span class='ocrx_word' id='word_1_50' title='bbox 350 966 801 1035; x_wconf 77' lang='grc' dir='ltr'><strong>συγκρίνοντες,</strong></span> <span class='ocrx_word' id='word_1_51' title='bbox 834 962 1096 1032; x_wconf 74' lang='grc' dir='ltr'><em>ψυχικὸς</em></span> <span class='ocrx_word' id='word_1_52' title='bbox 1131 962 1199 1015; x_wconf 87' lang='grc' dir='ltr'><em>δὲ</em></span> <span class='ocrx_word' id='word_1_53' title='bbox 1228 961 1536 1030; x_wconf 80' lang='grc' dir='ltr'><em>ἅνθρωπος</em></span> <span class='ocrx_word' id='word_1_54' title='bbox 1568 963 1639 1015; x_wconf 88' lang='grc' dir='ltr'><em>οὐ</em></span> <span class='ocrx_word' id='word_1_55' title='bbox 1688 962 1921 1029; x_wconf 82' lang='grc' dir='ltr'><em>δέχεται</em></span> 
     </span>
    </p>
   </div>
   <div class='ocr_carea' id='block_1_11' title="bbox 350 1051 1924 1124">
    <p class='ocr_par' dir='ltr' id='par_1_11' title="bbox 350 1051 1924 1124">
     <span class='ocr_line' id='line_1_11' title="bbox 350 1051 1924 1124; baseline -0.006 -12"><span class='ocrx_word' id='word_1_56' title='bbox 350 1057 422 1112; x_wconf 78' lang='grc' dir='ltr'><strong>τὰ</strong></span> <span class='ocrx_word' id='word_1_57' title='bbox 459 1056 562 1110; x_wconf 84' lang='grc' dir='ltr'><em>τοῦ</em></span> <span class='ocrx_word' id='word_1_58' title='bbox 598 1055 945 1124; x_wconf 81' lang='grc' dir='ltr'><em>Πνεύματος</em></span> <span class='ocrx_word' id='word_1_59' title='bbox 992 1054 1098 1108; x_wconf 85' lang='grc' dir='ltr'><em>τοῦ</em></span> <span class='ocrx_word' id='word_1_60' title='bbox 1147 1053 1330 1108; x_wconf 65' lang='grc' dir='ltr'><em>Θεοῦ*</em></span> <span class='ocrx_word' id='word_1_61' title='bbox 1366 1053 1553 1122; x_wconf 83' lang='grc' dir='ltr'><em>μωρία</em></span> <span class='ocrx_word' id='word_1_62' title='bbox 1604 1052 1713 1121; x_wconf 80' lang='grc' dir='ltr'><em>γὰρ</em></span> <span class='ocrx_word' id='word_1_63' title='bbox 1766 1051 1924 1116; x_wconf 84' lang='grc' dir='ltr'><em>αὐτῷ</em></span> 
     </span>
    </p>
   </div>
   <div class='ocr_carea' id='block_1_12' title="bbox 350 1143 1925 1216">
    <p class='ocr_par' dir='ltr' id='par_1_12' title="bbox 350 1143 1925 1216">
     <span class='ocr_line' id='line_1_12' title="bbox 350 1143 1925 1216; baseline -0.004 -14"><span class='ocrx_word' id='word_1_64' title='bbox 350 1150 511 1203; x_wconf 78' lang='grc' dir='ltr'><em>ἐστι·</em></span> <span class='ocrx_word' id='word_1_65' title='bbox 541 1146 635 1200; x_wconf 77' lang='grc' dir='ltr'><strong>καὶ</strong></span> <span class='ocrx_word' id='word_1_66' title='bbox 662 1146 836 1202; x_wconf 83' lang='grc' dir='ltr'><em>ταῦτα</em></span> <span class='ocrx_word' id='word_1_67' title='bbox 856 1187 870 1211; x_wconf 95' lang='grc'><strong>,</strong></span> <span class='ocrx_word' id='word_1_68' title='bbox 903 1146 1088 1216; x_wconf 64' lang='grc' dir='ltr'><em>φησιν,</em></span> <span class='ocrx_word' id='word_1_69' title='bbox 1133 1147 1247 1199; x_wconf 76' lang='grc' dir='ltr'><strong>ἐστὶ</strong></span> <span class='ocrx_word' id='word_1_70' title='bbox 1275 1144 1343 1198; x_wconf 82' lang='grc' dir='ltr'><em>τὰ</em></span> <span class='ocrx_word' id='word_1_71' title='bbox 1371 1146 1464 1197; x_wconf 80' lang='grc' dir='ltr'><em>τοῦ</em></span> <span class='ocrx_word' id='word_1_72' title='bbox 1496 1143 1798 1213; x_wconf 84' lang='grc' dir='ltr'><em>πνεύματος</em></span> <span class='ocrx_word' id='word_1_73' title='bbox 1828 1143 1925 1214; x_wconf 73' lang='grc' dir='ltr'><strong>ἀρ.</strong></span> 
     </span>
    </p>
   </div>
   <div class='ocr_carea' id='block_1_13' title="bbox 356 1233 1920 1309">
    <p class='ocr_par' dir='ltr' id='par_1_13' title="bbox 356 1233 1920 1309">
     <span class='ocr_line' id='line_1_13' title="bbox 356 1233 1920 1309; baseline -0.004 -18"><span class='ocrx_word' id='word_1_74' title='bbox 356 1240 496 1309; x_wconf 80' lang='grc' dir='ltr'><strong>ρητα</strong></span> <span class='ocrx_word' id='word_1_75' title='bbox 529 1239 804 1309; x_wconf 74' lang='grc' dir='ltr'><strong>μυστήρια</strong></span> <span class='ocrx_word' id='word_1_76' title='bbox 826 1275 841 1301; x_wconf 89' lang='grc'><strong>,</strong></span> <span class='ocrx_word' id='word_1_77' title='bbox 874 1236 910 1290; x_wconf 81' lang='grc' dir='ltr'><strong>ἃ</strong></span> <span class='ocrx_word' id='word_1_78' title='bbox 940 1239 1101 1307; x_wconf 79' lang='grc' dir='ltr'><em>ἡμεῖς</em></span> <span class='ocrx_word' id='word_1_79' title='bbox 1133 1238 1289 1305; x_wconf 78' lang='grc' dir='ltr'><em>ἴσμεν</em></span> <span class='ocrx_word' id='word_1_80' title='bbox 1327 1236 1495 1305; x_wconf 81' lang='grc' dir='ltr'><em>μόνοι.</em></span> <span class='ocrx_word' id='word_1_81' title='bbox 1537 1235 1671 1304; x_wconf 78' lang='grc' dir='ltr'><em>Περὶ</em></span> <span class='ocrx_word' id='word_1_82' title='bbox 1696 1233 1920 1301; x_wconf 79' lang='grc' dir='ltr'><em>τούτων,</em></span> 
     </span>
    </p>
   </div>
   <div class='ocr_carea' id='block_1_14' title="bbox 349 1320 1924 1401">
    <p class='ocr_par' dir='ltr' id='par_1_14' title="bbox 349 1320 1924 1401">
     <span class='ocr_line' id='line_1_14' title="bbox 349 1320 1924 1401; baseline -0.006 -19"><span class='ocrx_word' id='word_1_83' title='bbox 349 1332 538 1400; x_wconf 72' lang='grc' dir='ltr'><em>φησὶν,</em></span> <span class='ocrx_word' id='word_1_84' title='bbox 569 1330 791 1401; x_wconf 72' lang='grc' dir='ltr'><em>εἴρηκεν</em></span> <span class='ocrx_word' id='word_1_85' title='bbox 825 1331 854 1382; x_wconf 99' lang='lat'><strong>6</strong></span> <span class='ocrx_word' id='word_1_86' title='bbox 878 1329 1097 1399; x_wconf 75' lang='grc' dir='ltr'><em>Σωτήρο</em></span> <span class='ocrx_word' id='word_1_87' title='bbox 1119 1326 1332 1390; x_wconf 79' lang='grc' dir='ltr'><em>Οὐδεὶς</em></span> <span class='ocrx_word' id='word_1_88' title='bbox 1368 1326 1621 1378; x_wconf 85' lang='grc' dir='ltr'><em>δύναται</em></span> <span class='ocrx_word' id='word_1_89' title='bbox 1653 1326 1699 1356; x_wconf 82' lang='grc'><strong>⁸⁸</strong></span> <span class='ocrx_word' id='word_1_90' title='bbox 1719 1320 1924 1379; x_wconf 76' lang='grc' dir='ltr'><em>ἐλθεῖν·</em></span> 
     </span>
    </p>
   </div>
   <div class='ocr_carea' id='block_1_15' title="bbox 348 1414 1924 1491">
    <p class='ocr_par' dir='ltr' id='par_1_15' title="bbox 348 1414 1924 1491">
     <span class='ocr_line' id='line_1_15' title="bbox 348 1414 1924 1491; baseline -0.005 -16"><span class='ocrx_word' id='word_1_91' title='bbox 348 1423 500 1491; x_wconf 84' lang='grc' dir='ltr'><em>πρός</em></span> <span class='ocrx_word' id='word_1_92' title='bbox 523 1438 629 1490; x_wconf 85' lang='grc' dir='ltr'><em>με,</em></span> <span class='ocrx_word' id='word_1_93' title='bbox 655 1422 763 1474; x_wconf 85' lang='grc' dir='ltr'><em>ἐὰν</em></span> <span class='ocrx_word' id='word_1_94' title='bbox 779 1420 864 1490; x_wconf 82' lang='grc' dir='ltr'><em>μή</em></span> <span class='ocrx_word' id='word_1_95' title='bbox 891 1434 1029 1473; x_wconf 86' lang='grc' dir='ltr'><em>τινα</em></span> <span class='ocrx_word' id='word_1_96' title='bbox 1058 1418 1294 1486; x_wconf 75' lang='grc' dir='ltr'><strong>ἐλκύσῃ</strong></span> <span class='ocrx_word' id='word_1_97' title='bbox 1330 1420 1363 1469; x_wconf 86' lang='grc' dir='ltr'><strong>ό</strong></span> <span class='ocrx_word' id='word_1_98' title='bbox 1390 1414 1593 1484; x_wconf 80' lang='grc' dir='ltr'><em>Πατήρ</em></span> <span class='ocrx_word' id='word_1_99' title='bbox 1612 1433 1733 1485; x_wconf 80' lang='grc' dir='ltr'><em>μου</em></span> <span class='ocrx_word' id='word_1_100' title='bbox 1767 1417 1800 1468; x_wconf 88' lang='grc' dir='ltr'><strong>ό</strong></span> <span class='ocrx_word' id='word_1_101' title='bbox 1825 1416 1924 1467; x_wconf 82' lang='grc' dir='ltr'><strong>οὐ-</strong></span> 
     </span>
    </p>
   </div>
   <div class='ocr_carea' id='block_1_16' title="bbox 341 1506 1921 1582">
    <p class='ocr_par' dir='ltr' id='par_1_16' title="bbox 341 1506 1921 1582">
     <span class='ocr_line' id='line_1_16' title="bbox 341 1506 1921 1582; baseline -0.008 -13"><span class='ocrx_word' id='word_1_102' title='bbox 341 1513 575 1582; x_wconf 86' lang='grc' dir='ltr'><em>ράνιος.</em></span> <span class='ocrx_word' id='word_1_103' title='bbox 606 1514 753 1568; x_wconf 82' lang='grc' dir='ltr'><em>Πάνυ</em></span> <span class='ocrx_word' id='word_1_104' title='bbox 780 1514 910 1582; x_wconf 78' lang='grc' dir='ltr'><em>γὰρ,</em></span> <span class='ocrx_word' id='word_1_105' title='bbox 963 1511 1116 1580; x_wconf 73' lang='grc' dir='ltr'><em>φησι,</em></span> <span class='ocrx_word' id='word_1_106' title='bbox 1152 1508 1410 1563; x_wconf 81' lang='grc' dir='ltr'><em>δύσκολόν</em></span> <span class='ocrx_word' id='word_1_107' title='bbox 1454 1509 1570 1560; x_wconf 74' lang='grc' dir='ltr'><em>ἐστι</em></span> <span class='ocrx_word' id='word_1_108' title='bbox 1614 1506 1921 1576; x_wconf 78' lang='grc' dir='ltr'><em>παραδέξα-</em></span> 
     </span>
    </p>
   </div>
   <div class='ocr_carea' id='block_1_17' title="bbox 349 1599 1923 1672">
    <p class='ocr_par' dir='ltr' id='par_1_17' title="bbox 349 1599 1923 1672">
     <span class='ocr_line' id='line_1_17' title="bbox 349 1599 1923 1672; baseline -0.008 -12"><span class='ocrx_word' id='word_1_109' title='bbox 349 1606 473 1660; x_wconf 87' lang='grc' dir='ltr'><em>σθαι</em></span> <span class='ocrx_word' id='word_1_110' title='bbox 504 1608 598 1659; x_wconf 78' lang='grc' dir='ltr'><em>καὶ</em></span> <span class='ocrx_word' id='word_1_111' title='bbox 630 1604 812 1659; x_wconf 78' lang='grc' dir='ltr'><em>λαϐεῖν</em></span> <span class='ocrx_word' id='word_1_112' title='bbox 846 1603 909 1655; x_wconf 86' lang='grc' dir='ltr'><em>τὸ</em></span> <span class='ocrx_word' id='word_1_113' title='bbox 938 1603 1082 1672; x_wconf 86' lang='grc' dir='ltr'><em>μέγα</em></span> <span class='ocrx_word' id='word_1_114' title='bbox 1110 1600 1267 1655; x_wconf 82' lang='grc' dir='ltr'><em>τοῦτο</em></span> <span class='ocrx_word' id='word_1_115' title='bbox 1313 1600 1406 1653; x_wconf 72' lang='grc' dir='ltr'><em>καὶ</em></span> <span class='ocrx_word' id='word_1_116' title='bbox 1439 1599 1675 1671; x_wconf 68' lang='grc' dir='ltr'><em>ἄρρητον</em></span> <span class='ocrx_word' id='word_1_117' title='bbox 1722 1599 1923 1668; x_wconf 86' lang='grc' dir='ltr'><em>μυστή-</em></span> 
     </span>
    </p>
   </div>
   <div class='ocr_carea' id='block_1_18' title="bbox 348 1685 1922 1768">
    <p class='ocr_par' dir='ltr' id='par_1_18' title="bbox 348 1685 1922 1768">
     <span class='ocr_line' id='line_1_18' title="bbox 348 1685 1922 1768; baseline -0.007 -19"><span class='ocrx_word' id='word_1_118' title='bbox 348 1713 484 1768; x_wconf 85' lang='grc' dir='ltr'><em>ριον.</em></span> <span class='ocrx_word' id='word_1_119' title='bbox 518 1694 628 1748; x_wconf 79' lang='grc' dir='ltr'><strong>Καὶ</strong></span> <span class='ocrx_word' id='word_1_120' title='bbox 655 1695 838 1760; x_wconf 72' lang='grc' dir='ltr'><em>πάλιν,</em></span> <span class='ocrx_word' id='word_1_121' title='bbox 869 1694 1055 1762; x_wconf 61' lang='grc' dir='ltr'><em>φησιν,</em></span> <span class='ocrx_word' id='word_1_122' title='bbox 1077 1691 1300 1762; x_wconf 77' lang='grc' dir='ltr'><em>εἴρηκεν</em></span> <span class='ocrx_word' id='word_1_123' title='bbox 1330 1691 1358 1742; x_wconf 91' lang='grc' dir='ltr'><strong>ὀ</strong></span> <span class='ocrx_word' id='word_1_124' title='bbox 1390 1690 1604 1759; x_wconf 75' lang='grc' dir='ltr'><em>Σωτήρο</em></span> <span class='ocrx_word' id='word_1_125' title='bbox 1631 1689 1712 1742; x_wconf 87' lang='grc' dir='ltr'><strong>Οὐ</strong></span> <span class='ocrx_word' id='word_1_126' title='bbox 1749 1685 1866 1751; x_wconf 83' lang='grc' dir='ltr'><em>πᾶς</em></span> <span class='ocrx_word' id='word_1_127' title='bbox 1891 1688 1922 1738; x_wconf 84' lang='grc' dir='ltr'><em>ὁ</em></span> 
     </span>
    </p>
   </div>
   <div class='ocr_carea' id='block_1_19' title="bbox 336 1776 1923 1854">
    <p class='ocr_par' dir='ltr' id='par_1_19' title="bbox 336 1776 1923 1854">
     <span class='ocr_line' id='line_1_19' title="bbox 336 1776 1923 1854; baseline -0.006 -15"><span class='ocrx_word' id='word_1_128' title='bbox 336 1784 538 1854; x_wconf 69' lang='grc' dir='ltr'><em>λέγων</em></span> <span class='ocrx_word' id='word_1_129' title='bbox 564 1785 605 1816; x_wconf 81' lang='grc'><strong>⁸⁷</strong></span> <span class='ocrx_word' id='word_1_130' title='bbox 626 1800 746 1852; x_wconf 86' lang='grc' dir='ltr'><em>μοι,</em></span> <span class='ocrx_word' id='word_1_131' title='bbox 775 1783 972 1849; x_wconf 84' lang='grc' dir='ltr'><em>Κύριε,</em></span> <span class='ocrx_word' id='word_1_132' title='bbox 995 1782 1191 1849; x_wconf 86' lang='grc' dir='ltr'><em>Κύριε,</em></span> <span class='ocrx_word' id='word_1_133' title='bbox 1237 1780 1649 1834; x_wconf 73' lang='grc' dir='ltr'><strong>εἰσελεύσεται</strong></span> <span class='ocrx_word' id='word_1_134' title='bbox 1680 1776 1768 1844; x_wconf 77' lang='grc' dir='ltr'><em>ειρ</em></span> <span class='ocrx_word' id='word_1_135' title='bbox 1807 1777 1923 1844; x_wconf 78' lang='grc' dir='ltr'><em>τὴν</em></span> 
     </span>
    </p>
   </div>
   <div class='ocr_carea' id='block_1_20' title="bbox 2029 606 3595 680">
    <p class='ocr_par' dir='ltr' id='par_1_20' title="bbox 2029 606 3595 680">
     <span class='ocr_line' id='line_1_20' title="bbox 2029 606 3595 680; baseline 0.006 -25"><span class='ocrx_word' id='word_1_136' title='bbox 2029 606 2118 674; x_wconf 86' lang='lat' dir='ltr'><strong>qui</strong></span> <span class='ocrx_word' id='word_1_137' title='bbox 2143 606 2269 672; x_wconf 83' lang='lat' dir='ltr'><strong>facit</strong></span> <span class='ocrx_word' id='word_1_138' title='bbox 2293 611 2612 660; x_wconf 75' lang='lat' dir='ltr'><strong>voluntatem</strong></span> <span class='ocrx_word' id='word_1_139' title='bbox 2642 606 2814 661; x_wconf 87' lang='lat' dir='ltr'><strong>Patris</strong></span> <span class='ocrx_word' id='word_1_140' title='bbox 2838 609 2936 661; x_wconf 89' lang='lat' dir='ltr'><strong>mei</strong></span> <span class='ocrx_word' id='word_1_141' title='bbox 2960 611 3047 679; x_wconf 86' lang='lat' dir='ltr'><strong>qui</strong></span> <span class='ocrx_word' id='word_1_142' title='bbox 3067 610 3120 663; x_wconf 90' lang='lat' dir='ltr'><strong>in</strong></span> <span class='ocrx_word' id='word_1_143' title='bbox 3137 610 3276 665; x_wconf 79' lang='lat' dir='ltr'><strong>ctelis</strong></span> <span class='ocrx_word' id='word_1_144' title='bbox 3295 620 3368 664; x_wconf 90' lang='lat' dir='ltr'><strong>est</strong></span> <span class='ocrx_word' id='word_1_145' title='bbox 3393 626 3412 663; x_wconf 90' lang='lat'><strong><em>:</em></strong></span> <span class='ocrx_word' id='word_1_146' title='bbox 3435 625 3595 680; x_wconf 89' lang='lat' dir='ltr'><strong>quam</strong></span> 
     </span>
    </p>
   </div>
   <div class='ocr_carea' id='block_1_21' title="bbox 2030 695 3596 771">
    <p class='ocr_par' dir='ltr' id='par_1_21' title="bbox 2030 695 3596 771">
     <span class='ocr_line' id='line_1_21' title="bbox 2030 695 3596 771; baseline 0.004 -23"><span class='ocrx_word' id='word_1_147' title='bbox 2030 705 2244 764; x_wconf 80' lang='lat' dir='ltr'><strong>oportet</strong></span> <span class='ocrx_word' id='word_1_148' title='bbox 2275 695 2560 763; x_wconf 84' lang='lat' dir='ltr'><strong>facientes,</strong></span> <span class='ocrx_word' id='word_1_149' title='bbox 2603 713 2707 753; x_wconf 90' lang='lat' dir='ltr'><strong>non</strong></span> <span class='ocrx_word' id='word_1_150' title='bbox 2756 700 3037 754; x_wconf 81' lang='lat' dir='ltr'><strong>audientes</strong></span> <span class='ocrx_word' id='word_1_151' title='bbox 3070 702 3241 755; x_wconf 89' lang='lat' dir='ltr'><strong>solum</strong></span> <span class='ocrx_word' id='word_1_152' title='bbox 3288 703 3339 755; x_wconf 92' lang='lat' dir='ltr'><strong>in</strong></span> <span class='ocrx_word' id='word_1_153' title='bbox 3375 718 3596 771; x_wconf 84' lang='lat' dir='ltr'><strong>regnum</strong></span> 
     </span>
    </p>
   </div>
   <div class='ocr_carea' id='block_1_22' title="bbox 2031 787 3598 858">
    <p class='ocr_par' dir='ltr' id='par_1_22' title="bbox 2031 787 3598 858">
     <span class='ocr_line' id='line_1_22' title="bbox 2031 787 3598 858; baseline 0.003 -19"><span class='ocrx_word' id='word_1_154' title='bbox 2031 787 2235 841; x_wconf 88' lang='lat' dir='ltr'><strong>intrare</strong></span> <span class='ocrx_word' id='word_1_155' title='bbox 2264 787 2545 843; x_wconf 60' lang='lat' dir='ltr'><strong>coriorum.</strong></span> <span class='ocrx_word' id='word_1_156' title='bbox 2571 790 2639 843; x_wconf 89' lang='lat' dir='ltr'><strong>Et</strong></span> <span class='ocrx_word' id='word_1_157' title='bbox 2666 805 2872 855; x_wconf 88' lang='lat' dir='ltr'><strong>rursus,</strong></span> <span class='ocrx_word' id='word_1_158' title='bbox 2896 790 3088 858; x_wconf 83' lang='lat' dir='ltr'><strong>inquit,</strong></span> <span class='ocrx_word' id='word_1_159' title='bbox 3119 793 3287 846; x_wconf 80' lang='lat' dir='ltr'><strong>dixit:</strong></span> <span class='ocrx_word' id='word_1_160' title='bbox 3316 790 3598 845; x_wconf 76' lang='lat' dir='ltr'><strong>Publiceni</strong></span> 
     </span>
    </p>
   </div>
   <div class='ocr_carea' id='block_1_23' title="bbox 2029 866 3596 950">
    <p class='ocr_par' dir='ltr' id='par_1_23' title="bbox 2029 866 3596 950">
     <span class='ocr_line' id='line_1_23' title="bbox 2029 866 3596 950; baseline 0.003 -19"><span class='ocrx_word' id='word_1_161' title='bbox 2029 888 2076 931; x_wconf 90' lang='lat' dir='ltr'><strong><em>et</em></strong></span> <span class='ocrx_word' id='word_1_162' title='bbox 2134 880 2426 933; x_wconf 76' lang='lat' dir='ltr'><strong>meretrices</strong></span> <span class='ocrx_word' id='word_1_163' title='bbox 2484 882 2780 950; x_wconf 70' lang='lat' dir='ltr'><strong>prlecedunt</strong></span> <span class='ocrx_word' id='word_1_164' title='bbox 2830 899 2915 936; x_wconf 79' lang='lat' dir='ltr'><strong>vos</strong></span> <span class='ocrx_word' id='word_1_165' title='bbox 2959 883 3016 935; x_wconf 90' lang='lat' dir='ltr'><strong>in</strong></span> <span class='ocrx_word' id='word_1_166' title='bbox 3065 866 3280 950; x_wconf 87' lang='lat' dir='ltr'><strong>regnum</strong></span> <span class='ocrx_word' id='word_1_167' title='bbox 3327 882 3596 937; x_wconf 67' lang='lat' dir='ltr'><strong>calorum.</strong></span> 
     </span>
    </p>
   </div>
   <div class='ocr_carea' id='block_1_24' title="bbox 2028 968 3600 1049">
    <p class='ocr_par' dir='ltr' id='par_1_24' title="bbox 2028 968 3600 1049">
     <span class='ocr_line' id='line_1_24' title="bbox 2028 968 3600 1049; baseline 0.003 -26"><span class='ocrx_word' id='word_1_168' title='bbox 2028 968 2306 1049; x_wconf 81' lang='lat' dir='ltr'><strong>Publicani</strong></span> <span class='ocrx_word' id='word_1_169' title='bbox 2355 969 2603 1042; x_wconf 78' lang='grc' dir='ltr'><strong>(τελῶναι</strong></span> <span class='ocrx_word' id='word_1_170' title='bbox 2641 974 2989 1045; x_wconf 75' lang='lat'><strong>160—161</strong></span> <span class='ocrx_word' id='word_1_171' title='bbox 3017 976 3184 1038; x_wconf 85' lang='lat' dir='ltr'><strong>enim,</strong></span> <span class='ocrx_word' id='word_1_172' title='bbox 3234 976 3431 1043; x_wconf 84' lang='lat' dir='ltr'><strong>inquit,</strong></span> <span class='ocrx_word' id='word_1_173' title='bbox 3473 985 3600 1030; x_wconf 85' lang='lat' dir='ltr'><strong>sunt</strong></span> 
     </span>
    </p>
   </div>
   <div class='ocr_carea' id='block_1_25' title="bbox 2030 1062 3595 1136">
    <p class='ocr_par' dir='ltr' id='par_1_25' title="bbox 2030 1062 3595 1136">
     <span class='ocr_line' id='line_1_25' title="bbox 2030 1062 3595 1136; baseline 0.002 -22"><span class='ocrx_word' id='word_1_174' title='bbox 2030 1062 2121 1129; x_wconf 87' lang='lat' dir='ltr'><strong>qui</strong></span> <span class='ocrx_word' id='word_1_175' title='bbox 2155 1063 2396 1116; x_wconf 87' lang='lat' dir='ltr'><strong>omnium</strong></span> <span class='ocrx_word' id='word_1_176' title='bbox 2433 1077 2611 1118; x_wconf 85' lang='lat' dir='ltr'><strong>rerum</strong></span> <span class='ocrx_word' id='word_1_177' title='bbox 2644 1066 2925 1135; x_wconf 81' lang='lat' dir='ltr'><strong>vectigalia</strong></span> <span class='ocrx_word' id='word_1_178' title='bbox 2951 1066 3237 1136; x_wconf 82' lang='lat' dir='ltr'><strong>recipiunt,</strong></span> <span class='ocrx_word' id='word_1_179' title='bbox 3263 1082 3360 1121; x_wconf 90' lang='lat' dir='ltr'><strong>nos</strong></span> <span class='ocrx_word' id='word_1_180' title='bbox 3389 1076 3595 1128; x_wconf 85' lang='lat' dir='ltr'><strong>autem,</strong></span> 
     </span>
    </p>
   </div>
   <div class='ocr_carea' id='block_1_26' title="bbox 2028 1153 3595 1230">
    <p class='ocr_par' dir='ltr' id='par_1_26' title="bbox 2028 1153 3595 1230">
     <span class='ocr_line' id='line_1_26' title="bbox 2028 1153 3595 1230; baseline 0.003 -25"><span class='ocrx_word' id='word_1_181' title='bbox 2028 1153 2225 1221; x_wconf 87' lang='lat' dir='ltr'><strong>inquit,</strong></span> <span class='ocrx_word' id='word_1_182' title='bbox 2268 1169 2454 1210; x_wconf 92' lang='lat' dir='ltr'><strong>sumus</strong></span> <span class='ocrx_word' id='word_1_183' title='bbox 2496 1157 2808 1225; x_wconf 86' lang='lat' dir='ltr'><strong>publicani,</strong></span> <span class='ocrx_word' id='word_1_184' title='bbox 2859 1158 2913 1210; x_wconf 87' lang='lat' dir='ltr'><strong>in</strong></span> <span class='ocrx_word' id='word_1_185' title='bbox 2960 1175 3088 1228; x_wconf 86' lang='lat' dir='ltr'><strong>quos</strong></span> <span class='ocrx_word' id='word_1_186' title='bbox 3134 1158 3263 1226; x_wconf 81' lang='lat' dir='ltr'><strong>ﬁnes</strong></span> <span class='ocrx_word' id='word_1_187' title='bbox 3315 1156 3407 1230; x_wconf 83' lang='grc' dir='ltr'><strong>(τὰ</strong></span> <span class='ocrx_word' id='word_1_188' title='bbox 3442 1157 3595 1227; x_wconf 84' lang='grc' dir='ltr'><em>τέλη)</em></span> 
     </span>
    </p>
   </div>
   <div class='ocr_carea' id='block_1_27' title="bbox 2028 1235 3597 1319">
    <p class='ocr_par' dir='ltr' id='par_1_27' title="bbox 2028 1235 3597 1319">
     <span class='ocr_line' id='line_1_27' title="bbox 2028 1235 3597 1319; baseline 0.003 -23"><span class='ocrx_word' id='word_1_189' title='bbox 2028 1241 2340 1296; x_wconf 84' lang='lat' dir='ltr'><strong>steculorum</strong></span> <span class='ocrx_word' id='word_1_190' title='bbox 2372 1246 2703 1301; x_wconf 82' lang='lat' dir='ltr'><strong>devenerunt.</strong></span> <span class='ocrx_word' id='word_1_191' title='bbox 2740 1246 2880 1319; x_wconf 83' lang='grc' dir='ltr'><em>Τέλη</em></span> <span class='ocrx_word' id='word_1_192' title='bbox 2921 1248 3084 1313; x_wconf 87' lang='lat' dir='ltr'><strong>enim,</strong></span> <span class='ocrx_word' id='word_1_193' title='bbox 3131 1235 3325 1316; x_wconf 80' lang='lat' dir='ltr'><strong>inquit,</strong></span> <span class='ocrx_word' id='word_1_194' title='bbox 3365 1257 3491 1303; x_wconf 89' lang='lat' dir='ltr'><strong>sunt</strong></span> <span class='ocrx_word' id='word_1_195' title='bbox 3529 1256 3597 1301; x_wconf 82' lang='lat' dir='ltr'><strong>ah</strong></span> 
     </span>
    </p>
   </div>
   <div class='ocr_carea' id='block_1_28' title="bbox 2029 1333 3597 1407">
    <p class='ocr_par' dir='ltr' id='par_1_28' title="bbox 2029 1333 3597 1407">
     <span class='ocr_line' id='line_1_28' title="bbox 2029 1333 3597 1407; baseline 0.003 -20"><span class='ocrx_word' id='word_1_196' title='bbox 2029 1333 2330 1404; x_wconf 77' lang='lat' dir='ltr'><strong>inelﬁgiato</strong></span> <span class='ocrx_word' id='word_1_197' title='bbox 2359 1335 2412 1388; x_wconf 92' lang='lat' dir='ltr'><strong>in</strong></span> <span class='ocrx_word' id='word_1_198' title='bbox 2439 1338 2695 1391; x_wconf 85' lang='lat' dir='ltr'><strong>mundum</strong></span> <span class='ocrx_word' id='word_1_199' title='bbox 2715 1337 3060 1393; x_wconf 79' lang='lat' dir='ltr'><strong>disseminata</strong></span> <span class='ocrx_word' id='word_1_200' title='bbox 3091 1338 3322 1403; x_wconf 84' lang='lat' dir='ltr'><strong>semina,</strong></span> <span class='ocrx_word' id='word_1_201' title='bbox 3352 1354 3448 1406; x_wconf 89' lang='lat' dir='ltr'><strong>per</strong></span> <span class='ocrx_word' id='word_1_202' title='bbox 3476 1353 3597 1407; x_wconf 69' lang='lat' dir='ltr'><strong>quae</strong></span> 
     </span>
    </p>
   </div>
   <div class='ocr_carea' id='block_1_29' title="bbox 2029 1424 3597 1497">
    <p class='ocr_par' dir='ltr' id='par_1_29' title="bbox 2029 1424 3597 1497">
     <span class='ocr_line' id='line_1_29' title="bbox 2029 1424 3597 1497; baseline 0.004 -20"><span class='ocrx_word' id='word_1_203' title='bbox 2029 1424 2318 1478; x_wconf 87' lang='lat' dir='ltr'><strong>universus</strong></span> <span class='ocrx_word' id='word_1_204' title='bbox 2348 1424 2630 1493; x_wconf 80' lang='lat' dir='ltr'><strong>perﬁcitur</strong></span> <span class='ocrx_word' id='word_1_205' title='bbox 2655 1429 2921 1495; x_wconf 86' lang='lat' dir='ltr'><strong>mundus;</strong></span> <span class='ocrx_word' id='word_1_206' title='bbox 2960 1443 3056 1497; x_wconf 89' lang='lat' dir='ltr'><strong>per</strong></span> <span class='ocrx_word' id='word_1_207' title='bbox 3085 1442 3148 1482; x_wconf 89' lang='lat' dir='ltr'><strong>ea</strong></span> <span class='ocrx_word' id='word_1_208' title='bbox 3180 1429 3324 1482; x_wconf 89' lang='lat' dir='ltr'><strong>enim</strong></span> <span class='ocrx_word' id='word_1_209' title='bbox 3353 1438 3407 1483; x_wconf 87' lang='lat' dir='ltr'><strong>et</strong></span> <span class='ocrx_word' id='word_1_210' title='bbox 3436 1444 3597 1483; x_wconf 80' lang='lat' dir='ltr'><strong>orsus</strong></span> 
     </span>
    </p>
   </div>
   <div class='ocr_carea' id='block_1_30' title="bbox 2027 1512 3593 1585">
    <p class='ocr_par' dir='ltr' id='par_1_30' title="bbox 2027 1512 3593 1585">
     <span class='ocr_line' id='line_1_30' title="bbox 2027 1512 3593 1585; baseline 0.003 -20"><span class='ocrx_word' id='word_1_211' title='bbox 2027 1521 2109 1566; x_wconf 87' lang='lat' dir='ltr'><strong>est</strong></span> <span class='ocrx_word' id='word_1_212' title='bbox 2152 1512 2289 1568; x_wconf 86' lang='lat' dir='ltr'><strong>ﬁeri.</strong></span> <span class='ocrx_word' id='word_1_213' title='bbox 2331 1514 2397 1567; x_wconf 84' lang='lat' dir='ltr'><strong>Et</strong></span> <span class='ocrx_word' id='word_1_214' title='bbox 2439 1515 2561 1579; x_wconf 90' lang='lat' dir='ltr'><strong>hoc,</strong></span> <span class='ocrx_word' id='word_1_215' title='bbox 2614 1517 2805 1585; x_wconf 88' lang='lat' dir='ltr'><strong>inquit,</strong></span> <span class='ocrx_word' id='word_1_216' title='bbox 2860 1526 2944 1570; x_wconf 90' lang='lat' dir='ltr'><strong>est</strong></span> <span class='ocrx_word' id='word_1_217' title='bbox 2985 1516 3187 1571; x_wconf 89' lang='lat' dir='ltr'><strong>dictum</strong></span> <span class='ocrx_word' id='word_1_218' title='bbox 3228 1516 3397 1571; x_wconf 90' lang='lat' dir='ltr'><strong>illud:</strong></span> <span class='ocrx_word' id='word_1_219' title='bbox 3445 1517 3593 1571; x_wconf 76' lang='lat' dir='ltr'><strong>Exiit</strong></span> 
     </span>
    </p>
   </div>
   <div class='ocr_carea' id='block_1_31' title="bbox 2026 1606 3594 1670">
    <p class='ocr_par' dir='ltr' id='par_1_31' title="bbox 2026 1606 3594 1670">
     <span class='ocr_line' id='line_1_31' title="bbox 2026 1606 3594 1670; baseline 0.003 -12"><span class='ocrx_word' id='word_1_220' title='bbox 2026 1606 2289 1659; x_wconf 89' lang='lat' dir='ltr'><strong>seminans</strong></span> <span class='ocrx_word' id='word_1_221' title='bbox 2337 1606 2405 1658; x_wconf 87' lang='lat' dir='ltr'><strong>ad</strong></span> <span class='ocrx_word' id='word_1_222' title='bbox 2450 1608 2834 1670; x_wconf 86' lang='lat' dir='ltr'><strong>seminandum,</strong></span> <span class='ocrx_word' id='word_1_223' title='bbox 2872 1617 2921 1662; x_wconf 94' lang='lat' dir='ltr'><strong><em>et</em></strong></span> <span class='ocrx_word' id='word_1_224' title='bbox 2956 1608 3067 1661; x_wconf 88' lang='lat' dir='ltr'><strong>alia</strong></span> <span class='ocrx_word' id='word_1_225' title='bbox 3109 1608 3406 1662; x_wconf 83' lang='lat' dir='ltr'><strong>ceciderunt</strong></span> <span class='ocrx_word' id='word_1_226' title='bbox 3445 1624 3594 1663; x_wconf 82' lang='lat' dir='ltr'><strong>secus</strong></span> 
     </span>
    </p>
   </div>
   <div class='ocr_carea' id='block_1_32' title="bbox 2028 1697 3593 1767">
    <p class='ocr_par' dir='ltr' id='par_1_32' title="bbox 2028 1697 3593 1767">
     <span class='ocr_line' id='line_1_32' title="bbox 2028 1697 3593 1767; baseline 0.001 -17"><span class='ocrx_word' id='word_1_227' title='bbox 2028 1697 2162 1750; x_wconf 84' lang='lat' dir='ltr'><strong>uiam</strong></span> <span class='ocrx_word' id='word_1_228' title='bbox 2187 1705 2236 1750; x_wconf 91' lang='lat' dir='ltr'><strong>et</strong></span> <span class='ocrx_word' id='word_1_229' title='bbox 2276 1697 2585 1751; x_wconf 83' lang='lat' dir='ltr'><strong>conculcata</strong></span> <span class='ocrx_word' id='word_1_230' title='bbox 2613 1708 2754 1762; x_wconf 86' lang='lat' dir='ltr'><strong>sunt,</strong></span> <span class='ocrx_word' id='word_1_231' title='bbox 2793 1698 2902 1752; x_wconf 89' lang='lat' dir='ltr'><strong>alia</strong></span> <span class='ocrx_word' id='word_1_232' title='bbox 2944 1714 3063 1752; x_wconf 80' lang='lat' dir='ltr'><strong>vero</strong></span> <span class='ocrx_word' id='word_1_233' title='bbox 3094 1714 3250 1763; x_wconf 79' lang='lat' dir='ltr'><strong>super</strong></span> <span class='ocrx_word' id='word_1_234' title='bbox 3286 1708 3512 1767; x_wconf 81' lang='lat' dir='ltr'><strong>petrosa,</strong></span> <span class='ocrx_word' id='word_1_235' title='bbox 3544 1709 3593 1753; x_wconf 88' lang='lat' dir='ltr'><strong><em>et</em></strong></span> 
     </span>
    </p>
   </div>
   <div class='ocr_carea' id='block_1_33' title="bbox 2027 1787 3597 1857">
    <p class='ocr_par' dir='ltr' id='par_1_33' title="bbox 2027 1787 3597 1857">
     <span class='ocr_line' id='line_1_33' title="bbox 2027 1787 3597 1857; baseline 0.003 -16"><span class='ocrx_word' id='word_1_236' title='bbox 2027 1797 2208 1841; x_wconf 78' lang='lat' dir='ltr'><strong>exorta</strong></span> <span class='ocrx_word' id='word_1_237' title='bbox 2245 1797 2386 1850; x_wconf 87' lang='lat' dir='ltr'><strong>sunt,</strong></span> <span class='ocrx_word' id='word_1_238' title='bbox 2420 1787 2614 1857; x_wconf 86' lang='lat' dir='ltr'><strong>inquit,</strong></span> <span class='ocrx_word' id='word_1_239' title='bbox 2644 1799 2688 1841; x_wconf 90' lang='lat' dir='ltr'><strong><em>et</em></strong></span> <span class='ocrx_word' id='word_1_240' title='bbox 2720 1789 2967 1857; x_wconf 86' lang='lat' dir='ltr'><strong>quoniam</strong></span> <span class='ocrx_word' id='word_1_241' title='bbox 2998 1805 3101 1843; x_wconf 84' lang='lat' dir='ltr'><strong>non</strong></span> <span class='ocrx_word' id='word_1_242' title='bbox 3125 1790 3380 1843; x_wconf 82' lang='lat' dir='ltr'><strong>habebant</strong></span> <span class='ocrx_word' id='word_1_243' title='bbox 3416 1791 3597 1845; x_wconf 80' lang='lat' dir='ltr'><strong>altitu-</strong></span> 
     </span>
    </p>
   </div>
   <div class='ocr_carea' id='block_1_34' title="bbox 337 1871 1924 1945">
    <p class='ocr_par' dir='ltr' id='par_1_34' title="bbox 337 1871 1923 1943">
     <span class='ocr_line' id='line_1_34' title="bbox 337 1871 1923 1943; baseline -0.004 -11"><span class='ocrx_word' id='word_1_244' title='bbox 337 1878 670 1943; x_wconf 80' lang='grc' dir='ltr'><em>,βασιλείαν</em></span> <span class='ocrx_word' id='word_1_245' title='bbox 696 1875 815 1928; x_wconf 85' lang='grc' dir='ltr'><strong>τῶν</strong></span> <span class='ocrx_word' id='word_1_246' title='bbox 842 1872 1132 1942; x_wconf 86' lang='grc' dir='ltr'><em>οὐρανῶν,</em></span> <span class='ocrx_word' id='word_1_247' title='bbox 1159 1874 1298 1927; x_wconf 76' lang='grc' dir='ltr'><em>ἀλλ’</em></span> <span class='ocrx_word' id='word_1_248' title='bbox 1323 1875 1355 1926; x_wconf 88' lang='grc' dir='ltr'><strong>ό</strong></span> <span class='ocrx_word' id='word_1_249' title='bbox 1381 1871 1568 1926; x_wconf 87' lang='grc' dir='ltr'><em>ποιῶν</em></span> <span class='ocrx_word' id='word_1_250' title='bbox 1597 1872 1662 1925; x_wconf 86' lang='grc' dir='ltr'><em>τὸ</em></span> <span class='ocrx_word' id='word_1_251' title='bbox 1698 1871 1923 1940; x_wconf 75' lang='grc' dir='ltr'><em>θέλημα</em></span> 
     </span>
    </p>
   </div>
   <div class='ocr_carea' id='block_1_35' title="bbox 2028 1871 3594 1945">
    <p class='ocr_par' dir='ltr' id='par_1_35' title="bbox 2028 1877 3594 1945">
     <span class='ocr_line' id='line_1_35' title="bbox 2028 1877 3594 1945; baseline 0.003 -15"><span class='ocrx_word' id='word_1_252' title='bbox 2028 1877 2198 1930; x_wconf 84' lang='lat' dir='ltr'><strong>dinem</strong></span> <span class='ocrx_word' id='word_1_253' title='bbox 2224 1886 2397 1940; x_wconf 76' lang='lat' dir='ltr'><strong>lert‘tP,</strong></span> <span class='ocrx_word' id='word_1_254' title='bbox 2431 1886 2686 1931; x_wconf 84' lang='lat' dir='ltr'><strong>aruerunt</strong></span> <span class='ocrx_word' id='word_1_255' title='bbox 2712 1887 2761 1932; x_wconf 91' lang='lat' dir='ltr'><strong>et</strong></span> <span class='ocrx_word' id='word_1_256' title='bbox 2791 1879 3065 1931; x_wconf 86' lang='lat' dir='ltr'><strong>demortua</strong></span> <span class='ocrx_word' id='word_1_257' title='bbox 3088 1887 3208 1932; x_wconf 89' lang='lat' dir='ltr'><strong><em>sunt</em></strong></span> <span class='ocrx_word' id='word_1_258' title='bbox 3233 1896 3254 1945; x_wconf 82' lang='lat'><strong>,°</strong></span> <span class='ocrx_word' id='word_1_259' title='bbox 3279 1880 3386 1933; x_wconf 88' lang='lat' dir='ltr'><strong>alia</strong></span> <span class='ocrx_word' id='word_1_260' title='bbox 3420 1892 3594 1935; x_wconf 86' lang='lat' dir='ltr'><strong>autem</strong></span> 
     </span>
    </p>
   </div>
   <div class='ocr_carea' id='block_1_36' title="bbox 343 1962 1919 2036">
    <p class='ocr_par' dir='ltr' id='par_1_36' title="bbox 343 1962 1919 2036">
     <span class='ocr_line' id='line_1_36' title="bbox 343 1962 1919 2036; baseline -0.006 -13"><span class='ocrx_word' id='word_1_261' title='bbox 343 1968 452 2023; x_wconf 86' lang='grc' dir='ltr'><em>τοῦ</em></span> <span class='ocrx_word' id='word_1_262' title='bbox 476 1968 708 2036; x_wconf 83' lang='grc' dir='ltr'><em>Πατρός</em></span> <span class='ocrx_word' id='word_1_263' title='bbox 730 1984 847 2036; x_wconf 87' lang='grc' dir='ltr'><strong>μου</strong></span> <span class='ocrx_word' id='word_1_264' title='bbox 875 1964 980 2019; x_wconf 88' lang='grc' dir='ltr'><em>τοῦ</em></span> <span class='ocrx_word' id='word_1_265' title='bbox 998 1965 1070 2018; x_wconf 80' lang='grc' dir='ltr'><em>ἐν</em></span> <span class='ocrx_word' id='word_1_266' title='bbox 1087 1964 1213 2030; x_wconf 81' lang='grc' dir='ltr'><em>τοῖς</em></span> <span class='ocrx_word' id='word_1_267' title='bbox 1243 1963 1539 2031; x_wconf 82' lang='grc' dir='ltr'><em>οὐρανοῖς.</em></span> <span class='ocrx_word' id='word_1_268' title='bbox 1569 1964 1634 2017; x_wconf 87' lang='grc' dir='ltr'>Ὅ</span> <span class='ocrx_word' id='word_1_269' title='bbox 1654 1962 1734 2015; x_wconf 85' lang='grc' dir='ltr'><strong>δεῖ</strong></span> <span class='ocrx_word' id='word_1_270' title='bbox 1766 1963 1919 2033; x_wconf 70' lang='grc' dir='ltr'><em>ποιή-</em></span> 
     </span>
    </p>
   </div>
   <div class='ocr_carea' id='block_1_37' title="bbox 346 2052 1918 2126">
    <p class='ocr_par' dir='ltr' id='par_1_37' title="bbox 346 2052 1918 2126">
     <span class='ocr_line' id='line_1_37' title="bbox 346 2052 1918 2126; baseline -0.004 -14"><span class='ocrx_word' id='word_1_271' title='bbox 346 2075 583 2122; x_wconf 85' lang='grc' dir='ltr'><em>σαντας,</em></span> <span class='ocrx_word' id='word_1_272' title='bbox 620 2058 744 2126; x_wconf 72' lang='grc' dir='ltr'>οὐχὶ</span> <span class='ocrx_word' id='word_1_273' title='bbox 795 2054 1135 2117; x_wconf 83' lang='grc' dir='ltr'><em>ἀκούσαντας</em></span> <span class='ocrx_word' id='word_1_274' title='bbox 1173 2053 1357 2123; x_wconf 83' lang='grc' dir='ltr'><em>μόνον,</em></span> <span class='ocrx_word' id='word_1_275' title='bbox 1392 2055 1471 2116; x_wconf 79' lang='grc' dir='ltr'><em>εἰς</em></span> <span class='ocrx_word' id='word_1_276' title='bbox 1498 2052 1597 2124; x_wconf 81' lang='grc' dir='ltr'><em>τὴν</em></span> <span class='ocrx_word' id='word_1_277' title='bbox 1641 2052 1918 2123; x_wconf 83' lang='grc' dir='ltr'><em>βασιλείαν</em></span> 
     </span>
    </p>
   </div>
   <div class='ocr_carea' id='block_1_38' title="bbox 342 2143 1916 2217">
    <p class='ocr_par' dir='ltr' id='par_1_38' title="bbox 342 2143 1916 2217">
     <span class='ocr_line' id='line_1_38' title="bbox 342 2143 1916 2217; baseline -0.006 -14"><span class='ocrx_word' id='word_1_278' title='bbox 342 2149 609 2203; x_wconf 71' lang='grc' dir='ltr'><strong>εἰσελθεῖν</strong></span> <span class='ocrx_word' id='word_1_279' title='bbox 639 2147 747 2199; x_wconf 88' lang='grc' dir='ltr'><strong>τῶν</strong></span> <span class='ocrx_word' id='word_1_280' title='bbox 776 2144 1041 2217; x_wconf 77' lang='grc' dir='ltr'><em>οὐρανῶν.</em></span> <span class='ocrx_word' id='word_1_281' title='bbox 1076 2146 1187 2198; x_wconf 77' lang='grc' dir='ltr'><strong>Καὶ</strong></span> <span class='ocrx_word' id='word_1_282' title='bbox 1228 2143 1411 2207; x_wconf 84' lang='grc' dir='ltr'><em>πάλιν,</em></span> <span class='ocrx_word' id='word_1_283' title='bbox 1464 2144 1647 2213; x_wconf 73' lang='grc' dir='ltr'><em>φησὶν,</em></span> <span class='ocrx_word' id='word_1_284' title='bbox 1676 2145 1916 2213; x_wconf 75' lang='grc' dir='ltr'><em>εἴρηκεν·</em></span> 
     </span>
    </p>
   </div>
   <div class='ocr_carea' id='block_1_39' title="bbox 346 2231 1920 2302">
    <p class='ocr_par' dir='ltr' id='par_1_39' title="bbox 346 2231 1920 2302">
     <span class='ocr_line' id='line_1_39' title="bbox 346 2231 1920 2302; baseline -0.005 -9"><span class='ocrx_word' id='word_1_285' title='bbox 346 2241 412 2293; x_wconf 83' lang='lat' dir='ltr'><strong>Ol</strong></span> <span class='ocrx_word' id='word_1_286' title='bbox 448 2236 697 2292; x_wconf 76' lang='grc' dir='ltr'><em>τελῶναι</em></span> <span class='ocrx_word' id='word_1_287' title='bbox 720 2234 766 2267; x_wconf 80' lang='grc'><strong>⁸⁸</strong></span> <span class='ocrx_word' id='word_1_288' title='bbox 796 2235 895 2289; x_wconf 77' lang='grc' dir='ltr'><em>καὶ</em></span> <span class='ocrx_word' id='word_1_289' title='bbox 923 2239 982 2290; x_wconf 84' lang='lat' dir='ltr'><strong>al</strong></span> <span class='ocrx_word' id='word_1_290' title='bbox 1013 2235 1226 2301; x_wconf 84' lang='grc' dir='ltr'><em>πόρναι</em></span> <span class='ocrx_word' id='word_1_291' title='bbox 1249 2232 1622 2302; x_wconf 76' lang='grc' dir='ltr'><em>προάγουσιν</em></span> <span class='ocrx_word' id='word_1_292' title='bbox 1646 2231 1803 2302; x_wconf 79' lang='grc' dir='ltr'><em>ὑμᾶς</em></span> <span class='ocrx_word' id='word_1_293' title='bbox 1830 2234 1920 2299; x_wconf 87' lang='grc' dir='ltr'><strong>είς</strong></span> 
     </span>
    </p>
   </div>
   <div class='ocr_carea' id='block_1_40' title="bbox 341 2324 1923 2397">
    <p class='ocr_par' dir='ltr' id='par_1_40' title="bbox 341 2324 1923 2397">
     <span class='ocr_line' id='line_1_40' title="bbox 341 2324 1923 2397; baseline -0.004 -14"><span class='ocrx_word' id='word_1_294' title='bbox 341 2329 457 2395; x_wconf 78' lang='grc' dir='ltr'><em>τὴν</em></span> <span class='ocrx_word' id='word_1_295' title='bbox 511 2328 840 2393; x_wconf 78' lang='grc' dir='ltr'><em>βασιλείαν</em></span> <span class='ocrx_word' id='word_1_296' title='bbox 882 2326 1002 2380; x_wconf 86' lang='grc' dir='ltr'><strong>τῶν</strong></span> <span class='ocrx_word' id='word_1_297' title='bbox 1040 2324 1330 2394; x_wconf 83' lang='grc' dir='ltr'><em>οὐρανῶν.</em></span> <span class='ocrx_word' id='word_1_298' title='bbox 1378 2324 1454 2396; x_wconf 84' lang='grc' dir='ltr'><em>[ρ.</em></span> <span class='ocrx_word' id='word_1_299' title='bbox 1487 2324 1789 2397; x_wconf 68' lang='lat'><strong>1122—114]</strong></span> <span class='ocrx_word' id='word_1_300' title='bbox 1823 2324 1923 2377; x_wconf 91' lang='grc' dir='ltr'><strong>Τε-</strong></span> 
     </span>
    </p>
   </div>
   <div class='ocr_carea' id='block_1_41' title="bbox 343 2413 1920 2490">
    <p class='ocr_par' dir='ltr' id='par_1_41' title="bbox 343 2413 1920 2490">
     <span class='ocr_line' id='line_1_41' title="bbox 343 2413 1920 2490; baseline -0.006 -15"><span class='ocrx_word' id='word_1_301' title='bbox 343 2421 516 2475; x_wconf 89' lang='grc' dir='ltr'><em>λῶναι</em></span> <span class='ocrx_word' id='word_1_302' title='bbox 552 2419 695 2490; x_wconf 82' lang='grc' dir='ltr'><em>γὰρ,</em></span> <span class='ocrx_word' id='word_1_303' title='bbox 728 2419 913 2488; x_wconf 72' lang='grc' dir='ltr'><em>φησιν,</em></span> <span class='ocrx_word' id='word_1_304' title='bbox 942 2417 1081 2470; x_wconf 66' lang='grc' dir='ltr'><em>εἰσιν</em></span> <span class='ocrx_word' id='word_1_305' title='bbox 1123 2416 1174 2468; x_wconf 76' lang='grc' dir='ltr'><em>οἱ</em></span> <span class='ocrx_word' id='word_1_306' title='bbox 1209 2416 1277 2468; x_wconf 66' lang='grc' dir='ltr'><em>τὰ</em></span> <span class='ocrx_word' id='word_1_307' title='bbox 1307 2415 1437 2485; x_wconf 87' lang='grc' dir='ltr'><em>τέλη</em></span> <span class='ocrx_word' id='word_1_308' title='bbox 1481 2414 1591 2468; x_wconf 90' lang='grc' dir='ltr'><strong>τῶν</strong></span> <span class='ocrx_word' id='word_1_309' title='bbox 1619 2414 1753 2467; x_wconf 84' lang='grc' dir='ltr'><em>ὅλων</em></span> <span class='ocrx_word' id='word_1_310' title='bbox 1778 2413 1920 2484; x_wconf 85' lang='grc' dir='ltr'><em>λαμ-</em></span> 
     </span>
    </p>
   </div>
   <div class='ocr_carea' id='block_1_42' title="bbox 344 2506 1922 2582">
    <p class='ocr_par' dir='ltr' id='par_1_42' title="bbox 344 2506 1922 2582">
     <span class='ocr_line' id='line_1_42' title="bbox 344 2506 1922 2582; baseline -0.006 -15"><span class='ocrx_word' id='word_1_311' title='bbox 344 2514 620 2577; x_wconf 73' lang='grc' dir='ltr'><em>ϐάνοντες’</em></span> <span class='ocrx_word' id='word_1_312' title='bbox 648 2513 809 2582; x_wconf 82' lang='grc' dir='ltr'><strong>ἡμεῖς</strong></span> <span class='ocrx_word' id='word_1_313' title='bbox 858 2511 867 2580; x_wconf 98' lang='lat'><strong>|</strong></span> <span class='ocrx_word' id='word_1_314' title='bbox 923 2509 1000 2575; x_wconf 86' lang='grc' dir='ltr'><em>δὲ,</em></span> <span class='ocrx_word' id='word_1_315' title='bbox 1030 2508 1215 2578; x_wconf 75' lang='grc' dir='ltr'><em>φησὶν,</em></span> <span class='ocrx_word' id='word_1_316' title='bbox 1258 2507 1424 2576; x_wconf 80' lang='grc' dir='ltr'><em>ἐσμὲν</em></span> <span class='ocrx_word' id='word_1_317' title='bbox 1454 2507 1504 2559; x_wconf 81' lang='grc' dir='ltr'><em>οἱ</em></span> <span class='ocrx_word' id='word_1_318' title='bbox 1534 2506 1765 2560; x_wconf 81' lang='grc' dir='ltr'><em>τελῶναι</em></span> <span class='ocrx_word' id='word_1_319' title='bbox 1792 2546 1807 2570; x_wconf 94' lang='grc'><strong>,</strong></span> <span class='ocrx_word' id='word_1_320' title='bbox 1835 2507 1922 2571; x_wconf 74' lang='grc' dir='ltr'><em>εἰς</em></span> 
     </span>
    </p>
   </div>
   <div class='ocr_carea' id='block_1_43' title="bbox 343 2597 1917 2673">
    <p class='ocr_par' dir='ltr' id='par_1_43' title="bbox 343 2597 1917 2673">
     <span class='ocr_line' id='line_1_43' title="bbox 343 2597 1917 2673; baseline -0.01 -10"><span class='ocrx_word' id='word_1_321' title='bbox 343 2607 454 2673; x_wconf 80' lang='grc' dir='ltr'><em>οὓς</em></span> <span class='ocrx_word' id='word_1_322' title='bbox 476 2607 520 2639; x_wconf 80' lang='grc'><strong>⁸⁸</strong></span> <span class='ocrx_word' id='word_1_323' title='bbox 551 2606 623 2659; x_wconf 87' lang='grc' dir='ltr'><em>τὰ</em></span> <span class='ocrx_word' id='word_1_324' title='bbox 658 2603 799 2671; x_wconf 74' lang='grc' dir='ltr'><em>τέλη</em></span> <span class='ocrx_word' id='word_1_325' title='bbox 830 2601 950 2656; x_wconf 86' lang='grc' dir='ltr'><strong>τῶν</strong></span> <span class='ocrx_word' id='word_1_326' title='bbox 969 2602 1199 2654; x_wconf 73' lang='grc' dir='ltr'><em>αἰώνων</em></span> <span class='ocrx_word' id='word_1_327' title='bbox 1228 2597 1582 2665; x_wconf 80' lang='grc' dir='ltr'><em>κατήντηκε.</em></span> <span class='ocrx_word' id='word_1_328' title='bbox 1612 2597 1751 2667; x_wconf 81' lang='grc' dir='ltr'><em>Τέλη</em></span> <span class='ocrx_word' id='word_1_329' title='bbox 1789 2597 1917 2665; x_wconf 74' lang='grc' dir='ltr'><em>γὰρ,</em></span> 
     </span>
    </p>
   </div>
   <div class='ocr_carea' id='block_1_44' title="bbox 345 2686 1918 2769">
    <p class='ocr_par' dir='ltr' id='par_1_44' title="bbox 345 2686 1918 2769">
     <span class='ocr_line' id='line_1_44' title="bbox 345 2686 1918 2769; baseline -0.007 -19"><span class='ocrx_word' id='word_1_330' title='bbox 345 2698 531 2769; x_wconf 75' lang='grc' dir='ltr'><em>φησὶν,</em></span> <span class='ocrx_word' id='word_1_331' title='bbox 560 2696 667 2748; x_wconf 66' lang='grc' dir='ltr'><strong>εἰσὶ</strong></span> <span class='ocrx_word' id='word_1_332' title='bbox 694 2693 764 2747; x_wconf 80' lang='grc' dir='ltr'><em>τὰ</em></span> <span class='ocrx_word' id='word_1_333' title='bbox 793 2692 902 2747; x_wconf 83' lang='grc' dir='ltr'><strong>ἀπὸ</strong></span> <span class='ocrx_word' id='word_1_334' title='bbox 938 2690 1033 2744; x_wconf 80' lang='grc' dir='ltr'><em>τοῦ</em></span> <span class='ocrx_word' id='word_1_335' title='bbox 1073 2687 1550 2760; x_wconf 81' lang='grc' dir='ltr'><em>ἀχαρακτηρίστου</em></span> <span class='ocrx_word' id='word_1_336' title='bbox 1590 2688 1670 2749; x_wconf 82' lang='grc' dir='ltr'><strong>εἰς</strong></span> <span class='ocrx_word' id='word_1_337' title='bbox 1694 2686 1789 2739; x_wconf 84' lang='grc' dir='ltr'><em>τὸν</em></span> <span class='ocrx_word' id='word_1_338' title='bbox 1824 2688 1918 2739; x_wconf 76' lang='grc' dir='ltr'><em>κό-</em></span> 
     </span>
    </p>
   </div>
   <div class='ocr_carea' id='block_1_45' title="bbox 349 2772 1922 2858">
    <p class='ocr_par' dir='ltr' id='par_1_45' title="bbox 349 2772 1922 2858">
     <span class='ocr_line' id='line_1_45' title="bbox 349 2772 1922 2858; baseline -0.007 -18"><span class='ocrx_word' id='word_1_339' title='bbox 349 2804 487 2858; x_wconf 91' lang='grc' dir='ltr'><em>σμον</em></span> <span class='ocrx_word' id='word_1_340' title='bbox 510 2782 942 2853; x_wconf 86' lang='grc' dir='ltr'><em>κατεσπαρμένα</em></span> <span class='ocrx_word' id='word_1_341' title='bbox 964 2779 1354 2851; x_wconf 79' lang='grc' dir='ltr'><em>σπέρματα,δι’</em></span> <span class='ocrx_word' id='word_1_342' title='bbox 1373 2772 1447 2832; x_wconf 83' lang='grc' dir='ltr'><em>ὧν</em></span> <span class='ocrx_word' id='word_1_343' title='bbox 1468 2780 1496 2831; x_wconf 95' lang='lat'><strong>6</strong></span> <span class='ocrx_word' id='word_1_344' title='bbox 1520 2778 1627 2841; x_wconf 85' lang='grc' dir='ltr'><strong>πᾶς</strong></span> <span class='ocrx_word' id='word_1_345' title='bbox 1650 2778 1922 2830; x_wconf 88' lang='grc' dir='ltr'><em>συντελεί-</em></span> 
     </span>
    </p>
   </div>
   <div class='ocr_carea' id='block_1_46' title="bbox 344 2868 1921 2945">
    <p class='ocr_par' dir='ltr' id='par_1_46' title="bbox 344 2868 1921 2945">
     <span class='ocr_line' id='line_1_46' title="bbox 344 2868 1921 2945; baseline -0.007 -14"><span class='ocrx_word' id='word_1_346' title='bbox 344 2895 439 2931; x_wconf 87' lang='grc' dir='ltr'><strong>ται</strong></span> <span class='ocrx_word' id='word_1_347' title='bbox 458 2876 682 2945; x_wconf 85' lang='grc' dir='ltr'><em>κόσμος·</em></span> <span class='ocrx_word' id='word_1_348' title='bbox 712 2873 799 2927; x_wconf 77' lang='grc' dir='ltr'><em>διὰ</em></span> <span class='ocrx_word' id='word_1_349' title='bbox 827 2872 935 2945; x_wconf 86' lang='grc' dir='ltr'><em>γὰρ</em></span> <span class='ocrx_word' id='word_1_350' title='bbox 959 2871 1139 2925; x_wconf 80' lang='grc' dir='ltr'><em>αὐτῶν</em></span> <span class='ocrx_word' id='word_1_351' title='bbox 1160 2872 1255 2924; x_wconf 67' lang='grc' dir='ltr'><em>καὶ</em></span> <span class='ocrx_word' id='word_1_352' title='bbox 1282 2870 1485 2941; x_wconf 75' lang='grc' dir='ltr'><em>ἧρξατο</em></span> <span class='ocrx_word' id='word_1_353' title='bbox 1518 2868 1789 2936; x_wconf 87' lang='grc' dir='ltr'><em>γενέσθαι.</em></span> <span class='ocrx_word' id='word_1_354' title='bbox 1811 2868 1921 2921; x_wconf 77' lang='grc' dir='ltr'><strong>Καὶ</strong></span> 
     </span>
    </p>
   </div>
   <div class='ocr_carea' id='block_1_47' title="bbox 344 2959 1922 3035">
    <p class='ocr_par' dir='ltr' id='par_1_47' title="bbox 344 2959 1922 3035">
     <span class='ocr_line' id='line_1_47' title="bbox 344 2959 1922 3035; baseline -0.008 -11"><span class='ocrx_word' id='word_1_355' title='bbox 344 2969 505 3024; x_wconf 79' lang='grc' dir='ltr'><em>τοῦτό</em></span> <span class='ocrx_word' id='word_1_356' title='bbox 537 2970 673 3028; x_wconf 77' lang='grc' dir='ltr'><em>ἐστι,</em></span> <span class='ocrx_word' id='word_1_357' title='bbox 703 2966 856 3035; x_wconf 69' lang='grc' dir='ltr'><em>φησι,</em></span> <span class='ocrx_word' id='word_1_358' title='bbox 889 2965 950 3017; x_wconf 76' lang='grc' dir='ltr'><em>τὸ</em></span> <span class='ocrx_word' id='word_1_359' title='bbox 992 2962 1301 3034; x_wconf 72' lang='grc' dir='ltr'><strong>εἰρημένον·</strong></span> <span class='ocrx_word' id='word_1_360' title='bbox 1354 2960 1642 3030; x_wconf 73' lang='grc' dir='ltr'><em>Ἐξῆλθεν</em></span> <span class='ocrx_word' id='word_1_361' title='bbox 1671 2962 1703 3013; x_wconf 90' lang='grc' dir='ltr'><strong>ό</strong></span> <span class='ocrx_word' id='word_1_362' title='bbox 1737 2959 1922 3012; x_wconf 85' lang='grc' dir='ltr'><em>σπεί-</em></span> 
     </span>
    </p>
   </div>
   <div class='ocr_carea' id='block_1_48' title="bbox 337 3046 1924 3129">
    <p class='ocr_par' dir='ltr' id='par_1_48' title="bbox 337 3046 1924 3129">
     <span class='ocr_line' id='line_1_48' title="bbox 337 3046 1924 3129; baseline -0.008 -17"><span class='ocrx_word' id='word_1_363' title='bbox 337 3073 470 3129; x_wconf 85' lang='grc' dir='ltr'><strong>ρων</strong></span> <span class='ocrx_word' id='word_1_364' title='bbox 504 3055 611 3110; x_wconf 84' lang='grc' dir='ltr'><em>τοῦ</em></span> <span class='ocrx_word' id='word_1_365' title='bbox 632 3055 678 3087; x_wconf 88' lang='grc'><strong>’¹⁰</strong></span> <span class='ocrx_word' id='word_1_366' title='bbox 706 3052 980 3121; x_wconf 83' lang='grc' dir='ltr'><strong>σπεῖραι⁹</strong></span> <span class='ocrx_word' id='word_1_367' title='bbox 1010 3051 1110 3105; x_wconf 78' lang='grc' dir='ltr'><em>καὶ</em></span> <span class='ocrx_word' id='word_1_368' title='bbox 1135 3049 1210 3104; x_wconf 81' lang='grc' dir='ltr'><em>τὰ</em></span> <span class='ocrx_word' id='word_1_369' title='bbox 1237 3050 1355 3119; x_wconf 79' lang='grc' dir='ltr'><em>μὲν</em></span> <span class='ocrx_word' id='word_1_370' title='bbox 1387 3049 1571 3103; x_wconf 80' lang='grc' dir='ltr'><em>ἔπεσε</em></span> <span class='ocrx_word' id='word_1_371' title='bbox 1617 3047 1777 3116; x_wconf 86' lang='grc' dir='ltr'><em>παρὰ</em></span> <span class='ocrx_word' id='word_1_372' title='bbox 1810 3046 1924 3115; x_wconf 77' lang='grc' dir='ltr'><em>τὴν</em></span> 
     </span>
    </p>
   </div>
   <div class='ocr_carea' id='block_1_49' title="bbox 345 3137 1921 3212">
    <p class='ocr_par' dir='ltr' id='par_1_49' title="bbox 345 3137 1921 3212">
     <span class='ocr_line' id='line_1_49' title="bbox 345 3137 1921 3212; baseline -0.008 -8"><span class='ocrx_word' id='word_1_373' title='bbox 345 3150 493 3205; x_wconf 87' lang='grc' dir='ltr'><em>όδὸν</em></span> <span class='ocrx_word' id='word_1_374' title='bbox 523 3146 623 3202; x_wconf 79' lang='grc' dir='ltr'><em>καὶ</em></span> <span class='ocrx_word' id='word_1_375' title='bbox 651 3143 1049 3212; x_wconf 79' lang='grc' dir='ltr'><em>κατεπατήθη·</em></span> <span class='ocrx_word' id='word_1_376' title='bbox 1083 3143 1155 3196; x_wconf 86' lang='grc' dir='ltr'><em>τὰ</em></span> <span class='ocrx_word' id='word_1_377' title='bbox 1187 3142 1255 3195; x_wconf 80' lang='grc' dir='ltr'><em>δὲ</em></span> <span class='ocrx_word' id='word_1_378' title='bbox 1279 3141 1377 3195; x_wconf 78' lang='grc' dir='ltr'><strong>ἐπὶ</strong></span> <span class='ocrx_word' id='word_1_379' title='bbox 1417 3140 1489 3194; x_wconf 83' lang='grc' dir='ltr'><em>τὰ</em></span> <span class='ocrx_word' id='word_1_380' title='bbox 1520 3140 1786 3210; x_wconf 80' lang='grc' dir='ltr'><em>πετρώδη</em></span> <span class='ocrx_word' id='word_1_381' title='bbox 1821 3137 1921 3192; x_wconf 79' lang='grc' dir='ltr'><em>καὶ</em></span> 
     </span>
    </p>
   </div>
   <div class='ocr_carea' id='block_1_50' title="bbox 346 3206 1993 3302">
    <p class='ocr_par' dir='ltr' id='par_1_50' title="bbox 346 3206 1993 3302">
     <span class='ocr_line' id='line_1_50' title="bbox 346 3206 1993 3302; baseline -0.013 -11"><span class='ocrx_word' id='word_1_382' title='bbox 346 3233 711 3301; x_wconf 74' lang='grc' dir='ltr'><em>ἐξανέτειλε,</em></span> <span class='ocrx_word' id='word_1_383' title='bbox 739 3224 874 3302; x_wconf 65' lang='grc' dir='ltr'><em>φησι</em></span> <span class='ocrx_word' id='word_1_384' title='bbox 893 3268 908 3295; x_wconf 94' lang='grc'><strong>,</strong></span> <span class='ocrx_word' id='word_1_385' title='bbox 934 3206 1033 3283; x_wconf 60' lang='grc' dir='ltr'><strong>καί</strong></span> <span class='ocrx_word' id='word_1_386' title='bbox 1055 3228 1152 3283; x_wconf 85' lang='grc' dir='ltr'><em>διὰ</em></span> <span class='ocrx_word' id='word_1_387' title='bbox 1183 3227 1250 3281; x_wconf 82' lang='grc' dir='ltr'><em>τὸ</em></span> <span class='ocrx_word' id='word_1_388' title='bbox 1273 3226 1359 3297; x_wconf 83' lang='grc' dir='ltr'><em>μὴ</em></span> <span class='ocrx_word' id='word_1_389' title='bbox 1390 3227 1555 3296; x_wconf 77' lang='grc' dir='ltr'><em>ἔχειν</em></span> <span class='ocrx_word' id='word_1_390' title='bbox 1569 3206 1925 3292; x_wconf 57' lang='grc' dir='ltr'><em>βάθοςέξη-</em></span> <span class='ocrx_word' id='word_1_391' title='bbox 1950 3206 1993 3264; x_wconf 83' lang='lat' dir='ltr'><strong><em>C</em></strong></span> 
     </span>
    </p>
   </div>
   <div class='ocr_carea' id='block_1_51' title="bbox 336 3317 1924 3398">
    <p class='ocr_par' dir='ltr' id='par_1_51' title="bbox 336 3317 1924 3398">
     <span class='ocr_line' id='line_1_51' title="bbox 336 3317 1924 3398; baseline -0.009 -15"><span class='ocrx_word' id='word_1_392' title='bbox 336 3329 534 3398; x_wconf 82' lang='grc' dir='ltr'><em>ράνθη</em></span> <span class='ocrx_word' id='word_1_393' title='bbox 566 3324 665 3379; x_wconf 80' lang='grc' dir='ltr'><em>καὶ</em></span> <span class='ocrx_word' id='word_1_394' title='bbox 698 3322 979 3378; x_wconf 82' lang='grc' dir='ltr'><em>ἀπέθανε’</em></span> <span class='ocrx_word' id='word_1_395' title='bbox 1011 3320 1084 3375; x_wconf 83' lang='grc' dir='ltr'><em>τὰ</em></span> <span class='ocrx_word' id='word_1_396' title='bbox 1126 3319 1194 3373; x_wconf 86' lang='grc' dir='ltr'><em>δὲ</em></span> <span class='ocrx_word' id='word_1_397' title='bbox 1231 3320 1436 3384; x_wconf 71' lang='grc' dir='ltr'><em>ἔπεσε,</em></span> <span class='ocrx_word' id='word_1_398' title='bbox 1469 3317 1652 3388; x_wconf 77' lang='grc' dir='ltr'><em>φησὶν,</em></span> <span class='ocrx_word' id='word_1_399' title='bbox 1683 3317 1781 3370; x_wconf 76' lang='grc' dir='ltr'><strong>ἐπὶ</strong></span> <span class='ocrx_word' id='word_1_400' title='bbox 1808 3319 1924 3385; x_wconf 82' lang='grc' dir='ltr'><em>τὴν</em></span> 
     </span>
    </p>
   </div>
   <div class='ocr_carea' id='block_1_52' title="bbox 339 3407 1923 3493">
    <p class='ocr_par' dir='ltr' id='par_1_52' title="bbox 339 3407 1923 3493">
     <span class='ocr_line' id='line_1_52' title="bbox 339 3407 1923 3493; baseline -0.015 -17"><span class='ocrx_word' id='word_1_401' title='bbox 339 3418 464 3493; x_wconf 61' lang='grc' dir='ltr'><em>γῆν</em></span> <span class='ocrx_word' id='word_1_402' title='bbox 487 3417 602 3485; x_wconf 81' lang='grc' dir='ltr'><em>τὴν</em></span> <span class='ocrx_word' id='word_1_403' title='bbox 634 3413 832 3482; x_wconf 77' lang='grc' dir='ltr'><em>καλὴν</em></span> <span class='ocrx_word' id='word_1_404' title='bbox 854 3412 953 3467; x_wconf 76' lang='grc' dir='ltr'><em>καὶ</em></span> <span class='ocrx_word' id='word_1_405' title='bbox 971 3409 1226 3481; x_wconf 80' lang='grc' dir='ltr'><em>ἀγαθὴν,</em></span> <span class='ocrx_word' id='word_1_406' title='bbox 1252 3411 1351 3464; x_wconf 72' lang='grc' dir='ltr'><em>καὶ</em></span> <span class='ocrx_word' id='word_1_407' title='bbox 1380 3409 1569 3463; x_wconf 81' lang='grc' dir='ltr'><em>ἐποίει</em></span> <span class='ocrx_word' id='word_1_408' title='bbox 1598 3407 1852 3477; x_wconf 83' lang='grc' dir='ltr'><em>καρπὸν,</em></span> <span class='ocrx_word' id='word_1_409' title='bbox 1889 3410 1923 3461; x_wconf 79' lang='grc' dir='ltr'><strong><em>ό</em></strong></span> 
     </span>
    </p>
   </div>
   <div class='ocr_carea' id='block_1_53' title="bbox 334 3499 1922 3583">
    <p class='ocr_par' dir='ltr' id='par_1_53' title="bbox 334 3499 1922 3583">
     <span class='ocr_line' id='line_1_53' title="bbox 334 3499 1922 3583; baseline -0.009 -18"><span class='ocrx_word' id='word_1_410' title='bbox 334 3510 463 3583; x_wconf 77' lang='grc' dir='ltr'><em>μὲν</em></span> <span class='ocrx_word' id='word_1_411' title='bbox 489 3508 725 3570; x_wconf 78' lang='grc' dir='ltr'><em>ἑκατὸν,</em></span> <span class='ocrx_word' id='word_1_412' title='bbox 765 3507 798 3559; x_wconf 87' lang='grc' dir='ltr'><strong>ό</strong></span> <span class='ocrx_word' id='word_1_413' title='bbox 837 3502 906 3557; x_wconf 75' lang='grc' dir='ltr'><em>δὲ</em></span> <span class='ocrx_word' id='word_1_414' title='bbox 947 3503 1284 3571; x_wconf 81' lang='grc' dir='ltr'><em>ἐξήκοντα,</em></span> <span class='ocrx_word' id='word_1_415' title='bbox 1321 3505 1354 3556; x_wconf 83' lang='grc' dir='ltr'><strong>ό</strong></span> <span class='ocrx_word' id='word_1_416' title='bbox 1391 3500 1459 3554; x_wconf 87' lang='grc' dir='ltr'><em>δὲ</em></span> <span class='ocrx_word' id='word_1_417' title='bbox 1484 3499 1819 3569; x_wconf 84' lang='grc' dir='ltr'><em>τριάκοντα.</em></span> <span class='ocrx_word' id='word_1_418' title='bbox 1859 3499 1922 3551; x_wconf 87' lang='lat'><strong>&#39;0</strong></span> 
     </span>
    </p>
   </div>
   <div class='ocr_carea' id='block_1_54' title="bbox 340 3590 1920 3672">
    <p class='ocr_par' dir='ltr' id='par_1_54' title="bbox 340 3590 1920 3672">
     <span class='ocr_line' id='line_1_54' title="bbox 340 3590 1920 3672; baseline -0.008 -17"><span class='ocrx_word' id='word_1_419' title='bbox 340 3601 527 3672; x_wconf 72' lang='grc' dir='ltr'><em>ἔχων,</em></span> <span class='ocrx_word' id='word_1_420' title='bbox 581 3599 766 3669; x_wconf 71' lang='grc' dir='ltr'><em>φησιν,</em></span> <span class='ocrx_word' id='word_1_421' title='bbox 823 3591 944 3651; x_wconf 83' lang='grc' dir='ltr'><em>ὦτα</em></span> <span class='ocrx_word' id='word_1_422' title='bbox 994 3595 1240 3649; x_wconf 84' lang='grc' dir='ltr'><em>ἀκούειν</em></span> <span class='ocrx_word' id='word_1_423' title='bbox 1295 3591 1578 3647; x_wconf 81' lang='grc' dir='ltr'><em>ἀκουέτω.</em></span> <span class='ocrx_word' id='word_1_424' title='bbox 1631 3590 1920 3655; x_wconf 87' lang='grc' dir='ltr'><em>Τουτέστι,</em></span> 
     </span>
    </p>
   </div>
   <div class='ocr_carea' id='block_1_55' title="bbox 336 3679 1921 3766">
    <p class='ocr_par' dir='ltr' id='par_1_55' title="bbox 336 3679 1921 3766">
     <span class='ocr_line' id='line_1_55' title="bbox 336 3679 1921 3766; baseline -0.01 -18"><span class='ocrx_word' id='word_1_425' title='bbox 336 3694 538 3766; x_wconf 66' lang='grc' dir='ltr'><em>φησιν,</em></span> <span class='ocrx_word' id='word_1_426' title='bbox 577 3691 752 3754; x_wconf 70' lang='grc' dir='ltr'><em>οὐδεὶς</em></span> <span class='ocrx_word' id='word_1_427' title='bbox 786 3688 990 3742; x_wconf 78' lang='grc' dir='ltr'><em>τούτων</em></span> <span class='ocrx_word' id='word_1_428' title='bbox 1011 3685 1119 3740; x_wconf 90' lang='grc' dir='ltr'><strong>τῶν</strong></span> <span class='ocrx_word' id='word_1_429' title='bbox 1160 3683 1472 3754; x_wconf 81' lang='grc' dir='ltr'><em>μυστηρίων</em></span> <span class='ocrx_word' id='word_1_430' title='bbox 1515 3681 1790 3753; x_wconf 83' lang='grc' dir='ltr'><em>ἀκροατὴς</em></span> <span class='ocrx_word' id='word_1_431' title='bbox 1822 3679 1921 3748; x_wconf 83' lang='grc' dir='ltr'><em>γέ-</em></span> 
     </span>
    </p>
   </div>
   <div class='ocr_carea' id='block_1_56' title="bbox 340 3771 1924 3858">
    <p class='ocr_par' dir='ltr' id='par_1_56' title="bbox 340 3771 1924 3858">
     <span class='ocr_line' id='line_1_56' title="bbox 340 3771 1924 3858; baseline -0.014 -17"><span class='ocrx_word' id='word_1_432' title='bbox 340 3801 507 3858; x_wconf 69' lang='grc' dir='ltr'><em>γονεν</em></span> <span class='ocrx_word' id='word_1_433' title='bbox 536 3785 587 3837; x_wconf 84' lang='grc' dir='ltr'><strong>εί</strong></span> <span class='ocrx_word' id='word_1_434' title='bbox 617 3782 691 3854; x_wconf 79' lang='grc' dir='ltr'><em>μὴ</em></span> <span class='ocrx_word' id='word_1_435' title='bbox 725 3780 879 3852; x_wconf 80' lang='grc' dir='ltr'><em>μόνοι</em></span> <span class='ocrx_word' id='word_1_436' title='bbox 909 3780 957 3831; x_wconf 83' lang='lat' dir='ltr'><strong>oi</strong></span> <span class='ocrx_word' id='word_1_437' title='bbox 979 3778 1024 3810; x_wconf 72' lang='grc' dir='ltr'><em>τί</em></span> <span class='ocrx_word' id='word_1_438' title='bbox 1048 3774 1340 3844; x_wconf 81' lang='grc' dir='ltr'><em>γνωστικοὶ</em></span> <span class='ocrx_word' id='word_1_439' title='bbox 1375 3773 1591 3826; x_wconf 83' lang='grc' dir='ltr'><em>τέλειοι.</em></span> <span class='ocrx_word' id='word_1_440' title='bbox 1614 3771 1786 3842; x_wconf 76' lang='grc' dir='ltr'><em>Αὕτη,</em></span> <span class='ocrx_word' id='word_1_441' title='bbox 1822 3788 1924 3839; x_wconf 79' lang='grc' dir='ltr'><strong>φη-</strong></span> 
     </span>
    </p>
   </div>
   <div class='ocr_carea' id='block_1_57' title="bbox 345 3863 1918 3944">
    <p class='ocr_par' dir='ltr' id='par_1_57' title="bbox 345 3863 1918 3944">
     <span class='ocr_line' id='line_1_57' title="bbox 345 3863 1918 3944; baseline -0.011 -12"><span class='ocrx_word' id='word_1_442' title='bbox 345 3879 461 3944; x_wconf 74' lang='grc' dir='ltr'><em>σὶν,</em></span> <span class='ocrx_word' id='word_1_443' title='bbox 490 3877 637 3931; x_wconf 60' lang='grc' dir='ltr'><em>ἔστιν</em></span> <span class='ocrx_word' id='word_1_444' title='bbox 661 3876 695 3944; x_wconf 82' lang='grc' dir='ltr'>ὴ</span> <span class='ocrx_word' id='word_1_445' title='bbox 718 3873 792 3942; x_wconf 84' lang='grc' dir='ltr'><strong>γῆ</strong></span> <span class='ocrx_word' id='word_1_446' title='bbox 813 3873 847 3941; x_wconf 80' lang='grc' dir='ltr'><strong>ἡ</strong></span> <span class='ocrx_word' id='word_1_447' title='bbox 871 3870 1011 3938; x_wconf 81' lang='grc' dir='ltr'><em>καλὴ</em></span> <span class='ocrx_word' id='word_1_448' title='bbox 1037 3868 1131 3921; x_wconf 77' lang='grc' dir='ltr'><strong>καὶ</strong></span> <span class='ocrx_word' id='word_1_449' title='bbox 1155 3865 1356 3937; x_wconf 81' lang='grc' dir='ltr'><em>ἀγαθὴ,</em></span> <span class='ocrx_word' id='word_1_450' title='bbox 1388 3866 1455 3936; x_wconf 74' lang='grc' dir='ltr'><em>ἣν</em></span> <span class='ocrx_word' id='word_1_451' title='bbox 1481 3864 1629 3932; x_wconf 78' lang='grc' dir='ltr'><em>λέγει</em></span> <span class='ocrx_word' id='word_1_452' title='bbox 1659 3863 1918 3931; x_wconf 78' lang='grc' dir='ltr'><strong>Μωῦσῆς’</strong></span> 
     </span>
    </p>
   </div>
   <div class='ocr_carea' id='block_1_58' title="bbox 340 3953 1925 4032">
    <p class='ocr_par' dir='ltr' id='par_1_58' title="bbox 340 3953 1925 4032">
     <span class='ocr_line' id='line_1_58' title="bbox 340 3953 1925 4032; baseline -0.011 -10"><span class='ocrx_word' id='word_1_453' title='bbox 340 3966 657 4030; x_wconf 74' lang='grc' dir='ltr'><strong>Εισὰξω⁷¹</strong></span> <span class='ocrx_word' id='word_1_454' title='bbox 692 3961 849 4032; x_wconf 79' lang='grc' dir='ltr'><em>ὑμᾶς</em></span> <span class='ocrx_word' id='word_1_455' title='bbox 872 3961 958 4026; x_wconf 80' lang='grc' dir='ltr'><strong>είς</strong></span> <span class='ocrx_word' id='word_1_456' title='bbox 994 3959 1112 4028; x_wconf 79' lang='grc' dir='ltr'><em>γῆν</em></span> <span class='ocrx_word' id='word_1_457' title='bbox 1157 3955 1355 4024; x_wconf 78' lang='grc' dir='ltr'><em>καλὴν</em></span> <span class='ocrx_word' id='word_1_458' title='bbox 1392 3955 1491 4008; x_wconf 78' lang='grc' dir='ltr'><em>καὶ</em></span> <span class='ocrx_word' id='word_1_459' title='bbox 1540 3953 1791 4023; x_wconf 78' lang='grc' dir='ltr'><em>ἀγαθὴν,</em></span> <span class='ocrx_word' id='word_1_460' title='bbox 1838 3956 1925 4018; x_wconf 77' lang='grc' dir='ltr'><strong>είς</strong></span> 
     </span>
    </p>
   </div>
   <div class='ocr_carea' id='block_1_59' title="bbox 343 4043 1925 4129">
    <p class='ocr_par' dir='ltr' id='par_1_59' title="bbox 343 4043 1925 4129">
     <span class='ocr_line' id='line_1_59' title="bbox 343 4043 1925 4129; baseline -0.01 -18"><span class='ocrx_word' id='word_1_461' title='bbox 343 4057 470 4129; x_wconf 67' lang='grc' dir='ltr'><strong>γῆν</strong></span> <span class='ocrx_word' id='word_1_462' title='bbox 489 4055 760 4124; x_wconf 75' lang='grc' dir='ltr'><em>ῥέουσαν</em></span> <span class='ocrx_word' id='word_1_463' title='bbox 785 4050 944 4121; x_wconf 73' lang='grc' dir='ltr'><em>τάλα</em></span> <span class='ocrx_word' id='word_1_464' title='bbox 963 4049 1062 4103; x_wconf 77' lang='grc' dir='ltr'><em>καὶ</em></span> <span class='ocrx_word' id='word_1_465' title='bbox 1076 4049 1236 4118; x_wconf 78' lang='grc' dir='ltr'><em>μέλι.</em></span> <span class='ocrx_word' id='word_1_466' title='bbox 1269 4046 1440 4100; x_wconf 82' lang='grc' dir='ltr'><em>Τοῦτο</em></span> <span class='ocrx_word' id='word_1_467' title='bbox 1463 4086 1476 4112; x_wconf 91' lang='grc'><strong>,</strong></span> <span class='ocrx_word' id='word_1_468' title='bbox 1506 4045 1690 4116; x_wconf 74' lang='grc' dir='ltr'><em>φησὶν,</em></span> <span class='ocrx_word' id='word_1_469' title='bbox 1724 4045 1838 4098; x_wconf 70' lang='grc' dir='ltr'><em>ἐστὶ</em></span> <span class='ocrx_word' id='word_1_470' title='bbox 1864 4043 1925 4096; x_wconf 76' lang='grc' dir='ltr'><em>τὸ</em></span> 
     </span>
    </p>
   </div>
   <div class='ocr_carea' id='block_1_60' title="bbox 338 4133 1927 4220">
    <p class='ocr_par' dir='ltr' id='par_1_60' title="bbox 338 4133 1927 4220">
     <span class='ocr_line' id='line_1_60' title="bbox 338 4133 1927 4220; baseline -0.009 -19"><span class='ocrx_word' id='word_1_471' title='bbox 338 4148 477 4220; x_wconf 82' lang='grc' dir='ltr'><em>μέλι</em></span> <span class='ocrx_word' id='word_1_472' title='bbox 514 4146 607 4200; x_wconf 74' lang='grc' dir='ltr'><em>καὶ</em></span> <span class='ocrx_word' id='word_1_473' title='bbox 632 4145 694 4198; x_wconf 78' lang='grc' dir='ltr'><em>τὸ</em></span> <span class='ocrx_word' id='word_1_474' title='bbox 713 4143 875 4212; x_wconf 84' lang='grc' dir='ltr'><em>γάλα,</em></span> <span class='ocrx_word' id='word_1_475' title='bbox 906 4134 965 4195; x_wconf 73' lang='grc' dir='ltr'><em>οὗ</em></span> <span class='ocrx_word' id='word_1_476' title='bbox 995 4138 1362 4209; x_wconf 81' lang='grc' dir='ltr'><em>γευσαμένους</em></span> <span class='ocrx_word' id='word_1_477' title='bbox 1386 4136 1511 4199; x_wconf 81' lang='grc' dir='ltr'><em>τοὺς</em></span> <span class='ocrx_word' id='word_1_478' title='bbox 1536 4134 1773 4203; x_wconf 75' lang='grc' dir='ltr'><em>τελείους</em></span> <span class='ocrx_word' id='word_1_479' title='bbox 1795 4133 1927 4187; x_wconf 78' lang='grc' dir='ltr'><strong>ἀϐα-</strong></span> 
     </span>
    </p>
   </div>
   <div class='ocr_carea' id='block_1_61' title="bbox 342 4223 1920 4304">
    <p class='ocr_par' dir='ltr' id='par_1_61' title="bbox 342 4223 1920 4304">
     <span class='ocr_line' id='line_1_61' title="bbox 342 4223 1920 4304; baseline -0.01 -12"><span class='ocrx_word' id='word_1_480' title='bbox 342 4238 627 4299; x_wconf 81' lang='grc' dir='ltr'><em>σιλεύτους</em></span> <span class='ocrx_word' id='word_1_481' title='bbox 660 4232 912 4304; x_wconf 82' lang='grc' dir='ltr'><em>γενέσθαι</em></span> <span class='ocrx_word' id='word_1_482' title='bbox 942 4233 1036 4285; x_wconf 80' lang='grc' dir='ltr'><em>καὶ</em></span> <span class='ocrx_word' id='word_1_483' title='bbox 1072 4231 1360 4301; x_wconf 85' lang='grc' dir='ltr'><em>μετασχεῖν</em></span> <span class='ocrx_word' id='word_1_484' title='bbox 1407 4225 1501 4279; x_wconf 77' lang='grc' dir='ltr'><em>τοῦ</em></span> <span class='ocrx_word' id='word_1_485' title='bbox 1536 4223 1920 4295; x_wconf 77' lang='grc' dir='ltr'><em>πληρώματος.</em></span> 
     </span>
    </p>
   </div>
   <div class='ocr_carea' id='block_1_62' title="bbox 334 4312 1925 4397">
    <p class='ocr_par' dir='ltr' id='par_1_62' title="bbox 334 4312 1925 4397">
     <span class='ocr_line' id='line_1_62' title="bbox 334 4312 1925 4397; baseline -0.011 -12"><span class='ocrx_word' id='word_1_486' title='bbox 334 4329 540 4393; x_wconf 76' lang='grc' dir='ltr'><em>Τοῦτο,</em></span> <span class='ocrx_word' id='word_1_487' title='bbox 580 4329 764 4397; x_wconf 72' lang='grc' dir='ltr'><em>φησιν,</em></span> <span class='ocrx_word' id='word_1_488' title='bbox 807 4324 927 4377; x_wconf 72' lang='grc' dir='ltr'><em>ἐστὶ</em></span> <span class='ocrx_word' id='word_1_489' title='bbox 951 4324 1012 4376; x_wconf 80' lang='grc' dir='ltr'><em>τὸ</em></span> <span class='ocrx_word' id='word_1_490' title='bbox 1051 4322 1348 4393; x_wconf 83' lang='grc' dir='ltr'><em>πλήρωμα,</em></span> <span class='ocrx_word' id='word_1_491' title='bbox 1381 4319 1447 4372; x_wconf 86' lang='grc' dir='ltr'><em>δι’</em></span> <span class='ocrx_word' id='word_1_492' title='bbox 1477 4312 1538 4372; x_wconf 75' lang='grc' dir='ltr'><em>οὗ</em></span> <span class='ocrx_word' id='word_1_493' title='bbox 1574 4318 1752 4371; x_wconf 81' lang='grc' dir='ltr'><em>πάντα</em></span> <span class='ocrx_word' id='word_1_494' title='bbox 1781 4315 1925 4385; x_wconf 80' lang='grc' dir='ltr'><em>γινὸ-</em></span> 
     </span>
    </p>
   </div>
   <div class='ocr_carea' id='block_1_63' title="bbox 334 4398 1927 4493">
    <p class='ocr_par' dir='ltr' id='par_1_63' title="bbox 334 4398 1927 4493">
     <span class='ocr_line' id='line_1_63' title="bbox 334 4398 1927 4493; baseline -0.011 -17"><span class='ocrx_word' id='word_1_495' title='bbox 334 4437 488 4493; x_wconf 82' lang='grc' dir='ltr'><em>μενα</em></span> <span class='ocrx_word' id='word_1_496' title='bbox 528 4398 764 4489; x_wconf 82' lang='grc' dir='ltr'><em>γεννητᾶ</em></span> <span class='ocrx_word' id='word_1_497' title='bbox 789 4415 834 4447; x_wconf 82' lang='grc'>⁷³</span> <span class='ocrx_word' id='word_1_498' title='bbox 863 4414 988 4468; x_wconf 69' lang='grc' dir='ltr'><strong>⁴ἀπὸ</strong></span> <span class='ocrx_word' id='word_1_499' title='bbox 1033 4412 1127 4467; x_wconf 81' lang='grc' dir='ltr'><em>τοῦ</em></span> <span class='ocrx_word' id='word_1_500' title='bbox 1163 4411 1460 4482; x_wconf 84' lang='grc' dir='ltr'><em>ἀγεννήτου</em></span> <span class='ocrx_word' id='word_1_501' title='bbox 1508 4408 1700 4477; x_wconf 87' lang='grc' dir='ltr'><em>γέγονέ</em></span> <span class='ocrx_word' id='word_1_502' title='bbox 1734 4424 1793 4461; x_wconf 90' lang='grc' dir='ltr'><strong>τε</strong></span> <span class='ocrx_word' id='word_1_503' title='bbox 1833 4407 1927 4460; x_wconf 74' lang='grc' dir='ltr'><em>καὶ</em></span> 
     </span>
    </p>
   </div>
   <div class='ocr_carea' id='block_1_64' title="bbox 333 4497 1926 4581">
    <p class='ocr_par' dir='ltr' id='par_1_64' title="bbox 333 4497 1926 4581">
     <span class='ocr_line' id='line_1_64' title="bbox 333 4497 1926 4581; baseline -0.011 -13"><span class='ocrx_word' id='word_1_504' title='bbox 333 4511 723 4581; x_wconf 84' lang='grc' dir='ltr'><em>πεπλήρωται.</em></span> <span class='ocrx_word' id='word_1_505' title='bbox 767 4508 827 4561; x_wconf 86' lang='lat' dir='ltr'><strong>&#39;O</strong></span> <span class='ocrx_word' id='word_1_506' title='bbox 865 4506 923 4559; x_wconf 80' lang='grc' dir='ltr'><em>δὲ</em></span> <span class='ocrx_word' id='word_1_507' title='bbox 949 4504 1113 4567; x_wconf 82' lang='grc' dir='ltr'><em>αὐτὸς</em></span> <span class='ocrx_word' id='word_1_508' title='bbox 1153 4498 1306 4564; x_wconf 76' lang='grc' dir='ltr'><em>οὗτος</em></span> <span class='ocrx_word' id='word_1_509' title='bbox 1348 4501 1454 4554; x_wconf 79' lang='grc' dir='ltr'><strong>ὑπὸ</strong></span> <span class='ocrx_word' id='word_1_510' title='bbox 1480 4499 1523 4532; x_wconf 69' lang='grc'><strong>⁷⁸</strong></span> <span class='ocrx_word' id='word_1_511' title='bbox 1551 4499 1659 4554; x_wconf 83' lang='grc' dir='ltr'><strong>τῶν</strong></span> <span class='ocrx_word' id='word_1_512' title='bbox 1701 4497 1926 4570; x_wconf 81' lang='grc' dir='ltr'><em>Φρυγῶν</em></span> 
     </span>
    </p>
   </div>
   <div class='ocr_carea' id='block_1_65' title="bbox 2022 1968 3589 2038">
    <p class='ocr_par' dir='ltr' id='par_1_65' title="bbox 2022 1968 3589 2038">
     <span class='ocr_line' id='line_1_65' title="bbox 2022 1968 3589 2038; baseline 0.003 -16"><span class='ocrx_word' id='word_1_513' title='bbox 2022 1970 2341 2032; x_wconf 85' lang='lat' dir='ltr'><strong>ceciderunt,</strong></span> <span class='ocrx_word' id='word_1_514' title='bbox 2381 1968 2576 2037; x_wconf 87' lang='lat' dir='ltr'><strong>inquit,</strong></span> <span class='ocrx_word' id='word_1_515' title='bbox 2611 1968 2666 2022; x_wconf 88' lang='lat' dir='ltr'><strong>in</strong></span> <span class='ocrx_word' id='word_1_516' title='bbox 2697 1978 2889 2022; x_wconf 88' lang='lat' dir='ltr'><strong>terram</strong></span> <span class='ocrx_word' id='word_1_517' title='bbox 2928 1970 3203 2038; x_wconf 84' lang='lat' dir='ltr'><strong>pulchram</strong></span> <span class='ocrx_word' id='word_1_518' title='bbox 3230 1980 3277 2023; x_wconf 91' lang='lat' dir='ltr'><strong><em>et</em></strong></span> <span class='ocrx_word' id='word_1_519' title='bbox 3323 1969 3514 2024; x_wconf 90' lang='lat' dir='ltr'><strong>bonam</strong></span> <span class='ocrx_word' id='word_1_520' title='bbox 3542 1983 3589 2026; x_wconf 87' lang='lat' dir='ltr'><strong>et</strong></span> 
     </span>
    </p>
   </div>
   <div class='ocr_carea' id='block_1_66' title="bbox 2021 2057 3593 2130">
    <p class='ocr_par' dir='ltr' id='par_1_66' title="bbox 2021 2057 3593 2130">
     <span class='ocr_line' id='line_1_66' title="bbox 2021 2057 3593 2130; baseline 0.002 -18"><span class='ocrx_word' id='word_1_521' title='bbox 2021 2059 2280 2128; x_wconf 78' lang='lat' dir='ltr'><strong>faciebant</strong></span> <span class='ocrx_word' id='word_1_522' title='bbox 2322 2057 2576 2126; x_wconf 86' lang='lat' dir='ltr'><strong>fructum,</strong></span> <span class='ocrx_word' id='word_1_523' title='bbox 2609 2057 2757 2110; x_wconf 82' lang='lat' dir='ltr'><strong>aliud</strong></span> <span class='ocrx_word' id='word_1_524' title='bbox 2791 2059 3150 2121; x_wconf 85' lang='lat' dir='ltr'><strong>centesimum,</strong></span> <span class='ocrx_word' id='word_1_525' title='bbox 3191 2059 3342 2113; x_wconf 80' lang='lat' dir='ltr'><strong>aliud</strong></span> <span class='ocrx_word' id='word_1_526' title='bbox 3374 2077 3593 2130; x_wconf 74' lang='lat' dir='ltr'><strong>sexage-</strong></span> 
     </span>
    </p>
   </div>
   <div class='ocr_carea' id='block_1_67' title="bbox 2021 2151 3592 2217">
    <p class='ocr_par' dir='ltr' id='par_1_67' title="bbox 2021 2151 3592 2217">
     <span class='ocr_line' id='line_1_67' title="bbox 2021 2151 3592 2217; baseline 0.001 -11"><span class='ocrx_word' id='word_1_527' title='bbox 2021 2152 2233 2217; x_wconf 80' lang='lat' dir='ltr'><strong>simum,</strong></span> <span class='ocrx_word' id='word_1_528' title='bbox 2258 2151 2405 2204; x_wconf 84' lang='lat' dir='ltr'><strong>aliud</strong></span> <span class='ocrx_word' id='word_1_529' title='bbox 2447 2151 2783 2206; x_wconf 79' lang='lat' dir='ltr'><strong>tricesimum.</strong></span> <span class='ocrx_word' id='word_1_530' title='bbox 2827 2152 2929 2215; x_wconf 79' lang='lat' dir='ltr'><strong>Qui</strong></span> <span class='ocrx_word' id='word_1_531' title='bbox 2963 2153 3117 2206; x_wconf 77' lang='lat' dir='ltr'><strong>liabet</strong></span> <span class='ocrx_word' id='word_1_532' title='bbox 3144 2169 3298 2208; x_wconf 82' lang='lat' dir='ltr'><strong>aures</strong></span> <span class='ocrx_word' id='word_1_533' title='bbox 3344 2156 3592 2210; x_wconf 84' lang='lat' dir='ltr'><strong>audiendi</strong></span> 
     </span>
    </p>
   </div>
   <div class='ocr_carea' id='block_1_68' title="bbox 2021 2241 3591 2313">
    <p class='ocr_par' dir='ltr' id='par_1_68' title="bbox 2021 2241 3591 2313">
     <span class='ocr_line' id='line_1_68' title="bbox 2021 2241 3591 2313; baseline 0.002 -18"><span class='ocrx_word' id='word_1_534' title='bbox 2021 2242 2224 2295; x_wconf 83' lang='lat' dir='ltr'><strong>audiat.</strong></span> <span class='ocrx_word' id='word_1_535' title='bbox 2261 2241 2372 2295; x_wconf 89' lang='lat' dir='ltr'><strong>Hoc</strong></span> <span class='ocrx_word' id='word_1_536' title='bbox 2398 2249 2500 2306; x_wconf 91' lang='lat' dir='ltr'><strong>est,</strong></span> <span class='ocrx_word' id='word_1_537' title='bbox 2535 2242 2729 2311; x_wconf 86' lang='lat' dir='ltr'><strong>inquit,</strong></span> <span class='ocrx_word' id='word_1_538' title='bbox 2777 2256 2935 2296; x_wconf 90' lang='lat' dir='ltr'><strong>nemo</strong></span> <span class='ocrx_word' id='word_1_539' title='bbox 2970 2242 3161 2298; x_wconf 90' lang='lat' dir='ltr'><strong>horum</strong></span> <span class='ocrx_word' id='word_1_540' title='bbox 3210 2247 3591 2313; x_wconf 85' lang='lat' dir='ltr'><strong>mysteriorum</strong></span> 
     </span>
    </p>
   </div>
   <div class='ocr_carea' id='block_1_69' title="bbox 2023 2332 3643 2403">
    <p class='ocr_par' dir='ltr' id='par_1_69' title="bbox 2023 2332 3643 2403">
     <span class='ocr_line' id='line_1_69' title="bbox 2023 2332 3643 2403; baseline 0.001 -17"><span class='ocrx_word' id='word_1_541' title='bbox 2023 2335 2245 2387; x_wconf 77' lang='lat' dir='ltr'><strong>auditor</strong></span> <span class='ocrx_word' id='word_1_542' title='bbox 2276 2333 2449 2388; x_wconf 80' lang='lat' dir='ltr'><strong>lactus</strong></span> <span class='ocrx_word' id='word_1_543' title='bbox 2492 2340 2598 2397; x_wconf 86' lang='lat' dir='ltr'><strong>est,</strong></span> <span class='ocrx_word' id='word_1_544' title='bbox 2635 2333 2736 2387; x_wconf 90' lang='lat' dir='ltr'><strong>nisi</strong></span> <span class='ocrx_word' id='word_1_545' title='bbox 2765 2332 2860 2387; x_wconf 90' lang='lat' dir='ltr'><strong>soli</strong></span> <span class='ocrx_word' id='word_1_546' title='bbox 2893 2334 3116 2401; x_wconf 81' lang='lat' dir='ltr'><strong>perfecti</strong></span> <span class='ocrx_word' id='word_1_547' title='bbox 3145 2335 3399 2403; x_wconf 84' lang='lat' dir='ltr'><strong>gnostici.</strong></span> <span class='ocrx_word' id='word_1_548' title='bbox 3444 2335 3591 2398; x_wconf 68' lang='grc' dir='ltr'><em>Ηως,</em></span> <span class='ocrx_word' id='word_1_549' title='bbox 3639 2397 3643 2402; x_wconf 91' lang='lat'><strong>_</strong></span> 
     </span>
    </p>
   </div>
   <div class='ocr_carea' id='block_1_70' title="bbox 2026 2421 3589 2493">
    <p class='ocr_par' dir='ltr' id='par_1_70' title="bbox 2026 2421 3589 2493">
     <span class='ocr_line' id='line_1_70' title="bbox 2026 2421 3589 2493; baseline 0.001 -17"><span class='ocrx_word' id='word_1_550' title='bbox 2026 2424 2219 2493; x_wconf 87' lang='lat' dir='ltr'><strong>inquit,</strong></span> <span class='ocrx_word' id='word_1_551' title='bbox 2252 2432 2331 2477; x_wconf 89' lang='lat' dir='ltr'><strong>est</strong></span> <span class='ocrx_word' id='word_1_552' title='bbox 2354 2432 2499 2477; x_wconf 88' lang='lat' dir='ltr'><strong>terra</strong></span> <span class='ocrx_word' id='word_1_553' title='bbox 2526 2421 2747 2491; x_wconf 88' lang='lat' dir='ltr'><strong>pulchra</strong></span> <span class='ocrx_word' id='word_1_554' title='bbox 2772 2431 2822 2476; x_wconf 86' lang='lat' dir='ltr'><strong>et</strong></span> <span class='ocrx_word' id='word_1_555' title='bbox 2854 2424 3013 2488; x_wconf 85' lang='lat' dir='ltr'><strong>bona,</strong></span> <span class='ocrx_word' id='word_1_556' title='bbox 3034 2438 3191 2492; x_wconf 86' lang='lat' dir='ltr'><strong>quam</strong></span> <span class='ocrx_word' id='word_1_557' title='bbox 3218 2425 3348 2477; x_wconf 87' lang='lat' dir='ltr'><strong>dicit</strong></span> <span class='ocrx_word' id='word_1_558' title='bbox 3376 2423 3551 2478; x_wconf 75' lang='lat' dir='ltr'><strong>Moses</strong></span> <span class='ocrx_word' id='word_1_559' title='bbox 3576 2443 3589 2478; x_wconf 89' lang='lat'><strong>:</strong></span> 
     </span>
    </p>
   </div>
   <div class='ocr_carea' id='block_1_71' title="bbox 2026 2509 3593 2578">
    <p class='ocr_par' dir='ltr' id='par_1_71' title="bbox 2026 2509 3593 2578">
     <span class='ocr_line' id='line_1_71' title="bbox 2026 2509 3593 2578; baseline -0.003 -11"><span class='ocrx_word' id='word_1_560' title='bbox 2026 2512 2285 2567; x_wconf 86' lang='lat' dir='ltr'><strong>Inducam</strong></span> <span class='ocrx_word' id='word_1_561' title='bbox 2315 2529 2400 2566; x_wconf 83' lang='lat' dir='ltr'><strong>vos</strong></span> <span class='ocrx_word' id='word_1_562' title='bbox 2441 2512 2496 2564; x_wconf 90' lang='lat' dir='ltr'><strong>in</strong></span> <span class='ocrx_word' id='word_1_563' title='bbox 2528 2521 2721 2564; x_wconf 90' lang='lat' dir='ltr'><strong>terram</strong></span> <span class='ocrx_word' id='word_1_564' title='bbox 2751 2510 3026 2578; x_wconf 81' lang='lat' dir='ltr'><strong>pulchram</strong></span> <span class='ocrx_word' id='word_1_565' title='bbox 3068 2519 3117 2563; x_wconf 87' lang='lat' dir='ltr'><strong>et</strong></span> <span class='ocrx_word' id='word_1_566' title='bbox 3153 2509 3365 2576; x_wconf 89' lang='lat' dir='ltr'><strong>bonam,</strong></span> <span class='ocrx_word' id='word_1_567' title='bbox 3404 2513 3459 2564; x_wconf 88' lang='lat' dir='ltr'><strong>in</strong></span> <span class='ocrx_word' id='word_1_568' title='bbox 3488 2522 3593 2564; x_wconf 90' lang='lat' dir='ltr'><strong>ter-</strong></span> 
     </span>
    </p>
   </div>
   <div class='ocr_carea' id='block_1_72' title="bbox 2026 2601 3597 2673">
    <p class='ocr_par' dir='ltr' id='par_1_72' title="bbox 2026 2601 3597 2673">
     <span class='ocr_line' id='line_1_72' title="bbox 2026 2601 3597 2673; baseline -0.001 -16"><span class='ocrx_word' id='word_1_569' title='bbox 2026 2621 2139 2658; x_wconf 83' lang='lat' dir='ltr'><strong>ram</strong></span> <span class='ocrx_word' id='word_1_570' title='bbox 2168 2605 2474 2673; x_wconf 83' lang='lat' dir='ltr'><strong>afﬂuentem</strong></span> <span class='ocrx_word' id='word_1_571' title='bbox 2520 2603 2659 2656; x_wconf 89' lang='lat' dir='ltr'><strong>lacte</strong></span> <span class='ocrx_word' id='word_1_572' title='bbox 2685 2612 2732 2657; x_wconf 90' lang='lat' dir='ltr'><strong><em>et</em></strong></span> <span class='ocrx_word' id='word_1_573' title='bbox 2776 2602 2944 2656; x_wconf 90' lang='lat' dir='ltr'><strong>melle.</strong></span> <span class='ocrx_word' id='word_1_574' title='bbox 2981 2601 3112 2666; x_wconf 84' lang='lat' dir='ltr'><strong>Hoc,</strong></span> <span class='ocrx_word' id='word_1_575' title='bbox 3148 2602 3340 2671; x_wconf 90' lang='lat' dir='ltr'><strong>inquit,</strong></span> <span class='ocrx_word' id='word_1_576' title='bbox 3373 2610 3455 2657; x_wconf 86' lang='lat' dir='ltr'><strong>cst</strong></span> <span class='ocrx_word' id='word_1_577' title='bbox 3492 2601 3597 2656; x_wconf 84' lang='lat' dir='ltr'><strong>mel</strong></span> 
     </span>
    </p>
   </div>
   <div class='ocr_carea' id='block_1_73' title="bbox 2024 2688 3591 2764">
    <p class='ocr_par' dir='ltr' id='par_1_73' title="bbox 2024 2688 3591 2764">
     <span class='ocr_line' id='line_1_73' title="bbox 2024 2688 3591 2764; baseline -0.004 -13"><span class='ocrx_word' id='word_1_578' title='bbox 2024 2706 2079 2751; x_wconf 90' lang='lat' dir='ltr'><strong>et</strong></span> <span class='ocrx_word' id='word_1_579' title='bbox 2107 2697 2209 2756; x_wconf 86' lang='lat' dir='ltr'><strong>lac,</strong></span> <span class='ocrx_word' id='word_1_580' title='bbox 2235 2710 2345 2764; x_wconf 92' lang='lat' dir='ltr'><strong>quo</strong></span> <span class='ocrx_word' id='word_1_581' title='bbox 2371 2703 2586 2763; x_wconf 84' lang='lat' dir='ltr'><strong>gustato</strong></span> <span class='ocrx_word' id='word_1_582' title='bbox 2623 2692 2890 2762; x_wconf 80' lang='lat' dir='ltr'><strong>perfectos</strong></span> <span class='ocrx_word' id='word_1_583' title='bbox 2917 2688 3123 2760; x_wconf 83' lang='lat' dir='ltr'><strong>irréges</strong></span> <span class='ocrx_word' id='word_1_584' title='bbox 3152 2691 3268 2744; x_wconf 80' lang='lat' dir='ltr'><strong>ﬁeri</strong></span> <span class='ocrx_word' id='word_1_585' title='bbox 3297 2699 3351 2746; x_wconf 88' lang='lat' dir='ltr'><strong>et</strong></span> <span class='ocrx_word' id='word_1_586' title='bbox 3388 2691 3591 2759; x_wconf 88' lang='lat' dir='ltr'><strong>imper-</strong></span> 
     </span>
    </p>
   </div>
   <div class='ocr_carea' id='block_1_74' title="bbox 2032 2781 3590 2857">
    <p class='ocr_par' dir='ltr' id='par_1_74' title="bbox 2032 2781 3590 2857">
     <span class='ocr_line' id='line_1_74' title="bbox 2032 2781 3590 2857; baseline -0.004 -17"><span class='ocrx_word' id='word_1_587' title='bbox 2032 2786 2121 2840; x_wconf 84' lang='lat' dir='ltr'><strong>tiri</strong></span> <span class='ocrx_word' id='word_1_588' title='bbox 2170 2784 2520 2857; x_wconf 85' lang='lat' dir='ltr'><strong>plenitudine.</strong></span> <span class='ocrx_word' id='word_1_589' title='bbox 2548 2785 2709 2849; x_wconf 81' lang='lat' dir='ltr'><strong>Haec,</strong></span> <span class='ocrx_word' id='word_1_590' title='bbox 2740 2783 2948 2851; x_wconf 90' lang='lat' dir='ltr'><strong>inquit,</strong></span> <span class='ocrx_word' id='word_1_591' title='bbox 2992 2790 3076 2837; x_wconf 86' lang='lat' dir='ltr'><strong>est</strong></span> <span class='ocrx_word' id='word_1_592' title='bbox 3129 2781 3441 2848; x_wconf 88' lang='lat' dir='ltr'><strong>plenitudo,</strong></span> <span class='ocrx_word' id='word_1_593' title='bbox 3492 2796 3590 2848; x_wconf 87' lang='lat' dir='ltr'><strong>per</strong></span> 
     </span>
    </p>
   </div>
   <div class='ocr_carea' id='block_1_75' title="bbox 2024 2870 3598 2945">
    <p class='ocr_par' dir='ltr' id='par_1_75' title="bbox 2024 2870 3598 2945">
     <span class='ocr_line' id='line_1_75' title="bbox 2024 2870 3598 2945; baseline -0.001 -18"><span class='ocrx_word' id='word_1_594' title='bbox 2024 2890 2184 2945; x_wconf 89' lang='lat' dir='ltr'><strong>quam</strong></span> <span class='ocrx_word' id='word_1_595' title='bbox 2217 2874 2396 2928; x_wconf 84' lang='lat' dir='ltr'><strong>omnia</strong></span> <span class='ocrx_word' id='word_1_596' title='bbox 2420 2873 2733 2930; x_wconf 78' lang='lat' dir='ltr'><strong>exsistentia</strong></span> <span class='ocrx_word' id='word_1_597' title='bbox 2766 2882 2890 2926; x_wconf 89' lang='lat' dir='ltr'><strong>nata</strong></span> <span class='ocrx_word' id='word_1_598' title='bbox 2923 2873 2990 2925; x_wconf 87' lang='lat' dir='ltr'><strong>ah</strong></span> <span class='ocrx_word' id='word_1_599' title='bbox 3017 2870 3201 2924; x_wconf 75' lang='lat' dir='ltr'><strong>innato</strong></span> <span class='ocrx_word' id='word_1_600' title='bbox 3230 2879 3284 2924; x_wconf 91' lang='lat' dir='ltr'><strong>et</strong></span> <span class='ocrx_word' id='word_1_601' title='bbox 3309 2870 3446 2924; x_wconf 81' lang='lat' dir='ltr'><strong>facta</strong></span> <span class='ocrx_word' id='word_1_602' title='bbox 3472 2880 3598 2926; x_wconf 83' lang='lat' dir='ltr'><strong>sunt</strong></span> 
     </span>
    </p>
   </div>
   <div class='ocr_carea' id='block_1_76' title="bbox 2024 2959 3595 3036">
    <p class='ocr_par' dir='ltr' id='par_1_76' title="bbox 2024 2959 3595 3036">
     <span class='ocr_line' id='line_1_76' title="bbox 2024 2959 3595 3036; baseline -0.007 -14"><span class='ocrx_word' id='word_1_603' title='bbox 2024 2976 2081 3022; x_wconf 88' lang='lat' dir='ltr'><strong>et</strong></span> <span class='ocrx_word' id='word_1_604' title='bbox 2131 2966 2368 3036; x_wconf 86' lang='lat' dir='ltr'><strong>impleta.</strong></span> <span class='ocrx_word' id='word_1_605' title='bbox 2435 2966 2581 3019; x_wconf 84' lang='lat' dir='ltr'><strong>Idem</strong></span> <span class='ocrx_word' id='word_1_606' title='bbox 2633 2975 2812 3018; x_wconf 81' lang='lat' dir='ltr'><strong>autem</strong></span> <span class='ocrx_word' id='word_1_607' title='bbox 2859 2961 2946 3015; x_wconf 90' lang='lat' dir='ltr'><strong>hic</strong></span> <span class='ocrx_word' id='word_1_608' title='bbox 2996 2976 3024 3013; x_wconf 88' lang='lat' dir='ltr'><strong>a</strong></span> <span class='ocrx_word' id='word_1_609' title='bbox 3074 2960 3372 3032; x_wconf 73' lang='lat' dir='ltr'><strong>Phrygibus</strong></span> <span class='ocrx_word' id='word_1_610' title='bbox 3433 2959 3595 3015; x_wconf 84' lang='lat' dir='ltr'><strong>etiam</strong></span> 
     </span>
    </p>
   </div>
   <div class='ocr_carea' id='block_1_77' title="bbox 2024 3051 3595 3120">
    <p class='ocr_par' dir='ltr' id='par_1_77' title="bbox 2024 3051 3595 3120">
     <span class='ocr_line' id='line_1_77' title="bbox 2024 3051 3595 3120; baseline -0.008 -7"><span class='ocrx_word' id='word_1_611' title='bbox 2024 3058 2221 3113; x_wconf 80' lang='lat' dir='ltr'><strong>sterilis</strong></span> <span class='ocrx_word' id='word_1_612' title='bbox 2253 3065 2498 3111; x_wconf 81' lang='lat' dir='ltr'><strong>vocatur.</strong></span> <span class='ocrx_word' id='word_1_613' title='bbox 2542 3055 2639 3109; x_wconf 89' lang='lat' dir='ltr'><strong>Est</strong></span> <span class='ocrx_word' id='word_1_614' title='bbox 2670 3054 2811 3108; x_wconf 88' lang='lat' dir='ltr'><strong>enim</strong></span> <span class='ocrx_word' id='word_1_615' title='bbox 2841 3052 3062 3113; x_wconf 89' lang='lat' dir='ltr'><strong>sterilis,</strong></span> <span class='ocrx_word' id='word_1_616' title='bbox 3093 3051 3310 3120; x_wconf 85' lang='lat' dir='ltr'><strong>quando</strong></span> <span class='ocrx_word' id='word_1_617' title='bbox 3358 3059 3442 3104; x_wconf 85' lang='lat' dir='ltr'><strong>est</strong></span> <span class='ocrx_word' id='word_1_618' title='bbox 3474 3066 3595 3105; x_wconf 85' lang='lat' dir='ltr'><strong>ear-</strong></span> 
     </span>
    </p>
   </div>
   <div class='ocr_carea' id='block_1_78' title="bbox 2028 3140 3596 3217">
    <p class='ocr_par' dir='ltr' id='par_1_78' title="bbox 2028 3140 3596 3217">
     <span class='ocr_line' id='line_1_78' title="bbox 2028 3140 3596 3217; baseline -0.006 -16"><span class='ocrx_word' id='word_1_619' title='bbox 2028 3148 2164 3202; x_wconf 78' lang='lat' dir='ltr'><strong>nalis</strong></span> <span class='ocrx_word' id='word_1_620' title='bbox 2195 3157 2250 3201; x_wconf 88' lang='lat' dir='ltr'><strong>et</strong></span> <span class='ocrx_word' id='word_1_621' title='bbox 2281 3146 2590 3215; x_wconf 87' lang='lat' dir='ltr'><strong>cupidinem</strong></span> <span class='ocrx_word' id='word_1_622' title='bbox 2636 3142 2817 3198; x_wconf 89' lang='lat' dir='ltr'><strong>carnis</strong></span> <span class='ocrx_word' id='word_1_623' title='bbox 2862 3140 3047 3217; x_wconf 69' lang='lat' dir='ltr'><strong>efﬁcit.</strong></span> <span class='ocrx_word' id='word_1_624' title='bbox 3089 3140 3222 3203; x_wconf 80' lang='lat' dir='ltr'><strong>Hoc,</strong></span> <span class='ocrx_word' id='word_1_625' title='bbox 3275 3141 3482 3206; x_wconf 83' lang='lat' dir='ltr'><strong>inquit,</strong></span> <span class='ocrx_word' id='word_1_626' title='bbox 3514 3150 3596 3193; x_wconf 80' lang='lat' dir='ltr'><strong>est</strong></span> 
     </span>
    </p>
   </div>
   <div class='ocr_carea' id='block_1_79' title="bbox 2030 3229 3597 3300">
    <p class='ocr_par' dir='ltr' id='par_1_79' title="bbox 2030 3229 3597 3300">
     <span class='ocr_line' id='line_1_79' title="bbox 2030 3229 3597 3300; baseline -0.006 -8"><span class='ocrx_word' id='word_1_627' title='bbox 2030 3239 2234 3292; x_wconf 86' lang='lat' dir='ltr'><strong>dictum</strong></span> <span class='ocrx_word' id='word_1_628' title='bbox 2277 3236 2404 3291; x_wconf 91' lang='lat' dir='ltr'><strong>illud</strong></span> <span class='ocrx_word' id='word_1_629' title='bbox 2436 3253 2450 3289; x_wconf 88' lang='lat'><strong>:</strong></span> <span class='ocrx_word' id='word_1_630' title='bbox 2480 3234 2667 3288; x_wconf 87' lang='lat' dir='ltr'><strong>Omnis</strong></span> <span class='ocrx_word' id='word_1_631' title='bbox 2697 3231 2876 3294; x_wconf 88' lang='lat' dir='ltr'><strong>arbor,</strong></span> <span class='ocrx_word' id='word_1_632' title='bbox 2914 3246 3030 3300; x_wconf 80' lang='lat' dir='ltr'><strong>qua:</strong></span> <span class='ocrx_word' id='word_1_633' title='bbox 3057 3246 3163 3284; x_wconf 89' lang='lat' dir='ltr'><strong>non</strong></span> <span class='ocrx_word' id='word_1_634' title='bbox 3202 3229 3327 3298; x_wconf 80' lang='lat' dir='ltr'><strong>facit</strong></span> <span class='ocrx_word' id='word_1_635' title='bbox 3367 3230 3597 3298; x_wconf 82' lang='lat' dir='ltr'><strong>fructum</strong></span> 
     </span>
    </p>
   </div>
   <div class='ocr_carea' id='block_1_80' title="bbox 2031 3320 3600 3395">
    <p class='ocr_par' dir='ltr' id='par_1_80' title="bbox 2031 3320 3600 3395">
     <span class='ocr_line' id='line_1_80' title="bbox 2031 3320 3600 3395; baseline -0.009 -13"><span class='ocrx_word' id='word_1_636' title='bbox 2031 3329 2245 3395; x_wconf 89' lang='lat' dir='ltr'><strong>bonum,</strong></span> <span class='ocrx_word' id='word_1_637' title='bbox 2273 3326 2536 3382; x_wconf 76' lang='lat' dir='ltr'><strong>exciditur</strong></span> <span class='ocrx_word' id='word_1_638' title='bbox 2557 3335 2601 3378; x_wconf 91' lang='lat' dir='ltr'><strong>et</strong></span> <span class='ocrx_word' id='word_1_639' title='bbox 2634 3324 2689 3377; x_wconf 87' lang='lat' dir='ltr'><strong>in</strong></span> <span class='ocrx_word' id='word_1_640' title='bbox 2716 3323 2885 3392; x_wconf 84' lang='lat' dir='ltr'><strong>ignem</strong></span> <span class='ocrx_word' id='word_1_641' title='bbox 2916 3322 3161 3375; x_wconf 85' lang='lat' dir='ltr'><strong>mittitur.</strong></span> <span class='ocrx_word' id='word_1_642' title='bbox 3200 3320 3428 3377; x_wconf 82' lang='lat' dir='ltr'><strong>Fructus</strong></span> <span class='ocrx_word' id='word_1_643' title='bbox 3455 3320 3600 3375; x_wconf 85' lang='lat' dir='ltr'><strong>enim</strong></span> 
     </span>
    </p>
   </div>
   <div class='ocr_carea' id='block_1_81' title="bbox 2031 3411 3598 3487">
    <p class='ocr_par' dir='ltr' id='par_1_81' title="bbox 2031 3411 3598 3487">
     <span class='ocr_line' id='line_1_81' title="bbox 2031 3411 3598 3487; baseline -0.005 -12"><span class='ocrx_word' id='word_1_644' title='bbox 2031 3420 2110 3485; x_wconf 88' lang='lat' dir='ltr'><strong>hi,</strong></span> <span class='ocrx_word' id='word_1_645' title='bbox 2143 3418 2340 3487; x_wconf 86' lang='lat' dir='ltr'><strong>inquit,</strong></span> <span class='ocrx_word' id='word_1_646' title='bbox 2385 3425 2511 3471; x_wconf 90' lang='lat' dir='ltr'><strong>sunt</strong></span> <span class='ocrx_word' id='word_1_647' title='bbox 2551 3414 2648 3470; x_wconf 93' lang='lat' dir='ltr'><strong>soli</strong></span> <span class='ocrx_word' id='word_1_648' title='bbox 2681 3412 2996 3477; x_wconf 81' lang='lat' dir='ltr'><strong>rationales,</strong></span> <span class='ocrx_word' id='word_1_649' title='bbox 3042 3412 3149 3465; x_wconf 82' lang='lat' dir='ltr'><strong>vivi</strong></span> <span class='ocrx_word' id='word_1_650' title='bbox 3196 3411 3467 3475; x_wconf 85' lang='lat' dir='ltr'><strong>homines,</strong></span> <span class='ocrx_word' id='word_1_651' title='bbox 3507 3412 3598 3479; x_wconf 75' lang='lat' dir='ltr'><strong>qui</strong></span> 
     </span>
    </p>
   </div>
   <div class='ocr_carea' id='block_1_82' title="bbox 2030 3498 3597 3576">
    <p class='ocr_par' dir='ltr' id='par_1_82' title="bbox 2030 3498 3597 3576">
     <span class='ocr_line' id='line_1_82' title="bbox 2030 3498 3597 3576; baseline -0.006 -15"><span class='ocrx_word' id='word_1_652' title='bbox 2030 3521 2126 3576; x_wconf 88' lang='lat' dir='ltr'><strong>per</strong></span> <span class='ocrx_word' id='word_1_653' title='bbox 2167 3516 2376 3576; x_wconf 89' lang='lat' dir='ltr'><strong>portam</strong></span> <span class='ocrx_word' id='word_1_654' title='bbox 2410 3503 2788 3574; x_wconf 85' lang='lat' dir='ltr'><strong>ingrediuntur</strong></span> <span class='ocrx_word' id='word_1_655' title='bbox 2836 3502 3068 3555; x_wconf 87' lang='lat' dir='ltr'><strong>tertiam.</strong></span> <span class='ocrx_word' id='word_1_656' title='bbox 3110 3498 3308 3555; x_wconf 88' lang='lat' dir='ltr'><strong>Dicunt</strong></span> <span class='ocrx_word' id='word_1_657' title='bbox 3353 3499 3548 3569; x_wconf 86' lang='lat' dir='ltr'><strong>quippe</strong></span> <span class='ocrx_word' id='word_1_658' title='bbox 3582 3519 3597 3557; x_wconf 87' lang='lat'><strong><em>:</em></strong></span> 
     </span>
    </p>
   </div>
   <div class='ocr_carea' id='block_1_83' title="bbox 2029 3591 3614 3665">
    <p class='ocr_par' dir='ltr' id='par_1_83' title="bbox 2029 3591 3614 3665">
     <span class='ocr_line' id='line_1_83' title="bbox 2029 3591 3614 3665; baseline -0.006 -12"><span class='ocrx_word' id='word_1_659' title='bbox 2029 3597 2089 3653; x_wconf 85' lang='lat' dir='ltr'><strong>Si</strong></span> <span class='ocrx_word' id='word_1_660' title='bbox 2113 3606 2323 3653; x_wconf 86' lang='lat' dir='ltr'><strong>mortua</strong></span> <span class='ocrx_word' id='word_1_661' title='bbox 2347 3595 2641 3650; x_wconf 83' lang='lat' dir='ltr'><strong>comedistis</strong></span> <span class='ocrx_word' id='word_1_662' title='bbox 2672 3603 2720 3647; x_wconf 93' lang='lat' dir='ltr'><strong><em>et</em></strong></span> <span class='ocrx_word' id='word_1_663' title='bbox 2754 3595 2872 3647; x_wconf 86' lang='lat' dir='ltr'><strong>viva</strong></span> <span class='ocrx_word' id='word_1_664' title='bbox 2902 3592 3118 3662; x_wconf 87' lang='lat' dir='ltr'><strong>fecistis,</strong></span> <span class='ocrx_word' id='word_1_665' title='bbox 3145 3592 3296 3663; x_wconf 88' lang='lat' dir='ltr'><strong>quid,</strong></span> <span class='ocrx_word' id='word_1_666' title='bbox 3316 3591 3364 3665; x_wconf 77' lang='lat' dir='ltr'><strong>si</strong></span> <span class='ocrx_word' id='word_1_667' title='bbox 3393 3593 3504 3645; x_wconf 83' lang='lat' dir='ltr'><strong>viva</strong></span> <span class='ocrx_word' id='word_1_668' title='bbox 3524 3606 3614 3644; x_wconf 75' lang='lat' dir='ltr'><strong>co-</strong></span> 
     </span>
    </p>
   </div>
   <div class='ocr_carea' id='block_1_84' title="bbox 2030 3682 3602 3755">
    <p class='ocr_par' dir='ltr' id='par_1_84' title="bbox 2030 3682 3602 3755">
     <span class='ocr_line' id='line_1_84' title="bbox 2030 3682 3602 3755; baseline -0.004 -12"><span class='ocrx_word' id='word_1_669' title='bbox 2030 3688 2320 3753; x_wconf 82' lang='lat' dir='ltr'><strong>mederitis,</strong></span> <span class='ocrx_word' id='word_1_670' title='bbox 2358 3685 2566 3755; x_wconf 85' lang='lat' dir='ltr'><strong>facietis</strong></span> <span class='ocrx_word' id='word_1_671' title='bbox 2594 3686 2620 3740; x_wconf 73' lang='lat'><strong>1’</strong></span> <span class='ocrx_word' id='word_1_672' title='bbox 2651 3683 2783 3738; x_wconf 82' lang='lat' dir='ltr'><strong>Viva</strong></span> <span class='ocrx_word' id='word_1_673' title='bbox 2829 3693 3007 3737; x_wconf 86' lang='lat' dir='ltr'><strong>autem</strong></span> <span class='ocrx_word' id='word_1_674' title='bbox 3057 3683 3244 3743; x_wconf 74' lang='lat' dir='ltr'><strong>dicunt</strong></span> <span class='ocrx_word' id='word_1_675' title='bbox 3269 3689 3325 3737; x_wconf 86' lang='lat' dir='ltr'><strong>et</strong></span> <span class='ocrx_word' id='word_1_676' title='bbox 3362 3682 3602 3736; x_wconf 75' lang='lat' dir='ltr'><strong>rationes</strong></span> 
     </span>
    </p>
   </div>
   <div class='ocr_carea' id='block_1_85' title="bbox 2029 3771 3597 3843">
    <p class='ocr_par' dir='ltr' id='par_1_85' title="bbox 2029 3771 3597 3843">
     <span class='ocr_line' id='line_1_85' title="bbox 2029 3771 3597 3843; baseline -0.006 -8"><span class='ocrx_word' id='word_1_677' title='bbox 2029 3788 2083 3835; x_wconf 86' lang='lat' dir='ltr'><strong>et</strong></span> <span class='ocrx_word' id='word_1_678' title='bbox 2113 3788 2321 3834; x_wconf 89' lang='lat' dir='ltr'><strong>mentes</strong></span> <span class='ocrx_word' id='word_1_679' title='bbox 2351 3787 2403 3832; x_wconf 72' lang='lat' dir='ltr'><strong>et</strong></span> <span class='ocrx_word' id='word_1_680' title='bbox 2451 3776 2718 3843; x_wconf 87' lang='lat' dir='ltr'><strong>homines,</strong></span> <span class='ocrx_word' id='word_1_681' title='bbox 2752 3774 3077 3843; x_wconf 84' lang='lat' dir='ltr'><strong>margaritas</strong></span> <span class='ocrx_word' id='word_1_682' title='bbox 3120 3772 3265 3827; x_wconf 89' lang='lat' dir='ltr'><strong>illius</strong></span> <span class='ocrx_word' id='word_1_683' title='bbox 3309 3771 3597 3840; x_wconf 76' lang='lat' dir='ltr'><strong>ineltigiati</strong></span> 
     </span>
    </p>
   </div>
   <div class='ocr_carea' id='block_1_86' title="bbox 2031 3862 3598 3936">
    <p class='ocr_par' dir='ltr' id='par_1_86' title="bbox 2031 3862 3598 3936">
     <span class='ocr_line' id='line_1_86' title="bbox 2031 3862 3598 3936; baseline -0.004 -15"><span class='ocrx_word' id='word_1_684' title='bbox 2031 3868 2269 3936; x_wconf 86' lang='lat' dir='ltr'><strong>dejectas</strong></span> <span class='ocrx_word' id='word_1_685' title='bbox 2305 3867 2357 3919; x_wconf 91' lang='lat' dir='ltr'><strong>in</strong></span> <span class='ocrx_word' id='word_1_686' title='bbox 2406 3866 2722 3935; x_wconf 82' lang='lat' dir='ltr'><strong>ﬁgmentum</strong></span> <span class='ocrx_word' id='word_1_687' title='bbox 2782 3863 2943 3921; x_wconf 86' lang='lat' dir='ltr'><strong>infra.</strong></span> <span class='ocrx_word' id='word_1_688' title='bbox 3000 3863 3112 3917; x_wconf 84' lang='lat' dir='ltr'><strong>Hoc</strong></span> <span class='ocrx_word' id='word_1_689' title='bbox 3143 3862 3391 3933; x_wconf 89' lang='lat' dir='ltr'><strong>estquod</strong></span> <span class='ocrx_word' id='word_1_690' title='bbox 3444 3864 3598 3926; x_wconf 91' lang='lat' dir='ltr'><strong>dicit,</strong></span> 
     </span>
    </p>
   </div>
   <div class='ocr_carea' id='block_1_87' title="bbox 2031 3956 3603 4028">
    <p class='ocr_par' dir='ltr' id='par_1_87' title="bbox 2031 3956 3603 4028">
     <span class='ocr_line' id='line_1_87' title="bbox 2031 3956 3603 4028; baseline -0.004 -15"><span class='ocrx_word' id='word_1_691' title='bbox 2031 3959 2206 4028; x_wconf 88' lang='lat' dir='ltr'><strong>inquit</strong></span> <span class='ocrx_word' id='word_1_692' title='bbox 2234 3976 2248 4013; x_wconf 91' lang='lat'><strong>:</strong></span> <span class='ocrx_word' id='word_1_693' title='bbox 2286 3956 2370 4012; x_wconf 89' lang='lat' dir='ltr'><strong><em>Ne</em></strong></span> <span class='ocrx_word' id='word_1_694' title='bbox 2395 3957 2688 4027; x_wconf 83' lang='lat' dir='ltr'><strong>projiciatis</strong></span> <span class='ocrx_word' id='word_1_695' title='bbox 2714 3969 2954 4011; x_wconf 87' lang='lat' dir='ltr'><strong>sanctum</strong></span> <span class='ocrx_word' id='word_1_696' title='bbox 2984 3957 3223 4021; x_wconf 84' lang='lat' dir='ltr'><strong>canibus,</strong></span> <span class='ocrx_word' id='word_1_697' title='bbox 3266 3972 3426 4026; x_wconf 88' lang='lat' dir='ltr'><strong>neque</strong></span> <span class='ocrx_word' id='word_1_698' title='bbox 3462 3972 3603 4010; x_wconf 88' lang='lat' dir='ltr'><strong>mar-</strong></span> 
     </span>
    </p>
   </div>
   <div class='ocr_carea' id='block_1_88' title="bbox 2031 4046 3603 4118">
    <p class='ocr_par' dir='ltr' id='par_1_88' title="bbox 2031 4046 3603 4118">
     <span class='ocr_line' id='line_1_88' title="bbox 2031 4046 3603 4118; baseline -0.001 -17"><span class='ocrx_word' id='word_1_699' title='bbox 2031 4050 2235 4118; x_wconf 86' lang='lat' dir='ltr'><strong>garitas</strong></span> <span class='ocrx_word' id='word_1_700' title='bbox 2278 4049 2474 4118; x_wconf 82' lang='lat' dir='ltr'><strong>porcis,</strong></span> <span class='ocrx_word' id='word_1_701' title='bbox 2524 4063 2811 4118; x_wconf 87' lang='lat' dir='ltr'><strong>porcorum</strong></span> <span class='ocrx_word' id='word_1_702' title='bbox 2849 4057 2903 4101; x_wconf 88' lang='lat' dir='ltr'><strong>et</strong></span> <span class='ocrx_word' id='word_1_703' title='bbox 2943 4062 3138 4101; x_wconf 86' lang='lat' dir='ltr'><strong>canum</strong></span> <span class='ocrx_word' id='word_1_704' title='bbox 3182 4061 3315 4115; x_wconf 82' lang='lat' dir='ltr'><strong>Opus</strong></span> <span class='ocrx_word' id='word_1_705' title='bbox 3359 4046 3603 4101; x_wconf 87' lang='lat' dir='ltr'><strong>dicentes</strong></span> 
     </span>
    </p>
   </div>
   <div class='ocr_carea' id='block_1_89' title="bbox 2032 4133 3600 4195">
    <p class='ocr_par' dir='ltr' id='par_1_89' title="bbox 2032 4133 3600 4195">
     <span class='ocr_line' id='line_1_89' title="bbox 2032 4133 3600 4195; baseline -0.006 0"><span class='ocrx_word' id='word_1_706' title='bbox 2032 4153 2153 4195; x_wconf 88' lang='lat' dir='ltr'><strong>esse</strong></span> <span class='ocrx_word' id='word_1_707' title='bbox 2195 4139 2439 4194; x_wconf 88' lang='lat' dir='ltr'><strong>mulieris</strong></span> <span class='ocrx_word' id='word_1_708' title='bbox 2485 4154 2605 4193; x_wconf 89' lang='lat' dir='ltr'><strong>cum</strong></span> <span class='ocrx_word' id='word_1_709' title='bbox 2662 4139 2778 4192; x_wconf 76' lang='lat' dir='ltr'><strong>viro</strong></span> <span class='ocrx_word' id='word_1_710' title='bbox 2818 4135 3285 4191; x_wconf 63' lang='lat' dir='ltr'><strong>consuetudinem.</strong></span> <span class='ocrx_word' id='word_1_711' title='bbox 3341 4133 3600 4188; x_wconf 76' lang='lat' dir='ltr'><strong>Eumdem</strong></span> 
     </span>
    </p>
   </div>
   <div class='ocr_carea' id='block_1_90' title="bbox 2033 4226 3601 4300">
    <p class='ocr_par' dir='ltr' id='par_1_90' title="bbox 2033 4226 3601 4300">
     <span class='ocr_line' id='line_1_90' title="bbox 2033 4226 3601 4300; baseline -0.004 -15"><span class='ocrx_word' id='word_1_712' title='bbox 2033 4242 2211 4286; x_wconf 84' lang='lat' dir='ltr'><strong>autem</strong></span> <span class='ocrx_word' id='word_1_713' title='bbox 2242 4234 2402 4296; x_wconf 86' lang='lat' dir='ltr'><strong>hunc,</strong></span> <span class='ocrx_word' id='word_1_714' title='bbox 2439 4232 2633 4300; x_wconf 87' lang='lat' dir='ltr'><strong>inquit,</strong></span> <span class='ocrx_word' id='word_1_715' title='bbox 2671 4229 2918 4299; x_wconf 81' lang='lat' dir='ltr'><strong>Phryges</strong></span> <span class='ocrx_word' id='word_1_716' title='bbox 2965 4226 3237 4297; x_wconf 88' lang='lat' dir='ltr'><strong>appellant</strong></span> <span class='ocrx_word' id='word_1_717' title='bbox 3280 4226 3601 4294; x_wconf 82' lang='lat' dir='ltr'><strong>caprarium,</strong></span> 
     </span>
    </p>
   </div>
   <div class='ocr_carea' id='block_1_91' title="bbox 2036 4317 3600 4393">
    <p class='ocr_par' dir='ltr' id='par_1_91' title="bbox 2036 4317 3600 4393">
     <span class='ocr_line' id='line_1_91' title="bbox 2036 4317 3600 4393; baseline -0.008 -15"><span class='ocrx_word' id='word_1_718' title='bbox 2036 4339 2141 4378; x_wconf 92' lang='lat' dir='ltr'><strong>non</strong></span> <span class='ocrx_word' id='word_1_719' title='bbox 2182 4322 2524 4393; x_wconf 76' lang='lat'><strong>162-163</strong></span> <span class='ocrx_word' id='word_1_720' title='bbox 2555 4322 2751 4390; x_wconf 83' lang='lat' dir='ltr'><strong>inquit,</strong></span> <span class='ocrx_word' id='word_1_721' title='bbox 2778 4322 2916 4387; x_wconf 89' lang='lat' dir='ltr'><strong>quod</strong></span> <span class='ocrx_word' id='word_1_722' title='bbox 2937 4317 3194 4388; x_wconf 89' lang='lat' dir='ltr'><strong>pascebat</strong></span> <span class='ocrx_word' id='word_1_723' title='bbox 3220 4330 3411 4385; x_wconf 86' lang='lat' dir='ltr'><strong>capras</strong></span> <span class='ocrx_word' id='word_1_724' title='bbox 3430 4324 3482 4369; x_wconf 92' lang='lat' dir='ltr'><strong>et</strong></span> <span class='ocrx_word' id='word_1_725' title='bbox 3511 4330 3600 4371; x_wconf 83' lang='lat' dir='ltr'><strong>Cn-</strong></span> 
     </span>
    </p>
   </div>
   <div class='ocr_carea' id='block_1_92' title="bbox 2034 4407 3605 4482">
    <p class='ocr_par' dir='ltr' id='par_1_92' title="bbox 2034 4407 3605 4482">
     <span class='ocr_line' id='line_1_92' title="bbox 2034 4407 3605 4482; baseline -0.004 -15"><span class='ocrx_word' id='word_1_726' title='bbox 2034 4427 2184 4482; x_wconf 88' lang='lat' dir='ltr'><strong>pros,</strong></span> <span class='ocrx_word' id='word_1_727' title='bbox 2208 4423 2266 4465; x_wconf 84' lang='lat' dir='ltr'><strong>ut</strong></span> <span class='ocrx_word' id='word_1_728' title='bbox 2296 4414 2539 4482; x_wconf 83' lang='lat' dir='ltr'><strong>psychici</strong></span> <span class='ocrx_word' id='word_1_729' title='bbox 2572 4409 2863 4480; x_wconf 83' lang='lat' dir='ltr'><strong>appellant,</strong></span> <span class='ocrx_word' id='word_1_730' title='bbox 2892 4409 2985 4464; x_wconf 86' lang='lat' dir='ltr'><strong>sed</strong></span> <span class='ocrx_word' id='word_1_731' title='bbox 3013 4409 3136 4478; x_wconf 89' lang='lat' dir='ltr'><strong>quia</strong></span> <span class='ocrx_word' id='word_1_732' title='bbox 3162 4417 3263 4475; x_wconf 88' lang='lat' dir='ltr'><strong>est,</strong></span> <span class='ocrx_word' id='word_1_733' title='bbox 3292 4407 3488 4477; x_wconf 89' lang='lat' dir='ltr'><strong>inquit,</strong></span> <span class='ocrx_word' id='word_1_734' title='bbox 3515 4408 3605 4461; x_wconf 82' lang='grc' dir='ltr'><strong>αἰ-</strong></span> 
     </span>
    </p>
   </div>
   <div class='ocr_carea' id='block_1_93' title="bbox 2036 4498 3605 4568">
    <p class='ocr_par' dir='ltr' id='par_1_93' title="bbox 2036 4498 3605 4568">
     <span class='ocr_line' id='line_1_93' title="bbox 2036 4498 3605 4568; baseline -0.004 -12"><span class='ocrx_word' id='word_1_735' title='bbox 2036 4503 2218 4568; x_wconf 81' lang='grc' dir='ltr'><em>πόλος,</em></span> <span class='ocrx_word' id='word_1_736' title='bbox 2256 4503 2357 4556; x_wconf 90' lang='lat' dir='ltr'><strong>hoc</strong></span> <span class='ocrx_word' id='word_1_737' title='bbox 2394 4511 2476 4557; x_wconf 89' lang='lat' dir='ltr'><strong>est</strong></span> <span class='ocrx_word' id='word_1_738' title='bbox 2506 4504 2534 4556; x_wconf 87' lang='lat'><strong>6</strong></span> <span class='ocrx_word' id='word_1_739' title='bbox 2563 4503 2650 4556; x_wconf 71' lang='grc' dir='ltr'><strong>ἀεὶ</strong></span> <span class='ocrx_word' id='word_1_740' title='bbox 2692 4500 2875 4554; x_wconf 83' lang='grc' dir='ltr'><em>πολῶν</em></span> <span class='ocrx_word' id='word_1_741' title='bbox 2926 4509 2981 4554; x_wconf 88' lang='lat' dir='ltr'><strong>et</strong></span> <span class='ocrx_word' id='word_1_742' title='bbox 3014 4508 3228 4554; x_wconf 86' lang='lat' dir='ltr'><strong>vertens</strong></span> <span class='ocrx_word' id='word_1_743' title='bbox 3268 4507 3324 4552; x_wconf 89' lang='lat' dir='ltr'><strong>et</strong></span> <span class='ocrx_word' id='word_1_744' title='bbox 3371 4498 3605 4552; x_wconf 87' lang='lat' dir='ltr'><strong>cireum-</strong></span> 
     </span>
    </p>
   </div>
   <div class='ocr_carea' id='block_1_94' title="bbox 331 4587 1924 4670">
    <p class='ocr_par' dir='ltr' id='par_1_94' title="bbox 331 4587 1924 4670">
     <span class='ocr_line' id='line_1_94' title="bbox 331 4587 1924 4670; baseline -0.009 -11"><span class='ocrx_word' id='word_1_745' title='bbox 331 4604 442 4660; x_wconf 74' lang='grc' dir='ltr'><em>καὶ</em></span> <span class='ocrx_word' id='word_1_746' title='bbox 484 4601 757 4670; x_wconf 80' lang='grc' dir='ltr'><em>ἄκαρπος</em></span> <span class='ocrx_word' id='word_1_747' title='bbox 798 4597 1066 4652; x_wconf 86' lang='grc' dir='ltr'><em>καλεῖται..</em></span> <span class='ocrx_word' id='word_1_748' title='bbox 1100 4595 1255 4647; x_wconf 83' lang='grc' dir='ltr'><em>Ἔστι</em></span> <span class='ocrx_word' id='word_1_749' title='bbox 1279 4592 1386 4664; x_wconf 86' lang='grc' dir='ltr'><em>γὰρ</em></span> <span class='ocrx_word' id='word_1_750' title='bbox 1425 4592 1714 4660; x_wconf 80' lang='grc' dir='ltr'><em>ἄκαρπος,</em></span> <span class='ocrx_word' id='word_1_751' title='bbox 1743 4587 1924 4662; x_wconf 84' lang='grc' dir='ltr'><em>ὅτανῇ</em></span> 
     </span>
    </p>
   </div>
   <div class='ocr_carea' id='block_1_95' title="bbox 2028 4587 3605 4670">
    <p class='ocr_par' dir='ltr' id='par_1_95' title="bbox 2039 4588 3605 4662">
     <span class='ocr_line' id='line_1_95' title="bbox 2039 4588 3605 4662; baseline -0.003 -16"><span class='ocrx_word' id='word_1_752' title='bbox 2039 4607 2202 4662; x_wconf 84' lang='lat' dir='ltr'><strong>agens</strong></span> <span class='ocrx_word' id='word_1_753' title='bbox 2230 4596 2537 4647; x_wconf 78' lang='lat' dir='ltr'><strong>universum</strong></span> <span class='ocrx_word' id='word_1_754' title='bbox 2575 4593 2831 4646; x_wconf 91' lang='lat' dir='ltr'><strong>mundum</strong></span> <span class='ocrx_word' id='word_1_755' title='bbox 2862 4591 3238 4646; x_wconf 80' lang='lat' dir='ltr'><strong>conversione.</strong></span> <span class='ocrx_word' id='word_1_756' title='bbox 3257 4588 3447 4644; x_wconf 83' lang='grc' dir='ltr'><em>Πολετν</em></span> <span class='ocrx_word' id='word_1_757' title='bbox 3463 4591 3605 4642; x_wconf 86' lang='lat' dir='ltr'><strong>enim</strong></span> 
     </span>
    </p>
   </div>
   <div class='ocr_carea' id='block_1_96' title="bbox 335 4682 1929 4764">
    <p class='ocr_par' dir='ltr' id='par_1_96' title="bbox 335 4682 1929 4764">
     <span class='ocr_line' id='line_1_96' title="bbox 335 4682 1929 4764; baseline -0.011 -14"><span class='ocrx_word' id='word_1_758' title='bbox 335 4692 610 4764; x_wconf 82' lang='grc' dir='ltr'><em>σαρκικδς</em></span> <span class='ocrx_word' id='word_1_759' title='bbox 645 4690 742 4745; x_wconf 69' lang='grc' dir='ltr'><strong>καὶ</strong></span> <span class='ocrx_word' id='word_1_760' title='bbox 782 4688 882 4760; x_wconf 85' lang='grc' dir='ltr'><em>τὴν</em></span> <span class='ocrx_word' id='word_1_761' title='bbox 911 4686 1205 4756; x_wconf 74' lang='grc' dir='ltr'><em>ἐπιθυμίαν</em></span> <span class='ocrx_word' id='word_1_762' title='bbox 1247 4684 1346 4753; x_wconf 82' lang='grc' dir='ltr'><strong>τῆς</strong></span> <span class='ocrx_word' id='word_1_763' title='bbox 1375 4684 1579 4754; x_wconf 74' lang='grc' dir='ltr'><em>σαρκὸς</em></span> <span class='ocrx_word' id='word_1_764' title='bbox 1608 4682 1929 4754; x_wconf 79' lang='grc' dir='ltr'><em>ἐργάζηται.</em></span> 
     </span>
    </p>
   </div>
   <div class='ocr_carea' id='block_1_97' title="bbox 333 4771 1924 4854">
    <p class='ocr_par' dir='ltr' id='par_1_97' title="bbox 333 4773 1924 4854">
     <span class='ocr_line' id='line_1_97' title="bbox 333 4773 1924 4854; baseline -0.009 -13"><span class='ocrx_word' id='word_1_765' title='bbox 333 4785 519 4843; x_wconf 80' lang='grc' dir='ltr'><em>Τοῦτο</em></span> <span class='ocrx_word' id='word_1_766' title='bbox 539 4828 552 4850; x_wconf 91' lang='grc'><strong>,</strong></span> <span class='ocrx_word' id='word_1_767' title='bbox 587 4783 772 4854; x_wconf 65' lang='grc' dir='ltr'><em>φησιν,</em></span> <span class='ocrx_word' id='word_1_768' title='bbox 838 4780 957 4832; x_wconf 71' lang='grc' dir='ltr'><strong>ἐστὶ</strong></span> <span class='ocrx_word' id='word_1_769' title='bbox 988 4777 1049 4831; x_wconf 79' lang='grc' dir='ltr'><em>τὸ</em></span> <span class='ocrx_word' id='word_1_770' title='bbox 1080 4775 1388 4846; x_wconf 76' lang='grc' dir='ltr'><em>εἰρημένονο</em></span> <span class='ocrx_word' id='word_1_771' title='bbox 1435 4774 1565 4828; x_wconf 81' lang='grc' dir='ltr'><strong>Πᾶν</strong></span> <span class='ocrx_word' id='word_1_772' title='bbox 1605 4773 1857 4842; x_wconf 84' lang='grc' dir='ltr'><em>δένδρον</em></span> <span class='ocrx_word' id='word_1_773' title='bbox 1886 4774 1924 4804; x_wconf 67' lang='grc'><strong>⁷⁵</strong></span> 
     </span>
    </p>
   </div>
   <div class='ocr_carea' id='block_1_98' title="bbox 2028 4771 3704 4854">
    <p class='ocr_par' dir='ltr' id='par_1_98' title="bbox 2043 4771 3704 4845">
     <span class='ocr_line' id='line_1_98' title="bbox 2043 4771 3704 4845; baseline -0.002 -18"><span class='ocrx_word' id='word_1_774' title='bbox 2043 4775 2238 4845; x_wconf 87' lang='lat' dir='ltr'><strong>inquit,</strong></span> <span class='ocrx_word' id='word_1_775' title='bbox 2265 4784 2320 4831; x_wconf 92' lang='lat' dir='ltr'><strong>et</strong></span> <span class='ocrx_word' id='word_1_776' title='bbox 2345 4776 2504 4830; x_wconf 86' lang='lat' dir='ltr'><strong>ambo</strong></span> <span class='ocrx_word' id='word_1_777' title='bbox 2529 4785 2715 4831; x_wconf 85' lang='lat' dir='ltr'><strong>centra</strong></span> <span class='ocrx_word' id='word_1_778' title='bbox 2760 4774 2881 4830; x_wconf 72' lang='lat' dir='ltr'><strong>cmli</strong></span> <span class='ocrx_word' id='word_1_779' title='bbox 2914 4775 3153 4830; x_wconf 87' lang='lat' dir='ltr'><strong>universi</strong></span> <span class='ocrx_word' id='word_1_780' title='bbox 3196 4771 3469 4843; x_wconf 83' lang='lat' dir='ltr'><strong>appellant</strong></span> <span class='ocrx_word' id='word_1_781' title='bbox 3513 4785 3609 4838; x_wconf 85' lang='lat' dir='ltr'><strong>po-</strong></span> <span class='ocrx_word' id='word_1_782' title='bbox 3695 4830 3704 4838; x_wconf 89' lang='lat'><em>_</em></span> 
     </span>
    </p>
   </div>
   <div class='ocr_carea' id='block_1_99' title="bbox 328 4864 1927 4950">
    <p class='ocr_par' dir='ltr' id='par_1_99' title="bbox 328 4864 1927 4950">
     <span class='ocr_line' id='line_1_99' title="bbox 328 4864 1927 4950; baseline -0.01 -19"><span class='ocrx_word' id='word_1_783' title='bbox 328 4877 431 4950; x_wconf 77' lang='grc' dir='ltr'><em>μὴ</em></span> <span class='ocrx_word' id='word_1_784' title='bbox 458 4873 676 4929; x_wconf 79' lang='grc' dir='ltr'><em>ποιοῦν</em></span> <span class='ocrx_word' id='word_1_785' title='bbox 714 4870 948 4940; x_wconf 78' lang='grc' dir='ltr'><em>καρπὸν</em></span> <span class='ocrx_word' id='word_1_786' title='bbox 976 4868 1170 4923; x_wconf 75' lang='grc' dir='ltr'><em>καλὸν</em></span> <span class='ocrx_word' id='word_1_787' title='bbox 1193 4865 1541 4919; x_wconf 83' lang='grc' dir='ltr'><em>ἐκκόπτεται</em></span> <span class='ocrx_word' id='word_1_788' title='bbox 1563 4865 1659 4919; x_wconf 76' lang='grc' dir='ltr'><em>καὶ</em></span> <span class='ocrx_word' id='word_1_789' title='bbox 1692 4868 1779 4930; x_wconf 82' lang='grc' dir='ltr'><strong>είς</strong></span> <span class='ocrx_word' id='word_1_790' title='bbox 1809 4864 1927 4932; x_wconf 80' lang='grc' dir='ltr'><strong>πῦρ</strong></span> 
     </span>
    </p>
   </div>
   <div class='ocr_carea' id='block_1_100' title="bbox 2041 4681 3605 4754">
    <p class='ocr_par' dir='ltr' id='par_1_100' title="bbox 2041 4681 3605 4754">
     <span class='ocr_line' id='line_1_100' title="bbox 2041 4681 3605 4754; baseline -0.003 -17"><span class='ocrx_word' id='word_1_791' title='bbox 2041 4682 2317 4754; x_wconf 77' lang='lat' dir='ltr'><strong>significat</strong></span> <span class='ocrx_word' id='word_1_792' title='bbox 2346 4684 2398 4738; x_wconf 91' lang='lat' dir='ltr'><strong>id</strong></span> <span class='ocrx_word' id='word_1_793' title='bbox 2426 4684 2569 4754; x_wconf 91' lang='lat' dir='ltr'><strong>quod</strong></span> <span class='ocrx_word' id='word_1_794' title='bbox 2598 4690 2809 4738; x_wconf 87' lang='lat' dir='ltr'><strong>vertere</strong></span> <span class='ocrx_word' id='word_1_795' title='bbox 2841 4692 2896 4737; x_wconf 89' lang='lat' dir='ltr'><strong>et</strong></span> <span class='ocrx_word' id='word_1_796' title='bbox 2933 4691 3270 4737; x_wconf 89' lang='lat' dir='ltr'><strong>commutare</strong></span> <span class='ocrx_word' id='word_1_797' title='bbox 3295 4695 3411 4735; x_wconf 89' lang='lat' dir='ltr'><strong>res:</strong></span> <span class='ocrx_word' id='word_1_798' title='bbox 3445 4681 3605 4741; x_wconf 78' lang='lat' dir='ltr'><strong>unde,</strong></span> 
     </span>
    </p>
   </div>
   <div class='ocr_carea' id='block_1_101' title="bbox 2033 4864 2623 4935">
    <p class='ocr_par' dir='ltr' id='par_1_101' title="bbox 2033 4864 2623 4935">
     <span class='ocr_line' id='line_1_101' title="bbox 2033 4864 2623 4935; baseline 0.007 -17"><span class='ocrx_word' id='word_1_799' title='bbox 2033 4864 2133 4920; x_wconf 92' lang='lat' dir='ltr'><strong>los.</strong></span> <span class='ocrx_word' id='word_1_800' title='bbox 2166 4866 2234 4921; x_wconf 87' lang='lat' dir='ltr'><strong>Et</strong></span> <span class='ocrx_word' id='word_1_801' title='bbox 2266 4873 2420 4935; x_wconf 83' lang='lat' dir='ltr'><strong>poeta</strong></span> <span class='ocrx_word' id='word_1_802' title='bbox 2450 4867 2623 4922; x_wconf 86' lang='lat' dir='ltr'><strong>dicit:</strong></span> 
     </span>
    </p>
   </div>
   <div class='ocr_carea' id='block_1_102' title="bbox 324 4951 3609 5041">
    <p class='ocr_par' dir='ltr' id='par_1_102' title="bbox 324 4951 3609 5041">
     <span class='ocr_line' id='line_1_102' title="bbox 324 4951 3609 5041; baseline -0.006 -18"><span class='ocrx_word' id='word_1_803' title='bbox 324 4967 659 5037; x_wconf 65' lang='grc' dir='ltr'><em>βάλλεται.</em></span> <span class='ocrx_word' id='word_1_804' title='bbox 692 4962 914 5034; x_wconf 77' lang='grc' dir='ltr'><em>Καρποὶ</em></span> <span class='ocrx_word' id='word_1_805' title='bbox 969 4962 1078 5031; x_wconf 83' lang='grc' dir='ltr'><em>γὰρ</em></span> <span class='ocrx_word' id='word_1_806' title='bbox 1108 4953 1253 5014; x_wconf 74' lang='grc' dir='ltr'><em>οὗτοι</em></span> <span class='ocrx_word' id='word_1_807' title='bbox 1278 4997 1293 5023; x_wconf 96' lang='grc'><strong>,</strong></span> <span class='ocrx_word' id='word_1_808' title='bbox 1344 4957 1528 5041; x_wconf 76' lang='grc' dir='ltr'><em>φησὶν,</em></span> <span class='ocrx_word' id='word_1_809' title='bbox 1562 4958 1667 5010; x_wconf 73' lang='grc' dir='ltr'>εἰσὶ</span> <span class='ocrx_word' id='word_1_810' title='bbox 1726 4957 1885 5027; x_wconf 86' lang='grc' dir='ltr'><em>μόνον</em></span> <span class='ocrx_word' id='word_1_811' title='bbox 1922 4958 1970 5041; x_wconf 78' lang='lat' dir='ltr'><strong>oi</strong></span> <span class='ocrx_word' id='word_1_812' title='bbox 2010 4957 2254 5027; x_wconf 72' lang='grc' dir='ltr'><em>λογικοὶ,</em></span> <span class='ocrx_word' id='word_1_813' title='bbox 2301 4959 2351 5013; x_wconf 87' lang='grc' dir='ltr'><em>οἱ</em></span> <span class='ocrx_word' id='word_1_814' title='bbox 2375 4960 2421 4989; x_wconf 80' lang='grc'><strong>’⁷⁸</strong></span> <span class='ocrx_word' id='word_1_815' title='bbox 2460 4958 2662 5024; x_wconf 81' lang='grc' dir='ltr'><em>ζῶντες</em></span> <span class='ocrx_word' id='word_1_816' title='bbox 2700 4958 2980 5030; x_wconf 76' lang='grc' dir='ltr'><em>ἄνθρωποι</em></span> <span class='ocrx_word' id='word_1_817' title='bbox 3009 4996 3024 5022; x_wconf 90' lang='grc'><strong>,</strong></span> <span class='ocrx_word' id='word_1_818' title='bbox 3063 4957 3111 5009; x_wconf 86' lang='lat' dir='ltr'><strong>oi</strong></span> <span class='ocrx_word' id='word_1_819' title='bbox 3151 4953 3239 5008; x_wconf 77' lang='grc' dir='ltr'><em>διὰ</em></span> <span class='ocrx_word' id='word_1_820' title='bbox 3288 4954 3384 5023; x_wconf 81' lang='grc' dir='ltr'><strong>τῆς</strong></span> <span class='ocrx_word' id='word_1_821' title='bbox 3437 4951 3609 5022; x_wconf 81' lang='grc' dir='ltr'><em>πύλης</em></span> 
     </span>
    </p>
   </div>
   <div class='ocr_carea' id='block_1_103' title="bbox 1629 5111 2305 5170">
    <p class='ocr_par' dir='ltr' id='par_1_103' title="bbox 1629 5111 2305 5170">
     <span class='ocr_line' id='line_1_103' title="bbox 1629 5111 2305 5170; baseline 0.003 -6"><span class='ocrx_word' id='word_1_822' title='bbox 1629 5112 1863 5170; x_wconf 72' lang='lat' dir='ltr'><strong>VARUE</strong></span> <span class='ocrx_word' id='word_1_823' title='bbox 1901 5111 2305 5169; x_wconf 78' lang='lat' dir='ltr'><strong>LECTIONES.</strong></span> 
     </span>
    </p>
   </div>
   <div class='ocr_carea' id='block_1_104' title="bbox 420 5262 3605 5342">
    <p class='ocr_par' dir='ltr' id='par_1_104' title="bbox 420 5262 3605 5342">
     <span class='ocr_line' id='line_1_104' title="bbox 420 5262 3605 5342; baseline -0.001 -14"><span class='ocrx_word' id='word_1_824' title='bbox 420 5276 467 5307; x_wconf 81' lang='grc'><strong>⁸⁸</strong></span> <span class='ocrx_word' id='word_1_825' title='bbox 495 5274 590 5328; x_wconf 75' lang='grc' dir='ltr'><strong>καὶ</strong></span> <span class='ocrx_word' id='word_1_826' title='bbox 629 5272 899 5342; x_wconf 81' lang='grc' dir='ltr'><em>λαλοῦμεν</em></span> <span class='ocrx_word' id='word_1_827' title='bbox 946 5284 1054 5342; x_wconf 81' lang='lat' dir='ltr'><strong>om.</strong></span> <span class='ocrx_word' id='word_1_828' title='bbox 1093 5272 1155 5336; x_wconf 91' lang='lat' dir='ltr'><strong>C,</strong></span> <span class='ocrx_word' id='word_1_829' title='bbox 1204 5271 1253 5327; x_wconf 83' lang='grc' dir='ltr'>Μ</span> <span class='ocrx_word' id='word_1_830' title='bbox 1275 5290 1289 5339; x_wconf 92' lang='lat'><strong>;</strong></span> <span class='ocrx_word' id='word_1_831' title='bbox 1326 5269 1396 5342; x_wconf 77' lang='lat' dir='ltr'><strong>cf.</strong></span> <span class='ocrx_word' id='word_1_832' title='bbox 1436 5267 1460 5342; x_wconf 91' lang='lat' dir='ltr'><strong>l_</strong></span> <span class='ocrx_word' id='word_1_833' title='bbox 1476 5266 1599 5323; x_wconf 88' lang='lat' dir='ltr'><strong>Cor.</strong></span> <span class='ocrx_word' id='word_1_834' title='bbox 1627 5284 1686 5342; x_wconf 72' lang='grc' dir='ltr'><strong>ιι,</strong></span> <span class='ocrx_word' id='word_1_835' title='bbox 1708 5269 1799 5342; x_wconf 63' lang='lat' dir='ltr'><strong>ta,</strong></span> <span class='ocrx_word' id='word_1_836' title='bbox 1847 5270 1961 5342; x_wconf 18' lang='grc' dir='ltr'><strong>ιιε</strong></span> <span class='ocrx_word' id='word_1_837' title='bbox 2011 5272 2055 5304; x_wconf 79' lang='grc'><strong><em>⁸⁸</em></strong></span> <span class='ocrx_word' id='word_1_838' title='bbox 2085 5269 2367 5342; x_wconf 77' lang='lat' dir='ltr'><strong>Ev.Joan.</strong></span> <span class='ocrx_word' id='word_1_839' title='bbox 2401 5266 2566 5342; x_wconf 36' lang='lat' dir='ltr'><strong>vlli}</strong></span> <span class='ocrx_word' id='word_1_840' title='bbox 2605 5284 2617 5319; x_wconf 89' lang='lat'><strong>:</strong></span> <span class='ocrx_word' id='word_1_841' title='bbox 2655 5266 2848 5342; x_wconf 74' lang='grc' dir='ltr'><em>ρύδεὶς</em></span> <span class='ocrx_word' id='word_1_842' title='bbox 2872 5263 3304 5342; x_wconf 36' lang='grc' dir='ltr'><em>δέναταεΑὲῇοῧν</em></span> <span class='ocrx_word' id='word_1_843' title='bbox 3346 5262 3485 5333; x_wconf 76' lang='grc' dir='ltr'><em>πρός</em></span> <span class='ocrx_word' id='word_1_844' title='bbox 3514 5281 3605 5342; x_wconf 63' lang='grc' dir='ltr'><strong>με.</strong></span> 
     </span>
    </p>
   </div>
   <div class='ocr_carea' id='block_1_105' title="bbox 328 5332 3608 5414">
    <p class='ocr_par' dir='ltr' id='par_1_105' title="bbox 328 5332 3608 5414">
     <span class='ocr_line' id='line_1_105' title="bbox 328 5332 3608 5414; baseline -0.004 -16"><span class='ocrx_word' id='word_1_845' title='bbox 328 5348 443 5403; x_wconf 64' lang='grc' dir='ltr'><strong>ἐὰν</strong></span> <span class='ocrx_word' id='word_1_846' title='bbox 470 5342 604 5414; x_wconf 15' lang='grc' dir='ltr'><strong>μὴίῤ</strong></span> <span class='ocrx_word' id='word_1_847' title='bbox 634 5332 824 5411; x_wconf 80' lang='grc' dir='ltr'><em>Πατὴρ</em></span> <span class='ocrx_word' id='word_1_848' title='bbox 865 5342 894 5392; x_wconf 95' lang='lat'><strong>6</strong></span> <span class='ocrx_word' id='word_1_849' title='bbox 921 5332 1163 5414; x_wconf 46' lang='lat' dir='ltr'><strong>findat;</strong></span> <span class='ocrx_word' id='word_1_850' title='bbox 1218 5332 1286 5412; x_wconf 76' lang='grc' dir='ltr'><strong>με</strong></span> <span class='ocrx_word' id='word_1_851' title='bbox 1336 5332 1793 5414; x_wconf 34' lang='lat' dir='ltr'><strong>agamnam;</strong></span> <span class='ocrx_word' id='word_1_852' title='bbox 1849 5342 1891 5372; x_wconf 77' lang='grc'>⁸⁷</span> <span class='ocrx_word' id='word_1_853' title='bbox 1918 5339 2370 5414; x_wconf 54' lang='lat' dir='ltr'><strong>hia_tth._vn,_2l.</strong></span> <span class='ocrx_word' id='word_1_854' title='bbox 2407 5337 2495 5414; x_wconf 38' lang='lat' dir='ltr'>ﬁ“</span> <span class='ocrx_word' id='word_1_855' title='bbox 2518 5336 2709 5414; x_wconf 61' lang='lat' dir='ltr'><strong>Matth.</strong></span> <span class='ocrx_word' id='word_1_856' title='bbox 2752 5349 2863 5414; x_wconf 51' lang='lat' dir='ltr'><strong>in,</strong></span> <span class='ocrx_word' id='word_1_857' title='bbox 2895 5337 3033 5414; x_wconf 40' lang='grc' dir='ltr'><strong>’ἔξιτ’</strong></span> <span class='ocrx_word' id='word_1_858' title='bbox 3225 5333 3349 5388; x_wconf 86' lang='lat' dir='ltr'><strong>Cor.</strong></span> <span class='ocrx_word' id='word_1_859' title='bbox 3406 5348 3461 5395; x_wconf 74' lang='grc' dir='ltr'><em>ι,</em></span> <span class='ocrx_word' id='word_1_860' title='bbox 3498 5332 3608 5414; x_wconf 54' lang='lat' dir='ltr'><strong>ll.</strong></span> 
     </span>
    </p>
   </div>
   <div class='ocr_carea' id='block_1_106' title="bbox 335 5401 3608 5479">
    <p class='ocr_par' dir='ltr' id='par_1_106' title="bbox 335 5401 3608 5479">
     <span class='ocr_line' id='line_1_106' title="bbox 335 5401 3608 5479; baseline -0.004 -10"><span class='ocrx_word' id='word_1_861' title='bbox 335 5401 402 5452; x_wconf 55' lang='grc' dir='ltr'>ἦ</span> <span class='ocrx_word' id='word_1_862' title='bbox 423 5401 512 5469; x_wconf 66' lang='grc' dir='ltr'><em>(Ξῖ.</em></span> <span class='ocrx_word' id='word_1_863' title='bbox 533 5401 736 5466; x_wconf 62' lang='lat' dir='ltr'><strong>&#39;Matth.</strong></span> <span class='ocrx_word' id='word_1_864' title='bbox 765 5401 889 5473; x_wconf 66' lang='grc' dir='ltr'><em>ἐιίιι,</em></span> <span class='ocrx_word' id='word_1_865' title='bbox 921 5401 1259 5475; x_wconf 64' lang='grc' dir='ltr'><strong>5-9’;’Μξιι·ιῖ.</strong></span> <span class='ocrx_word' id='word_1_866' title='bbox 1288 5426 1362 5475; x_wconf 83' lang='lat' dir='ltr'><strong>tv,</strong></span> <span class='ocrx_word' id='word_1_867' title='bbox 1393 5407 1488 5479; x_wconf 71' lang='lat'><strong>5-9</strong></span> <span class='ocrx_word' id='word_1_868' title='bbox 1506 5401 1879 5479; x_wconf 10' lang='lat' dir='ltr'><strong>;&quot;Lruc._1tvm,</strong></span> <span class='ocrx_word' id='word_1_869' title='bbox 1918 5410 2039 5479; x_wconf 9' lang='lat'><strong>5-78.</strong></span> <span class='ocrx_word' id='word_1_870' title='bbox 2115 5412 2158 5442; x_wconf 85' lang='lat'><strong>&#39;”</strong></span> <span class='ocrx_word' id='word_1_871' title='bbox 2194 5401 2345 5479; x_wconf 79' lang='grc' dir='ltr'><em>μόνοι</em></span> <span class='ocrx_word' id='word_1_872' title='bbox 2374 5404 2448 5477; x_wconf 87' lang='lat' dir='ltr'><strong>oi]</strong></span> <span class='ocrx_word' id='word_1_873' title='bbox 2485 5406 2634 5479; x_wconf 83' lang='grc' dir='ltr'><em>μόνοι</em></span> <span class='ocrx_word' id='word_1_874' title='bbox 2661 5406 2724 5479; x_wconf 60' lang='grc' dir='ltr'><strong>(ξ,</strong></span> <span class='ocrx_word' id='word_1_875' title='bbox 2895 5404 3061 5479; x_wconf 75' lang='lat' dir='ltr'><strong>&quot;_(Il&#39;._</strong></span> <span class='ocrx_word' id='word_1_876' title='bbox 3148 5403 3281 5457; x_wconf 83' lang='lat' dir='ltr'><strong>Mos.</strong></span> <span class='ocrx_word' id='word_1_877' title='bbox 3314 5416 3466 5479; x_wconf 52' lang='lat' dir='ltr'><strong>xxiii,</strong></span> <span class='ocrx_word' id='word_1_878' title='bbox 3595 5425 3608 5457; x_wconf 87' lang='lat'><strong><em>:</em></strong></span> 
     </span>
    </p>
   </div>
   <div class='ocr_carea' id='block_1_107' title="bbox 328 5471 3411 5551">
    <p class='ocr_par' dir='ltr' id='par_1_107' title="bbox 328 5471 3411 5551">
     <span class='ocr_line' id='line_1_107' title="bbox 328 5471 3411 5551; baseline -0.006 -9"><span class='ocrx_word' id='word_1_879' title='bbox 328 5483 562 5548; x_wconf 82' lang='grc' dir='ltr'><em>Είσάξω</em></span> <span class='ocrx_word' id='word_1_880' title='bbox 598 5482 706 5551; x_wconf 86' lang='grc' dir='ltr'><em>γὰρ</em></span> <span class='ocrx_word' id='word_1_881' title='bbox 746 5471 953 5551; x_wconf 75' lang='grc' dir='ltr'><em>αὐτοὺς</em></span> <span class='ocrx_word' id='word_1_882' title='bbox 1001 5471 1082 5551; x_wconf 59' lang='grc' dir='ltr'><strong>είς</strong></span> <span class='ocrx_word' id='word_1_883' title='bbox 1132 5480 1251 5551; x_wconf 69' lang='grc' dir='ltr'><em>τὴν</em></span> <span class='ocrx_word' id='word_1_884' title='bbox 1275 5471 1381 5548; x_wconf 82' lang='grc' dir='ltr'><em>γῆν</em></span> <span class='ocrx_word' id='word_1_885' title='bbox 1423 5471 1527 5551; x_wconf 73' lang='grc' dir='ltr'><em>τὴν</em></span> <span class='ocrx_word' id='word_1_886' title='bbox 1579 5477 1812 5551; x_wconf 49' lang='lat' dir='ltr'><strong>dfatim,</strong></span> <span class='ocrx_word' id='word_1_887' title='bbox 1849 5471 1915 5549; x_wconf 69' lang='grc' dir='ltr'><em>ἢν</em></span> <span class='ocrx_word' id='word_1_888' title='bbox 1958 5478 2161 5551; x_wconf 75' lang='grc' dir='ltr'><em>ὤμοσα</em></span> <span class='ocrx_word' id='word_1_889' title='bbox 2187 5471 2308 5551; x_wconf 67' lang='grc' dir='ltr'><em>τοῖς</em></span> <span class='ocrx_word' id='word_1_890' title='bbox 2347 5471 2617 5551; x_wconf 50' lang='lat' dir='ltr'><strong>nati-cadat}:</strong></span> <span class='ocrx_word' id='word_1_891' title='bbox 2649 5473 2848 5551; x_wconf 76' lang='grc' dir='ltr'><em>αὐτῶν,</em></span> <span class='ocrx_word' id='word_1_892' title='bbox 2889 5473 3009 5551; x_wconf 36' lang='grc' dir='ltr'><em>γῆν.</em></span> <span class='ocrx_word' id='word_1_893' title='bbox 3035 5472 3264 5551; x_wconf 72' lang='grc' dir='ltr'><em>ῥέουσαν</em></span> <span class='ocrx_word' id='word_1_894' title='bbox 3308 5471 3411 5551; x_wconf 48' lang='lat' dir='ltr'><strong>fati.</strong></span> 
     </span>
    </p>
   </div>
   <div class='ocr_carea' id='block_1_108' title="bbox 1208 5545 2491 5616">
    <p class='ocr_par' dir='ltr' id='par_1_108' title="bbox 1208 5545 2491 5616">
     <span class='ocr_line' id='line_1_108' title="bbox 1208 5545 2491 5616; baseline 0.002 -14"><span class='ocrx_word' id='word_1_895' title='bbox 1208 5549 1265 5602; x_wconf 69' lang='grc' dir='ltr'><em>αὶ</em></span> <span class='ocrx_word' id='word_1_896' title='bbox 1290 5545 1542 5616; x_wconf 63' lang='grc' dir='ltr'><em>πατέὸην</em></span> <span class='ocrx_word' id='word_1_897' title='bbox 1576 5545 1882 5610; x_wconf 73' lang='grc' dir='ltr'><em>ἐξελέσθαι’</em></span> <span class='ocrx_word' id='word_1_898' title='bbox 1905 5545 2103 5611; x_wconf 77' lang='grc' dir='ltr'><em>αὐτοὺς</em></span> <span class='ocrx_word' id='word_1_899' title='bbox 2150 5550 2213 5599; x_wconf 84' lang='grc' dir='ltr'><em>ἐκ</em></span> <span class='ocrx_word' id='word_1_900' title='bbox 2248 5548 2348 5615; x_wconf 81' lang='grc' dir='ltr'><strong>τῆς</strong></span> <span class='ocrx_word' id='word_1_901' title='bbox 2385 5545 2491 5616; x_wconf 70' lang='grc' dir='ltr'><strong>γῆς</strong></span> 
     </span>
    </p>
   </div>
   <div class='ocr_carea' id='block_1_109' title="bbox 1947 5612 3000 5687">
    <p class='ocr_par' dir='ltr' id='par_1_109' title="bbox 1947 5612 3000 5687">
     <span class='ocr_line' id='line_1_109' title="bbox 1947 5612 3000 5687; baseline 0.012 -3"><span class='ocrx_word' id='word_1_902' title='bbox 1947 5619 2052 5687; x_wconf 78' lang='grc' dir='ltr'><em>γῆν</em></span> <span class='ocrx_word' id='word_1_903' title='bbox 2105 5612 2315 5687; x_wconf 56' lang='lat' dir='ltr'><strong>metu</strong></span> <span class='ocrx_word' id='word_1_904' title='bbox 2343 5613 2467 5687; x_wconf 53' lang='grc' dir='ltr'><strong>ἔα).</strong></span> <span class='ocrx_word' id='word_1_905' title='bbox 2500 5612 2721 5687; x_wconf 52' lang='lat' dir='ltr'><strong>“QD-*1&quot;,</strong></span> <span class='ocrx_word' id='word_1_906' title='bbox 2769 5613 2852 5687; x_wconf 57' lang='grc' dir='ltr'><strong>εἰς</strong></span> <span class='ocrx_word' id='word_1_907' title='bbox 2899 5612 3000 5687; x_wconf 54' lang='lat' dir='ltr'><strong>ﬁt&quot;</strong></span> 
     </span>
    </p>
   </div>
   <div class='ocr_carea' id='block_1_110' title="bbox 328 5548 1102 5612">
    <p class='ocr_par' dir='ltr' id='par_1_110' title="bbox 328 5548 1102 5612">
     <span class='ocr_line' id='line_1_110' title="bbox 328 5548 1102 5612; baseline -0.006 -6"><span class='ocrx_word' id='word_1_908' title='bbox 328 5575 394 5612; x_wconf 87' lang='grc' dir='ltr'><strong>κ.</strong></span> <span class='ocrx_word' id='word_1_909' title='bbox 452 5570 503 5606; x_wconf 87' lang='grc' dir='ltr'><strong>τ.</strong></span> <span class='ocrx_word' id='word_1_910' title='bbox 532 5548 621 5607; x_wconf 58' lang='grc' dir='ltr'><em>λζ</em></span> <span class='ocrx_word' id='word_1_911' title='bbox 663 5548 705 5604; x_wconf 82' lang='lat' dir='ltr'><strong>II</strong></span> <span class='ocrx_word' id='word_1_912' title='bbox 743 5549 855 5602; x_wconf 80' lang='lat' dir='ltr'><strong>Mos</strong></span> <span class='ocrx_word' id='word_1_913' title='bbox 886 5565 971 5612; x_wconf 86' lang='lat' dir='ltr'><strong>nt,</strong></span> <span class='ocrx_word' id='word_1_914' title='bbox 1020 5548 1053 5602; x_wconf 90' lang='lat'><strong>8</strong></span> <span class='ocrx_word' id='word_1_915' title='bbox 1089 5565 1102 5601; x_wconf 91' lang='lat'><strong>:</strong></span> 
     </span>
    </p>
   </div>
   <div class='ocr_carea' id='block_1_111' title="bbox 325 5618 1894 5692">
    <p class='ocr_par' dir='ltr' id='par_1_111' title="bbox 325 5618 1894 5692">
     <span class='ocr_line' id='line_1_111' title="bbox 325 5618 1894 5692; baseline -0.003 -19"><span class='ocrx_word' id='word_1_916' title='bbox 325 5632 405 5682; x_wconf 70' lang='grc' dir='ltr'><em>ὲκ</em></span> <span class='ocrx_word' id='word_1_917' title='bbox 467 5625 566 5692; x_wconf 78' lang='grc' dir='ltr'><em>τῆς</em></span> <span class='ocrx_word' id='word_1_918' title='bbox 617 5618 1010 5692; x_wconf 21' lang='grc' dir='ltr'><em>γῆςλὲκείνης,</em></span> <span class='ocrx_word' id='word_1_919' title='bbox 1058 5619 1152 5692; x_wconf 53' lang='lat' dir='ltr'><strong>ita}.</strong></span> <span class='ocrx_word' id='word_1_920' title='bbox 1196 5619 1513 5692; x_wconf 66' lang='grc' dir='ltr'><em>εζσαγαγεῖν</em></span> <span class='ocrx_word' id='word_1_921' title='bbox 1561 5618 1758 5692; x_wconf 51' lang='lat' dir='ltr'><strong>admit;</strong></span> <span class='ocrx_word' id='word_1_922' title='bbox 1800 5620 1894 5692; x_wconf 62' lang='lat' dir='ltr'><strong>si;</strong></span> 
     </span>
    </p>
   </div>
   <div class='ocr_carea' id='block_1_112' title="bbox 2538 5474 3607 5609">
    <p class='ocr_par' dir='ltr' id='par_1_112' title="bbox 2538 5474 3607 5609">
     <span class='ocr_line' id='line_1_112' title="bbox 2538 5474 3606 5556; baseline -0.001 -31"><span class='ocrx_word' id='word_1_923' title='bbox 2538 5489 2617 5525; x_wconf 89' lang='grc' dir='ltr'><strong>σιν</strong></span> <span class='ocrx_word' id='word_1_924' title='bbox 2649 5474 2848 5535; x_wconf 78' lang='grc' dir='ltr'><em>αὐτῶν,</em></span> <span class='ocrx_word' id='word_1_925' title='bbox 2889 5474 2994 5542; x_wconf 81' lang='grc' dir='ltr'><em>γῆν</em></span> <span class='ocrx_word' id='word_1_926' title='bbox 3035 5474 3264 5544; x_wconf 78' lang='grc' dir='ltr'><em>ῥέουσαν</em></span> <span class='ocrx_word' id='word_1_927' title='bbox 3316 5474 3411 5524; x_wconf 82' lang='grc' dir='ltr'><em>καὶ</em></span> <span class='ocrx_word' id='word_1_928' title='bbox 3459 5474 3606 5556; x_wconf 81' lang='grc' dir='ltr'><em>μέλι.</em></span> 
     </span>
     <span class='ocr_line' id='line_1_113' title="bbox 2538 5543 3607 5609; baseline 0 -15"><span class='ocrx_word' id='word_1_929' title='bbox 2538 5544 2874 5609; x_wconf 82' lang='grc' dir='ltr'><em>Αἰγυπτίων,</em></span> <span class='ocrx_word' id='word_1_930' title='bbox 2927 5544 3022 5596; x_wconf 76' lang='grc' dir='ltr'><em>καὶ</em></span> <span class='ocrx_word' id='word_1_931' title='bbox 3068 5543 3359 5609; x_wconf 78' lang='grc' dir='ltr'><em>ἐξαγαγεῖν</em></span> <span class='ocrx_word' id='word_1_932' title='bbox 3405 5543 3607 5609; x_wconf 59' lang='lat' dir='ltr'><strong>auso-2:;</strong></span> 
     </span>
    </p>
   </div>
   <div class='ocr_carea' id='block_1_113' title="bbox 3043 5607 3612 5680">
    <p class='ocr_par' dir='ltr' id='par_1_113' title="bbox 3043 5607 3612 5680">
     <span class='ocr_line' id='line_1_114' title="bbox 3043 5607 3612 5680; baseline 0 -19"><span class='ocrx_word' id='word_1_933' title='bbox 3043 5607 3272 5680; x_wconf 78' lang='grc' dir='ltr'><em>ῥέουσαν</em></span> <span class='ocrx_word' id='word_1_934' title='bbox 3328 5607 3469 5680; x_wconf 76' lang='grc' dir='ltr'><em>γᾴλα</em></span> <span class='ocrx_word' id='word_1_935' title='bbox 3517 5610 3612 5664; x_wconf 77' lang='grc' dir='ltr'><em>καὶ</em></span> 
     </span>
    </p>
   </div>
   <div class='ocr_carea' id='block_1_114' title="bbox 329 5676 3607 5770">
    <p class='ocr_par' dir='ltr' id='par_1_114' title="bbox 329 5676 3607 5770">
     <span class='ocr_line' id='line_1_115' title="bbox 329 5676 3607 5770; baseline -0.003 -25"><span class='ocrx_word' id='word_1_936' title='bbox 329 5676 495 5770; x_wconf 46' lang='lat' dir='ltr'><strong>{ita},</strong></span> <span class='ocrx_word' id='word_1_937' title='bbox 864 5688 910 5720; x_wconf 79' lang='grc'><strong>⁷³</strong></span> <span class='ocrx_word' id='word_1_938' title='bbox 927 5676 1057 5759; x_wconf 75' lang='grc' dir='ltr'><em>γένη</em></span> <span class='ocrx_word' id='word_1_939' title='bbox 1089 5687 1161 5741; x_wconf 81' lang='grc' dir='ltr'><em>τὰ</em></span> <span class='ocrx_word' id='word_1_940' title='bbox 1203 5688 1283 5745; x_wconf 83' lang='lat' dir='ltr'><strong>C:</strong></span> <span class='ocrx_word' id='word_1_941' title='bbox 1324 5676 1528 5759; x_wconf 74' lang='grc' dir='ltr'><em>γενητὰ</em></span> <span class='ocrx_word' id='word_1_942' title='bbox 1566 5686 1637 5741; x_wconf 83' lang='grc' dir='ltr'><em>Μ.</em></span> <span class='ocrx_word' id='word_1_943' title='bbox 1707 5676 1752 5719; x_wconf 61' lang='grc'><strong>⁷⁸</strong></span> <span class='ocrx_word' id='word_1_944' title='bbox 1792 5676 1915 5744; x_wconf 76' lang='grc' dir='ltr'><strong>ὑπό.</strong></span> <span class='ocrx_word' id='word_1_945' title='bbox 1954 5676 2061 5741; x_wconf 66' lang='grc' dir='ltr'><strong>ἀπὸ</strong></span> <span class='ocrx_word' id='word_1_946' title='bbox 2094 5676 2164 5749; x_wconf 58' lang='lat' dir='ltr'><strong>C,&#39;</strong></span> <span class='ocrx_word' id='word_1_947' title='bbox 2194 5676 2283 5738; x_wconf 54' lang='grc' dir='ltr'><strong>Μ(</strong></span> <span class='ocrx_word' id='word_1_948' title='bbox 2342 5684 2388 5716; x_wconf 83' lang='grc'><strong>⁷⁸</strong></span> <span class='ocrx_word' id='word_1_949' title='bbox 2416 5681 2610 5769; x_wconf 53' lang='lat' dir='ltr'><strong>hiauit.</strong></span> <span class='ocrx_word' id='word_1_950' title='bbox 2644 5676 2728 5748; x_wconf 79' lang='grc' dir='ltr'><strong>ιίι,</strong></span> <span class='ocrx_word' id='word_1_951' title='bbox 2763 5681 2865 5747; x_wconf 81' lang='grc'><strong>10;</strong></span> <span class='ocrx_word' id='word_1_952' title='bbox 2902 5676 3153 5747; x_wconf 52' lang='grc' dir='ltr'><em>[ὑείιιῃ</em></span> <span class='ocrx_word' id='word_1_953' title='bbox 3181 5682 3234 5736; x_wconf 84' lang='lat'><strong>9.</strong></span> <span class='ocrx_word' id='word_1_954' title='bbox 3315 5676 3607 5747; x_wconf 71' lang='grc' dir='ltr'><em>τθλογικοὶ.</em></span> 
     </span>
    </p>
   </div>
   <div class='ocr_carea' id='block_1_115' title="bbox 326 5759 824 5833">
    <p class='ocr_par' dir='ltr' id='par_1_115' title="bbox 326 5759 824 5833">
     <span class='ocr_line' id='line_1_116' title="bbox 326 5759 824 5833; baseline -0.014 -13"><span class='ocrx_word' id='word_1_955' title='bbox 326 5759 410 5820; x_wconf 73' lang='grc' dir='ltr'><em>ὀί.</em></span> <span class='ocrx_word' id='word_1_956' title='bbox 450 5761 658 5833; x_wconf 73' lang='grc' dir='ltr'><em>λογικοὶ</em></span> <span class='ocrx_word' id='word_1_957' title='bbox 688 5759 824 5826; x_wconf 68' lang='lat' dir='ltr'><strong>CM.</strong></span> 
     </span>
    </p>
   </div>
  </div>
