4084 6412
311 439 451 505 3175
1420 431 1716 492 comm
1756 430 2122 492 narrasses
2155 431 2280 491 LIB
2346 433 2407 492 ι’.
3433 436 3573 503 3175

311 553 446 604 πᾶσι
495 546 608 610 τοῖς
654 541 960 614 γινομένοις
989 583 1002 605 ,
1044 540 1138 596 καὶ
1183 539 1448 610 γνώσεται
1493 542 1538 573 ’⁸
1589 543 1670 595 ὅτι
1722 548 1890 613 χωρὶς

1995 553 2217 612 possunt
2246 557 2488 597 cernere.
2521 543 2732 596 Etenim
2773 546 2839 598 ad
2886 562 3154 604 summum
3212 549 3326 617 ejus
3387 560 3569 618 caput.

307 640 474 696 αὑτοῦ
509 635 708 711 [οὐδὲν]
759 637 805 668 ’⁸
840 634 965 689 οὔτε
1000 635 1108 687 τῶν
1147 633 1414 704 οὐρανίων
1461 633 1586 686 οὔτε
1616 633 1725 686 τῶν
1762 636 1884 685 ὲπι-

1995 635 2132 706 quod
2167 634 2398 688 maxime
2448 634 2762 688 incredibile
2809 646 2890 691 est
2929 639 2994 692 iis
3039 641 3127 709 qui
3167 641 3437 705 nesciunt,
3470 643 3569 694 mi-

305 732 468 802 γείων
499 733 620 787 οὔτε
677 732 785 786 τῶν
823 732 1193 801 καταχθονίων
1242 729 1570 807 συνέστηκεν
1613 747 1626 760 ο
1663 732 1722 783 οὐ
1763 729 1880 794 νὺξ,

1995 737 2202 782 sccutur
2235 738 2283 780 et
2319 743 2536 780 occasus
2564 736 2613 780 et
2653 737 2797 781 artus
2828 729 3067 789 invicem.
3107 731 3217 786 lloc
3245 741 3347 798 εει,
3373 731 3437 785 de
3463 743 3570 798 quo

307 826 368 878 οὐ
400 825 619 896 σελήνη,
656 824 716 877 οὐ
759 824 983 894 καρποὶ,
1021 823 1080 874 οὗ
1118 823 1330 890 γένεσις
1355 864 1369 888 ,
1401 827 1461 878 οὐ
1504 823 1752 886 πλοῦτος,
1784 823 1882 892 οὐχ

1995 819 2125 874 dixit
2157 819 2482 889 ignorantia,
2516 819 2565 872 in
2599 820 2758 873 cmlo.

306 914 605 984 ὁδοιπορία,
633 915 742 968 οὐδ⁹
775 915 910 977 ὅλως
941 932 992 968 τι
1023 914 1132 967 τῶν
1161 915 1330 969 ὅντων
1399 915 1514 969 ἐστὶ
1543 915 1668 984 δίχα
1727 912 2087 983 σημαίνοντος
2177 909 2408 964 ἐκείνου.
2460 912 2584 965 Ἐπὶ
2633 913 2849 974 τούτου,
2883 913 2895 985 ι
2927 913 3114 984 φησιν,
3184 914 3303 966 ἐστὶ
3335 915 3395 967 τὸ
3428 914 3571 983 μέγα

308 1005 496 1075 Θαῦμα
548 1003 823 1074 ὁρώμενον
884 1006 941 1057 ὲν
992 1003 1069 1074 τῷ
1118 1005 1332 1076 οὐρανῷ
1388 1008 1500 1069 τοῖς
1553 1004 1872 1074 δυναμένοις
1915 1003 2063 1056 ἰδεῖν.
2096 1002 2257 1054 Κατὰ
2298 1001 2428 1071 γὰρ,
2463 1004 2615 1072 φησι,
2683 1004 2888 1076 ταύτην
2919 1007 3018 1076 τὴν
3068 1005 3245 1075 ἄκραν
3274 1004 3438 1058 αὐτοῦ
3471 1003 3571 1072 τὴν

309 1094 585 1164 κεφαλὴν,
618 1095 756 1164 ὅπερ
782 1093 999 1146 πάντων
1029 1095 1382 1165 ἀπιστότερον
1406 1097 1516 1157 τοῖς
1575 1095 1673 1146 οὐκ
1705 1092 1892 1158 εἰδόσι,
1930 1095 2252 1162 μίσγονται
2291 1093 2336 1123 ’⁷
2383 1092 2561 1159 δύσις
2637 1111 2700 1148 τε
2753 1097 2850 1149 καὶ
2905 1097 3174 1166 ἀνατολὴ
3249 1095 3569 1163 ἀλλήλαις.

309 1185 567 1239 Τουτέστι
601 1187 729 1255 περὶ
753 1179 814 1239 οὗ
842 1181 996 1240 εἶπεν
1026 1187 1059 1256 ἡ
1093 1186 1337 1253 ἀγνωσία
1362 1202 1375 1216 ·
1422 1185 1525 1238 Ἐν
1549 1183 1804 1253 οὺρανῷο

361 1297 676 1353 Ειλεῐταιη
691 1297 844 1367 μέγα
862 1298 1056 1367 θαῦμα
1073 1298 1314 1365 Δράκων
1337 1297 1557 1352 δεινοῖο
1579 1295 1871 1364 πελώρου.

321 1409 692 1481 Ἐκατέρωθεν
716 1409 771 1463 δὲ
799 1408 963 1463 αὐτοῦ
995 1411 1040 1442 ²⁹
1068 1409 1478 1480 παρατέτακται
1505 1408 1775 1477 Στέφανος
1792 1408 1886 1460 καὶ

311 1501 500 1573 Λύρα,
538 1501 634 1555 καὶ
679 1503 797 1554 κατ’
836 1500 1004 1572 αὐτὴν
1038 1501 1244 1554 ἄνωθεν
1293 1500 1390 1572 τὴν
1434 1499 1675 1570 κεφαλὴν
1707 1500 1884 1569 ἄκραν

313 1593 542 1656 ἐλεεινὸς
576 1592 856 1663 ἅνθρωπος
877 1633 890 1656 ,
923 1594 951 1646 ό
990 1593 1077 1646 Ἑν
1126 1590 1347 1660 γόνασιν
1401 1593 1549 1644 ἐστιν
1583 1591 1885 1662 ὁρώμενος,

381 1702 686 1772 Δεξιτεροῦ
731 1701 916 1770 ποδὸς
958 1702 1146 1771 ἀκρον
1173 1703 1330 1771 ἔχων
1353 1701 1397 1734 ³⁸
1449 1701 1719 1756 σκολιοῖο
1743 1701 1889 1771 Δρά-

1507 1773 1523 1846 ί
1541 1789 1775 1838 κοντος.

315 1886 475 1942 Κατά
507 1887 561 1940 δὲ
613 1887 704 1942 τὸν
736 1887 903 1942 νῶτον
938 1887 1030 1940 τοῦ
1094 1887 1180 1940 Ἐν
1227 1887 1451 1954 γόνασίν
1481 1887 1634 1941 ἐστιν
1686 1887 1886 1958 ἀτελὴς

311 1980 438 2047 ϐφις
469 1979 812 2049 ἀμφοτέραις
855 1981 973 2041 ταῖς
1004 1979 1163 2050 χερσὶ
1190 1977 1626 2048 κατεσφιγμένος
1657 1979 1762 2031 ὑπὸ
1793 1981 1888 2034 τοῦ

325 2070 628 2140 Ὀφιούχου,
665 2072 760 2124 καὶ
783 2070 1126 2141 κωλυόμενος
1153 2070 1465 2140 ἐφάψασθαι
1492 2070 1588 2123 τοῦ
1622 2071 1888 2140 στεφάνου

311 2162 721 2233 παρακειμένου
754 2161 832 2232 τῷ
857 2162 1046 2232 τελείῳ
1077 2161 1217 2231 ὄφει.

383 2253 469 2317 ιζ’.
503 2253 652 2324 Αὕτη
685 2255 718 2324 ἡ
747 2255 1121 2324 παμποίκιλος
1162 2255 1324 2324 σοφία
1356 2257 1457 2323 τῆς
1488 2255 1530 2287 ³⁸
1575 2257 1890 2326 Περατικῆς

315 2346 603 2415 αἱρέσεως,
639 2347 706 2416 ἢν
734 2345 970 2410 ἐξειπεῖν
1012 2347 1193 2400 πᾶσαν
1220 2346 1503 2416 δυσχερὲς,
1526 2347 1697 2411 οὓτως
1727 2344 1892 2402 οὖσαν

311 2437 534 2490 σκολιὰν
594 2438 681 2492 διὰ
739 2438 802 2492 τὸ
846 2439 910 2492 ὲκ
955 2438 1058 2508 τῆς
1111 2439 1508 2511 ἀστρολογικῆς
1551 2440 1726 2494 δοκεῖν
1774 2458 1892 2495 συν·

308 2530 549 2585 εστάναι.
577 2531 729 2584 Kueh
754 2528 845 2586 οὖν
873 2531 1096 2586 δυνατὸν
1115 2527 1205 2602 ἦν,
1225 2531 1284 2585 δι’
1312 2531 1505 2600 ὀλίγων
1516 2534 1697 2585 πᾶσαν
1720 2533 1892 2602 αὐτῆς

310 2623 413 2692 τὴν
436 2622 669 2694 δύναμιν
717 2623 1095 2694 ἐκτεθείμεθα.
1135 2625 1252 2678 Ἵνα
1280 2624 1338 2677 δὲ
1365 2623 1434 2678 δι’
1479 2623 1558 2696 [ρ.
1585 2624 1890 2696 ιδδ-ιδη

309 2715 578 2784 ἐπιτομῆς
601 2715 700 2786 τὴν
731 2718 911 2770 πᾶσαν
941 2716 1120 2768 αὐτῶν
1152 2715 1378 2786 γνώμην
1406 2715 1720 2787 ἑκθὼμεθα,
1745 2715 1894 2769 δοκεῖ

309 2805 627 2877 προσθεῖναι
677 2807 871 2863 ταῦτα.
909 2809 1067 2861 Ἔστι
1096 2810 1217 2862 κατ’
1251 2809 1451 2872 αὐτοὺς
1484 2810 1527 2841 ³⁸
1557 2809 1620 2862 τὸ
1645 2811 1754 2862 πᾶν
1787 2826 1892 2862 παι

307 2896 436 2966 τὴρ.
466 2897 600 2961 υἱὸς,
626 2897 730 2968 ὕλη
761 2913 774 2928 ο
800 2898 1005 2952 τούτων
1038 2899 1148 2952 τῶν
1168 2899 1338 2970 τριῶν
1367 2899 1598 2952 ἕκαστον
1630 2899 1892 2970 ἀπείρους

313 2986 429 3057 ἔχει
475 2988 734 3056 δυνάμεις
777 2992 836 3042 ὲν
870 2989 1066 3059 ἑαυτῷ.
1103 2989 1408 3054 Καθέζεται
1443 2985 1537 3044 οὖν
1574 2991 1739 3060 μέσος
1788 2990 1892 3059 τῆς

312 3075 447 3146 ὕλης
479 3078 574 3130 καὶ
608 3077 700 3132 τοῦ
749 3078 960 3148 πατρὸς
992 3081 1021 3132 ὁ
1066 3079 1211 3145 υίὸς,
1260 3081 1290 3132 ὁ
1338 3078 1495 3148 λόγος
1519 3121 1534 3146 ,
1566 3082 1596 3133 ὁ
1633 3081 1760 3150 δφις
1805 3081 1892 3134 ἀεὶ

311 3170 629 3240 κινούμενος
661 3171 798 3242 πρὸς
828 3171 1086 3244 ἀκίνητον
1115 3171 1207 3225 τὸν
1238 3172 1454 3241 πατέρα
1501 3173 1600 3227 καὶ
1629 3173 1890 3245 κινουμέ-

311 3277 411 3332 νην
443 3263 544 3332 τὴν
596 3260 760 3332 ὕλην,
816 3263 906 3315 καί
937 3279 1066 3316 ποτε
1116 3263 1215 3334 μὲν
1267 3265 1561 3335 στρέφεται
1615 3266 1754 3338 πρὸς
1796 3267 1891 3320 τὸν

313 3352 544 3424 πατέρα,
575 3353 669 3407 καὶ
707 3353 1077 3424 ἀναλαμϐάνει
1117 3354 1217 3417 τὰς
1244 3354 1501 3426 δυνάμεις
1525 3359 1604 3420 είς
1640 3357 1700 3411 τὸ
1726 3357 1894 3428 πρόσ-

310 3461 460 3499 ωπον
507 3444 722 3508 ἑαυτοῦ,
760 3445 1044 3500 ἀναλαϐὼν
1071 3446 1128 3500 δὲ
1181 3448 1281 3511 τὰς
1309 3446 1570 3519 δυνάμεις
1601 3448 1892 3519 στρέφεται

313 3537 452 3608 πρὸς
479 3537 578 3608 τὴν
609 3536 762 3608 ὕλην,
798 3540 894 3591 καὶ
929 3540 960 3609 ή
990 3539 1090 3610 ὕλη
1116 3539 1306 3602 ἄποιος
1338 3534 1477 3594 οὖσα
1509 3541 1605 3594 καὶ
1638 3541 1894 3611 ἀσχημά-

309 3645 490 3692 τιστος
523 3629 854 3684 ὲκτυποῦται
883 3627 896 3702 ι
928 3631 1024 3694 τὰς
1049 3632 1198 3694 ίδέας
1219 3629 1328 3683 ἀπὸ
1347 3629 1442 3684 τοῦ
1465 3629 1606 3697 υίοῦ,
1637 3630 1705 3694 ἃς
1729 3634 1757 3685 ὁ
1781 3631 1893 3696 υίὸς

312 3721 424 3776 ἀπὸ
457 3720 552 3775 τοῦ
591 3723 798 3792 πατρὸς
844 3722 1184 3777 ἐτυπὼσατο.
1231 3721 1593 3776 Ἐκτυποῦται
1629 3723 1688 3775 δὲ
1737 3723 1765 3774 ό
1795 3722 1894 3791 μὶν

313 3814 433 3878 υίὸς
457 3815 566 3868 ἀπὸ
592 3814 688 3867 τοῦ
733 3815 942 3884 πατρὸς
971 3815 1226 3885 ἀρρήτως
1256 3813 1352 3866 καὶ
1387 3813 1602 3874 ἀλάλως
1631 3812 1730 3864 καὶ
1759 3813 1896 3880 ἀμε-

311 3904 619 3966 ταστάτως,
645 3902 817 3965 οὕτως
856 3901 931 3964 ὥς
960 3919 1094 3973 φησι
1127 3900 1368 3970 Μωῦσῆς
1405 3899 1517 3954 ὰπὸ
1538 3899 1650 3954 τῶν
1681 3899 1895 3971 ῥάϐδων

313 3992 425 4047 τῶν
453 3993 563 4047 ἀπὸ
595 3992 704 4047 τῶν
740 3993 1108 4064 ποτιστηρίων
1165 3991 1487 4063 ῥερευκέναι
1523 3991 1590 4044 τὰ
1621 3989 1894 4061 χρώματα

315 4084 425 4137 τῶν
475 4082 978 4153 ἑγκεκισσημένων.
1026 4081 1256 4152 Ὁμοίως
1295 4081 1339 4133 δ’
1388 4076 1456 4134 αὖ
1511 4081 1607 4134 καὶ
1655 4081 1765 4135 ἀπὸ
1801 4079 1896 4134 τοῦ

315 4175 434 4230 υῑοῦ
483 4175 576 4228 ἐπὶ
607 4177 706 4244 τὴν
754 4173 887 4245 ὕλην
928 4173 1248 4245 ρερευκέναι
1281 4171 1381 4236 τὰς
1443 4171 1702 4240 δυνάμεις
1755 4171 1898 4226 κατά

315 4268 377 4321 τὸ
405 4265 718 4336 ὲγκίσσημα
752 4263 854 4335 τῆς
907 4265 1190 4334 δυνάμεως
1240 4263 1342 4334 τῆς
1391 4261 1501 4316 ἀπὸ
1529 4262 1640 4316 τῶν
1683 4261 1897 4332 ῥάϐδων

314 4359 410 4412 ἐπὶ
440 4357 508 4411 τὰ
537 4355 981 4427 ὲγκεκισσημένα
1003 4369 1019 4386 ο
1051 4355 1086 4426 ἡ
1106 4355 1164 4408 δὲ
1191 4355 1430 4426 διαφορὰ
1457 4354 1566 4408 τῶν
1587 4354 1898 4424 χρωμάτων

2115 1290 2346 1345 Volvitur
2375 1309 2619 1362 maguum
2649 1293 2962 1348 miraculum
2985 1296 3142 1348 draco
3172 1297 3570 1362 vastiportenti.

1989 1405 2072 1459 Ab
2103 1413 2333 1473 utraque
2364 1417 2545 1460 autem
2581 1420 2734 1475 parte
2749 1409 2996 1478 apposita
3028 1419 3112 1464 est
3146 1425 3346 1466 corona
3369 1423 3424 1466 ct
3457 1411 3573 1483 lyra

1991 1507 2046 1554 et
2097 1499 2164 1553 ad
2207 1499 2385 1568 ipsum
2435 1514 2670 1568 superne
2708 1517 2980 1556 summum
3031 1515 3196 1572 caput
3243 1504 3572 1561 miserabilis

1994 1590 2176 1655 homo,
2207 1588 2300 1660 qui
2330 1600 2412 1646 est
2449 1591 2501 1645 in
2530 1594 2794 1660 genubus,
2825 1603 2907 1648 est
2936 1596 3286 1664 conSpicuus,

2064 1701 2250 1756 Dextri
2271 1702 2418 1770 pedis
2447 1713 2734 1758 extremum
2767 1705 2962 1759 habens
3011 1706 3174 1777 juxta
3213 1718 3418 1764 vastum
3443 1713 3573 1766 dra-

3293 1777 3496 1850 [concm
3507 1823 3519 1834 .

1989 1885 2069 1939 Ad
2103 1885 2320 1939 dorsum
2352 1894 2531 1940 autem
2562 1886 2700 1955 ejus,
2730 1889 2820 1958 qui
2869 1889 2921 1943 in
2951 1891 3196 1959 genubus
3232 1900 3340 1956 est,
3373 1891 3575 1960 impero

1993 1981 2163 2033 fectus
2181 1989 2264 2034 est
2294 1994 2540 2050 serpens,
2569 1983 2832 2038 ambabus
2859 1985 3108 2040 manibus
3137 1986 3473 2041 constrictus
3507 1989 3575 2042 ab

1989 2072 2260 2140 ophiucho
2293 2082 2349 2126 et
2381 2074 2690 2142 prohibitus
2711 2075 2978 2144 attingere
3009 2091 3266 2132 coronam
3310 2078 3572 2147 adjacen-

1994 2173 2099 2218 tem
2129 2162 2366 2231 perlecto
2397 2167 2655 2234 serpenti.

2063 2255 2150 2308 l7.
2205 2253 2332 2310 Haec
2379 2258 2624 2325 pervaria
2673 2260 2938 2328 sapientia
2981 2261 3204 2317 haeresis
3269 2262 3570 2326 Peraticte.

1991 2361 2151 2415 quam
2189 2347 2404 2402 edicere
2443 2349 2752 2404 universam
2789 2352 3018 2406 arduum
3049 2362 3152 2414 est.
3203 2361 3309 2408 tam
3349 2370 3572 2425 pravam

1991 2437 2159 2501 illam,
2194 2437 2320 2506 quia
2368 2452 2434 2492 ex
2480 2439 2872 2508 astrologorum
2910 2450 3031 2498 arte
3077 2443 3294 2496 videtur
3338 2443 3569 2499 deducta

1992 2544 2134 2585 esse.
2184 2529 2458 2596 Quantum
2506 2531 2671 2599 igitur
2704 2531 2820 2586 ﬂeri
2867 2544 3104 2603 poterat,
3137 2535 3328 2604 paucis
3355 2549 3573 2590 omnem

1995 2620 2101 2672 vim
2148 2618 2268 2685 ejus
2310 2622 2681 2690 exposuimus.
2713 2621 2782 2676 Ut
2813 2633 2995 2678 autem
3039 2638 3139 2692 per
3191 2625 3571 2693 compendium

1997 2711 2350 2784 196-197
2381 2727 2596 2769 onmem
2633 2729 2821 2769 eorum
2872 2717 3175 2770 doctrinam
3217 2717 3571 2786 explicemus.

1992 2804 2170 2875 placet
2207 2805 2409 2860 addere
2457 2805 2592 2861 haec.
2626 2805 2719 2861 Est
2767 2808 3065 2864 secumlum
3106 2809 3228 2864 illos
3257 2810 3569 2864 universum

2003 2903 2180 2964 paler,
2215 2893 2382 2956 filius,
2421 2896 2672 2951 materia.
2702 2895 2905 2951 Horum
2954 2898 3113 2952 trium
3157 2897 3578 2968 unumquodque

2001 2983 2250 3038 inﬁnitas
2297 2983 2462 3038 habet
2489 2996 2790 3054 potestates
2831 2989 2886 3042 in
2918 3003 3057 3043 sese.
3112 2987 3374 3042 Consedit
3407 2988 3576 3059 igitur

1997 3073 2208 3128 medius
2243 3073 2386 3127 inter
2418 3076 2704 3130 materiam
2741 3087 2795 3131 et
2825 3086 3032 3147 patrem
3061 3077 3226 3142 illius,
3259 3076 3435 3147 lugus,
3459 3091 3577 3132 ser»

1994 3181 2148 3234 pens,
2182 3180 2398 3236 semper
2432 3182 2553 3222 sese
2593 3182 2818 3223 movens
2863 3169 2928 3222 ad
2961 3169 3241 3223 immoutm
3275 3179 3482 3238 patrem
3522 3181 3578 3224 ct

1993 3271 2114 3312 sese
2143 3266 2450 3312 moventem
2477 3259 2784 3325 materiam,
2815 3269 2870 3314 et
2909 3259 3201 3328 aliquando
3247 3260 3478 3314 vertitur
3507 3261 3576 3321 ad

1991 3357 2202 3417 patrem
2249 3355 2305 3404 et
2356 3347 2553 3417 recipit
2603 3358 2898 3418 potestates
2944 3350 2998 3404 in
3051 3365 3335 3419 personam
3384 3365 3574 3414 suam;

1994 3451 2279 3509 postquam
2310 3450 2493 3496 autem
2529 3441 2731 3510 recepit
2758 3450 3079 3510 potestates,
3099 3444 3332 3498 vertitur
3361 3445 3428 3497 ad
3462 3458 3575 3496 nta-

1995 3531 2208 3596 teriam,
2239 3539 2295 3586 et
2323 3531 2576 3594 materia,
2611 3546 2803 3587 carens
2828 3531 3091 3601 qualitate
3123 3541 3177 3587 et
3209 3532 3397 3602 ﬁgura,
3428 3533 3481 3586 in
3513 3547 3576 3588 se

1992 3623 2198 3693 effingit
2242 3625 2394 3678 ideas
2426 3639 2454 3678 a
2498 3624 2632 3690 lilio,
2680 3639 2817 3694 quas
2858 3624 3001 3678 illius
3035 3640 3062 3678 a
3108 3633 3262 3694 patre
3295 3624 3347 3677 in
3389 3639 3450 3678 se
3496 3623 3579 3678 ef-

1997 3713 2173 3770 finxit.
2216 3715 2510 3784 Elﬂngitur
2552 3725 2734 3772 autem
2787 3716 2928 3771 filius
2960 3732 2988 3770 a
3033 3728 3187 3787 patre
3235 3715 3580 3770 ined‘abilitcr

1996 3815 2052 3862 et
2083 3807 2408 3862 invocaliter
2450 3815 2506 3860 et
2554 3807 2900 3864 intransitive
2926 3809 3008 3864 sic
3056 3809 3132 3863 uti
3165 3808 3296 3862 dicit
3337 3805 3513 3862 Moses
3545 3823 3576 3860 ε

1993 3895 2163 3965 virgis
2187 3909 2254 3949 ex
2289 3895 2590 3965 potisteriis
2615 3897 2928 3963 conspicuis
2955 3897 3174 3953 ﬂuxisse
3201 3898 3415 3952 colores
3448 3911 3577 3952 con-

1995 3995 2276 4053 ceptorum
2322 3985 2552 4040 fetuum.
2588 3985 2854 4041 Similiter
2889 3997 3073 4042 autem
3110 4005 3302 4044 rursus
3343 3991 3506 4044 etiam
3546 4005 3577 4043 a

1998 4076 2108 4130 filio
2143 4075 2195 4130 in
2243 4077 2527 4130 materiam
2561 4076 2783 4132 ﬂuxisse
2813 4087 3112 4148 potestates
3143 4081 3208 4132 ad
3243 4082 3413 4135 instar
3441 4080 3579 4136 infe-

2010 4169 2236 4224 talionis
2264 4167 2552 4236 potestatis
2578 4183 2698 4234 qua
2735 4169 3071 4224 redundabat
3092 4186 3120 4224 ι
3153 4172 3324 4240 virgis
3360 4173 3426 4225 ad
3447 4187 3578 4226 cou-

1997 4269 2189 4328 ceptus
2218 4259 2381 4314 fetus.
2417 4257 2730 4314 Dill'erentia
2771 4269 2951 4314 autem
2984 4259 3228 4315 colorum
3262 4270 3317 4314 et
3337 4261 3578 4317 dissimi-

2000 4351 2193 4418 liludo,
2226 4365 2348 4421 quae
2381 4349 2536 4405 ﬂuxit
2565 4366 2594 4406 a
2630 4351 2794 4422 virgis
2823 4365 2920 4421 per
2963 4366 3133 4421 aquas
3165 4353 3232 4408 ad
3267 4368 3420 4416 oves.
3471 4352 3578 4407 dif-

315 4449 412 4502 καὶ
443 4451 477 4518 ἡ
509 4447 832 4518 ἀνομοιότης
862 4445 1104 4516 ῥεύσασα
1132 4445 1240 4497 ἀπὸ
1265 4444 1372 4496 τῶν
1419 4443 1630 4515 ῥάϐδων
1658 4442 1748 4496 διὰ
1782 4442 1892 4496 τῶν

2000 4444 2256 4509 ferentia,
2306 4443 2510 4513 inquit,
2557 4445 2924 4514 generationis
2969 4453 3056 4498 est
3096 4444 3342 4500 mortalis
3389 4453 3443 4500 et
3470 4445 3575 4499 im-

317 4539 525 4592 ὐδάτων
569 4539 664 4592 ἐπὶ
707 4539 776 4591 τὰ
823 4537 1077 4609 πρόϐατα
1110 4537 1385 4607 διαφορὰ,
1419 4536 1574 4607 φησι,
1623 4533 1891 4606 γενέσεώς

319 4633 439 4685 ἐστι
473 4630 722 4702 φθαρτῆς
751 4631 844 4683 καὶ
885 4629 1166 4701 ἀφθάρτου
1189 4647 1204 4662 ο
1240 4627 1443 4698 μᾶλλον
1479 4629 1538 4681 δὲ
1562 4628 1751 4699 ὥσπερ
1786 4629 1893 4693 ζω-

319 4721 548 4792 γραφῶν
574 4721 681 4774 ἀπὸ
704 4721 812 4773 τῶν
844 4720 998 4784 ζώων
1027 4719 1192 4789 μηδὲν
1225 4717 1628 4789 ἀφαιρούμενος
1656 4721 1720 4788 τῇ
1756 4734 1894 4788 γρα-

319 4813 431 4883 φίδι
463 4813 644 4877 πάσας
668 4812 762 4865 ἐπὶ
795 4811 886 4864 τὸν
913 4811 1117 4865 πίνακα
1157 4809 1454 4881 μεταφέρει
1497 4809 1597 4874 τὰς
1625 4810 1768 4871 ἰδέας
1795 4811 1894 4877 ὲγο

318 4906 566 4975 γράφων,
599 4904 770 4967 οὕτως
798 4904 827 4954 ὁ
873 4902 987 4966 υἱὸς
1010 4904 1078 4974 τῇ
1105 4902 1329 4971 δυνάμει
1358 4903 1423 4972 τῇ
1454 4899 1644 4956 ἑαυτοῦ
1665 4899 1774 4954 ἀπὸ
1798 4899 1892 4952 τοῦ

321 4996 528 5067 πατρὸς
557 4995 649 5050 ἐπὶ
673 4995 771 5065 τὴν
802 4992 934 5063 ὓλην
957 4994 1082 5054 τοὺς
1115 4991 1414 5062 πατρικοὺς
1451 4991 1748 5060 μεταφέρει
1791 5007 1889 5060 χα-

325 5086 621 5156 ρακτῆρας.
651 5085 837 5140 Ἔστιν
877 5078 970 5137 οὖν
999 5083 1177 5136 πάντα
1205 5081 1272 5134 τὰ
1311 5079 1555 5150 πατρικά
1589 5080 1773 5134 ἐνθάδε
1800 5081 1893 5133 καὶ

321 5177 492 5230 οὐδέν.
527 5178 587 5230 Εἰ
616 5176 724 5245 γάρ
757 5191 860 5238 τις,
889 5174 1072 5244 φησιν,
1105 5171 1379 5242 ὲξισχύσει
1409 5173 1518 5224 τῶν
1550 5171 1740 5224 ἐνθάδε
1787 5189 1890 5226 κα-

319 5265 646 5341 τανοηθῆναι
673 5265 718 5298 ³³
751 5266 833 5319 ὅτι
875 5263 994 5316 ἔστι
1030 5263 1076 5295 ³⁸
1103 5261 1366 5334 πατρικὸς
1398 5263 1650 5334 χαρακὴρ
1691 5263 1896 5316 ἀνωθεν

2004 4535 2274 4590 mortalis.
2307 4535 2498 4590 Potius
2526 4545 2704 4590 autem
2737 4536 2880 4592 sicut
2905 4537 3133 4608 pingens
3155 4538 3224 4592 ab
3256 4537 3579 4595 animalibus

2001 4628 2135 4682 nihil
2166 4627 2418 4682 auferens
2443 4628 2583 4700 ston
2605 4643 2794 4684 omnes
2821 4629 2876 4684 in
2898 4629 3134 4686 tabulam
3166 4630 3427 4685 transfert
3453 4644 3580 4701 spe-

1995 4720 2106 4774 cies
2151 4719 2516 4783 inscribendo,
2568 4719 2640 4775 ita
2695 4719 2837 4776 filius
2889 4729 3160 4791 potestate
3195 4736 3290 4776 sua
3343 4721 3514 4790 ipsius
3545 4737 3577 4777 ι

1996 4822 2150 4882 patre
2194 4813 2260 4865 ad
2291 4811 2574 4866 materiam
2607 4821 2864 4881 paternas
2898 4813 3158 4869 transfert
3205 4822 3382 4868 notas.
3439 4811 3582 4868 Sunt

1996 4904 2160 4973 igitur
2187 4905 2368 4958 omnia
2419 4912 2647 4972 paterna
2700 4905 2810 4969 hic,
2847 4919 2946 4960 nec
2993 4905 3311 4973 quidquam.
3345 4903 3480 4958 Nam
3530 4904 3578 4959 si

1997 4995 2141 5064 quis,
2171 4995 2364 5064 inquit,
2403 4994 2603 5049 vah-bit
2631 5009 2844 5059 eorum,
2896 4996 2986 5065 qui
3032 4995 3120 5051 hic
3165 5004 3315 5060 sunt,
3354 5009 3578 5065 perspe-

2001 5085 2145 5139 xisse
2186 5095 2465 5153 paternam
2505 5100 2563 5140 se
2602 5099 2724 5140 esse
2760 5097 2942 5141 notam
2976 5087 3208 5156 desuper
3258 5086 3575 5142 translatam

2000 5175 2126 5240 huc,
2161 5177 2515 5240 incarnatam,
2549 5176 2705 5246 quasi
2746 5179 3123 5247 gravidatione
3179 5178 3518 5233 redundante
3545 5193 3574 5235 a

2003 5265 2175 5336 virga,
2211 5267 2391 5322 album
2413 5267 2542 5337 quid
2575 5267 2748 5324 factus
2779 5277 2884 5334 est,
2917 5268 3157 5336 ejusdem
3201 5279 3411 5323 natura:
3451 5285 3574 5323 cum

1624 5395 1858 5451 VARle
1896 5396 2294 5454 LECTIONES.

398 5534 871 5609 "fat-rrémetqt.
891 5529 1620 5609 γνῲσετεςῖλγνιιῦσετιίαι-Μ.Δ
1673 5534 1718 5566 ’⁸
1749 5536 2034 5609 οὐδὲν-οιιι.
2067 5538 2130 5592 C.
2207 5541 2250 5571 ³⁷
2279 5536 2360 5592 Cf.
2395 5537 2542 5609 Arat.
2567 5554 2615 5591 v.
2646 5537 2714 5592 62
2741 5546 2794 5593 ει
2824 5555 2982 5608 supra
3011 5555 3062 5606 p.
3083 5543 3101 5593 1
3120 5543 3574 5609 Ιϐ,95;Μίσγονο

322 5621 413 5656 ται
437 5602 616 5666 δύσιές
637 5621 696 5656 τε
732 5605 824 5654 καὶ
849 5602 1064 5655 ἀντολαὶ
1092 5603 1291 5674 eum
1303 5606 1456 5658 3w.”
1477 5605 1559 5659 Cf.
1599 5604 1747 5659 Arat.
1779 5621 1825 5658 ν.
1856 5605 1926 5658 46
1954 5623 1966 5657 :
1993 5609 2225 5661 Εἰλεῖται
2257 5609 2400 5678 μέγα
2420 5606 2624 5677 θαῦμα,
2657 5602 2904 5680 Δράκωνξ
2943 5602 3070 5662 περί
3093 5613 3140 5663 τ’
3166 5602 3310 5682 ἀμφί
3334 5602 3578 5680 τ’ὲαγὼς

326 5673 556 5728 Μυοίος.
583 5685 635 5725 ει
659 5688 820 5728 sunra
849 5687 901 5728 ι).
936 5672 1056 5728 116.
1092 5673 1162 5726 84
1194 5693 1206 5728 :
1248 5641 1406 5728 Μέγα
1433 5674 1620 5728 Θαῡμα
1650 5675 1955 5728 Δράκοντος
1979 5678 2226 5728 πελώρου
2301 5679 2345 5709 ’θ
2371 5677 2454 5728 Cf.
2499 5691 2658 5728 Supra
2693 5696 2744 5728 η.
2779 5678 2901 5728 HS-
2933 5672 3018 5728 12.
3119 5680 3163 5712 ³⁸
3203 5681 3360 5728 mea:
3406 5682 3577 5728 homo

326 5673 556 5742 Μυρίος.
583 5685 635 5725 ει
659 5688 820 5742 supra
849 5687 901 5741 p.
936 5672 1056 5742 116,
1092 5673 1162 5726 84

1305 5674 1620 5763 inuisi”?
1650 5675 1955 5763 ἑεέκοῖξος
1979 5678 2226 5763 ιῖελιὲρου
2258 5672 2270 5678 ⁷
2301 5672 2454 5763 ’ζετο
2474 5672 2665 5763 sua”.
2693 5672 2744 5763 i2.-
2779 5678 2902 5741 ηε·
2933 5672 3018 5729 η·

3119 5680 3163 5712 “
3203 5680 3376 5752 ποδὸς
3406 5682 3477 5736 ἀκ
3485 5699 3577 5752 ρον

325 5740 661 5820 ἔχειᾼιυιιιε
689 5740 861 5820 γλτο,
897 5740 1054 5820 ποδὸς
1077 5740 1375 5820 ίχνοςρἔχων
1395 5740 1555 5820 supra
1581 5759 1632 5811 p.
1673 5740 1797 5809 “0,
1826 5745 1906 5820 _l_l.
1972 5747 2026 5820 ξι
2057 5740 2157 5820 τῆς
2178 5763 2288 5820 oin.
2330 5747 2405 5820 (3ἒ
2461 5748 2516 5820 _'_’
2538 5740 2618 5803 Cf.
2652 5748 2666 5802 Ι
2695 5740 2830 5805 Illos.
2885 5740 3009 5816 xxx,
3041 5749 3107 5802 37
3137 5766 3257 5820 sqq.
3337 5740 3381 5782 ⁵³
3414 5740 3580 5805 rara-

325 5809 602 5883 νοηθῆναι,
629 5811 721 5864 καὶ
753 5809 1070 5880 ὲννοηθῆναι
1097 5809 1159 5880 C,
1200 5809 1608 5885 ὡς’ὲννοηθῖλναι
1640 5831 1781 5885 susp.
1826 5815 1892 5870 Μ.
1969 5817 2012 5848 ³⁸
2043 5809 2176 5870 ἐστί.
2201 5817 2428 5884 ἔσταια,
2461 5816 2526 5872 Μ.
