4084 6410
1565 382 1861 444 CONTRA
1899 382 2265 444 HIERESES
2301 382 2444 441 LIB.
2485 381 2583 440 VI.
3562 377 3703 437 3‘2lti

429 387 572 452 3215

433 502 525 564 θὲς
549 498 584 569 ἡ
607 494 799 567 Γραφὴ
819 492 1018 559 διδάξει
1048 493 1137 546 ὅτι
1169 492 1350 560 λέγει·
1389 492 1529 560 Ἐγώ
1551 495 1666 561 ειμι
1686 494 1730 524 σε
1756 495 1789 547 δ
1813 492 2009 547 πλάσ-

2124 491 2290 547 Moses
2322 499 2536 546 uterum
2564 491 2719 555 dixit,
2753 489 3016 559 siquidem
3050 491 3175 546 licet
3204 493 3324 561 logo
3357 491 3601 546 credere.
3641 493 3696 546 Sl

433 587 624 650 σων⁸³
657 599 731 639 σε
782 585 852 637 ἐν
892 583 1090 652 μήτρᾳ
1125 583 1351 651 μητρός
1381 596 1518 636 σου.
1565 584 1674 636 Καὶ
1713 582 1872 636 τοῦτο
1904 583 2012 654 γὰρ

2124 597 2245 635 vero
2269 580 2468 634 format
2497 579 2636 634 Dens
2669 582 2719 634 in
2755 591 2909 635 utero
2941 583 3128 635 matris
3155 584 3454 647 hominem,
3487 583 3591 637 boe
3623 591 3708 636 est

433 679 576 734 οὑτω
602 677 746 732 θέλει
772 675 1108 744 γεγράφθαι.
1132 674 1237 728 Τὺν
1263 674 1611 743 παράδεισον,
1637 676 1823 746 φησὶν,
1848 675 2014 744 ἀλλη-

2124 674 2168 726 iu
2237 674 2510 742 paradiso,
2564 683 2620 726 ut
2671 673 2936 738 dicebam,
2989 683 3108 727 esto
3164 675 3448 742 paradisus
3490 685 3704 738 uterus,

435 771 612 842 γορῶν
643 772 671 823 6
699 769 905 838 Μωσῆς
934 767 1032 836 τὴν
1075 767 1289 836 μήτραν
1323 766 1545 836 εἴρηκεν
1567 807 1579 831 ,
1623 767 1782 836 εἴπερ
1816 767 1897 819 δεῖ
1937 765 2016 836 τῷ

2124 760 2279 816 Edem
2309 770 2486 815 autem
2527 761 2672 830 regio
2715 761 2822 823 illa,
2860 761 3052 814 fluvius
3103 763 3394 830 egrediens
3425 777 3490 815 ex
3539 761 3704 816 Edem

437 864 580 931 λόγῳ
612 858 911 914 πιστεύειν.
944 860 1008 910 Εἰ
1035 857 1092 910 δὲ
1129 857 1358 910 πλάσσει
1393 859 1420 907 6
1450 857 1581 920 Θεὸς
1602 859 1660 909 ἐν
1696 859 1878 928 μήτρᾳ
1915 875 2016 926 μη‹

426 953 566 1026 πρὸς
610 951 700 1004 τὸν
753 949 1075 1020 ἄνθρωπον,
1133 947 1410 1001 τουτέστιν
1456 949 1513 999 ἐν
1560 949 1903 1018 παραδείσῳ,
1941 947 2018 1010 ὡς

444 1047 577 1113 ἔφην
598 1082 613 1105 ,
656 1041 796 1094 εστω
833 1040 1162 1110 παράδεισος
1199 1042 1232 1110 ἡ
1279 1041 1461 1110 μήτρα
1484 1080 1498 1102 ,
1545 1041 1706 1108 Ἐδὲμ
1733 1039 1790 1092 δέ
1821 1039 1882 1092 1:6
1913 1057 2018 1108 χω-

444 1132 577 1202 ρίον,
630 1129 896 1197 ποταμὸς
928 1128 1464 1196 ἐκπορευόμενος⁶⁸
1510 1129 1580 1190 ἐξ
1642 1127 1810 1195 Ἐδὲμ
1857 1127 2019 1178 ποτί-

441 1221 560 1279 ζειν
579 1219 624 1250 ⁸³
657 1216 766 1271 τόν
809 1215 1178 1284 παράδεισον
1215 1216 1242 1266 6
1279 1214 1544 1282 ὀμφαλός.
1577 1209 1742 1274 Οὗτος
1766 1253 1780 1274 ,
1815 1215 1980 1281 φησὶν
2003 1251 2017 1274 ,

435 1306 758 1377 ἀφορίζεται
781 1309 808 1358 6
836 1305 1079 1374 ὀμφαλὸς
1112 1306 1192 1367 εἰς
1226 1304 1494 1374 τέσσαρας
1517 1303 1712 1374 ἀρχάς.
1747 1302 2018 1371 ἑκατέρω-

442 1398 533 1450 θεν
568 1398 676 1466 γὰρ
709 1395 802 1450 τοῦ
835 1394 1083 1465 ὀμφαλοῦ
1114 1393 1206 1446 δύο
1246 1395 1381 1446 εἰσίν
1411 1393 1672 1463 ἀρτηρίαι
1711 1410 2020 1464 παρατετα-

445 1485 665 1554 μέναι⁸⁶
687 1526 702 1550 ,
739 1485 915 1553 ὀχετοὶ
957 1483 1298 1552 πνεύματος,
1332 1485 1424 1535 καὶ
1457 1483 1550 1535 δύο
1580 1483 1807 1550 φλέϐες,
1841 1485 2022 1554 ὀχετοὶ

441 1576 691 1646 αἵματος.
740 1573 1052 1626 Ἐπειδὰνεπ
1089 1573 1144 1624 δὲ
1167 1614 1181 1637 ,
1214 1573 1415 1640 φησὶν,
1458 1572 1565 1624 ἀπὸ
1594 1573 1686 1626 τοῦ
1729 1574 1885 1642 Ἐδὲμ
1917 1592 2021 1644 χω-

444 1668 561 1738 ρίου
601 1666 1034 1737 ἐκπορευόμενος
1074 1667 1100 1718 6
1140 1664 1380 1733 ὀμφαλὸς
1416 1666 1595 1734 ἐμφυῇ
1635 1663 1712 1734 τῷ
1747 1666 2022 1734 γενομένῳ

442 1757 581 1811 κατὰ
623 1757 684 1808 τὸ
714 1756 1099 1825 ἐπιγάστριον,
1147 1753 1204 1807 ὃν
1245 1753 1441 1817 κοινῶς
1489 1755 1689 1816 πάντες
1740 1771 2021 1822 προσαγο-

445 1855 692 1926 ρεύουσιν
724 1854 967 1924 ὀμφαλὸν
999 1854 1133 1906 ⁸⁸η..

2119 855 2181 906 ad
2230 853 2564 922 irrigatnlum
2618 854 2927 920 paradisum
2970 853 3274 907 umbilicus.
3330 854 3453 918 Hic,
3509 853 3704 922 inquit,

2119 947 2372 999 dividitur
2417 945 2700 999 umbilicus
2747 945 2796 997 in
2839 954 3070 1014 quatuor
3108 945 3304 1013 capita.
3344 945 3422 997 Ab
3482 954 3710 1012 utraque

2123 1039 2266 1090 enim
2299 1048 2449 1104 parte
2479 1036 2719 1090 umbilici
2765 1051 2885 1105 qua:
2919 1046 3046 1088 sunt
3080 1036 3300 1088 arteria:
3339 1035 3493 1104 juxta
3523 1047 3707 1101 tensae,

2121 1129 2336 1182 canales
2380 1129 2622 1196 spiritus,
2661 1139 2714 1180 et
2763 1129 2880 1180 diue
2923 1143 3096 1190 vena",
3139 1127 3360 1181 canales
3407 1126 3707 1195 sanguinis.

2123 1220 2226 1273 Ubi
2269 1230 2469 1285 autem,
2505 1221 2699 1286 inquit,
2737 1235 2799 1271 es
2835 1219 2998 1273 Edent
3032 1220 3250 1288 regione
3275 1218 3560 1287 egrediens
3589 1232 3707 1268 ιιιιια

2124 1309 2314 1364 bilicus
2361 1311 2627 1364 iurreseet
2665 1311 2902 1364 nascenti
2942 1309 3086 1363 circa
3134 1310 3510 1378 epigastrium,
3551 1323 3708 1377 quem

2123 1401 2394 1452 communi
2429 1417 2524 1453 usu
2555 1401 2790 1453 uniVersi
2835 1401 3106 1469 appellant
3153 1401 3468 1453 umbilicum
3511 1438 3524 1452 .
3570 1421 3586 1453 ι
3630 1439 3646 1453 .
3693 1438 3708 1453 .

2123 1494 2241 1548 diue
2273 1507 2452 1548 autem
2480 1496 2582 1548 ilhc
2630 1511 2797 1561 venae,
2828 1511 2924 1562 pcr
2965 1511 3097 1561 quas
3147 1494 3262 1548 ﬂuit
3321 1505 3374 1547 et
3432 1493 3602 1547 fertur
3642 1490 3712 1546 ab

2125 1584 2288 1638 Edent
2342 1587 2556 1653 regione
2610 1588 2827 1654 sanguis
2878 1601 2972 1654 per
3025 1597 3228 1655 portas,
3281 1600 3398 1654 qua!
3454 1585 3710 1638 dicuntur

2127 1675 2354 1742 hepatis,
2391 1691 2509 1744 quae
2559 1690 2788 1731 nascens
2840 1677 3031 1740 alunt;
3085 1677 3300 1730 arteria:
3351 1685 3529 1730 autem
3578 1676 3704 1738 illa',

2123 1780 2260 1833 quas
2309 1767 2543 1820 diximus
2589 1767 2803 1820 canales
2845 1781 2966 1820 esse
3013 1768 3308 1836 sanguinis,
3361 1768 3428 1819 ab
3476 1775 3706 1830 utraque

1174 1853 1230 1904 αἱ
1264 1853 1319 1904 δὲ
1350 1852 1443 1904 δύο
1474 1853 1689 1920 φλέϐες,
1723 1853 1790 1905 δι’
1829 1847 1902 1905 ὧν
1934 1855 2020 1921 ῥεῖ

2124 1868 2274 1925 parte
2301 1857 2559 1924 amplexae
2586 1860 2818 1912 vesicam
2854 1860 2999 1912 circa
3051 1860 3242 1926 pelvim
3281 1873 3528 1925 magnam
3561 1868 3708 1910 arte-

441 1955 536 2007 καὶ
562 1953 783 2024 φέρεται
806 1953 913 2005 ἀπὸ
932 1951 1023 2005 τοῦ
1067 1953 1225 2022 Ἐδεμ
1252 1951 1344 2004 τοῦ
1379 1953 1581 2022 χωρίου
1613 1952 1672 2004 τὸ
1707 1947 1846 2022 αἷμα
1874 1954 2018 2006 κατὰ

2124 1949 2252 2002 riam
2281 1950 2618 2018 cautingunt,
2648 1951 2748 2003 hoc
2799 1959 2882 2004 est
2927 1965 3045 2018 qua:
3077 1964 3173 2016 per
3199 1951 3414 2002 dorsum
3476 1956 3706 2001 vocatur

439 2041 538 2104 τὰς
575 2039 917 2110 καλουμένας
950 2039 1124 2101 πύλας
1168 2038 1260 2090 τοῦ
1291 2040 1530 2109 ἥπατος,
1570 2040 1771 2102 αἵτινες
1800 2041 1860 2093 τὸ
1894 2060 2018 2110 γεν-

442 2132 680 2202 νώμενον
719 2130 1006 2203 τρέφουσιν
1029 2145 1042 2160 '
1074 2131 1130 2182 eti
1159 2129 1214 2181 δέ
1240 2130 1531 2199 ἀρτηρίαι,
1559 2129 1620 2192 8t;
1647 2130 1856 2202 ἔφημεν
1893 2135 2017 2202 ὀχε-

2120 2053 2345 2105 aortam,
2381 2051 2434 2095 et
2477 2042 2550 2094 ita
2602 2057 2698 2109 per
2741 2043 2876 2095 ostia
2931 2042 2983 2095 iu
3033 2057 3128 2095 cor
3164 2053 3448 2108 permeans
3485 2039 3710 2107 spiritus

2121 2141 2322 2186 motum
2355 2132 2518 2186 etiicit
2563 2132 2916 2185 uterinorum.
2959 2131 3090 2184 Dum
3126 2131 3270 2185 enim
3323 2130 3588 2182 formatur
3630 2128 3707 2180 inc

440 2226 566 2288 τοὺς
608 2219 747 2276 εἶναι
779 2222 1088 2291 πνεύματος
1110 2261 1124 2283 ,
1157 2222 1500 2290 ἑκατέρωθεν
1549 2224 1939 2294 περιλαϐοῦσαι
1966 2225 2012 2256 ⁶⁹

2124 2225 2239 2280 fans
2301 2226 2350 2279 in
2398 2226 2668 2294 paradiso,
2722 2239 2895 2294 neque
2950 2239 3043 2277 ore
3099 2221 3415 2275 alimentum
3479 2219 3704 2288 accipit.

440 2317 540 2386 τὴν
588 2315 777 2367 κύστιν
809 2315 949 2368 κατὰ
985 2314 1047 2366 τὸ
1083 2313 1254 2366 πλατὺ
1285 2312 1476 2365 ὀστοῦν
1496 2352 1510 2376 ,
1543 2316 1680 2383 πρὸς
1710 2315 1809 2385 τὴν
1850 2316 2018 2386 μεγά-

441 2405 542 2475 λην
578 2404 939 2456 συνάπτουσιν
973 2403 1240 2473 ἀρτηρίαν
1265 2443 1278 2466 ,
1311 2403 1412 2473 τὴν
1453 2405 1594 2455 κατὰ
1632 2405 1788 2473 ῥάχιν
1823 2404 2018 2457 καλου-

445 2495 614 2565 μένην
645 2490 880 2564 ἀορτὴν,
912 2492 1008 2544 καλ⁹
1045 2493 1217 2553 οὕτως
1259 2491 1346 2544 διὰ
1378 2490 1487 2544 τῶν
1541 2493 1876 2563 παραϐύρων
1923 2494 2015 2546 ἐπὶ

441 2583 541 2656 τὴν
573 2584 801 2653 καρδίαν
848 2581 1072 2635 ὀδεῦσαν
1104 2581 1165 2633 τὸ
1207 2580 1422 2651 πνεῦμα
1471 2583 1686 2652 κίνησιν
1726 2583 2018 2652 ἐργάζεται

442 2673 552 2726 τῶν
583 2671 857 2743 ἐμϐρύων.
911 2670 1287 2740 Πλαττόμενον
1330 2671 1438 2740 γάρ
1486 2671 1546 2723 τὸ
1586 2670 1784 2740 βρέφος
1834 2675 1891 2726 ἐν
1942 2674 2019 2744 τῷ

444 2764 762 2834 παραδείσῳ
789 2761 911 2816 οὑτε
941 2761 1017 2832 τῷ
1045 2762 1272 2830 στόματι
1299 2761 1504 2833 τροφὴν
1537 2762 1544 2830 |
1577 2762 1860 2832 λαμϐάνει,
1893 2765 2015 2818 οὔτε

441 2856 562 2918 ταῖς
599 2855 740 2924 ῥισὶν
770 2853 1026 2906 ἀναπνέει
1051 2870 1064 2884 ⁸
1105 2855 1162 2904 ἐν
1191 2853 1377 2924 ὑγροῖς
1405 2854 1513 2921 γὰρ
1544 2853 1840 2924 ὑπάρχοντι
1869 2856 2018 2926 αὑτῷ

2129 2333 2304 2386 neque
2347 2320 2569 2372 naribus
2615 2318 2882 2387 respirat;
2930 2317 2981 2369 in
3017 2315 3248 2369 humidis
3288 2313 3432 2367 enim
3466 2311 3706 2366 versanti

2121 2419 2238 2462 erat
2307 2409 2355 2462 ei
2407 2421 2532 2463 ante
2584 2408 2746 2475 pedes
2805 2424 2951 2462 mors
3004 2408 3048 2460 si
3107 2407 3419 2474 respiraret,
3459 2403 3707 2457 duxisset

2123 2501 2264 2554 enim
2295 2515 2356 2554 ex
2395 2500 2630 2552 humidis
2673 2509 2728 2554 et
2771 2507 3080 2568 peremptus
3124 2505 3287 2551 esset.
3330 2495 3708 2548 Verumeuim-

2122 2603 2250 2641 vero
2308 2589 2734 2643 circumvolutus
2784 2599 2863 2643 est
2917 2599 3061 2643 totus
3120 2586 3323 2649 tunica,
3379 2601 3500 2656 quae
3560 2583 3710 2638 dici-

2123 2690 2210 2732 tur
2257 2681 2521 2743 amnium,
2565 2681 2729 2733 alitur
2786 2690 2966 2736 autem
3014 2694 3109 2748 per
3155 2677 3576 2739 umbilicum,ct
3605 2688 3704 2742 per

2124 2768 2417 2836 dorsaleut,
2445 2782 2505 2826 ut
2551 2773 2816 2838 dicebam,
2849 2773 3104 2826 arteriam
3149 2771 3278 2840 spiri
3309 2785 3370 2824 us
3418 2768 3702 2822 assentiam

2122 2863 2338 2931 accipit.

443 2949 596 3022 παρὰ
627 2949 792 3012 πόδας
830 2943 898 3020 ἦν
945 2949 972 3000 6
1011 2947 1238 3009 Θάνατος
1279 2949 1326 3000 εἰ
1365 2947 1696 3000 ἀνέπνευσεν
1719 2964 1732 2977 ·
1768 2950 2115 3006 ἐπεσπάσατο
2169 2958 2276 3027 γὰρ
2310 2958 2374 3010 ἂν
2432 2958 2540 3012 ἀπὸ
2600 2958 2706 3011 τῶν
2743 2955 2924 3028 ὑγρῶν
2993 2956 3088 3010 καὶ
3121 2955 3354 3026 ἐφθάρη.
3395 2951 3556 3006 Ἀλλὰ
3591 2949 3703 3020 γὰρ

440 3045 562 3097 ὅλον
613 3043 1033 3112 περιέσφιγκται
1074 3039 1152 3110 τῷ
1201 3039 1522 3110 καλουμένῳ
1571 3040 1758 3110 χιτῶνι
1797 3042 2009 3116 ἀμνίῳ,
2049 3048 2306 3119 τρέφεται
2371 3050 2427 3102 δὲ
2451 3051 2517 3103 δι’
2556 3049 2800 3120 ὀμφαλοῦ
2830 3049 2922 3102 καὶ
2946 3048 3036 3100 διὰ
3103 3049 3202 3117 τῆς
3235 3046 3374 3099 κατὰ
3405 3045 3598 3116 ῥάχιν,
3624 3043 3701 3102 ὡς

442 3135 600 3207 ἔφην,
633 3135 731 3204 τὴν
757 3133 849 3186 τοῦ
882 3133 1190 3204 πνεύματος
1221 3134 1407 3187 οὐσίαν
1434 3133 1717 3204 λαμϐάνει.

514 3247 592 3320 [ρ.
629 3247 747 3303 169.
783 3244 929 3319 ΠΟ]
965 3245 1046 3300 ιε’.
1096 3247 1152 3300 Ὀ
1192 3242 1285 3300 οὖν
1317 3249 1593 3318 ποταμὸς,
1642 3250 1842 3320 φησὶν,
1870 3252 1898 3304 6
1931 3251 2018 3304 ὲκ·-

2193 3252 2548 3327 246-247
2588 3254 2674 3309 15.
2715 3253 2934 3309 Fluvius
2961 3254 3156 3322 igitur,
3190 3251 3384 3321 inqutl,
3417 3249 3703 3320 egrediens

444 3342 809 3414 πορευόμενος
841 3339 902 3404 ἐξ
944 3338 1106 3409 Ἐδέμ
1143 3339 1223 3402 είς
1261 3339 1536 3412 τέσσαρας
1575 3342 1896 3410 ἀφορίζεται
1923 3343 2022 3410 ἀρ-

443 3432 564 3502 χὰς,
590 3431 810 3502 ὀχετοὺς
849 3431 1152 3502 τέσσαρας,
1199 3431 1479 3485 τουτέστιν
1512 3433 1590 3496 είς
1635 3436 1910 3504 τέσσαρας
1935 3436 2027 3486 ἀι-

447 3521 668 3592 σοήσεις
691 3521 785 3575 τοῦ
813 3522 1172 3591 γεννωμένου,
1195 3522 1407 3593 ὅρασιν,
1441 3524 1701 3595 ἀκοὴντο,
1731 3525 2022 3596 δσφρησιν,

444 3612 635 3680 γεῦσιν
669 3612 765 3666 καὶ
798 3613 964 3682 ἁφήν.
994 3613 1208 3676 Ταύτας
1230 3615 1338 3684 γὰρ
1367 3613 1479 3683 ἔχει
1515 3615 1681 3684 μόνας
1706 3616 1802 3678 τὰς
1834 3617 2026 3687 αἰσθή-

449 3716 561 3762 σεις
596 3701 654 3753 ἐν
687 3699 763 3770 τῷ
797 3699 1107 3772 παραδείσῳ
1139 3701 1515 3770 πλασσόμενον
1549 3703 1610 3755 τὸ
1642 3704 1873 3758 παιδίον.
1917 3699 2024 3757 Οὑ-

444 3811 572 3861 τος,
625 3795 829 3864 φησίν,
879 3795 1027 3848 ἐστὶν
1069 3798 1097 3848 6
1129 3795 1320 3864 νόμος,
1364 3795 1423 3848 ὃν
1453 3795 1617 3866 ἔθηκε
1663 3799 1898 3868 Μωσῆς,
1933 3800 2024 3852 καὶ

450 3887 589 3956 πρὸς
619 3885 812 3939 τοῦτον
837 3886 1000 3939 αὑτὸν
1020 3885 1110 3938 τὸν
1141 3887 1303 3956 νόμον
1327 3887 1639 3956 γέγραπται
1667 3889 1775 3941 τῶν
1806 3889 2024 3958 βι6λίων

448 3975 710 4036 ἕκαστον.
763 3977 839 4040 ὡς
881 3979 938 4030 αἱ
979 3977 1021 4007 ⁷³
1064 3978 1370 4047 ἐπιγραφαὶ
1413 3977 1654 4047 δηλοῦσι.
1695 3979 1769 4031 Τὸ
1809 3980 2024 4048 πρῶτον

449 4065 652 4135 βιϐλίον
681 4065 927 4129 Γένεσις·
961 4067 1145 4137 ἢρκει,
1173 4069 1327 4138 φησι,
1357 4068 1495 4137 πρὸς
1527 4068 1730 4137 γνῶσιν
1760 4068 1866 4122 τῶν
1887 4070 2026 4122 ὅλων

447 4157 482 4224 ὴ
513 4156 793 4227 ἐπιγραφὴ
831 4157 925 4209 τοῦ
961 4157 1186 4226 βιϐλίου.
1230 4157 1378 4228 Αὑτη
1407 4157 1546 4228 γάρ,
1587 4158 1784 4228 φησὶν,
1817 4158 1965 4210 ἐστὶν
1987 4160 2022 4229 ἡ

445 4244 666 4309 Γένεσις
699 4247 918 4316 ὅρασις,
951 4251 1030 4311 είς
1071 4249 1139 4318 ἢν
1172 4247 1490 4320 ἀφορίζεται
1545 4251 1793 4321 ποταμοῦ
1849 4250 2026 4322 σχίσις

446 4340 480 4405 ἡ
531 4337 648 4410 μία.
687 4338 916 4410 Ἐθεάθη
954 4340 1061 4412 γὰρ
1104 4343 1134 4394 ὀ
1178 4341 1381 4410 κόσμος
1423 4343 1481 4395 ἐν
1532 4344 1741 4411 ὁράσει.
1796 4344 1860 4397 Ἡ
1903 4346 2023 4398 ἐπι-

445 4430 634 4500 γραφὴ
653 4431 698 4460 "
729 4429 933 4499 βιϐλίου
959 4431 1213 4504 δευτέρου
1242 4434 1482 4499 Ἐξοδος.
1520 4434 1665 4486 Ἔδει
1688 4434 1797 4505 γὰρ
1825 4435 1886 4488 τὸ
1903 4453 2026 4503 γεν-

447 4519 607 4590 νηθὲν
626 4559 640 4584 ,
671 4520 773 4591 τὴν
812 4521 1080 4592 Ἐρυθρὰν
1110 4523 1388 4576 διοδεῦσαν
1428 4523 1706 4577 θάλασσαν
1729 4525 1776 4558 ⁷³
1799 4562 1814 4586 ,
1849 4524 2024 4576 ἐλθεῖν

2127 3359 2190 3398 ex
2223 3346 2387 3399 Edem
2429 3347 2684 3400 dividitur
2726 3345 2783 3400 in
2814 3355 3046 3414 quatuor
3082 3345 3280 3411 capita,
3316 3341 3533 3396 canales
3563 3357 3702 3410 qua»

2126 3445 2270 3501 tuor,
2309 3437 2412 3491 hoc
2448 3446 2531 3492 est
2563 3439 2613 3490 in
2642 3448 2879 3506 quatuor
2910 3450 3102 3491 sensus
3135 3436 3278 3497 uati,
3311 3436 3518 3498 visum,
3548 3434 3705 3486 audi-

2126 3543 2262 3597 tum,
2304 3532 2560 3587 olfactum
2593 3571 2608 3594 ,
2644 3543 2857 3599 gustum
2881 3538 2938 3586 et
2977 3539 3200 3584 tactum.
3235 3527 3344 3581 llos
3379 3527 3522 3582 enim
3554 3526 3702 3580 solos

2127 3624 2289 3677 habet
2325 3637 2520 3677 sensus
2553 3623 2604 3676 in
2629 3623 2883 3692 paradiso
2913 3621 3172 3690 figuratus
3200 3617 3394 3672 infans.
3441 3615 3565 3671 Hec
3595 3628 3698 3681 est,

2128 3711 2322 3780 inquit,
2355 3710 2436 3763 lex
2473 3727 2632 3778 quam
2669 3712 2842 3779 posuit
2871 3709 3043 3763 Moses
3077 3717 3130 3762 et
3164 3708 3230 3761 ad
3266 3708 3402 3760 hanc
3430 3706 3598 3774 ipsam
3627 3707 3701 3759 le-

2127 3817 2246 3870 gem
2284 3802 2472 3868 scripti
2512 3814 2636 3856 sunt
2672 3802 2870 3868 singuli
2903 3801 3022 3854 libri
3047 3838 3063 3859 ,
3096 3809 3151 3852 ut
3195 3798 3576 3866 inscriptiones
3602 3795 3701 3849 de-

2125 3893 2356 3946 clarant.
2391 3890 2601 3946 Primus
2625 3891 2760 3945 liber
2778 3891 3023 3945 Genesis.
3051 3888 3382 3955 Sulliciebat,
3410 3888 3602 3956 inquit,
3634 3886 3702 3940 ad

2125 3983 2486 4052 cognitionem
2513 3981 2776 4036 universae
2803 3979 2878 4033 rei
2909 3981 3186 4046 inscriptio
3206 3978 3351 4030 libri.
3381 3977 3502 4031 llaec
3531 3977 3700 4037 enim,
3795 4022 3799 4026 .

2128 4073 2323 4142 inquit,
2355 4081 2439 4127 est
2471 4069 2700 4126 Genesis
2738 4069 2915 4134 visus,
2963 4069 3015 4123 in
3048 4084 3206 4136 quem
3246 4069 3504 4121 dividitur
3552 4067 3701 4121 ﬂuvii

2126 4161 2296 4217 sectio
2334 4175 2458 4213 una.
2485 4159 2818 4227 Conspectus
2852 4159 2994 4212 enim
3019 4167 3099 4212 est
3125 4157 3359 4209 mundus
3387 4171 3482 4223 per
3502 4155 3698 4209 visum.

2128 4251 2419 4320 Inscriptio
2458 4265 2646 4304 rursus
2694 4249 2917 4303 alterius
2975 4247 3094 4302 libri
3138 4246 3374 4301 Exodus.
3407 4243 3704 4312 Oportebat

2127 4342 2269 4397 enim
2297 4341 2346 4392 id
2369 4339 2508 4407 qttod
2527 4348 2711 4391 natum
2746 4347 2864 4391 erat
2895 4347 3171 4407 permeato
3200 4335 3338 4389 mari
3369 4333 3550 4387 Rubro
3578 4347 3703 4400 per-

2127 4432 2312 4486 venire
2349 4432 2402 4486 in
2434 4432 2702 4484 desertum
2739 4428 2911 4500 (mare
2937 4427 3178 4483 Rubrum
3207 4423 3697 4491 autem,inquiunt,

2129 4526 2260 4580 dicit
2281 4520 2635 4593 sanguinem)
2661 4529 2716 4576 et
2741 4531 2955 4590 gustare
2984 4534 3223 4572 amaram
3250 4531 3466 4585 aquam.
3501 4515 3698 4567 Amara

446 4612 543 4666 ἐπὶ
566 4613 664 4684 τὴν
695 4613 898 4684 ἔρημον
921 4615 1219 4686 (Ἐρυθρὰν
1247 4616 1303 4670 δέ
1333 4617 1516 4686 λέγει,
1547 4619 1680 4687 φασὶ
1701 4659 1714 4681 ,
1747 4617 1808 4669 τὸ
1836 4611 2018 4686 αἷμα),

2124 4619 2288 4681 enim,
2325 4615 2514 4682 inquit.
2549 4623 2633 4668 est
2657 4627 2821 4681 aqua,
2846 4626 2964 4680 qum
2997 4620 3077 4664 est
3109 4618 3229 4678 post
3260 4621 3408 4662 mare
3433 4605 3696 4668 Rubrum,

448 4704 541 4757 καὶ
564 4703 860 4770 γεύσασθαι
894 4705 1090 4775 πικρὸν
1114 4705 1277 4776 ὕδωρ.
1307 4709 1509 4778 Πικρὺν
1534 4709 1660 4780 γὰρ,
1691 4709 1874 4778 φησὶν,
1903 4709 2018 4760 ἐστὶ¹

446 4790 507 4844 τὸ
536 4789 680 4861 ὕδωρ
704 4791 766 4844 τὸ
797 4791 934 4862 μετὰ
967 4796 1066 4865 τὴν
1109 4793 1376 4865 Ἐρυθρὰν
1410 4795 1714 4861 Θάλασσαν,
1745 4799 1883 4869 ὅπερ
1925 4800 2018 4851 ἐσ-

454 4883 530 4934 τὶν
558 4881 673 4946 ὁδὸς
707 4883 806 4954 τῆς
838 4884 981 4938 κατὰ
1021 4887 1111 4938 τὸν
1151 4885 1264 4954 βίον
1296 4884 1548 4953 γνώσεως
1592 4888 1699 4940 τῶν
1744 4889 2018 4943 ἐπιπόνων

446 4973 740 5045 ὁδευομένη
769 4975 884 5046 Qui.
935 4977 1166 5047 πικρῶν.
1205 4976 1450 5048 Στραφὲν
1479 4977 1535 5030 δὲ
1579 4977 1684 5031 ὑπὸ
1734 4980 2016 5045 Μωσέως,

2126 4724 2246 4778 quae
2285 4709 2501 4777 quidem
2542 4717 2621 4762 est
2658 4705 2800 4774 quod
2827 4703 3112 4760 conticitur
3146 4702 3248 4754 iter
3288 4713 3381 4766 per
3413 4697 3577 4750 vitam
3608 4709 3705 4750 co-

2125 4798 2384 4866 gnitionis
2420 4809 2864 4852 aerumnosorum
2912 4802 2966 4846 et
2993 4805 3326 4845 amararum.
3359 4789 3692 4857 Conversum

2126 4899 2303 4943 autem
2336 4903 2365 4940 a
2393 4889 2557 4952 Mose,
2589 4888 2688 4942 hoc
2714 4894 2798 4942 est
2843 4899 2874 4938 ιι
2901 4883 3041 4954 lego,
3076 4897 3317 4936 amarum
3350 4879 3477 4934 illud
3505 4877 3696 4932 evadet

2127 4981 2303 5036 dulce.
2337 4979 2407 5033 Et
2435 4979 2548 5034 haec
2575 4978 2649 5032 ita
2677 4993 2736 5033 se
2767 4977 2970 5033 habere
2997 4975 3152 5044 vulgo
3179 4975 3302 5029 licet
3335 4971 3404 5026 ab
3433 4969 3700 5025 universis

1722 5175 1954 5230 VARIAS
1998 5174 2406 5233 LECTlONES.

523 5335 568 5407 ξ’
591 5334 867 5407 Fort._cfr.
895 5333 1160 5407 Jeremtt,
1195 5334 1228 5388 5
1259 5352 1272 5388 :
1307 5335 1420 5407 Πρὸ
1444 5333 1539 5407 τοῦ
1567 5351 1633 5404 με
1656 5333 1859 5407 πλάσαι
1896 5352 1955 5388 σε
1982 5336 2039 5386 ἐν
2069 5336 2266 5407 κοιλίᾳ.
2331 5335 2374 5366 ⁸³
2393 5333 2668 5407 ὀᾼπλάσων
2688 5333 2751 5386 C.
2779 5401 2790 5407 Δ
2825 5333 2870 5363 ⁸⁵
2896 5332 2978 5386 Cf.
3009 5330 3190 5407 t_Mos_.
3228 5345 3289 5394 tt,
3319 5329 3418 5407 l9:
3453 5327 3700 5407 Ποταμδς

535 5403 978 5476 ἐκπορεύεταιλὲξ
1019 5403 1180 5476 Ίξδέμ
1223 5401 1462 5476 ποτίζειν
1495 5401 1586 5458 τὴν
1611 5405 1940 5476 παράδεισον
1965 5423 1979 5435 ·
2013 5401 2231 5476 ἐκεῖθεν
2261 5404 2579 5476 ἀφορίζεται
2625 5406 2705 5466 εἰς
2734 5401 3000 5476 τέσσαρας
3031 5401 3225 5476 ἀρχάς.

3329 5401 3373 5431 ⁸⁸
3401 5397 3612 5462 ποτίζει
3630 5399 3696 5450 C.

451 5474 500 5504 “
528 5470 1009 5544 παρατεταγμέναι
1035 5473 1097 5534 C,
1130 5470 1202 5539 Μ,
1279 5470 1950 5544 ⁶⁷ίἜπειτα-ἑμφύεται
1982 5475 2137 5544 signo
2168 5470 2600 5544 lacunzeomisso
2620 5490 2777 5544 susp.
2810 5470 3014 5544 Citrist.
3047 5470 3320 5544 l’etersen,
3343 5471 3466 5544 coll.
3492 5470 3698 5544 Caleno

455 5544 513 5594 in
545 5541 801 5611 Hippocr.
837 5545 914 5595 De
944 5543 1208 5613 Alimenta
1233 5559 1288 5613 p.
1315 5543 1424 5613 290
1448 5546 1533 5598 ed.
1561 5541 1750 5598 ωιτη-ἱ.
1769 5541 1856 5613 ﬁt,

1897 5559 1949 5610 p.
1979 5540 2080 5598 587
2110 5543 2292 5613 Kitltu.
2329 5559 2454 5613 sv.__
2495 5541 2540 5574 "
2571 5540 3192 5613 bignavintusflat-uuam
3221 5541 3328 5613 hoc
3349 5540 3698 5613 potiusnloco

455 5606 631 5712 quam
643 5606 796 5712 301's:
793 5606 1290 5712 ἐπιγάστρὶονὶιὼὶ
1325 5611 1397 5664 Μ.
1476 5614 1520 5645 ⁶⁹
1552 5606 1966 5712 περιλαῦοὑται.
1989 5614 2089 5712 μῖὲν
2109 5611 2478 5712 λασοῦσαιυϐ,
2509 5606 2870 5712 συλλξιδοῦσαι
2897 5612 2967 5674 Μ,
3003 5608 3408 5712 μξξαλμδοῦσαέ
3433 5607 3496 5662 Β.
3538 5606 3696 5712 Sent;

482 5694 545 5712 un
818 5694 902 5712 An.
927 5696 1014 5712 non
1097 5697 1159 5712 un
1199 5698 1228 5712 υ
1299 5691 1350 5712 nl
1382 5697 1444 5712 nu-
1475 5686 1716 5712 λιιι-ηρ..Ιί
1743 5697 1820 5712 non
1886 5683 2011 5712 ἷηιιί.
2036 5698 2068 5712 ιιι
2107 5692 2323 5712 “anni-nl
2453 5698 2466 5710 ο
2508 5697 2632 5712 nun:
2699 5696 2852 5712 εωηε
2882 5693 2956 5712 ιιι-Ι
3131 5698 3160 5712 η
3213 5690 3336 5712 unus
3418 5689 3669 5712 «Ir-vntum!

457 5689 568 5734 tus.

723 5675 1248 5751 ρειειιὰιιιιιίάκοὴν,
1299 5691 1356 5734 ιιι
1381 5697 1444 5751 ex
1474 5675 1822 5751 sequentibus
1866 5675 2068 5750 liquido
2106 5681 2427 5751 apparet.M
2453 5698 2468 5746 ;
2507 5685 2648 5748 quod
2698 5696 2854 5736 secus
2881 5693 2980 5735 est.
3004 5675 3025 5751 '_
3044 5681 3096 5751 7“
3131 5681 3184 5732 al
3212 5690 3360 5751 ante
3386 5675 3697 5751 ἐπιγραφαὶ

459 5764 576 5808 om.
603 5746 669 5815 C,
697 5747 768 5802 ll.
843 5749 889 5781 "
923 5750 988 5801 Ἦ
1015 5746 1314 5820 ἐπιγραφή.
1337 5749 1412 5802 Λὺ
1442 5746 1624 5821 γραφὴ
1647 5753 1710 5817 C,
1739 5747 1815 5804 Δῦ
1841 5746 2117 5821 ἐπιγραφὴ
2142 5746 2293 5820 susp.
2329 5750 2396 5802 Μ.
2477 5746 2638 5803 τί(ὶῆ
2667 5767 2788 5805 cum
2830 5753 2910 5807 his
2941 5751 2978 5804 ll
3011 5749 3143 5805 Mos.
3176 5764 3262 5812 xv,
3297 5746 3492 5801 22-26.
