4084 6414
314 317 457 392 3219

1446 323 1748 384 CONTRA
1786 325 2151 386 HERESES
2187 327 2332 387 LIB.
2372 327 2471 388 VI.

3423 327 3562 394 3220
3577 373 3599 390 η

314 432 673 504 ιξεικονισθῇ.
710 432 870 504 Τρεῖς
898 432 1039 502 γὰρ,
1077 430 1271 503 φησὶν,
1308 433 1446 486 εἰσὶν
1491 433 1724 496 ἑστῶτες
1747 474 1760 497 ,
1795 435 1890 486 κα)⁸

2004 435 2158 490 bitur.
2200 437 2337 491 Tres
2361 437 2504 490 enim
2540 442 2703 498 sunt,
2748 434 2942 504 inquit,
2975 437 3063 504 qui
3089 446 3253 502 stant,
3286 453 3404 503 nee,
3435 443 3566 508 quin

313 525 442 579 ἄνευ
472 523 566 576 τοῦ
601 526 749 593 τρεῖς
793 520 931 578 εἶναι
982 522 1224 586 ἑστῶτας
1267 523 1469 587 αίῶνας
1501 526 1560 577 οὺ
1605 527 1890 595 κοσμεῖται

311 620 340 671 6
370 617 627 685 γέννητος
648 617 694 649 ⁸⁸
719 617 747 668 6
789 617 910 669 κατ’
949 616 1148 678 αὐτοὺς
1175 615 1268 668 ἐπὶ
1298 615 1394 668 τοῦ
1430 614 1618 678 ὓδατος
1652 617 1890 688 φερόμε-

311 725 432 772 νος,
467 711 495 762 6
522 708 643 762 καθ’
671 709 932 778 ὁμοίωσιν
956 709 1450 780 ἀναπεπλασμένος
1479 709 1684 771 τέλειος
1706 708 1893 780 ἐπ[ου-

312 800 558 873 ράνιοςι,
603 802 725 853 κατ’
775 801 1031 868 οὐδεμίαν
1047 799 1092 831 ⁸⁷
1141 801 1382 854 ἐπίνοιαν
1423 801 1761 869 ἐνδεέστερος
1793 801 1892 868 τῆς

312 893 608 960 ἁγεννήτου
640 891 926 961 δυνάμεως
974 891 1287 960 γενόμενος,
1327 891 1605 944 τουτέστιν
1653 891 1682 943 ὃ
1715 892 1894 958 λέγου-

313 999 401 1036 σιν
424 998 438 1014 ⁸
477 982 617 1051 Ἐγὼ
643 983 740 1036 καὶ
767 985 830 1036 σὺ
859 983 937 1048 ἓν,
965 984 1072 1054 πρὸ
1094 985 1117 1036 ὲ
1127 983 1228 1054 μοῦ
1256 984 1342 1048 σὺ,
1364 983 1424 1036 τὸ
1440 984 1484 1015 ⁸⁸
1513 984 1652 1053 μετὰ
1677 985 1736 1035 σὲ
1762 981 1892 1051 ἐγώ.

311 1072 495 1141 Αὕτη,
543 1075 747 1144 φησὶν,
796 1075 914 1127 ἐστὶ
954 1075 1184 1145 δύναμις
1231 1075 1358 1146 μία,
1412 1074 1714 1147 διῃρημένη
1746 1073 1894 1138 ἄνω,

312 1164 487 1230 κάτω,
538 1165 710 1236 αὐτὴν
748 1165 1017 1234 γεννῶσα,
1055 1164 1223 1236 αὐτὴν
1259 1163 1521 1228 αὔξουσα,
1581 1163 1749 1232 αὐτὴν
1801 1161 1899 1230 ξη-

311 1258 502 1321 τοῦσα,
534 1259 706 1327 αὐτὴν
731 1256 1081 1328 εὐρίσκουσα,
1112 1256 1283 1324 αὐτῆς
1323 1256 1504 1325 μήτηρ
1540 1250 1696 1318 οὖσα,
1727 1253 1898 1322 αὐτῆς

313 1350 519 1421 πατὴρ,
559 1350 728 1418 αὐτῆς
761 1348 990 1417 ἀδελφὴ,
1023 1348 1192 1417 αὐτῆς
1228 1345 1480 1414 σύζυγος,
1525 1344 1696 1414 αὐτῆς
1735 1343 1902 1412 θυγάο

312 1459 439 1513 τηρ,
467 1440 636 1512 αὐτῆς
667 1440 806 1506 υίὸς,
834 1441 1040 1511 μήτηρ,
1077 1439 1280 1509 πατὴρ,
1306 1437 1382 1502 ἓν,
1415 1432 1548 1490 οῦσα
1569 1438 1614 1468 ⁸³
1644 1436 1770 1507 ῥίζα
1794 1435 1900 1488 τῶν

312 1534 470 1586 ὅλων.

385 1625 494 1676 Καὶ
521 1625 604 1676 ὅτι
623 1663 638 1687 ,
670 1623 838 1694 φησὶν
860 1666 872 1686 ,
914 1622 1026 1676 ἀπὸ
1056 1621 1229 1693 πυρὸς
1259 1623 1292 1692 ή
1322 1620 1467 1691 ἀρχὴ
1499 1622 1596 1692 τῆς
1634 1621 1900 1689 γενέσεώς

312 1715 436 1766 ἐστι
473 1713 581 1765 τῶν
617 1711 694 1784 [ρ.
731 1711 1054 1782 fil—173.]
1105 1711 1490 1782 γεννωμένων,
1528 1711 1771 1765 τοιοῦτον
1811 1728 1902 1764 κα-

1994 527 2098 582 sint
2157 537 2267 584 tres
2305 541 2482 582 aaones
2509 527 2601 596 qui
2637 534 2819 592 stant,
2855 531 3150 581 adornatur
3175 539 3464 598 generatus
3500 517 3596 606 is.'_’

1993 620 2085 687 qui
2117 620 2413 674 secundum
2443 618 2564 672 illos
2593 633 2754 688 super
2781 635 2974 689 aquam
2999 620 3190 687 fertur,
3218 632 3473 692 tanquam
3501 623 3568 678 ad

1994 711 2401 765 similitudinem
2432 710 2652 765 relictus
2681 711 2953 779 perfectus
2985 714 3222 784 caelestis
3243 755 3256 778 ,
3299 715 3392 784 qui
3427 716 3570 768 nulla

1997 802 2206 856 ratione
2239 801 2465 856 inferior
2493 817 2653 870 quam
2682 816 2788 855 non
2831 813 3084 872 generata
3115 814 3355 874 potestas
3397 806 3572 861 factus

1997 901 2100 946 est.
2131 892 2243 948 Hoc
2269 903 2352 948 est
2384 894 2527 962 quod
2562 894 2754 949 aiunt:
2788 895 2898 964 Ego
2927 904 2982 950 et
3023 907 3076 949 tu
3110 912 3296 962 unum,
3333 909 3457 953 ante
3487 915 3573 952 me

1998 993 2077 1048 tu,
2109 985 2160 1038 id
2200 985 2346 1054 quod
2391 993 2510 1050 post
2548 995 2600 1041 te
2632 1000 2753 1054 ego.
2787 985 2934 1053 Hac,
2969 987 3141 1057 inquit
3169 1029 3186 1055 ,
3220 999 3304 1044 est
3334 999 3574 1059 potestas

1999 1091 2128 1141 una,
2156 1075 2351 1142 divisa,
2383 1091 2634 1146 superne,
2673 1077 2901 1145 inferne,
2929 1089 3101 1135 semet
3130 1082 3378 1152 gignens,
3403 1094 3576 1138 semet

2001 1169 2176 1233 alens,
2200 1179 2372 1223 semet
2399 1184 2671 1239 quaerens,
2715 1180 2892 1226 semet
2935 1173 3212 1240 reperiens
3236 1215 3250 1240 ,
3288 1175 3370 1230 sui
3408 1176 3577 1245 ipsius

2002 1268 2194 1323 mater,
2225 1262 2308 1315 sui
2347 1261 2516 1332 ipsius
2544 1271 2716 1331 pater,
2756 1264 2839 1317 sui
2873 1264 3042 1331 ipsius
3071 1281 3250 1330 soror,
3290 1267 3374 1323 sui
3409 1268 3578 1336 ipsius

2001 1349 2218 1417 conjux,
2257 1350 2337 1403 sui
2370 1349 2538 1417 ipsius
2566 1350 2694 1415 ﬁlia,
2732 1351 2815 1407 sui
2847 1353 3015 1421 ipsius
3043 1353 3206 1422 filius,
3248 1367 3448 1426 mater,
3481 1374 3579 1428 pa-

2003 1450 2106 1507 ter,
2136 1457 2324 1508 unum,
2363 1457 2482 1496 cum
2510 1441 2582 1498 sit
2624 1443 2776 1498 radix
2808 1445 3069 1501 omnium.

2073 1621 2140 1676 Et
2171 1637 2236 1676 ex
2285 1623 2406 1693 igne
2452 1623 2582 1680 oriri
2623 1625 2942 1695 principium
2992 1631 3354 1698 generationis
3387 1648 3576 1689 eorum

2005 1728 2124 1784 quae
2143 1724 2472 1784 generantur
2493 1714 2840 1786 250-251
2872 1719 2925 1773 in
2956 1719 3097 1774 hunc
3123 1720 3233 1776 fere
3256 1723 3443 1779 definit
3461 1743 3578 1780 mo-

311 1805 554 1858 τανύει⁹⁰
588 1805 712 1858 τινὰ
740 1805 944 1876 τρόπον
1006 1805 1264 1870 Πάντων,
1299 1804 1440 1858 ὅσων
1471 1803 1686 1873 γένεσίς
1724 1806 1898 1870 ἐστιν,

2004 1807 2161 1860 dum:
2191 1805 2466 1872 Omnium,
2499 1824 2945 1879 quorumcunque
2976 1814 3248 1880 generatio
3285 1825 3480 1878 exstat,
3513 1819 3580 1870 ab

313 1897 425 1950 ἀπὸ
457 1897 626 1966 πυρὸς
652 1898 685 1965 ή
713 1897 856 1968 ἀρχή
890 1897 990 1966 τῆς
1016 1895 1313 1966 ἐπιθυμίας
1336 1896 1434 1964 τῆς
1457 1895 1723 1963 γενέσεως
1744 1897 1784 1926 ³³
1815 1894 1898 1962 γί-

314 2008 484 2044 νεται.
523 1989 826 2059 Τοιγαροῦν
876 1988 1183 2060 πυροῦσθαι
1223 1989 1281 2042 τὸ
1311 1988 1322 2058 Ι
1353 1989 1645 2058 ἐπιθυμεῖν
1671 1988 1770 2057 τῆς
1805 2005 1900 2057 με-

313 2081 589 2152 ταϐλητῆς
622 2081 893 2149 γενέσεως
929 2079 1277 2150 ὀνομάζεται.
1325 2078 1422 2134 ’Ἑν
1461 2080 1517 2133 δὲ
1538 2079 1658 2132 ὃν⁹²
1689 2079 1751 2132 τὸ
1789 2080 1899 2151 πῦρ

314 2174 527 2244 τροπὰς
577 2172 868 2244 στρέφεται
902 2171 996 2224 δύο
1018 2172 1085 2226 ⁸³.
1122 2172 1422 2241 Στρέφεται
1464 2171 1593 2242 γὰρ,
1624 2171 1810 2241 φησὶν,
1842 2171 1900 2224 ὲν

312 2265 395 2335 τῷ
425 2265 577 2337 ἀνδρὶ
612 2265 672 2316 τὸ
712 2260 884 2334 αἷμα,
934 2264 1028 2317 καὶ
1059 2263 1262 2334 θερμὸν
1311 2263 1405 2317 καὶ
1443 2263 1635 2328 ξανθὸν
1664 2263 1740 2326 ὡς
1789 2263 1900 2335 πῦρ

314 2357 690 2426 τυπούμενον,
729 2357 808 2418 εἰς
858 2355 1102 2425 σπέρμα,
1142 2355 1202 2408 ὲν
1234 2354 1290 2406 δὲ
1318 2358 1382 2426 τῇ
1424 2354 1646 2422 γυναικὶ
1677 2354 1738 2407 τὸ
1769 2355 1899 2408 αὐτὸ

314 2446 474 2500 τοῦτο
506 2443 645 2517 αἷμα
688 2448 768 2508 είς
806 2446 970 2514 γάλα.
1027 2447 1137 2499 Καὶ
1177 2446 1387 2513 γίνεται
1439 2447 1471 2517 ἡ
1528 2445 1621 2498 τοῦ
1671 2445 1902 2516 ἄρρενος

312 2541 494 2612 τροπὴ
525 2541 741 2609 γένεσις
759 2539 840 2603 ⁸⁸,
872 2541 906 2610 ή
945 2539 1001 2593 δὲ
1041 2539 1140 2609 τῆς
1179 2537 1401 2610 θηλείας
1438 2539 1614 2609 τροπὴ
1659 2539 1835 2610 τροφὴ
1855 2540 1900 2572 ³⁸

313 2631 394 2703 τῷ
423 2631 770 2702 γεννωμένῳ.
803 2630 976 2700 Αῦτη,
1011 2631 1200 2700 φησὶν,
1230 2630 1378 2682 ἐστὶν
1407 2631 1445 2698 ἠ
1477 2631 1737 2698 φλογίνη
1763 2632 1905 2697 ῥομ-

311 2721 528 2794 φαια⁹⁶
567 2721 606 2789 ἠ
655 2721 1030 2791 στρεφομένη
1066 2719 1418 2790 φυλάσσειν
1457 2720 1574 2788 τὴν
1619 2719 1765 2775 ὁδὸν
1793 2719 1903 2775 τοῦ

315 2815 511 2881 ξύλου
532 2814 642 2884 τῆς
662 2813 831 2883 ζωῆς.
863 2814 1162 2886 Στρέφεται
1189 2813 1299 2883 γὰρ
1321 2813 1381 2866 τὸ
1406 2807 1550 2894 αἷμα
1573 2815 1655 2876 είς
1680 2813 1904 2884 σπέρμα

315 2907 411 2962 καὶ
443 2906 603 2974 γάλα,
655 2906 748 2958 καὶ
791 2905 1000 2973 γίνεται
1040 2905 1074 2974 ή
1113 2903 1345 2973 δύναμις
1382 2903 1522 2974 αῦτη
1569 2904 1756 2975 μήτηρ
1807 2905 1904 2987 καὶ

315 2996 524 3070 πατὴρ,
579 2995 761 3067 πατὴρ
795 2995 904 3049 τῶν
923 2997 966 3026 ’⁷
1002 2995 1338 3065 γινομένων,
1379 2995 1477 3048 καὶ
1531 2993 1763 3067 αὔξησις
1794 2995 1904 3051 τῶν

315 3088 691 3162 τρεφομένων,
733 3086 1060 3159 ἀπροσδεὴς,
1108 3085 1415 3156 αὐτάρκης.
1454 3085 1793 3140 Φυλάσσεται
1824 3086 1900 3154 δὲ,

317 3183 477 3254 φησὶ,
511 3181 572 3236 τὺ
605 3180 762 3246 ξύλον
792 3179 901 3250 τῆς
939 3178 1087 3249 ζωῆς
1116 3177 1206 3231 διὰ
1229 3177 1331 3247 τῆς
1366 3176 1742 3248 στρεφομένης
1773 3178 1901 3248 φλο-

317 3276 477 3347 γίνης
513 3275 809 3348 ῥομφαίας,
836 3271 915 3334 ὡς
943 3273 1267 3342 εἰρήκαμεν,
1301 3271 1336 3338 ή
1375 3267 1606 3338 δύναμις
1632 3270 1666 3340 ή
1698 3268 1902 3339 ἑϐδόμη

315 3374 352 3440 ἡ
379 3370 440 3435 ἐξ
468 3369 660 3437 αὐτῆς,
696 3369 728 3437 ή
763 3367 968 3428 πάντας
1003 3363 1222 3434 ἔχουσα,
1256 3364 1291 3435 ή
1319 3363 1378 3416 ἐν
1407 3364 1525 3425 ταῖς
1558 3361 1620 3425 ἓξ
1654 3379 1905 3414 κατακει-

318 3461 458 3532 μένη
491 3458 803 3528 δυνάμεσιν.
857 3455 984 3508 Ἐὰν
1013 3454 1122 3526 γὰρ
1156 3452 1231 3524 μὴ
1267 3451 1570 3523 στρέφηται
1601 3452 1634 3522 ή
1673 3450 1900 3522 φλογίνη

319 3547 584 3618 ῥομφαία,
617 3545 958 3616 φθαρήσεται
988 3543 1082 3596 καὶ
1108 3542 1390 3596 ἀπολεῖται
1421 3541 1484 3594 τὸ
1519 3540 1686 3594 καλὸν
1722 3541 1903 3594 ἐκεῖνο

315 3637 505 3702 ξύλον·
537 3635 633 3688 ἐὰν
670 3635 728 3688 δὲ
769 3631 1133 3704 στρέφηται⁹⁸
1179 3633 1260 3694 είς
1291 3630 1518 3702 σπέρμα
1559 3629 1653 3682 καὶ
1692 3629 1848 3697 γάλα,
1875 3631 1904 3682 6

314 3731 543 3801 δυνάμει
581 3729 640 3780 ὲν
664 3725 875 3788 τούτοις
913 3723 1311 3793 κατακείμενος
1337 3721 1498 3791 λόγου
1519 3721 1566 3753 ⁵⁸
1597 3720 1692 3774 τοῦ
1737 3738 1904 3792 προσο

312 3819 540 3890 ήκοντος
587 3814 680 3868 καὶ
735 3813 901 3865 τόπου
954 3811 1186 3882 Κυρίου,
1227 3812 1286 3863 ὲν
1320 3804 1365 3878 ᾧ
1421 3811 1679 3877 γεννᾶται
1720 3809 1897 3878 λόγος,

311 3904 552 3978 τυχὼν¹,
599 3903 906 3976 ἀρξάμενος
945 3903 1059 3966 ὡς’
1091 3903 1200 3957 ἀπὸ
1239 3901 1536 3972 σπινθῆρος
1586 3901 1898 3972 ἐλαχίστου,

311 3997 601 4060 παντελῶς
655 3993 1128 4066 μεγαλυνθήσεται
1177 3995 1274 4048 καὶ
1327 3994 1554 4064 αὐξήσει
1609 3997 1705 4047 καὶ
1748 3994 1901 4049 ἔσται

305 4089 548 4162 δύναμις
586 4089 920 4158 ἀπέραντος,
964 4087 1382 4158 ἀπαράλλακτος
1401 4126 1416 4151 ,
1444 4085 1559 4159 [ἴση
1589 4089 1684 4140 καὶ
1716 4084 1899 4157 ὁμοία]

313 4183 477 4238 αίῶνι
524 4180 977 4251 ἀπαραλλάκτῳ⁸
1003 4179 1203 4252 μηκέτι
1240 4179 1511 4250 γινομένῳ
1545 4181 1625 4242 εἰς
1647 4181 1742 4232 τὸν
1775 4179 1902 4232 ἀπέο

309 4292 512 4349 ραντον
539 4273 730 4327 αἰῶνα.

390 4373 479 4436 ιη’.
518 4365 748 4434 Γέγονεν
794 4360 892 4418 οῦν
928 4361 1378 4433 ὁμολογουμένως
1409 4363 1551 4417 κατὰ
1589 4362 1776 4416 τοῦτον
1811 4361 1901 4416 τὸν

309 4459 472 4528 λόγον
499 4460 609 4521 τοῖς
631 4458 880 4525 ἀνοήτοις
918 4455 1098 4524 Σίμων
1125 4454 1262 4519 Θεὸς,
1289 4452 1478 4524 ῶσπερ
1507 4456 1535 4506 6
1561 4453 1729 4516 Λίϐυς
1754 4455 1901 4507 ἐκεῖ·

308 4511 405 4611 νος
435 4552 462 4603 ὁ
485 4511 877 4616 κα“ι’”Αψεθος,’
899 4511 1160 4614 γεννητὸς
1326 4545 1422 4598 καὶ
1446 4511 1900 4614 παθητὸς,-ὃτανδ
1933 4511 1977 4567 D

309 4639 350 4714 ᾗ
389 4643 446 4692 ὲν
474 4639 724 4709 δυνάμει,
761 4636 987 4706 ἀπαθὴς
1027 4635 1083 4686 δὲ
1117 4637 1181 4686 ὲκ
1215 4634 1509 4704 γεννητοῦ,
1543 4636 1670 4688 ὅταν
1699 4635 1904 4700 ἐξεικο-

309 4731 472 4803 νισθῇ
501 4733 594 4784 καί
621 4731 747 4798 γενό
779 4730 790 4795 |
824 4743 990 4799 μενος
1018 4725 1222 4786 τέλειος
1255 4723 1448 4797 ἐξέλθῃ
1483 4724 1588 4778 τῶν
1616 4726 1900 4797 δυνάμεων

307 4822 420 4876 τῶν
452 4821 684 4891 πρώτων
713 4819 827 4882 δύο,
865 4815 1149 4872 τουτέστιν
1181 4815 1412 4884 ούρανοῦ
1445 4816 1539 4869 καὶ
1577 4819 1700 4888 γῆς.
1738 4819 1900 4886 Λέγει

308 4915 424 4984 γὰρ
459 4915 638 4984 Σίμων
666 4912 964 4984 διαρρήδην
1000 4908 1135 4978 περὶ
1173 4906 1363 4960 τούτου
1394 4909 1452 4960 ὲν
1489 4911 1556 4978 τῇ
1603 4911 1900 4978 Ἀποφάσει

305 5007 516 5068 οὕτως’
589 5004 746 5074 Ὑμῖν
789 5001 903 5060 οὖν
961 5003 1122 5072 λέγω
1175 4998 1214 5053 ἃ
1269 4999 1423 5068 λέγω
1475 5001 1571 5053 καὶ
1615 5001 1820 5071 ᾳφάφω
1865 5003 1904 5057 ἂ

2002 1897 2125 1965 igne
2205 1897 2528 1967 principium
2579 1900 2853 1970 cupidinis
2914 1903 3284 1972 generationis
3342 1909 3578 1962 exsistit.

2002 1988 2211 2057 Quippe
2260 1990 2384 2060 igne
2428 1992 2626 2060 corripi
2665 1991 2966 2061 appellatur
2995 1994 3046 2048 id
3086 1996 3227 2064 quod
3256 2007 3337 2052 est
3375 2013 3582 2054 concu-

2003 2081 2214 2149 piscere
2240 2082 2676 2136 commutabilem
2701 2085 3024 2154 genituram.
3056 2085 3231 2141 Unum
3258 2098 3436 2145 autem
3456 2107 3581 2146 cum

2002 2171 2073 2224 sit
2112 2170 2251 2239 ignis
2274 2211 2288 2236 ,
2323 2172 2709 2227 conversiones
2755 2175 2986 2228 vertitur
3022 2175 3177 2230 duas.
3237 2178 3585 2237 Convenitur

2003 2263 2170 2326 enim,
2201 2262 2408 2331 inquit,
2436 2262 2489 2316 in
2523 2263 2640 2318 viro
2682 2266 2904 2334 sanguis
2927 2305 2944 2330 ,
2978 2275 3032 2321 et
3061 2268 3271 2325 calidus
3299 2281 3354 2325 et
3379 2271 3578 2338 fulvus,

2004 2357 2062 2403 ut
2091 2349 2226 2419 ignis
2252 2349 2547 2419 effigiatus,
2575 2352 2626 2404 in
2645 2366 2850 2419 semen,
2877 2355 2931 2408 in
2962 2358 3187 2413 muliere
3213 2370 3400 2415 contra
3431 2363 3579 2416 idem

2005 2441 2092 2496 bic
2121 2441 2342 2508 sanguis
2384 2442 2434 2495 in
2467 2443 2565 2496 lac.
2601 2442 2667 2497 Et
2693 2443 2753 2498 fit
2783 2447 3006 2502 masculi
3036 2453 3322 2506 conversio
3351 2469 3579 2522 genera-

2007 2532 2104 2597 tio,
2140 2531 2355 2587 feminte
2399 2543 2578 2588 autem
2625 2537 2912 2592 conversio
2959 2541 3184 2596 nutritio
3221 2543 3268 2598 ei
3297 2547 3442 2614 quod
3491 2563 3585 2617 ge-

2004 2631 2249 2680 neratur.
2288 2624 2389 2680 Hic
2413 2664 2430 2690 ,
2469 2627 2664 2696 inquit,
2692 2637 2773 2683 est
2803 2631 3081 2698 ﬂammeus
3109 2637 3268 2700 ensis,
3298 2638 3390 2706 qui
3414 2640 3586 2692 vibra-

2007 2725 2096 2770 tur
2143 2718 2212 2770 ad
2263 2718 2664 2773 custodiendam
2715 2721 2853 2774 viam
2887 2721 3019 2793 ligni
3056 2725 3192 2780 nitar.
3237 2726 3585 2785 Convenitur

2001 2809 2148 2862 enim
2179 2810 2403 2879 sanguis
2431 2810 2485 2864 in
2513 2826 2702 2868 semen
2754 2820 2810 2867 et
2867 2814 2952 2870 lac
2997 2824 3053 2870 et
3106 2816 3166 2872 ﬁt
3194 2818 3310 2874 haec
3342 2831 3586 2890 potestas

2004 2910 2179 2953 mater
2207 2911 2262 2954 et
2289 2909 2467 2970 pater,
2508 2910 2664 2974 pater
2688 2916 2876 2958 eorum
2907 2919 3030 2975 qua:
3054 2919 3370 2978 nascuntur,
3405 2925 3458 2969 et
3483 2916 3586 2968 ali-

2006 3000 2128 3047 tura
2163 3007 2350 3048 eorum
2403 3008 2525 3061 quae
2573 2996 2926 3063 nutriuntur,
2989 2999 3191 3056 nullius
3223 3000 3445 3072 indiga,
3499 3008 3582 3061 sui

2008 3097 2248 3152 compos.
2282 3083 2596 3138 Custoditur
2625 3095 2832 3151 autem,
2865 3085 3058 3158 inquit,
3088 3088 3290 3157 lignum
3339 3092 3460 3147 vita:
3491 3111 3586 3164 per

2013 3175 2277 3228 vibratum
2311 3175 2624 3231 flatnmeum
2648 3191 2859 3246 ensem,
2894 3179 3036 3234 sicut
3062 3181 3318 3249 diximus,
3345 3196 3588 3255 potestas

2009 3267 2262 3336 septima,
2293 3283 2414 3336 qua:
2443 3277 2616 3324 estex
2652 3280 2827 3324 semet
2869 3281 3130 3342 prognata
3155 3312 3172 3338 ,
3231 3289 3349 3344 qua:
3397 3292 3587 3334 OIIIIN'S

2011 3359 2271 3425 continet,
2303 3373 2423 3428 quae
2459 3359 2510 3414 in
2542 3375 2637 3416 sex
2664 3361 2896 3432 reposita
2930 3373 3013 3420 est
3049 3369 3424 3433 potestatibus.
3449 3369 3585 3424 Nam

2011 3449 2132 3506 cum
2167 3467 2270 3506 nou
2299 3453 2601 3508 vibrabitur
2648 3453 2929 3511 ﬂammeus
2953 3458 3122 3523 ensis,
3147 3463 3585 3529 pessumdabitur

2010 3551 2064 3597 et
2085 3542 2325 3598 interibit
2351 3543 2636 3612 pulchrum
2658 3544 2786 3600 illud
2817 3545 3053 3616 lignum;
3085 3564 3208 3606 cum
3240 3561 3421 3607 autem
3453 3569 3586 3608 cou-

2009 3641 2256 3686 vertetur
2288 3635 2342 3686 in
2373 3648 2560 3688 semen
2607 3647 2662 3690 et
2706 3635 2808 3702 lac,
2851 3637 2944 3708 qui
2989 3647 3259 3708 potestate
3290 3640 3344 3695 in
3387 3642 3472 3697 his
3502 3659 3586 3696 re-

2010 3725 2222 3791 positus
2237 3733 2339 3792 est,
2359 3723 2798 3784 informationem
2823 3728 3070 3785 idoneam
3090 3740 3144 3786 et
3167 3732 3342 3786 locum
3356 3732 3584 3803 justum,

2011 3814 2064 3869 in
2103 3831 2209 3886 quo
2235 3825 2526 3886 generatur
2555 3819 2800 3888 verbum,
2841 3831 3056 3889 nactus,
3080 3833 3233 3880 ortus
3265 3834 3522 3897 tanquam
3556 3847 3584 3880 ει

2009 3905 2247 3962 scintilla
2274 3909 2595 3964 tenuissima
2626 3927 2848 3980 prorsus
2873 3915 3190 3983 grandescet
3237 3927 3293 3973 et
3338 3931 3590 3990 augescet

2008 4006 2066 4051 et
2093 3997 2201 4053 erit
2228 4007 2468 4066 potestas
2489 4000 2699 4057 infinita
2724 4003 3096 4071 immutabilis,
3114 4004 3348 4078 [similis
3369 4017 3422 4064 et
3443 4027 3589 4065 cont-

2010 4086 2145 4160 par]
2176 4103 2292 4143 αξιεο
2327 4089 2685 4160 immutabili,
2716 4095 2858 4164 quod
2887 4095 3119 4166 amplius
3147 4113 3252 4152 non
3286 4098 3347 4154 fit
3375 4100 3428 4155 in
3457 4102 3586 4158 infl-
3616 4130 3623 4138 -

2010 4187 2180 4230 nttum
2207 4191 2401 4233 ωνιιιη.

2082 4354 2169 4411 13.
2208 4354 2428 4411 Exstitit
2461 4355 2781 4428 igiturbaud
2808 4359 2968 4416 dubie
2994 4363 3292 4419 secundum
3326 4365 3464 4421 hanc
3501 4383 3586 4422 ra-

2012 4449 2212 4503 tionem
2265 4448 2445 4504 stultis
2501 4448 2687 4506 Simon
2740 4452 2874 4507 deus
2918 4453 3057 4510 sicut
3087 4453 3250 4527 Libys
3283 4458 3410 4526 ille,
3463 4461 3584 4515 dico

2007 4543 2326 4612 Apsetlium,
2368 4555 2656 4614 generatus
2701 4545 2918 4615 quidem
2969 4557 3024 4603 et
3058 4550 3294 4619 patibilis
3323 4593 3338 4618 ,
3369 4553 3586 4624 quando

2006 4644 2090 4691 est
2121 4635 2174 4689 in
2210 4645 2518 4706 potestate,
2583 4639 2898 4710 impatibilis
2953 4651 3134 4697 autem
3185 4658 3252 4699 ex
3301 4657 3582 4717 generato,

2007 4727 2225 4797 quando
2257 4727 2518 4798 efﬁgiatus
2546 4740 2707 4786 estet
2731 4731 2904 4787 factus
2930 4731 3201 4801 perfectus
3224 4751 3475 4806 egressus
3505 4748 3586 4793 est

2004 4827 2302 4888 potestates
2333 4820 2537 4887 primas
2571 4821 2706 4876 duas
2727 4863 2742 4888 ,
2775 4822 2876 4877 hoc
2905 4833 2989 4880 est
3015 4824 3210 4880 ctelum
3257 4835 3310 4880 et
3361 4838 3582 4882 terram.

2005 4911 2096 4963 Ait
2124 4912 2266 4964 enim
2286 4909 2472 4966 Simon
2499 4913 2630 4981 ipsis
2647 4913 2829 4969 verbis
2858 4914 2924 4968 de
2949 4915 3048 4971 hac
3077 4933 3134 4973 re
3167 4917 3216 4970 in
3239 4917 3588 4974 Revelatione

2014 5001 2065 5054 in
2088 5002 2231 5056 hunc
2251 5004 2465 5057 modum
2487 5021 2501 5058 :
2533 5001 2690 5058 Vobis
2713 5007 2875 5074 igitur
2895 5007 3033 5073 dico,
3053 5025 3171 5080 qua:
3194 5012 3311 5066 dico
3327 5025 3372 5066 et
3391 5014 3584 5080 scribo,

1593 5136 1828 5192 VARle
1867 5137 2274 5196 LECTIONES.

373 5266 420 5298 ⁸⁸
442 5268 470 5317 6
493 5266 772 5334 γέννητος.
805 5269 833 5320 6
863 5267 1164 5336 ἀγέννητος
1194 5263 1252 5326 C,
1288 5262 1357 5316 Ill.
1390 5261 1472 5316 Cf.
1502 5275 1666 5328 supra
1701 5277 1754 5330 p.
1793 5262 1918 5326 9.42,
1950 5262 2140 5319 75-85.
2216 5262 2259 5293 δ’
2294 5263 2414 5315 κατ’
2445 5260 2735 5346 οὐδεμίαν..
2759 5261 2898 5314 κατὰ
2931 5262 2987 5316 δὲ
3030 5264 3159 5331 μίαν
3189 5264 3250 5327 C,
3283 5262 3352 5316 M.
3428 5264 3474 5294 "
3505 5265 3582 5318 τό.

351 5334 387 5386 ὦ
415 5336 475 5386 C.
553 5337 597 5366 ⁸³
628 5338 708 5386 ἓν.
746 5332 903 5386 οὖσα.
936 5338 1130 5386 ἐνοῦσα
1169 5333 1233 5386 C.
1311 5334 1356 5365 '°
1383 5333 1640 5385 κατανοεί
1672 5332 1732 5386 C.
1765 5332 1808 5362 ’⁸
1841 5333 2139 5386 γεννέσεως
2171 5348 2314 5385 corr.
2349 5332 2412 5386 C.
2489 5331 2535 5363 "
2571 5330 2666 5383 Ἓν
2691 5331 2746 5383 δε
2782 5331 2858 5384 δν.
2901 5333 3110 5386 Ἐνδέον
3140 5332 3204 5386 C.
3240 5333 3310 5386 M.
3389 5334 3434 5364 ⁸³
3462 5350 3582 5386 τοο-

305 5334 387 5406 τῷ
415 5336 475 5391 C.
506 5330 517 5334 ⁷
553 5337 597 5366 ⁸³
628 5330 708 5400 έν,
746 5330 1130 5390 οὖσα.’ὲνοῦ’σα
1169 5333 1233 5387 C.
1311 5334 1356 5365 '°
1383 5333 1640 5385 κατανοεί
1672 5332 1732 5386 C.
1765 5332 1808 5362 "
1841 5333 2139 5398 γεννέσεως
2171 5348 2314 5385 corr.
2349 5332 2412 5386 C.
2489 5331 2535 5363 "
2571 5330 2666 5383 Ἓν
2691 5331 2746 5383 δὲ
2782 5331 2858 5384 δν.
2901 5330 3110 5387 Ἐνδέον
3140 5332 3204 5396 C,
3240 5333 3310 5387 M.
3389 5334 3434 5364 ⁸³
3462 5350 3587 5404 τρου

309 5409 417 5468 πὰς
453 5406 745 5475 στρέφεται
775 5407 887 5459 δύο.
919 5409 1124 5475 τροφάς
1157 5403 1446 5474 τρέφεται.
1478 5400 1567 5475 Διὸ
1586 5401 1654 5475 β,
1688 5401 1756 5454 Μ.
1823 5403 1870 5432 ⁸⁸
1902 5405 2142 5475 γέννεσις
2187 5419 2330 5455 corr.
2370 5402 2439 5475 C.
2505 5402 2550 5432 "
2583 5403 2779 5475 τροφή.
2831 5405 3010 5475 τρυφὴ
3195 5405 3253 5475 ’ἣν
3279 5403 3300 5475 Ιί
3328 5403 3466 5475 Mos.
3502 5420 3585 5475 tu.

309 5423 417 5468 πας
453 5423 745 5475 στρεφεται
775 5423 887 5459 ουο.
919 5423 1124 5475 τροφάς
1157 5423 1446 5474 τρέφεται.
1478 5423 1567 5454 tuo
1590 5423 1654 5462 ιι,
1688 5423 1756 5454 tu.
1823 5423 1870 5432 "
1902 5423 2142 5468 γεννεςις
2187 5423 2330 5455 corr.
2370 5423 2433 5454 υ.
2508 5423 2550 5432 ⁷-
2583 5423 2779 5486 τροφή.
2831 5423 3116 5488 τρυὶςρηὶι.
3197 5423 3294 5484 "-l
3328 5423 3466 5485 nios.
3502 5423 3580 5484 ιιι,

307 5477 376 5529 24
407 5491 421 5528 :
457 5478 564 5528 Καὶ
589 5476 746 5542 ἔταξε
771 5478 839 5529 τὰ
868 5477 1148 5546 Χερουϐὶμ
1184 5476 1300 5551 ικαὶ-
1313 5475 1414 5551 τὴν
1438 5470 1705 5551 φλογίνην
1729 5473 2007 5551 ῥομφαίαν
2035 5472 2131 5551 τήν
2167 5471 2544 5551 στρεφομένην
2565 5471 2864 5551 φύλασσε-ιν
2890 5489 2985 5551 την
3015 5474 3132 5526 οοὸν
3163 5491 3256 5526 του
3287 5474 3580 5551 ἰξάλου-της

315 5543 482 5628 ζωῆς,
591 5546 636 5628 ξ’
669 5540 852 5628 ius?
875 5540 1004 5628 τῷν.
1029 5540 1346 5628 ,παράκτῶχ
1368 5540 1452 5628 0.,-
1479 5541 1576 5628 Μκ
1617 5613 1629 5628 ⁹
1661 5541 1707 5572 ⁸⁸
1731 5540 2036 5627 στρέφεται
2229 5543 2283 5626 ⁸⁵,
2302 5540 2674 5628 λέγοξςλύγος
2706 5545 2766 5628 (3,
2801 5540 2870 5596 Μ.
2902 5540 3180 5628 (ἕξπευρι-ιι
3213 5558 3262 5626 ρ.
3299 5542 3425 5628 λάξ,
3454 5543 3507 5605 5,
3533 5540 3586 5600 6.

315 5573 480 5616 εωῐις.
591 5573 632 5579 ν’
669 5573 852 5615 παῖηρ
875 5573 1004 5598 των.
1048 5573 1204 5617 παρα
1232 5573 1342 5596 νιων
1375 5573 1436 5606 ν,
1479 5573 1547 5595 ιιι.
1741 5573 2036 5613 υιξιςγιιιυιι
2066 5573 2127 5594 ιι.
2302 5573 2479 5626 Iit-ignaui
2521 5573 2672 5623 nutu»,
2706 5573 2766 5624 υ)
2801 5573 2870 5596 ul.
2902 5573 3180 5628 Ul‘o'Dullld
3213 5573 3262 5626 ἓν.
3302 5573 3425 5628 “f1,
3454 5573 3507 5605 υ,
3533 5573 3586 5600 υ.

310 5612 546 5683 ⁸·τυχῶν.
577 5615 766 5686 ψυχῶν
791 5617 856 5676 C,
883 5616 952 5670 Μ.
1029 5617 1049 5648 ⁸
1080 5618 1154 5679 ὼς
1200 5615 1279 5686 ῶν
1306 5613 1368 5679 C,
1405 5614 1472 5668 Μ.
1607 5613 2046 5686 ἀπαράλλακτος,
2077 5611 2165 5686 ἴση
2201 5611 2308 5686 και
2338 5625 2502 5680 ομοια
2530 5614 2693 5686 altth
2719 5612 3158 5686 gmpaitiath).
3207 5628 3590 5686 {stupeﬁang

309 5679 866 5757 αζιῖιῆιᾲὰπάρςῖλάκτῳ
895 5687 956 5752 ο,
995 5685 1421 5756 ἀπαράλλακτος
1473 5685 1628 5738 αίῶνι
1665 5679 2074 5753 ἀπαραλλάκτιιν
2109 5681 2177 5733 Μ.
2238 5679 2320 5734 Cf.
2358 5679 2518 5750 supra
2554 5696 2604 5750 p.
2665 5681 2795 5746 248,
2838 5679 2888 5749 9,
2927 5682 3008 5749 10,
3044 5679 3175 5752 σι’ρ.
3210 5679 3338 5744 τιιζ
3367 5682 3461 5744 95,
3493 5681 3586 5739 94.

299 5759 323 5779 ⁸
353 5755 431 5807 ὅτε
465 5755 529 5807 ἂν
554 5757 618 5809 C.

687 5851 956 5912 PAT30L.
1006 5851 1120 5913 (in.
1171 5847 1339 5912 XVI.
3172 5843 3279 5909 102
