4084 6408
370 323 513 389 3223

1440 318 1742 380 CONTRA
1779 316 2149 378 ILERESES
2184 315 2331 377 LIB.
2370 317 2472 379 VI.

3504 317 3646 384 329.5

374 436 544 508 αὐτὴν
587 432 684 497 τὰς
732 431 885 504 ὄψεις
912 432 1264 503 τυφλωθῆναι
1285 449 1298 462 ⁸
1336 425 1492 496 αὖθις
1525 433 1582 487 δὲ
1605 474 1619 495 ,
1656 427 1966 502 μεταμελη-

2073 430 2481 499 dilaceravisset
2514 442 2659 496 eam,
2686 428 2857 489 oculis
2886 438 3101 501 captum
3137 443 3290 498 esse,
3325 445 3514 487 rursus
3551 448 3648 485 au-

353 528 564 609 ἱΘέντος
593 526 761 579 αὐτοῦ
790 526 886 580 καὶ
915 524 1232 597 γράψαντος
1258 529 1357 589 τὰς
1384 524 1737 595 παλινῳδίας,
1778 525 1836 577 έν
1871 518 1961 587 αἷς

354 618 361 677 ‘1
382 618 623 690 ὕμνησεν
652 617 843 687 αὐτὴν,
868 615 1191 684 άναδλέψαν
1224 614 1821 687 μετενσωματουμένην
1840 614 1896 667 δὲ
1916 614 1962 645 ¹³

358 692 480 764 ’ὑπὸ
510 708 622 761 τῶν
660 707 911 777 ἀγγέλων
957 709 1052 760 καὶ
1094 706 1206 761 τῶν
1253 708 1404 761 κάτω
1438 697 1723 775 ἐξουσιῶν,
1784 706 1834 759 οἳ
1867 707 1962 759 καὶ

372 801 465 853 τὸν
488 799 718 871 κόσμον,
753 798 941 867 φησὶν,
970 798 1258 866 ἐποίησαν,
1286 795 1513 868 ὕστερον
1559 797 1652 850 ἐπὶ
1681 796 1869 861 τέγους
1902 795 1950 827 ’δ

375 895 433 945 ἐν
466 891 629 963 Τύρῳ
657 891 759 960 τῆς
803 891 1058 961 Φοινίκης
1092 889 1244 944 πόλει
1296 889 1512 959 στῆναι,
1561 888 1628 959 ἣν
1666 886 1949 941 κατελθὼν

378 977 560 1056 εὗρεν.
603 983 729 1039 'Erti.
778 983 886 1054 γὰρ
924 984 1027 1054 τὴν
1077 982 1285 1053 ταύτης
1324 982 1553 1054 πρώτην
1595 981 1826 1052 ζήτησιν
1854 980 1960 1052 ἔφη

374 1076 843 1150 παραγεγονέναι,
877 1076 1025 1139 ὅπως
1055 1075 1289 1146 ρύσηται
1320 1074 1489 1145 αὐτὴν
1512 1073 1618 1127 τῶν
1638 1072 1873 1142 δεσμῶν,
1893 1072 1961 1142 ἢν

375 1169 803 1241 λυτρωσάμενος
834 1166 952 1236 ἅμα
986 1166 1166 1236 ἑαυτῷ
1200 1169 1452 1237 περιῆγε,
1502 1166 1728 1233 φάσκων
1760 1164 1770 1233 |
1802 1162 1987 1223 "c0610,

375 1258 517 1318 εἶναι
562 1261 624 1313 τὸ
676 1258 954 1324 ἀπολωλὸς
988 1258 1285 1331 πρόϐατον,
1322 1258 1515 1313 ἑαυτὸν
1545 1256 1603 1310 δὲ
1650 1256 1827 1325 λέγων
1860 1255 1961 1327 τὴν

377 1355 521 1425 ὑπὲρ
554 1354 732 1408 πάντα
768 1351 1000 1423 δύναμιν
1026 1348 1186 1406 εῖναι.
1230 1352 1288 1405 Ὀ
1311 1350 1368 1405 δὲ
1409 1350 1610 1422 ψυδρὸς
1640 1351 1685 1381 ’⁵
1711 1348 1961 1423 ἐρασθεὶς

376 1446 470 1500 τοῦ
494 1444 720 1514 γυναίου
738 1442 954 1507 τούτου,
970 1440 1195 1513 Ἑλένης
1220 1442 1584 1512 καλουμένης,
1610 1439 1962 1511 ὠνησάμενος

379 1535 518 1608 εἶχε,
556 1536 651 1589 καὶ
688 1536 816 1598 τοὺς
843 1534 1092 1605 μαθητὰς
1119 1533 1433 1603 αἰδούμενος
1456 1531 1647 1585 τοῦτον
1669 1532 1760 1586 τὸν
1791 1530 1960 1602 μῦθον

380 1628 638 1683 ἔπλασεν.
668 1628 734 1682 Οί
754 1626 811 1681 δὲ
848 1620 1008 1690 αὖθις
1032 1627 1269 1697 μιμηταὶ
1294 1623 1391 1679 τοῦ
1425 1625 1631 1680 πλάνου
1659 1625 1749 1678 καὶ
1776 1624 1961 1695 Σίμω-

378 1736 472 1782 νος
521 1718 714 1786 Μάγου
762 1717 1039 1787 γινόμενοι
1071 1716 1138 1769 τὰ
1187 1717 1351 1787 ὃμοια
1400 1716 1624 1788 δρῶσιν,
1657 1715 1961 1784 ἀλογίστως

2067 531 2173 577 tem
2231 521 2550 593 poenitentia
2610 531 2938 578 commotum
2989 523 3206 594 scriptis
3245 522 3553 591 palinodiis,
3590 524 3647 578 in

2066 617 2263 686 quibus
2312 615 2604 669 celebravit
2636 614 2780 668 illam
2814 655 2832 681 ,
2861 616 3035 671 visum
3068 618 3355 685 recepisse.
3385 614 3647 684 Incorpo-

2065 720 2243 762 ratam
2299 716 2476 760 autem
2529 705 2597 760 ab
2642 706 2846 775 angelis
2900 713 2956 759 et
3002 704 3230 760 infernis
3266 706 3646 776 potestatibus,

2062 800 2155 869 qui
2189 808 2240 855 et
2273 799 2563 863 mundum,
2626 798 2835 868 inquit,
2884 796 3131 854 fabricati
3168 808 3313 863 sunt,
3371 806 3558 869 postea
3593 798 3646 852 in

2063 892 2269 947 fornice
2304 889 2455 961 Tyri.
2490 889 2622 944 urbe
2649 888 2965 954 Phoenicia),
3002 890 3331 957 prostitisse,
3364 903 3527 959 quam
3557 890 3646 944 ubi

2064 984 2344 1039 descendit
2370 983 2593 1052 reperit.
2626 983 2707 1037 Ad
2747 982 2909 1053 hujus
2936 982 3085 1037 enim
3149 982 3396 1053 inprimis
3425 982 3650 1038 investi-
3688 982 3696 1059 ξ

2063 1078 2332 1147 gationem
2365 1075 2505 1131 dixit
2530 1074 2816 1131 advenisse
2839 1111 2858 1140 ,
2887 1083 2945 1129 ut
2973 1074 3233 1130 liberaret
3253 1073 3401 1129 illam
3436 1074 3504 1129 de
3527 1073 3649 1127 vin-

2064 1167 2221 1233 culis,
2258 1182 2418 1238 quam
2455 1168 2507 1223 in
2549 1165 2857 1222 libertatem
2892 1176 3158 1223 assertum
3197 1180 3381 1222 secum
3412 1166 3650 1221 cireum-

2063 1262 2257 1331 agebat
2296 1261 2481 1318 dicens
2516 1262 2657 1318 hanc
2686 1276 2809 1317 esse
2854 1261 3190 1332 deperditam
3245 1275 3435 1329 ovem,
3477 1267 3652 1316 semet

2065 1361 2245 1409 autem
2280 1361 2598 1422 potestatem
2622 1368 2745 1410 esse
2770 1368 2889 1424 qua
2912 1369 3072 1425 supra
3091 1354 3271 1410 omnia
3295 1355 3387 1409 sit.
3420 1351 3651 1408 Mendax

2064 1451 2242 1497 autem
2277 1441 2383 1511 ille,
2414 1458 2599 1500 amore
2626 1454 2816 1514 captus
2839 1443 3169 1501 muliercula:
3202 1444 3359 1501 istius
3385 1486 3401 1511 ,
3426 1442 3649 1499 Helena

2064 1533 2301 1600 nomine,
2334 1545 2572 1604 emptam
2620 1535 2856 1592 habebat
2882 1544 2935 1592 et
2981 1545 3286 1592 commotus
3315 1535 3525 1605 pudore
3557 1535 3645 1589 di-

2064 1624 2396 1695 scipulorum
2422 1627 2562 1682 banc
2585 1627 2822 1684 fabulam
2847 1629 3130 1686 conﬁnxit.
3158 1628 3234 1684 llli
3252 1635 3434 1684 autem
3460 1641 3651 1683 rursus

2072 1716 2380 1774 imitatores
2409 1720 2826 1790 prmstigiator'ts
2875 1730 2932 1777 et
2972 1721 3210 1778 Simonis
3250 1721 3457 1777 scilicet
3507 1720 3650 1793 Magi

380 1812 679 1879 φάσκοντες
716 1810 828 1862 δεῖν
855 1809 1166 1878 μίγνυσθαι,
1198 1809 1482 1879 λέγοντες·
1540 1809 1697 1862 Πᾶσα
1745 1808 1817 1878 γῆ
1865 1808 1959 1877 γῆ,

2072 1810 2201 1868 iacti
2230 1813 2460 1882 aequalia
2498 1823 2663 1884 agunt
2690 1853 2706 1879 ,
2740 1814 2889 1870 nullo
2917 1814 3231 1870 discrimine
3255 1814 3464 1870 aieutes
3491 1827 3652 1885 opor-

374 1904 475 1957 καὶ
495 1906 553 1956 οὑ
589 1902 833 1972 διαφέρει
863 1900 965 1955 ποῦ
996 1919 1080 1965 τις
1108 1901 1154 1933 ’δ
1179 1901 1411 1970 σπείρει,
1443 1900 1583 1970 πλὴν
1615 1901 1704 1953 ἵνα
1732 1900 1955 1971 σπείρῃ,

380 1993 519 2047 ἀλλά
562 1992 656 2046 καὶ
704 1991 1107 2065 μακαρίζουσιν
1146 1992 1369 2055 ἑαυτοὺς
1403 1991 1499 2044 ἐπὶ
1547 1993 1613 2062 τῇ
1663 1988 1865 2061 [κοινῇ]
1917 1990 1962 2022 ﬂ

384 2082 550 2153 μίξει,
586 2081 792 2152 ταύτην
826 2077 969 2136 εἶναι
1017 2080 1267 2150 λέγοντες
1318 2080 1417 2150 τὴν
1461 2078 1672 2133 τελείαν
1718 2079 1960 2147 ἀγάπην,

383 2176 480 2229 καὶ
504 2174 585 2239 τὸ,
614 2174 800 2243 ’Ἄγιος
822 2174 995 2243 ἀγίων
1026 2214 1039 2227 .
1074 2213 1086 2227 .
1115 2173 1213 2242 λλη
1239 2214 1251 2227 .
1288 2213 1299 2225 .
1331 2172 1452 2236 ος²⁸
1469 2171 1880 2242 ἁγιασθήσεται·
1902 2170 1963 2223 οὐ

383 2270 493 2340 γὰρ
550 2268 627 2340 μὴ
669 2268 991 2338 κρατεῖσθαι
1052 2268 1253 2330 αὐτοὺς
1299 2266 1392 2319 ὲπί
1452 2282 1557 2319 τινι
1617 2263 1964 2334 νομιζομένῳ

379 2360 561 2431 κακῷ,
592 2360 960 2432 λελύτρωνται
988 2360 1099 2431 γάρ
1123 2400 1137 2412 .
1181 2359 1294 2431 Τὴν
1323 2358 1381 2412 δὲ
1424 2356 1644 2428 Ἑλένην
1673 2358 1718 2390 ⁸⁸
1756 2356 1966 2427 λυτρω-

386 2453 622 2520 σάμενος
646 2450 821 2515 οὕτως
842 2454 957 2516 τοῖς
982 2451 1290 2523 ἀνθρώποις
1315 2450 1590 2521 σωτηρίαν
1611 2449 1851 2520 παρέσχε
1876 2447 1968 2501 διὰ

383 2544 486 2613 τῆς
514 2544 650 2608 ἰδίας
690 2543 1061 2615 ἐπιγνώσεως.
1091 2544 1296 2607 Κακῶς
1336 2544 1445 2616 γὰρ
1479 2541 1825 2596 διοικούντων
1856 2539 1967 2594 τῶν

387 2637 639 2704 ἀγγέλων
667 2637 757 2691 τὸν
807 2638 1012 2707 κόσμον
1052 2637 1141 2689 διὰ
1192 2637 1251 2690 τδ
1283 2636 1566 2708 φιλαρχεῖν
1614 2635 1813 2694 αὐτοὺς
1835 2674 1850 2699 ,
1885 2635 1968 2697 είς

385 2724 763 2794 ἐπανόρθωσιν
801 2725 1122 2795 ἐληλυθέναι
1155 2725 1317 2778 αὑτὸν
1346 2725 1451 2796 ἔφη
1493 2722 1968 2795 μεταμορφούμε-

380 2834 478 2871 »νον
521 2816 617 2870 καὶ
652 2816 1073 2887 ὲξομοιούμενον
1108 2819 1231 2881 ταῖς
1264 2818 1466 2887 ἀρχαῖς
1504 2816 1601 2870 καὶ
1653 2817 1774 2877 ταῖς
1812 2814 1966 2878 ἐξου-

391 2910 532 2973 σίαις
566 2911 797 2972 καὶτοῖς
842 2910 1101 2979 ἀγγέλοις
1125 2950 1139 2974 ,
1174 2910 1249 2973 ὡς
1296 2911 1391 2963 καὶ
1441 2905 1727 2981 ἄνθρωπον
1784 2888 1971 2976 φαίνελ

2071 1914 2183 1959 tere
2216 1904 2454 1969 misceri,
2489 1905 2576 1960 bis
2607 1906 2689 1961 usi
2712 1907 2930 1962 verbis:
2966 1903 3158 1963 Omnis
3187 1915 3327 1962 terra
3353 1913 3520 1973 terra,
3555 1918 3652 1961 nec

2070 1994 2248 2049 diﬂ'ert
2277 1996 2366 2050 ubi
2391 1996 2513 2065 quis
2536 2007 2700 2062 serat,
2730 1998 2891 2054 modo
2926 2006 3095 2064 serat,
3123 2012 3310 2052 verum
3334 1997 3498 2053 etiam
3530 2011 3654 2053 sese

2071 2087 2258 2143 beatos
2299 2088 2596 2158 praedicant
2649 2099 2869 2161 propter
2933 2105 3275 2146 communem
3342 2090 3650 2145 mistionem

2072 2179 2214 2234 hanc
2262 2181 2503 2236 dicentes
2541 2195 2660 2236 esse
2709 2181 3005 2251 perfectam
3054 2195 3295 2252 agapen;
3353 2190 3408 2237 et
3465 2180 3649 2237 illud:

2064 2267 2307 2325 Sanctus
2351 2276 2668 2324 sanctorum
2706 2309 2721 2325 .
2763 2310 2778 2325 .
2812 2307 2832 2327 .
2869 2309 2885 2325 .
2921 2306 2939 2324 .
2981 2310 2996 2326 .
3032 2270 3479 2326 sanetiiicabitur.
3533 2268 3651 2326 Non

2071 2361 2216 2417 enim
2248 2361 2419 2416 teneri
2460 2376 2581 2417 sese
2606 2361 2749 2417 malo
2780 2360 2963 2431 aliquo
2982 2402 2999 2430 ,
3024 2363 3166 2430 quod
3202 2362 3363 2433 vulgo
3387 2361 3653 2418 habeatur

2073 2468 2170 2523 pro
2199 2452 2363 2520 malo,
2397 2452 2628 2510 exsoluti
2660 2452 2805 2507 enim
2844 2462 2989 2507 sunt.
3038 2451 3297 2509 Helenam
3348 2462 3528 2510 autem
3561 2454 3649 2511 ubi

2072 2547 2308 2603 exsolvit
2339 2547 2412 2602 ita
2443 2548 2757 2603 hominibus
2804 2547 3037 2603 salutem
3078 2547 3307 2617 praebuit
3359 2562 3456 2619 per
3500 2563 3654 2603 suam

2072 2639 2380 2695 scientiam.
2409 2638 2545 2695 Male
2573 2639 2718 2694 enim
2741 2639 3242 2695 administrantibus
3265 2639 3471 2712 angelis
3495 2655 3658 2695 mun-

2066 2729 2201 2785 dum
2242 2739 2461 2800 propter
2491 2731 2797 2799 cupidinem
2826 2731 3128 2800 imperandi
3156 2730 3227 2786 ad
3259 2731 3655 2801 reparationem

2076 2831 2250 2876 semet
2281 2821 2567 2876 advenisse
2584 2820 2722 2876 dixit
2753 2821 3196 2891 transﬁguratum
3225 2831 3281 2879 et
3303 2824 3654 2880 assimilatum

2078 2911 2319 2981 imperiis
2347 2919 2400 2967 et
2434 2912 2797 2980 potestatibus
2835 2922 2889 2967 et
2916 2914 3154 2984 angelis,
3196 2922 3255 2969 ut
3283 2923 3340 2971 et
3370 2914 3534 2972 homo
3560 2932 3660 2987 ap-

391 3000 518 3053 σθαι
563 3001 728 3053 αὐτὸν
771 3000 846 3071 μὴ
902 3000 1033 3054 ὄντα
1062 2999 1348 3070 ἄνθρωπον
1374 3040 1390 3065 ,
1430 2998 1526 3052 καὶ
1579 2998 1773 3051 παθεῖν
1822 2995 1878 3049 δὲ
1912 2996 1966 3049 ὲν

2077 3014 2319 3072 pareret,
2354 3018 2477 3057 cum
2509 3018 2616 3058 non
2648 3012 2792 3058 esset
2815 3003 2981 3060 homo
3004 3012 3057 3059 et
3090 3006 3197 3075 pati
3229 3006 3281 3060 in
3303 3004 3487 3063 Jndaaa
3509 3008 3658 3063 visus

390 3096 458 3164 τῇ
529 3091 759 3161 Ἰουδαίᾳ
816 3090 1168 3160 δεδοκηκέναι
1223 3089 1267 3120 ³ο
1324 3089 1399 3159 μὴ
1456 3088 1786 3154 πεπονθότα,
1831 3086 1966 3142 ἀλλὰ

2080 3094 2152 3148 sit
2179 3109 2288 3149 non
2320 3108 2534 3162 passus,
2567 3095 2661 3149 sed
2699 3094 2906 3167 256-
2930 3095 3094 3166 257
3126 3097 3430 3166 patefactus
3457 3099 3659 3155 Judaeis

392 3184 630 3253 φανέντα
672 3182 951 3246 Ἰουδαίοις
988 3180 1062 3254 [ρ.
1103 3182 1226 3247 175,
1259 3180 1385 3253 176]
1415 3180 1514 3251 μὲν
1541 3180 1617 3243 ὼς
1650 3181 1789 3233 Υὶόν
1817 3180 1882 3244 ³⁸,
1917 3182 1966 3233 ὲν

2085 3195 2338 3256 tanquam
2372 3183 2570 3253 Filius,
2609 3186 2664 3241 in
2698 3185 2947 3242 Samaria
2980 3198 3161 3245 autem
3188 3197 3446 3261 tanquam
3469 3190 3657 3263 Pater,

382 3271 453 3324 δὲ
490 3273 556 3341 τῇ
616 3270 904 3343 Σαμαρείᾳ
951 3270 1028 3335 ὡς
1072 3270 1323 3339 Πατέρα,
1381 3272 1441 3324 ὲν
1496 3269 1554 3323 δὲ
1610 3273 1723 3334 τοῖς
1768 3270 1974 3333 λοιποῖς

392 3361 607 3415 ἔθνεσιν
637 3361 714 3425 ὡς
757 3361 1002 3432 Πνεῦμα
1040 3361 1234 3431 ἅγιον,
1269 3361 1563 3432 ὑπομένειν
1593 3360 1654 3415 δὲ
1685 3362 1846 3416 αὐτὸν
1879 3378 1975 3416 κα-

389 3452 602 3507 λεῖσθαι
653 3452 752 3523 οἴῳ
805 3452 872 3507 ἂν
927 3453 1153 3523 ὀνόματι
1211 3452 1399 3507 καλεῖν
1457 3452 1755 3524 βούλωνται
1808 3452 1854 3487 ⁸⁸
1916 3456 1965 3509 oi

399 3549 700 3619 ἂνθρωποι.
733 3549 872 3612 Τοὺς
921 3549 979 3607 δὲ
1014 3550 1303 3621 προφήτας
1336 3548 1445 3602 ἀπὸ
1484 3548 1594 3603 τῶν
1627 3548 1976 3618 κωμοποιῶν

396 3640 654 3708 ἀγγέλων
677 3640 1118 3709 ἐμπνευσθέντας
1140 3639 1422 3711 είρηκέναι
1437 3640 1535 3703 τὰς
1550 3640 1886 3710 προφητείας
1907 3641 1975 3673 ³⁸·

399 3731 482 3785 διὸ
514 3731 590 3803 μὴ
630 3732 941 3801 φροντίζειν
986 3731 1168 3785 αὐτῶν
1208 3731 1336 3794 τοὺς
1366 3734 1448 3796 εἰς
1490 3730 1586 3783 τὸν
1629 3732 1852 3800 Σίμωνα
1884 3732 1982 3785 καὶ

399 3823 498 3895 τὴν
553 3823 776 3893 Ἑλένην
815 3822 1253 3885 πεπιστευκότας
1301 3822 1407 3884 ἕως
1456 3821 1574 3888 νῦν,
1617 3822 1886 3891 πράσσειν
1922 3838 1981 3874 τε

392 3914 502 3968 ὅσα
536 3914 582 3947 ³⁸
614 3914 895 3985 βούλονται
918 3913 994 3977 ὡς
1021 3912 1359 3984 ἐλευθέρους,
1394 3911 1538 3967 κατά
1566 3910 1676 3983 γὰρ
1695 3911 1793 3981 τὴν
1815 3911 1980 3965 αὐτοῦ

401 4005 563 4075 χάριν
601 4004 872 4069 σώζεσθαι
924 4006 1121 4068 αὐτοὺς
1156 4004 1424 4072 φάσκουσι
1454 4002 1520 4054 ⁸⁸.
1555 4001 1741 4070 Μηδὲν
1795 4002 1839 4033 ³⁸
1874 4002 1982 4073 γὰρ

398 4094 542 4153 εἶναι
568 4099 740 4152 αῐτιον
761 4098 918 4169 δίκης
947 4098 999 4150 εί
1030 4097 1040 4167 1
1072 4096 1270 4169 πράξει
1300 4096 1345 4129 ³⁷
1370 4111 1456 4158 τις
1484 4094 1670 4157 κακῶς
1696 4094 1759 4159 ³⁸,
1783 4094 1843 4147 οὐ
1872 4094 1981 4164 γάρ

2080 3277 2136 3333 in
2196 3276 2419 3346 reliquis
2447 3285 2628 3331 autem
2669 3279 2924 3347 gentibus
2964 3286 3222 3349 tanquam
3263 3279 3509 3353 Spiritus
3532 3300 3662 3339 san-

2082 3379 2219 3425 ctus.
2256 3369 2540 3424 Sustinere
2566 3378 2746 3425 autem
2772 3386 2896 3427 sese
2919 3373 3178 3442 appellari
3211 3389 3536 3448 quocunque
3562 3392 3661 3433 no-

2083 3461 2230 3517 mine
2277 3461 2548 3533 appellare
2593 3461 2766 3518 velint
2821 3464 3088 3521 homines.
3134 3465 3438 3538 PrOpbetas
3479 3476 3659 3525 autem

2082 3554 2154 3609 ab
2197 3554 2405 3625 angelis
2454 3554 2639 3609 mundi
2691 3554 3112 3615 fabricatoribus
3146 3559 3435 3630 inspiratus
3467 3560 3661 3617 eﬂ‘atos

2083 3659 2205 3702 esse
2235 3644 2671 3701 vaticinationes.
2698 3645 3041 3718 Quapropter
3065 3663 3172 3704 non
3203 3665 3396 3707 curare
3419 3665 3540 3714 eos,
3566 3654 3661 3723 qui

2085 3735 2138 3789 in
2176 3736 2452 3791 Simonem
2481 3747 2537 3791 et
2558 3736 2819 3793 Helenam
2851 3741 3100 3805 credant,
3138 3742 3203 3796 ad
3235 3741 3377 3798 hunc
3405 3743 3547 3799 diem
3577 3744 3663 3798 fa-

2085 3839 2323 3895 cereque
2352 3842 2690 3899 quaecunque
2716 3829 2887 3886 libeat
2911 3840 2971 3887 ut
3002 3831 3232 3901 liberos;
3264 3849 3329 3889 ex
3353 3833 3499 3892 illius
3517 3836 3661 3891 enim

2084 3918 2256 3986 gratia
2288 3920 2492 3974 servari
2542 3933 2665 3975 sese
2705 3921 2879 3976 aiunt.
2932 3920 3048 3978 Non
3076 3924 3222 3978 enim
3267 3939 3388 3981 esse
3414 3940 3517 3982 cur
3540 3930 3664 3999 quis

2090 4008 2387 4075 puniatur,
2422 4009 2464 4063 si
2492 4010 2615 4080 quis
2647 4009 2787 4065 male
2808 4010 3004 4078 faciat;
3037 4027 3144 4067 non
3175 4014 3321 4070 enim
3348 4023 3436 4071 est
3470 4027 3663 4072 natura

2086 4095 2312 4161 malum,
2336 4099 2429 4153 sed
2446 4098 2733 4169 positione.
2752 4097 3237 4169 Posueruntenim,
3267 4103 3460 4183 inquit,
3485 4108 3661 4174 angeli

1671 4226 1908 4283 VARUE
1944 4227 2348 4287 LECTIONES.

476 4318 522 4388 .a
552 4356 609 4408 δὲ
670 4353 967 4423 nocueras.
1028 4367 1153 4423 om;
1194 4349 1263 4423 C_.
1309 4348 1383 4403 Μο
1466 4346 1526 4423 .¹¹’
1554 4346 1765 4423 τέγους·
1796 4363 1880 4423 ,τε
1925 4347 2050 4423 τοὺς
2090 4346 2155 4423 C,
2212 4346 2284 4403 Μ.
2336 4349 2432 4423 Cf.
2469 4349 2604 4423 Just.
2656 4349 2812 4411 Mart.
2854 4351 3343 4423 etfi'l‘lieodoretal.
3372 4352 3411 4408 ι.
3486 4351 3663 4423 "ou-—

396 4425 525 4501 ῥρὴς
552 4416 848 4501 “mperiis,
878 4416 1088 4501 ψυχρὸς
1118 4420 1291 4501 (λιι,
1329 4417 1523 4501 μιαρξς
1574 4416 1875 4501 Bt_i_nscnius
1931 4418 2273 4501 (llippolg‘tus
2326 4420 2432 4473 and
2490 4420 2572 4474 his
2617 4437 2711 4501 age
2743 4423 2786 4474 l.
2816 4422 3090 4501 ’ρο-,55ης
3132 4416 3658 4501 ψευδόχριστοςιηί.

336 4520 339 4523 ·
409 4488 686 4551 ἔρίιοιιιιεζ
767 4492 811 4523 ’⁸
841 4488 1026 4544 «nam
1050 4490 1111 4544 C.
1188 4491 1231 4522 ³⁷
1270 4488 1444 4558 κοινῇζ
1468 4488 1594 4557 ξένῃ
1620 4488 1689 4547 Μ,
1717 4489 1809 4556 qui
1840 4503 2024 4558 vocem
2058 4491 2109 4541 in
2147 4490 2192 4543 Ο
2219 4504 2438 4557 prorsus
2485 4493 2766 4545 evanuisse
2795 4488 2946 4546 dicit.

3023 4496 3069 4564 ξ’
3102 4532 3116 4547 .
3147 4492 3177 4548 ί.
3205 4492 3346 4564 γλληῑ
3364 4511 3442 4558 ος.
3473 4493 3661 4563 ’Ἄγιος

408 4568 563 4635 ἅγιος
703 4562 896 4630 ’Δγιον
918 4561 1111 4629 ἁγίων)
1138 4562 1234 4613 καὶ
1267 4557 1552 4641 Ἀλλήλους
1581 4558 1834 4639 ἁγιάζετε
1868 4557 2175 4639 ῌυιιςθηὶιιε
2206 4560 2241 4611 l.
2277 4561 2313 4615 ι.
2352 4576 2403 4630 p.
2432 4562 2539 4641 352
2569 4577 2583 4613 :
2617 4561 2939 4642 ἀγαπητὸςῖ
3010 4562 3056 4596 ³⁸
3086 4564 3170 4618 Cf.
3199 4557 3340 4619 lren.
3368 4557 3419 4618 c.
3448 4557 3584 4619 haer.
3607 4565 3660 4629 1,

408 4636 498 4689 25.
532 4637 567 4689 5
658 4643 855 4689 assuet.
895 4632 1237 4689 Quapropter
1266 4642 1321 4684 et
1354 4646 1525 4689 IDStltIl
1557 4643 1788 4689 venisse,
1821 4638 1896 4682 ιιιι
1932 4644 2051 4681 eam
2082 4643 2385 4689 assumeret
2417 4647 2644 4689 prunam
2678 4641 2730 4689 et
2775 4633 3035 4689 liberaret
3063 4648 3183 4687 eam
3213 4648 3244 4687 a
3283 4633 3530 4689 vinculis.
3569 4635 3660 4689 lto-

405 4629 498 4701 33,
532 4637 567 4689 5
596 4629 855 4689 Massuet.
895 4632 1237 4701 Quapropter
1266 4642 1321 4684 et
1354 4631 1525 4698 ipsum
1557 4630 1788 4691 venisse,
1821 4629 1897 4701 uti
1931 4644 2051 4701 eam
2082 4643 2385 4701 assumeret
2417 4633 2644 4699 primam
2678 4641 2730 4689 et
2775 4629 3035 4689 liberaret
3063 4648 3183 4687 eam
3213 4648 3244 4687 a
3283 4633 3530 4699 vinculis,
3569 4635 3667 4690 lto-

410 4698 648 4761 minibus
684 4710 861 4757 autem
898 4698 1133 4774 salutem
1153 4709 1431 4768 praestaret
1461 4714 1556 4774 per
1586 4713 1739 4752 suam
1776 4698 2131 4774 agnitionem.
2168 4699 2304 4774 cum
2356 4698 2499 4755 enim
2531 4703 2684 4774 male
2716 4704 3124 4774 moderarentur
3164 4698 3660 4774 angelimundum,

412 4777 663 4844 quoniam
692 4772 1058 4841 unusquisque
1089 4770 1717 4844 eorutri_concupi_sceret
1754 4768 2236 4844 principatttm,__ad
2278 4771 2704 4844 emendationem
2752 4772 2967 4844 venisse
3003 4787 3204 4844 rerum,
3235 4768 3290 4844 ξι
3318 4774 3663 4827 descendisse

409 4838 532 4899 eum
572 4838 1007 4913 transﬁguratum
1031 4850 1087 4894 et
1119 4838 1474 4913 assimilatnm
1501 4839 1789 4892 virtutibus
1811 4849 1865 4894 et
1905 4840 2261 4913 potestatibus
2285 4850 2341 4895 et
2374 4843 2617 4911 angelis:
2646 4851 2701 4895 ut
2728 4852 2782 4895 et
2818 4842 2870 4894 in
2902 4841 3401 4913 hominibus_homo
3440 4857 3664 4913 appare-

409 4926 494 4970 ret
526 4918 661 4983 ipse,
686 4907 810 4971 eum
843 4928 947 4967 non
963 4920 1122 4983 esset
1154 4912 1337 4983 immo,
1373 4916 1429 4983 et
1468 4923 1686 4983 passum
1708 4919 1884 4983 autem
1905 4911 1955 4961 in
1982 4907 2172 4983 {:1qu
2199 4907 2472 4983 putatum;
2496 4926 2618 4965 cmn
2638 4926 2747 4983 non
2764 4919 2910 4983 esset
2934 4927 3144 4980 passus.
3173 4911 3254 4966 Cf.
3290 4912 3452 4968 etiam

409 4975 585 5040 duret.
621 4975 658 5038 Ιξ
697 4985 733 5038 Ι.
776 4998 816 5048 1,
852 4983 877 5035 1
958 4981 1002 5013 ³⁰
1039 4982 1132 5033 καὶ
1153 4975 1498 5048 δεδοκηκέναι
1532 4977 1594 5050 (ἐκ,
1620 4975 1697 5050 ΜΔἒ
1768 4977 1811 5007 ³³
1842 4977 1980 5032 lren.
2008 4977 2040 5030 l.
2079 4977 2114 5042 Ι,
2147 4975 2230 5050 ςῖ
2265 5019 2279 5033 .
2315 5021 2329 5035 .

2363 4926 2464 4977 niti,
2496 4926 2618 4965 cmn
2638 4926 2747 4967 non
2764 4919 2908 4966 esset
2934 4927 3144 4980 passus.
3173 4914 3254 4966 Cf.
3290 4914 3452 4968 etiam
3480 4914 3662 4966 Tbc-o-

2363 5020 2383 5051 ,ί
2418 4992 2472 5035 et
2494 4982 2673 5033 docuit
2727 4981 3073 5049 semetipsum
3106 4997 3246 5046 esse,
3277 4983 3366 5051 qui
3398 4984 3535 5036 inter
3566 4980 3662 5034 Ju-

411 5059 555 5109 dzeos
580 5055 794 5122 quidem
833 5052 984 5121 quasi
1009 5050 1178 5103 Filius
1208 5050 1535 5123 apparuerit,
1573 5049 1622 5123 in
1666 5048 1910 5123 Samaria
1948 5059 2129 5100 autem
2155 5048 2312 5123 quasi
2358 5050 2523 5123 Pater
2564 5048 3023 5123 descenderit,in
3064 5048 3451 5119 reliqttis'vero
3486 5054 3662 5123 genti-

413 5127 515 5179 bus
549 5115 703 5192 ιιιιιιδὶ
727 5115 961 5185 Spiritus
994 5131 1213 5192 sanctus
1243 5115 1644 5192 adventaverit.
1689 5115 1818 5192 Esse
1850 5128 2030 5170 autem
2060 5132 2120 5172 se
2158 5115 2597 5192 s’ublimissimam
2632 5115 3321 5192 virtutem,:ltoc_est’eum
3353 5122 3443 5190 qui
3474 5115 3548 5192 sit
3574 5137 3666 5176 Sn-

415 5209 510 5261 per
547 5188 725 5246 όιιιιιὶιι
761 5192 940 5254 Pater,
975 5203 1027 5261 et
1053 5191 1319 5244 sustinere
1348 5189 1530 5261 vocari
1561 5203 1641 5261 se,
1673 5188 2028 5255 quodcunque
2063 5204 2186 5243 eum
2223 5200 2416 5244 vocant
2442 5190 2706 5261 homines.
2740 5188 2825 5244 Ci.
2854 5188 3388 5261 etiam'l‘beodoret.‘
3406 5193 3440 5243 Ι.
3468 5191 3504 5245 1.
3539 5206 3576 5254 ι,
3610 5192 3663 5245 1.

373 5320 377 5325 ,
414 5256 459 5295 ³⁸
484 5262 765 5333 βούλονται
789 5261 854 5314 C.
932 5260 1078 5314 “Cl.
1110 5261 1250 5314 lren.
1284 5262 1318 5333 ι.
1345 5258 1442 5333 μδ
1473 5259 1507 5311 5
1538 5274 1550 5310 :
1595 5256 2099 5333 i’roplietas_autett_t
2125 5272 2168 5333 _a
2202 5260 2384 5314 mundi
2434 5260 2858 5333 fabricatoribus
2892 5260 3101 5333 angelis
3134 5261 3434 5333 inspiratus
3463 5262 3667 5333 dixisse

413 5327 751 5403 propin-tias,
780 5342 1109 5401 quapropter
1131 5346 1229 5384 nec
1254 5327 1477 5403 ulterius
1496 5335 1755 5403 curarent
1774 5343 1868 5382 eos
1897 5327 1970 5403 lii,
2000 5328 2090 5395 qui
2122 5328 2177 5403 in
2214 5339 2430 5403 enaret
2467 5329 2725 5403 Helenam
2758 5329 2879 5403 ejus
2895 5327 3046 5403 spem
3076 5327 3413 5403 habeanttet
3444 5344 3500 5403 ut
3521 5332 3665 5403 libe-

413 5398 699 5468 ros'agere
734 5398 854 5464 qua:
882 5398 1064 5455 velint.
1107 5401 1400 5453 secundum
1428 5399 1571 5454 enim
1627 5399 1797 5464 ipsius
1821 5398 2051 5468 gratiam
2101 5399 2299 5453 salvari
2353 5400 2599 5453 homines
2644 5410 2766 5456 eaet.
2793 5398 2802 5437 ὲ
2842 5398 2888 5431 ³⁸
2915 5415 2976 5452 τε
3009 5400 3110 5454 ὅσα
3139 5401 3207 5453 τὰ
3237 5401 3305 5452 σὰ
3330 5401 3393 5464 C,
3421 5402 3489 5454 τὰ
3518 5400 3551 5453 ἃ
3587 5404 3663 5455 vd

413 5472 515 5526 ὅσα
542 5472 612 5527 Μ.
691 5471 895 5526 “Iron.
931 5471 965 5523 l.
1001 5472 1035 5527 Ι.
1066 5469 1094 5541 §

1134 5471 1185 5524 5.
1211 5469 1322 5524 Nec
1350 5471 1493 5524 enim
1520 5481 1640 5541 esse
1666 5468 1988 5541 naturaliter
2024 5470 2370 5541 operationes
2401 5470 2597 5539 justas,
2633 5471 2727 5526 sed
2780 5484 2845 5526 ex
2876 5469 3179 5541 accidenti,
3212 5472 3666 5541 quemadmodum

420 5553 716 5612 posuerunt
743 5544 832 5612 qui
856 5536 1109 5595 mundum
1149 5544 1390 5612 fecerunt
1423 5539 1619 5612 angeli,
1654 5552 1748 5605 per
1772 5536 2079 5612 linjnsmodi
2112 5536 2378 5612 praecepta
2404 5536 2468 5612 in,
2494 5540 2809 5596 servitutem
2846 5536 3496 5612 Adeducentesﬁomines.
3527 5539 3671 5607 Qua--

419 5606 640 5682 propter
668 5624 723 5666 et
747 5606 888 5682 solvi
915 5614 1198 5682 tuendum1
1222 5621 1280 5664 et
1308 5606 1524 5682 liberari
1559 5606 2125 5682 eos,'q_ui_sunt-ejus,
2177 5609 2255 5682 a_b_
2282 5611 2507 5682 imperio
2535 5624 2725 5682 earum
2767 5610 2870 5682 qui
2901 5608 3156 5682 mundum
3189 5606 3671 5682 fecerunt_reprn—

422 5676 588 5738 inisit.
667 5683 712 5715 ³⁸
741 5680 960 5752 Μηδένα
987 5694 1137 5750 susp.
1171 5680 1467 5736 Bunsenius
1497 5680 1530 5733 Ι.
1558 5679 1594 5733 l.
1630 5695 1681 5747 ι).
1724 5676 1847 5731 ὃέιὸ.

418 5752 720 5807 Bunscnius
759 5752 793 5805 Ι.
831 5754 864 5804 Ι.

1950 5675 1996 5707 ³⁷
2026 5679 2073 5729 εί
2110 5677 2328 5747 πράξει.
2356 5675 2640 5748 εἰσπράξει
2670 5678 2736 5736 C.

2830 5678 2874 5711 ³⁸
2897 5696 2978 5741 τις
3003 5678 3209 5742 κακῶς.
3240 5696 3293 5733 τι
3327 5680 3497 5734 κακόν
3529 5680 3672 5749 conj.
