4084 6412
450 297 591 364 ππ

1858 306 1866 314 ·
1897 291 2267 354 οΒῙΘΕΝῙΞ

3598 280 3744 350 8226

453 409 640 468 mundi
693 408 1054 466 fabricatores
1104 405 1368 478 quidquid
1412 405 1740 473 voluerunt,
1772 405 2038 476 ejusmodi

2145 408 2258 459 ἐστι
2287 405 2330 437 ⁸⁸
2353 401 2512 472 φύσει
2541 402 2798 469 κακὺν⁴⁵⁰,
2815 399 3379 456 ἀλλὰ-θέσει.Ἐθεντο
3399 398 3532 473 γὰρ,
3553 402 3743 473 φησὶν,

453 504 612 562 dictis
646 503 852 574 opinati
879 502 934 556 in
957 503 1277 556 servitutem
1317 499 1566 570 redigere
1598 501 1700 555 sibi
1732 504 2045 555 auscultan-

457 606 564 652 tes.
599 594 937 651 Solutionem
969 603 1153 648 autem
1187 607 1379 647 rursus
1417 593 1612 648 docent
1646 595 1828 648 mundi
1872 594 1938 647 ad
1975 592 2042 646 li-

454 688 791 744 beratiouem
820 687 1099 758 privorum
1135 684 1415 740 hominum
1442 699 1685 739 suorum.

520 868 614 924 20.
650 867 820 938 Hujus
869 864 1038 934 igitur
1075 862 1331 932 discipuli
1389 860 1678 932 pra'stigiis
1725 867 1948 912 utuntur
1988 863 2043 910 et

454 958 919 1014 incantationibus
944 997 960 1022 ,
992 956 1304 1025 philtraque
1339 962 1392 1005 et
1436 949 1718 1003 illecebras
1747 955 1802 1000 et
1831 947 1921 1014 qui
1957 945 2042 1000 di-

453 1059 653 1108 cuntur
681 1049 890 1104 somnia
931 1047 1264 1102 adducentes
1305 1043 1578 1097 da-mones
1626 1039 1924 1094 immittunt
1975 1038 2043 1092 ad

455 1143 755 1198 irritandos
813 1155 952 1211 quos
1014 1138 1220 1192 volunt.
1291 1133 1486 1189 Verum
1525 1134 1693 1188 etiam
1757 1129 2042 1200 paredros,

456 1252 594 1308 quos
625 1244 845 1301 vocant,
866 1240 1146 1293 exercent,
1163 1228 1564 1298 imaginemque
1576 1225 1820 1280 Simonis
1847 1225 2047 1278 habent

456 1328 512 1384 in
539 1327 689 1384 Jovis
723 1328 947 1394 figuram
978 1332 1031 1378 et
1066 1320 1282 1376 Helenae
1312 1319 1492 1390 effigie
1521 1319 1800 1385 Minervae,
1837 1317 2046 1386 hasque

457 1423 690 1478 adorant
720 1397 948 1473 alterum
983 1423 1241 1469 vocantes
1270 1412 1570 1478 dominum,
1603 1410 1877 1466 dominam
1910 1409 2047 1463 alte-

455 1529 592 1569 ram.
622 1513 679 1567 Si
710 1511 833 1581 quis
877 1519 1055 1563 autem
1093 1507 1313 1560 nomine
1341 1503 1558 1560 vocabit
1594 1506 1734 1574 apud
1778 1503 1896 1558 illos
1919 1517 2046 1556 con-

455 1603 696 1676 spicatns
767 1600 1033 1668 imagines
1073 1598 1196 1652 illas
1247 1596 1333 1650 vel
1384 1593 1625 1650 Simonis
1669 1592 1776 1647 vel.
1806 1592 2042 1658 Helena},

453 1694 774 1764 repudiatur
797 1700 854 1745 ut
885 1693 976 1760 qui
1007 1691 1220 1758 ignoret
1247 1687 1528 1759 mysteria.
1568 1683 1874 1741 llieSimon
1905 1683 2044 1739 mul-

2144 500 2193 551 οί
2229 497 2452 566 ἄγγελοι
2477 498 2527 549 οἱ
2551 495 2645 550 τὸν
2685 494 2892 566 κόσμον
2934 496 3264 566 ποιήσαντες
3298 494 3402 548 ὅσα
3432 491 3743 558 ἐϐούλοντο,

2144 589 2233 642 διὰ
2264 589 2374 642 τῶν
2406 587 2667 642 τοιούτων
2690 587 2864 656 λόγων
2887 586 3108 640 δουλοῦν
3137 586 3458 657 νομίζοντες
3485 585 3613 647 τοὺς
3641 585 3743 637 a5-

2143 680 2251 733 τῶν
2291 679 2615 744 ἀκούοντας.
2652 678 2821 733 Λύσιν
2851 679 2909 731 δὲ
2939 674 3097 742 αὖθις
3142 677 3184 708 ⁸¹
3216 675 3442 745 λέγουσι
3475 674 3569 728 τοῦ
3611 675 3744 728 κόσ-

2149 790 2251 844 μου
2289 773 2332 805 ⁸²
2372 774 2468 826 ἐπὶ
2493 771 2762 844 λυτρώσει
2793 772 2903 826 τῶν
2941 772 3088 825 ἰδίων
3117 770 3447 841 ἀνθρώπων.

2219 873 2284 920 κ’.
2331 867 2394 920 Οἱ
2425 861 2518 919 οὖν
2555 865 2749 918 τούτου
2796 864 3042 936 μαθηταὶ
3075 863 3312 935 μαγείας
3342 861 3658 916 ἐπιτελοῦσι
3691 863 3741 893 ⁵³

2146 961 2242 1015 καὶ
2287 959 2545 1022 ἐπαοιδὰς
2583 959 2652 1022 ⁸³,
2696 956 2897 1029 φίλτρα
2928 974 2988 1010 τε
3025 956 3124 1011 καὶ
3171 954 3437 1026 ἀγώγιμα
3467 954 3563 1007 καλ⁵
3619 955 3751 1016 τοὺς

2144 1052 2478 1124 λεγομένους
2537 1051 2977 1123 ὀνειροπόμπους
3035 1049 3302 1122 δαίμονας
3361 1048 3752 1119 ἐπιπέμπουσι

2146 1147 2283 1216 πρὸς
2316 1146 2377 1200 τὸ
2403 1145 2701 1218 ταράσσειν
2748 1145 2842 1208 οὓς
2891 1143 3223 1215 βούλονται·
3260 1142 3533 1197 ἀλλὰκαὶ
3574 1141 3752 1212 παρέ-

2112 1236 2306 1307 .δρους
2335 1238 2462 1301 τοὺς
2495 1237 2827 1306 λεγομένους
2860 1235 3146 1299 ἀσκοῦσιν,
3191 1234 3380 1288 εἰκόνα
3414 1249 3476 1285 τε
3523 1232 3619 1286 τοῦ
3658 1231 3752 1284 Σί-

2149 1346 2328 1401 μωνος
2359 1328 2580 1398 ἔχουσιν
2623 1330 2703 1392 είς
2734 1328 2856 1392 Διὸς
2892 1327 3126 1399 μορφὴν-
3153 1327 3250 1381 xa't
3274 1327 3376 1396 τῆς
3420 1323 3649 1394 Ἑλένης
3688 1325 3751 1376 ἐν

2149 1418 2332 1487 μορφῇ
2381 1415 2635 1486 Ἀθηνᾶς,
2690 1418 2782 1470 καὶ
2820 1415 3026 1479 ταύτας
3056 1415 3465 1489 προσκυνοῦσι,
3507 1415 3601 1467 τὸν
3645 1415 3752 1485 μὲν

2147 1509 2442 1572 καλοῦντες
2468 1508 2682 1580 κύριον,
2715 1509 2813 1580 τὴν
2847 1510 2904 1562 δὲ
2935 1511 3157 1581 κυρίαν.
3198 1509 3261 1562 Εἰ
3296 1508 3355 1562 δέ
3391 1507 3749 1575 τιςόνόματι

2145 1601 2368 1654 καλέσει
2407 1603 2538 1672 παρ’
2569 1601 2754 1665 αὐτοῖς
2804 1599 2928 1654 ἰδὼν
2955 1601 3056 1662 τὰς
3094 1601 3310 1664 εἰκόνας
3348 1599 3382 1670 ἢ
3426 1597 3678 1670 Σίμωνος
3713 1599 3749 1668 ἦ

2159 1691 2397 1764 Ἑλένης,
2439 1692 2748 1764 ἀπόϐλητος
2781 1693 3017 1760 γίνεται,
3052 1693 3129 1758 ὡς
3164 1691 3376 1762 ἀγνοῶν
3416 1691 3485 1744 τά
3535 1691 3752 1762 μυστή-

455 1756 541 1842 tos
570 1785 624 1839 in
657 1782 907 1838 Samaria
934 1781 1226 1851 praestigiis
1255 1779 1306 1832 in
1339 1792 1578 1832 errorem
1614 1791 1780 1847 agens
1814 1777 1882 1830 ab
1907 1789 2041 1846 apo—

2149 1802 2260 1857 ρια.
2293 1756 2462 1848 Οἶτος
2484 1787 2512 1838 ό
2550 1756 2734 1856 Σίμων
2765 1756 3244 1849 πολλοὺς-πλανῶν
3269 1787 3329 1839 ἐν
3354 1787 3421 1854 τῇ
3447 1756 3753 1855 Σαμαρείᾳ

454 1875 610 1932 stolis
640 1872 921 1930 convictus
961 1882 1046 1926 est
1082 1880 1137 1927 et
1170 1867 1638 1925 exsecrationibus
1662 1869 1908 1934 devotus,
1933 1867 2044 1923 sic-

455 1968 534 2022 uti
557 1967 628 2021 .in
669 1967 822 2020 Actis
870 1964 1133 2034 scriptum
1163 1972 1278 2028 est,
1321 1971 1508 2032 postea
1569 1972 1751 2031 spreta
1795 1960 1900 2016 fide
1928 1961 2044 2016 haec

455 2068 880 2131 aggressus-est.
923 2055 1125 2112 Verum
1177 2055 1260 2112 vel
1320 2069 1492 2126 usque
1545 2053 1614 2109 ad
1657 2053 1883 2108 Romam
1915 2068 2044 2124 pro-

454 2167 674 2221 gressus
725 2149 916 2205 incidit
965 2152 1023 2202 in
1074 2146 1385 2218 apostolos,
1440 2145 1526 2200 cui
1569 2145 1796 2199 multum
1849 2144 2044 2200 Petrus

451 2246 773 2300 adversatus
819 2249 930 2297 est-
967 2241 1259 2312 praestigiis
1328 2237 1610 2295 seducenti
1667 2237 1889 2294 multos.
1940 2236 2044 2292 llic

451 2331 849 2406 258-259
888 2339 1164 2401 postremo
1195 2329 1411 2387 delatus
1457 2330 1510 2385 in
1573 2342 1588 2382 ;
1631 2365 1652 2385 .
1693 2367 1711 2386 .
1753 2366 1770 2382 .
1816 2368 1831 2384 .
1873 2367 1889 2384 .
1940 2326 2042 2384 sub

451 2427 670 2496 platano
716 2423 1008 2480 considens
1042 2422 1294 2478 docebat.
1338 2422 1404 2476 Et
1435 2435 1566 2478 vero
1618 2421 1686 2476 ad
1731 2429 2040 2476 extremum

451 2533 576 2573 cum
610 2518 665 2572 in
717 2531 783 2572 eo
833 2524 976 2571 esset
1011 2523 1086 2570 aut
1141 2514 1303 2584 plane
1347 2515 1763 2570 convinceretur
1799 2521 2043 2584 .propter

458 2609 855 2665 diuturniorem
886 2607 1410 2671 commorationem,
1445 2605 1590 2661 dixit
1639 2620 1719 2673 se,
1775 2607 1823 2662 si
1881 2607 2036 2661 vivus

451 2703 848 2772 cooperiretur,
900 2711 1270 2755 surrecturum
1303 2714 1422 2755 esse
1467 2698 1627 2754 tertio
1658 2699 1766 2754 die.
1801 2696 2044 2766 Denique

450 2792 657 2848 fossam
684 2801 971 2862 postquam
1006 2789 1168 2859 jussit
1197 2789 1354 2846 effodi
1387 2804 1416 2843 a
1442 2787 1721 2860 discipulis
1749 2789 1862 2843 suis
1881 2787 2044 2856 jussit

448 2899 509 2942 se
529 2887 820 2954 cooperiri.
848 2886 926 2940 llli
949 2887 1110 2956 igitur
1134 2883 1502 2955 quodjussum
1521 2890 1642 2936 erat
1668 2880 2038 2951 perfecerunt,

450 2979 542 3034 ille
571 2990 752 3034 autem
803 2978 978 3034 abfuit
1030 2979 1098 3033 ad
1155 2979 1302 3034 hunc
1348 2978 1532 3043 diem;
1577 2989 1684 3030 non
1736 2975 1882 3030 enim
1923 2982 2043 3030 erat

2148 1877 2407 1950 μαγείαις
2440 1877 2546 1931 ὑπὸ
2575 1878 2684 1930 τῶν
2699 1878 3017 1932 ἀποστόλων
3043 1877 3312 1948 ὴλέγχθη.
3343 1877 3438 1931 καὶ
3461 1877 3749 1947 ἐπάρατος

2143 1969 2442 2040 γενόμενος
2464 2007 2480 2035 ,
2501 1968 2698 2033 καθὼς
2735 1969 2793 2022 ἐν
2825 1971 2948 2032 ταῖς
2988 1969 3232 2039 Πράξεσι
3261 1969 3595 2039 γέγραπται,
3650 1965 3752 2020 ﬁco

2142 2079 2302 2133 τερον
2331 2061 2712 2132 άπευδοκήσας
2750 2060 2924 2115 ταῦτα
2955 2061 3319 2132 ἐπεχείρησεν
3345 2078 3359 2092 ·
3411 2061 3753 2132 ἐως1⁶⁸ροιαὶ

2143 2150 2242 2220 τῆς
2291 2149 2513 2222 Ῥώμης
2541 2150 2886 2222 ἐπιδημήσας
2923 2151 3191 2204 άντέπεσε
3210 2149 3288 2223 [1).
3314 2150 3593 2223 176,-178]
3622 2153 3746 2215 τοῖς

2141 2241 2492 2306 ἀποστόλοις·
2553 2241 2695 2314 πρὸς
2758 2242 2819 2296 ὃν
2869 2241 3044 2297 πολλὰ
3110 2243 3320 2316 Πέτρος
3371 2243 3750 2314 ἀντικατέστη

2147 2335 2408 2409 μαγείαις
2431 2334 2721 2389 πλανῶντα
2761 2334 3012 2400 πολλούς.
3048 2329 3222 2399 Οὗτος
3253 2336 3347 2389 ἐπὶ
3379 2335 3524 2389 τέλει
3567 2333 3750 2388 ἐλθὼν

2143 2428 2204 2482 ἐν
2235 2445 2266 2482 τ
2296 2469 2310 2484 .
2350 2468 2363 2481 .
2397 2466 2408 2480 .
2440 2466 2454 2482 .
2479 2442 2572 2498 τη,
2604 2427 2711 2480 ὑπὸ
2744 2426 3017 2481 πλάτανον
3045 2426 3418 2498 καθεζόμενος
3460 2426 3740 2482 ἐδίδασκε.

2144 2519 2255 2573 Καὶ
2306 2517 2371 2590 δὴ
2436 2517 2624 2572 λοιπὸν
2679 2519 2847 2588 ἐγγὺς
2895 2518 2989 2572 τοῦ
3054 2517 3380 2590 ἐλέγχεσθαι
3442 2517 3741 2588 γινόμενος

2143 2610 2234 2664 διὰ
2259 2610 2303 2642 ⁸⁸
2333 2609 2395 2663 τδ
2429 2609 2792 2682 ἐγχρονίζειν,
2820 2609 2950 2679 ἔφη,
2987 2610 3068 2662 ὅτι
3090 2611 3138 2662 εί
3161 2609 3399 2681 χωσθείη
3435 2609 3568 2675 ζῶν,
3600 2611 3745 2663 ἁνα-

2145 2703 2406 2773 στήσεται
2438 2705 2505 2774 τῇ
2535 2701 2696 2774 τρίτῃ
2740 2702 2944 2774 ἡμέρᾳ.
2977 2702 3090 2756 Καὶ
3122 2701 3188 2772 δὴ
3226 2703 3440 2774 τάφρον
3468 2701 3745 2768 κελεύσας

2138 2796 2411 2867 ὀρυγῆναι
2440 2795 2546 2849 ὑπὸ
2593 2796 2704 2848 τῶν
2737 2794 2998 2866 μαθητῶν
3043 2795 3304 2849 ἐκέλευσε
3340 2796 3640 2867 χωσθῆναι.
3673 2798 3744 2850 Ol

2135 2888 2245 2960 -μὲν
2271 2884 2366 2943 οὖν
2387 2888 2450 2942 τὸ
2479 2888 2826 2961 προσταχθὲν
2853 2889 3143 2959 ἐποίησαν,
3170 2891 3200 2942 ὁ
3227 2889 3285 2942 δέ
3308 2889 3607 2961 ἀπέμεινεν
3629 2890 3743 2956 ἕως

2141 2982 2272 3037 νῦν·
2307 2983 2367 3037 οὐ
2394 2983 2505 3056 γὰρ
2529 2979 2598 3056 ἦν
2636 2986 2666 3037 ὁ
2696 2983 2961 3054 Χριστός.
2992 2975 3162 3046 Οὗτος
3203 2982 3268 3053 δὴ
3295 2985 3438 3036 καὶ-ό
3462 2982 3607 3036 κατὰ
3641 2981 3743 3036 τὸν

447 3070 719 3129 Chrisws.
751 3070 946 3128 lla-cce
979 3081 1158 3126 autem
1197 3080 1253 3127 et
1299 3072 1365 3126 de
1395 3069 1616 3126 Simone
1646 3067 1824 3126 fabula
1849 3109 1864 3134 ,
1897 3068 2041 3123 unde

2143 3073 2366 3144 Σίμωνα
2408 3073 2580 3144 μῦθος
2605 3115 2620 3138 ,
2653 3073 2749 3144 ἀφ’
2791 3067 2854 3127 οὗ
2915 3073 3269 3137 Οὐαλεντῖνος
3320 3073 3419 3137 τὰς
3469 3073 3743 3144 ἀφορμὰς

449 3165 770 3221 Valentinus
827 3164 1106 3236 profectus
1167 3163 1293 3219 aliis
1348 3163 1659 3218 nominibus
1739 3172 2037 3231 nuncupat.

448 3253 601 3311 Hem
651 3256 796 3310 enim
843 3258 1127 3311 eteeritas
1179 3263 1234 3310 et
1273 3254 1422 3324 fagus
1455 3263 1510 3308 et
1543 3254 1652 3308 vita
1691 3262 1746 3308 et
1782 3253 1937 3308 homo
1986 3262 2042 3309 et

447 3344 690 3406 ecclesia,
714 3342 992 3398 Valentini
1018 3358 1199 3399 mones
1221 3383 1236 3408 ,
1287 3353 1474 3414 aperte
1509 3352 1636 3398 sunt
1664 3342 1904 3398 Simonis
1943 3359 2041 3399 sex

447 3434 695 3491 radices:
725 3451 893 3499 meus,
927 3434 1296 3505 intelligentia,
1322 3450 1441 3498 vox,
1461 3449 1675 3498 nomen,-
1699 3433 2039 3490 ratiocinatio

445 3535 502 3582 et
529 3529 798 3599 cogitatio.
835 3528 940 3585 Sed
964 3527 1224 3598 quoniam
1249 3527 1501 3583 videmur
1527 3527 1681 3582 nobis
1709 3528 1845 3582 satis
1872 3543 2040 3599 expo-

445 3619 625 3676 suisse
649 3618 890 3675 Simonis
913 3627 1224 3674 commenta
1256 3617 1583 3685 fabularum,
1614 3618 1891 3675 videamus
1911 3619 2038 3691 quid

445 3719 502 3768 et
531 3709 848 3766 Valentinus
877 3711 1046 3764 dicat.

514 3801 608 3857 21.
635 3801 728 3856 Est
765 3811 944 3856 autem
981 3799 1248 3857 Valentini
1294 3811 1442 3857 secta
1488 3801 1943 3872 ita-comparata,
1983 3809 2041 3858 ut

435 3893 860 3964 .Pythagoricatn
907 3893 1108 3951 referat
1161 3905 1211 3951 et
1243 3892 1574 3950 Platonicam
1601 3895 1923 3950 doctrinam.
1949 3895 2041 3950 Et-

436 3986 588 4040 enim
616 3983 768 4040 Plato
799 3986 852 4040 in
874 3983 915 4040 Τ
919 3987 1073 4041 innec
1096 3986 1311 4056 penitus
1337 3987 1603 4055 expressit
1632 3983 1993 4058 Pythagoram
2020 4003 2037 4052 ;

441 4077 569 4133 ideo
592 4077 831 4134 Timarus
857 4087 911 4132 et
938 4077 1055 4147 ipse
1086 4087 1171 4133 est
1191 4079 1242 4134 ei
1265 4078 1638 4148 Pythagoreus
1661 4078 1876 4147 hospes.
1897 4080 2039 4145 Qua-

440 4180 662 4240 propter
723 4171 902 4240 placet
947 4170 1390 4225 commemoratis
1457 4169 1644 4238 paucis
1713 4170 2036 4238 quibusdam

2143 3165 2321 3219 λαϐὼν
2358 3165 2541 3230 ἄλλοις
2590 3165 2821 3238 ὀνόμασι
2857 3166 3036 3222 καλεῖ.
3099 3165 3159 3220 Ὀ
3209 3166 3318 3238 γὰρ
3368 3163 3512 3229 νοῦς
3556 3165 3652 3219 καὶ
3681 3165 3738 3233 νή

2141 3259 2394 3326 ἀλήθεια
2421 3261 2517 3313 καὶ
2546 3261 2732 3332 λόγος
2771 3261 2868 3315 καὶ
2897 3258 3010 3330 ζωὴ
3039 3261 3135 3316 καὶ
3159 3260 3477 3329 ἄνθρωπος
3511 3261 3605 3313 καὶ
3637 3260 3741 3313 ὲκ-

2142 3352 2392 3421 adnota,
2421 3355 2470 3406 οἱ
2491 3352 2848 3408 Οὐαλεντίνου
2871 3353 3088 3417 αἰῶνες,
3109 3353 3560 3424 ὁμολογουμένως
3587 3351 3735 3405 claim

2141 3447 2196 3500 αί
2248 3445 2295 3477 ⁵⁷
2341 3445 2588 3518 Σίμωνος
2639 3445 2702 3512 ἐξ
2744 3446 2915 3519 ῥίζαι,
2957 3445 3106 3514 νοῦς
3137 3488 3153 3515 ,
3189 3446 3467 3510 ἐπίνοια,
3517 3445 3736 3515 φωνὴ,

2142 3537 2352 3608 ὄνομα,
2371 3539 2668 3610 λογισμὸς
2689 3539 2786 3592 καὶ
2814 3538 3169 3608 ἐνθύμησις.
3213 3539 3353 3593 Ἀλλ’
3380 3539 3504 3592 ἐπεὶ
3530 3537 3738 3600 ἱκανῶς

2126 3632 2274 3702 ἡμῖν
2307 3632 2456 3685 δοκεῖ
2507 3632 2852 3686 ἐκτεθεῖσθαι
2903 3635 3005 3704 τὴν
3059 3633 3306 3701 Σίμωνος
3363 3630 3733 3703 μυθοποιίαν,

2144 3723 2352 3794 ἴδωμεν
2383 3723 2438 3776 τί
2468 3724 2618 3792 λέγει
2648 3725 2744 3778 καὶ
2777 3723 3152 3789 Οὐαλεντῖνος.

2213 3821 2320 3872 κα’.
2367 3817 2524 3870 Ἐστι
2567 3816 2665 3887 μὲν
2688 3814 2782 3871 οὖν
2817 3819 2851 3889 ὴ
2879 3815 3239 3872 οὐαλεντίνου
3291 3815 3507 3888 αἵρεσις
3534 3815 3734 3870 ’Πυθα-

2140 3908 2371 3980 γορικὴν
2405 3907 2604 3980 ἔχουσα
2644 3909 2741 3963 καὶ
2770 3908 3129 3980 Πλατωνικὴν
3158 3908 3260 3979 τὴν
3296 3908 3578 3961 ὑπόθεσιν.
3617 3909 3734 3962 Καὶ

2139 3999 2251 4070 γὰρ
2281 3999 2511 4054 Πλάτων
2552 3999 2688 4063 ὅλως
2715 4000 2760 4034 ⁸³
2792 4001 2853 4054 ἐν
2889 3999 2971 4068 τῷ
3018 3999 3235 4070 Τιμαίῳ
3254 3998 3356 4052 τὸν
3400 3999 3732 4070 Πυθαγόραν

2137 4090 2466 4161 ἀπεμάξατο
2496 4090 2542 4124 ⁸⁸
2561 4105 2577 4122 ⁸
2609 4090 2904 4162 τοιγαροῦν
2936 4091 3030 4145 καὶ
3063 4093 3093 4145 ὁ
3122 4091 3356 4162 Τίμαιος
3389 4090 3552 4151 αὐτος
3580 4091 3733 4144 ἐστιν

2139 4180 2291 4252 αὐτῷ
2317 4180 2689 4252 Πυθαγόρειος
2713 4181 2881 4247 ξένος.
2923 4182 3016 4235 Διὸ
3041 4182 3192 4236 δοκεῖ
3227 4181 3386 4250 όλίγα
3409 4181 3514 4252 τῆς
3547 4179 3704 4235 IIan

440 4264 796 4337 Pythagoreas
837 4264 1212 4322 et-Platonicae
1247 4265 1506 4320 doctrinae
1537 4265 1604 4320 ad
1635 4262 1904 4320 Valentini
1931 4267 2039 4322 de-

2142 4275 2361 4347 γορείου
2393 4275 2490 4328 καὶ
2535 4274 2898 4345 Πλατωνικῆς
2938 4275 2985 4307 ⁸⁸
3027 4273 3481 4345 ὑπομνησθέντας
3525 4271 3731 4328 ὑποθέ-

440 4367 589 4412 creta
643 4359 1251 4426 exponenda'transire.
1283 4358 1520 4414 Etenim
1576 4359 1790 4414 tametsi
1848 4359 1900 4414 in
1957 4361 2038 4416 eis

2142 4382 2281 4429 σεως
2303 4363 2576 4437 ἄρξασθαι
2597 4364 2691 4418 καὶ
2714 4363 2784 4417 τὰ
2809 4365 3168 4419 Οὐαλεντίνου
3193 4364 3395 4434 λέγειν.
3432 4365 3497 4419 Εί
3519 4364 3637 4434 γὰρ
3667 4363 3718 4396 ⁵⁸

441 4462 578 4517 quos
619 4449 769 4518 prius
796 4447 1324 4504 confecimus‘libris
1352 4449 1532 4503 insunt
1565 4456 1620 4504 et
1642 4448 1959 4520 Pythagorae
1980 4456 2033 4504 et

2142 4457 2237 4513 καὶ
2271 4459 2328 4511 ἐν
2365 4459 2479 4522 τοῖς
2523 4456 2791 4529 πρότερον
2843 4457 2936 4525 ὑφ’
2979 4457 3138 4528 ἡμῶν
3175 4456 3581 4528 πεπονημένοις
3629 4455 3728 4524 ἐγ·

442 4538 650 4595 Platoni
703 4554 822 4609 quae
874 4540 1216 4609 placuerunt,
1263 4551 1442 4595 tamen
1497 4540 1662 4596 etiam
1720 4557 1862 4596 nunc
1919 4557 2030 4598 non

2142 4567 2351 4604 κεινται
2382 4551 2478 4604 καὶ
2504 4548 2575 4603 τά
2610 4547 2918 4620 Πυθαγόρᾳ
2950 4548 3046 4601 καὶ
3078 4547 3330 4602 Πλάτωνι
3361 4547 3725 4620 δεδοκημένα,

437 4639 636 4702 praeter
663 4646 772 4685 rem
801 4635 1240 4688 commemorabo
1275 4648 1372 4702 per
1394 4633 1669 4704 epitomen
1704 4643 1762 4690 et
1787 4649 2026 4690 summa-

2142 4643 2275 4698 ἀλλά
2311 4658 2380 4711 γε
2419 4641 2514 4694 καὶ
2560 4639 2656 4694 νῦν
2702 4641 2804 4693 οὐκ
2849 4640 3062 4709 ἀλόγως
3113 4640 3618 4712 ὑπομνησθήσομαι
3655 4640 3727 4694 δι’

416 4725 534 4792 ;tim
571 4723 767 4793 placita
810 4739 1020 4792 eorum,
1049 4739 1156 4794 quo
1189 4725 1402 4781 facilius
1428 4736 1887 4797 recognoscantur
1911 4725 2032 4784 Va-

2142 4734 2410 4804 ἐπιτομῆς
2438 4732 2534 4786 καὶ
2566 4733 2976 4803 κορυφαιότατα
3023 4731 3132 4785 τῶν
3176 4732 3362 4795 αὐτοῖς
3408 4732 3726 4803 ἀρεσκομέ-

435 4816 627 4871 lcntini
676 4817 892 4872 decreta
931 4833 1031 4888 per
1075 4818 1381 4888 propiorem
1437 4818 1919 4888 juxtapositionem
1977 4832 2034 4878 et

2142 4844 2266 4893 νων,
2295 4825 2435 4897 πρὸς
2465 4825 2526 4879 τὸ
2569 4824 2952 4894 εὐεπίγνωστα
2983 4823 3238 4892 γενέσθαι
3268 4823 3340 4878 τὰ
3371 4825 3722 4896 Οὑαλεντίνῳ

435 4907 660 4962 τισι-ηοω
691 4911 1172 4980 comparationem,
1209 4926 1334 4966 cum
1386 4911 1461 4967 illi
1511 4911 1729 4980 quidem
1783 4913 1914 4970 olim
1965 4919 2034 4973 ab

2142 4919 2372 4986 δόξαντα
2409 4917 2498 4971 διὰ
2553 4919 2652 4989 τῆς
2704 4917 2950 4987 ἐγγίονος
2984 4915 3346 4986 παραθέσεως
3383 4917 3482 4972 καὶ
3529 4918 3724 4988 ὁμοίας

1752 5053 1986 5109 νΔΒΙΑΞ
2028 5054 2430 5112 LECTIONES.

500 5181 716 5238 κέστι.
772 5184 893 5238 ἐστί
940 5201 992 5238 τι
1030 5186 1348 5242 ’Βυηεθηίιιε
1395 5187 1433 5243 l.
1500 5186 1535 5240 l.
1630 5185 1694 5217 "“
1749 5187 1938 5241 κακόν.
1983 5188 2166 5252 κακὸς
2209 5188 2272 5252 C,
2334 5186 2406 5242 Μ.
2524 5188 2568 5219 ⁸³
2614 5187 2784 5241 Λύσιν
2857 5184 2915 5240 δὲ
2991 5179 3167 5247 αὖθις.
3230 5181 3398 5252 Φύσιν
3447 5181 3509 5235 δέ
3566 5173 3724 5248 αὖθις

431 5251 600 5329 _C,_M_,
626 5254 824 5329 ᾼύσειν
853 5256 918 5329 δέλ
940 5257 1104 5310 αὐτὸν
1144 5257 1449 5312 Bunsenius
1487 5259 1525 5314 l.
1561 5256 1598 5329 1.
1634 5272 1688 5325 p.
1716 5257 1843 5314 554.
1919 5257 1966 5288 ⁸⁸
1990 5258 2085 5311 τοῦ
2112 5251 2347 5329 κόσμου.
2381 5261 2472 5312 τον
2497 5259 2703 5328 κόσμον
2737 5257 2800 5320 C,
2834 5255 2916 5318 M,
2960 5255 3267 5329 Bunsenius
3303 5253 3337 5306 l.
3384 5251 3421 5306 Ι.
3495 5252 3543 5284 ⁵³
3575 5254 3716 5329 l_ren.

432 5323 470 5398 Ι.
500 5323 534 5377 l.
561 5323 594 5397 ﬁ
621 5325 678 5380 4.
715 5325 880 5396 Igitur
910 5327 1102 5381 horum
1141 5329 1352 5398 mystici
1401 5323 1714 5383 sacerdotes
1742 5329 2030 5383 libidinose
2057 5323 2276 5398 quidem
2315 5333 2520 5395 vivunt,
2556 5323 2762 5396 magias
2813 5337 2992 5398 autem
3031 5324 3337 5394 perﬁciunt,
3367 5323 3723 5398 quemadmo-

433 5396 779 5467 dum’potest
810 5396 1493 5467 unusquisqueipsorum.
1533 5399 1876 5454 Exorcismis
1904 5409 1957 5451 et
2014 5396 2480 5454 incantationibus
2525 5407 2776 5467 utuntur.
2806 5396 3083 5467 Amatoria
3134 5407 3349 5464 quoque
3383 5403 3434 5447 et
3472 5396 3720 5467 agogima

428 5475 485 5539 et
507 5467 600 5534 qui
628 5465 1132 5539 dicunturparedri
1165 5480 1218 5522 et
1243 5465 1586 5539 oniropompi
1623 5479 1676 5523 et
1706 5484 2046 5539 qumcunque
2077 5478 2205 5525 sunt
2233 5471 2335 5524 alia
2358 5471 2614 5539 perierga
2645 5466 2784 5534 apud
2809 5481 2911 5539 eo_s_
2931 5466 3173 5521 stmliose
3187 5471 3542 5539 exercentur.
3577 5466 3721 5518 ima-

431 5535 609 5633 ginem
629 5552 856 5605 quoque
887 5537 1125 5591 Simonis
1160 5539 1360 5593 habent
1385 5534 1582 5593 factam
1609 5543 1674 5593 ad
1711 5534 1938 5608 figuram
1962 5534 2138 5598 Iovis.
2173 5550 2226 5593 et
2263 5534 2478 5593 lleleuaa
2504 5534 2566 5593 in
2595 5538 2820 5604 ﬁguram
2862 5535 3078 5600 Martis,
3106 5544 3162 5590 et
3186 5536 3283 5590 has
3311 5534 3563 5599 adorant,
3598 5545 3721 5590 ciet.

452 5603 478 5633 ι
508 5608 764 5633 ..-..-r_.-
897 5607 1177 5633 a---.x~-9-
1207 5609 1245 5633 ιτ
1301 5609 1348 5633 n
1449 5610 1494 5633 ιιι
1529 5609 1634 5633 ε-.-
1689 5610 1794 5633 o1---
1830 5608 1920 5633 exc
1997 5610 2041 5633 ιι
2073 5610 2153 5633 2-;
2211 5609 2358 5633 m-.n
2454 5609 2501 5633 υ
2534 5610 2578 5633 ,ι
2607 5607 2648 5633 ρ
2703 5607 2748 5633 ιι
2853 5608 2899 5633 ιι
2927 5607 3048 5633 2‘.--
3081 5621 3144 5633 ..-
3189 5604 3230 5633 t‘
3330 5602 3374 5633 ιι
3403 5603 3721 5633 λιι-υ...λ.ε....ρ.

452 5603 478 5675 ξ
507 5602 858 5674 μαγείαις-
896 5607 1177 5672 ἐπαοιδαῖς
1207 5609 1270 5666 C.
1301 5609 1372 5662 M.
1449 5610 1494 5640 ⁸³
1529 5609 1652 5673 ἕως.
1689 5602 1794 5672 Eoi};
1825 5608 1920 5662 δέἳ
1997 5610 2041 5641 ⁸⁸
2068 5610 2176 5666 διά.
2207 5611 2291 5674 δὶς
2312 5609 2380 5665 C.
2454 5609 2501 5642 δ’
2532 5610 2582 5662 οἱ
2605 5602 2671 5670 Ο..
2702 5607 2774 5660 M.
2853 5608 2899 5640 δ’
2925 5607 3048 5670 ὅλος
3081 5621 3162 5675 pr.
3189 5604 3249 5662 C.
3330 5602 3723 5675 "ﬁﬂopdig'm

637 5676 994 5798 ξιαὶῒτωνικὴν
1017 5695 1100 5748 pr.
1131 5670 1194 5744 ί),
1225 5680 1511 5744 Πλάτωνος
1536 5670 1677 5734 corr,
1712 5670 1787 5736 CI
1856 5681 1896 5712 ιι
1933 5679 2020 5738 Cf.
2051 5696 2210 5751 supra
2246 5670 2282 5734 Ιί
2319 5697 2355 5745 1,
2386 5695 2433 5735 c.
2463 5680 2518 5747 2,
2553 5696 2606 5748 p.
2641 5679 2672 5733 8
2707 5678 2810 5744 H;
2851 5693 2899 5734 c.
2934 5678 3018 5746 I9,
3137 5675 3343 5742 30-38;
3377 5672 3412 5728 Ι.
3441 5670 3600 5742 ιν,ὀ.
3628 5672 3721 5741 δι,

431 5757 484 5812 p.
518 5757 614 5798 124
640 5761 757 5816 sqq.
