4084 6434
367 473 507 537 32139

1471 469 1769 529 CONTiU
1808 468 2156 531 I'IgERESIS
2193 473 2340 533 LIB.
2386 475 2482 535 Vl.

3492 482 3633 544 3534')

369 587 465 636 καὶ
502 582 604 650 τῆς
635 578 811 648 Ζωῆς,
864 571 946 640 οἷς
977 577 1154 630 ταῦτα
1191 575 1261 629 τὰ
1304 574 1546 646 ὀνόματα
1600 576 1944 648 χαρίζονται⁸

2057 589 2162 635 tem
2197 582 2302 638 illis
2335 583 2685 641 duodecimus
2719 595 2773 641 et
2823 596 2948 642 natu
3001 593 3256 648 minimus
3276 593 3515 649 omnium
3550 600 3632 651 ri-

371 674 728 746 Παράκλητος
777 671 873 724 καὶ
924 669 1134 735 Πίστις,
1185 668 1457 738 Πατρικδς
1486 671 1531 700 ⁵ο
1584 672 1681 722 καὶ
1734 669 1945 735 Ἐλπὶς,

369 763 716 836 Μητρικὺςθί
754 763 847 815 καὶ
908 761 1140 831 Ἀγάπη,
1206 759 1441 822 ’Δείνους
1468 761 1512 790 δ’
1548 761 1642 814 καὶ
1692 760 1941 823 Σύνεσις,

380 854 868 925 Ἐκκλησιαστικὸς
928 854 1023 906 καὶ
1068 853 1425 923 Μακαριότης
1454 853 1520 917 ⁸³,
1577 853 1813 923 Θελητδς
1852 854 1947 906 καὶ

370 949 561 1019 Σοφία.
603 949 734 1000 Ἀπὸ
758 946 815 1000 δὲ
841 946 951 999 τῶν
980 944 1205 998 δεκαδύο
1232 947 1260 998 6
1285 944 1582 1008 δωδέκατος
1609 945 1705 1009 καὶ
1739 942 1945 998 νεώτα-

371 1058 463 1103 τος
506 1041 725 1094 πάντων
756 1038 863 1092 τῶν
894 1037 1215 1092 εἰκοσιοκτὼ
1270 1039 1503 1099 αἰώνων,
1542 1038 1708 1106 θῆλυς
1745 1036 1821 1090 ὣν
1853 1038 1950 1091 καὶ

373 1133 708 1202 καλούμενος
759 1132 949 1200 Σοφία,
1004 1132 1301 1202 κατενόησε
1357 1132 1417 1185 τὸ
1451 1130 1655 1201 πλῆθος
1712 1130 1808 1183 καὶ
1848 1130 1949 1201 τὴν

370 1224 608 1294 δύναμιν
659 1222 767 1275 τῶν
824 1223 1231 1293 γεγεννηκότων
1257 1222 1303 1255 ⁸⁸
1352 1222 1566 1277 αἰώνων
1597 1221 1691 1274 κα)⁸
1720 1221 1949 1292 ἀνέδρατ·

374 1334 477 1388 μεν
508 1318 589 1379 εἰς
623 1314 685 1367 τὸ
721 1313 884 1384 βάθος
911 1313 971 1366 τὸ
993 1313 1084 1367 τοῦ
1118 1314 1354 1383 ﬂat-96;,
1392 1313 1487 1366 καί
1517 1313 1759 1382 ἐνόησεν,
1791 1314 1873 1366 ὅτι
1898 1314 1948 1366 oi

375 1409 474 1479 μὲν
520 1407 671 1461 ἄλλοι
702 1405 903 1467 πάντες
931 1403 1126 1468 αἰῶνες
1155 1405 1409 1475 γεννητοὶ
1439 1404 1779 1475 ὑπάρχοντες
1810 1404 1951 1459 κατὰ

373 1498 639 1568 συζυγίαν
668 1496 954 1566 γεννῶσιν,
988 1496 1017 1549 6
1045 1496 1102 1550 δὲ
1131 1496 1322 1568 Πατὴρ
1361 1497 1522 1566 μόνος
1554 1496 1756 1564 ἄζυγος
1789 1496 1950 1565 ὲγέν-

370 1608 555 1663 νησεν.
596 1591 858 1659 Ἢθέλησε
881 1591 925 1623 ⁸⁵
956 1590 1304 1661 μιμήσασθαι
1328 1590 1421 1643 τὸν
1452 1589 1673 1660 Πατέρα
1702 1589 1797 1642 καὶ
1826 1606 1951 1658 γεν-

373 1682 537 1749 νῆσαι
560 1680 605 1712 ⁸⁸
629 1681 750 1735 καθ’
773 1682 974 1752 ἑαυτὴν
993 1683 1115 1752 δίχα
1141 1681 1234 1734 τοῦ
1258 1681 1512 1749 συζύγου,
1541 1681 1625 1735 ἵνα
1651 1681 1817 1752 μηδὲν
1905 1682 1949 1714 ⁸⁷

372 1774 534 1843 ἔργον
553 1773 943 1845 ὑποδεέστερον
960 1774 1052 1827 τοῦ
1072 1775 1282 1844 [ἰατρὸς
1301 1774 1659 1845 εἰργασμένη,
1682 1774 1951 1840 ἀγνοοῦσα

372 1865 455 1916 ὅτι
504 1866 531 1917 ὁ
566 1865 663 1935 μὲν
703 1864 1018 1934 ἀγέννητος,
1060 1864 1320 1935 ὑπάρχων
1342 1863 1484 1935 ἁρχὴ
1533 1863 1642 1917 τῶν
1693 1863 1829 1919 ὅλων
1854 1865 1949 1919 καὶ

372 1955 506 2026 ῥίζα
535 1957 629 2008 καί
670 1955 833 2025 βάθος
878 1956 972 2009 καὶ
1034 1955 1216 2026 βυθὸς,
1259 1956 1499 2019 δυνατῶς
1543 1955 1656 2026 ἔχει
1690 1958 1948 2026 γεννῆσαι
1980 1949 2023 2004 Β

375 2046 559 2115 μόνος,
581 2047 813 2118 γεννητὴ
832 2047 878 2078 ³⁸
905 2047 962 2100 δὲ
988 2043 1124 2101 οὖσα
1150 2047 1367 2118 ἡΣοφία
1392 2048 1487 2100 καὶ
1515 2049 1654 2118 μετὰ
1673 2048 1956 2114 πλείοντας

369 2139 663 2209 γενομένη,
710 2140 809 2209 τὴν
855 2138 950 2192 τοῦ
1002 2140 1301 2209 ἀγεννήτου
1341 2138 1572 2210 δύναμιν
1609 2141 1671 2193 οὐ
1725 2140 1952 2196 δύναται

372 2229 536 2301 ἔχειν.
596 2234 684 2285 Ἐν
742 2233 841 2303 μὲν
888 2232 995 2304 γὰρ
1050 2231 1128 2301 τῷ
1179 2234 1542 2303 ἀγεννήτῳθν,
1593 2234 1778 2303 φησὶν,
1838 2234 1955 2290 ἐστι

371 2327 550 2378 πάντα
572 2325 728 2396 ὁμοῦ,
760 2328 817 2379 ὲν
843 2325 899 2378 δὲ
922 2328 1031 2388 τοῖς
1051 2327 1330 2395 γεννητοῖς
1355 2325 1398 2357 ⁷⁸
1426 2326 1485 2378 τὸ
1518 2325 1617 2396 μὲν
1641 2325 1774 2395 θῆλύ
1803 2328 1955 2382 ἐστιν

367 2420 556 2483 οὐσίας
605 2419 991 2490 προϐλητικὸν,
1041 2418 1103 2472 τὸ
1148 2418 1205 2472 δὲ
1239 2419 1407 2490 ἄρρεν
1459 2421 1805 2489 μορφωτικὸν
1855 2422 1956 2492 τῆς

368 2513 477 2566 ὑπὸ
511 2511 601 2565 τοῦ
628 2511 835 2580 θήλεως
865 2510 1307 2582 προϐαλλομένης
1345 2511 1553 2574 ούσίας.
1587 2512 1893 2583 Προέϐαλεν
1911 2515 1954 2545 ⁷⁸

366 2601 461 2661 οὖν
517 2607 551 2677 ἡ
597 2605 757 2674 σοφία
807 2603 969 2657 τοῦτο
1026 2603 1186 2673 μόνον
1242 2603 1379 2672 ὅπερ
1411 2600 1422 2673 Ι
1453 2603 1704 2672 ἠδύνατο,
1765 2605 1953 2659 οὐσίαν

368 2697 699 2768 ἄμορφονη,
732 2696 827 2748 καὶ
857 2693 1340 2747 ἀκατασκεύαστον
1374 2694 1438 2747 ⁷³.
1475 2695 1583 2747 Καὶ
1621 2694 1779 2747 τοῦτό
1809 2697 1947 2759 ἐστι,

2054 675 2186 743 ginti
2221 684 2344 729 octo
2374 692 2608 742 menum,
2645 679 2736 747 qui
2765 678 3050 737 femiuinns
3076 695 3155 738 est
3200 696 3254 739 et
3288 688 3503 741 nomine
3539 703 3632 741 vo-

2055 779 2206 823 catus
2240 768 2461 838 Sophia,
2498 772 2891 840 contemplatus
2931 777 3324 834 multitudinem
3359 789 3412 834 et
3465 791 3632 850 pote-

2054 866 2243 913 statem
2268 875 2501 927 azouum,
2547 864 2638 930 qui
2666 878 3017 932 generavere,
3058 870 3283 923 recurrit
3314 871 3365 922 in
3411 870 3634 939 profun-

2056 947 2276 1003 ditatem
2314 949 2519 1016 Patris,
2571 961 2627 1006 et
2674 955 2846 1007 sensit
2905 955 3143 1025 reliquos
3194 973 3383 1012 omnes
3432 974 3631 1022 azones.

2057 1049 2238 1108 utpote
2268 1052 2572 1107 generatos,
2612 1058 2709 1112 per
2750 1048 3180 1116 conjngaliOuem
3224 1065 3499 1115 generare,
3537 1067 3633 1119 pa-

2060 1140 2191 1185 trem
2246 1145 2426 1187 autem
2481 1136 2653 1188 solum
2709 1138 2947 1206 injugum
3022 1143 3387 1211 generavisse.
3456 1142 3636 1197 Voluit

2058 1222 2219 1292 igitur
2259 1224 2455 1279 imitari
2480 1225 2696 1282 Patrem
2729 1240 2782 1283 et
2822 1246 3084 1301 generare
3120 1249 3215 1302 per
3249 1249 3305 1287 se
3333 1249 3574 1287 seorsum
3604 1250 3635 1289 τι

2057 1313 2303 1383 conjuge,
2349 1328 2408 1371 ut
2438 1332 2504 1371 ne
2534 1321 2659 1388 quid
2690 1321 2912 1377 inferius
2941 1322 3104 1379 Patre
3128 1341 3262 1391 opus
3298 1324 3635 1394 perfecisset,

2056 1408 2252 1477 quippe
2278 1409 2553 1479 ignorans,
2578 1428 2681 1467 non
2716 1428 3031 1482 generatum
3067 1419 3237 1480 illum,
3267 1433 3385 1471 cum
3410 1419 3637 1472 exsistat

2056 1500 2380 1569 principium
2422 1503 2792 1558 universorum
2828 1514 2882 1558 et
2932 1508 3087 1561 radix
3117 1518 3172 1562 et
3215 1508 3553 1577 profunditas
3582 1517 3639 1564 et

2058 1592 2247 1659 imum,
2272 1608 2429 1660 posse
2451 1609 2712 1665 generare
2737 1613 2906 1667 perse
2929 1600 3124 1667 ipsum,
3151 1600 3407 1669 Sophiam
3433 1613 3634 1662 autem,

2057 1699 2177 1753 qua:
2210 1685 2281 1737 sit
2308 1695 2558 1754 generata
2591 1695 2644 1740 et
2690 1699 2810 1757 post
2857 1689 3036 1757 plures
3063 1702 3181 1745 orta
3207 1730 3221 1755 ,
3254 1707 3358 1744 non
3394 1691 3633 1760 generati

2026 1788 2376 1848 'potestatem
2403 1782 2601 1838 habere
2626 1798 2730 1837 non
2761 1800 2940 1854 posse.
2971 1784 3025 1837 ln
3054 1801 3155 1838 non
3193 1786 3635 1853 generatoenim,

2058 1870 2255 1939 inquit,
2289 1882 2415 1927 sunt
2443 1876 2626 1928 omnia
2655 1876 2836 1942 simul,
2875 1876 2925 1930 in
2966 1878 3235 1948 generatis
3264 1888 3440 1929 autem
3482 1876 3637 1931 femi-

2056 1963 2239 2016 ninum
2274 1974 2356 2018 est
2382 1967 2631 2021 essentia
2662 1968 3057 2038 projecticium,
3103 1968 3399 2022 masculum
3449 1978 3630 2021 autem

2058 2054 2402 2111 formativum
2434 2061 2683 2113 essentia;
2734 2075 2763 2113 a
2818 2060 3053 2114 femineo
3097 2060 3367 2129 proiectae.
3405 2059 3641 2127 Projecit

2058 2148 2222 2216 igitur
2251 2149 2453 2219 Sophia
2500 2153 2602 2207 hoc
2637 2152 2810 2206 solum
2843 2157 2982 2221 quod
3017 2154 3209 2222 potuit,
3238 2153 3525 2206 essentiam
3560 2152 3642 2203 in-

2056 2238 2282 2294 formem
2311 2252 2364 2294 et
2387 2242 2735 2297 inconditam.
2774 2242 2839 2295 Et
2871 2244 2973 2297 hoe
3000 2254 3100 2307 est,
3132 2243 3340 2309 inquit,
3381 2241 3522 2309 quod
3566 2239 3641 2292 ait
3698 2287 3707 2292 .

2057 2328 2281 2385 Moses:
2338 2330 2502 2386 Terra
2557 2341 2732 2386 autem
2779 2343 2890 2387 erat
2928 2333 3202 2387 invisibilis
3250 2344 3296 2385 et
3345 2330 3638 2386 incondita.

2062 2421 2205 2486 llzec,
2237 2422 2431 2491 inquit,
2472 2433 2553 2478 est
2593 2426 2729 2479 bona
2758 2425 2844 2478 illa
2880 2433 2933 2478 et
2958 2426 3200 2478 rrelestis
3229 2422 3551 2482 Jerusalem,
3582 2420 3637 2473 in

2057 2528 2215 2582 quam
2244 2517 2490 2583 promisit
2535 2517 2674 2571 Deus
2712 2532 2771 2570 se
2815 2518 3245 2570 iutroducturnm
3293 2515 3431 2568 filios
3474 2510 3640 2565 Israel

2055 2605 2240 2659 dicens
2268 2623 2282 2659 :
2316 2606 2580 2661 lnducam
2605 2624 2692 2662 vos
2716 2609 2771 2660 in
2793 2616 2988 2662 terram
3011 2609 3197 2661 bonam
3214 2608 3460 2677 ﬂuentem
3492 2602 3642 2655 melle

2050 2706 2098 2750 et
2133 2697 2286 2752 lacle.

369 2789 556 2861 φησὶν,
585 2789 614 2842 ὃ
640 2789 788 2857 λέγει
818 2789 1080 2856 Μωῦσῆς·
1121 2788 1182 2843 Ἡ
1207 2788 1277 2841 δὲ
1306 2787 1380 2858 γῆ
1402 2790 1450 2819 ⁷⁸
1477 2784 1556 2857 ἦν
1604 2790 1859 2856 ἀόρατος
1918 2789 2017 2844 καὶ
2056 2793 2612 2863 ἀκατασκεύαστος.
2654 2797 2803 2869 Αὕτη
2861 2798 3001 2862 ἐστὶ,
3052 2797 3237 2867 φησὶν,
3293 2796 3326 2867 ἡ
3373 2794 3573 2865 ἀγαθὴ,
3604 2794 3653 2863 ἡ,

368 2882 692 2953 ἐπουράνιος
755 2881 1141 2953 Ἰερουσαλὴμ,
1178 2884 1259 2945 εἰς
1311 2883 1378 2952 ἣν
1417 2884 1781 2951 ἐπηγγείλατο
1820 2889 1848 2937 ὁ
1876 2886 2009 2950 Θεὸς
2045 2891 2360 2958 εἰσαγαγεῖν
2403 2893 2530 2955 τοὺς
2585 2893 2736 2958 υἱοὺς
2804 2891 3060 2965 Ἰσραὴλ,
3123 2892 3329 2959 λέγων·
3400 2887 3651 2952 Είσάξω»

372 2979 524 3047 ὑμᾶς
544 2978 590 3010 ⁷⁸
621 2980 707 3043 εἰς
739 2976 857 3046 γῆν
883 2978 1116 3046 ἀγαθὴν
1131 2978 1402 3045 ῥέουσαν
1427 2980 1564 3047 μέλι
1597 2978 1694 3032 καί
1722 2978 1897 3048 γάλα.

438 3070 538 3125 λα’.
565 3069 868 3140 Γενομένης
887 3065 981 3123 οὖν
1006 3070 1156 3131 ἐντὸς
1177 3068 1545 3140 πληρώματος
1570 3072 1791 3139 ἀγνοίας
1809 3073 1949 3125 κατὰ

364 3161 465 3235 τὴν
488 3162 681 3229 σοφίαν
705 3162 799 3216 καὶ
816 3162 1093 3232 ἀμορφίας
1115 3162 1256 3214 κατὰ
1277 3163 1337 3214 τὸ
1359 3162 1604 3232 γέννημα
1621 3164 1718 3233 τῆς
1736 3165 1947 3231 σοφίας,

2128 3071 2216 3125 51.
2270 3069 2398 3125 Orta
2453 3071 2617 3139 igitur
2670 3072 2816 3126 intus
2878 3072 2932 3126 in
2981 3072 3280 3141 pleromate
3336 3068 3655 3138 ignorantia.

2058 3164 2202 3217 circa
2251 3164 2507 3232 Sophiam
2570 3173 2623 3217 et
2679 3164 3011 3217 info‘rmitale
3077 3164 3219 3216 circa
3271 3173 3480 3232 partum
3540 3166 3642 3219 So—

370 3252 451 3328 [p.
484 3254 609 3308 188.
648 3253 775 3325 l89]
840 3253 1066 3325 θόρυϐος
1103 3254 1319 3321 ἐγένετο
1347 3256 1405 3307 ὲν
1443 3255 1520 3324 τῷ
1560 3255 1883 3327 πληρώματι
1906 3258 1950 3289 ⁷⁸

2057 3256 2231 3324 υιιίειι,
2292 3255 2549 3308 tumultus
2596 3257 2805 3309 exstitit
2858 3255 2910 3308 iu
2975 3254 3140 3325 276
3181 3282 3205 3294 -
3245 3254 3407 3324 277
3464 3259 3638 3324 plero-

369 3344 441 3417 [οἱ
471 3346 666 3407 αἰῶνες
697 3346 746 3397 οί
774 3344 1083 3417 γενόμενοι]
1105 3384 1121 3410 ,
1154 3346 1238 3398 ὅτι
1278 3345 1674 3415 παραπλησίως
1726 3348 1951 3417 ἄμορφα

366 3435 461 3487 καὶ
491 3435 653 3504 ἁτελῆ
702 3435 994 3503 γενήσεται
1019 3433 1130 3486 τῶν
1173 3434 1382 3487 αἰώνων
1405 3435 1472 3488 τὰ
1507 3437 1823 3506 γεννήματα
1858 3439 1950 3491 καὶ

365 3526 543 3598 φθορά
589 3543 674 3589 τις
717 3526 1087 3595 καταλήψεται
1136 3526 1237 3578 οὐκ
1267 3529 1346 3589 εἰς
1383 3528 1602 3597 μακράν
1645 3545 1774 3580 ποτε
1819 3529 1949 3592 τοὺς

365 3617 588 3680 αἰῶνας.
621 3616 949 3684 Κατέφυγον
979 3610 1073 3668 οῦν
1104 3616 1306 3678 πάντες
1339 3619 1387 3669 οἱ
1420 3618 1612 3681 αἰῶνες
1645 3619 1737 3671 ἐπὶ
1762 3620 1947 3689 δέησιν

364 3709 460 3762 τοῦ
486 3708 722 3779 Πατρδς,
759 3707 846 3761 ἵνα
872 3706 1218 3778 λυπουμένην
1251 3709 1352 3778 τὴν
1382 3709 1586 3777 Σοφίαν
1618 3710 1908 3782 ἀναπαύσῃ
1930 3728 1943 3741 ·

365 3802 551 3856 ἔκλαιε
574 3802 629 3869 ττι
663 3800 773 3871 γὰρ
823 3800 919 3854 καὶ
972 3799 1318 3869 κατωδύρετο
1366 3800 1458 3851 ἐπὶ
1489 3799 1568 3869 τῷ
1598 3800 1955 3871 γεγενημένῳ

365 3895 459 3949 ὑπ’
485 3894 655 3963 αὐτῆς
681 3891 997 3962 ἐκτρώματι
1021 3907 1033 3922 '
1064 3889 1208 3943 οὕτω
1233 3890 1340 3960 γὰρ
1363 3890 1640 3944 καλοῦσιν.
1686 3890 1947 3961 Ἐλεὴσας

366 3980 459 4038 οῦν
486 3986 514 4037 6
551 3984 742 4054 [ἰατὴρ
790 3985 858 4037 τὰ
890 3984 1103 4055 δάκρυα
1140 3983 1242 4052 τῆς
1280 3983 1478 4053 Σοφίας
1507 3984 1601 4037 καὶ
1644 3984 1947 4051 προσδεξά-

369 4092 529 4146 μενος
546 4076 658 4128 τῶν
686 4076 900 4129 αἰώνων
927 4075 1026 4145 τὴν
1049 4074 1254 4142 δέησιν,
1283 4073 1674 4145 ἑπιπροϐαλεῖν
1700 4074 1940 4127 κελεύει·

365 4168 428 4222 οὐ
458 4166 566 4238 γὰρ
600 4167 786 4233 αὐτὸς,
831 4166 984 4237 φησὶ,
1020 4164 1342 4238 προέϐαλεν,
1381 4164 1517 4219 ἀλλὰ
1539 4167 1566 4219 6
1594 4164 1738 4229 Νοῦς
1785 4166 1878 4219 καὶ
1910 4166 1945 4237 ἡ

378 4259 653 4330 Ἀλήθεια,
692 4261 930 4331 Χριστὸν
972 4260 1068 4313 καὶ
1097 4258 1323 4328 Πνεῦμα
1363 4256 1517 4326 ἅγιον
1547 4257 1629 4321 εἰς
1665 4258 1945 4328 μόρφωσιν

366 4350 464 4405 καὶ
506 4350 772 4422 διαίρεσιν
810 4350 903 4405 τοῦ
948 4349 1301 4422 ὲκτρώματος
1335 4349 1428 4403 καὶ
1470 4348 1824 4421 παραμυθίαν
1853 4349 1945 4403 καὶ

365 4440 726 4495 διανάπαυσιν
759 4442 867 4494 τῶν
891 4442 989 4512 τῆς
1014 4441 1216 4510 Σοφίας
1247 4441 1591 4511 στεναγμῶν.
1624 4441 1732 4494 Καὶ
1764 4441 1946 4508 γίνονο

367 4550 457 4587 ται
504 4532 801 4602 τριάκοντα
850 4532 1047 4596 αἰῶνες
1098 4533 1238 4604 μετὰ
1285 4534 1380 4589 τοῦ
1415 4534 1652 4604 Χριστοῦ
1699 4535 1796 4588 καὶ
1850 4534 1944 4588 τοῦ

2058 3356 2200 3400 male
2229 3384 2245 3408 ,
2304 3361 2371 3399 ne
2422 3348 2626 3411 pariter
2675 3346 2926 3398 informia
2996 3358 3051 3398 et
3101 3345 3414 3413 imperfecta
3443 3349 3640 3399 evade-

2057 3443 2177 3486 rent
2205 3448 2286 3494 ea,
2317 3448 2433 3499 (μοι)
2459 3436 2525 3485 ah
2557 3435 2799 3487 amnibus
2821 3443 2973 3486 erant
2997 3443 3273 3501 generata,
3310 3444 3359 3486 et
3388 3436 3648 3489 interitus

2055 3525 2252 3595 aliquis
2271 3527 2569 3595 corriperet
2591 3533 2712 3594 post
2733 3542 2835 3578 non
2862 3526 3086 3578 multum
3113 3538 3323 3593 tempus
3349 3527 3521 3593 aliqua
3533 3527 3643 3580 mlo

2054 3634 2252 3674 aaones.
2286 3618 2660 3689 Confugerunt
2700 3620 2860 3687 igitur
2899 3632 3090 3671 omnes
3118 3633 3297 3671 moues
3339 3619 3404 3669 ad
3451 3633 3637 3685 preca-

2055 3711 2253 3765 tionem
2305 3709 2518 3778 Patris,
2571 3720 2628 3764 ut
2676 3720 2994 3765 maerentem
3055 3709 3312 3778 Sophiam
3379 3711 3637 3777 placaret.

2052 3801 2306 3856 Plorabat
2334 3805 2474 3857 enim
2504 3813 2560 3855 et
2592 3802 2899 3870 ingemebat
2933 3813 3150 3871 propter
3174 3803 3477 3855 abortivum
3511 3815 3538 3853 ο
3582 3816 3653 3855 se

2052 3904 2368 3962 generatum
2393 3910 2408 3960 ;
2441 3895 2520 3948 sic
2541 3896 2685 3947 enim
2713 3894 3003 3963 appellant.
3031 3892 3316 3947 Miseratus
3349 3894 3511 3962 igitur
3535 3891 3640 3944 Pa-

2056 3992 2138 4036 ter
2189 3981 2457 4052 lacryntas
2492 3981 2707 4049 Suphiee
2764 3992 2985 4051 accepta
3041 3985 3352 4051 precatione
3427 3999 3643 4036 wonunt

2054 4072 2276 4143 insuper
2303 4073 2571 4143 projicere
2595 4074 2764 4142 jubet.
2796 4073 2912 4127 Non
2946 4076 3089 4127 enim
3124 4077 3256 4143 ipse,
3284 4076 3479 4143 inquit,
3513 4091 3647 4143 pro-

2047 4165 2200 4234 jecit,
2237 4166 2331 4220 sed
2364 4164 2515 4219 Mens
2534 4175 2588 4220 et
2614 4164 2827 4220 Veritas
2850 4165 3123 4220 Christum
3150 4176 3205 4219 et
3228 4167 3489 4235 Spiritum
3518 4182 3643 4219 san-

2052 4266 2197 4314 ctum
2246 4257 2302 4311 in
2353 4257 2727 4311 formationem
2779 4267 2834 4312 et
2880 4257 3263 4313 discretionem
3308 4257 3533 4309 abortivi
3587 4266 3647 4311 el

2053 4346 2472 4403 consolationem
2518 4359 2572 4413 et
2599 4349 2954 4418 placationem
3000 4348 3217 4418 Sophia:
3253 4346 3643 4405 lamentorum.

2053 4438 2120 4493 Et
2144 4440 2416 4494 exsistunt
2463 4440 2679 4509 triginta
2720 4456 2901 4495 mones
2949 4456 3071 4495 cum
3107 4441 3322 4495 Christo
3347 4448 3401 4492 et
3430 4437 3647 4507 Spiritu

2054 4541 2261 4588 saneto.
2299 4531 2415 4587 Jam
2444 4533 2663 4600 quidam
2690 4547 2881 4587 eorum
2936 4533 3078 4588 hanc
3122 4547 3241 4586 esse
3292 4533 3476 4585 volunt
3509 4532 3645 4584 tria-

368 4625 525 4693 ἁγίου
559 4625 893 4696 [Ινεύματος.
924 4625 1080 4689 Τινὲς
1114 4627 1211 4696 μὲν
1244 4621 1338 4680 οὖν
1361 4626 1540 4681 αὐτῶν
1567 4628 1773 4699 ταύτην
1804 4625 1944 4681 εἶναι

2054 4626 2334 4680 contadem
2362 4640 2597 4689 arenam,
2626 4625 2718 4679 alii
2745 4634 2926 4680 autem
2955 4640 3062 4679 una
3093 4625 3362 4680 exsistere
3383 4640 3503 4677 cum
3539 4622 3651 4676 Pas

369 4717 584 4772 θέλουσι
619 4720 719 4789 τὴν
756 4718 1118 4787 τριακοντάδα
1146 4718 1257 4772 τῶν
1287 4719 1520 4787 αἰώνων,
1550 4721 1695 4785 τινὲς
1722 4721 1780 4774 δὲ
1818 4739 1947 4774 συν-

368 4812 635 4882 υπάρχειν
662 4810 741 4882 τῷ
776 4812 952 4882 Πατρὶ
984 4810 1150 4881 Σιγην
1173 4808 1295 4843 ⁷⁸·”
1329 4812 1424 4865 καὶ
1459 4812 1559 4865 σὺν
1601 4803 1784 4877 αὐτοῖς
1812 4831 1947 4867 κατ-

2058 4726 2141 4771 tre
2170 4717 2334 4787 Sigea
2380 4732 2503 4773 cum
2552 4717 2726 4787 iisque
2759 4718 3060 4787 computari
3091 4731 3272 4771 aeones
3302 4716 3505 4771 volunt.
3551 4716 3643 4770 ln-

2051 4822 2214 4877 super
2241 4810 2513 4878 proiectus
2542 4809 2707 4879 igitur
2749 4825 2778 4864 a
2813 4808 2989 4864 Mente
3017 4819 3074 4865 et
3117 4810 3357 4864 Veritate
3386 4808 3646 4863 Christus

368 4903 721 4975 αριθμεῖσθαι
766 4904 892 4967 τοὺς
936 4902 1140 4967 αἰῶνας
1177 4902 1444 4959 θέλουσιν.
1494 4905 1950 4975 Ἐπιπροϐληθε“ις

2054 4910 2106 4955 et
2132 4901 2369 4969 Spiritus
2391 4912 2613 4981 sanctus
2631 4903 2817 4957 statim
2845 4903 3149 4958 abortivum
3178 4901 3462 4955 informem
3494 4901 3643 4955 hunc

370 4990 463 5049 οὖν
491 4996 520 5047 6
547 4994 783 5066 Χριστὸς
820 4995 916 5050 καλ⁵
940 4995 1001 5048 τὸ
1029 4995 1181 5063 ἅγιον
1209 4994 1433 5064 Πνεῦμα
1465 4995 1571 5048 ὑπὸ
1594 4996 1690 5049 τοῦ
1715 4996 1828 5049 Νοῦ
1856 4997 1950 5049 καὶ

2055 4992 2270 5063 Sophia:
2302 5008 2333 5048 a
2367 5008 2425 5048 se
2459 4994 2572 5049 sola
2601 5002 2657 5049 et
2687 5009 2931 5049 seorsum
2964 5010 2996 5050 a
3023 4993 3252 5063 conjuge
3282 4993 3518 5063 genitum
3550 5008 3643 5045 se-

366 5087 466 5157 τῆς
506 5086 808 5158 Ἀληθείας,
834 5085 1037 5151 εὐθέως
1058 5087 1121 5142 τὸ
1149 5085 1411 5158 ἐκτρωμα
1436 5086 1496 5141 τὺ
1521 5086 1769 5158 ἄμορφον
1790 5088 1950 5142 τοῦτο

2056 5096 2244 5158 gregat
2272 5088 2340 5143 ab
2361 5089 2633 5144 universis
2658 5088 2921 5155 monibus,
2942 5102 3008 5143 ne
3034 5094 3319 5144 cernentes
3353 5085 3501 5139 illmn
3529 5100 3644 5155 per-

1645 5259 1883 5317 VARIIE
1921 5258 2327 5318 LECTIONES.

3035 5302 3052 5337 ς

440 5418 486 5451 ⁸⁸
520 5416 801 5487 πατρικῶς
863 5415 927 5480 C,
970 5416 1043 5471 M.
1105 5414 1219 5471 Cfr.
1276 5416 1418 5471 Iren.
1484 5414 1519 5471 l.
1562 5415 1611 5487 _l.
1689 5485 1711 5487 ἡ
1751 5417 1805 5487 δίῃ
1842 5416 2123 5487 μητρικῶς
2186 5416 2249 5482 C,
2311 5416 2380 5473 Μ.
2430 5417 2513 5472 Cf.
2566 5415 2705 5471 lren.
2768 5417 2802 5472 l.
2850 5417 2889 5471 l.

441 5434 486 5451 υ·
520 5434 801 5487 πατρικῶς
863 5434 927 5480 υ,
971 5434 1043 5471 m.
1105 5434 1219 5471 ur.
1278 5434 1418 5471 Iren.
1485 5434 1519 5471 ι.
1576 5434 1611 5469 ι.
1751 5434 1795 5449 υ·
1842 5434 2123 5517 μητέρικως
2186 5434 2249 5482 u,
2311 5434 2380 5473 Μ.
2430 5434 2513 5472 ω.
2566 5434 2705 5471 tren.
2770 5434 2802 5472 l.
2850 5434 2889 5471 ι.
3036 5434 3087 5448 ν·
3139 5434 3374 5477 αεινους.
3443 5434 3636 5473 αιωνος

369 5487 434 5551 C,
491 5487 561 5542 Μ.
623 5487 706 5543 Cf.
742 5488 901 5558 irlren.
967 5486 1002 5541 Ι.
1064 5487 1099 5541 l.
1162 5487 1247 5558 7”
1280 5485 1613 5558 μακαριστὸς
1673 5485 1864 5558 C,_M.
1953 5492 1986 5558 _‘
2015 5489 2392 5557 γεγενηκότων
2423 5487 2485 5541 C.
2586 5489 2630 5519 ⁸⁸
2672 5488 2933 5558 Ἦθέλησε
2965 5487 3060 5558 δὲῖ
3096 5501 3162 5558 an
3203 5481 3636 5558 Ἠθέλητεηοδνᾼξ

369 5559 416 5591 ⁸⁸
444 5558 701 5628 γεννῆσαι
740 5557 1042 5622 Roeperns,
1079 5552 1336 5627 ἐγέννησε
1369 5552 1444 5621 (Ι,
1482 5556 1549 5610 Μ.
1668 5558 1715 5588 ⁸⁷
1753 5552 1841 5626 ἦν.
1882 5552 2039 5627 ήο.’
2095 5552 2159 5589 ⁷⁸⁸
2198 5552 2399 5628 γενητὴ
2441 5558 2502 5612 C.
2581 5558 2627 5591 “
2667 5552 2918 5630 ἀγενήτῳ
2955 5556 3017 5611 C.
3095 5556 3145 5588 "°
3176 5558 3422 5626 γενητοῖς
3452 5554 3514 5610 C.
3593 5554 3636 5585 “

370 5626 704 5683 προσέϐαλεν
732 5627 794 5683 C.
822 5627 892 5681 M.
966 5628 1013 5659 "
1049 5625 1322 5683 εὔμορφον
1364 5632 1428 5683 C.
1467 5626 1538 5680 M.
1616 5626 1661 5658 "
1703 5626 2206 5681 ἀκατασκεύαστον.
2258 5628 2693 5681 εὐκατάσϐεστον
2737 5629 2799 5683 C.
2853 5627 3358 5682 εύκατασκεύαστον
3391 5624 3473 5678 Μ.»
3539 5622 3631 5676 ⁷⁵1

397 5643 704 5694 εροσεοαλεν
732 5643 794 5688 ιλ,
823 5643 892 5681 Μ.
972 5643 1013 5659 ’-
1049 5643 1322 5694 ευμορφον
1364 5643 1428 5688 υ.
1467 5643 1538 5680 Μ.
1619 5643 1661 5658 ³ο
1703 5643 2206 5681 ακατασκευαστον.
2258 5643 2693 5681 ευκατασοεστον
2737 5643 2799 5694 u,
2853 5643 3358 5682 ευκατασκευαστον
3391 5643 3473 5678 ιιι.»

370 5644 704 5699 προσεοαλεν
732 5644 794 5688 ιλ,
823 5644 892 5681 ιιι.
972 5644 1013 5659 ··
1049 5644 1322 5697 ευμορφον
1364 5644 1428 5688 υ.
1467 5644 1538 5680 m.
1619 5644 1661 5658 η
1703 5644 2206 5681 ακατασκευαστον.
2258 5644 2693 5681 ευκατασοεστον
2737 5644 2799 5694 υ,
2853 5644 3358 5682 ευκατασκευαστον
3391 5644 3473 5678 ιιι.»
3544 5644 3584 5656 ’τ
3613 5644 3631 5676 ι

369 5698 574 5784 Mos..t,
608 5699 661 5783 2:
735 5698 782 5784 1"
812 5697 1015 5782 ".3105.
1060 5713 1255 5785 X’XXll‘l‘,
1288 5698 1321 5751 '5
1352 5715 1366 5751 :
1402 5699 1513 5785 ιςαι
1532 5696 1829 5785 signiﬁco,“
1855 5699 1934 5778 εἰς
1959 5701 2065 5785 γῆν
2092 5699 2785 5785 ῥέουσανκγάλαὶκαὶιμέλι,
2816 5701 2950 5785 coll1
2981 5713 3101 5785 cap;
3132 5713 3214 5785 ut,
3305 5697 3457 5778 :_Kat‘t
3482 5695 3634 5785 eius:

370 5769 797 5848 ταγεῖνμύτοῦς
829 5771 908 5833 εἱς
943 5768 1048 5848 γῆν
1082 5767 1308 5848 όιγαθὴν⁸
1329 5768 1426 5848 καὶ
1462 5767 1682 5839 πολλὴν,
1714 5768 1791 5830 εἰς
1823 5768 1925 5848 γῆν
1968 5766 2211 5848 ,ῥέουσαν
2241 5767 2384 5848 γάλα
2424 5769 2519 5848 καὶ
2571 5766 2713 5848 μέλι,
2740 5787 2796 5848 κὲ
2831 5789 2882 5848 τ.
2932 5769 2981 5822 λ.
3035 5770 3101 5848 1⁷⁸
3135 5766 3474 5848 ξοοίιιείιιιυε.
3515 5778 3635 5832 qme

374 5836 441 5891 ad
472 5837 848 5907 explicandum
886 5836 1206 5893 vocabulum
1250 5837 1521 5908 πλήρωμα
1571 5836 1638 5892 εκ
1679 5836 1923 5907 margine
1968 5836 2253 5905 irrepsisse
2299 5836 2588 5892 videntur:
2635 5839 2956 5909 Ἐφοϐοῦντο
2986 5839 3093 5911 γὰρ
3128 5840 3175 5893 οἱ
3206 5838 3398 5902 αἰῶνες
3427 5836 3477 5889 οἰ
3520 5848 3631 5901 {av-

374 5905 607 5978 νώμενοι
635 5909 717 5965 vel
746 5908 921 5965 simile
948 5909 1075 5978 quid
1107 5918 1258 5978 susp.
1295 5907 1364 5961 Μ.
1445 5908 1489 5942 ⁷⁷
1528 5908 1712 5963 ἔκλεαι
1749 5908 1813 5967 C.
1887 5908 2007 5941 "'7’
2039 5910 2225 5978 Σιγὴν.
2274 5908 2354 5975 εἰς
2387 5908 2492 5978 γῆν
2529 5907 2600 5975 C,
2628 5908 2698 5964 Μ.

374 5924 607 5980 νωμενοι
635 5922 717 5965 vel
746 5922 921 5965 smttle
948 5922 1075 5978 qum
1107 5922 1258 5978 susp.
1295 5922 1364 5961 at.
1448 5922 1485 5942 ἰ
1528 5922 1712 5963 εκλεαι
1749 5922 1813 5967 u.
1890 5922 2007 5941 """
2039 5922 2225 5979 Ltmv.
2274 5922 2354 5975 εις
2387 5923 2492 5978 γην
2529 5922 2600 5975 υ,
2628 5922 2698 5964 M.

3036 5414 3088 5448 ⁸³
3139 5414 3374 5477 ἀεινοῦς.
3443 5413 3639 5473 αἰῶνος
