4084 6430
450 390 586 460 3257

1896 389 2261 452 ORIGENIS

3568 399 3709 461 3253

452 510 706 578 quoniam
748 498 1009 561 Voluntas
1041 515 1297 574 tanquam
1334 512 1572 572 potestas
1623 500 1838 558 exstitit
1862 500 2022 572 Cogi-

2126 502 2317 574 ῶσπερ
2348 504 2579 577 δύναμις
2621 508 2840 576 ἐγένετο
2880 509 2978 579 τῆς
3028 510 3289 574 Ἐννοίας.
3347 512 3640 567 Ἐνενοεῖτο
3665 513 3709 545 ³¹

454 602 693 654 tationis.
724 598 1012 669 Cogitabat
1045 596 1189 650 enim
1229 595 1503 666 Cogitatio
1533 610 1749 664 semper
1770 595 2024 649 emissio-

454 708 596 758 nem,
634 707 811 760 neque
843 702 1020 744 tamen
1046 690 1159 757 ipsa
1194 696 1409 755 poterat
1445 686 1702 741 emittere
1760 700 1854 753 per
1879 699 2021 747 sese,

452 784 546 837 sed
570 784 884 852 cogitabat;
916 791 1203 851 postquam
1233 788 1412 833 autem
1441 776 1746 831 Voluntatis
1777 784 2024 844 potestas

451 875 696 940 advenit,
734 884 861 927 tunc
890 875 1032 942 quod
1060 871 1334 940 cogitabat
1363 868 1564 923 emisit.

521 967 611 1022 59.
637 965 793 1019 Alius
818 973 997 1018 autem
1025 978 1216 1017 eorum
1250 960 1508 1029 magister
1540 956 1773 1020 Marcus,
1801 958 2025 1028 magica:

452 1057 677 1126 peritus,
696 1056 888 1125 partim
909 1068 1003 1123 per
1015 1051 1312 1122 prtestigias
1326 1062 1609 1118 peragens,
1627 1048 1824 1117 partim
1845 1058 2023 1103 autem

451 1148 615 1202 etiam
634 1162 730 1215 per
745 1147 1013 1201 daemones
1029 1143 1235 1211 decepit
1254 1138 1588 1196 multos-Hic
1610 1141 1821 1196 dicebat
1837 1158 1956 1197 esse
1973 1144 2025 1196 in

452 1252 512 1293 se
533 1252 800 1293 summam
842 1236 1091 1289 virtutem
1119 1232 1187 1287 ab
1206 1232 1567 1286 invisibilibus
1595 1242 1651 1287 et
1673 1233 2027 1287 innomiuatis

453 1330 591 1385 locis
640 1328 1048 1383 redundantem.
1084 1321 1150 1377 Et
1181 1339 1324 1393 saepe
1359 1326 1610 1395 poculum
1646 1339 1870 1379 sumens
1902 1333 2025 1378 tan-

451 1436 612 1491 quam
646 1433 998 1483 consecrans,
1032 1428 1088 1472 et
1121 1418 1334 1487 longius
1364 1419 1672 1486 producens
1700 1431 2021 1471 sermonem

451 1512 812 1568 invocationis
835 1509 1038 1575 eﬂccit,
1076 1517 1136 1562 ut
1168 1507 1395 1562 mistura
1423 1523 1708 1579 purpurea
1745 1517 2029 1577 appareret

452 1616 509 1661 et
539 1603 836 1673 aliquando
872 1603 1059 1665 rubra,
1091 1611 1149 1655 ut
1172 1600 1532 1669 opinarentur
1564 1600 1622 1661 ii,
1651 1600 1743 1669 qui
1776 1600 2027 1669 decipie-

448 1694 667 1759 bantur,
703 1689 1068 1762 298-299
1097 1689 1327 1756 gratiam
1356 1689 1649 1756 quamdam
1687 1689 2023 1742 descendere

450 1794 502 1840 et
528 1784 1002 1853 sanguinolentam
1030 1789 1351 1849 potestatem
1380 1780 1621 1848 praebere
1653 1780 1823 1848 potui.
1860 1778 2027 1833 Vafer

2132 595 2232 665 μὲν
2264 596 2372 668 γὰρ
2411 598 2556 670 ἀεὶή
2603 598 2822 652 Ἔννοια
2865 600 2963 670 τὴν
3006 601 3297 672 προϐολὴν,
3331 602 3390 654 οὐ
3430 603 3709 671 μέντοιγε

2129 687 2458 755 προϐάλλειν
2482 688 2619 760 αὑτὴ
2645 691 2766 743 κατ’
2791 690 2960 759 αὐτὴν
2981 690 3236 759 ἠδύνατο,
3258 691 3397 744 ἀλλὰ
3424 695 3707 758 ἐνενοεῖτο,

2126 779 2214 830 ὅτε
2248 777 2304 831 δὲ
2342 778 2490 847 ἡτοῦ
2520 779 2836 850 Θελήματος
2866 780 3092 852 δύναμις
3124 780 3461 856 [ἐπεγένετο]
3486 784 3550 848 ³³,
3588 786 3709 838 τότε

2129 864 2200 939 [ὃ]
2227 867 2272 899 ³⁸
2305 870 2567 921 ὲνενοεῖτο
2591 870 2903 941 προϐάλλει.

2197 958 2295 1013 λθ’.
2334 959 2525 1023 Ἀλλος
2562 961 2620 1013 δέ
2662 979 2745 1025 τις
2769 961 2814 993 ³⁵
2863 961 3180 1042 διδάσκαλος
3220 964 3398 1017 αὐτῶν
3444 965 3706 1035 Μάρκος,

2132 1050 2372 1121 μαγικῆς
2397 1050 2661 1122 ἔμπειρος
2684 1052 2721 1106 ὃ.
2744 1053 2840 1122 μὲν
2868 1053 2956 1107 διὰ
2982 1054 3207 1116 κυϐείας
3235 1055 3472 1123 ἐνεργῶν
3496 1056 3561 1120 ³⁸,
3592 1055 3626 1109 a
3651 1057 3710 1109 δὲ

2128 1140 2222 1193 καὶ
2255 1140 2342 1193 διὰ
2385 1140 2656 1211 δαιμόνων
2702 1142 2887 1211 ἠπάτα
2926 1142 3174 1207 πολλοὺς.
3218 1139 3385 1207 Οὗτος
3416 1145 3600 1213 ἔλεγεν
3649 1148 3708 1198 ὲν

2127 1230 2277 1301 αὐτῷ
2306 1232 2403 1302 τὴν
2453 1233 2717 1302 μεγίστην
2760 1234 2867 1287 ἀπὸ
2909 1234 3017 1287 τῶν
3063 1236 3311 1305 ἀοράτων
3361 1236 3454 1288 καὶ
3505 1239 3709 1289 ἀκατο-

2128 1324 2411 1391 νομάστων
2440 1323 2481 1353 ³⁷
2525 1322 2706 1375 τόπων
2749 1318 2886 1375 εἶναι
2922 1322 3170 1394 δύναμιν.
3209 1325 3317 1377 Kal
3343 1325 3407 1394 δὴ
3449 1324 3708 1389 πολλάκις

2128 1411 2421 1482 λαμϐάνων
2457 1414 2715 1483 ποτήριον
2742 1412 2817 1476 ὡς
2858 1414 3221 1484 εὐχαριστῶν,
3260 1416 3352 1468 καὶ
3393 1416 3485 1468 ἐπὶ
3526 1416 3711 1469 πλεῖον

2129 1503 2386 1556 ἐκτείνων
2435 1505 2525 1556 τὸν
2567 1505 2726 1572 λόγον
2774 1505 2872 1574 τῆς
2913 1505 3258 1577 ἐπικλήσεως
3306 1506 3616 1578 πορφύρεον
3647 1508 3711 1561 τὸ

2129 1598 2386 1667 κέρασμα
2430 1597 2601 1650 ἐποίει
2644 1596 2719 1667 [p.
2745 1597 2873 1653 200.
2919 1597 3070 1669 20L]
3103 1598 3388 1667 φαίνεσθαι
3440 1601 3532 1653 καί
3577 1616 3711 1652 ποτε

2130 1687 2379 1760 ἐρυθρὸν,
2416 1688 2492 1751 ὡς
2540 1689 2715 1741 δοκεῖν
2763 1690 2889 1752 τοὺς
2929 1690 3327 1761 ἀπατωμένους
3377 1692 3537 1761 χάριν
3585 1692 3711 1744 τινὰ

2130 1780 2375 1833 κατιέναι
2403 1778 2497 1831 καὶ
2523 1777 2808 1848 αἱματώδη
2836 1778 3063 1849 δύναμιν
3090 1779 3349 1851 παρέχειν
3372 1779 3448 1850 τῷ
3480 1780 3707 1850 πόματι.

414 1886 417 1891 ’
450 1888 629 1931 autem
667 1875 758 1930 ille
791 1885 902 1928 tum
950 1874 1170 1943 quidem
1209 1871 1407 1926 multos
1450 1870 1685 1939 decepit,
1735 1885 1875 1925 nunc
1928 1886 2022 1923 au-

2137 1871 2198 1923 ‘0
2232 1870 2287 1922 δὲ
2320 1870 2627 1941 πανοῦργος
2674 1870 2794 1923 τότε
2849 1871 2946 1940 μὲν
2990 1871 3217 1936 πολλοὺς
3249 1870 3406 1924 ἔλαθε
3428 1912 3443 1936 ,
3499 1874 3617 1924 νυνὶ
3651 1872 3712 1925 δὲ

453 1982 562 2025 tem
595 1967 882 2023 convictus
911 1965 1149 2021 desinet.
1182 1963 1636 2018 Medicamentum
1664 1961 1810 2016 enim
1833 2000 1848 2025 ,
1880 1963 2023 2031 quod

449 2060 614 2118 talem
650 2060 935 2130 quemdam
961 2066 1142 2129 potest
1179 2056 1418 2111 colorem
1449 2053 1715 2126 praebere,
1757 2053 1895 2107 clam
1922 2054 2025 2108 im-

449 2153 672 2208 mittens
700 2152 754 2204 in
801 2150 1112 2215 misturam,
1153 2148 1380 2202 multum
1412 2161 1620 2217 nugaus
1650 2147 2023 2217 exspectabat,

449 2254 509 2299 ut
538 2242 791 2299 affectum
824 2241 1045 2298 humido
1069 2241 1399 2311 liquesceret
1429 2249 1484 2294 et
1510 2240 1802 2293 admistum
1840 2238 2028 2294 inlice-

452 2346 533 2390 ret
566 2343 776 2406 potum.
829 2331 1225 2388 Medicamenta
1276 2340 1459 2384 autem
1493 2344 1614 2399 qua:
1664 2329 1765 2384 hoc
1805 2327 2021 2385 efﬁcere

450 2435 698 2497 possunt,
738 2426 791 2478 in
828 2438 893 2479 eo
940 2423 1100 2489 libro,
1134 2421 1225 2493 qui
1256 2430 1340 2475 est
1384 2431 1574 2475 contra
1622 2433 1830 2487 magos,
1874 2433 2028 2489 pra:-

449 2517 705 2575 diximus.
745 2515 834 2570 ubi
884 2514 1266 2585 exposuimus,
1319 2511 1589 2581 quomodo
1637 2510 1836 2565 multos
1880 2510 2027 2565 deci-

451 2611 662 2680 pientes
712 2608 999 2671 seducant,
1036 2606 1238 2675 quibus
1279 2606 1325 2659 si
1373 2603 1523 2659 cordi
1559 2602 1666 2658 erit
1717 2602 2028 2658 accuratius

449 2703 516 2757 ad
540 2715 629 2766 ea,
666 2714 787 2769 quae
819 2699 960 2754 dicta
993 2706 1143 2761 sunt,
1177 2696 1419 2751 animum
1462 2695 1747 2750 advertere
1769 2732 1784 2759 ,
1817 2707 2022 2763 cogno-

453 2803 611 2851 scent
639 2790 805 2846 Marci
847 2789 1087 2845 fraudes.

517 2975 608 3032 40.
639 2973 739 3042 Qui
767 2983 823 3028 et
852 2968 1107 3043 poculum
1134 2967 1313 3023 minus
1339 2964 1579 3022 miscens
1607 2963 1771 3019 dabat
1805 2960 2030 3018 mulier-

446 3070 582 3127 cula:
621 3068 688 3122 ad
736 3062 1195 3127 consecrandum,
1240 3060 1357 3129 ipse
1383 3062 1648 3115 assistens
1686 3065 1741 3112 et
1785 3056 2025 3110 alterum

448 3177 609 3219 manu
652 3171 842 3215 tenens
881 3155 972 3211 illo
1024 3153 1200 3223 majus
1249 3151 1413 3222 idque
1454 3164 1714 3214 vacuum,
1771 3155 1827 3202 et
1878 3155 2029 3217 post-

2127 1961 2484 2033 ἐλεγχόμενος
2524 1960 2825 2015 παύσεται’
2863 1962 3155 2033 φάρμακον
3203 1963 3314 2034 γάρ
3353 1980 3404 2016 τι
3450 1962 3711 2033 τοιαύτην

2127 2052 2422 2123 δυνάμενον
2468 2053 2634 2123 χρόαν
2680 2056 2983 2124 παρασχεῖν
3030 2053 3302 2125 λαθραίως
3327 2054 3373 2085 ³⁸
3418 2054 3575 2107 ἐνιῶν
3628 2054 3711 2125 τῷ

2128 2145 2438 2215 κεράσματι
2490 2145 2720 2197 ἐπιπολὺ
2760 2145 3021 2216 ,φλυαρῶν
3062 2147 3345 2216 ἀνέμενεν,
3410 2147 3558 2210 ὅπως
3606 2146 3714 2214 τῆς

2128 2236 2422 2308 ὑγρότητος
2459 2235 2762 2306 μεταλαϐὸν
2793 2237 2836 2269 ³³
2876 2236 3011 2308 λυθῇ
3045 2238 3140 2291 καὶ
3172 2238 3440 2309 ἀναμιγέν
3470 2238 3715 2308 ἐπιχρω-

2126 2327 2253 2398 τίσῃ
2278 2326 2323 2359 δ’
2366 2327 2427 2379 τὸ
2465 2326 2638 2397 πόμα.
2678 2326 2761 2380 Τὰ
2798 2327 2855 2381 δὲ
2888 2328 3166 2399 δυνάμενα
3206 2330 3366 2383 τοῦτο
3405 2332 3714 2401 παρασχεῖν

2129 2419 2398 2490 φάρμακα
2428 2420 2484 2472 ἐν
2509 2421 2573 2489 τῇ
2600 2419 2743 2472 κατὰ
2779 2420 2971 2489 μάγων
3003 2418 3172 2491 βίϐλῳ
3192 2420 3526 2491 προείπομεν
3555 2420 3715 2473 ἐκθέ-

2132 2526 2317 2581 μενοι,
2361 2511 2437 2574 ὡς
2478 2512 2704 2577 πολλοὺς
2752 2512 3063 2576 πλανῶντες
3106 2512 3481 2583 ἀφανίζουσιν,
3536 2508 3619 2577 οἷς
3664 2514 3717 2567 ει

2129 2600 2282 2671 φίλον
2314 2605 2732 2674 περιεργότερον
2763 2602 2841 2674 τῷ
2878 2603 3152 2675 εἰρημένῳ
3186 2607 3597 2677 προσεπισχεῖν,
3628 2603 3713 2658 εἴ-

2131 2709 2319 2747 σονται
2346 2691 2442 2765 τὴν
2470 2693 2703 2766 Μάρκου
2735 2694 2967 2767 πλάνην.

2202 2982 2242 3036 μ
2262 3002 2276 3016 .
2319 2964 2415 3029 Ὃς
2444 2963 2539 3018 καὶ
2576 2964 2836 3036 ποτήριον
2879 2965 3204 3037 μικρότερον
3229 2964 3273 2997 ⁸³
3306 2965 3509 3039 κιρνῶν
3540 2966 3713 3021 ἐδίδου

2129 3056 2350 3125 γυναικὶ
2389 3057 2754 3128 εὐχαριστεῖν,
2800 3058 2965 3122 αὐτὸς
3018 3058 3309 3130 παρεστὼς
3360 3060 3456 3114 καὶ
3523 3060 3714 3132 ἕτερον

2131 3147 2348 3220 κρατῶν
2395 3149 2604 3203 ἐκείνου
2644 3149 2829 3221 μεῖζον
2874 3150 3049 3215 κενὸν,
3088 3152 3182 3205 καὶ
3232 3152 3714 3226 εὐχαριστησάσης

446 3270 609 3325 quam
668 3249 1015 3306 consecravit
1074 3246 1273 3302 mulier
1319 3245 1592 3314 decepta,
1653 3253 1872 3296 sumens
1944 3240 2022 3293 in-

2127 3238 2226 3309 τῆς
2257 3239 2626 3311 ἀπατωμένης
2667 3240 2796 3306 δεξά
2826 3241 2836 3313 |
2871 3259 3032 3313 μενος
3067 3244 3255 3314 ἐπέχει
3286 3246 3366 3308 είς
3394 3245 3487 3314 τὸν
3514 3245 3709 3316 μείζω,

449 3344 703 3402 fundebat
755 3342 807 3396 in
843 3339 1021 3410 majus
1070 3346 1125 3393 et
1178 3334 1474 3392 identidem
1525 3331 1911 3388 transfundens
1941 3328 2023 3382 al-

450 3452 620 3495 terum
680 3438 732 3490 in
778 3434 1008 3489 alterum
1045 3430 1279 3486 addebat
1322 3428 1435 3481 haec
1476 3425 1685 3480 verba:
1720 3421 1851 3488 Illa,
1907 3435 2025 3490 quae

443 3538 523 3586 ut
551 3540 672 3583 ante
703 3525 902 3590 omnia,
937 3516 1479 3590 incomprehensibilis
1508 3525 1556 3569 et
1582 3512 1869 3583 ineffabili:
1899 3527 2025 3581 gra-

447 3624 522 3677 tia
559 3619 767 3688 impleat
799 3626 948 3670 tuum
977 3614 1120 3667 intus
1149 3610 1407 3664 hominem
1439 3616 1489 3662 et
1521 3613 1714 3676 augeat
1763 3605 1819 3658 in
1856 3614 1905 3658 te
1941 3604 2023 3657 in-

448 3708 786 3779 telligentiam
813 3703 918 3769 sui,
938 3703 1249 3770 impargem
1275 3713 1497 3768 granum
1519 3694 1715 3765 sinapis
1744 3694 1799 3747 in
1830 3695 2022 3746 bonam

448 3813 666 3857 terram.
700 3798 767 3852 Et
815 3794 945 3849 talia
989 3789 1235 3861 quaedam
1285 3786 1481 3843 affatus
1515 3796 1678 3857 atque
1709 3783 2023 3854 obstupefa-

447 3896 602 3950 ciens
632 3897 687 3944 et
712 3890 992 3957 deceptam
1017 3883 1162 3937 illam
1190 3890 1242 3936 et
1271 3880 1365 3950 qui
1399 3879 1596 3934 adsunt
1622 3888 1881 3948 tanquam
1917 3874 2020 3929 mi-

451 3986 760 4043 raculorum
805 3979 1030 4038 eﬂ‘ector
1055 3978 1376 4042 habebatur,
1404 3990 1529 4030 cum
1569 3972 1741 4044 majus
1765 3972 2017 4044 poculum

445 4094 515 4136 ex
575 4076 785 4131 minore
848 4070 1208 4141 impleretur,
1268 4077 1327 4122 ut
1385 4067 1469 4122 vel
1531 4066 2020 4137 superfunderetur

449 4168 754 4225 abundans.
784 4164 964 4233 Atque
998 4161 1162 4230 hujus
1203 4174 1420 4230 quoque
1447 4166 1621 4213 artem
1666 4158 1718 4212 in
1760 4172 1825 4214 eo
1856 4157 2017 4219 libro,

445 4275 605 4334 quem
649 4255 1040 4330 praediximus,
1086 4252 1462 4322 exposuimus,
1499 4250 1590 4306 ubi
1619 4249 2020 4305 demonstravi-

448 4366 568 4409 mus
596 4351 829 4421 plurima
868 4346 1268 4403 medicamenta
1305 4357 1463 4415 posse
1494 4350 1845 4414 augmentum
1876 4356 2016 4412 pra:-

447 4445 599 4505 bere,
631 4455 754 4494 cum
787 4438 843 4492 in
877 4437 1027 4492 illum
1058 4438 1275 4491 modum
1332 4434 1565 4490 admista
1620 4433 1732 4488 sint
1767 4432 2018 4487 humori-

445 4534 567 4599 bus,
604 4530 838 4585 maxime
880 4530 1012 4583 viuo
1057 4535 1380 4598 temperato.
1418 4526 1661 4593 Quorum
1704 4540 1871 4580 unum
1918 4522 2017 4577 ali-

444 4624 586 4696 quod
641 4622 1093 4678 medicamentum
1161 4621 1214 4674 in
1260 4634 1433 4675 vacuo
1476 4617 1669 4688 poculo
1702 4615 2014 4673 clanculum

2126 3330 2221 3382 καὶ
2254 3329 2511 3394 πολλάκις
2545 3332 2879 3401 ἀντεπιχέων
2910 3332 3095 3405 ἕτερον
3126 3337 3205 3398 είς
3234 3335 3419 3406 ἓτερον
3448 3336 3711 3404 ἐπέλεγεν

2125 3417 2325 3481 οὕτως’
2363 3419 2431 3473 Ἦ
2464 3420 2575 3489 πρὸ
2603 3420 2722 3474 τῶν
2747 3420 2908 3475 ὅλων
2926 3423 2993 3487 δ’,
3024 3421 3112 3495 [ὴ]
3136 3425 3503 3492 ἀνεννόητος
3526 3425 3572 3456 ⁸³
3601 3426 3707 3481 καὶ

2125 3510 2380 3580 ἆῤῥητος
2412 3511 2586 3581 χάρις
2611 3514 2925 3582 πληρώσαι
2958 3532 3073 3570 σου
3110 3518 3217 3570 τὸν
3244 3519 3365 3573 ἔσω
3391 3519 3712 3586 ἄνθρωπον

2125 3603 2222 3656 καὶ
2258 3605 2561 3671 πληθὺναι
2586 3606 2656 3659 ἐν
2686 3605 2785 3659 σοὶ
2820 3606 2934 3674 τὴν
2958 3607 3188 3676 γνῶσιν
3218 3610 3432 3678 αὐτῆς,
3456 3612 3711 3680 ἐγκατα-

2124 3696 2463 3764 σπεὶρουσα
2486 3697 2592 3750 τὸν
2614 3699 2838 3751 κόκκον
2864 3697 2967 3751 τοῦ
2991 3700 3296 3765 σινάπεως
3318 3704 3407 3767 εἰς
3428 3702 3546 3769 τὴν
3564 3703 3709 3771 ἀγα-

2124 3784 2237 3856 θὴν
2277 3786 2413 3858 γῆν.
2447 3788 2556 3842 Kal
2595 3789 2822 3844 τοιαῦτά
2861 3808 2980 3845 τινα
3019 3792 3263 3847 ἐπειπὼν
3300 3795 3395 3847 καὶ
3429 3795 3701 3866 ἐκστήσας

2122 3880 2220 3949 τήν
2256 3895 2317 3932 τε
2352 3880 2722 3954 άπατωμὲνην
2755 3884 2849 3938 xal
2895 3884 3023 3948 τοὺς
3063 3885 3338 3956 παρόντας
3378 3888 3453 3950 ὡς
3487 3885 3699 3958 θαυμα-

2121 3971 2335 4036 τοποιὸς
2364 3972 2664 4042 ἐνομίζετο,
2688 3974 2784 4028 τοῦ
2818 3974 3064 4047 μείζονος
3094 3977 3355 4048 ποτηρίου
3384 3977 3704 4048 πληρουμέ-

2121 4081 2211 4118 νου
2243 4064 2307 4118 ἐκ
2348 4063 2441 4118 τοῦ
2478 4068 2804 4137 μικροτέρου
2839 4068 2916 4132 ὡς
2946 4072 3040 4123 καὶ
3083 4071 3441 4142 ὑπερχεῖσθαι
3474 4072 3705 4127 πλεονάο

2122 4152 2233 4218 ζον.
2265 4154 2377 4208 Kal
2405 4155 2594 4208 τούτου
2612 4156 2669 4209 δὲ
2692 4156 2789 4228 τὴν
2815 4158 3011 4232 τέχνην
3036 4162 3239 4232 ὁμοίως
3267 4165 3325 4217 ὲν
3346 4163 3392 4195 ⁸⁸
3416 4165 3482 4235 τῇ
3510 4180 3702 4235 προει-

2122 4245 2335 4319 ρημένῃ
2368 4245 2536 4319 βίϐλῳ
2560 4248 2854 4319 ἐξεθέμεθα
2877 4252 3149 4319 δείξαντες
3174 4254 3402 4309 πλεῖστα
3428 4256 3702 4329 φάρμακα

2118 4337 2391 4409 δυνάμενα
2406 4337 2632 4411 αὔξησιν
2651 4346 2951 4414 παρασχεῖν
2964 4345 3292 4417 ἐπιμιγέντα
3308 4346 3479 4410 οὕτως
3500 4348 3700 4419 ὑγραῖς

2119 4429 2330 4494 οὐσίαις
2350 4471 2365 4495 ,
2401 4432 2637 4502 μάλιστα
2661 4436 2789 4505 οϊνῳ
2814 4439 3205 4509 κεκερασμὲνῳ
3225 4481 3238 4506 ,
3281 4433 3356 4494 ὧν
3392 4441 3451 4494 ἓν
3479 4458 3532 4495 τι
3556 4442 3701 4515 φάρο

2127 4539 2300 4593 μακον
2345 4525 2405 4578 ὲν
2466 4525 2545 4595 τῷ
2602 4527 2744 4598 κενῷ
2802 4530 3048 4601 ποτηρίῳ
3102 4531 3343 4603 κρύϐδην
3398 4532 3694 4597 ἕ...ος......

2121 4631 2292 4685 κρίθη
2316 4616 2362 4649 ⁸⁸
2389 4616 2464 4681 ὡς
2492 4618 2657 4689 μηδὲν
2689 4618 2810 4690 ἔχον
2834 4620 3033 4688 δείξας,
3063 4622 3299 4694 ὲ’τειχέων
3339 4624 3402 4678 ἐκ
3425 4626 3698 4680 τ........“

444 4888 704 4968 Voluntas
733 4888 878 4944 velut
922 4887 1089 4943 virtus
1132 4888 1270 4968 facta
1309 4896 1393 4943 est
1430 4886 1670 4942 Ennmaa.
1719 4885 2002 4968 Cogitabat

2125 4888 2166 4942 se
2187 4887 2366 4968 ’θῆλυς
2380 4887 2858 4968 ’τοᾷ-Θελῄματο-ς.
2886 4892 2959 4968 To
2991 4892 3218 4968 Θέλημα
3247 4895 3423 4968 τοίνυν
3462 4896 3698 4968 δύναμις

440 4958 583 5012 enim
615 4958 816 5013 Euuma
840 4972 1058 5027 semper
1084 4959 1454 5020 emissionem,
1490 4972 1596 5011 non
1632 4968 1811 5011 tamen
1839 4958 1999 5012 emit-

442 5037 556 5082 tere
587 5030 699 5096 ipsa
735 5027 1239 5110 perﬁsemetipsatn'
1267 5035 1477 5110 poterat
1502 5039 1624 5110 quae
1682 5027 1994 5110 cogitabat;

437 5167 708 5233 cogitabat
739 5167 941 5221 emisit.

2107 4958 2740 5046 ἐγένξτοὶτῆςξεννοίας.
2780 4961 3010 5046 Ἐνενὸει
3040 4958 3328 5046 μὲν’γὰρή
3358 4966 3577 5046 Ἴξννοια
3596 4958 3698 5046 τῂν

442 5037 556 5082 tere
587 5030 699 5096 ipsa
735 5043 831 5097 per
868 5028 1212 5096 semetipsatn
1267 5035 1477 5098 poterat
1502 5039 1624 5094 quae
1682 5028 1994 5095 cogitabat;
2107 5044 2150 5079 π
2187 5028 2407 5091 οϐολὴν,
2451 5030 2511 5081 οὐ
2603 5029 2744 5083 ἐντοι
2794 5028 3090 5101 προϐαλεῖν

437 5111 562 5151 eum
608 5107 787 5152 autem
838 5094 1144 5152 Voluntatis
1191 5098 1364 5153 virtus
1406 5097 1648 5160 advenit,
1688 5106 1817 5151 tunc
1851 5101 1996 5166 quod
2101 5045 2334 5166 ὴὲύνατο
2360 5096 2396 5150 ἀ
2426 5047 2648 5162 ὲνενάἒι,
2680 5100 2769 5154 ὅτε
2799 5100 2855 5154 δὲ
2898 5104 2932 5172 ή
2977 5101 3072 5155 τοῦ

437 5167 708 5226 cogitabat
739 5167 941 5221 emisit.
2104 5166 2413 5226 ἐπεγένετο.
2437 5168 2557 5222 τότε
2581 5168 2609 5221 ὃ
2641 5170 2841 5223 ἐνενόει
2872 5172 3112 5226 προέϐαλ

2135 5183 2413 5236 πεγενετο,
2437 5183 2557 5222 τοτε
2581 5183 2609 5221 ο
2641 5183 2841 5223 ενενοει
2872 5183 3160 5242 προέϐαλε.

2603 5029 2744 5111 ἐντρι
2794 5029 3090 5111 προϐαλεῖν
3118 5029 3277 5111 Δαυτῆ
3318 5029 3698 5111 ’καθ’-ἐμαυτῆν

2898 5104 2932 5172 ἡ
2977 5103 3428 5179 τοῦ-Θελήματος
3466 5103 3697 5179 δύναμις

1697 5322 1935 5379 νΔΒΙᾹΞ
1972 5323 2375 5391 ιΕιπιοΝΕε,

507 5501 549 5536 ⁸³
603 5502 915 5557 Ἐνενοεττο.
974 5501 1203 5556 Ἐννοεῖν
1256 5500 1319 5569 C,
1350 5499 1423 5557 Μ.

435 5574 566 5627 hear.
629 5572 842 5642 1,9715,
904 5573 1072 5642 p.759
1132 5588 1159 5628 s

1526 5502 1571 5534 ³⁸
1616 5503 1909 5572 ἐπεγένετο
1944 5502 2313 5572 supplevimus
2362 5518 2430 5559 ex.
2466 5503 2690 5561 Irenaeo.

1197 5586 1253 5649 _q.
1308 5575 1397 5649 ed.
1465 5572 2022 5649 Μςεξιεει.-³⁸.ἐνερ

2125 5573 2744 5649 i_Cbr_ist.__Petersen,
2800 5578 2990 5649 δώρων
3058 5580 3131 5648 C,
3182 5582 3252 5637 M.
3332 5587 3375 5618 ³⁷
3425 5572 3695 5642 ἆκατανοξ

2789 5508 2834 5540 ³⁸
2871 5510 2898 5562 ὃ
2924 5512 3046 5566 add.
3105 5512 3176 5568 M.
3252 5514 3297 5546 ³⁵
3337 5514 3420 5570 Cf.
3448 5517 3590 5571 Iren.
3628 5518 3693 5576 C.

438 5642 658 5724 μάστων
679 5640 770 5724 C._
794 5642 861 5724 f’
899 5640 1140 5724 λαθρςως
1167 5640 1230 5696 (ἓξ
1295 5642 1350 5724 ,³⁸
1380 5641 1701 5724 μεταϐαλιξν
1729 5642 1789 5699 C.
1833 5642 1913 5724 Αξθ
1944 5640 2017 5724 ἐπ

2125 5643 2250 5724 ρίσῃ
2415 5644 2458 5675 “
2498 5640 2843 5724 μικρότερον.
2873 5640 3222 5724 παρῘ-ἐτέρου
3244 5654 3308 5721 C,
3344 5655 3414 5711 Μ.
3495 5658 3539 5689 δ’
3567 5640 3695 5716 Πῶς

437 5711 840 5800 iistlgin‘verbis
872 5711 1015 5800 apud
1044 5711 1186 5800 Iren.
1210 5728 1258 5765 c.
1288 5711 1418 5800 Ιιιιλέ.
1454 5713 1494 5800 ι,
1532 5712 1619 5778 15,
1740 5731 1792 5783 p.
1829 5713 1917 5800 6‘l.
1942 5713 2017 5800 ηδ

2125 5711 2467 5800 ξνέννοητοςέ
2499 5711 2832 5800 ἀνεννοήτος
2880 5711 3047 5800 C,:§i.
3203 5711 3342 5780 Iren.
3392 5734 3459 5800 _“
3485 5711 3693 5800 ὁμοίως

436 5778 515 5831 ἐν.
542 5776 813 5847 ὡμοίωσε.
885 5776 930 5814 δῖ
960 5780 1109 5836 Fort.
1137 5781 1446 5853 ἔμπροσθεν
1472 5776 1758 5852 ἐπιχρίσας
1793 5785 1906 5841 καὶ.
1940 5782 2014 5839 Μ.
2062 5856 2073 5859 _

2090 5756 2101 5834 ξ
2118 5756 2164 5817 δῖ
2176 5756 2351 5841 ’ἑὸὲἷῗ
2367 5756 2467 5841 ὶῖἶὲ
2498 5756 2920 5858 ἆέἷοῖᾊᾷἶξοᾷἶ
2930 5762 2943 5788 ’
2955 5756 3146 5860 tif-:33
3158 5756 3554 5869 ἰἱὶξῖρζτέροιῗῗ
