4084 6424
354 425 507 492 3259-
1254 465 1263 473 -
1442 429 1738 490 CONTRA
1776 429 2141 489 HuERESES
2171 432 2316 491 LIB.
2347 432 2448 495 VI.
3473 437 3614 501 3260

358 540 457 592 καὶ
488 535 827 607 ἐπαναχέων,
861 536 1227 608 ἀναλυομένου
1269 538 1310 567 ³⁷
1346 539 1440 592 τοῦ
1489 541 1783 613 φαρμάκου
1835 541 1940 595 ὑπὸ

1997 565 2014 612 ι
2047 553 2330 613 postquam
2368 542 2624 612 sublevit,
2664 543 2824 614 idque
2856 552 3108 615 tanquam
3137 546 3271 602 nihil
3296 547 3424 603 insit
3454 564 3610 605 mon-

358 632 461 698 τῆς
493 627 587 681 τοῦ
620 627 788 697 ὑγροῦ
815 628 1037 698 μίξεως,
1062 629 1213 692 ὄντος
1243 628 1521 698 φυσώδους
1547 672 1561 696 ,
1597 632 1939 705 πλεονασμὸς

2045 636 2259 700 stravit,
2292 643 2346 689 et
2387 633 2579 689 alludit
2605 650 2672 690 ex
2718 636 2928 690 minore
2959 646 3013 692 et
3049 654 3239 693 rursus
3271 639 3483 705 alludit,
3521 656 3610 695 re-

358 721 454 775 τοῦ
489 720 835 793 κεράσματος
872 722 1086 790 ἐγίνετο
1130 722 1224 776 καὶ
1263 723 1356 775 ἐπὶ
1387 723 1643 778 τοσοῦτον
1687 724 1938 797 ηὔξανεν,

2046 721 2222 776 soluto
2258 738 2355 792 per
2403 723 2683 778 misturam
2741 725 2951 779 humidi
3000 728 3397 784 medicamento
3428 738 3614 799 utpote

358 810 418 874 ἐς
461 810 585 864 ὅσον
630 812 1102 881 ἐπαναχυνόμενον
1151 813 1414 878 ἐκινεῖτο,
1467 814 1725 884 τοιαύτης
1772 814 1939 887 οὔσης

2043 813 2318 871 ﬂatuoso:
2370 814 2666 870 abundavit
2711 816 2939 871 mistura
2966 829 3022 871 et
3068 818 3120 873 in
3159 828 3365 873 tantum
3416 822 3613 884 erevit,

360 903 460 972 τῆς
486 901 578 955 τοῦ
613 902 904 972 φαρμάκου
942 902 1234 973 φύσεωςο,θ
1268 907 1317 958 εί
1340 905 1595 961 ἁπόθοιτό
1624 907 1670 939 ’⁸⁸
1691 925 1776 972 τις
1801 909 1938 979 πλη-

2046 907 2098 959 in
2121 916 2382 975 quantum
2415 906 2467 960 id
2500 907 2643 976 quod
2680 907 2914 963 aﬂ'usum
2945 918 3031 964 est
3061 910 3422 979 movebatur,
3466 928 3617 980 queo-

363 992 557 1063 ρωθὲν,
592 993 708 1063 μετ’
733 993 796 1046 οὑ
827 994 961 1048 πολὺ
997 997 1077 1058 εἰς
1104 994 1163 1073 τὸ
1196 995 1338 1050 κατά
1363 998 1522 1066 φύσιν
1552 999 1748 1069 μέτρον
1778 1001 1942 1055 πάλιν

2046 998 2190 1052 niam
2226 998 2328 1054 ista
2380 1008 2465 1054 est
2522 999 2905 1055 medicamenti
2950 1008 3163 1056 natura.
3210 1000 3365 1068 Quod
3402 1003 3445 1057 si
3492 1003 3617 1073 quis

360 1086 725 1156 τραπήσεται,
746 1086 847 1157 τῆς
869 1086 963 1140 τοῦ
987 1071 1281 1160 φαρμάκου
1308 1090 1591 1161 δυνάμεως
1621 1091 1942 1163 σϐεσθείσης

2044 1100 2291 1158 seponat,
2336 1107 2442 1148 non
2489 1092 2658 1147 multo
2690 1101 2812 1162 post
2852 1093 2906 1147 in
2947 1092 3249 1149 naturalem
3303 1109 3616 1149 mensuram

360 1180 427 1248 τῇ
452 1176 545 1231 τοῦ
579 1177 749 1249 ὑγροῦ
780 1183 1095 1251 παραμονῇ.
1130 1181 1221 1235 Διὸ
1257 1182 1395 1252 μετά
1425 1183 1661 1252 σπουδῆς
1690 1185 1804 1246 τοῖς
1838 1201 1944 1236 πα-

2046 1196 2233 1236 rursus
2259 1181 2449 1249 abibit,
2476 1183 2856 1238 medicamenti
2901 1184 2952 1237 vi
2981 1184 3249 1240 exstincta
3283 1185 3489 1239 humidi
3535 1201 3620 1240 re-

364 1266 519 1340 ροῦσι
549 1269 864 1339 προσεδίδου
903 1270 1096 1336 πίνειν,
1145 1273 1193 1325 οἱ
1236 1272 1294 1325 δὲ
1322 1271 1398 1334 ὡς
1432 1272 1575 1327 θεῖόν
1610 1292 1663 1327 τι
1711 1276 1804 1327 καὶ
1835 1275 1942 1346 θεῷ

2047 1271 2346 1327 mansione.
2391 1273 2515 1328 Ideo
2547 1282 2905 1345 properanter
2946 1275 3014 1331 iis
3038 1276 3127 1344 qui
3159 1275 3390 1331 aderant
3414 1275 3622 1346 praebe-

366 1361 805 1433 μεμελετημένον
830 1362 1149 1434 φρίσσοντες
1171 1363 1287 1434 ἅμα
1325 1366 1421 1418 καὶ
1458 1366 1780 1430 σπεύδοντες
1819 1352 1941 1421 ἔπι-

2047 1361 2135 1414 bat
2161 1373 2370 1430 potum,
2407 1364 2481 1417 illi
2505 1373 2682 1418 autem
2724 1374 2979 1434 tanquam
3007 1366 3250 1420 divinum
3277 1367 3535 1437 quiddam
3566 1376 3622 1422 et

362 1470 473 1507 vov.
2045 1451 2154 1507 Deo
2181 1456 2496 1510 meditatum
2524 1456 2810 1512 horrentes
2832 1458 2992 1513 simul
3009 1468 3063 1513 et
3083 1470 3308 1515 aventes
3335 1459 3613 1515 bibebant.

437 1543 515 1616 [μ.
552 1543 840 1617 201-205.]
857 1552 975 1620 μα’.
994 1547 1234 1601 Τοιαῦτα
1249 1547 1305 1601 δέ
1326 1549 1420 1602 καὶ
1442 1548 1607 1620 ἕτερα
1641 1549 1940 1621 ἐπεχείρει,

2114 1543 2460 1615 300-301
2519 1547 2609 1599 41.
2661 1546 2812 1601 Talia
2876 1562 3005 1602 vero
3059 1556 3113 1602 et
3166 1549 3270 1603 alia
3321 1550 3623 1604 conabatur

364 1640 395 1695 ὁ
421 1636 619 1701 πλάνος
644 1641 838 1691 ποιεῖν’
863 1638 943 1692 διὸ
974 1639 1079 1691 ὑπὸ
1098 1639 1207 1693 τῶν
1235 1641 1613 1712 ἀπατωμένων
1639 1641 1941 1707 ἐδοξάζετο,

2043 1636 2408 1707 prwstigiatnr
2442 1636 2531 1690 ille
2581 1637 2781 1704 facere,
2823 1650 3155 1710 quapropter
3190 1640 3241 1694 in
3268 1652 3463 1694 eorum
3486 1654 3630 1710 quos

365 1730 460 1781 καὶ
508 1730 639 1781 ποτὲ
666 1729 711 1761 ⁸⁸
749 1730 913 1793 αὐτὸς
951 1730 1234 1801 ἐνομίζετο
1268 1733 1656 1803 προφητεύειν,
1704 1734 1835 1787 ποτὲ
1884 1735 1941 1788 δὲ

2042 1726 2252 1795 decepit
2287 1726 2652 1782 admiratione
2685 1739 2823 1795 erat,
2867 1739 2922 1784 et
2951 1731 3242 1801 aliquando
3287 1731 3402 1799 ipse
3434 1725 3625 1787 crede--

366 1821 460 1874 καὶ
489 1821 704 1891 ἐτέρους
736 1823 944 1886 ἐποίει,
982 1824 1070 1877 ὅτε
1111 1825 1208 1894 μὲν
1240 1826 1330 1878 καὶ
1358 1826 1445 1878 διὰ
1469 1826 1740 1897 δαιμόνων
1771 1826 1943 1881 ταῦτα

2046 1819 2207 1873 batur
2251 1819 2558 1883 vaticinari,
2618 1820 2908 1889 aliquando
2959 1830 3137 1875 autem
3183 1831 3239 1875 et
3284 1820 3419 1875 alios
3463 1820 3623 1876 insti-

366 1911 628 1982 ἐνεργῶν,
674 1912 765 1966 ὅτε
812 1913 867 1965 δέ
918 1914 1013 1967 καὶ
1065 1914 1330 1980 κυϐεύων,
1392 1914 1405 1985 |
1474 1916 1548 1978 ώς
1587 1916 1941 1987 προείπομεν.

2011 1908 2256 1977 ituebat,
2325 1927 2447 1965 cum
2506 1920 2617 1966 tum
2671 1927 2766 1980 per
2812 1913 3084 1968 dremoues
3137 1914 3250 1968 haec
3315 1912 3624 1981 peragebat,

366 2002 602 2066 Πολλοὺς
632 2004 679 2036 ⁸ο
709 2004 886 2059 τοίνυν
914 2004 1266 2076 ἐξαφανίσας,
1290 2008 1385 2060 καὶ
1416 2007 1642 2072 πολλοὺς
1671 2007 1946 2073 τοιούτους

2052 2015 2163 2057 tum
2218 2018 2347 2057 vero
2398 2012 2452 2057 et
2500 2003 2812 2073 prmstigiis,
2882 2014 2938 2058 ut
2999 2004 3368 2073 praediximus.
3432 2003 3626 2059 Multos

371 2094 620 2165 μαθητὰς
686 2096 850 2149 αύτοῦ
903 2098 1230 2167 γενομένους
1281 2098 1642 2169 προεϐίϐασεν
1690 2099 1948 2165 εὐκόλους

2050 2094 2232 2163 igitur,
2267 2109 2406 2163 quos
2434 2094 2742 2165 deceperat,
2772 2096 3081 2166 multosque
3102 2097 3193 2166 qui
3215 2096 3350 2152 tales
3374 2096 3625 2166 discipuli

371 2185 470 2256 μὲν
502 2182 643 2239 εἶναι
685 2186 900 2251 διδάξας
932 2188 1068 2259 πρὸς
1114 2188 1174 2242 τὸ
1217 2189 1576 2261 ἁμαρτάνειν,
1630 2191 1948 2256 ἀκινδύνους

2049 2187 2167 2256 ejus
2210 2187 2563 2252 exstiterunt,
2609 2189 2962 2257 promovebat
2991 2203 3194 2259 pronos
3243 2203 3365 2245 esse
3398 2189 3466 2243 ad
3500 2203 3628 2258 pec-

366 2280 424 2334 δὲ
456 2279 544 2333 διὰ
574 2280 635 2333 τὸ
657 2276 792 2334 εἶναι
814 2280 858 2312 ⁸¹
891 2279 992 2350 τῆς
1022 2280 1236 2344 τελείας
1265 2282 1545 2354 δυνάμεως
1571 2284 1667 2336 καὶ
1702 2284 1951 2354 μετέχειν

2049 2278 2280 2333 candum
2326 2279 2581 2343 edocens,
2637 2280 2910 2335 immunes
2959 2289 3139 2336 autem
3193 2280 3442 2351 periculi,
3498 2281 3624 2350 quia

366 2372 468 2441 τῆς
496 2370 813 2441 ἀνεννοήτου
851 2348 1098 2435 ἐξουσίας
1118 2388 1133 2403 ο
1171 2365 1253 2435 οἷς
1281 2348 1377 2425 καῖ
1404 2348 1546 2441 μετά
1569 2371 1633 2425 τὸ
1664 2348 1948 2443 βάπτισμα

2048 2370 2434 2440 proﬁterentur
2465 2369 2756 2440 perfectam
2809 2373 3062 2428 virtutem
3101 2380 3157 2427 et
3194 2348 3625 2443 participes—es-

367 2459 556 2531 ἕτερον
601 2459 1058 2530 ἐπαγγέλλονται,
1111 2461 1140 2515 ὃ
1193 2461 1445 2517 καλοῦσιν
1504 2463 1947 2532 ἀπολύτρωσιν,

2050 2471 2172 2518 seut
2228 2463 2796 2534 incomprehensibilis
2842 2466 3148 2535 potestatis.
3200 2464 3409 2532 Quibus
3461 2462 3624 2519 etiam

370 2555 466 2606 καὶ
483 2554 540 2606 ἐν
570 2551 744 2623 τούτῳ
769 2552 1203 2623 ἀναστρέφοντες
1236 2553 1423 2618 κακῶς
1451 2555 1577 2618 τοὺς
1617 2554 1800 2617 αὐτοῖς
1840 2571 1950 2609 πα-

2051 2563 2172 2623 post
2218 2554 2545 2625 baptismum
2582 2554 2810 2611 alterum
2846 2556 3191 2626 pollicentur,
3222 2570 3385 2626 quam
3430 2562 3630 2609 vocant

373 2645 704 2716 ραμένοντας
736 2644 823 2697 ἐπ’
852 2644 1028 2698 ἐλπίδι
1064 2646 1162 2716 τῆς
1190 2645 1644 2716 ἀπολυτρώσεως,
1675 2646 1752 2710 ὡς
1774 2647 1818 2680 ⁸¹
1857 2647 1949 2702 δυ-

2053 2644 2476 2715 redemptionem,
2505 2654 2559 2701 et
2584 2646 2639 2702 in
2666 2648 2768 2703 hoc
2789 2647 2929 2704 male
2956 2657 3367 2718 corrumpentes
3397 2661 3513 2713 eos,
3536 2645 3627 2716 qui

369 2737 639 2807 ναμένους
688 2737 826 2807 μετά
856 2737 919 2791 τὸ
946 2737 1095 2804 ἅπαξ
1141 2737 1538 2809 βαπτισθέντας
1577 2739 1741 2797 πάλιν
1770 2740 1817 2777 ⁸³
1854 2757 1952 2794 τυ-

2053 2736 2192 2806 apud
2244 2750 2303 2791 se
2357 2747 2736 2793 remanserunt
2781 2753 2877 2808 spe
2922 2739 3327 2809 redemptionis,
3375 2746 3627 2809 tanquam

369 2830 486 2898 χεῖν
531 2828 799 2897 ἀφέσεως,
851 2827 941 2882 διά
986 2827 1080 2882 τοῦ
1105 2830 1152 2862 ⁵⁸
1198 2828 1442 2889 τοιούτου
1489 2832 1951 2903 πανουργήματος

2053 2828 2144 2897 qui
2178 2827 2350 2883 semel
2381 2828 2646 2898 baptizati
2677 2829 2731 2885 in
2756 2828 3041 2901 peccatum
3075 2832 3273 2901 relapsi
3303 2832 3480 2888 denuo
3508 2845 3631 2901 pos-

372 2917 617 2988 συνέχειν
645 2916 861 2988 δοκοῦσι
893 2918 1019 2982 τοὺς
1049 2920 1323 2989 ἀκροατὰς
1343 2961 1356 2985 ,
1388 2919 1478 2984 οὓς
1515 2921 1653 2974 ἐπὰν
1687 2923 1952 2993 νομίσωσι

2052 2921 2165 2974 sint
2196 2920 2399 2976 absolvi
2441 2939 2455 2975 :
2492 2922 2584 2976 tali
2645 2922 2837 2978 fraude
2897 2923 3127 2979 attinere
3177 2922 3431 2979 videntur
3478 2923 3631 2977 audi-

369 3008 755 3079 δεδοκιμάσθαι
786 3009 881 3062 καὶ
907 3008 1168 3063 δύνασθαι
1212 3010 1510 3080 φυλάσσειν
1545 3010 1739 3075 αὐτοῖς
1759 3010 1831 3064 τὰ
1862 3027 1952 3064 πις

2056 3021 2199 3064 tores
2258 3025 2408 3077 suos,
2456 3027 2596 3081 quos
2649 3011 2741 3067 ubi
2800 3014 3144 3068 arbitrantur
3195 3015 3453 3084 probatos
3509 3027 3632 3070 esse

373 3101 500 3167 στά,
525 3102 645 3156 τότε
676 3102 771 3155 ἐπὶ
799 3101 957 3156 τοῦτο
972 3103 1173 3172 ,ἄγουσι
1203 3103 1336 3173 μηδὲ
1361 3102 1535 3173 τούτῳ
1564 3103 1710 3175 μόνῳ
1749 3102 1951 3174 ἀρκού-

2054 3116 2323 3172 posseque
2356 3102 2488 3172 ipsis
2538 3118 2737 3158 arcana
2792 3118 2889 3158 sua
2930 3104 3232 3169 custodire,
3262 3114 3373 3175 tum
3424 3119 3489 3160 eo
3537 3103 3632 3158 ad-

375 3209 550 3264 μενοι,
579 3192 718 3247 ἀλλά
742 3193 834 3247 καὶ
872 3170 1059 3263 ἕτερόν
1084 3198 1144 3246 τι
1166 3170 1628 3265 ἐπαγγελλόμενοι
1656 3170 1702 3227 δί’
1731 3170 1868 3297 πρὸς
1892 3194 1952 3248 τὸ
1981 3249 1988 3292 1

2017 3245 2019 3261 γ
2054 3170 2282 3258 ducunt,
2312 3170 2458 3247 etne
2483 3193 2536 3249 in
2561 3209 2628 3249 eo
2648 3195 2866 3265 quidem
2889 3170 3444 3264 acquiescenles,‘sed
3467 3196 3630 3251 etiam

375 3284 703 3354 συγκρατεῖν
734 3285 931 3346 αὐτοὺς
969 3287 1036 3357 τῇ
1076 3284 1284 3351 ἐλπίδι,
1316 3287 1464 3349 ὅπως
1504 3287 1797 3359 ἀχώριστοι
1825 3282 1949 3342 ὦσι.
1982 3282 1988 3292 ’

2018 3282 2022 3294 ’
2058 3284 2198 3339 aliud
2223 3286 2476 3353 quiddam
2510 3285 2827 3355 pollicentes
2871 3288 2937 3342 ad
2983 3287 3104 3343 illos
3146 3302 3242 3359 spe
3291 3288 3631 3353 mulcendas,

371 3376 607 3445 Λέγουσι
636 3378 744 3447 γάρ
769 3395 822 3429 τι
853 3380 1004 3448 φωνῇ
1036 3378 1290 3450 ἀρρήτῳ,
1320 3379 1653 3442 ἐπιτιθέντες
1691 3383 1850 3451 χεῖρα
1879 3381 1955 3451 τῷ

2058 3383 2117 3429 ιιι
2149 3377 2202 3430 in
2233 3387 2551 3446 perpetuum
2611 3376 2936 3432 vinciantur.
2993 3377 3315 3448 Loquuntur
3355 3380 3500 3434 enim
3534 3377 3634 3433 ali-

370 3466 471 3537 τὴν
500 3467 876 3538 ἀπολύτρωσιν
904 3468 1146 3537 λαϐόντι,
1189 3469 1217 3523 ὃ
1256 3473 1560 3540 φάσκουσιν
1585 3471 1821 3536 ἐξειπεῖν
1862 3472 1955 3524 εύ-

2057 3468 2184 3537 quid
2216 3483 2347 3523 voce
2386 3483 2587 3523 arcana
2623 3484 2783 3523 manu
2813 3469 3064 3539 imposita
3095 3471 3145 3524 ei
3179 3470 3274 3540 qui
3306 3470 3634 3539 redemptio-

373 3557 546 3622 κόλως
585 3559 658 3629 μὴ
704 3557 1000 3627 δύνασθαι,
1032 3562 1081 3614 εί
1117 3562 1190 3633 μή
1233 3579 1318 3625 τις
1352 3563 1436 3634 εἴη
1484 3563 1885 3634 ὑπερδόκιμος,
1922 3562 1955 3634 ἢ

2059 3576 2179 3615 nem
2201 3561 2434 3631 accepit,
2461 3561 2602 3631 quod
2626 3561 2779 3616 aiunt
2807 3577 2865 3617 se
2895 3561 3052 3617 facile
3088 3562 3270 3632 eloqui
3312 3577 3419 3618 non
3454 3577 3633 3634 posse,

372 3650 461 3703 ὅτε
507 3650 734 3722 τελευτᾷ
776 3652 910 3720 πρὸς
941 3652 1002 3706 τὸ
1041 3648 1135 3716 οὖς
1176 3653 1349 3707 ἐλθὼν
1387 3655 1535 3723 λέγει
1566 3656 1593 3708 ὁ
1635 3656 1953 3718 ἐπίσκοπος.

2058 3653 2160 3707 nisi
2190 3653 2234 3707 si
2259 3653 2381 3722 quis
2433 3653 2507 3708 sit
2555 3653 2925 3723 maximopere
2979 3653 3261 3725 probatus,
3292 3663 3386 3710 aut
3418 3656 3634 3724 quando

375 3740 487 3794 Καὶ
521 3741 678 3795 τοῦτο
708 3742 765 3795 δὲ
799 3744 1166 3816 πανούργημα
1206 3746 1345 3817 πρὸς
1390 3745 1451 3798 τὸ
1493 3745 1587 3798 ἀεὶ
1621 3746 1957 3818 παραμένειν

2062 3745 2343 3813 moriatur,
2374 3746 2426 3798 in
2468 3760 2651 3800 aurem
2705 3747 3012 3803 insusurret
3072 3747 3380 3820 episcopus.
3424 3745 3490 3801 Et
3520 3748 3638 3802 haec

372 3834 507 3896 10b;
548 3833 797 3905 μαθητὰς
830 3835 907 3905 τῷ
940 3835 1246 3907 ὲπισκόπῳ,
1280 3836 1638 3906 γλιχομένους
1670 3838 1861 3907 μαθεῖν
1900 3838 1958 3891 τὸ

2059 3850 2188 3890 vero
2220 3835 2369 3889 fraus
2413 3850 2478 3890 eo
2516 3845 2746 3905 Spectat,
2796 3847 2855 3892 ut
2885 3847 3147 3908 perpetuo
3189 3846 3509 3895 remaneant
3552 3839 3640 3893 di-

373 3925 427 3978 τί
477 3943 608 3980 ποτε
649 3926 733 3997 εἴη
781 3926 940 3980 τοῦτο
1005 3927 1092 3980 ἐπ’
1131 3927 1375 3997 ἐσχάτων
1424 3926 1741 3997 λεγόμενον,
1789 3928 1857 3981 δι’
1895 3923 1958 3984 οὗ

2058 3928 2251 3996 scipuli
2283 3928 2423 3997 apud
2467 3928 2803 3998 episcopum,
2839 3940 3063 3984 aventes
3090 3931 3488 4000 discere,-quid
3514 3941 3635 3985 tan-

378 4017 532 4091 [τῶν]
565 4020 610 4051 ⁵⁸
639 4020 861 4073 τελείων
904 4020 1060 4073 ἔσται
1093 4021 1120 4073 ὁ
1158 4019 1463 4091 μανθάνων·
1504 4018 1540 4072 ἀ
1566 4019 1760 4071 τούτου
1800 4019 1959 4090 χάριν

2061 4022 2180 4073 dem
2213 4019 2285 4073 sit
2319 4018 2448 4072 illud
2486 4021 2626 4089 quod
2681 4020 2734 4074 in
2775 4030 3019 4075 extremo
3062 4022 3344 4092 prodatbr,
3371 4038 3479 4093 quo
3513 4038 3641 4093 per-

375 4108 682 4180 ἐσιώπησα,
718 4113 793 4181 μή
828 4110 959 4163 ποτέ
993 4128 1078 4174 τις
1121 4107 1546 4180 κακοηθίζεσθαί
1571 4109 1614 4140 ³⁷
1659 4125 1728 4180 με
1762 4110 1959 4173 αὐτοὺς

2061 4120 2217 4179 cepto
2252 4110 2303 4164 in
2338 4110 2582 4165 ordinem
2620 4111 2987 4181 perfectorum
3023 4113 3285 4168 evehatur
3310 4114 3638 4183 discipulus.

375 4203 608 4276 νομίσῃ,
637 4204 732 4256 καὶ
762 4204 870 4274 γὰρ
903 4204 963 4256 ού
994 4202 1155 4256 τοῦτο
1179 4204 1309 4275 ἡμῖν
1337 4203 1656 4275 πρόκειται,
1692 4201 1807 4255 ἀλλ’
1836 4202 1869 4273 ἢ
1900 4201 1962 4255 τὸ

2063 4201 2193 4266 Quae
2215 4216 2335 4255 eam
2362 4202 2433 4256 ob
2459 4217 2681 4257 causam
2733 4203 2966 4270 tramisi,
2997 4219 3064 4259 ne
3098 4205 3220 4274 quis
3265 4220 3353 4260 me
3394 4206 3499 4261 illis
3539 4209 3641 4261 oh-

376 4294 580 4361 δεῖξαι,
612 4295 734 4350 ὅθεν
754 4296 851 4360 τὰς
878 4295 1134 4367 ἀφορμὰς
1160 4295 1415 4359 λαϐόντες
1440 4296 1622 4358 αὐτοῖς
1644 4294 1711 4348 τὰ
1738 4294 1963 4363 δόξαντα

2092 4300 2302 4346 rectare
2328 4291 2663 4360 arbitretur;
2694 4293 2893 4347 etenim
2939 4309 3044 4348 non
3093 4294 3198 4350 hoc
3245 4294 3401 4351 nobis
3443 4310 3642 4365 propo-

379 4386 747 4459 ἐνεστήσαντο
775 4388 842 4441 ⁵⁸.

2065 4385 2226 4438 situm
2282 4395 2385 4451 est,
2436 4394 2797 4455 praeterquam
2851 4387 3156 4455 ostendere,
3214 4388 3359 4444 unde
3416 4387 3640 4458 proiecti

2066 4476 2269 4546 placita
2293 4492 2388 4531 sua
2417 4477 2780 4532 condiderint.

446 4568 549 4639 λβ¹.
586 4569 699 4622 Καὶ
741 4567 849 4637 γάρ
882 4567 979 4620 καὶ
1006 4568 1034 4619 ὁ
1068 4567 1336 4638 μακάριος
1378 4566 1748 4639 πρεσϐύτερος
1790 4567 1958 4638 Εἰρη-

2141 4566 2233 4621 42.
2259 4567 2469 4623 Etenim
2515 4578 2569 4622 et
2603 4568 2795 4622 beatus
2818 4570 3126 4639 presbyter
3154 4568 3390 4627 lrenaeus
3423 4570 3644 4627 liberius

384 4667 527 4725 ναῖος
572 4658 1037 4731 παρῤησιαίτερον
1084 4656 1163 4728 τῷ
1199 4658 1407 4728 ἐλέγχῳ
1451 4657 1836 4729 προσενεχθεὶς
1889 4657 1960 4712 τὰ

2033 4667 2368 4729 tcoarguere
2414 4658 2534 4715 illos
2580 4674 2867 4730 aggressus
2925 4659 3060 4715 tales
3108 4661 3408 4717 lavationes
3445 4671 3500 4717 et
3559 4678 3646 4718 re-

382 4757 602 4811 τοιαῦτα
628 4753 908 4822 λούσματα
937 4750 1032 4804 καὶ
1052 4747 1455 4820 ἀπολυτρώσεις
1476 4749 1688 4816 ἐξέθετο
1710 4750 1777 4817 ε’,
1802 4750 1958 4822 ἀδρο-

2072 4751 2417 4821 demptiones
2450 4752 2721 4820 exposuit,
2771 4753 2946 4821 magis
2992 4753 3226 4808 strictim
3260 4753 3507 4810 elocutus
3530 4770 3645 4825 qua

384 4851 713 4921 μερέστερον
741 4842 909 4898 εἰπὼν
952 4841 990 4895 ὃ.
1034 4841 1392 4913 πράσσουσιν,
1432 4835 1514 4903 οἷς
1552 4841 1868 4910 ἐντυχόντες
1909 4842 1954 4872 σο

2064 4851 2302 4911 patrant,
2359 4843 2710 4911 quibuscum
2755 4841 3076 4897 incidissent
3129 4842 3370 4897 nonnulli
3428 4856 3640 4909 eorum,

377 4942 524 5004 τινὲς
559 4938 738 4995 αὐτῶν
785 4938 956 5008 ἦρνην
987 4935 998 5004 ε
1027 4950 1119 4985 ται
1171 4930 1344 4994 οὕτως
1388 4931 1824 5002 παρειληφέναι,
1870 4931 1957 4984 ἀεὶ

2065 4931 2289 4986 inliciati
2332 4940 2459 4987 sunt
2488 4932 2560 4986 ita
2593 4946 2716 4986 esse
2755 4933 3049 5003 recepisse,
3077 4933 3278 5003 quippe
3307 4932 3398 5003 qui
3427 4947 3643 5003 semper

379 5030 661 5102 ἀρνεῖσθαι
696 5028 1077 5099 μανθάνοντες.
1106 5025 1197 5076 Διὸ
1240 5022 1462 5093 φροντὶς
1504 5022 1637 5092 ἡμῖν
1665 5022 1956 5092 γεγένηται

2063 5025 2361 5078 doceantur
2420 5022 2673 5079 inliciari.
2714 5022 3074 5089 Quamobrem
3131 5023 3285 5078 nobis
3315 5024 3508 5079 oborta
3559 5037 3645 5086 est

379 5122 767 5195 ἀκριϐέστερον
789 5117 1119 5189 ἐπιζητῆσαι
1148 5116 1243 5170 καὶ
1278 5115 1529 5187 ἀνευρεῖν
1561 5114 1918 5188 λεπτομερῶς
1937 5154 1953 5179 ,

2063 5131 2192 5170 cura
2232 5118 2540 5172 accuratius
2602 5116 2960 5184 investigandi
3007 5126 3063 5171 et
3109 5116 3398 5187 indagandi
3458 5117 3644 5188 singu-

378 5212 417 5268 ἃ.
440 5214 533 5267 καὶ
561 5215 619 5267 ἐν
646 5209 726 5282 τῷ
751 5208 955 5281 πρώτῳ
990 5205 1203 5277 λουτρῷ
1234 5204 1628 5276 παραδιδόασι,
1662 5204 1724 5259 τὸ
1746 5204 1958 5259 τοιοῦτο

2064 5206 2234 5273 latim,
2270 5222 2393 5277 qua:
2432 5218 2484 5261 et
2537 5208 2589 5261 in
2649 5210 2822 5277 primo
2853 5209 3071 5262 lavacro
3110 5208 3347 5274 tradunt,
3378 5208 3516 5276 quod
3570 5208 3641 5263 ita

1662 5381 1898 5439 VARI/ﬁ
1935 5380 2338 5439 LECTIONES.

457 5554 502 5588 ⁵⁷
540 5552 906 5633 ἀναλυομένου
939 5548 1238 5633 Βιιςβθνυε.
1260 5546 1625 5633 ἀναδυομένρυ
1656 5545 1812 5633 (1,.Μ.
1890 5544 1936 5577 ’⁵⁸
1956 5544 2247 5633 ,ἀπὀίθοιτο
2274 5543 2336 5599 C.
2374 5543 2420 5633 ξ’
2458 5544 2771 5633 agnamve
2793 5544 2893 5633 μὲν
2916 5545 2987 5633 hi.
3067 5547 3360 5633 σλῃπολιάί
3387 5548 3449 5601 C.
3527 5538 3674 5633 11.1?)

390 5623 618 5694 κυρίους
650 5613 789 5697 εἶναι
809 5613 1300 5697 _susp._.ltoepe‘ru.s.
1369 5613 1907 5697 f'jmlurptboemc:
1936 5614 2014 5697 ᾡς
2038 5615 2354 5697 ῌοξρςςυῆ
2361 5613 2805 5697 ἀπολυτρώσεως
2828 5617 2892 5697 (ξ,
2931 5616 3032 5697 Μ..
3082 5617 3138 5697 ’ξ
3157 5615 3305 5697 Fort.
3333 5617 3661 5697 βαπτισθέν-

394 5683 493 5756 τας
535 5683 722 5746 πεσεῖν
750 5683 931 5755 πάλιν,
964 5689 1034 5745 Μ.
1112 5683 1157 5719 ⁸⁸
1184 5688 1272 5740 διὰ
1304 5687 1402 5741 τοῦ
1423 5683 1722 5754 Βορρετιῐε,
1748 5686 1843 5739 καὶ
1873 5683 1962 5738 διὰ
1983 5683 2170 5756 τοῦ-Ο,
2194 5683 2265 5737 Μ.
2334 5683 2379 5756 '_"
2400 5683 2913 5756 énqyfelépevoqc.
2988 5687 3035 5719 “
3067 5685 3174 5740 τῶν
3195 5683 3420 5742 addfM.
3495 5688 3539 5720 ⁸⁷
3560 5705 3661 5741 κα-

401 5750 784 5832 κοήθείζεσθαι
812 5762 874 5814 C.
918 5750 926 5755 ’
951 5760 998 5791 ⁸⁸
1030 5759 1430 5828 συνεστήσαντο
1455 5750 1609 5825 susp:
1637 5756 1941 5825 Roeperus.
2013 5756 2058 5788 ⁵⁸
2086 5754 2225 5809 lren.
2267 5769 2312 5807 ε.
2339 5753 2469 5809 liter.
2494 5750 2536 5821 1,
2561 5750 2655 5810 21.
2679 5750 2778 5788 ³⁶⁰
2801 5750 2882 5821 οἷς
2911 5757 3245 5828 ἐντυχόντες.
3275 5759 3323 5812 οἱ
3346 5758 3656 5829 ἐντυχόντες

401 5834 464 5886 C.
504 5831 577 5886 Μ.
603 5834 693 5886 nui
715 5831 761 5882 εί
793 5830 887 5883 καὶ
915 5839 1039 5886 post
1069 5831 1178 5882 ἐντ.
1214 5827 1556 5883 inserendum
1591 5836 1800 5883 censet.

400 5834 464 5890 (Σ.
504 5831 577 5888 Μ.
603 5834 693 5903 qui
715 5831 761 5882 εί
793 5831 887 5883 καὶ
915 5839 1039 5899 post
1069 5831 1178 5882 ἐντ.
1214 5831 1556 5883 inserendum
1591 5836 1800 5883 censet.
