4114 6420
370 357 517 419 32119

1459 362 1756 425 CONTRA
1801 366 2182 433 H_:ERESES.
2208 371 2354 435 LIB.
2396 375 2534 437 VII.

3498 386 3637 449 3300

368 466 578 518 τούτων
610 464 986 538 παραπλήσια.
1025 466 1241 521 Τούτων
1289 468 1350 521 δὲ.
1394 468 1453 521 ἓν
1491 472 1624 524 αὐτὸ
1659 472 1783 526 καθ’
1811 474 1947 526 αὐτὸ

2062 477 2302 544 .lieimur,
2333 490 2391 533 ut
2424 482 2556 545 albi,
2590 484 2759 548 caesii,
2789 485 2948 556 nigri,
2976 485 3130 554 justi,
3161 489 3370 561 injusti,
3405 491 3636 544 modesti

370 554 634 610 ἀδύνατόν
656 557 699 589 ⁶¹
727 558 842 612 ἐστι
888 560 1160 630 γενέσθαι,
1207 561 1349 615 ἀλλά
1398 562 1479 614 δεῖ
1529 563 1587 616 ἕν
1629 582 1735 618 τινι
1785 561 1946 620 εἶναι.

372 648 434 701 El
463 648 522 701 δὲ
553 645 678 701 οὔτε
708 650 769 702 τὸ
805 650 962 716 ζῶον,
1001 651 1029 704 δ
1073 653 1215 706 κατά
1247 653 1465 707 πάντων
1508 654 1652 723 λέγω
1682 654 1792 710 τῶν
1825 656 1947 710 καθ’

368 741 578 794 ἕκαστα
612 740 791 806 ζώων,
828 740 950 796 οὔτε
994 744 1062 797 τὰ
1095 745 1139 776 ⁸⁸
1173 745 1583 817 συμϐεϐηκότα,
1622 747 1660 809 ἀ
1691 749 1749 800 ὲν
1786 750 1962 802 πᾶσιν.

372 827 456 897 οἷς
489 833 836 906 συμϐέϐηκεν
876 836 1210 907 εὑρίσκεται,
1238 839 1461 901 δυνατὸν
1488 842 1626 896 αὐτὰ
1654 843 1779 900 καθῗ
1813 844 1954 898 αὑτά
2004 852 2011 861 ”

369 924 645 993 γενέσθαι,
678 928 741 985 ὲκ
785 925 987 980 τούτων
1015 928 1072 985 δὲ
1100 930 1516 1000 συμπληροῦται
1547 933 1616 986 τὰ
1651 934 1852 1004 ἄτομα,
1876 938 1942 988 ὲκ

372 1015 482 1069 τῶν
514 1017 559 1048 ⁸⁸
589 1017 690 1071 οὐκ
737 1018 907 1075 ὄντων
938 1018 1273 1091 καθέστηκεν
1304 1019 1350 1051 ⁸⁸⁵
1395 1024 1428 1093 ἡ
1480 1023 1642 1093 τριχῆ
1664 1023 1708 1055 ⁸⁸
1766 1023 1954 1095 διῃρηο

377 1108 512 1183 μένη
544 1108 702 1162 οὐσία
723 1110 821 1163 οὐκ
850 1111 908 1177 ἐξ
933 1111 1108 1167 ἄλλων
1132 1114 1466 1168 συνεστῶσα.
1505 1115 1743 1186 Πρώτως
1766 1116 1812 1148 ⁸⁸
1844 1117 1957 1186 ἄρα

375 1202 470 1259 καὶ
518 1201 831 1273 κυριώτατα
858 1202 902 1235 ⁸⁷
954 1204 1049 1257 καὶ
1112 1205 1348 1275 μάλιστα
1388 1207 1655 1278 λεγομένη
1706 1207 1863 1261 οὐσία
1905 1209 1955 1261 εί

376 1294 442 1344 ὲκ
463 1292 510 1323 ⁸⁸
542 1291 748 1346 τούτων
790 1293 1047 1365 ὑπάρχει,
1077 1294 1137 1359 ἐξ
1169 1296 1269 1349 οὐκ
1300 1295 1470 1350 ὅντων
1499 1296 1642 1358 κατὰ
1670 1296 1762 1351 τδν
1801 1297 1961 1369 Ἀρι-ι

380 1381 638 1455 στοτέλην
669 1383 841 1447 ἐστίν.

452 1649 532 1705 ιϐ’.
586 1651 747 1707 Ἀλλά
791 1652 920 1726 περῖ
955 1652 1053 1725 μὲν
1084 1654 1183 1724 τῆς
1214 1653 1401 1717 οὐσίας
1429 1654 1655 1727 ἀρκέσει
1684 1654 1754 1709 τὰ
1783 1655 1943 1726 λεγό-

382 1760 516 1812 μενα
546 1742 657 1797 νῦν.
682 1744 757 1798 Οὐ
782 1744 940 1815 μόνον
970 1745 1077 1815 δὲή
1102 1744 1260 1798 οὐσία
1288 1745 1535 1799 καλεῖται
1575 1748 1729 1816 γένος
1758 1748 1803 1779 ⁸⁸
1823 1787 1840 1814 ,
1874 1744 1954 1801 εί-
1990 1750 1995 1753 “

377 1834 466 1897 δος
487 1874 502 1899 ,
535 1834 738 1905 ἄτομον
758 1875 772 1899 ,
804 1836 939 1891 ἀλλά
969 1837 1063 1891 καὶ
1090 1836 1191 1910 ὕλη
1228 1838 1321 1892 καὶ
1348 1832 1491 1900 εἶδος
1538 1838 1631 1891 καὶ
1663 1838 1946 1910 στέρησις.
1983 1828 2026 1883 Β

380 1927 634 1998 Διαφέρει
656 1928 774 1981 τοδε
795 1929 1005 1983 οὐδὲν·η
1033 1932 1089 1984 ὲν
1114 1929 1326 1994 τούτοις
1357 1929 1624 2003 μενούσης
1644 1932 1744 2001 τῆς
1762 1935 1957 2003 τομῆς.

380 2020 650 2092 Τοιαύτης
680 2020 737 2075 δὲ
774 2019 950 2094 οὔσης
992 2024 1091 2095 τῆς
1120 2024 1329 2089 οὐσίας,
1360 2022 1506 2079 ἔστιν
1540 2027 1573 2095 ἡ
1625 2023 1718 2078 τοῦ
1753 2025 1959 2096 κόσμου

378 2111 617 2181 διαταγὴ
650 2115 994 2187 γεγενημένη
1044 2116 1165 2169 κατ’
1199 2116 1363 2173 αὐτὸν
1408 2115 1649 2169 τοιοῦτόν
1678 2134 1798 2170 τινα
1839 2117 1963 2189 τρότ

380 2221 498 2259 πον.
553 2206 610 2259 'U
640 2207 843 2275 κόσμος
874 2208 992 2262 ἐστὶ
1038 2208 1181 2262 κατά
1220 2208 1598 2280 Ἀριστοτέλην
1636 2209 1961 2281 διῃρημένκ

380 2300 459 2361 είς
508 2298 649 2370 μέρη
703 2299 923 2355 πλείονα
973 2300 1070 2355 καὶ
1118 2300 1414 2374 [διάφορα·
1465 2303 1580 2376 καὶ]
1621 2305 1668 2336 ⁷³
1701 2304 1820 2357 ἐστι
1865 2303 1959 2358 τοῦ

380 2390 588 2461 κόσμου
626 2391 792 2462 μέρος
829 2392 996 2459 τοῦθ’,
1036 2396 1171 2467 ὅπερ
1201 2396 1349 2449 ἐστὶν
1383 2397 1491 2450 ἀπὸ
1531 2398 1632 2469 τῆς
1658 2398 1763 2468 γῆς
1799 2398 1961 2468 μέχρι

380 2483 480 2554 τῆς
512 2482 773 2555 σελήνηςξ,
806 2487 1160 2558 ἀπρονόητον,
1196 2488 1587 2560 ἀκυϐέρνητον,
1623 2489 1963 2561 ἀρκούμενον

385 2577 525 2648 μόνῃ
553 2579 621 2646 τῇ
670 2576 831 2646 φύσει
866 2580 931 2648 τῇ
968 2578 1161 2632 ἑαυτοῦ
1183 2580 1287 2643 ,τὸ
1332 2580 1389 2633 δὲ
1426 2581 1565 2651 μετά
1601 2580 1699 2651 τὴν
1732 2582 1961 2652 σελήνην

383 2669 442 2722 ὲν
488 2668 640 2739 πάσῃ
669 2668 818 2734 τάξει
854 2671 947 2724 καὶ
985 2671 1215 2743 προνοίᾳ
1251 2671 1350 2724 καλ⁹
1395 2672 1724 2745 κυϐερνήσει
1762 2690 1960 2741 τεταγ-

388 2762 547 2830 μένον
576 2762 644 2826 ⁷³,
693 2761 859 2832 μέχρι
897 2764 994 2832 τῆς
1027 2763 1353 2831 ἐπιφανείας
1395 2763 1491 2816 τοῦ
1536 2763 1769 2834 οὐρανοῦ
1792 2782 1805 2796 ο
1838 2766 1871 2834 ἡ
1905 2764 1962 2817 δὲ

385 2854 697 2924 ἐπιφάνεια,
746 2855 971 2926 πέμπτη
997 2873 1080 2918 τις
1109 2854 1185 2927 [p.
1219 2857 1326 2910 2‘28
1346 2898 1361 2923 ,
1387 2855 1541 2929 229.]
1578 2855 1719 2910 οὖσα
1764 2857 1919 2910 οὐσία
1944 2896 1961 2921 ,

388 2945 637 3015 φυσικῶν
675 2944 1077 3017 ἀπηλλαγμένη
1108 2948 1384 3017 στοιχείων
1415 2947 1632 3002 πάντων
1653 2985 1668 3009 ,
1705 2947 1799 3015 ἀφ’
1826 2938 1900 3001 ὧν
1933 2946 1962 3001 ὁ

386 3037 590 3109 κόσμος
636 3038 734 3105 τὴν
786 3037 1043 3091 σύστασιν
1073 3038 1187 3110 ἔχει
1214 3080 1231 3105 ,
1266 3038 1361 3094 καὶ
1399 3039 1546 3093 ἔστιν
1597 3039 1735 3112 αὕτη
1785 3056 1873 3104 τις
1925 3040 1960 3111 ὴ

2054 577 2113 622 et
2148 585 2270 637 qua}
2318 581 2448 625 sunt
2498 574 2689 628 horum
2725 576 2949 632 similia.
3005 579 3207 635 Horum
3254 591 3435 635 autem
3470 596 3634 635 unum

2051 660 2266 730 aliquod
2308 678 2406 732 per
2435 677 2496 717 se
2537 675 2754 721 exstare
2790 670 2998 735 nequit,
3038 672 3131 725 sed
3175 680 3393 741 oportet
3444 673 3497 725 in
3531 672 3636 725 ali-

2052 767 2159 822 quo
2189 769 2330 808 esse.
2378 754 2435 808 Si
2477 764 2655 810 autem
2709 771 2886 825 neque
2930 761 3151 826 animal,
3195 763 3335 829 quod
3373 763 3438 816 de
3468 762 3637 815 omni-

2054 843 2153 897 bus
2194 844 2318 899 dico
2348 859 2470 914 qua:
2514 846 2724 916 singula
2763 849 3033 902 exsistunt
3081 851 3427 915 animalibus,
3461 865 3637 920 nequa

2052 934 2378 996 accidentia,
2422 950 2543 1004 qua:
2585 937 2651 990 in.
2686 937 2959 1003 omnibus,
2990 941 3184 1009 quibus
3234 942 3509 1006 accidunt,
3551 957 3635 995 re-

2052 1024 2358 1092 periuntur,
2408 1036 2636 1095 possunt
2678 1029 2794 1096 ipsa
2845 1044 2941 1099 per
2992 1045 3052 1085 se
3110 1020 3396 1092 assistere.
3449 1047 3513 1086 cx
3554 1033 3636 1086 his

2054 1127 2235 1169 autem
2304 1120 2547 1173 conﬁunt
2614 1121 2887 1175 individua
2938 1138 3047 1178 τοι
3104 1140 3209 1177 non
3248 1125 3638 1179 exsistentihus

2055 1218 2266 1262 constat
2304 1208 2569 1264 trifariam
2617 1213 2793 1267 divisa
2846 1216 3181 1282 substantia,
3233 1230 3353 1283 quae
3406 1231 3511 1268 non
3568 1230 3637 1270 ex

2054 1297 2176 1352 aliis
2206 1297 2431 1354 conﬂata
2463 1311 2564 1355 est.
2601 1302 2741 1371 Ergo
2766 1304 2810 1358 si
2849 1306 3103 1373 primitus
3141 1314 3195 1359 et
3238 1308 3474 1360 maxime
3510 1321 3637 1371 pro-

2056 1392 2170 1459 prie
2227 1402 2283 1445 et
2331 1394 2675 1462 potissimum
2731 1397 3002 1465 appellata
3057 1399 3367 1452 substantia
3422 1413 3487 1452 ex
3553 1397 3639 1451 his

2055 1495 2252 1550 exstat,
2287 1501 2352 1540 es
2400 1501 2505 1542 non
2557 1489 2969 1560 exsistentibus,
3018 1492 3063 1546 si
3100 1491 3447 1548 Aristotelem
3490 1492 3639 1547 audi-

2059 1592 2202 1639 mus,
2239 1586 2344 1635 est.

2126 1668 2211 1723 l9.
2253 1667 2359 1724 Sed
2404 1670 2469 1725 de
2508 1673 2817 1727 substantia
2865 1675 3085 1744 quidem
3135 1676 3270 1732 satis
3309 1683 3488 1741 erunt,
3522 1689 3645 1740 qum

2058 1776 2202 1815 nunc
2233 1762 2488 1818 diximus.
2519 1763 2844 1821 Substantia
2876 1777 3055 1821 antem
3096 1783 3201 1823 non
3230 1768 3401 1824 solum
3438 1782 3637 1837 genus,

2061 1853 2292 1921 species,
2327 1856 2658 1911 individuum
2705 1858 3033 1928 appellatur,
3076 1858 3172 1914 sed
3207 1860 3371 1914 etiam
3410 1860 3640 1913 materia

2062 1954 2118 1999 et
2162 1948 2372 2013 species
2424 1956 2478 2002 et
2539 1948 2790 2017 privatio.
2840 1947 3035 2003 Dill‘ert-
3087 1957 3267 2003 autem
3320 1947 3477 2013 nihil,
3520 1960 3641 2001 cum

2061 2043 2282 2089 maneat
2336 2037 2387 2090 in
2438 2038 2522 2091 his
2556 2037 2769 2092 divisio.
2805 2036 2953 2092 Talis
2997 2048 3175 2093 autem
3220 2053 3342 2093 cum
3393 2037 3465 2091 sit
3512 2036 3643 2091 sub-

2061 2124 2287 2188 stantia,
2336 2126 2517 2180 mundi
2553 2127 2849 2196 descriptio
2882 2126 3020 2180 facta
3066 2136 3149 2181 est
3186 2126 3482 2181 secundum
3519 2138 3641 2179 eum

2064 2213 2119 2268 in
2150 2216 2293 2270 hunc
2335 2214 2448 2269 fere
2493 2217 2734 2271 modum.
2771 2215 3003 2271 Mundus
3042 2216 3338 2271 secundum
3374 2214 3645 2267 Aristotc-

2064 2307 2166 2363 lem
2209 2308 2421 2364 divisus.
2454 2317 2537 2364 est
2580 2310 2632 2363 in
2683 2318 2865 2379 partes
2912 2308 3219 2377 complures
3269 2314 3323 2361 et
3374 2306 3642 2366 diversas,

2062 2408 2251 2465 estque
2296 2397 2479 2451 mundi
2529 2413 2679 2467 pars,
2704 2412 2827 2465 quae
2862 2406 2948 2451 est
2974 2412 3005 2451 a
3044 2404 3187 2450 terra
3224 2409 3399 2464 usque
3447 2394 3515 2446 ad
3552 2394 3642 2445 ln-

2062 2503 2213 2553 nam,
2265 2504 2464 2543 carens
2508 2489 2887 2558 providentia,
2927 2487 3339 2559 gubernatione,
3390 2492 3644 2539 contenta

2064 2578 2174 2633 sola
2220 2587 2417 2632 natura
2442 2593 2572 2645 sua;
2627 2577 2716 2632 illa
2748 2586 2947 2644 autem,
2992 2593 3111 2648 qua;
3161 2585 3245 2632 est
3276 2585 3397 2646 post
3432 2576 3644 2635 lunam.

2065 2669 2118 2722 in
2146 2669 2293 2722 omni
2324 2667 2514 2722 ordine
2550 2676 2603 2722 et
2641 2669 2982 2737 providentia
3011 2679 3066 2722 et
3097 2667 3487 2738 gubernatione
3517 2679 3647 2719 con-

2065 2762 2261 2817 stituta
2296 2775 2466 2830 usque
2510 2762 2577 2816 ad
2623 2760 2962 2829 superﬁciem
2998 2760 3155 2826 cteli;
3199 2759 3513 2830 superﬁcies
3542 2773 3639 2811 au-

2067 2861 2194 2918 tem,
2224 2867 2344 2922 quae
2372 2860 2457 2906 est
2490 2852 2678 2920 quinta
2712 2850 3066 2922 355-355
3100 2851 3345 2920 quadam
3391 2849 3647 2903 substan-

2065 2943 2161 3010 tia,
2208 2959 2237 2997 a
2291 2943 2634 2999 naturalibus
2680 2942 2967 2998 elementis
3013 2943 3186 2997 soluta
3236 2951 3323 2997 est
3367 2940 3643 3005 omnibus,

2065 3034 2207 3090 unde
2231 3035 2460 3089 mundus
2484 3035 2742 3088 fabricam
2766 3034 2950 3097 habet,
2980 3043 3171 3102 estque
3204 3034 3319 3088 haec
3341 3032 3645 3087 substantia

388 3130 616 3202 πέμππι
649 3131 789 3185 κατά
818 3129 910 3184 τὸν
955 3131 1335 3202 Ἀριστοτέλην
1381 3132 1539 3187 οὐσία
1559 3171 1574 3196 ,
1606 3132 1770 3186 οἱονεὶ
1806 3131 1963 3186 οὐσία

2066 3127 2313 3197 quaedam
2361 3127 2659 3182 secundum
2708 3126 3056 3181 Aristotelem
3103 3126 3327 3194 quinta,
3391 3133 3647 3193 tanquam

388 3237 473 3285 τις
504 3221 897 3292 ὑπερκόσμιος.
940 3221 1051 3274 Καὶ
1077 3221 1300 3290 γέγονεν
1334 3221 1484 3293 αύτῷ
1524 3222 1799 3292 κατάιτὴν,
1821 3220 1963 3276 διαί-

394 3327 543 3380 ρεσιν
567 3310 662 3365 τοῦ
695 3313 901 3382 κόσμου
935 3312 1030 3365 καὶ
1079 3314 1108 3365 ὀ
1134 3313 1234 3383 τῆς
1277 3313 1597 3383 φιλοσοφίας
1626 3314 1964 3388 διῃρημένος

386 3398 561 3471 λόγος.
595 3401 830 3471 Φυσικὴ
862 3403 970 3473 γάρ
1006 3419 1087 3466 τις
1124 3403 1414 3472 ἀκρόασις
1439 3405 1589 3476 αὐτῷ
1614 3406 1859 3475 γέγονεν,
1905 3408 1964 3460 ὲν

388 3487 423 3567 ᾖ
456 3493 758 3565 πεπόνηται
784 3495 829 3525 ⁷⁸
864 3493 989 3564 περὶ
1021 3494 1130 3547 τῶν
1160 3494 1322 3563 φύσει
1350 3496 1447 3549 καὶ
1482 3496 1544 3549 οὐ
1585 3497 1812 3569 προνοίᾳ
1838 3497 1969 3551 διοι-

389 3585 668 3656 κουμένων
699 3585 808 3638 ἀπὸ
839 3587 938 3656 τῆς
960 3586 1066 3655 γῆς
1099 3587 1260 3658 μέχρι
1291 3588 1391 3658 τῆς
1419 3588 1649 3660 σελήνης
1699 3590 1965 3660 πραγμά-

387 3674 516 3741 των.
546 3677 741 3746 Γέγονε
778 3678 835 3730 δὲ
856 3676 1004 3747 αὐτῷ
1035 3677 1128 3730 καὶ
1183 3678 1321 3747 μετά
1348 3678 1416 3731 τὰ
1451 3680 1655 3746 φυσικά
1695 3678 1823 3749 περὶ
1854 3679 1966 3732 τῶν

391 3767 530 3840 μετὰ
579 3768 808 3839 σελήνην
845 3768 950 3820 ίδίσ.
997 3785 1082 3830 τις
1128 3766 1261 3838 άλλη
1312 3766 1488 3831 οὕτως
1546 3767 1963 3839 ἑπιγραφομένη

389 3859 744 3927 πραγματεία
775 3857 948 3924 λόγων
971 3873 985 3886 ⁵
1013 3856 1204 3925 γέγονε
1240 3856 1297 3909 δὲ
1327 3856 1478 3927 αὐτῷ
1523 3857 1666 3926 Περὶ
1689 3856 1966 3925 πέμπτης

387 3950 605 4015 οὐσίας
647 3948 779 4012 ίδιος
825 3946 1008 4016 λόγος,
1049 3948 1106 4011 ὃς
1154 3949 1300 4001 ἐστιν
1334 3947 1482 4019 αὐτῷ
1525 3947 1962 4018 θεολογούμενος.

388 4040 623 4110 Τοιαύτη
667 4057 754 4103 τις
804 4040 964 4111 καὶή
1015 4038 1284 4111 διαίρεσις
1330 4038 1440 4093 τῶν
1479 4038 1641 4105 ὅλων,
1684 4038 1760 4103 ὡς
1805 4038 1963 4110 τύπῳ

389 4132 731 4205 περιλαϐεῖν,
763 4130 882 4204 [καὶ
912 4130 1034 4204 τῆς]
1060 4132 1105 4163 ⁷⁸
1143 4130 1285 4184 κατὰ
1331 4129 1713 4201 Ἀριστοτέλην
1748 4129 1965 4199 φιλοσο-

389 4226 518 4297 φίας
545 4226 612 4281 ⁷⁸.
629 4226 686 4279 '0
714 4224 771 4279 δὲ
799 4224 932 4294 Περὶ
954 4222 1160 4295 ψυχῆς
1181 4224 1331 4294 αύτῷ
1358 4221 1515 4293 λόγος
1544 4223 1692 4276 ἐστὶν
1720 4224 1959 4293 ἀσαφής.

401 4317 491 4373 Ἐν
524 4317 678 4389 τρισὶ
712 4315 822 4387 γάρ
858 4317 1287 4388 συγγράμμασιν
1314 4314 1458 4378 ὅλοις
1489 4314 1590 4368 οὐκ
1621 4313 1768 4368 ἐστιν
1792 4315 1966 4367 εἰπεῖν

390 4408 600 4481 σαφῶς,
625 4409 653 4463 ὃ
676 4428 729 4463 τι
756 4410 946 4480 φρονεῖ
976 4408 1104 4479 περὶ
1133 4406 1312 4479 ψυχῆς
1343 4407 1367 4478 ι,
1399 4405 1968 4479 Ἀριστοτέλης.’ον”

2065 3219 2369 3276 substantia
2429 3221 2676 3289 quaedam
2723 3220 3183 3285 supermundana.
3235 3220 3413 3287 Atque
3463 3228 3546 3272 est.
3596 3218 3649 3273 ei

2061 3316 2359 3369 secundum
2407 3310 2732 3365 divisionem
2766 3309 2950 3364 mundi
2985 3319 3040 3364 et
3086 3309 3442 3379 philosophiae
3470 3324 3649 3365 sermo

2068 3406 2296 3460 divisus.
2347 3401 2575 3472 Physica
2609 3402 2753 3457 enim
2788 3404 3034 3471 quaedam
3073 3401 3396 3456 auscultatio
3443 3403 3511 3456 ab
3556 3402 3649 3456 illo

2063 3496 2340 3552 elaborata
2381 3506 2487 3559 est,
2526 3496 2577 3549 in
2614 3510 2718 3565 qua
2754 3503 3011 3549 accurate
3053 3494 3166 3563 egit
3201 3493 3269 3548 de
3303 3493 3485 3559 rebus,
3528 3509 3649 3564 quae

2066 3599 2259 3646 natura
2307 3599 2362 3646 et
2409 3605 2516 3645 non
2566 3588 2917 3659 providentia.
2945 3587 3393 3642 administrentur
3431 3602 3460 3641 a
3498 3595 3644 3643 terra

2066 3697 2241 3752 usque
2292 3683 2360 3737 ad
2412 3673 2635 3737 lunam.‘
2671 3681 3052 3750 Conscriptum
3103 3687 3299 3735 autem
3332 3687 3419 3735 est
3462 3680 3530 3734 ab
3582 3695 3650 3735 eo

2062 3776 2225 3829 etiam
2262 3785 2384 3843 post
2424 3775 2647 3844 physica
2681 3774 2827 3828 aliud
2877 3772 3152 3844 quoddam
3210 3772 3485 3842 peculiare
3516 3786 3650 3840 opus

2065 3864 2132 3918 de
2162 3864 2250 3928 iis,
2283 3878 2402 3933 quae
2426 3858 2552 3917 su’nt
2583 3872 2705 3933 post
2732 3863 2938 3927 lunam,
2971 3863 3115 3931 quod
3147 3862 3342 3917 exinde
3377 3862 3645 3933 Metaphy-

2070 3955 2311 4008 sicorum
2354 3969 2552 4008 nomen
2585 3955 2815 4022 accepit.
2860 3952 3219 4021 Gonscriptus
3251 3962 3430 4007 autem
3470 3964 3554 4009 est
3583 3953 3653 4007 ab

2064 4061 2130 4100 eo
2168 4046 2232 4100 de
2272 4046 2812 4117 quinta§aubrtantia
2843 4043 3137 4113 peculiaris
3168 4043 3322 4107 liber,
3355 4045 3446 4112 qui
3488 4055 3573 4097 est
3600 4043 3650 4098 ei

2065 4136 2202 4191 liber
2246 4136 2313 4191 de
2345 4136 2456 4190 Deo
2504 4135 2773 4203 rebusque
2825 4134 3042 4189 divinis.
3082 4132 3229 4186 Talis
3271 4133 3515 4201 quaedam
3564 4142 3650 4188 est

2065 4235 2121 4282 et
2146 4226 2442 4295 descriptio
2472 4226 2873 4291 universorum,
2926 4234 2987 4279 ut
3028 4226 3281 4279 universe
3318 4225 3649 4293 complecta-

2066 4333 2210 4384 mur,
2236 4325 2293 4373 et
2328 4317 2685 4388 philosophia:
2712 4316 3094 4372 Aristotelicas.
3133 4315 3434 4385 Disputatio
3468 4326 3648 4371 autem

2067 4408 2185 4477 ejus
2215 4408 2279 4461 de
2318 4407 2498 4461 anima
2534 4406 2767 4462 obscura
2795 4415 2899 4462 est.
2937 4405 2995 4460 ln
3036 4405 3210 4461 tribus
3244 4406 3390 4460 enim
3424 4406 3650 4476 integris

384 4496 497 4573 γὰρ
534 4496 825 4550 ἀποδίδωσι
870 4496 970 4566 τῆς
1001 4496 1173 4567 ψυχῆς
1204 4498 1327 4567 ὅρον
1354 4496 1513 4559 ἐστὶνΔ
1541 4496 1719 4549 εἰπεῖν
1756 4495 1959 4568 ῥᾴδιον,

2067 4498 2239 4567 libris,
2283 4515 2389 4555 non
2436 4498 2566 4554 licet
2625 4506 2811 4569 aperte
2871 4496 3074 4561 dicere,
3128 4497 3258 4567 quid
3315 4498 3529 4552 tandem
3583 4498 3650 4553 de

386 4586 447 4655 τὸ
482 4586 539 4640 δὲ
568 4586 672 4640 ὑπὸ
700 4586 827 4661 ὅρου
860 4586 1225 4656 δεδηλωμένον
1266 4585 1762 4658 ἐστιδυσεύρετον.
1799 4587 1959 4641 Ἔστι

2071 4591 2249 4647 anima
2281 4591 2485 4647 sentiat
2528 4590 2876 4647 Aristoteles.
2924 4589 3061 4645 Nam
3098 4606 3259 4661 quam
3292 4591 3483 4647 reddat
3514 4592 3649 4646 deli-

387 4679 499 4750 γὰρ
525 4678 596 4746 ⁷³,
625 4677 779 4748 φησὶ,
812 4677 958 4748 ψυχὴ
993 4672 1227 4744 φυσικοῦ
1259 4676 1510 4748 σώματος
1537 4676 1833 4749 ὀργανικοῦ
1877 4679 1966 4729 ὲν-

386 4771 654 4841 τελέχεια,
688 4770 808 4842 ἥτις
829 4769 877 4801 τ’
907 4767 1038 4821 ποτέ
1071 4769 1209 4828 ἐστι.
1239 4767 1414 4836 λόγων
1451 4766 1617 4839 [πάνυ
1648 4767 1885 4841 πολλῶν]
1915 4768 1962 4801 ⁸⁸

386 4863 561 4919 δεῖται
587 4865 683 4919 καὶ
716 4863 959 4934 μεγάλης
986 4860 1288 4934 ζητήσεως.
1321 4863 1379 4916 'U
1410 4863 1468 4915 δὲ
1491 4863 1646 4928 Θεὸς,
1682 4866 1710 4917 ὁ
1746 4864 1966 4917 πάντων

389 4955 594 5023 τούτων
621 4956 730 5011 τῶν
761 4956 930 5011 ὄντων
964 4954 1148 5009 καλῶν
1200 4953 1392 5020 αἴτιος,
1435 4950 1593 5018 οὗτος
1634 4956 1732 5026 τῆς
1784 4955 1965 5027 ψυχῆς

2072 4684 2331 4739 nitionem
2361 4683 2578 4747 animae,
2614 4681 2769 4738 facile
2795 4691 2881 4738 est
2908 4683 3110 4748 dicere,
3139 4683 3273 4751 quid
3295 4692 3475 4737 autem
3513 4682 3648 4737 deﬁ-

2072 4778 2278 4832 nitione
2308 4774 2396 4830 illa
2426 4775 2788 4846 signiﬁcatum
2819 4775 2910 4840 sit,
2942 4775 3173 4830 arduum
3200 4782 3284 4831 est
3349 4773 3644 4844 requirere.

2073 4867 2168 4923 Est
2201 4868 2367 4931 enim,
2398 4866 2597 4936 inquit,
2632 4866 2811 4921 anima
2843 4867 3106 4921 naturalis
3130 4865 3375 4936 corporis
3404 4864 3648 4936 organici

2070 4957 2393 5025 entelechia,
2444 4973 2563 5030 quae
2599 4956 2732 5027 quid
2778 4957 2995 5013 tandem
3046 4956 3147 5013 sibi
3200 4955 3351 5022 velit,
3401 4956 3650 5027 disputa-

1692 5129 1925 5189 VARIAE
1957 5129 2359 5189 LECTIONES.

463 5292 515 5331 οι,
545 5289 675 5344 αὐτὸ
705 5287 782 5360 τῷ
826 5287 1048 5342 δυνατόν
1075 5285 1138 5343 C.
1224 5285 1268 5317 ⁶²
1302 5284 1424 5360 οὔτε
1467 5284 1719 5360 τά.-ού;ιε
1759 5286 1823 5360 (ξς

1932 5347 1937 5353 ,
2005 5287 2050 5319 ⁸³
2080 5288 2145 5340 ἐκ
2169 5287 2294 5341 τῶν.
2326 5285 2433 5340 τῶν
2463 5284 2524 5346 C.
2553 5285 2627 5340 M.
2704 5286 2749 5318 “
2787 5284 3150 5355 καθέστηκεν.
3178 5284 3272 5338 καὶ
3302 5283 3450 5355 ἔστιν
3467 5283 3532 5350 C,

320 5370 327 5385 '
393 5364 481 5427 qui
508 5360 601 5414 καί
637 5355 919 5414 delendum
946 5372 1069 5413 esse
1091 5366 1295 5428 censet.
1346 5357 1415 5428 ﬂ“
1443 5356 1604 5428 τριχὴ
1637 5356 1700 5428 C.
1771 5357 1821 5428 _“
1866 5355 2125 5428 Πρώτως.
2169 5356 2365 5428 Πρώτη

2395 5356 2457 5419 C,
2500 5355 2572 5411 Μ.
2651 5356 2694 5388 ⁸⁷
2739 5353 3072 5426 κυριώτατα,
3123 5354 3434 5463 κυριωτάτη
3467 5356 3528 5417 (λ,
3574 5353 3645 5407 Μ.

2458 5427 2534 5463 Πι⁹ι
2578 5425 2822 5463 Ruﬁnian
2866 5424 3143 5463 Rnnnnrnc
3239 5424 3283 5455 ⁷⁸
3315 5424 3408 5463 m'iR
3440 5441 3468 5463 υ
3526 5423 3645 5463 ηιίδὲ

394 5423 440 5463 ⁶’³
473 5433 520 5484 εἱ
552 5432 617 5484 ὲκ
648 5428 941 5498 Roeperns.
989 5428 1053 5498 ὲκ
1081 5426 1143 5498 (Ξ,
1189 5427 1260 5481 Μ.
1339 5426 1385 5458 ⁸⁸
1422 5423 1687 5498 ψόξζτδ
1719 5426 1875 5498 γένος
1906 5423 1968 5481 (3.
2046 5428 2093 5458 ⁷⁰
2127 5423 2402 5498 Διαφέρει,
2458 5427 2534 5498 Oti
2578 5423 2825 5498 διαφέρει
2864 5424 3163 5498 Roeperus.
3199 5423 3208 5426 ⁷
3239 5424 3284 5498 "_‘
3315 5423 3648 5498 ούδένε-οὺδε

406 5501 469 5565 C,
491 5501 563 5556 Μ.
639 5499 684 5530 ’ί
715 5492 986 5552 Lacunam
1022 5497 1077 5566 in
1105 5497 1147 5550 C
1172 5498 1401 5565 explevit
1421 5494 1493 5553 M.
1569 5495 1614 5527 ⁷³
1638 5492 1993 5565 τεταγμένον.
2024 5492 2333 5566 τεταγμένη
2360 5497 2422 5550 C.
2494 5494 2545 5566 ff
2584 5492 2904 5565 πεπόνηται.
2928 5492 3221 5566 πεποίηται
3244 5492 3307 5557 C,
3335 5493 3405 5548 Μ.
3441 5493 3647 5566 ῌ⁷⁸μκαὶ

394 5562 492 5648 sic
543 5569 986 5648 meram-219:9.-
1016 5565 1086 5648 οι
1110 5566 1195 5648 his
1242 5562 1302 5648 i"
1330 5562 1966 5648 ει)ιοσοερίας.βοε“ιί;θι·ιιθε
1999 5562 2451 5648 φιὶιρῖδέρῆσάεον
2493 5564 2567 5648 ἓνὲν
2601 5567 2694 5648 ait."
2721 5562 2866 5648 sini-
2908 5562 3391 5648 φιλοσοφήςειιταο,
3523 5563 3640 5648 “0,?-

392 5633 502 5692 Ἦν
535 5633 727 5709 pr._C.

804 5638 850 5669 "
878 5636 1015 5691 Vide
1050 5635 1281 5707 Aristol.
1327 5631 1403 5707 Qa
1436 5631 1614 5689 anima
1642 5634 1705 5700 ll,
1738 5631 1871 5690 c._l.
1898 5635 1989 5707 Μ.
2013 5631 2024 5636 ⁷
2064 5638 2111 5707 τέ
2137 5637 2171 5707 ἢ
2191 5631 2305 5707 ξιξ.
2348 5637 2468 5707 ητις
2494 5637 2555 5690 C.
2621 5631 2677 5667 ’⁸ο
2722 5631 2895 5707 λόγιον
2921 5631 3070 5687 πάνυ
3110 5631 3337 5686 πολλῶν.
3373 5631 3639 5707 λέγωνβ,

394 5700 570 5776 λόγων
604 5706 674 5769 Μ.
703 5706 1086 5775 redintegravit
1126 5706 1300 5762 locum
1336 5704 1633 5775 Roeperus,
1664 5722 1785 5762 cun:
1837 5705 1978 5759 πάνυ
2026 5700 2241 5759 πολλῶν
2278 5722 2342 5761 ω.
2370 5700 2419 5760 ’1.
2454 5707 2523 5761 48
2567 5707 2670 5761 hnc
2703 5700 3022 5761 retrahenda
3054 5720 3171 5759 esse
3203 5703 3494 5772 perspexit.
3534 5700 3640 5758 Nos

395 5778 629 5848 ἐλέγχων
660 5778 1078 5844 conjeccramus.
