4114 6448
409 420 549 483 3307
1508 414 1803 473 CONTRA
1845 412 2017 472 ΠᾸΞΒ

2119 412 2215 472 .ES
2257 412 2396 472 LIB.
2447 412 2575 472 VII.
3546 406 3688 469 3308

406 536 473 588 δι’
516 530 824 602 ὑπερϐολὴν
864 530 1091 594 κάλλους
1134 529 1231 583 καί
1278 529 1612 600 ὡραιότητος
1653 532 1802 583 πᾶσα
1832 530 1995 599 φύσις

2119 537 2219 583 iter
2266 524 2704 595 exsuperantiam
2753 522 3171 592 pulchritudinis
3219 529 3274 576 et
3334 521 3690 575 formositatis

407 620 679 691 ὀρέγεται,
714 618 849 688 ἄλλη
873 619 930 672 δὲ
964 618 1159 682 ἄλλως.
1205 619 1272 672 'H
1320 618 1376 672 δὲ
1410 620 1875 692 παχυμερεστέρα
1915 620 1995 674 ἔτι

2119 622 2277 674 nunis
2325 629 2523 673 natura
2572 615 2798 685 expetit,
2843 613 2947 666 alia
2985 623 3165 667 autem
3213 614 3394 667 aliter.
3442 613 3690 667 Crassior

411 714 651 781 μένουσα
701 711 760 762 ὲν
787 710 864 780 τῷ
910 711 1209 781 σπέρματι,
1256 712 1528 781 μιμητική
1558 729 1642 775 τις
1672 706 1831 777 οῦσα,
1867 712 1996 765 ἀνα-

2119 722 2280 767 tutem
2319 710 2407 766 illa
2443 709 2618 763 adhuc
2663 721 2886 761 manens
2928 707 2979 760 in
3033 708 3258 772 semine,
3295 714 3480 775 utpote
3520 705 3691 758 imita-

407 803 637 873 δραμεῖν
671 801 769 871 μὲν
794 802 896 854 οὐκ
920 802 1159 873 ἠδυνήθη
1187 819 1199 832 ·
1242 803 1376 855 πολὺ
1405 801 1514 874 γὰρ
1547 804 1870 875 ἐνδεεστέρα
1898 808 1998 874 τῆς

2119 806 2230 860 bilis
2262 802 2530 874 quaedam.
2564 800 2858 856 escendere
2896 797 3112 867 quidem
3144 813 3249 851 non
3277 791 3489 867 potuit;
3522 796 3692 850 multo

408 890 806 962 λεπτομερείας
826 891 872 924 ⁵⁵
895 886 964 963 ἧς
992 888 1189 963 εῖχενή
1230 892 1297 945 δι’
1327 894 1498 963 αὐτῆς
1532 894 1716 966 υἰότης
1761 895 1997 966 ἀναδρα-

2119 898 2256 952 enim
2299 895 2526 950 inferior
2558 892 2877 957 subtilitate,
2909 906 3068 959 quam
3113 889 3296 943 habuit
3331 889 3544 953 ﬁlietas,
3575 904 3694 956 quae

413 983 590 1053 μοῦσα
613 983 682 1048 ⁸⁸,
745 984 1097 1041 ἀπελείπετο.
1187 984 1532 1055 Ἐπτέρωσεν
1587 982 1681 1040 οὖν
1726 987 1904 1057 αὐτὴν
1965 989 1998 1058 ἡ

2119 1005 2204 1044 sua
2240 1004 2339 1059 ope
2369 987 2635 1053 escendit,
2663 984 2848 1039 relicta
2883 992 2988 1038 est.
3030 982 3287 1035 Instruxit
3311 982 3472 1051 igitur
3498 980 3694 1035 ﬁlietas

408 1074 597 1143 υἰότης
629 1074 662 1142 ἠ
685 1073 1145 1146 παχυμερεστέρα
1173 1076 1402 1146 τοιούτῳ
1431 1076 1542 1129 τινὶ
1577 1077 1792 1147 πτερῷ,
1824 1078 1998 1146 ὁποίῳ

2119 1083 2341 1137 :rassior
2373 1080 2572 1133 talibus
2597 1092 2718 1132 sese
2740 1078 3059 1148 quibusdam
3084 1073 3208 1139 alis,
3239 1074 3489 1143 qualibus
3517 1074 3692 1136 Plato,

408 1163 730 1227 διδάσκαλος
778 1163 913 1217 ὣν⁵¹
978 1165 1205 1219 Πλάτων
1293 1167 1703 1236 Ἀριστοτέλους
1757 1169 1817 1220 ὲν
1872 1167 2002 1221 Φαι-

2120 1190 2150 1228 s
2186 1174 2275 1243 qui
2306 1174 2563 1243 magister
2595 1178 2716 1225 erat
2755 1168 3086 1230 Aristotelis,
3115 1167 3168 1219 iu
3198 1164 3430 1219 I’Ita'dro
3458 1166 3693 1219 animam

409 1257 524 1329 δρῳ
544 1256 591 1289 ⁸⁸
640 1256 741 1326 τὴν
800 1257 981 1329 ψυχὴν
1038 1260 1249 1329 πτεροῖ,
1281 1258 1292 1328 |
1323 1259 1421 1311 καὶ
1469 1258 1625 1312 καλεί
1679 1259 1742 1312 τὸ
1789 1258 2001 1312 τοιοῦτο

2119 1266 2384 1331 ustrtrx'rt,
2428 1274 2480 1320 et
2511 1272 2669 1317 vocat
2699 1262 2805 1317 tale
2840 1260 3103 1314 Basilides
3141 1274 3248 1313 non
3282 1259 3416 1323 alas,
3446 1261 3537 1314 sed
3571 1257 3698 1326 Spi-

404 1347 733 1416 Βασιλείδης
776 1348 839 1401 οὐ
868 1349 1088 1420 πτερὸν,
1123 1350 1259 1403 ἀλλὰ
1299 1348 1525 1419 Πνεῦμα
1572 1349 1747 1419 ἅγιον,
1788 1351 1816 1404 ὃ
1843 1352 2001 1422 εὐερ-

2119 1359 2262 1414 -ituut
2295 1368 2566 1419 sanctum,
2598 1370 2758 1425 quem
2793 1352 2979 1407 induta
3012 1351 3279 1407 beneﬁcio
3307 1350 3471 1405 allicit
3503 1350 3698 1404 lilietas

413 1441 565 1509 γετεῖ
598 1441 629 1511 ἡ
662 1440 849 1511 υἰότης
882 1440 1223 1512 ὲνδυσαμένη
1248 1442 1344 1494 καὶ
1387 1442 1788 1513 εύεργετείται.
1827 1445 2002 1518 Εὐερ-

2119 1461 2153 1504 :t
2211 1451 2449 1506 vicissim
2520 1449 2786 1504 beneficio
2843 1445 3095 1501 afﬁcitur.
3154 1446 3363 1514 Quippe
3429 1444 3698 1500 beneﬁcio

414 1533 564 1598 γετεῖ
582 1530 629 1562 ³³
662 1530 780 1600 μὲν,
811 1531 894 1584 ὅτι
927 1529 1182 1601 καθάπερ
1213 1530 1428 1603 ὄρνιθος
1459 1531 1661 1603 πτερὸν
1707 1533 1839 1586 αὐτὸ
1879 1533 2002 1589 κατ’

2119 1548 2291 1614 allicit,
2326 1549 2545 1619 quando
2577 1546 2739 1600 veluti
2790 1546 2905 1600 avis
2937 1545 3034 1600 ala:
3069 1545 3198 1613 ipsa:
3235 1558 3329 1612 per
3363 1557 3447 1607 se,
3475 1548 3697 1594 remotae

414 1621 549 1676 αὐτὸ
606 1620 703 1673 τοῦ
762 1620 978 1692 ὄρνιθος
1023 1621 1450 1692 ἀπηλλαγμένον
1512 1625 1615 1677 οὐκ
1668 1623 1736 1677 ἂν
1789 1624 2003 1693 γένοιτὸ

2119 1643 2171 1694 ιι)
2205 1641 2314 1705 avi,
2346 1654 2449 1694 non
2485 1638 2644 1693 facile
2670 1638 2721 1691 in
2771 1636 3002 1690 sublime
3052 1635 3348 1698 ferrentur,
3377 1646 3479 1686 nec
3504 1644 3697 1685 rursus

417 1730 549 1766 ποτε
586 1712 790 1782 ὑψηλὸν
820 1712 952 1781 ;ούδὲ
1001 1714 1315 1784 μετάρσιον,
1342 1714 1452 1766 οὐδ’
1502 1709 1568 1769 αῦ
1609 1715 1758 1786 ὄρνις
1801 1716 2001 1770 ἀπολε-

2119 1733 2243 1797 avis,
2272 1740 2478 1786 remota
2515 1731 2582 1784 ab
2633 1729 2755 1795 alis,
2802 1744 2907 1782 non
2947 1727 3107 1781 facile
3151 1726 3384 1779 ferretur
3412 1724 3462 1778 in
3502 1722 3693 1777 altum.

417 1804 647 1874 λυμένος
683 1804 778 1857 τοῦ
842 1804 1043 1875 πτεροῦ
1099 1807 1200 1860 οὐκ
1245 1807 1309 1861 ἄν
1358 1823 1489 1860 ποτε
1541 1808 1751 1876 γένοιτο
1798 1808 2001 1879 ὑψηλὸς

2119 1822 2298 1877 l'alem
2332 1826 2622 1892 quamdam
2653 1819 2916 1874 rationem
2954 1817 3186 1870 habebat
3218 1816 3410 1868 ﬁlietas
3430 1814 3495 1868 ad
3525 1811 3697 1892 Spiri-

415 1897 540 1950 ούδὲ
591 1897 906 1968 μετάρσιος.
966 1897 1220 1953 Τοιοῦτόν
1263 1916 1387 1953 τινα
1438 1899 1529 1952 τὸν
1577 1899 1737 1969 λόγον
1776 1900 1936 1971 ἔσχεν
1969 1902 2003 1971 ἡ

2119 1927 2221 1971 tum
2254 1925 2502 1969 sanctum
2548 1923 2602 1967 et
2625 1911 2863 1981 Spiritus
2884 1911 2949 1964 ad
2983 1908 3281 1963 lilieta‘tem.
3311 1907 3533 1960 Sublata
3552 1883 3694 1960 enim

417 1989 603 2058 υἰότης
628 1990 763 2060 πρὸς
794 1989 855 2042 τὸ
880 1989 1106 2061 Πνεῦμα
1142 1990 1202 2044 τὸ
1227 1991 1382 2061 ἆγιον
1412 1992 1585 2046 καὶτὸ
1616 1992 1845 2063 Πνεῦμα
1870 1993 2005 2064 πρὸς

2119 2027 2137 2064 a
2179 2008 2383 2077 Spiritu
2428 2006 2620 2059 filietas
2670 2013 2924 2074 tauquam
2979 2002 3046 2057 ab
3084 2002 3187 2054 alis
3241 1998 3381 2053 tollit
3413 2000 3548 2062 alas,
3585 1996 3692 2050 hoc

417 2081 518 2152 τὴν
547 2081 792 2151 υἰὸτητα.
827 2081 1237 2153 Ἀναφερομένη
1264 2083 1371 2155 γὰρ
1405 2084 1510 2137 ὑπὸ
1530 2084 1576 2116 ⁵⁸
1626 2083 1722 2138 τοῦ
1754 2084 2006 2154 Πνεύμα-

420 2190 512 2236 τος
545 2175 579 2243 ἡ
633 2172 822 2243 υἰότης
857 2172 934 2236 ὡς
984 2173 1091 2225 ὑπὸ
1144 2175 1345 2246 πτεροῦ
1376 2174 1644 2247 ἀναφέρει
1688 2176 1749 2229 τὸ
1783 2175 2004 2247 πτερὸν,

419 2264 669 2319 τουτέστι
713 2264 776 2317 τὸ
820 2263 1067 2335 Πνεῦμα,
1127 2265 1222 2318 καὶ
1273 2266 1502 2338 πλησίον
1569 2268 1841 2338 γενομένη
1910 2267 2009 2337 τῆς

408 2356 794 2429 ’λεπτομεροῦς
823 2358 1072 2427 υἰότητος
1107 2359 1203 2412 καὶ
1241 2358 1336 2412 τοῦ
1368 2358 1504 2413 Θεοῦ
1552 2359 1646 2413 τοῦ
1682 2360 1782 2412 οὐκ
1799 2359 1947 2423 ὄντος
1961 2359 2009 2391 ⁸⁸

410 2453 518 2506 ικαὶ
543 2450 1045 2522 δημιουργήσαντος
1081 2450 1140 2517 ἐξ
1169 2450 1270 2504 οὐκ
1308 2450 1504 2519 ὄντων,
1546 2451 1693 2522 ἔχειν
1748 2453 1849 2523 μὲν
1874 2450 2008 2505 αὐτὸ

410 2544 545 2616 ’μετ’
584 2542 757 2613 αὐτῆς
805 2543 906 2595 οὐκ
961 2542 1228 2612 ἠδύνατο·
1281 2537 1349 2613 ἦν
1397 2543 1507 2615 γὰρ
1546 2545 1645 2615 οὐχ
1689 2542 2006 2613 ὀμοούσιον,

412 2633 546 2689 ὀὐδὲ
562 2634 606 2666 ⁵⁷
638 2633 803 2702 φύσιν
832 2629 945 2704 εἶχε
984 2633 1178 2705 μετά⁸⁸
1209 2634 1308 2704 τῆς
1336 2636 1584 2707 υἰότητος
1607 2652 1623 2668 ο
1652 2634 1789 2688 ἀλλά
1820 2634 2009 2706 ὥσπερ

412 2728 543 2781 ἐστὶ
600 2726 755 2797 παρὰ
797 2726 971 2793 φύσιν
1019 2728 1113 2779 καὶ
1168 2726 1411 2798 ὀλέθριος
1472 2730 1584 2792 τοῖς
1632 2726 1845 2798 ἰχθύσιν
1901 2728 2010 2800 ἀὴρ

424 2818 665 2892 καθαρὸς
703 2820 796 2872 καὶ
822 2817 1005 2888 ξηρὸς,
1032 2816 1175 2872 οὕτω
1222 2818 1300 2889 τῷ
1350 2819 1632 2891 Πνεύματι
1669 2819 1748 2891 τῷ
1783 2821 1923 2890 ἁγίῳ
1944 2815 2010 2891 ἦν

418 2909 581 2979 παρά
615 2909 779 2979 φύσιν
823 2911 999 2979 έκεῖνο
1035 2908 1097 2963 τὸ
1131 2910 1389 2982 ἀρρήτων
1406 2908 1453 2943 ⁵⁸
1501 2911 1873 2983 ὰρῤητότερον
1917 2912 2011 2965 καὶ

427 3003 646 3057 πάντων
668 3000 941 3071 ἀνώτερον
970 3000 1248 3071 ὀνομάτων
1270 3000 1364 3055 τοῦ
1399 3002 1501 3055 οὐκ
1538 3001 1688 3065 ὄντος
1709 3002 1844 3073 ὁμοῦ
1875 3002 2009 3057 Θεοῦ

418 3093 684 3167 χωρίονῦο
712 3092 807 3147 καί
834 3094 932 3163 τῆς
970 3093 1237 3163 υἱότητος.
1288 3095 1595 3148 Κατέλιπεν
1618 3093 1697 3166 [ρ.
1736 3095 1862 3149 254.
1884 3095 2012 3167 ⁸235]

419 3181 524 3238 οὖν
553 3184 686 3239 αὐτὸ
718 3184 948 3256 πλησίον
981 3185 1014 3254 ή
1066 3184 1251 3256 υἱότης
1269 3185 1313 3218 ⁸⁸
1355 3185 1563 3238 ἐκείνου
1614 3184 1707 3237 τοῦ
1739 3184 2011 3256 μακαρίου

428 3277 525 3331 καὶ
547 3244 827 3346 νοηθῆναι.
850 3274 925 3346 μὴ
945 3244 1246 3346 δυ’ναμένοῦ
1285 3276 1421 3346 μηδὲ
1430 3274 1484 3345 ,⁸³
1512 3244 2016 3346 χαρακτῇρισθῆναί
2044 3244 2085 3300 C

422 3384 537 3421 τινι
562 3366 705 3437 λόγῳ
728 3364 931 3436 χωρίου
961 3365 1022 3418 οὐ
1051 3366 1396 3419 παντάπασιν
1437 3365 1646 3437 ἔρημον
1683 3365 1804 3418 οὐδὲ
1840 3364 2018 3437 ἀπηλ-

429 3457 704 3529 λαγμένον
752 3456 850 3526 τῆς
885 3456 1165 3524 υἰότητος·
1195 3456 1332 3511 ἀλλά
1371 3456 1480 3527 γὰρ
1509 3455 1699 3527 ὥσπερ
1730 3459 1808 3519 εἰς
1850 3456 2019 3525 ἄγγος

418 3550 705 3623 ἐμϐληθὲν
747 3549 917 3622 μύρον
940 3549 985 3583 ⁸³
1029 3548 1394 3603 εὐωδέστατον
1425 3548 1473 3600 εἰ
1526 3548 1622 3602 καὶ
1668 3548 1750 3600 ὅτι
1786 3546 2020 3618 μάλιστα

431 3642 712 3716 ἐπιμελῶς
739 3641 1097 3712 ὲκκενωθείη,
1127 3642 1276 3712 ὅμως
1305 3641 1448 3712 ὀσμή
1482 3657 1567 3704 τις
1604 3640 1685 3694 ἔτι
1732 3641 1883 3711 μένει
1918 3639 2013 3694 τοῦ

436 3734 612 3807 μύρου
663 3735 760 3789 καὶ
807 3733 1221 3798 καταλείπεται,
1273 3731 1377 3785 κᾶν
1424 3729 1895 3806 ᾖκεχωρισμένον
1925 3730 2019 3784 τοῦ

434 3825 684 3895 ἀγγείου,
703 3825 800 3880 καὶ
834 3824 1008 3896 μύρου
1050 3823 1227 3895 ὀσμὴν
1260 3823 1320 3876 τὸ
1351 3824 1575 3892 ἀγγεῖον
1601 3825 1741 3895 ἔχει,
1774 3826 1824 3877 εἰ
1848 3825 1894 3857 ⁸⁸
1927 3825 2021 3877 καί

439 3923 515 3992 μὴ
553 3920 723 3991 μέρον
769 3920 837 3984 ’⁸ο
889 3918 1061 3980 οὕτως
1115 3915 1179 3969 τὸ
1236 3913 1462 3985 Πνεῦμα
1516 3916 1578 3968 τὸ
1641 3917 1796 3985 ἅγιον
1856 3916 2023 3987 μεμέ-

434 4030 569 4083 νηκε
602 4014 703 4082 τῆς
732 4010 744 4084 1
776 4011 1023 4081 υἰότητος
1047 4008 1274 4080 ἄμοιρον
1302 4010 1399 4061 καί
1426 4007 1870 4079 ἀπηλλαγμένον,
1907 4008 2022 4079 ἔχει

435 4106 493 4158 δὲ
533 4106 589 4158 ὲν
625 4103 805 4173 ἑαυτῷ
838 4102 1010 4173 μύρου
1053 4100 1453 4171 παραπλησίως
1492 4100 1591 4171 τὴν
1622 4100 1871 4169 δύναμιν,
1900 4099 2022 4172 [τῆς

437 4194 710 4269 υἰότητος]
756 4196 803 4227 ⁸⁸
832 4194 1045 4266 ὀσμήν⁸
1092 4193 1188 4247 καὶ
1238 4193 1397 4246 τοῦτό
1436 4192 1640 4246 ὲστιτὸ
1693 4193 2019 4264 λεγόμενονο

448 4289 537 4354 Ὠς
568 4289 765 4358 μύρον
801 4286 901 4341 ἐπὶ
944 4283 1219 4355 κεφαλῆς
1260 4286 1327 4339 τὸ
1373 4285 1736 4340 καταϐαῖνον
1773 4285 1873 4339 ἐπὶ
1916 4284 2024 4339 τὸν

422 4381 687 4451 πώγωνα
709 4380 815 4434 τοῦ
856 4378 1083 4446 Ἀαρὼν
1101 4377 1169 4442 ⁸⁷,
1220 4379 1254 4447 ἡ
1284 4377 1392 4430 ἀπὸ
1432 4375 1528 4429 τοῦ
1576 4376 1892 4447 Πνεύματος
1927 4376 2022 4429 τοῦ

438 4472 596 4541 ἁγίου
628 4470 908 4543 φερομένη
933 4468 1077 4540 ὀσμὴ
1109 4468 1315 4523 ἄνωθεν
1342 4467 1495 4522 κάτω
1522 4467 1689 4539 μέχρι
1719 4470 1820 4539 τῆς
1848 4469 2023 4539 ἀμορ-

2100 2099 2514 2169 ἐείδρίῐὶιυπι.
2549 2096 2714 2149 etuhi
2748 2092 3201 2171 appropinquavit
3256 2090 3439 2146 subtili
3490 2084 3697 2142 ﬁlietati

2111 2200 2167 2247 et
2192 2190 2304 2245 Deo
2329 2188 2580 2243 non-cuti
2612 2194 2665 2240 et
2691 2185 2782 2255 qui
2810 2184 3098 2239 fabricavit
3118 2198 3181 2237 ex
3214 2182 3589 2245 non-entibus,
3609 2187 3696 2233 at-

2100 2283 2286 2338 tinere
2322 2279 2541 2350 quidem
2571 2277 2721 2332 illum
2753 2292 2935 2332 secum
2965 2290 3070 2330 non
3104 2282 3355 2344 poterat;
3392 2282 3514 2329 erat
3538 2270 3692 2328 enim

2115 2389 2218 2428 non
2275 2368 2785 2433 consubstantialis,
2829 2382 2927 2423 nec
2994 2378 3242 2421 naturam
3302 2365 3535 2420 habebat
3572 2377 3696 2417 cum

2102 2463 2364 2529 ‘ftlietate;
2396 2463 2489 2518 sed
2528 2459 2688 2515 sicuti
2715 2467 2905 2514 contra
2956 2466 3203 2511 naturam
3245 2465 3327 2509 est
3362 2453 3609 2524 piscibus
3643 2460 3700 2505 et

2106 2556 2451 2627 perniciosus
2478 2568 2571 2609 aer
2606 2567 2774 2623 purus
2808 2561 2862 2605 et
2892 2549 3101 2611 aridus,
3139 2549 3214 2602 ita
3248 2547 3476 2619 Spiritui
3503 2556 3696 2601 sancto

2117 2655 2238 2703 erat
2268 2655 2468 2701 contra
2505 2655 2757 2699 naturam
2789 2640 2877 2696 ille
2904 2639 3266 2695 ineﬁahilibus
3300 2638 3624 2694 iueﬂ‘abilior
3646 2650 3702 2693 et

2114 2739 2365 2795 omnibus
2413 2738 2663 2805 superior
2714 2732 3025 2788 nominibus
3070 2733 3356 2793 nom-cutis
3405 2731 3489 2786 dei
3540 2730 3700 2786 simul

2116 2832 2268 2886 locus
2300 2837 2354 2884 et
2390 2827 2649 2882 ﬁlietatis.
2682 2824 2927 2894 Reliquit
2960 2824 3123 2893 igitur
3151 2838 3273 2876 eum
3319 2816 3513 2876 filietas
3535 2835 3701 2890 prope
3733 2805 3742 2813 ’

2117 2923 2292 2976 locum
2346 2919 2492 2971 illum
2551 2918 2766 2971 beatum
2821 2923 2876 2969 et
2922 2914 3012 2982 qui
3084 2924 3262 2965 mente
3313 2910 3698 2981 comprehendi

2117 3009 2480 3083 364—365
2514 3009 2765 3079 aliquove
2797 3006 2964 3060 verbo
2994 3004 3268 3074 designari
3300 3014 3551 3072 nequeat,
3591 3016 3697 3057 non

2120 3104 2332 3171 penitus
2360 3104 2632 3156 desertum
2657 3114 2756 3153 nec
2781 3097 3084 3165 seiunctum
3114 3111 3143 3149 a
3176 3095 3432 3162 lilietate;
3460 3096 3552 3149 sed
3583 3093 3702 3150 vel-

2122 3195 2196 3249 ttti
2245 3194 2297 3248 in
2339 3194 2625 3247 vasculum
2657 3189 2895 3244 infusum
2943 3187 3276 3259 un'guentum
3326 3185 3701 3255 fragrantissi-

2123 3303 2266 3343 mnm
2305 3287 2349 3342 si
2384 3285 2466 3340 vel
2500 3283 2917 3353 diligentissima
2946 3279 3490 3358 cura-evacuabitur,
3518 3288 3698 3333 tamen

2120 3380 2256 3433 odor
2282 3378 2501 3447 quidam
2536 3375 2796 3443 unguenti
2826 3374 3107 3428 etiamtum
3145 3385 3326 3426 manet
3353 3377 3408 3425 et
3439 3370 3700 3441 relinqui-

2123 3481 2230 3534 tur,
2276 3469 2492 3523 etiamsi
2530 3483 2559 3521 a
2614 3465 2836 3521 vasculo
2873 3473 3179 3535 separatum
3215 3463 3286 3517 sit
3337 3472 3392 3516 et
3439 3461 3697 3531 unguenti

2121 3564 2341 3617 odorem
2375 3560 2572 3615 retinet
2602 3574 2718 3625 vas,
2755 3557 2855 3611 etsi
2905 3572 3010 3610 nou
3057 3563 3388 3625 unguentum
3421 3569 3435 3606 :
3474 3553 3544 3607 ita
3578 3550 3701 3622 Spi-

2123 3654 2259 3707 ritus
2288 3660 2509 3707 sanctus
2541 3649 2805 3703 remansit
2837 3664 2866 3702 a
2900 3646 3120 3701 ﬁlietate
3151 3654 3391 3700 remotus
3422 3653 3477 3698 et
3521 3642 3703 3711 sejun-

2124 3755 2264 3809 ctus,
2321 3744 2489 3797 habet
2539 3750 2717 3795 autem
2754 3742 2807 3795 in
2870 3755 2930 3794 se
2986 3738 3246 3805 unguenti
3299 3737 3552 3791 similiter
3591 3737 3700 3789 vim

2124 3847 2300 3896 suam,
2339 3829 2579 3884 filietatis
2628 3833 2875 3895 odorem,
2911 3839 2962 3883 et
3018 3830 3122 3883 hoc
3155 3837 3262 3892 est,
3303 3831 3444 3896 quod
3495 3827 3699 3881 dictum

2122 3932 2246 3976 est:
2276 3919 2423 3975 Sicut
2465 3931 2783 3990 unguentum
2823 3923 2876 3973 in
2923 3924 3117 3988 capite,
3161 3921 3300 3990 quod
3354 3920 3621 3973 descendit
3650 3919 3702 3974 in

2124 4009 2342 4063 barbam
2382 4010 2585 4075 Aaron,
2620 4027 2649 4065 a
2713 4011 2918 4080 Spirittt
2974 4021 3161 4065 sancto
3209 4012 3418 4065 delatus
3468 4014 3602 4066 odor
3636 4028 3703 4068 ex

2126 4102 2235 4156 alto
2265 4100 2320 4155 in
2375 4102 2539 4155 imum
2576 4118 2749 4172 usque
2801 4104 2866 4158 ad
2921 4103 3310 4157 informitatem
3371 4114 3424 4157 et
3473 4106 3701 4174 gradqu

2126 4206 2396 4259 nostrum,
2432 4194 2572 4248 unde
2621 4206 2864 4264 cmperat
2903 4211 3128 4266 surgere
3182 4196 3398 4261 ﬁlietas,
3445 4203 3733 4264 tanquam'

2127 4287 2179 4340 in
2213 4284 2316 4341 alis
2350 4286 2565 4356 aquilae,
2603 4287 2798 4356 inquit,
2825 4288 3048 4358 ejusque
3069 4289 3230 4343 dorso
3257 4288 3487 4341 sublata.
3510 4286 3704 4342 Nituu-

2134 4388 2221 4432 tur
2269 4378 2413 4433 enim
2446 4379 2625 4433 omnia
2648 4420 2662 4444 ,
2695 4379 2905 4448 inquit,
2936 4396 2997 4434 ex
3034 4380 3142 4434 imo
3172 4380 3224 4434 in
3257 4381 3459 4446 altum,
3494 4396 3521 4432 a
3554 4380 3704 4434 dete-

2129 4471 2367 4526 rioribus
2397 4472 2450 4524 in
2483 4473 2742 4528 meliora:
2777 4471 2911 4524 nihil
2962 4477 3142 4524 autem
3175 4470 3310 4525 adeo
3346 4469 3584 4537 ineptum
3618 4480 3705 4524 est

428 4563 567 4635 -φίας
620 4564 717 4618 καί
763 4561 860 4614 τοῦ
904 4561 1274 4634 διαστήματος
1341 4559 1437 4613 τοῦ
1513 4558 1639 4613 καθ’
1667 4560 1848 4630 ἡμᾶς,
1900 4559 2017 4612 ὅθεν

2128 4578 2338 4628 eorum,
2372 4577 2492 4632 quae
2530 4563 2583 4617 in
2625 4561 2939 4619 melioribus
2966 4571 3113 4626 sunt,
3146 4571 3205 4616 ut
3234 4577 3304 4617 ne
3334 4562 3626 4617 descendat
3650 4561 3704 4615 in

431 4657 643 4729 ἤρξατο
699 4653 945 4709 ἀνελθεῖν
985 4655 1019 4725 ἡ
1084 4652 1272 4723 υἰότης
1353 4653 1518 4706 οἰονεὶ
1584 4653 1678 4706 ἐπὶ
1730 4652 2018 4724 πτερύγων

438 4749 599 4805 ἀετοῦ
616 4750 684 4815 ⁸⁸,
734 4748 891 4819 φησί,
951 4747 1047 4801 καὶ
1094 4745 1206 4798 τῶν
1276 4744 1636 4817 μεταφρένων
1713 4744 2016 4814 ἐνεχθεῖσα.

426 4841 666 4897 ῗΣπεύδει
706 4840 836 4912 γὰρ,
880 4840 1035 4911 φησὶ,
1078 4837 1258 4893 πάντα
1302 4836 1554 4891 κάτωθεν
1589 4838 1727 4900 ἄνω,
1777 4835 1886 4890 ἀπὸ
1913 4836 2021 4890 τῶν

426 4933 698 5006 ,χειρόνων
739 4934 832 4987 ἐπὶ
869 4932 937 4986 τὰ
975 4931 1299 5003 κρείττονα·
1346 4928 1499 4983 οὐδὲν
1537 4929 1596 4983 δὲ
1641 4927 1814 4991 οὕτως
1857 4925 2020 4998 ἀνόη-

2126 4658 2295 4711 imum
2331 4655 2456 4724 (hoc
2498 4663 2600 4719 est,
2655 4670 2765 4709 non
2823 4655 3105 4709 descendit
3159 4654 3453 4724 quidquam
3491 4668 3703 4721 eorum,

2126 4760 2245 4815 qua:
2270 4745 2323 4799 in
2355 4745 2463 4800 alto
2491 4753 2635 4811 sunt,
2670 4748 2721 4798 in
2765 4743 2979 4815 imum).
3031 4742 3215 4798 Tertia
3272 4755 3453 4798 autem
3485 4743 3701 4808 ﬁlietas,

2128 4837 2325 4907 inquit,
2351 4852 2414 4891 ea
2445 4852 2567 4908 qua:
2604 4836 2927 4908 purgatione
2957 4846 3099 4904 eget,
3131 4836 3411 4890 immansit
3433 4837 3485 4890 in
3511 4851 3706 4903 magno

2129 4928 2508 4983 universorum
2541 4929 2810 5009 seminum
2847 4942 3043 4984 acervo
3076 4929 3338 4984 beneficia
3367 4937 3421 4984 et
3453 4927 3623 4983 edens
3650 4938 3706 4981 et

1761 5081 2000 5139 VARUE
2039 5080 2442 5138 LECTIONES.

509 5232 553 5264 '°
569 5231 937 5303 λεπτομερίας
1163 5228 1570 5303 ἀναδραμοῦσαέ
1597 5228 2011 5303 ἀναδραμοῦσα,
2037 5227 2504 5303 ἀναδραμοῦσα-δὲ
2521 5227 2847 5303 Bernaysius
2868 5239 2921 5303 et
2946 5228 3312 5303 Bunsenius.__
3340 5223 3509 5303 ⁸[ὧν.
3531 5224 3575 5285 ὦ
3601 5230 3663 5295 C,
3683 5233 3712 5285 ὁ

436 5300 511 5365 Μ,
545 5298 867 5356 Bunsetiius.
941 5302 988 5333 ⁵⁸
1015 5300 1250 5426 Φαίδρὲκ
1275 5298 1507 5353 Φαίδωνι
1532 5300 1597 5361 C.
1641 5298 1711 5352 M.

440 5373 485 5402 "
510 5375 610 5426 οὐκ
630 5373 805 5426 ὄντος.
855 5371 1133 5426 οἰκοῦντος
1226 5411 1240 5426 .
1280 5369 1611 5426 διοικοῦντος
1656 5384 1711 5425 cc

440 5373 485 5402 "
510 5375 610 5426 οὐκ
630 5373 805 5433 ὄντος.
855 5371 1133 5433 οἰκοῦντος

437 5441 695 5497 Correxit
730 5440 1010 5496 Jacobius.
1081 5441 1129 5472 ³⁸
1164 5440 1324 5511 μετά.
1355 5440 1525 5511 αὐτῆς
1562 5440 1892 5511 Bunsgniug,
1963 5440 2009 5511 tto
2034 5443 2070 5494 ἀ

440 5515 499 5581 (ρ.
529 5511 573 5543 ⁸³
605 5515 637 5580 ἡ
676 5511 882 5579 υἱότης.
910 5509 1338 5581 υἰότητοςήϐὶ-Μ.
1416 5510 1460 5541 ⁶¹
1490 5510 1646 5581 μηδέ.
1677 5509 1851 5581 μὴμὴ
1875 5509 1931 5581 δὲ

437 5579 502 5634 C.
579 5579 634 5614 ⁸⁸⁷
653 5582 754 5651 τῆς
786 5581 1034 5652 υἰότητος
1055 5579 1197 5652 add.
1224 5579 1563 5635 Uhlhorni‘us‘
1597 5581 1724 5652 coll:
1744 5579 1794 5635 fl.
1824 5580 1918 5652 46.
2047 5589 2100 5634 et

1809 5296 2261 5370 ⁵δὲῦεργετείειταιξ
2293 5296 2374 5370 C.
2432 5300 2477 5332 ⁵⁸
2502 5297 2611 5368 γὰρ

1280 5369 1611 5441 διοικοῦντος
1656 5369 1798 5437 conj.
1833 5368 1905 5425 Μ.
1950 5367 2202 5424 Correxit
2237 5367 2507 5441 Jacoﬁhius.
2582 5367 2931 5441 1⁵ζοίξδέηούσ
2963 5373 3099 5441 (εἰς),
3126 5371 3182 5424 δὲ
3226 5370 3287 5439 C,
3323 5371 3512 5434 οὐσίας
3541 5370 3595 5425 δὲ
3634 5370 3705 5425 Μ.

2075 5441 2311 5541 ﬁgurant.
2338 5438 2670 5541 ἄιῤῥητοιζνκϐ.
2700 5440 2773 5541 ἑξ,
2804 5438 3052 5541 ΟΙοιχθξίι
3079 5440 3266 5522 Jacob.
3301 5442 3389 5541 ﬂ“
3420 5442 3709 5523 Osoxm-plov

2175 5526 2344 5541 ....,.,...
2604 5528 2682 5541 υ..
2710 5529 2731 5541 .-
2809 5529 2832 5541 ..
3007 5528 3084 5541 ..η
3123 5528 3240 5541 Μ...
3450 5514 3496 5541 sl
3536 5530 3708 5541 .....-..

2656 5300 2780 5372 ὑπῤ.
2831 5299 2941 5372 γὰρ
2995 5301 3103 5354 ἀπὸ
3156 5299 3705 5372 (ΣκΜηΒιιηεειιίιρε.

2172 5510 2344 5582 μῦρον
2476 5510 2553 5582 '7“
2574 5510 2687 5582 έχει
2709 5512 2777 5565 εἰ.
2807 5513 2855 5565 εἰ
2890 5511 2953 5582 (ζ,
2978 5510 3264 5582 ἕχει-00113.
3301 5510 3371 5566 Μ.
3450 5510 3708 5582 ⁶Γμῦρον

2130 5527 2143 5540 ·
2172 5527 2244 5579 μυ
2286 5527 2344 5563 ον
2369 5527 2431 5565 υ.
2507 5527 2777 5580 "exstet.
2807 5527 2855 5565 ει
2890 5527 2953 5574 υ,
2978 5527 3004 5563 ε
3041 5528 3089 5563 ει
3122 5528 3264 5581 οοιῃ.
3301 5527 3371 5566 Μ.
3450 5527 3496 5544 υ·
3534 5530 3706 5582 μυρον

2130 5596 2184 5649 p.
2214 5527 2338 5642 ﬁgi,
2370 5581 2405 5633 2
2436 5581 2522 5635 ed.
2568 5581 2669 5636 ΟΧ.
2700 5599 2713 5637 :
2756 5597 2866 5636 om.
2900 5581 2963 5644 C,
2993 5530 3061 5644 ιῇ,
3094 5580 3400 5638 Buusenins
3430 5582 3706 5646 Jacobius,

439 5652 531 5718 qui
564 5649 863 5738 provocem
893 5649 1173 5736 legendum
1209 5664 1330 5704 esse
1357 5660 1544 5737 censet
1587 5650 1786 5720 ὀσμῆς.
1863 5649 1907 5735 σς
1938 5649 2019 5704 Cf.
2056 5650 2190 5717 psal.
2220 5663 2428 5713 cxxxu,
2470 5651 2523 5706 2.
2566 5652 2657 5714 Ὠς
2698 5652 2868 5723 μύρον
2914 5653 3007 5704 ἐπὶ
3048 5652 3291 5723 κεφαλὴν
3331 5649 3622 5776 ἑκεφαλῆς]
3650 5653 3710 5707 τὸ

439 5720 764 5774 καταϐαινον
794 5722 887 5773 ἐπὶ
918 5737 1175 5776 πωγωνα.
1205 5719 1296 5772 τὸν
1327 5737 1568 5776 πωγωνα
1608 5721 1698 5773 τὸν
1740 5720 1975 5776 ’Δαρων.
2024 5736 2079 5773 κ.
2114 5736 2166 5773 τ.
2204 5718 2253 5771 λ.
2333 5720 2377 5751 ⁸⁸
2420 5722 2505 5776 Cf.
2537 5722 2576 5776 V
2607 5722 2739 5776 Mus.
2775 5739 2948 5776 χχιιι.
2984 5724 3069 5776 Η.
3113 5722 3326 5776 Ὠς-ἀετ
3362 5741 3390 5776 ς
3435 5728 3708 5776 σκεπάσαι

439 5718 768 5774 καταϐαῖνον
794 5718 887 5773 ἐστὶ
918 5718 1175 5789 πώγωνα,
1205 5719 1296 5772 τὸν
1327 5719 1568 5789 πώγωνα
1608 5718 1698 5773 τδν
1734 5718 1975 5789 ν’Δαρὼν.
2024 5736 2079 5773 κ.
2114 5736 2166 5773 τ.
2204 5718 2253 5771 λ.
2333 5720 2377 5751 ⁸⁸
2420 5722 2505 5777 (If.
2537 5722 2576 5776 V
2607 5718 2739 5777 Mus.
2775 5718 2948 5788 ixxtt,
2984 5724 3069 5776 Η.
3113 5718 3326 5786 Ὠς-ἆετ

439 5791 659 5859 νοσσιὰν
685 5790 901 5849 ἑαυτοῦ,
937 5788 1030 5844 καί
1051 5790 1144 5842 ἐπὶ
1166 5792 1278 5853 τοῖς
1308 5788 1550 5853 νεοσσοῖς
1576 5788 1742 5842 αὑτοῦ
1780 5788 2091 5859 ἐπεπόθησε

3362 5741 3390 5786 ς
3435 5728 3708 5778 σκεπάσαι

2100 5830 2113 5853 ,
2138 5790 2273 5863 διεὶς
2305 5790 2404 5854 τὰς
2444 5793 2723 5863 πτέρυγας
2748 5794 2913 5848 αὐτοῦ
2958 5793 3175 5859 ἐδέξατο
3216 5792 3430 5860 αὐτοὺς,
3471 5796 3566 5847 καὶ
3611 5797 3708 5848 ἁν-

468 5858 631 5913 λασεν
664 5861 858 5923 αὐτοὺς
886 5862 977 5914 ἐπὶ
1004 5860 1115 5913 τῶν
1148 5861 1499 5931 μεταφρένων
1529 5860 1716 5915 αὐτοῦ.
1747 5859 1831 5915 Cf.
1867 5860 1910 5913 ll
1935 5858 2070 5915 Mus.
2107 5875 2220 5926 th,
2243 5861 2297 5916 4.
