4114 6414
453 337 594 402 3333

1916 339 2292 402 ORIGENIS

3613 337 3764 402 333i

457 449 529 502 tis
558 446 870 502 mutilatum
915 444 1322 500 renuntiavisse
1373 444 1599 515 (horum
1643 443 1811 518 39‘.
1838 474 1866 489 -
1889 444 2051 517 395

2157 445 2338 508 τολος,
2375 442 2502 497 οὕτε
2525 445 2756 515 Μάρκος
2784 448 2813 497 ὁ
2841 444 3300 508 κολοδοδάκτυλος
3331 444 3373 476 ¹¹
3415 443 3762 516 άνήγγιιλαν

453 540 602 593 enim
641 539 774 593 nihil
810 541 860 593 in
887 537 1183 608 Evangelio
1215 536 1384 594 Marci
1436 538 1699 609 scriptum
1749 538 1906 609 est),
1955 537 2050 592 sed

458 631 838 701 Empedoclem
876 629 1110 684 Metonis
1139 628 1578 700 Agrigentinum,
1618 643 1776 697 quem
1808 629 2053 698 expilaiis

457 723 523 776 ad
559 723 662 778 hoc
700 738 868 792 usque
901 732 1118 792 tempus
1144 722 1475 798 opinabatur
1502 720 1688 790 fugere
1713 735 1901 774 omnes
1932 734 2053 774 sese

457 815 871 885 disposition‘cm
923 816 1197 867 universae
1255 829 1365 867 sua:
1427 814 1650 867 haeresis
1700 827 1729 864 a
1765 809 1951 865 Sicilia
1997 812 2050 865 in

457 907 805 976 evangelicae
852 907 1094 961 rationes
1133 905 1437 959 transferre
1490 904 1624 972 ipsis
1670 905 1874 958 verbis.
1939 905 2053 974 Age

457 1000 625 1066 cnim,
665 1016 698 1055 ο
731 999 994 1066 Marcion,
1029 1001 1187 1054 sicuti
1219 997 1736 1066 contrapositionem
1770 995 2052 1051 instituisti

460 1090 587 1145 boni
623 1099 679 1146 et
712 1089 862 1154 mali,
913 1101 1306 1159 contraponam
1351 1096 1408 1142 et
1457 1087 1571 1157 ipse
1615 1084 1807 1151 hodie,
1835 1095 2052 1140 secutus

461 1193 578 1249 tua,
609 1198 729 1254 qua:
759 1183 1028 1252 opinaris,
1064 1181 1336 1253 degmata.
1375 1179 1720 1251 Demiurgum
1763 1180 1844 1236 ais
1867 1180 2052 1235 mundi

455 1262 584 1330 esse
636 1275 876 1342 malum;
912 1276 1107 1330 exinde
1159 1290 1339 1331 nonne
1385 1275 1667 1330 erubescis
1712 1273 2054 1343 Empedoclis

459 1367 740 1421 doctrinas
798 1366 1100 1420 Ecclesiain
1156 1376 1208 1421 te
1265 1365 1505 1421 docere?
1557 1364 1763 1420 Bonum
1805 1380 1927 1421 esse
1970 1367 2053 1423 ais

463 1453 631 1509 Deum
661 1454 1046 1509 ilissolventem
1075 1456 1340 1526 demiurgi
1378 1457 1632 1525 ﬁgmenta
1666 1472 1682 1520 ;
1718 1455 1915 1511 exinde
1943 1471 2052 1511 non

364 1551 368 1555 ‘
462 1559 650 1616 aperte
681 1545 1022 1616 Empedoclis
1055 1547 1351 1601 amicitiam
1387 1545 1668 1616 Evangelii
1721 1546 1842 1603 Ioco
1887 1548 2054 1617 proli-

462 1637 596 1691 teris
621 1651 806 1691 coram
841 1637 928 1704 iis,
959 1639 1050 1707 qui
1087 1635 1315 1692 auribus
1340 1637 1615 1706 accipiunt
1637 1639 1833 1692 bonum
1869 1637 2056 1692 tuum?

462 1727 630 1783 Vetas
662 1727 895 1792 nubere,
937 1729 1141 1784 liberos
1177 1743 1494 1799 procreare,
1526 1729 1805 1785 abstinere
1833 1745 1863 1785 a
1893 1731 2052 1795 cibis,

2159 533 2236 606 [p.
2274 534 2403 588 252.
2431 533 2589 607 253.]
2626 533 2854 604 (τούτων
2881 536 2993 606 γὰρ
3053 536 3210 590 οὐδὲν
3254 535 3300 568 ⁸⁸
3329 536 3390 589 έν
3414 535 3493 606 τῷ
3521 538 3674 590 κατὰ
3712 538 3757 569 ’⁸

2155 627 2390 698 Μάρκον
2423 627 2750 697 Εὑαγγελίῳ
2792 628 3148 700 γέγραπται),
3196 627 3334 684 ἀλλὰ
3376 609 3811 726 Ἐμπεδοκλῆςῖ.

2157 721 2381 784 Matinio;
2415 721 2458 752 “
2503 721 2950 791 Ἀκραγαντῖνος,
2996 720 3056 773 ὃν
3100 719 3438 788 συλαγωγῶν
3469 720 3633 791 μέχρι
3655 718 3764 774 νῦν

2155 811 2456 866 λανθάνειν
2493 813 2846 883 ὑπελάμϐανε
2873 812 2974 883 τὴν
3000 810 3264 882 διαταγὴν
3288 812 3471 880 πάσης
3495 811 3600 879 τῆς
3630 812 3756 865 κατ’
3769 847 3788 904 3

2153 901 2323 954 αὑτὸν
2355 901 2621 974 αἱρέσεως
2653 901 2762 955 ἀπὸ
2790 902 2891 971 τῆς
2918 901 3171 964 Σικελίας
3204 903 3285 964 είς
3310 902 3439 964 τοὺς
3466 901 3765 970 εὐαγγελιι

2153 993 2292 1056 κοὺς
2339 994 2532 1063 λόγους
2564 994 2890 1066 μεταφέρων
2919 994 3110 1056 αὐταῖς
3141 992 3340 1057 λέξεσι.
3381 993 3520 1062 Φέρε
3549 991 3682 1062 γὰρ,
3707 986 3757 1046 ὦ

2153 1084 2447 1155 Μαρκίων,
2500 1085 2758 1158 καθάπερ
2807 1085 2906 1158 τὴν
2948 1084 3384 1156 άντιπαράθεσιν
3441 1083 3770 1154 πεποίηκας-

2154 1175 2366 1245 άγαθοῦ
2401 1178 2499 1232 καὶ
2530 1178 2728 1243 κακοῦ,
2780 1177 3138 1247 ἀντιπαραθῶ
3181 1175 3338 1246 κάγὼ
3378 1177 3624 1248 σήμερον
3650 1193 3764 1230 κα-

2153 1266 2507 1321 τακολουθῶν
2539 1270 2657 1331 τοῖς
2687 1271 2824 1332 σοῖς,
2874 1267 2950 1332 ὡς
3001 1257 3441 1338 ὑπολαμϐάνεις,
3487 1264 3752 1337 δόγμασι.

2153 1359 2505 1431 Δημιουργδν
2531 1360 2636 1432 φὴς
2669 1357 2810 1414 εἶναι
2832 1361 2927 1414 τοῦ
2958 1362 3166 1433 κόσμου
3203 1359 3473 1431 πονηρόν·
3505 1354 3624 1412 εἶτα
3649 1361 3756 1412 οὐκ

2154 1450 2481 1525 ἐγκαλύπτῃ
2511 1453 2554 1484 ¹⁶
2576 1451 2703 1515 τοὺς
2717 1451 3148 1522 Ἐμπεδοκλέους
3168 1449 3363 1519 λόγους
3388 1448 3488 1521 τὴν
3526 1449 3756 1519 Ἐκκλη-

2157 1543 2283 1596 σίαν
2319 1543 2604 1615 κατηχῶν;
2648 1543 2878 1612 Ἀγαθὸν
2907 1544 3014 1614 φὴς
3049 1539 3190 1596 εἶναι
3231 1542 3368 1596 Θεὸν
3413 1539 3758 1595 καταλύοντα

2153 1633 2224 1688 τὰ
2256 1633 2353 1687 τοῦ
2383 1636 2397 1704 ί
2427 1634 2767 1708 δημιουργοῦ
2794 1636 3077 1706 ποιήματα
3099 1649 3112 1663 ·
3134 1630 3234 1687 εἶτ’
3255 1633 3318 1686 ού
3353 1633 3396 1664 "
3423 1631 3756 1700 καταφανῶς

2155 1720 2258 1796 τήν
2295 1727 2738 1798 Ἐμπεδοκλέους
2761 1726 2942 1797 φιλίαν
2973 1725 3308 1798 εύαγγελίζη
3329 1725 3374 1758 ¹⁸
3404 1728 3517 1788 τοῖς
3543 1726 3762 1794 ἀκροω-

457 1833 598 1889 quos
631 1817 775 1874 Deus
801 1819 1011 1874 creavit
1046 1819 1114 1873 ad
1147 1819 1557 1890 percipiendum
1594 1820 1844 1876 ﬁdelibus
1879 1830 1935 1875 et
1971 1822 2051 1876 his

2161 1815 2347 1888 μένοις
2403 1817 2496 1871 τὸν
2543 1816 2787 1886 άγαθόν;
2827 1815 3076 1880 κωλύεις
3124 1818 3328 1886 γαμεῖν
3391 1815 3456 1880 η,
3502 1811 3766 1879 τεκνοῦν,

457 1910 554 1981 qui
585 1920 958 1982 cognoverunt
983 1912 1305 1978 veritatem;
1336 1912 1678 1981 Empedoclis
1702 1913 1838 1968 lates
1859 1915 2060 1968 lustra-

460 2003 640 2059 tiones
688 2003 931 2058 ducens?
979 2001 1214 2058 Secutus
1261 2001 1409 2058 enim
1467 2019 1662 2074 reapse
1725 2019 1822 2074 per
1873 2007 2056 2060 omnia

458 2093 610 2149 hunc
649 2093 803 2148 cibos
857 2107 1112 2148 recusare
1144 2094 1306 2148 doces
1347 2093 1642 2162 discipulos
1668 2105 1790 2149 tuos
1813 2135 1828 2159 ,
1860 2109 1930 2150 ne
1961 2110 2056 2149 ve-

455 2194 685 2240 scantur
709 2199 939 2254 corpore
960 2184 1162 2252 aliquo,
1200 2185 1340 2254 quod
1373 2183 1644 2255 reliquum
1669 2185 1742 2238 sit
1793 2185 1990 2240 anima:
2023 2201 2053 2241 a

455 2275 742 2346 demiurgo
775 2273 997 2343 punitas.
1049 2272 1231 2329 Solvis
1284 2290 1314 2329 a
1364 2275 1472 2329 Deo
1506 2276 1819 2330 consociata
1865 2277 2055 2330 matri-

456 2365 640 2421 monia
666 2365 1011 2434 Empedoclis
1047 2375 1270 2422 secutus
1319 2367 1625 2421 doctrinam
1658 2407 1674 2431 ,
1711 2377 1769 2421 ut
1799 2367 1894 2423 tibi
1924 2383 2055 2424 con-

455 2467 708 2514 servetur
733 2458 993 2514 amicitia
1023 2473 1162 2528 Opus
1187 2473 1351 2512 unum
1377 2459 1750 2515 indiscretum.
1784 2460 2055 2516 Discernit

455 2549 604 2604 enim
694 2550 1098 2605 matrimonium
1166 2551 1466 2605 secundum
1530 2550 1912 2620 Empedoclem
1999 2554 2053 2610 id

457 2641 604 2712 quod
655 2657 823 2696 unum
878 2651 964 2699 est
1016 2653 1070 2698 et
1136 2642 1269 2698 facit
1333 2644 1499 2698 multa
1534 2683 1550 2711 ,
1612 2645 1754 2700 sicut
1824 2647 2052 2703 demon-

459 2733 781 2789 stravimus.

527 3021 618 3076 3I.
653 3019 796 3091 Ergo
833 3021 1065 3091 primam
1107 3029 1164 3076 et
1201 3018 1435 3074 maxime
1465 3033 1780 3087 germanam
1815 3019 2051 3077 Marcio-

2159 1909 2470 1980 άπέχεσθαι
2515 1909 2847 1982 βρωμάτων,
2884 1901 2962 1963 ὧν
2993 1911 3022 1963 ὁ
3052 1908 3186 1970 Θεὸς
3219 1907 3438 1962 ἔκτισεν
3477 1907 3556 1969 εἰς
3588 1906 3758 1976 μετά-

2156 1999 2325 2072 ληψιν
2362 2004 2478 2065 τοῖς
2515 2003 2734 2066 πιστοῖς
2778 2001 2874 2055 καὶ
2915 2000 3258 2069 ἐπεγνωκόσι
3305 2000 3409 2070 τὴν
3455 1997 3751 2068 ἀλήθειανο

2158 2093 2288 2157 τοὺς
2324 2093 2759 2165 Ἐμπεδοκλέους
2783 2093 3075 2157 λανθάνεις
3099 2092 3372 2147 διδάσκων
3395 2089 3750 2162 καθαρμούςς

2167 2186 2470 2256 Ἐπόμενος
2521 2187 2633 2256 γὰρ
2681 2187 2757 2250 ὡς
2791 2185 3010 2256 άληθῶς
3061 2185 3207 2240 κατὰ
3263 2184 3446 2238 πάντα
3478 2183 3650 2253 τούτῳ
3679 2183 3751 2236 τὰ

2158 2277 2428 2349 βρώματα
2485 2277 2874 2351 παραιτεῖσθαι
2907 2279 3036 2341 τοὺς
3075 2275 3276 2332 ἑαυτοῦ
3323 2274 3572 2348 μαθητὰς
3609 2275 3750 2328 διδά-

2159 2385 2332 2438 σκεις,
2378 2371 2468 2426 ἵνα
2514 2370 2590 2442 μὴ
2623 2370 2840 2440 φάγωσι
2867 2369 3032 2440 σῶμά
3061 2387 3116 2423 τι
3143 2368 3402 2439 λείψανον
3434 2366 3610 2439 ψυχῆς
3644 2365 3753 2419 ὑπὸ

2155 2460 2250 2515 τοῦ
2283 2462 2624 2534 δημιουργοῦ
2648 2461 3061 2533 κεκολασμένης
3085 2463 3160 2493 ³⁸·
3187 2461 3340 2523 λύεις
3364 2461 3491 2524 τοὺς
3517 2457 3621 2512 ὑπὸ
3652 2457 3751 2511 τοῦ

2154 2553 2291 2607 Θεοῦ
2342 2555 2830 2627 συνηρμοσμένους
2875 2556 3089 2626 γάμους
3139 2557 3254 2617 τοῖς
3321 2550 3754 2624 Ἐμπεδοκλέους

2153 2646 2466 2702 ἀκολουθῶν
2503 2648 2795 2720 δόγμασιν,
2827 2649 2915 2702 ἴνα
2949 2665 3032 2702 σοι
3066 2647 3320 2718 φυλαχθῇ
3347 2646 3408 2700 τὸ
3439 2646 3536 2716 τῆς
3566 2644 3754 2714 φιλίας

2154 2737 2316 2810 ἔργον
2375 2741 2434 2794 ἓν
2485 2743 2814 2814 ἀδιαίρετον.
2875 2743 3090 2813 Διαιρεῖ
3145 2736 3256 2811 γ’ὰρ
3306 2740 3337 2792 ό
3376 2738 3550 2809 γάμος
3606 2737 3751 2790 κατὰ

2167 2831 2542 2901 Ἐμπεδοκλέα
2570 2832 2632 2884 τὸ
2668 2832 2727 2886 ἓν
2773 2832 2868 2886 καλ⁵
2895 2833 3043 2886 ποιεῖ
3070 2830 3263 2897 πολλὰ,
3318 2827 3504 2892 καθὼς
3529 2827 3756 2882 ἀπεδείο.

2157 2919 2352 2992 ξαμεν.

2225 3013 2329 3068 λα’.
2378 3015 2443 3068 Ἡ
2478 3012 2580 3084 μὲν
2603 3008 2697 3067 οὖν
2729 3012 2922 3083 πρώτη
2957 3014 3051 3066 καὶ
3072 3011 3463 3083 καθαριωτάτη
3484 3009 3757 3081 Μαρκίωι

457 3107 543 3164 nis
568 3109 823 3178 haeresi",
862 3123 931 3164 ex
984 3108 1126 3164 bono
1154 3118 1209 3164 et
1245 3107 1386 3163 man
1418 3106 1739 3175 conﬂatam,
1782 3109 2051 3182 Empedo-

2155 3123 2247 3170 vo;
2279 3106 2516 3178 αἵρεσις,
2577 3105 2638 3172 ἐξ
2691 3104 2901 3173 ἀγαθοῦ
2959 3105 3055 3158 καὶ
3107 3103 3285 3158 κακοῦ
3341 3103 3442 3176 τὴν
3486 3101 3749 3156 σύστασιν

457 3199 628 3255 cleam
661 3213 785 3254 esse
834 3199 991 3254 nobis
1029 3199 1366 3256 declaratum
1415 3207 1520 3253 est.
1558 3197 1828 3264 Quoniam
1863 3209 2046 3256 autem

2155 3197 2380 3269 ἔχουσα,
2452 3196 2891 3268 Ἐμπεδοκλέους
2938 3198 3073 3268 ἡμῖν
3119 3191 3264 3251 εἶναι
3317 3196 3752 3266 πεφανέρωται*

461 3293 565 3346 hoc
599 3300 786 3346 nostro
816 3305 933 3346 aevo
975 3293 1097 3346 novi
1151 3291 1353 3361 aliquid
1393 3301 1447 3345 et
1487 3290 1794 3346 mirabilius
1817 3302 2048 3348 conatus

457 3391 544 3438 cst
573 3381 923 3438 Marcionista
963 3384 1182 3452 quidam
1231 3383 1454 3439 nomine
1505 3383 1716 3452 Prepon
1763 3384 2045 3454 Assyrius,

456 3477 547 3543 qui
595 3475 663 3529 ad
689 3473 1073 3531 Bardesianem
1106 3474 1428 3531 Armenium
1459 3475 1666 3542 scripto
1709 3474 1836 3530 fecit
1881 3477 2047 3530 verba

457 3568 526 3622 de
562 3567 777 3632 haeresi,
807 3583 875 3622 ne
905 3568 1009 3622 hoc
1042 3567 1264 3638 quidem
1288 3568 1484 3621 silebo.
1519 3563 1760 3619 Tertium
1779 3565 2053 3636 professus

2154 3290 2280 3344 ἐπεὶ
2303 3290 2360 3344 δὲ
2379 3291 2422 3320 ¹¹
2449 3292 2508 3343 ἐν
2540 3292 2655 3352 τοῖς
2683 3288 2809 3343 καθ’
2830 3290 2979 3360 ἡμᾶς
3009 3289 3226 3359 χρόνοις
3247 3289 3344 3342 νῦν
3372 3287 3680 3358 καινότερόν
3696 3287 3744 3318 ²¹

2153 3399 2205 3435 τι
2241 3381 2570 3452 ἐπεχείρησε
2607 3382 3040 3452 Μαρκιωνιστής
3071 3398 3156 3445 τις
3183 3383 3230 3414 ’³
3263 3381 3498 3452 Πρέπων
3547 3379 3744 3432 Ἀσσύ-

2157 3490 2273 3545 ριος
2298 3473 2368 3539 ³⁵,
2405 3473 2542 3544 πρὸς
2576 3473 2961 3544 Βαρδησιάνην
2998 3475 3044 3506 ³³
3076 3474 3169 3527 τὸν
3224 3474 3511 3545 ’Δρμένιον
3538 3473 3743 3542 ἐγγρά-

2151 3583 2269 3634 φως
2323 3565 2558 3636 ποιήσας
2592 3565 2640 3598 ⁸⁸
2675 3565 2872 3634 λόγους
2926 3566 3056 3637 περὶ
3108 3566 3209 3636 τῆς
3280 3565 3564 3637 αἱρέσεως,
3621 3563 3743 3617 οἱδὶ

459 3655 784 3724 principium
817 3655 983 3726 396
1008 3683 1038 3697 -
1062 3654 1226 3725 397
1267 3654 1320 3708 id
1369 3656 1514 3721 quod
1558 3651 1764 3716 justum
1793 3664 1876 3706 est
1908 3661 1963 3706 et
1996 3653 2051 3708 in

2154 3655 2309 3709 τοῦτο
2341 3657 2716 3727 σιωπήσομαι.
2761 3656 2968 3728 Τρίτην
3021 3658 3247 3727 φάσκων
3278 3657 3358 3728 [ρ.
3392 3657 3519 3712 955.
3573 3655 3729 3725 εει]

459 3745 638 3799 medio
661 3745 802 3797 inter
831 3745 1032 3798 bonum
1058 3755 1112 3798 et
1141 3743 1341 3797 malum
1362 3743 1619 3812 positum,
1637 3757 1704 3796 ne
1728 3742 1808 3797 sic
1833 3743 2050 3812 quidem

2154 3748 2361 3802 δίκαιον
2392 3743 2536 3802 εἶναι
2582 3749 2760 3820 ἀρχὴν
2791 3749 2889 3802 καὶ
2937 3748 3111 3819 μέσην
3161 3747 3375 3818 ἀγαθοῦ
3423 3749 3515 3802 καὶ
3564 3746 3729 3801 κακοῦ

457 3834 669 3903 I’repon
707 3824 877 3887 valuit
899 3833 1238 3903 Empedoclis
1273 3833 1552 3889 doetrinas
1590 3831 1851 3903 eﬂugere.
1884 3831 2043 3888 Mun-

457 3924 586 3978 dum
638 3923 780 3977 enim
812 3923 888 3976 ait
922 3937 1044 3978 esse
1073 3923 1432 3994 Empedocles
1466 3937 1611 3989 eum,
1648 3923 1742 3994 qui
1773 3938 1802 3978 a
1834 3923 2043 3979 discor-

456 4016 542 4069 dia
607 4013 747 4069 mala
809 4017 1184 4086 gubernetur,
1243 4025 1298 4071 et
1351 4015 1580 4070 alterum
1623 4015 2038 4087 Intelligibilem,

2149 3839 2514 3910 τεταγμένην,
2550 3839 2662 3892 οὐδ’
2680 3838 2856 3902 οὕτως
2878 3841 2922 3872 ’⁷
2943 3839 3010 3912 δὴ
3035 3840 3083 3874 ³⁸
3099 3841 3127 3894 ό
3151 3840 3384 3911 Πρέπων
3408 3840 3504 3904 τὰς
3538 3839 3732 3909 Ἐμπε-

2147 3927 2404 3992 δοκλέους
2446 3927 2740 3997 διαφυγεῖν
2797 3926 2990 3998 ίσχυσε
3047 3927 3211 3994 δόξας
3251 3929 3319 3983 ’⁸.
3379 3928 3596 3997 Κόσμον
3629 3926 3738 3996 γάρ

2149 4036 2316 4092 φησιν
2349 4014 2490 4074 εῖναι
2523 4022 2552 4074 ό
2589 4019 2967 4092 Ἐμπεδοκλῆς
2992 4019 3085 4072 τὸν
3105 4019 3212 4074 ὑπὸ
3244 4021 3339 4072 τοῦ
3368 4018 3577 4080 νείκους
3603 4017 3740 4071 διοι-

455 4105 547 4174 ιιιιί
580 4105 650 4159 ab
677 4106 941 4171 amicitia,
981 4113 1036 4160 et
1074 4121 1194 4161 esse
1239 4107 1357 4162 haec
1388 4106 1599 4162 diversa
1640 4109 1903 4178 principia
1932 4109 2038 4163 duo

2154 4111 2415 4182 κούμενον
2459 4109 2555 4165 τοῦ
2592 4110 2859 4182 πονηροῦ,
2891 4113 2986 4165 καὶ
3019 4112 3211 4182 ἕτερον
3260 4112 3451 4181 νοητὸν
3489 4111 3580 4163 τὸν
3632 4109 3740 4163 ὑπὸ

454 4197 578 4251 boui
631 4205 686 4251 et
727 4197 876 4262 mali,
910 4197 1140 4251 mediam
1170 4207 1352 4252 autem
1382 4211 1506 4254 esse
1525 4198 1858 4254 diversorum
1887 4201 2038 4271 prin-

2145 4202 2248 4273 τῆς
2281 4201 2482 4271 φιλίας,
2512 4201 2607 4256 καὶ
2631 4197 2772 4255 εἶναι
2817 4199 3021 4265 ταύτας
3049 4201 3150 4265 τὰς
3175 4202 3532 4270 διαφερούσας
3560 4199 3742 4270 ἀρχὰς

451 4287 716 4358 cipiorum
747 4289 949 4357 justam
977 4290 1239 4344 rationem
1263 4331 1276 4355 ,
1302 4304 1406 4360 qua
1435 4289 1768 4361 colligantur
1801 4292 2040 4348 discreta

2154 4293 2244 4348 δύο
2276 4293 2486 4362 ἀγαθοῦ
2518 4293 2614 4347 καὶ
2645 4292 2842 4358 κακοῦ,
2881 4293 3049 4362 μέσον
3077 4293 3136 4346 δὲ
3159 4289 3300 4346 εἶναι
3329 4293 3438 4346 τῶν
3463 4291 3736 4362 διαφόρων

448 4392 482 4431 a
505 4380 775 4434 discordia
805 4388 860 4434 et
889 4380 1256 4450 adjungantur
1291 4397 1387 4451 per
1418 4383 1717 4438 amicitiam
1743 4386 1855 4439 uni.
1884 4384 2036 4440 Hanc

2154 4385 2331 4458 Ειρχῶν
2382 4386 2595 4440 δίκαιον
2639 4384 2820 4452 λόγον,
2857 4383 2984 4438 καθ’
3021 4384 3080 4437 ὃν
3132 4385 3491 4457 συγκρίνεται
3537 4385 3608 4436 τὰ
3657 4380 3738 4434 δι-

1742 4538 1980 4595 VARIAS
2023 4539 2321 4597 LECTION
2330 4542 2432 4599 ES.

520 4649 567 4682 ι’
612 4645 1092 4708 κολοὸοδάκτυλος.
1159 4648 1441 4716 Epitheton
1497 4664 1526 4702 a
1589 4651 1722 4705 viris
1791 4650 1964 4705 doctis
2021 4651 2312 4708 infeliciter
2365 4662 2714 4707 attrectalum
2767 4650 3085 4705 vindicavit.
3136 4651 3187 4705 ι.
3260 4651 3318 4706 S.
3352 4651 3441 4706 W.
3501 4652 3552 4704 iu
3616 4651 3724 4708 Tha

445 4718 683 4774 Journal
730 4719 785 4787 οι

848 4717 1076 4793 cassical
1123 4720 1226 4793 and
1283 4723 1470 4793 sacred
1540 4720 1840 4793 philology.
1893 4721 2232 4793 Cambridge.
2287 4723 2475 4777 March
2525 4722 2789 4793 £855,7p.
2832 4721 2923 4788 87,
2955 4721 3132 4775 allatis
3164 4723 3261 4778 .bis
3300 4737 3366 4776 ex
3413 4720 3731 4793 prmfatioiie

449 4805 571 4858 quae
621 4789 822 4860 dicitur
887 4789 1199 4860 Hieronymi
1269 4789 1338 4842 ad
1392 4789 1753 4860 Evangeliuu‘i
1780 4789 1961 4847 Marci
2011 4792 2063 4846 in
2120 4789 2241 4847 cod.
2287 4793 2563 4847 Amiatino
2618 4810 2632 4847 :

2691 4792 2927 4861 Denique
2967 4800 3272 4862 amputasse
3305 4793 3402 4845 sibi
3426 4802 3542 4860 post
3573 4792 3730 4846 ﬁdem

449 4859 698 4930 pollicem
742 4859 962 4930 dicitur,
1012 4871 1072 4930 ut
1098 4859 1419 4912 sacerdotio
1464 4859 1712 4930 reprobus
1771 4863 2078 4930 haberetur,
2121 4875 2227 4917 cel.
2283 4864 2486 4919 Eadem
2547 4865 2788 4917 narratio
2830 4859 3024 4930 legitur
3056 4859 3250 4916 Vetiam
3302 4863 3353 4916 iu
3385 4859 3567 4930 codice
3589 4863 3730 4913 Ara-

447 4929 598 5001 bia-0,
634 4927 1174 5001 queiiiﬁleisclierus
1219 4927 1526 5001 descripsit
1556 4933 1608 4985 in
1657 4928 1964 4999 Zeitsclirift
2008 4927 2106 4986 der
2147 4933 2446 4988 Deutschen
2479 4927 3038 5001 morgenlwndischeit
3071 4930 3462 5000 Cesellschaft.,
3506 4929 3726 5001 Leipzig

449 4997 752 5074 ‘I_85i,_\'_ol.
785 4998 924 5062 VIII,
961 5015 1011 5069 p.
1064 4998 1188 5065 586,
1226 4998 1370 5074 quod
1390 4997 1416 5074 ς
1431 5002 1800 5074 testimonium
1833 5001 1896 5056 II.
1922 4997 2148 5058 Ewaldo
2193 5005 2473 5074 debemus.
2526 4997 2750 5058 Videtur
2779 5006 2962 5056 autem
2983 4999 3316 5074 _Hippolytus
3357 4997 3457 5056 hac
3487 4997 3725 5074 appella;

451 5070 600 5143 tione
633 5069 754 5124 ideo
792 5085 921 5143 usus
954 5068 1093 5143 esse,
1131 5079 1188 5122 ut
1241 5068 1720 5143 simulﬂalludcret
1743 5074 1839 5143 ad
1870 5075 2198 5138 mutilatum,
2234 5088 2342 5143 quo
2395 5072 2928 5143 Marcion_iiterelur,
2983 5068 3356 5141 Evangelium,
3409 5068 3549 5141 quod
3594 5085 3728 5143 cum

449 5136 612 5208 Lucae
643 5149 807 5204 esset,
843 5138 1160 5208 Hippolytus
1192 5153 1357 5208 prave
1401 5139 1583 5196 Marco
1614 5141 1941 5196 ascribebat.
1971 5146 2140 5206 Idem,
2179 5136 2299 5196 cuiu
2359 5143 2582 5197 Paulum
2618 5140 2798 5196 Marco
2845 5136 3164 5204 consociet:
3197 5136 3564 5198 Marc'ioneum
3593 5139 3728 5194 Novi

450 5207 700 5265 Fwderis
740 5207 1004 5264 canouein
1037 5207 1415 5276 complectitur
1465 5214 1800 5265 universum.

1899 5214 1942 5244 ⁸³
1965 5213 2139 5267 οὐδέν.
2174 5213 2295 5266 οὐδὲ
2323 5211 2387 5266 C.
2470 5214 2510 5244 ”
2542 5215 2686 5267 κατὰ
2713 5227 2824 5268 om.
2855 5211 2916 5264 C.
3011 5212 3054 5242 ¹⁵
3085 5213 3321 5274 Μιῶνος.
3360 5211 3574 5266 Rectius
3618 5212 3732 5264 Μέ-

448 5295 650 5356 διωνος.Δ
671 5275 1338 5356 _Stui3.iihi_£n_ip_edocl.
1377 5295 1452 5356 p._
1466 5281 1576 5356 4.__
1598 5281 1647 5356 “_
1672 5280 2006 5356 ἐγκαλύπτῃ.
2045 5284 2440 5356 ἐγκαταλύπτη
2469 5284 2554 5356 C._
2611 5285 2653 5314 "
2686 5278 2784 5356 εἶτ’
2816 5275 2987 5356 οὐεεῖ
3016 5283 3119 5356 -τοῦ
3147 5279 3368 5356 (λγ-εἶξα
3409 5282 3478 5337 M.
3567 5281 3731 5356 ἐ-εύτ

450 5347 733 5419 αγγελήζη
761 5349 824 5404 C.

449 5504 571 5571 ἕης.
626 5489 723 5571 καὶ
771 5489 1258 5571 κολασμένηςις)...
1296 5489 1336 5520 ³³
1699 5491 1822 5571 ‘Eni
1861 5495 1925 5571 Δδίε
1960 5496 2021 5548 (.1.

585 5626 720 5702 rima
783 5626 962 5683 littera
1016 5631 1252 5702 nou-riuis
1316 5626 1796 5702 Bap$.exesa.M.

452 5709 634 5766 merus
662 5698 940 5766 librorum,
971 5698 1134 5750 veluti
1169 5700 1196 5750 θ
1220 5702 1243 5750 ’ἔ
1322 5702 1364 5731 ³⁷
1395 5695 1584 5764 οὕτως.
1623 5695 1778 5763 οὗτος
1804 5702 1866 5766 C,
1896 5703 1966 5757 M.

453 5763 772 5828 πεδοκὶέδυς
800 5797 866 5806 -
891 5766 1046 5836 δόξης
1079 5769 1137 5833 (3,
1165 5767 1234 5821 Μ.

907 5350 949 5380 ¹⁹
982 5348 1067 5403 Cf.
1091 5347 1285 5426 ΔΙςἸίιιι.
1322 5347 1394 5414 ιν,
1416 5351 1454 5426 ,5
1483 5371 1495 5406 :
1525 5347 1870 5426 Δκωλυόντων
1909 5347 2132 5426 γαμεῖν,
2167 5347 2484 5426 γάπέχεσθξιι
2533 5353 2860 5426 βρωμάτων,
2895 5350 2931 5402 ἃ.
2961 5353 3062 5422 (sic
3096 5347 3266 5426 pr.C,
3301 5347 3377 5426 ᾦν
3418 5369 3561 5426 corr.
3597 5350 3657 5419 C)
3681 5353 3736 5426 _6.

449 5418 582 5483 Θεὸς
607 5418 935 5505 ἔκτισενκεῑς
971 5419 1272 5505 μετάληψιν
1296 5421 1441 5505 μετέ
1485 5421 1843 5505 conuicio-Eiet;
1869 5418 2000 5486 toi;
2027 5424 2120 5476 καὶ
2161 5418 2980 5505 ἐπεγνωκόσιντὴνᾲλήθειαν,
2994 5441 3047 5476 κ.
3080 5418 3129 5475 τ.
3163 5425 3212 5505 λε

3309 5424 3356 5454 ¹⁰
3384 5422 3730 5491 κεκολασμέ-

2123 5495 2168 5524 II
2196 5495 2515 5524 υηιιιλρρι-ιλυ
2591 5493 2892 5524 αλρυιῖιη-ειλυ
2941 5493 2980 5524 Ρ
3085 5495 3130 5524 ιι
3164 5494 3586 5524 lilunuu.u..podta
3619 5507 3704 5524 σιη-

449 5504 571 5558 νης.
626 5491 723 5541 καὶ
771 5491 1112 5571 κολασμένης
1141 5491 1203 5549 C.
1296 5491 1336 5520 “
1384 5492 1537 5571 Ἐπεὶ
1570 5491 1648 5545 δέ.
1699 5491 1822 5542 Ἐπὶ
1869 5495 1925 5547 δὲ
1960 5496 2021 5548 (.1.
2123 5495 2168 5524 "
2196 5491 2537 5566 καινότερόν.
2591 5491 2892 5560 κενώτερόν
2941 5492 3003 5545 C.
3085 5495 3130 5524 "
3163 5494 3586 5563 Μαρκιωνιστής
3619 5507 3728 5564 τις.

449 5556 744 5643 Μαρκίων,
782 5575 967 5643 νηστις
1003 5577 1087 5621 τις
1122 5560 1183 5640 (ξ,
1209 5558 1283 5640 M,
1316 5576 1405 5643 qun
1435 5578 1537 5643 pro
1565 5561 1828 5643 Μαρκέων
1861 5563 2146 5643 legend-um
2179 5581 2297 5643 esse
2329 5576 2515 5643 censet
2541 5563 2890 5643 Μαρκίωνος.
2969 5563 3021 5643 :5
3060 5564 3375 5643 -ᾏσρύριος
3403 5561 3626 5643 ᾁσύριος
3660 5561 3725 5614 Co

451 5576 744 5679 Μαιρκιων,
782 5576 967 5629 νηστις
1003 5577 1087 5621 τις
1122 5576 1183 5622 ι..
1214 5576 1283 5626 Μ,
1316 5576 1405 5628 qun
1441 5578 1537 5628 pro
1565 5576 1828 5628 Μαρκιων
1861 5576 2146 5633 legendum
2179 5581 2297 5618 eSsc
2329 5576 2515 5619 censet
2541 5576 2890 5634 Μαρκιωνος.
2977 5576 3021 5592 "
3078 5576 3375 5633 Ἀσσυριος.
3403 5576 3626 5633 ασυριος
3660 5576 3725 5614 lu

451 5626 498 5656 ’⁸
585 5626 720 5680 rima
783 5629 962 5683 littera
1016 5631 1252 5682 nominis
1316 5631 1482 5702 Βαρδ.
1513 5648 1696 5686 exesa.
1727 5631 1796 5683 M.
1875 5636 1920 5664 "
1947 5633 2204 5700 ποιήσας.
2243 5633 2308 5690 ll.
2353 5633 2570 5699 Scotus,
2601 5630 2932 5701 ποιήσασθαι
2966 5631 3029 5695 C,
3059 5632 3127 5685 M.
3164 5631 3390 5686 Latctne
3415 5634 3466 5686 in
3497 5635 3586 5685 θαι
3627 5647 3730 5684 nu-

452 5709 634 5747 merus
662 5698 940 5758 librorum,
971 5698 1134 5750 veluti
1169 5700 1196 5750 θ
1220 5702 1243 5750 ’ἔ
1322 5702 1364 5731 ³⁷
1395 5700 1584 5758 οὕτως.
1623 5695 1778 5758 οὗτος
1804 5702 1866 5758 C.
1896 5703 1966 5757 M.
2044 5703 2091 5733 ³³
2117 5703 2202 5758 δή.
2231 5705 2285 5756 δὲ
2319 5704 2380 5758 C.
2463 5705 2506 5735 ³⁵
2543 5711 2639 5758 τας
2683 5701 3108 5758 Ἐμπεδοκλέους
3142 5735 3209 5742 --
3237 5701 3414 5758 δόξας.
3459 5705 3556 5758 τῆς
3597 5701 3729 5758 Ἐμμ-

2149 5719 2202 5772 η.
2231 5719 2285 5756 οε
2319 5719 2380 5758 ιλ.

2976 5563 3021 5633 ξδ
3061 5561 3375 5633 κ’ᾼσλσύριος.
3403 5561 3626 5633 άσύριος
3660 5561 3725 5614 C.

2463 5705 2506 5735 ³⁵
2543 5711 2639 5766 τας
2683 5701 3108 5771 Ἐμπεδοκλέους
3142 5735 3209 5742 --
3237 5701 3414 5766 δόξας.
3459 5705 3556 5771 τῆς
3597 5701 3729 5771 Ἐμμ-
