4114 6492
364 439 380 462 ’
418 479 562 544 3345

1911 479 2197 539 ORIGEN
2207 478 2274 536 IS

3541 467 3686 536 3346

418 598 508 666 qui
563 607 618 652 et
650 599 1139 668 contrapositioues
1196 599 1495 653 conabatur
1554 607 1611 652 et
1665 610 2000 666 quaecunque

2115 592 2276 661 Βόγμα
2317 591 2581 660 ἐκράτυνε
2620 592 2904 660 Μαρκίων,
2961 591 3059 654 τὰς
3106 607 3164 642 τε
3210 585 3683 657 ἁντιπαραθέσεις

417 688 792 762 ﬁla-511
823 691 1105 759 placebam
1134 702 1325 746 contra
1355 692 1734 746 fabricatorem
1762 690 1997 744 lllliVl‘J'Sl

419 780 749 836 diilamabat.
782 783 1147 837 Consimiliter
1180 795 1358 839 autem
1388 784 1552 837 etiam
1585 781 1878 843 Lucianus,
1913 783 2003 832 hu-

417 872 502 937 jus
533 873 850 939 discipulus.

493 963 584 1016 58.
620 963 873 1031 Appelles
906 974 1085 1017 autem
1121 966 1188 1017 ah
1217 965 1303 1019 his
1342 976 1496 1018 ortus
1529 964 1606 1018 ait
1633 965 1685 1018 in
1718 964 1858 1017 hunc
1889 978 2002 1015 mo-

423 1052 547 1105 dum
599 1068 719 1107 esse
765 1053 930 1106 Deum
973 1059 1258 1123 quemdam
1308 1054 1507 1108 bonum
1538 1094 1554 1118 ,
1613 1053 1770 1107 sieuti
1830 1053 1990 1105 etiam

424 1139 664 1201 Marcion
696 1146 1053 1215 supponebat,
1077 1162 1198 1199 eum
1225 1156 1429 1209 autem,
1459 1145 1548 1213 qui
1582 1145 1832 1198 universa
1857 1159 2006 1196 crea-

425 1235 563 1289 verit
596 1235 938 1302 essejustum
961 1278 976 1299 ,
1012 1238 1100 1304 qui
1135 1236 1427 1290 fabricatus
1468 1237 1538 1290 sit
1579 1250 1642 1290 ea
1672 1276 1687 1297 .
1719 1251 1837 1303 quae
1866 1234 2005 1287 facta

425 1336 588 1391 sunt,
641 1337 696 1382 et
745 1329 962 1382 tertium
994 1343 1115 1382 esse
1145 1368 1159 1393 ,
1207 1329 1298 1397 qui
1330 1343 1453 1382 cum
1487 1327 1634 1383 Mose
1662 1329 1870 1382 loculus
1917 1327 2008 1391 sit,

427 1419 572 1474 hunc
597 1429 774 1474 autem
807 1434 928 1474 esse
957 1420 1170 1489 igneum
1200 1461 1214 1486 ,
1271 1435 1393 1474 esse
1422 1428 1600 1473 autem
1634 1421 1798 1472 etiam
1846 1419 2005 1470 alium

427 1522 676 1578 quartum
703 1551 719 1574 ,
752 1512 1012 1564 malorutn
1064 1521 1380 1572 auctorem;
1420 1511 1518 1564 hos
1567 1520 1745 1564 autem
1790 1509 2010 1579 angulos

430 1601 693 1652 nominat.
721 1599 918 1669 Legem
946 1613 1124 1656 autem
1152 1611 1204 1657 et
1234 1603 1525 1671 prophetas
1551 1602 1861 1671 proscindit,
1887 1616 2009 1654 cum

430 1691 658 1743 humana
711 1702 765 1743 et
811 1693 1088 1746 mendacia
1136 1693 1282 1746 dicat
1319 1708 1440 1746 esse
1473 1709 1591 1759 qua:
1624 1693 1826 1760 scripta
1863 1699 2007 1754 sunt,

2103 682 2486 752 ἐπιχειρήσας,
2548 683 2642 736 καὶ
2691 682 2791 734 ὅσα
2840 680 2991 751 αὐτῷ
3050 681 3228 746 ἔδοξεν
3306 680 3386 743 είς
3437 679 3528 731 τὸν
3570 675 3685 729 τῶν

2103 774 2365 828 ἁπάντων
2410 773 2741 845 δημιουργὸν
2778 770 2856 844 [-p.
2887 771 3013 826 259.
3039 769 3194 843 260.]
3246 769 3613 840 δυσφημήσας
3639 769 3682 820 ⁸.

2114 866 2349 935 Ὁμοίως
2383 866 2438 918 δὲ
2487 867 2578 920 καὶ
2602 869 2621 898 ⁸
2655 866 2965 925 ’Λουκιανὸς
2997 865 3025 916 ὁ
3053 863 3243 917 τούτου
3277 861 3546 932 μαθητής.

2175 958 2276 1027 λη’.
2309 957 2350 988 ”
2385 957 2647 1025 Ἀπελλῆς
2674 959 2714 988 τί
2761 957 2818 1009 δὲ
2863 957 2928 1008 ἐκ
2953 957 3158 1007 τούτων
3197 953 3490 1023 γενόμενος
3511 950 3687 1013 οὕτως

2105 1048 2254 1115 λέγει
2281 1064 2294 1077 ’
2329 1045 2485 1101 Εἶναί
2515 1065 2637 1100 τινα
2671 1047 2802 1100 Θεὸν
2833 1047 3056 1116 ἀγαθὸν,
3089 1043 3272 1108 καθὼς
3301 1044 3396 1096 καὶ
3420 1042 3690 1112 Μαρκίων

2107 1140 2360 1204 ὑπέθετο,
2413 1139 2505 1192 τὸν
2539 1140 2595 1192 δὲ
2649 1140 2825 1192 πάντα
2878 1139 3139 1192 κτίσαντα
3173 1132 3314 1190 εἷναι
3365 1135 3597 1196 δίκαιον,
3630 1133 3691 1193 ὃς

2107 1231 2176 1283 τὰ
2210 1232 2480 1300 γενόμενα
2527 1229 2950 1301 ἐδημιούργησε,
2994 1229 3087 1280 καὶ
3135 1228 3319 1298 τρίτον
3348 1225 3441 1278 τὸν
3493 1226 3692 1278 Μωσεῖ
3735 1289 3744 1301 .

2108 1320 2440 1392 λαλήσαντα,
2490 1319 2714 1390 πύρινον
2756 1320 2812 1372 δὲ
2861 1319 3048 1372 τοῦτον
3074 1314 3235 1381 εἶναι,
3275 1314 3414 1369 εἶναι
3440 1316 3498 1369 δὲ
3528 1316 3626 1367 καὶ
3647 1315 3689 1346 ⁸³

2109 1413 2367 1483 τέταρτον
2395 1412 2602 1482 ἕτερον,
2627 1411 2812 1464 κακῶν
2841 1413 3012 1464 αἴτιον
3031 1427 3044 1441 ·
3074 1409 3305 1472 τούτους
3334 1408 3390 1460 δὲ
3420 1407 3691 1476 ἀγγέλους

2110 1505 2390 1575 ὀνομάζει.
2430 1505 2611 1574 Νόμον
2645 1505 2699 1556 δὲ
2728 1504 2821 1556 καὶ
2849 1504 3132 1573 προφήτας
3154 1501 3452 1570 δυσφημεῖ,
3478 1498 3694 1568 ἀνθρώ-

2113 1616 2244 1651 πινα
2278 1599 2374 1651 καὶ
2410 1598 2578 1668 ψευδῆ
2618 1598 2842 1666 φάσκων
2880 1591 3021 1649 εἶναι
3051 1594 3122 1647 τὰ
3169 1576 3556 1665 γεγραμμένα,
3583 1589 3695 1643 τῶν

2111 1692 2168 1744 δὲ
2191 1691 2540 1758 Εὑαγγελίων
2569 1689 2606 1759 ,ἢ
2631 1689 2722 1742 τού
2761 1687 3087 1741 Ἀποστόλου
3117 1688 3186 1740 τὰ
3211 1686 3517 1758 ἀρέσκοντα
3543 1681 3696 1752 αὐτῷ

428 1796 491 1834 ex
532 1780 838 1849 Evangeliis
872 1793 1053 1836 autem
1089 1783 1171 1836 vel
1216 1782 1474 1850 Apostolo
1519 1798 1638 1852 quae
1691 1782 1788 1850 ipsi
1839 1781 2013 1850 placet

2115 1786 2374 1853 αἱρεῖται.
2421 1781 2756 1852 Φιλουμένης
2798 1780 2856 1833 δέ
2897 1795 3044 1841 τινος
3084 1778 3262 1844 λόγοις
3314 1777 3572 1847 προσέχει
3617 1775 3697 1838 ὡς

427 1869 527 1923 sibi
559 1871 730 1939 eligit.
778 1871 1112 1924 Philumenae
1143 1883 1320 1926 autem
1360 1873 1638 1940 cujusdam
1673 1873 2013 1926 sermonibus

2117 1876 2450 1946 προφήτιδος
2498 1871 2837 1944 φανερώσεσι
2863 1872 2927 1924 ¹³.
2969 1872 3072 1924 Τὸν
3125 1871 3183 1922 δὲ
3241 1869 3476 1939 Χριστὸν
3499 1869 3565 1921 ὲκ
3595 1867 3699 1937 τῆς

429 1975 549 2014 sese
594 1961 826 2030 applicat
861 1971 1116 2032 tanquam
1155 1965 1516 2032 prophetissa:
1566 1962 2006 2016 revelationibus.

2115 1969 2347 2040 ὕπερθεν
2367 1968 2651 2036 δυνάμεως
2679 1964 3128 2034 κατεληλυθέναι,
3155 1963 3404 2016 τουτέστι
3435 1961 3529 2014 τοῦ
3562 1962 3700 2028 ἀγα-

403 2051 707 2113 .Christum
757 2063 934 2107 autem
980 2069 1008 2107 a
1053 2069 1288 2122 superna
1331 2063 1602 2124 potestate
1646 2054 2010 2118 descendisse,

433 2147 536 2198 hoc
562 2155 645 2197 est
691 2158 720 2196 a
750 2143 912 2208 bono,
948 2144 1201 2213 illiusque
1237 2144 1412 2212 ipsum
1444 2159 1566 2199 esse
1614 2143 1780 2198 ﬁlium
1813 2181 1830 2208 ,
1872 2146 2015 2198 hunc

433 2246 613 2289 autem
647 2251 750 2288 non
783 2252 855 2290 ex
887 2236 1096 2306 virgine
1130 2250 1252 2289 esse
1286 2247 1493 2300 natum,
1524 2251 1699 2304 neque
1728 2252 1888 2290 carne
1926 2250 2017 2288 ca-

435 2328 611 2382 ruisse
644 2344 766 2381 eum
796 2329 1246 2398 qui_apparuerit
1289 2329 1406 2392 ait,
1468 2330 1559 2382 sed
1609 2342 1674 2382 ex
1717 2329 2016 2382 substantia

437 2421 822 2474 universicum
857 2431 1036 2488 partes
1078 2421 1283 2489 ceperit
1327 2436 1526 2488 torpus
1553 2422 1653 2474 sibi
1695 2419 2014 2485 confecisse,

437 2512 538 2565 hoc
566 2520 648 2564 est
681 2511 841 2563 calidi
884 2521 938 2564 et
980 2509 1160 2578 frigidi
1201 2519 1255 2564 et
1297 2513 1501 2564 humidi
1536 2521 1589 2566 et
1640 2511 1806 2576 sicci,
1866 2522 1919 2565 et
1963 2513 2016 2564 in

439 2603 542 2653 hoc
584 2615 813 2666 corpore
843 2600 1093 2656 latentem
1128 2601 1422 2655 mundanas
1474 2611 1768 2670 potestates
1818 2603 2018 2654 vixisse

439 2702 669 2758 tempus,
703 2692 844 2761 quod
883 2692 1079 2746 vixerit
1131 2693 1183 2746 in
1233 2694 1480 2758 mundo;
1534 2708 1721 2747 rursus
1758 2703 1938 2747 autem
1988 2709 2018 2748 a

438 2781 638 2837 Judaeis
677 2784 999 2837 crucilixunt
1031 2797 1154 2837 eum
1204 2795 1475 2838 mortuum
1510 2799 1649 2850 esse,
1683 2798 1736 2839 et
1767 2796 1886 2854 post
1912 2797 2020 2841 tres

439 2875 557 2929 dies
587 2875 962 2930 resuscitatum
986 2877 1303 2944 apparuisse
1328 2877 1627 2943 discipulis,
1649 2887 1701 2930 et
1722 2888 2018 2932 monstrata

443 2964 609 3035 ﬁgura
641 2964 916 3017 clavorum
948 2974 1002 3017 et
1035 2965 1222 3020 lateris
1244 2966 1330 3019 sui
1366 2969 1703 3034 persuasisse
1730 2967 1797 3022 iis
1823 2977 2020 3022 semet-

442 3057 616 3125 ipsum
649 3071 770 3111 esse
822 3067 878 3112 et
936 3073 1039 3112 non
1086 3061 1406 3126 phantasma
1443 3099 1457 3123 ,
1514 3059 1606 3113 sed
1639 3075 1858 3114 carnem
1901 3075 2022 3115 sese

441 3149 656 3203 habere.
696 3147 952 3216 Carnem,
986 3151 1160 3220 inquit
1185 3189 1201 3214 ,
1237 3161 1521 3220 postquam
1549 3153 1869 3206 monstravit
1903 3154 2024 3206 red-

443 3239 580 3291 didit
607 3247 764 3293 terrze
789 3279 803 3303 ,
835 3257 937 3308 qua
971 3256 1038 3294 ex
1071 3241 1373 3296 substantia
1404 3253 1542 3307 erat,
1574 3243 1708 3297 nihil
1735 3244 1892 3298 alieni
1924 3259 2022 3298 au-

2117 2060 2234 2125 θοῦ,
2271 2058 2532 2114 κάκείνου
2577 2058 2740 2110 αὐτὸν
2791 2051 3088 2119 εἷναιυὶὸν,
3145 2053 3335 2106 τοῦτον
3388 2051 3445 2104 δὲ
3493 2052 3593 2104 οὐκ
3633 2051 3700 2102 ὲκ

2116 2150 2384 2222 παρθένου
2419 2147 2801 2218 γεγεννῆσθαι,
2842 2146 2963 2199 οὐδὲ
3007 2146 3248 2214 ἄσαρκον
3303 2139 3440 2195 εἶναι
3469 2141 3559 2194 τὸν
3589 2157 3700 2208 φα-

2115 2243 2278 2296 νέντα
2302 2240 2346 2273 ³⁸
2368 2241 2542 2309 λέγει,
2582 2237 2694 2292 ἀλλ’
2723 2241 2785 2290 ἐκ
2824 2239 2923 2306 τῆς
2951 2235 3043 2289 τοῦ
3078 2235 3280 2298 παντὸς
3312 2234 3501 2292 οὐσίας
3530 2251 3703 2301 μετα-

2117 2333 2348 2388 λαϐόντα
2384 2332 2564 2403 μερῶν
2597 2330 2757 2399 σῶμα
2790 2327 3170 2398 πεποιηκέναι,
3211 2326 3458 2378 τουτέστι
3491 2321 3703 2393 θερμοῦ

2118 2425 2211 2477 καὶ
2237 2423 2448 2492 ψυχροῦ
2486 2422 2580 2474 καὶ
2612 2419 2782 2491 ὑγροῦ
2820 2420 2915 2472 καὶ
2961 2417 3149 2488 ξηροῦ.
3187 2417 3283 2470 καὶ
3322 2419 3381 2469 ὲν
3417 2415 3593 2484 τούτῳ
3623 2414 3706 2483 τῷ

2122 2513 2332 2584 σώματι
2356 2512 2590 2566 λαθόντα
2613 2511 2655 2541 ¹⁵
2678 2510 2775 2572 τὰς
2799 2509 3068 2578 κοσμικὰς
3093 2506 3340 2572 ἐξουσίας
3373 2505 3705 2577 βεϐιωκέναι

2119 2607 2178 2660 ὃν
2206 2606 2399 2659 ἐϐίωσε
2428 2606 2620 2674 χρόνον
2653 2604 2711 2657 ὲν
2735 2602 2926 2672 κόσμῳ
2953 2617 2964 2629 ’
3010 2596 3167 2663 αὖθις
3201 2600 3258 2653 δὲ
3290 2599 3394 2651 ὑπὸ
3426 2597 3706 2650 Ἰουδαίων

2120 2694 2657 2752 ἀνασκολοπισθέντα
2706 2693 2914 2757 θανεῖν,
2981 2693 3077 2746 καὶ
3111 2691 3250 2760 μετὰ
3283 2694 3431 2759 τρεῖς
3481 2689 3706 2758 ἡμέρας

2121 2790 2418 2861 ἐγερθέντα
2474 2787 2710 2858 φανῆναι
2764 2789 2876 2850 τοῖς
2930 2785 3223 2856 μαθηταῖς,
3271 2783 3525 2848 δείξαντα
3574 2781 3710 2844 τοὺς

2120 2883 2326 2946 τύπους
2351 2883 2394 2912 ³⁸
2422 2881 2532 2934 τῶν
2554 2880 2714 2949 ,ἥλων
2743 2880 2838 2933 καὶ
2868 2878 2970 2948 τῆς
3002 2880 3013 2948 |
3046 2877 3308 2948 πλευρᾶς,
3337 2874 3597 2927 πείθοντα
3622 2874 3709 2927 ὅτι

2121 2974 2288 3038 αὐτὸς
2339 2975 2425 3044 εῐη
2474 2973 2571 3027 καὶ
2615 2974 2676 3026 οὐ
2731 2971 3046 3042 φάντασμα,
3081 2969 3218 3024 ἀλλὰ
3281 2969 3550 3039 ἐνσαρκος
3611 2961 3707 3037 ἦν.

2123 3066 2335 3136 Σάρκα,
2375 3065 2532 3135 φησί,
2562 3064 2744 3128 δείξας
2776 3063 3026 3117 ἀπέδωκε
3059 3064 3151 3132 γῇ,
3199 3060 3259 3126 ἐξ
3288 3055 3473 3131 ἧσπερ
3505 3053 3576 3128 ἦν
3612 3057 3712 3110 οὺ-

2127 3159 2272 3221 σίας,
2322 3157 2488 3228 μηδὲν
2543 3156 2823 3228 ἀλλότριον
2844 3156 2883 3187 ι’
2951 3153 3314 3217 πλεονεκτῶν,
3382 3149 3520 3205 ἀλλὰ
3568 3150 3712 3220 πρὸς

2086 3293 2092 3300 .
2125 3248 2318 3319 καιρὸν
2351 3248 2722 3318 χρησάμενος,
2769 3245 3021 3309 ἑκάστοις
3056 3246 3122 3296 τὰ
3169 3241 3275 3296 ἴδια
3307 3240 3584 3302 ἀπέδωκε,
3617 3239 3714 3292 λύ-

442 3339 690 3398 cupatus,
727 3335 818 3385 sed
847 3334 912 3386 ad
948 3343 1156 3403 tempus
1184 3351 1312 3390 usus
1356 3335 1582 3404 singulis
1642 3350 1735 3388 sua
1766 3337 2013 3402 reddidit,

2130 3359 2228 3406 σας
2246 3342 2409 3396 πάλιν
2437 3340 2528 3392 τὸν
2545 3339 2747 3410 δεσμὸν
2773 3337 2864 3391 τοῦ
2884 3336 3157 3406 σώματος,
3188 3333 3376 3404 θερμῷ
3392 3332 3454 3385 τὸ
3481 3331 3709 3401 θερμὸν,

450 3425 723 3477 vinculum
754 3427 1003 3492 corporis
1033 3426 1248 3482 solvens
1273 3466 1289 3491 ,
1319 3427 1496 3481 calido
1531 3426 1761 3479 calidum
1783 3467 1798 3491 ,
1831 3428 2022 3497 frigido

445 3511 723 3581 frigidum,
767 3515 988 3567 humido
1020 3515 1334 3581 humidum,
1367 3515 1512 3568 sicco
1549 3515 1795 3581 siccum,
1853 3530 1907 3568 et
1951 3521 2023 3571 ita

446 3605 579 3658 abiit
604 3605 670 3657 ad
705 3607 903 3659 bonum
931 3617 1137 3674 patrem
1166 3608 1352 3660 relicto
1371 3606 1578 3661 semine
1598 3607 1721 3659 vita:
1745 3607 1798 3660 iu
1827 3611 2025 3664 mundo

444 3712 544 3768 per
587 3697 880 3765 discipulus
911 3698 1280 3752 credentibus.

514 3789 607 3846 39.
643 3787 899 3843 videmur
926 3790 1082 3842 nobis
1120 3801 1175 3843 et
1206 3791 1319 3843 haec
1354 3791 1485 3844 satis
1511 3793 1856 3860 exposuisse;
1891 3809 2022 3863 quo-

446 3879 595 3933 niam
627 3889 801 3931 atttetn
837 3878 968 3932 nihil
1025 3880 1363 3933 irrel'utatum
1396 3885 1809 3951 praetermittere
1839 3887 2023 3940 decre-

445 3969 624 4041 _vitnns
674 3983 900 4033 eorum,
953 3985 1071 4042 quia
1121 3988 1147 4022 a
1193 3972 1603 4044 quibuscunque
1671 3976 1826 4028 docta
1876 3985 2020 4039 sunt,

449 4061 726 4114 videamus
774 4061 900 4129 quid
943 4063 1104 4114 etiam
1139 4080 1168 4115 a
1205 4063 1417 4118 Docetis
1451 4065 1731 4120 inventum
1787 4069 1878 4122 sit.

2125 3434 2321 3504 ψυχρῷ
2349 3434 2410 3487 τὸ
2448 3433 2678 3504 ψυχρὸν,
2720 3430 2874 3501 ὑγρῷ
2917 3429 2979 3482 τὸ
3007 3428 3194 3498 ὑγρὸν.
3243 3425 3393 3497 ξηρῷ
3421 3425 3483 3479 τὸ
3517 3424 3709 3495 ξηρὸν.

2129 3528 2222 3578 καὶ
2243 3525 2416 3586 οὕτως
2449 3524 2722 3593 ἐπορεύθη
2751 3523 2886 3593 πρὸς
2907 3521 2998 3573 τὸν
3031 3519 3236 3588 ἀγαθὸν
3264 3521 3500 3589 πατέρα,
3535 3532 3710 3569 κατα-

2127 3615 2302 3669 λιπὼν
2333 3616 2512 3684 τὸτῆς
2548 3615 2692 3685 ζωῆς
2743 3615 2966 3684 σπέρμα
2995 3613 3072 3676 είς
3109 3613 3202 3664 τὸν
3237 3611 3440 3680 κόσμον
3471 3609 3560 3662 διὰ
3598 3608 3710 3660 τῶν

2134 3707 2392 3778 μαθητῶν
2420 3710 2534 3769 τοῖς
2564 3707 2898 3760 πιστεύουσι.

2200 3800 2301 3854 λθ’.
2338 3801 2495 3853 Δοκεῖ
2525 3801 2656 3869 ἡμῖν
2700 3801 2797 3852 καὶ
2845 3799 3018 3853 ταῦτα
3068 3797 3264 3860 ἱκανῶς
3316 3793 3652 3848 ἐκτεθεῖσθαι
3681 3808 3697 3823 ⁸

2130 3891 2245 3944 ἀλλ’
2293 3891 2418 3943 ἐπεὶ
2452 3891 2615 3961 μηδὲν
2669 3891 2998 3962 παραλιπεῖν
3045 3889 3369 3955 ἀνέλεγκτον
3411 3887 3707 3957 ἐκρίναμεν

2130 3985 2240 4037 τῶν
2271 3985 2375 4036 ὑπό
2404 4001 2565 4036 τινων
2613 3983 3149 4053 δεδογματισμένων,
3182 3980 3384 4050 ἴδωμεν
3419 3980 3472 4032 τί
3511 3978 3610 4032 καλ⁸
3647 3977 3712 4031 τὸ

2131 4075 2242 4135 τοῖς
2284 4071 2327 4103 ⁸⁸
2354 4074 2621 4143 Δοκήταις
2662 4071 3103 4142 ὲπινενοημένον.

1690 4244 1918 4302 νΛΒΙᾹΞ
1951 4247 2356 4303 LECTIONES.

517 4390 540 4420 ⁸
568 4389 912 4460 δυσφημίσας
943 4392 1003 4446 C.
1105 4394 1125 4425 ⁹
1155 4393 1212 4446 δὲ
1238 4393 1348 4446 καί.
1383 4410 1439 4446 τε
1469 4393 1563 4446 καὶ
1586 4395 1650 4450 C.
1682 4394 1752 4449 M.

447 4527 508 4580 τὲ
531 4533 620 4604 καὶ
645 4531 707 4586 C.
733 4527 777 4604 _'
876 4531 1238 4604 φανερώσεσι.
1270 4534 1517 4604 φανερῶς
1539 4536 1598 4597 C.
1632 4535 1701 4588 Μ.

759 4398 912 4476 μέσαις
943 4398 1029 4476 (3--
1238 4398 1348 4476 κρέξ.
1383 4410 1439 4476 τε
1469 4398 1563 4476 καὶ
1586 4398 1665 4476 C'.‘
1682 4398 1752 4449 M.
1845 4400 1901 4476 ff
1925 4398 2615 4476 Cf;Psettdo-Tertullian.
2658 4407 2776 4460 adv.
2835 4420 3012 4459 omnes
3088 4406 3219 4459 Iurr.
3253 4418 3313 4476 c._
3367 4403 3450 4476 6._
3478 4403 3714 4476 Tertull.

448 4457 527 4541 ,ρο
552 4457 850 4541 pratis—critus.
871 4466 1081 4541 lueret.
1111 4465 1198 4518 50.
1267 4463 1477 4541 Ειιδιὲιιζ
1719 4481 1770 4532 v,
1829 4469 1926 4541 _15.
1957 4540 1962 4541 γ
1990 4469 2314 4527 Theodoret.
2346 4472 2494 4528 er.
2527 4477 2637 4541 fab.
2673 4457 2821 4535 LQ-S.

1804 4539 1847 4571 ”
1897 4540 1983 4596 Cf.
2046 4542 2183 4595 infra
2235 4543 2270 4596 Ι.
2336 4559 2393 4606 ι,
2435 4562 2484 4599 c.
2521 4539 2608 4599 20.

2922 4476 2962 4506 ¹¹
3009 4476 3237 4544 Ἀπελὴς
3277 4473 3338 4527 C.
3439 4474 3481 4505 “
3511 4475 3566 4528 δὲ
3594 4476 3718 4528 καί.

2677 4562 2732 4613 p.
2762 4545 2888 4599 527.
2922 4547 3008 4601 ed.
3045 4545 3148 4600 0x.
3211 4545 3276 4598 14
3305 4544 3393 4596 τὸν
3452 4547 3718 4613 φανέντα.

495 4599 686 4686 ῐπῖέὲτα
715 4600 776 4682 (Ξο
803 4599 898 4686 Mn?
951 4602 995 4635 "
1016 4599 1542 4659 λαθόνταίλαϐδντα
1576 4604 1646 4658 Μ.
1727 4605 1871 4665 "cr.
1897 4611 1993 4666 Ev.
2024 4611 2184 4666 Joan.
2210 4628 2300 4681 xx,
2324 4599 2397 4668 25'
2421 4625 2477 4669 et
2504 4615 2634 4671 Luc.
2668 4599 2815 4682 im,
2841 4599 3376 4684 sufﬂandcpzov.
3400 4599 3620 4686 ἀλτριον
3649 4616 3723 4671 c.

478 4666 501 4694 ⁸
531 4673 660 4734 τοῖς.
697 4672 796 4743 τῆς
829 4671 893 4726 C.
