4114 6420
449 399 590 464 3349

447 608 648 662 tionem
682 609 955 664 sulﬁciens
978 647 994 673 ,
1024 610 1390 689 [metuentium
1423 609 1687 680 refugium
1713 649 1728 674 ,
1773 610 2037 664 nudorum

445 708 844 769 tegumentum,
878 701 1115 769 pudendi
1158 701 1521 756 velamentum
1551 742 1566 766 ,
1615 699 1822 755 fructus
1846 704 2012 770 quaesi

448 801 552 855 tus,
582 792 649 847 ad
680 809 839 862 quem
871 792 1021 847 venit
1049 808 1320 862 quaerens,
1360 792 1568 862 inquit,
1605 801 1690 846 ter
1719 800 1772 846 et
1810 806 1916 846 non
1951 791 2036 846 in-

441 883 634 950 venit;
670 892 958 952 propterea
991 882 1295 945 maledixit,
1329 881 1522 952 inquit,
1554 883 1734 936 arbori
1767 882 1871 943 ﬁci,
1912 882 2038 950 quia

443 971 658 1026 dulcem
687 973 836 1027 illum
888 972 1127 1028 fructum
1156 987 1261 1027 non
1295 972 1501 1027 invenit
1544 973 1596 1026 in
1643 988 1705 1027 ea
1735 1015 1750 1041 ,
1802 971 2038 1028 fructum

443 1064 756 1134 quaesitum.
800 1063 950 1120 Talis
979 1075 1161 1120 autem
1190 1079 1309 1120 cum
1356 1065 1468 1127 sit,
1525 1073 1582 1119 ut
1625 1068 1856 1121 strictim
1889 1066 2039 1121 dica-

443 1171 586 1222 mus,
621 1166 950 1227 tantusque,
985 1160 1088 1214 hoc
1117 1168 1200 1215 est
1235 1174 1434 1228 parvus
1481 1167 1536 1213 et
1570 1159 1810 1214 minutus
1845 1173 2041 1214 secun-

444 1249 572 1304 dum
620 1250 740 1306 illos
784 1251 950 1317 deus,
1005 1251 1238 1307 mundus
1281 1251 1456 1307 lactus
1480 1262 1584 1316 est,
1621 1260 1679 1306 ut
1712 1251 1815 1306 illis
1842 1251 2036 1320 placet,

443 1340 500 1395 in
534 1342 682 1396 hunc
727 1342 842 1398 fere
871 1341 1112 1399 modum.
1164 1341 1457 1414 Postquam
1509 1344 1646 1398 rami
1703 1343 1915 1398 arboris
1953 1342 2038 1398 ﬁci

444 1435 620 1491 teneri
651 1434 778 1490 facti
809 1445 956 1501 sunt,
987 1447 1355 1506 provenerunt
1387 1436 1535 1502 folia,
1568 1436 1731 1491 sicuti
1765 1435 1949 1490 videre
1979 1434 2043 1490 li-

444 1537 558 1592 cet,
582 1526 782 1584 deinde
809 1537 990 1583 autem
1016 1528 1248 1593 fructus,
1281 1529 1335 1582 in
1363 1543 1469 1599 quo
1501 1529 1773 1584 inﬁnitum
1799 1536 1854 1583 et
1882 1529 2040 1584 innu-

443 1618 708 1674 merabile
757 1618 1098 1674 reconditum
1131 1621 1436 1675 custoditur
1487 1635 1673 1674 semen
1722 1621 1874 1674 ﬁcus.
1910 1617 2040 1674 Tria

444 1707 612 1778 igitur
645 1722 770 1763 esse
799 1708 1113 1779 opinamur,
1140 1723 1264 1778 quae
1292 1710 1470 1777 primo
1500 1724 1529 1762 a
1561 1709 1768 1764 semine
1812 1709 2042 1763 ﬁculneo

443 1801 765 1856 exstiterint
792 1816 808 1855 :
832 1802 1060 1870 stirpem
1091 1816 1214 1870 quae
1239 1811 1324 1856 est
1353 1800 1514 1855 arbor
1546 1801 1652 1866 ﬁci,
1691 1800 1813 1855 folia
1838 1809 1891 1856 et
1927 1799 2040 1854 frn-

443 1901 618 1960 ctum,
660 1893 763 1946 hoc
799 1899 883 1947 est
917 1867 1187 1960 ﬁcum,_ut
1215 1902 1374 1946 antea
1421 1893 1678 1948 diximus.
1714 1893 1811 1958 Ita,
1839 1894 2034 1964 inquit,
2068 1867 2112 1922 Β

447 1994 560 2039 tres
593 1983 923 2039 exstiterunt
959 1999 1159 2052 aaones,
1196 2000 1226 2039 a
1275 1985 1450 2053 primo
1490 1985 1757 2054 principio
1802 1985 2040 2045 universi

444 2077 717 2146 principia
746 2093 761 2144 ;
801 2084 857 2132 et
886 2077 1025 2144 hoc,
1061 2077 1271 2147 inquit,
1304 2093 1372 2132 ne
1401 2076 1577 2132 Moses
1620 2077 1838 2147 quidem
1870 2075 2039 2142 siluit,

445 2187 574 2227 cum
621 2171 767 2226 dicat
814 2185 976 2240 voces
1016 2170 1107 2226 Dei
1162 2179 1271 2226 tres
1317 2186 1480 2226 esse:
1515 2169 1796 2234 Tenebraz,
1847 2170 2039 2240 caligo,

345 2295 362 2316 ς
448 2262 608 2318 turba
633 2303 648 2331 ,
683 2262 918 2334 nihilque
947 2262 1172 2318 addidit.
1211 2261 1354 2317 Nihil
1389 2263 1532 2317 enim
1559 2301 1574 2327 ,
1633 2263 1849 2333 inquit,
1896 2263 2042 2319 Deus

451 2355 628 2413 tribus
661 2357 870 2412 addidit
899 2356 1164 2422 monibus,
1185 2356 1278 2412 sed
1303 2355 1403 2427 ipsi
1427 2356 1608 2411 omnia
1627 2357 1895 2412 universis
1926 2369 2043 2426 qua:

447 2457 580 2506 nata
601 2460 728 2507 sunt
748 2450 1117 2520 prtcstiterunt
1141 2457 1304 2520 atque
1341 2458 1626 2519 praestant.
1658 2449 1836 2506 Manet
1862 2461 2041 2506 autem

448 2543 596 2602 Dens
628 2545 746 2615 ipse
777 2558 873 2613 per
906 2557 966 2599 se
999 2543 1157 2614 longe
1183 2557 1214 2596 a
1267 2542 1443 2598 tribus
1481 2543 1724 2598 aeonihus
1780 2553 2040 2599 remotus.

451 2635 684 2701 llorum,
714 2633 911 2704 inquit,
942 2647 1156 2688 :eonum
1186 2632 1516 2703 principium
1546 2631 1914 2702 generationis
1945 2648 2044 2688 na-

442 2736 596 2791 ctus,
623 2735 683 2782 ut
711 2726 914 2781 dictum
943 2733 1051 2789 est,
1085 2724 1314 2794 quisque
1349 2722 1608 2792 paulatim
1655 2723 1826 2777 crevit
1864 2735 1916 2778 et
1945 2738 2045 2776 au-

451 2826 579 2874 ctus
609 2825 694 2872 est
723 2825 778 2871 et
822 2816 997 2872 evasit
1029 2815 1326 2886 perfectus.
1358 2813 1666 2869 Perfectum
1714 2823 1896 2869 autem
1927 2830 2046 2869 esse

444 2911 744 2980 opinantur
773 2907 826 2963 id
848 2947 868 2975 ,
916 2908 1060 2977 quod
1096 2915 1409 2960 numeratur
1437 2907 1648 2961 decem.
1702 2904 1836 2960 Cum
1881 2906 2047 2976 igitur

455 3019 683 3060 numero
709 3011 762 3059 et
793 3001 1133 3074 perfectione
1166 3014 1326 3070 pares
1363 2998 1504 3054 inter
1533 3013 1590 3053 se
1615 2998 1890 3052 evaserint
1939 3013 2048 3052 teo—

457 3113 555 3154 nes
580 3137 596 3164 ,
648 3106 709 3152 ut
753 3095 826 3152 illi
854 3093 1150 3166 opinantur
1178 3129 1196 3157 ,
1246 3091 1471 3160 triginta
1511 3090 1839 3145 exstiterunt
1867 3104 2047 3146 aeones

454 3188 741 3256 universi,
792 3187 1022 3258 quisque
1067 3199 1256 3240 eorum
1308 3183 1516 3239 decade
1571 3181 1873 3238 absolutus.
1907 3182 2117 3286 ΞυιιιΕΙ

451 3292 637 3338 autem
672 3297 700 3336 a
732 3295 792 3337 se
825 3279 1056 3334 invicem
1090 3277 1312 3333 discreti
1349 3285 1406 3332 ει
1441 3275 1704 3330 honorem
1735 3274 1935 3329 habent
1965 3274 2048 3328 in-

454 3378 629 3432 vicem
667 3389 836 3430 umtm
856 3412 872 3440 ,
904 3387 1027 3427 cum
1063 3371 1334 3442 pos-itione
1365 3379 1576 3424 tantum
1603 3364 1879 3434 differant,
1921 3365 2048 3435 quia

455 3468 603 3524 aliud
644 3467 880 3537 primum
929 3473 1052 3532 est,
1105 3462 1253 3518 aliud
1279 3461 1620 3523 secundum,
1674 3458 1820 3513 aliud
1859 3473 2047 3512 eorum

459 3561 701 3616 tertium.
759 3556 966 3612 Positio
1022 3563 1204 3610 autem
1267 3555 1334 3609 iis
1374 3551 1736 3607 ditierentiam
1791 3551 2051 3621 potentiae

459 3653 741 3718 cxhihuit;
795 3649 887 3718 qui
917 3647 1059 3702 enim
1086 3647 1253 3718 416
1274 3645 1482 3718 -417
1515 3643 1762 3714 proxime
1797 3659 1828 3699 a
1875 3644 2050 3716 primo

457 3745 602 3810 deo,
657 3741 751 3813 qui
796 3749 1057 3809 tanquam
1089 3753 1275 3794 semen
1330 3748 1450 3805 est,
1493 3735 1818 3808 positionem
1860 3746 2051 3791 nactus

461 3843 568 3902 est,
604 3830 978 3904 genitaliorem
1010 3829 1229 3898 reliquis
1268 3828 1459 3883 habuit
1492 3835 1842 3898 potestatem,
1868 3827 2050 3884 decies

462 3935 634 3983 semet
668 3922 1035 3993 magnitudine
1065 3935 1280 3976 mensus
1313 3921 1426 3990 ipse
1452 3921 1790 3987 immensus;
1825 3921 1918 3990 qui
1954 3935 2051 3974 au-

465 4029 572 4076 tem
617 4017 888 4090 positione
928 4015 1087 4085 primi
1132 4013 1306 4069 factus
1360 4020 1446 4068 est
1507 4013 1813 4077 secundus,
1873 4013 2052 4068 sexies

463 4120 638 4169 semet
695 4106 1104 4178 comprehcndit
1165 4103 1735 4174 incomprehensibilis
1804 4104 1938 4169 ille;
2005 4105 2052 4160 is

462 4217 642 4264 autem
669 4246 685 4273 ,
741 4205 830 4275 qui
855 4203 964 4272 jam
1003 4202 1192 4256 tertius
1227 4200 1526 4271 positione,
1567 4201 1618 4254 in
1651 4199 1915 4256 inﬁnitam
1969 4200 2053 4255 di-

463 4302 718 4359 stantiam
745 4306 963 4367 propter
998 4295 1331 4348 incrementa
1368 4293 1598 4347 fratrum
1631 4293 1848 4350 delatus
1875 4333 1888 4357 ,
1925 4310 2050 4350 cum

467 4403 549 4449 ter
579 4402 754 4448 semet
797 4389 1096 4458 cogitaret,
1155 4395 1412 4455 tanquam
1457 4385 1735 4440 vinculum
1782 4387 2052 4456 quoddam

467 4487 689 4542 unitatis
718 4483 1066 4552 semetipsum
1097 4479 1268 4534 vinxit
1293 4493 1527 4533 aeonum.

1930 403 2224 466 ORIGEN
2231 407 2254 464 Ι
2263 407 2302 464 S

447 517 516 571 lis
570 514 885 587 magnitudo
908 555 923 584 ,
978 515 1264 574 innumera
1289 518 1636 574 multitudine
1663 557 1678 582 ,
1715 521 1781 574 ad
1813 533 2040 590 genera-

2148 521 2338 575 πεινὺν
2367 522 2622 593 μέγεθος,
2656 525 2964 596 ἀνήριθμον
2991 527 3050 580 ἐν
3092 527 3290 601 πλήθει
3316 570 3332 596 ,
3360 529 3499 602 πρὸς
3528 530 3762 600 γένεσιν
3869 573 3874 576 .

3607 411 3760 478 3350

2143 615 2449 686 ἀπροσδεὲς
2513 618 2580 682 ³⁸,
2644 618 2996 688 φοϐουμένων
3054 623 3347 694 καταφυγὴ
3397 624 3464 688 ⁸⁷,
3520 625 3765 694 γυμνῶν

2146 707 2326 780 σκέπη
2351 749 2365 772 ,
2401 708 2666 780 αἰσχύνης
2701 707 2746 742 ⁸⁸
2801 711 3164 784 ἐπικάλυμμα
3196 715 3264 781 ³’,
3303 713 3650 786 ζητούμενος
3705 715 3760 747 ⁸⁸

2142 801 2381 870 καρπὸς,
2410 802 2494 870 ἐφ’
2518 801 2577 856 ὃν
2635 797 2802 862 ἦλθεν
2833 804 2860 856 6
2892 803 3091 874 ζητῶν,
3117 805 3271 874 φησὶ,
3299 808 3419 876 τρὶς
3449 807 3492 839 ⁸⁸
3526 808 3624 862 καὶ
3654 807 3761 879 οὐχ

2142 889 2295 964 εὗρε,
2327 893 2408 947 διὸ
2438 894 2811 965 κατηράσατο,
2838 897 2994 965 φησὶ,
3013 898 3080 968 τῇ
3113 899 3278 968 συκῇ,
3297 898 3380 951 ὃτι
3403 899 3497 952 τὸν
3531 899 3755 968 γλυκὺν

2142 985 2354 1039 ἐκεῖνον
2386 985 2596 1056 καρπὸν
2623 986 2723 1056 οὐχ
2749 979 2910 1058 εὗρεν
2937 988 2996 1041 ἐν
3024 987 3186 1059 αὐτῇ,
3215 988 3428 1059 καρπὸν
3464 989 3512 1021 δ’
3547 989 3761 1060 ζητού-

2147 1093 2332 1147 μενον.
2365 1075 2621 1131 Τοιούτου
2672 1076 2729 1131 δὲ
2773 1077 2930 1141 ὄντος
2955 1118 2971 1143 ,
3003 1078 3080 1142 ώς
3128 1081 3306 1133 εἰπεῖν
3349 1080 3509 1152 τύπῳ
3547 1081 3620 1143 ⁸³,
3655 1081 3762 1135 καὶ

2142 1167 2490 1236 τηλικούτου,
2522 1165 2718 1240 μικροῦ
2771 1167 2870 1220 καὶ
2901 1167 3216 1237 ἀμεγέθους
3251 1168 3300 1200 ⁸⁸
3327 1170 3452 1222 κατ’
3498 1168 3762 1233 ἐκείνους

2143 1257 2239 1312 τοῦ
2293 1259 2416 1313 θεοῦ
2446 1300 2462 1326 ,
2497 1257 2724 1327 γέγονεν
2789 1259 2818 1312 6
2877 1259 3086 1331 κόσμος
3113 1299 3128 1325 ,
3169 1259 3245 1324 ὡς
3285 1259 3522 1324 ἐκείνοις
3561 1261 3758 1328 δοκεῖ,

2143 1348 2390 1406 τοιοῦτόν
2441 1367 2564 1404 τινα
2605 1349 2807 1420 τρόπον
2833 1365 2846 1380 ο
2905 1349 3155 1404 Ἀπαλῶν
3198 1350 3508 1422 γενομένων
3542 1350 3591 1384 ⁸³
3640 1351 3761 1404 τῶν

2144 1440 2362 1494 κλάδων
2414 1440 2514 1510 τῆς
2562 1441 2736 1512 συκῆς
2785 1441 3028 1512 προῆλθε
3079 1441 3255 1509 φύλλα
3283 1482 3299 1507 ,
3344 1439 3536 1512 ὥσπερ
3599 1443 3762 1496 ἐστὶν

2142 1531 2449 1605 ὁρώμενον,
2485 1531 2771 1601 ἑπομένως
2802 1531 2860 1585 δὲ
2894 1533 2923 1586 6
2953 1531 3166 1602 καρπὸς
3191 1571 3206 1596 ,
3241 1531 3300 1585 ὲν
3347 1524 3391 1598 ᾧ
3417 1531 3480 1584 τὸ
3513 1531 3762 1603 ἄπειρον

2143 1627 2245 1680 καὶ
2299 1625 2360 1679 τὸ
2399 1625 2838 1698 ἀνεξαρίθμητον
2893 1625 3362 1697 θησαυριζόμενον
3407 1623 3762 1695 φυλάσσεται

2145 1718 2377 1789 σπέρμα
2402 1722 2596 1790 συκῆς.
2633 1718 2778 1790 Τρία
2805 1713 2899 1772 οὖν
2929 1712 3073 1772 εἶναι
3106 1717 3377 1789 δοκοῦμεν
3402 1717 3472 1772 τὰ
3503 1717 3758 1790 πρώτως

2144 1811 2254 1866 ὑπὸ
2282 1811 2379 1865 τοῦ
2404 1810 2721 1882 σπέρματος
2748 1809 3018 1881 γενόμενα
3048 1808 3143 1862 τοῦ
3172 1809 3395 1863 συκίνου
3421 1823 3439 1844 ο
3473 1810 3762 1882 πρέμνον,

2146 1908 2292 1976 ὅπερ
2321 1903 2473 1957 ἐστὶν
2508 1904 2542 1974 ή
2577 1901 2721 1974 συκῆ
2748 1945 2763 1968 ,
2796 1902 2974 1973 φύλλα
3003 1943 3019 1969 ,
3051 1902 3148 1956 καὶ
3176 1903 3408 1974 καρπὸς,
3456 1902 3521 1956 τὸ
3556 1901 3761 1968 σῦκον,

2139 1998 2220 2062 ώς
2252 1995 2692 2068 προειρήκαμεν.
2743 1993 2931 2057 Οὕτως
2959 1994 3028 2057 ⁸⁸,
3062 1994 3220 2064 φησι,
3251 1995 3403 2066 τρεῖς
3451 1994 3765 2063 γεγόνασιν

2141 2088 2345 2150 αἰῶνες
2369 2127 2384 2155 ,
2412 2085 2522 2140 ἀπὸ
2549 2086 2646 2156 τῆς
2675 2083 2902 2156 πρώτης
2935 2083 2945 2154 Ι
2989 2085 3172 2156 ἀρχῆς
3206 2083 3315 2137 τῶν
3365 2083 3504 2139 ὅλων
3535 2085 3712 2154 ἀρχαί
3742 2104 3756 2117 ·

2149 2182 2250 2237 καὶ
2272 2178 2454 2246 τοῦτο,
2475 2179 2666 2248 φησιν,
2688 2178 2789 2231 ούκ
2815 2175 3124 2246 ἐσιώπησεν
3147 2176 3270 2230 οὐδὲ
3286 2177 3530 2247 Μωῦσῆς
3551 2175 3764 2247 λέγων,

2141 2275 2228 2328 ὅτι
2257 2271 2308 2324 οἱ
2338 2271 2487 2339 λόγοι
2509 2269 2602 2322 τοῦ
2621 2267 2756 2322 Θεοῦ
2779 2269 2931 2341 τρεῖς
2955 2268 3093 2321 εἰσιν
3115 2283 3128 2298 ·
3155 2267 3402 2334 Σκότος,
3430 2267 3476 2299 ⁵⁷
3496 2269 3760 2338 γνόφος,

2143 2365 2382 2422 θύελλα
2415 2361 2496 2431 ⁸⁸,
2521 2360 2621 2417 καὶ
2646 2362 2718 2416 οὐ
2752 2359 3155 2430 προσέθηκεν.
3190 2359 3360 2414 Οὐδὲν
3390 2359 3522 2430 γὰρ,
3555 2361 3761 2431 φησιν.

2142 2456 2172 2509 6
2219 2453 2361 2517 Θεὸς
2409 2455 2526 2518 τοῖς
2575 2452 2725 2525 τρισὶ
2774 2450 3124 2522 προσέθηκεν
3170 2450 3388 2515 αἰῶσιν,
3427 2451 3547 2505 ἀλλ’
3595 2451 3766 2506 αὐτοὶ

2145 2547 2332 2602 πάντα
2358 2548 2472 2609 τοῖς
2493 2546 2744 2614 γενητοῖς
2768 2545 2937 2598 πᾶσιν
2955 2545 3274 2614 ἐπήρκεσαν
3296 2541 3392 2596 καὶ
3420 2543 3765 2616 ὲπαρκοῦσι.

2143 2640 2322 2696 Μένει
2348 2637 2404 2692 δὲ
2449 2637 2633 2710 δΘεὺς
2679 2637 2847 2702 αὐτὸς
2889 2635 3015 2691 καθ’
3047 2634 3239 2692 ἑαυτὸν
3264 2632 3398 2688 πολὺ
3434 2634 3546 2689 τῶν
3584 2636 3765 2706 τριῶν

2145 2729 2367 2785 αἰώνων
2398 2727 2832 2800 κεχωρισμένος.
2885 2725 3138 2789 Τούτων,
3191 2723 3350 2796 φησὶ,
3385 2724 3497 2778 τῶν
3536 2725 3766 2779 αἰώνων

2145 2822 2326 2896 ἀρχὴν
2356 2821 2625 2892 γενέσεως
2651 2819 2854 2884 λαϐὼν,
2887 2819 2965 2882 ὡς
2994 2819 3246 2872 λέλεκται
3272 2855 3291 2884 ,
3326 2817 3448 2872 κατ’
3481 2817 3673 2886 ὀλίγον
3700 2819 3752 2852 δ’

2146 2915 2384 2988 ηύξησε,
2414 2914 2510 2968 καί⁸
2541 2911 2914 2984 ὲμεγαλύνθη,
2946 2910 3043 2965 καὶ
3069 2909 3295 2978 ἐγένετο
3326 2909 3556 2975 τέλειος.
3596 2910 3676 2964 Τὸ
3702 2911 3764 2965 δὲ

2146 3010 2356 3064 τέλειον
2388 3001 2526 3060 εἰναι
2554 3004 2803 3058 δοκοῦσιν
2840 3001 3250 3074 ἀριθμούμενον
3277 3001 3431 3057 δέκα.
3455 3003 3626 3056 Ἰσων
3663 2998 3767 3058 οὖν

2148 3101 2456 3173 γεγονότων
2507 3097 2730 3170 ἀριθμῷ
2770 3098 2816 3130 ⁵ο
2873 3097 2970 3151 καὶ
3001 3093 3304 3165 τελειότητι
3350 3095 3461 3148 τῶν
3515 3095 3763 3163 αἰώνων,

2151 3196 2228 3259 ὡς
2277 3194 2478 3246 ἐκεῖνοι
2528 3188 2748 3243 δοκοῦσι
2772 3228 2787 3253 ,
2817 3187 3117 3260 τριάκοντα
3149 3185 3442 3255 γεγόνασιν
3473 3187 3682 3251 αἰῶνες
3712 3190 3769 3242 οἰ

2155 3285 2384 3347 πάντες,
2414 3282 2647 3344 ἕκαστος
2681 3279 2863 3334 αὐτῶν
2886 3281 2946 3333 ἐν
2983 3277 3166 3332 δεκάδι
3197 3275 3600 3349 πληρούμενος.
3636 3277 3770 3334 Εἰσὶ

2155 3379 2214 3432 δὲ
2245 3376 2498 3447 ἀλλήλων
2536 3373 2804 3443 διαίρετοι
2847 3373 2945 3426 καὶ
2972 3372 3018 3404 ⁸¹
3069 3371 3238 3444 τιμὴν
3270 3371 3490 3443 ἔχοντες
3522 3373 3576 3426 οἱ
3603 3374 3769 3444 τρεῖς

2156 3471 2298 3543 πρὸς
2320 3468 2550 3531 ἑαυτοὺς
2588 3466 2718 3536 μίαν
2743 3505 2758 3529 ,
2795 3464 2948 3518 θέσει
2999 3467 3139 3536 μόνῃ
3164 3464 3518 3534 διαφέροντες
3540 3504 3555 3530 ,
3585 3465 3675 3518 ὅτι
3703 3466 3768 3519 τὸ

2161 3563 2264 3636 μὲν
2293 3561 2410 3614 ἔστι
2445 3558 2687 3630 πρῶτον,
2719 3558 2780 3610 τὸ
2803 3557 2862 3610 δὲ
2892 3555 3168 3628 δεύτερον,
3200 3556 3260 3609 τὸ
3289 3556 3346 3610 δὲ
3392 3555 3605 3610 τούτων
3642 3557 3768 3628 τρί-

2157 3672 2271 3711 τον.
2288 3653 2355 3706 Ἦ
2379 3652 2436 3706 δὲ
2459 3651 2609 3712 θέσις
2629 3651 2813 3715 αὐτοῖς
2841 3649 3108 3718 διαφορὰν
3135 3647 3420 3720 δυνάμεως
3451 3649 3760 3720 παρέσχενο

2159 3748 2239 3823 [p.
2269 3747 2400 3810 265,
2431 3742 2562 3816 264]
2589 3744 2616 3796 6
2650 3743 2748 3814 μὲν
2780 3743 2890 3813 γὰρ
2917 3740 3148 3810 ἔγγιστα
3170 3739 3250 3811 τῷ
3283 3738 3488 3811 πρώτῳ
3520 3739 3642 3812 Θεῷ,
3673 3739 3758 3810 τῷ

2157 3836 2326 3892 οἰονεί
2359 3833 2680 3904 σπέρματι,
2713 3829 2920 3892 θέσεως
2949 3828 2996 3859 ⁵⁸
3030 3825 3212 3898 τυχὼν
3246 3825 3356 3880 τῶν
3401 3823 3578 3881 ἄλλων
3605 3842 3755 3896 γονι-

2161 3929 2423 4003 μωτέραν
2450 3925 2577 3996 ἔσχε
2606 3922 2858 3994 δύναμιν,
2890 3921 3116 3984 δεκάκις
3145 3918 3310 3981 αὐτὸς
3328 3917 3497 3972 αὑτὸν
3529 3917 3762 3989 μεγέθει

2163 4023 2446 4098 μετρήσας
2491 4018 2519 4070 6
2550 4015 2863 4088 ἀμέτρητος
2891 4029 2905 4044 ·
2961 4013 3069 4067 ὁδε
3109 4014 3173 4084 τῇ
3203 4010 3349 4064 θέσει
3394 4009 3488 4064 τοῦ
3532 4010 3763 4079 πρώτου

2159 4117 2456 4188 γενόμενος
2511 4109 2764 4180 δεύτερος
2791 4151 2806 4175 ,
2848 4106 3034 4172 ἑξάκις
3080 4103 3245 4160 αὑτὸν
3287 4102 3336 4136 ⁸³
3379 4101 3689 4157 κατέλαϐεν
3738 4105 3769 4156 6

2152 4202 2553 4275 ὶκατάληπτος
2580 4218 2594 4232 ·
2629 4201 2657 4254 6
2683 4201 2739 4254 δὲ
2767 4197 2867 4271 ήδη
2902 4199 3084 4271 τρίτος
3112 4197 3178 4268 τῇ
3216 4195 3389 4259 θέσει,
3421 4196 3502 4259 εἰς
3530 4195 3769 4268 ἄπειρον

2159 4303 2440 4370 διάστημα
2473 4295 2564 4351 διὰ
2594 4293 2694 4365 τὴν
2729 4291 2963 4364 αὔξησιν
3009 4289 3119 4344 τῶν
3159 4287 3408 4357 ἀδελφῶν
3439 4287 3768 4359 γενόμενος,

2160 4395 2284 4465 τρὶς
2315 4390 2520 4460 νοήσας
2545 4385 2762 4452 ἑαυτὸν,
2793 4383 2961 4438 οἱονεὶ
2996 4380 3199 4452 δεσμόν
3225 4396 3348 4434 τινα
3376 4379 3476 4450 τῆς
3508 4379 3772 4452 ἑνότητος

2161 4483 2328 4540 αὑτὸν
2353 4481 2401 4514 ⁵⁸
2427 4479 2618 4548 ἔδησεν
2645 4475 2864 4530 αἰώνιον
2892 4477 2961 4530 ⁸⁵.

537 4577 592 4633 9.
631 4574 700 4629 Ει
731 4575 833 4629 hoc
864 4574 1158 4642 opinantur
1192 4571 1245 4625 hi
1275 4585 1396 4625 esse
1429 4570 1505 4636 id,
1552 4568 1697 4639 quod
1735 4570 1938 4624 dictum
1965 4579 2047 4627 est

2236 4573 2306 4630 θ’.
2344 4573 2460 4627 Καὶ
2490 4569 2653 4624 τοῦτο
2686 4564 2831 4622 εἶναι
2865 4565 3117 4622 δοκοῦσιν
3167 4558 3314 4619 οὗτοι
3346 4562 3410 4617 τὸ
3433 4562 3774 4635 λελεγμένον

466 4685 494 4723 a
530 4667 814 4724 Salvatore
844 4682 858 4720 :
897 4662 1046 4717 Exiit
1071 4663 1335 4717 seminans
1374 4663 1442 4715 ad
1477 4663 1864 4728 seminandmn,
1897 4675 1943 4718 et
1979 4665 2056 4734 id,

2169 4668 2277 4724 ὑπὸ
2303 4664 2399 4720 τοῦ
2425 4661 2701 4732 Σωτῆρος·
2722 4657 3020 4729 Ἐξῆλθεν
3038 4659 3085 4690 ⁵⁸
3113 4659 3146 4710 ό
3174 4655 3445 4722 arts/pair
3467 4653 3576 4709 τοῦ
3599 4654 3777 4708 σπεῖ-

463 4759 602 4830 quod
632 4757 823 4811 cecidit
870 4757 924 4808 in
951 4765 1145 4809 terram
1165 4752 1440 4822 pulchram
1485 4762 1533 4806 et
1589 4756 1802 4816 bonam,
1832 4751 2047 4822 faciebat

2163 4778 2294 4832 ραι,
2331 4755 2434 4812 καὶ
2470 4753 2585 4826 [τὸ]
2627 4754 2670 4786 ⁸⁷
2719 4753 2915 4806 πεσὸν
2955 4753 3044 4816 εἰς
3072 4747 3187 4814 τὴν
3219 4745 3340 4816 γῆν
3392 4747 3512 4809 τὴν
3562 4746 3780 4812 καλὴν·

467 4847 614 4905 aliud
645 4857 853 4904 centum
881 4887 898 4915 ,
949 4845 1100 4902 aliud
1149 4843 1466 4914 sexaginta,
1511 4843 1662 4898 aliud
1707 4847 1947 4916 triginta.
1992 4846 2047 4902 El

2171 4850 2270 4904 καὶ
2305 4844 2548 4920 ἀγαθὴν
2573 4844 2764 4899 ἐποίει
2811 4842 2843 4896 6
2861 4841 2978 4913 μὲν
3008 4839 3251 4906 ἑκατὸν,
3281 4837 3312 4892 ὃ
3349 4836 3420 4891 δὲ
3457 4836 3779 4907 ἐξήκοντα

1759 4997 1998 5058 VARUS
2038 4999 2448 5060 LECTIONES.

564 5162 609 5194 '°
643 5159 729 5217 Cf.
763 5159 936 5216 lMos.
976 5173 1059 5225 ιιι,
1084 5161 1140 5212 7.

1245 5156 1290 5187 ³⁷
1315 5156 1665 5242 κὲταφυῖηήνι
1688 5186 1762 5242 Ῑῑ·
1780 5157 2017 5242 ,σκέπην
2047 5158 2343 5242 δδυβνίυξο
2382 5160 2467 5242 ﬂ"
2495 5157 2628 5239 “’9'
2656 5156 2860 5242 ""56,
2888 5157 2956 5242 7.;
2981 5147 3782 5242 Μδέἷῂῖῖἓὲέθιὲθἰξίῗῖἳ·

464 5249 547 5301 gat,
584 5234 672 5296 i5,
703 5231 793 5294 Μ,
821 5233 913 5295 20,
936 5219 1056 5301 2|.
1110 5229 1154 5260 ³³
1194 5219 1512 5301 amatus";
1542 5219 1621 5301 (Ζί-
1651 5219 1659 5222 ⁷
1686 5228 1732 5260 ⁸⁸
1774 5219 2111 5301 ζητούμενον
2137 5219 2355 5301 καρπόν
2382 5229 2680 5298 Sauppius.
2839 5219 2983 5298 τρίς.
3018 5223 3208 5301 κύρέος
3237 5219 3678 5301 ἷξοενρΐυξκεειι
3703 5222 3782 5274 cf.

469 5289 602 5360 Luc.
637 5289 758 5364 xm,
781 5289 840 5366 ’6,
875 5289 926 5356 ’1.
999 5299 1046 5331 ³³
1073 5296 1292 5370 καρπὸν
1314 5305 1407 5370 aut
1431 5289 1721 5370 delendum
1754 5289 1848 5370 alii
1877 5297 1927 5370 in
1952 5289 2048 5351 τὸν
2069 5289 2398 5370 mutandum
2433 5289 2732 5370 esseputat
2761 5297 2833 5370 Μ,
2865 5289 3784 5370 καρπὸν’ζητούμενονρειειιιιυιιι

469 5389 589 5429 esse
613 5359 800 5428 censet
824 5359 1116 5439 Sauppius.
1153 5359 1165 5370 ’
1192 5367 1238 5397 ⁸³
1276 5366 1453 5437 τύπῳ.
1491 5367 1640 5438 τόπῳ
1663 5368 1725 5423 C.
1798 5368 1846 5400 “
1879 5369 2205 5439 ἁμεγέθους,
2285 5370 2512 5438 εγέθους
2535 5359 2598 5422 (ἒξ
2679 5368 2724 5400 ⁸⁵
2753 5359 2836 5421 Cl.
2870 5359 3067 5420 Matth.
3133 5359 3295 5440 xxiv,
3321 5359 3414 5444 32',
3450 5359 3784 5444 Marcum".

469 5443 560 5494 28.
637 5442 684 5475 ⁸⁸
718 5439 929 5494 Οὕτως.
953 5432 1125 5494 Οὗτος
1149 5436 1212 5494 C.
1243 5432 1403 5490 Οὗτοι
1439 5451 1586 5494 susn.
1624 5439 1691 5492 ll.
1727 5439 1972 5494 Scouus.
2047 5439 2091 5470 ⁸⁷
2121 5440 2214 5494 Cl'.
2242 5389 2283 5494 Ψ
2323 5440 2460 5494 Mos.
2499 5437 2562 5494 V.
2593 5439 2679 5494 l9.
2716 5438 2799 5491 Τὰ
2832 5439 3055 5494 ῥήματα
3099 5447 3276 5487 ταυτα
3308 5429 3541 5494 ὲλαλησε
3572 5431 3784 5494 Κυριος

469 5443 560 5499 ‘28.
637 5442 684 5475 ⁸⁸
718 5432 1125 5504 Οὖτως.Ὸῖ›τος
1149 5436 1212 5499 C,
1243 5432 1416 5490 Οὗτοί
1439 5451 1586 5501 susn.
1614 5432 1691 5492 'R.
1727 5432 1972 5503 Scouu's,

2047 5439 2091 5470 ⁸⁷
2121 5440 2214 5495 Cl'.

2323 5429 2460 5495 Mos.
2493 5429 2562 5505 ν,
2593 5439 2679 5494 19.
2716 5438 2799 5491 Τὰ
2831 5439 3058 5509 ῥήματα
3099 5432 3276 5487 ταῦτα
3308 5429 3547 5509 ξλὰλησε
3572 5429 3790 5509 Κύριος

469 5515 609 5585 πρὸς
638 5512 825 5585 πᾶσριν
859 5499 1364 5585 iuvarem-690V
1392 5508 1449 5585 ἒν
1473 5499 1550 5585 inii
1581 5507 1712 5585 ἥρςι.
1731 5511 1797 5561 ὲκ
1825 5499 2004 5585 ,μέσόυ
2029 5509 2338 5585 vim»;
2360 5499 2620 5585 ,(σιερτὸςν
2655 5499 3139 5585 γνόφ.οξν”θ.ἐεὶλ.αε
3185 5499 3339 5585 φελνὴ
3383 5499 3600 5585 ἑξεϊάλη
3623 5540 3639 5566 ν
3666 5499 3790 5585 καὶ

1246 5556 1260 5606 l

471 5575 552 5660 ού-
572 5575 927 5660 προσέθηκε),
963 5575 1061 5633 καὶ
1090 5575 1331 5660 ἔγραψεν
1361 5575 1502 5629 αὐτὰ
1524 5575 1750 5660 ἔτεϊ-δύο
1782 5575 2012 5660 πλάκας.
2043 5575 2397 5660 λιρξνέιέὲαγ
2431 5579 2639 5660 Eae“?
2669 5575 2822 5648 ’ἐμοί’

472 5647 1023 5735 ὀλίγον]ιιεετειιιιιιιιι
1053 5647 1287 5710 videtur,
1309 5647 1558 5735 ἕκαστος.
1635 5648 1681 5680 ⁸ο
1716 5649 1961 5735 ἀριθμῶἶ
1989 5651 2240 5721 ἀριθμῶν

2939 5577 2987 5608 ⁵⁸
3025 5575 3190 5628 θύελα
3219 5573 3282 5631 C.
3388 5573 3434 5604 "
3466 5572 3608 5624 Ante
3655 5583 3786 5624 κατ’

2431 5651 2476 5682 ἰ
2512 5639 2777 5718 διαίρετοι
2803 5649 2918 5701 καί.
2953 5644 3275 5718 διαιρετικοὶ
3302 5639 3376 5718 ς,
3411 5639 3787 5718 lil,_qui6_t1_:—

477 5710 619 5791 ρετοὶ
643 5724 742 5775 καὶ
773 5724 949 5791 minus
976 5732 1120 5791 recte
1140 5732 1310 5791 susp.
1444 5716 1648 5791 θέσεως
1670 5710 1873 5789 τυλώνξ
1906 5710 2134 5784 θέσεως,
2157 5723 2322 5791 τυχόν
2341 5721 2402 5785 C,
2436 5721 2505 5775 M.
2534 5789 2547 5791 _
2587 5710 2835 5791 “:ctt'nbv.
2873 5717 3046 5791 αὐτὸν
3066 5710 3127 5783 (ἐ,
3253 5784 3266 5791 Δ
3303 5710 3351 5742 δ”
3385 5712 3783 5791 αὑτὸνηαύτὸι

475 5782 534 5848 il.
567 5794 635 5850 M.
712 5791 758 5823 "
788 5788 1026 5859 αἰώνιον.
1063 5782 1313 5859 αἰώνωνξ
1377 5787 1423 5818 ⁵⁸
1457 5786 1542 5859 Cl.
1574 5782 1771 5859 Matlli:
1805 5804 1921 5856 xm,
1949 5791 2003 5859 5,
2028 5782 2092 5859 8,
2115 5782 2288 5847 Marc.
2325 5782 2399 5858 tv,
2433 5793 2488 5858 ὅ,
2523 5789 2592 5857 8;
2630 5788 2763 5844 Luc.
2797 5805 2914 5855 ιἰιι,
2945 5788 2999 5855 5,
3020 5787 3074 5842 8.
3115 5782 3119 5783 ⁷
3150 5786 3193 5818 ⁸⁷
3221 5784 3282 5838 τδ
3313 5793 3445 5838 ante
3469 5782 3634 5835 πεσόν
3658 5799 3778 5837 οιιι.

477 5861 537 5926 C,
579 5861 648 5932 Μ,
683 5861 776 5932 qui
806 5859 866 5912 τὸ
896 5857 1118 5928 σπέρμα
1137 5856 1404 5912 excidisse
1432 5856 1725 5911 existimat.
