4114 6416
371 407 506 509 3351

1463 436 1763 528 CONTRA
1799 433 2164 494 HERESES
2205 435 2349 494 LIB.
2371 435 2539 496 VIII.

3499 428 3638 494 3352

371 555 404 610 ὃ
432 554 503 609 δὲ
530 554 870 628 τριάκοντα.
907 555 1018 608 Καὶ
1069 550 1158 607 διὰ
1187 549 1344 604 τοῦτο
1375 552 1385 620 |
1417 549 1628 621 εἴρηκε,
1667 547 1864 618 φησίνο
1904 547 1959 598 Ὁ

2072 556 2348 616 propterea
2382 547 2542 612 dixit,
2590 545 2808 616 inquit:
2841 546 2944 613 Qui
2987 546 3137 602 habet
3187 563 3341 601 aures
3385 546 3641 600 audiendi

370 646 532 714 ἔχων
563 645 608 677 ⁵⁸
628 641 749 699 ὦτα
776 645 1022 699 ἀκούειν
1059 641 1324 698 ἀκουέτω
1356 684 1369 708 ,
1401 641 1483 694 ὅτι
1517 638 1692 694 ταῦτα
1719 639 1819 692 οὐκ
1845 636 1958 692 ἐστι

374 739 592 791 πάντων
623 738 668 769 ⁸⁸
697 737 1040 806 ἀκούσματα.
1075 728 1237 788 Οὗτοι
1278 733 1477 796 πάντες
1507 731 1560 784 οί
1592 730 1787 794 αἰῶνες
1815 729 1950 783 οἵτε

375 832 523 901 τρεῖς
543 828 640 882 καὶ
657 831 703 881 οἰ
721 831 815 882 ἀπ’
833 827 1012 881 αὐτῶν
1043 826 1340 898 ἀπειράκις
1361 823 1578 894 ἄπειροι
1609 824 1775 876 πάντε
1789 821 1961 881 ςείσίν

376 921 571 983 αἰῶνες
588 919 1002 992 ἀρσενοθήλυες.
1022 917 1365 990 Αὑξηθέντες
1385 912 1477 968 οὖν
1494 918 1586 968 καὶ
1600 913 1962 987 μεγαλυνθέν-

375 1031 467 1077 τες
491 1013 584 1066 καί
611 1011 890 1081 γενόμενοι
909 1010 953 1041 ⁸⁸
981 1005 1123 1063 οὗτοι
1149 1008 1347 1071 πάντες
1372 1006 1430 1074 ἐξ
1459 1007 1575 1070 ἑνὸς
1631 1005 1839 1060 ἐκείνου
1867 1001 1961 1058 τοῦ

380 1105 602 1178 πρώτου
649 1104 968 1175 σπέρματος
1000 1104 1068 1169 ⁶¹,
1109 1102 1209 1173 τῆς
1259 1099 1581 1172 συμφωνίας
1631 1098 1814 1153 αὐτῶν
1868 1097 1962 1150 καί

376 1199 477 1269 τῆς
503 1197 754 1268 ὲνότητος
784 1198 832 1249 οἰ
853 1195 1076 1259 πάντες,
1097 1197 1174 1258 εἰς
1199 1193 1298 1247 ἕνα
1320 1193 1454 1262 όμοῦ
1483 1191 1770 1261 γενόμενοι.
1790 1187 1964 1244 αἰῶνα

386 1290 478 1344 τὸν
509 1290 674 1361 μέσον
706 1287 910 1349 αὐτῶν,
945 1286 1196 1358 γέννημα
1229 1284 1275 1316 ⁸⁸
1315 1283 1497 1338 κοινὸν
1520 1282 1570 1335 οἰ
1595 1281 1796 1345 πάντες
1817 1281 1966 1350 ὲγένυ

379 1399 554 1453 νησαν
595 1381 660 1433 ἐκ
711 1380 985 1450 παρθένου
1031 1378 1181 1449 μιᾶς,
1213 1375 1304 1429 τὸν
1353 1377 1412 1429 ὲν
1449 1373 1710 1446 μεσότητι
1743 1373 1966 1442 Μαρίας

381 1473 616 1543 Σωτῆρα
671 1471 893 1526 πάντων
945 1470 1014 1536 ⁸³,
1078 1468 1401 1539 ἰσοδύναμον
1457 1464 1600 1520 κατὰ
1653 1464 1832 1518 πάντα
1889 1463 1967 1534 τῷ

383 1567 662 1638 σπέρματι
691 1565 770 1636 τῷ
797 1565 1020 1635 συκίνῳ,
1053 1564 1194 1635 πλὴν
1229 1562 1314 1615 ὅτι
1352 1558 1610 1632 γεννητὸς
1635 1557 1682 1589 ⁸⁸
1709 1550 1882 1620 οὗτος,
1907 1555 1968 1609 τὸ

380 1661 436 1714 δὲ
480 1660 696 1730 πρῶτον
728 1659 950 1730 σπέρμα
992 1659 1206 1723 ὲκεῖνο,
1259 1653 1381 1708 ὅθεν
1431 1652 1657 1722 γέγονεν
1722 1650 1966 1722 ἡσυκῆ,

385 1753 531 1807 ἐστὶν
580 1753 896 1822 ἀγέννητον.
947 1745 1395 1818 Κεκοσμημένων
1442 1743 1486 1775 ⁸⁸
1522 1738 1616 1796 οὖν
1654 1740 1763 1794 τῶν
1800 1737 1968 1812 τριῶν

382 1844 596 1899 αἰώνων
629 1842 854 1896 ἐκείνων
889 1840 1211 1911 παναρὲτως
1261 1837 1359 1891 καὶ
1410 1837 1716 1904 παναγίως,
1758 1833 1833 1896 ὼς
1880 1831 1968 1885 δο-

383 1939 573 1993 κοῦσιν
622 1928 768 1989 οὗτοι
804 1935 1184 1996 διδάσκοντες,
1246 1929 1342 1983 καὶ
1380 1927 1478 1981 τοῦ
1512 1926 1702 1988 παιδὸς
1749 1922 1964 1977 ἐκείνου

383 2028 478 2082 τοῦ
519 2025 838 2098 μονογενοῦς
901 2024 1114 2094 (γέγονε
1158 2021 1268 2102 γάρ
1347 2018 1506 2090 μόνος
1552 2019 1664 2081 τοῖς
1715 2015 1964 2087 ἀπείροις

383 2121 577 2176 αἰῶσιν
626 2123 691 2173 ὲκ
730 2117 1014 2189 τριγενοῦς
1043 2132 1057 2146 ·
1105 2117 1256 2185 τρεῖς
1303 2114 1412 2185 γὰρ
1460 2112 1623 2166 αὐτὸν
1663 2109 1964 2179 ἐγέννησαν

382 2212 816 2286 ὁμοφρονοῦντες
875 2212 1069 2272 αἰῶνες
1127 2207 1426 2278 ἀμέτρητοι
1472 2205 1603 2274 ⁸⁸)·
1647 2201 1966 2272 κεκόσμητο

386 2308 487 2377 μὲν
509 2303 764 2376 ἀνενδεὴς
789 2303 990 2373 πᾶσαὴ
1019 2299 1185 2372 νοητὴ
1215 2297 1398 2369 φύσις,
1431 2296 1548 2367 φῶς
1568 2294 1624 2349 δὲ
1650 2290 1720 2366 ἦν
1747 2293 1966 2348 ἅπαντα

385 2403 568 2454 ἐκεῖνα
607 2398 672 2450 τά
703 2395 870 2465 νοητὰ
922 2395 1014 2448 καί
1053 2393 1284 2459 αἰώνια,
1319 2390 1435 2460 φῶς
1471 2389 1528 2442 δὲ
1570 2388 1670 2441 οὐκ
1717 2386 1967 2457 ἄμορφον

384 2491 508 2546 οὐδὲ
541 2490 733 2561 ἀργὸν,
765 2487 887 2540 οὐδὲ
918 2485 1079 2539 οἱονεί
1103 2501 1247 2547 τινος
1286 2479 1664 2543 ὲπιποιοῦντος
1691 2477 1966 2549 δεόμενον,

397 2583 539 2638 ἀλλὰ
571 2582 692 2652 ἔχον
723 2583 780 2633 ὲν
829 2575 1006 2648 ἑαυτῷ
1040 2574 1182 2630 κατὰ
1211 2573 1270 2628 τὸ
1298 2571 1502 2643 πλῆθος
1533 2570 1644 2624 τῶν
1676 2569 1969 2640 ἀπειράκις

387 2675 632 2746 ἀπείρων
660 2671 802 2727 κατὰ
830 2671 875 2702 ⁸⁷
906 2669 966 2722 16
993 2666 1346 2740 παράδειγμα
1374 2667 1474 2735 τῆς
1507 2663 1679 2734 συκῆς
1708 2660 1970 2729 ἀπείρους

389 2767 537 2830 ἰδέας
585 2764 740 2831 ζώων
792 2763 902 2816 τῶν
958 2763 1074 2814 ἐκεῖ
1136 2757 1570 2824 πολυποικίλων,
1624 2755 1970 2827 κατέλαμψεν

387 2853 598 2913 ἄνωθεν
649 2856 728 2919 είς
773 2853 836 2908 τὸ
882 2851 1243 2920 ὑποκείμενον
1286 2849 1439 2920 χάος.
1479 2847 1553 2900 Τὸ
1595 2847 1652 2901 δὲ
1702 2848 1970 2918 φωτισθὲν

397 2948 536 3022 ὁμοῦ
564 2949 659 3002 καὶ
709 2943 996 3018 μορφωθὲν
1043 2941 1118 3014 [p.
1161 2939 1469 3012 264—266]
1499 2939 1738 3002 ἐκείναις
1765 2939 1970 2994 ἄνωθεν

390 3045 512 3106 ταῖς
538 3037 946 3098 πολυποικί).οις
972 3035 1160 3101 ἰδέαις,
1188 3032 1353 3103 πῆξιν
1380 3031 1538 3086 ἔλαϐε
1565 3031 1660 3084 καὶ
1684 3030 1971 3098 ἀνεδέξατο

389 3136 490 3200 τὰς
522 3135 663 3196 ἰδέας
690 3132 786 3194 τὰς
813 3129 1019 3185 ἄνωθεν
1051 3128 1269 3190 ἁπάσας
1302 3126 1414 3180 άπὸ
1440 3125 1534 3178 106
1564 3124 1745 3195 τρίτου
1777 3124 1971 3189 αἰῶνος

389 3222 487 3280 106
541 3221 1032 3296 τριπλασιάσαντος
1083 3217 1244 3274 αὐτόν
1278 3217 1342 3271 ⁸⁸.
1386 3217 1443 3270 '0
1476 3215 1533 3269 δὲ
1586 3214 1723 3269 αἰὼν
1751 3211 1905 3278 οὗτος
1939 3217 1970 3269 6

391 3318 572 3390 τρίτος
604 3317 731 3378 τοὺς
753 3312 1112 3385 χαρακτῆρας
1137 3309 1350 3381 βλέπων
1383 3309 1590 3373 πάντας
1617 3308 1830 3379 ἀθρόως
1849 3310 1976 3372 τοὺς

391 3407 590 3464 ἑαυτοῦ
614 3409 695 3471 εἰς
724 3406 785 3459 τὸ
808 3404 1175 3474 ὑποκείμενον
1204 3402 1354 3456 κάτω
1377 3400 1568 3463 σκότος
1595 3400 1967 3472 κατειλημμέο

392 3517 517 3566 νους
540 3541 556 3566 ,
596 3500 697 3570 τήν
726 3515 786 3552 τε
814 3497 1044 3568 δύναμιν
1071 3495 1166 3548 τοῦ
1201 3494 1426 3557 σκότους
1464 3493 1564 3546 οὐκ
1595 3492 1805 3562 ἀγνοῶν
1830 3493 1847 3563 Ι
1879 3492 1975 3545 καὶ

392 3595 459 3652 τὸ
478 3589 675 3660 ἀφελὲς
701 3587 746 3619 ⁸⁸
776 3585 870 3639 106
887 3587 1064 3656 φωτὸς
1086 3584 1224 3656 ὁμοῦ
1245 3586 1340 3638 καὶ
1371 3584 1624 3653 ἄφθονον,
1655 3584 1755 3638 οὐκ
1783 3584 1966 3637 εἴασεν

395 3686 490 3738 ἐπὶ
541 3682 676 3736 πολὺ
711 3679 836 3744 τοὺς
891 3678 1189 3748 φωτεινοῦς
1229 3677 1588 3749 χαρακτῆρας
1615 3675 1825 3731 ἄνωθεν
1873 3675 1980 3728 ὑπὸ

392 3774 491 3830 τοῦ
537 3776 758 3838 σκότους
805 3773 956 3826 κάτω
1000 3766 1492 3836 κατασπασθῆναι⁶
1531 3764 1666 3817 ἀλλὰ
1719 3764 1829 3834 γὰρ
1867 3765 1974 3816 ὐπ-

393 3865 555 3932 έταξε
581 3869 692 3929 τοῖς
721 3863 882 3918 αἰῶσι
923 3856 1284 3933 [στερέωμα].
1321 3855 1640 3926 Στερεώσας
1678 3849 1770 3908 οὖν
1799 3853 1846 3886 ⁷⁰
1878 3853 1981 3910 κά-

395 3957 594 4022 τωθεν,
627 3955 726 4008 καὶ
773 3954 818 3984 ⁷¹
855 3950 1201 4022 διεχώρισεν
1230 3947 1346 4002 ἀνὰ
1365 3944 1562 4014 μέσον
1587 3941 1693 3997 τοῦ
1719 3944 1980 4010 σκότους

393 4049 496 4104 καί
527 4047 646 4101 ἀνὰ
666 4047 711 4077 ⁷¹
728 4045 927 4115 μέσον
950 4042 1056 4096 τοῦ
1087 4041 1281 4109 φωτὸς
1300 4079 1315 4105 ,
1350 4035 1447 4091 καὶ
1471 4034 1728 4090 ἐκάλεσε
1756 4035 1822 4088 τὸ
1854 4033 1981 4104 φῶς

393 4139 645 4210 ἡμέραν,
683 4136 714 4192 ὃ
747 4135 824 4207 ἦν
850 4131 1128 4202 ὑπεράνω
1165 4128 1273 4184 τοῦ
1306 4125 1734 4197 στερεώματος,
1770 4123 1869 4179 καὶ
1913 4122 1978 4177 τό

395 4232 618 4297 σκότος
660 4228 917 4282 ἐκάλεσε
958 4225 1172 4279 νύκτα.
1225 4220 1426 4276 Πασῶν
1456 4219 1503 4250 ⁷⁸
1541 4214 1668 4285 οὖν,
1705 4218 1780 4282 ὡς
1819 4216 1978 4287 ἔφην,

395 4322 508 4377 τῶν
556 4321 800 4392 ἀπείρων
839 4317 934 4373 τοῦ
970 4316 1154 4388 τρίτου
1199 4313 1398 4376 αἰῶνος
1446 4310 1596 4364 ἰδεῶν
1629 4305 1980 4378 ἀπειλημμέ-

397 4429 506 4467 νων
541 4414 598 4466 ὲν
641 4411 817 4482 τούτῳ
846 4407 923 4480 τῷ
967 4405 1273 4477 κατωτάτω
1327 4403 1528 4474 σκότῳ,
1568 4402 1663 4456 καί
1692 4400 1858 4455 αὐτοῦ
1886 4395 1980 4453 106

2064 639 2276 705 audiat,
2311 640 2440 710 quia
2469 640 2586 694 haec
2624 655 2728 693 non
2764 639 2832 694 ab
2863 641 3117 696 omnibus
3149 640 3466 694 audiuntur.
3508 637 3642 693 Om-

2063 745 2160 787 ncs
2198 731 2250 785 hi
2305 748 2508 798 mones,
2558 741 2612 787 et
2642 741 2756 787 tres
2805 732 2878 786 illi
2926 743 2982 787 et
3020 732 3111 802 qui
3156 735 3222 787 ab
3257 731 3324 787 iis
3362 731 3468 786 orti
3516 740 3644 786 sunt

2066 822 2325 877 inﬁnities
2371 822 2568 878 inﬁniti
2626 823 2863 878 universi
2931 834 3057 878 sunt
3118 837 3300 878 mones
3371 821 3646 877 masculo-

2065 907 2306 966 fcminei.
2331 912 2466 967 Cum
2499 914 2662 984 igitur
2691 925 2981 970 creverunt
3012 925 3067 969 et
3118 916 3260 970 aucti
3303 925 3428 970 sunt
3457 925 3510 968 et
3542 929 3644 970 ex-

2065 1005 2320 1059 stiterunt
2350 1007 2401 1060 hi
2438 1021 2628 1061 omnes
2660 1022 2724 1061 ex
2757 1024 2864 1061 uno
2895 1008 2985 1062 illo
3015 1008 3195 1078 primo
3251 1007 3482 1073 semine,
3515 1023 3646 1086 cop-

2066 1103 2256 1149 cenlus
2306 1095 2391 1150 sui
2443 1105 2604 1166 alque
2645 1097 2868 1151 unitatis
2897 1097 3080 1152 cuncti
3129 1095 3311 1162 simul,
3373 1095 3426 1150 in
3479 1111 3645 1150 unum

2066 1189 2341 1258 congressi
2398 1203 2604 1243 amnem
2651 1189 2888 1260 ipsorum
2953 1187 3213 1255 medium,
3260 1197 3472 1258 partum
3505 1201 3650 1241 com-

2068 1293 2285 1334 munem
2315 1280 2552 1336 universi
2585 1291 2886 1350 genuerunt
2923 1295 2990 1335 ex
3022 1280 3233 1351 virgine
3275 1295 3406 1344 una,
3457 1277 3651 1332 Salva-

2070 1378 2240 1426 torem
2272 1386 2482 1439 eorum,
2514 1372 2606 1443 qui
2641 1373 2692 1427 in
2727 1373 3014 1428 medietate
3047 1383 3194 1440 sunt,
3217 1373 3484 1438 omnium,
3508 1374 3654 1444 ejus-

2067 1461 2189 1517 dem
2227 1462 2295 1516 ab
2322 1463 2472 1518 omni
2544 1473 2704 1534 parte
2737 1466 2991 1536 potentias
3053 1475 3214 1536 atque
3264 1479 3448 1520 semen
3497 1464 3651 1520 ﬁcul-

2070 1569 2252 1618 neum,
2280 1553 2388 1610 nisi
2417 1555 2563 1624 quod
2597 1555 2686 1610 hic
2737 1557 2949 1625 genitus
2977 1558 3082 1624 sit,
3119 1557 3253 1612 illud
3289 1566 3470 1611 autem
3534 1557 3644 1627 pri-

2070 1661 2218 1700 mum
2250 1661 2454 1712 semen,
2485 1645 2628 1702 unde
2669 1649 2754 1702 ﬁci
2793 1649 2956 1704 arbor
2987 1649 3218 1715 exstitit,
3248 1665 3352 1704 non
3381 1647 3646 1718 genitura.

2071 1732 2362 1805 Postquam
2393 1735 2559 1806 igitur
2593 1739 2773 1792 ornati
2829 1748 2956 1792 sunt
3001 1749 3110 1794 tres
3142 1739 3217 1794 illi
3285 1755 3466 1796 mones
3501 1741 3650 1794 omni

2072 1826 2274 1880 virtute
2301 1837 2356 1882 et
2386 1828 2697 1896 sanctitate,
2733 1837 2790 1884 ut
2839 1831 3131 1901 Opinantur
3179 1831 3232 1886 bi
3287 1833 3561 1895 docentes,
3599 1841 3656 1887 ct

2001 1892 2044 1953 Β
2076 1917 2220 1973 ﬁlius
2241 1919 2331 1974 ille
2361 1892 2939 1994 unigenitustgenitus
2970 1923 3115 1978 enim
3135 1930 3220 1978 est
3250 1923 3399 1980 solus
3422 1892 3656 1979 inﬁnitis

2075 2007 2187 2064 illis
2225 2010 2465 2066 monibus
2489 2027 2554 2066 ex
2619 2012 2909 2084 trlgenito;
2943 2023 3051 2070 tres
3102 2017 3246 2071 enim
3295 2032 3418 2071 eum
3452 2033 3657 2088 genuc-

2077 2111 2202 2157 ruut
2255 2103 2659 2161 consentientes
2705 2120 2887 2161 mones
2931 2107 3262 2178 immensi):
3297 2118 3493 2164 ornata
3537 2120 3658 2164 erat

2074 2191 2324 2248 absoluta
2385 2197 2564 2252 omnis
2625 2207 2818 2252 natura
2876 2197 3232 2270 intelligibilis
3269 2218 3287 2268 ;
3328 2203 3418 2256 lux
3474 2211 3654 2257 autem

2075 2296 2228 2340 erant
2262 2286 2512 2342 universa
2539 2286 2628 2342 illa
2653 2288 3011 2359 intelligibilia
3035 2299 3086 2346 et
3105 2299 3329 2357 aeterna,
3353 2291 3441 2346 lux
3468 2303 3648 2348 autem

2075 2392 2184 2431 non
2215 2375 2462 2432 informis
2488 2393 2665 2448 neque
2692 2378 2886 2448 ignava
2915 2421 2930 2446 ,
2986 2396 3161 2450 neque
3213 2393 3467 2454 tanquam
3515 2384 3660 2440 indi-

2076 2484 2211 2539 gens
2245 2468 2450 2538 aliquo,
2483 2469 2576 2539 qui
2641 2469 2961 2534 subveniat;
3020 2474 3114 2528 sed
3169 2487 3294 2528 cum
3363 2475 3561 2532 habeat
3606 2478 3657 2531 in

2077 2560 2371 2632 semetipsa
2401 2559 2699 2615 secundum
2731 2559 3128 2616 multitudinem
3157 2561 3373 2618 illorum
3397 2564 3660 2620 inﬁnities

2079 2651 2414 2707 inﬁnitarum
2453 2653 2519 2706 ad
2550 2650 2859 2722 exemplum
2891 2650 3023 2708 ﬁcus
3052 2653 3292 2709 inﬁnitas
3318 2645 3658 2724 animalium,

2076 2759 2199 2816 qua:
2233 2743 2342 2799 illic
2369 2753 2518 2809 sunt,
2549 2743 2924 2814 pervariorum
2976 2746 3210 2817 species,
3258 2746 3394 2802 luxit
3427 2749 3661 2820 desuper

2081 2839 2132 2892 in
2168 2836 2453 2904 subiacens
2475 2837 2658 2893 chaos.
2695 2835 2750 2890 ld
2783 2846 2964 2892 autem
3003 2836 3381 2894 collustratum
3421 2841 3582 2896 simul
3605 2852 3661 2898 et

2077 2931 2472 2988 conformatum
2517 2931 2642 2991 illis,
2660 2929 2830 3002 418
2857 2929 3023 3002 419
3046 2945 3164 2997 quae
3189 2946 3352 3001 supra
3384 2943 3510 2988 sunt
3537 2950 3662 3006 per-

2030 3034 2033 3035 '
2077 3021 2246 3078 variis
2276 3019 2582 3092 Specicbus,
2619 3020 2894 3074 concrevit
2951 3029 3006 3073 et
3052 3020 3263 3090 accepit
3306 3023 3517 3091 species
3563 3040 3661 3080 su-

2080 3127 2277 3185 pernas
2313 3127 2504 3166 omnes
2535 3126 2563 3164 a
2615 3109 2774 3166 tertio
2808 3125 2982 3178 mone,
3033 3111 3123 3179 qui
3177 3114 3530 3184 semetipsum
3564 3117 3663 3170 tri-

2002 3254 2045 3312 C
2081 3207 2318 3282 plicavit.
2348 3203 2491 3261 Eon
2539 3214 2722 3259 autem
2773 3203 2864 3258 hic
2907 3205 3102 3260 tertius
3152 3220 3275 3260 cum
3325 3219 3486 3264 notas
3529 3226 3660 3266 suas

2082 3299 2290 3353 videret
2321 3297 2608 3351 universas
2655 3293 2818 3350 simul
2846 3295 2900 3350 iu
2932 3295 3279 3366 subjacentes
3313 3299 3455 3356 infra
3506 3313 3658 3359 tene-

2082 3389 2209 3444 bras
2259 3393 2564 3456 susceptas,
2611 3399 2844 3455 cumque
2917 3395 3241 3454 potestatem
3309 3392 3658 3448 tenebrarum

2083 3495 2192 3536 non
2228 3479 2502 3548 ignoraret
2535 3484 2591 3531 et
2635 3476 3041 3546 simplicitatem
3087 3476 3225 3533 lucis
3253 3479 3416 3534 simul
3443 3492 3498 3537 et
3521 3483 3662 3537 libe-

2083 3572 2377 3637 ralitatem,
2406 3584 2513 3624 non
2540 3583 2731 3640 passus
2758 3577 2842 3624 est.
2873 3568 2966 3623 diu
3007 3568 3214 3625 lucidas
3247 3582 3406 3626 notas
3429 3573 3662 3644 desuper

2083 3681 2113 3720 a
2150 3664 2390 3720 tenebris
2420 3663 2674 3718 deorsum
2707 3662 2916 3731 deripi;
2950 3669 3006 3715 at
3031 3662 3178 3716 enim
3223 3665 3528 3720 substruxit
3554 3683 3665 3721 aeo-

2082 3757 2244 3810 nibus
2263 3755 2666 3808 ﬁrmamentum
2697 3752 2841 3808 caeli.
2887 3751 3180 3824 Postquam
3222 3755 3388 3826 igitur
3425 3758 3664 3813 ﬁrmavit

2083 3845 2314 3912 inferne,
2345 3853 2394 3898 et
2425 3845 2601 3897 divisit
2622 3844 2859 3897 tenebras
2890 3861 2922 3897 a
2950 3844 3065 3900 lucc
3095 3847 3476 3919 appellavitque
3495 3850 3665 3907 lucent

2082 3937 2243 4002 diem,
2277 3951 2395 4006 qua:
2420 3945 2532 3989 erat
2563 3951 2720 4003 super
2743 3936 3168 4006 firmamentum,
3205 3950 3256 3994 et
3309 3944 3548 3999 tenebras
3570 3960 3665 4015 ap-

2083 4028 2298 4099 pellavit
2343 4037 2568 4082 noctem.
2621 4026 2904 4083 Universis
2959 4029 3142 4099 igitur,
3177 4041 3235 4085 ιιι
3269 4033 3402 4098 dixi,
3441 4035 3666 4094 inﬁnitis

2090 4119 2237 4175 tertii
2270 4119 2440 4175 :eonis
2471 4117 2608 4175 ideis
2660 4119 3020 4189 deprehensis
3069 4124 3125 4178 in
3168 4123 3370 4179 inﬁmis
3407 4125 3493 4181 his
3515 4133 3669 4183 tene-

2084 4211 2219 4278 bris,
2257 4211 2421 4266 etiam
2479 4211 2646 4281 ipsius
2680 4209 2908 4280 hujusce
2951 4214 3123 4271 monis
3151 4230 3275 4271 cum
3315 4218 3541 4290 reliquis
3572 4237 3670 4278 ex-

2086 4319 2271 4376 pressa
2302 4311 2387 4359 est
2418 4303 2620 4373 imago,
2651 4303 2792 4374 ignis
2825 4307 2981 4362 vivus
3029 4322 3062 4362 a
3112 4307 3232 4364 luce
3259 4311 3494 4380 genitus,
3528 4314 3670 4371 unde

2088 4411 2318 4466 magnus
2345 4388 2548 4450 archon
2581 4395 2813 4464 exstitit,
2839 4396 2906 4454 de
2932 4413 3040 4469 quo
3067 4399 3244 4456 Moses
3273 4402 3348 4456 ait
3375 4421 3389 4456 :
3429 4401 3496 4458 In
3521 4405 3673 4474 prin-

397 4504 642 4560 τοιούτου
673 4502 870 4566 αἰῶνος
917 4490 1426 4570 ὲνσῖπεσφράγισται
1471 4493 1612 4566 μετὰ
1639 4493 1748 4546 τῶν
1776 4489 1969 4545 λοιπῶι

2091 4489 2226 4558 cipio
2258 4479 2448 4542 creavit
2476 4487 2612 4542 Deus
2634 4486 2818 4542 caelum
2843 4499 2893 4544 et
2923 4491 3313 4548 terram.llunc
3337 4495 3468 4551 dicit
3492 4495 3672 4553 Moses

396 4595 462 4652 τὸ
487 4594 794 4666 ὲκτύπωμα
817 4634 833 4660 ,
864 4592 978 4664 πῦρ
1016 4591 1126 4656 ζῶν
1157 4591 1264 4645 ἀπὸ
1295 4589 1474 4659 φωτὸς
1502 4588 1819 4658 γενόμενον,
1858 4583 1982 4638 ὅθεν

395 4697 421 4748 ὁ
457 4691 634 4763 μέγας
674 4689 859 4761 ἅρχων
894 4685 1111 4756 ἐγένετο
1135 4724 1150 4751 ,
1191 4683 1322 4756 περί
1366 4675 1427 4736 o6
1458 4681 1605 4752 λέγει
1655 4677 1899 4749 Μωῦσῆς
1938 4675 1985 4708 ⁷⁸

2093 4580 2312 4652 igneum
2340 4579 2536 4648 Deum,
2567 4581 2658 4650 qui
2693 4595 2724 4637 e
2756 4582 2890 4638 rubo
2921 4583 3051 4656 (ἀπὸ
3083 4583 3177 4638 τοῦ
3231 4584 3420 4657 βάτου)
3460 4587 3673 4653 locutus

2093 4673 2184 4739 sit,
2213 4673 2317 4730 hoc
2342 4677 2477 4729 este
2519 4673 2858 4731 tenebricoso
2886 4689 3012 4732 aere
3046 4675 3231 4747 (βάτος
3264 4679 3408 4733 enim
3439 4686 3525 4734 est
3551 4684 3673 4734 uni-

1688 4815 1929 4878 VARIAS
1961 4817 2366 4876 LECTIONES.

509 4964 556 4995 ⁸⁸
584 4962 778 5016 Matth.
830 4977 947 5027 xm,
981 4961 1053 5029 9;
1097 4961 1264 5016 Marc.
1306 4977 1392 5026 tv,
1442 4960 1519 5027 9;

401 5031 733 5104 γενόμενοιί
772 5032 855 5086 Cl.
912 5047 1071 5102 supra
1129 5048 1180 5102 p.
1243 5031 1393 5104 265,
1430 5031 1518 5087 55.

1584 4959 1717 5015 Luc.
1769 4976 1886 5027 vttt,
1943 4961 1995 5016 8.

1646 5032 1691 5065 ⁸⁸
1752 5031 1835 5086 Ct.
1895 5046 2058 5100 supra

2891 4963 2948 5034 “7
2978 4963 3283 5034 γενόμενοι.
3342 4963 3425 5019 An
3476 4964 3673 5019 τέλειοι

2788 5035 2832 5065 δ’
2890 5033 3222 5104 γένημα-
3278 5035 3546 5104 ὲγένησαν
3607 5035 3670 5090 C.

2103 4962 2151 4995 ‘9
2171 4961 2410 5016 πάντων.
2463 4961 2680 5026 πάντως
2728 4963 2792 5018 C.

2109 5048 2162 5102 p.
2228 5032 2366 5092 278,
2422 5029 2491 5085 66
2551 5049 2674 5102 sqq.

403 5101 451 5136 "
486 5101 638 5185 μιξς,
688 5101 782 5185 16v
837 5104 896 5185 έν
947 5101 1204 5185 μεσότητι
1245 5103 1480 5185 Μαρίας.
1521 5103 1745 5173 σωτῆρα
1804 5103 2066 5185 πάντα)νὲ
2111 5101 2269 5182 μιᾶς,
2331 5101 3040 5185 Μαρίαςέσωτῆραητδν
3083 5106 3140 5185 έν
3205 5101 3464 5185 μεσότητι
3530 5107 3672 5185 πάν-

401 5171 658 5252 τωνῆιξ..
705 5173 921 5252 _Sc_ottns
951 5171 976 5225 ι
1021 5171 1242 5252 Μαρίας
1290 5171 1576 5252 delendum
1602 5171 1769 5252 nesse
1823 5182 1973 5252 putat
2015 5171 2318 5252 _Sau_ppius.
2383 5171 2660 5252 Amata;
2688 5171 2835 5252 _1ti‘tv_
2872 5176 2930 5226 ὲν
2972 5171 3231 5252 μ-εσότητι
3261 5171 3493 5252 Σωτῆρα
3536 5176 3673 5229 πάν-

404 5241 550 5297 τωνί
588 5241 673 5297 Cf.
709 5242 846 5314 infra
877 5244 910 5296 I.
935 5259 1088 5314 _rt,_c..
1118 5241 1215 5314 ⁷16,
1240 5259 1290 5311 p.
1324 5242 1446 5297 524.
1481 5244 1568 5297 ed.
1595 5242 1696 5298 Ox.
1726 5242 1986 5312 γεννῆσαι
2012 5243 2077 5296 ὲκ
2111 5241 2393 5314 Παρθένου
2437 5241 2657 5312 Μαρίας
2688 5243 2920 5313 Σωτῆρα
2951 5241 3060 5297 τῶν
3087 5241 3326 5300 πάντων.

403 5314 496 5378 τὸς
525 5343 597 5355 --
619 5311 893 5396 ἐγένητον
922 5312 985 5396 (ξ,
1013 5311 1106 5396 Μ..
1156 5313 1202 5345 ⁸⁸
1240 5314 1697 5396 κεκοσμημένων.
1733 5311 2254 5396 καικεκοσμιμένων
2317 5311 3354 5396 CL-xa1atteaoap-qp6~zot~2nﬂ.__Sc:)ttus.

406 5400 577 5454 τριτοι
613 5383 695 5454 (ξε
750 5382 792 5454 ’Τ
831 5383 1117 5454 κατάεκαὶ
1143 5384 1286 5437 κατὰ
1308 5382 1449 5450 conj.
1473 5385 1548 5437 Μ.
1625 5383 1670 5415 ⁸⁸
1693 5382 2084 5454 αὐτοι-αὐτόν’
2105 5384 2168 5449 C,
2195 5383 2266 5436 M.

3437 5246 3672 5369 Ἶοτὲἔέἒ

2373 5355 2380 5375 ,
2409 5331 2984 5396 κατακεκοσμημενων
3017 5331 3077 5369 ιτ.
3117 5331 3354 5394 bcouus.
3459 5331 3504 5348 "
3534 5331 3672 5386 αμε-

2373 5383 2418 5414 "
2459 5382 2678 5451 ἀφελές.
2715 5384 2954 5452 ασψαλὲς
2977 5384 3040 5448 C,
3075 5385 3144 5440 M.
3169 5384 3252 5439 Cf.
3286 5384 3424 5440 Infra
3457 5385 3493 5441 Ι.
3523 5403 3578 5450 x,
3617 5405 3667 5440 c.

409 5451 499 5518 16,
519 5469 572 5524 p.
591 5452 704 5524 4524
729 5452 951 5524 ειΙεΟκΑ.
977 5452 1231 5509 Correxit
1265 5455 1378 5523 jam
1403 5455 1731 5523 Beruaysius
1778 5455 1840 5524 in
1860 5451 1961 5522 Ep.
1987 5455 2159 5508 critic.
2182 5455 2256 5524 ad
2291 5453 2617 5524 Bumenium
2662 5451 2940 5524 (BunSeuji
2972 5454 3225 5508 Analecta
3275 5454 3671 5510 Ante-Nicama

407 5521 634 5612 γριξιιι,
761 5522 884 5588 507,
977 5533 1090 5577 not.

407 5610 638 5647 ουοανου
714 5609 1004 5647 ernavstus
1037 5596 1071 5647 Ι.

406 5595 638 5666 οὐρανοῦ
669 5593 1004 5666 Ιξετιιεγδὶιιε
1037 5596 1071 5666 l_.
1164 5593 1249 5666 Cf.
1287 5595 1423 5649 infra

1191 5524 1235 5596 f'
1267 5520 1430 5578 αἰῶσι
1464 5520 1770 5596 στερέωμα.
1807 5520 2123 5596 ξτερεώσας
2149 5520 2262 5580 οὖν.
2292 5523 2474 5596 αἰῶσιἶ
2518 5520 2836 5596 Στερεώσας
2861 5520 2955 5579 οὖν
2980 5524 3041 5596 (ξ,
3074 5524 3147 5589 Μ,
3179 5524 3340 5578 αἰῶσι
3381 5526 3669 5596 στερέωμα

1463 5609 1513 5666 ρ.
1545 5593 1767 5666 εειίειι.
1812 5594 1911 5666 Οῃ.
1963 5595 2261 5666 Ἐποίησεν
2291 5593 2547 5666 οὐρανὸν,
2589 5595 2683 5666 καὶ
2723 5593 2892 5666 μέσον
2923 5594 3136 5665 πήξας,
3176 5612 3230 5648 κ.
3266 5612 3317 5650 τ.
3347 5596 3398 5650 λ.

408 5667 430 5723 Ι
453 5663 584 5721 llos.
614 5681 655 5730 1,
683 5663 738 5735 4,
773 5664 828 5726 5,
849 5663 922 5735 Ἶι
955 5663 1065 5718 Καὶ
1089 5664 1407 5735 διεχώρισεν
1431 5667 1460 5719 6
1485 5664 1617 5728 Θεὸς
1656 5664 1760 5718 ἀνά
1790 5664 1968 5735 μέσον
1993 5664 2088 5717 τοῦ
2132 5663 2308 5734 φωτὸς
2338 5665 2432 5717 καὶ
2460 5664 2564 5735 avt

3507 5597 3550 5627 τι
3582 5597 3620 5627 l‘

2595 5597 2683 5647 καὶ
2723 5597 2889 5664 μέσον
2923 5597 3136 5665 πήξας,
3176 5612 3230 5648 κ.
3266 5612 3317 5650 τ.
3347 5597 3398 5650 λ.
3507 5597 3550 5627 ⁷³
3582 5597 3668 5651 ω.

2595 5665 2760 5734 μέσον
2801 5664 2896 5717 τοῦ
2931 5666 3177 5730 σκότους.
3209 5667 3322 5719 Καὶ
3353 5665 3613 5720 ἐκάλεσεν
3641 5669 3670 5720 6

409 5736 542 5814 Θεὸς
564 5736 625 5789 τὸ
658 5733 1014 5814 ιρῶιςμὴμέραν
1043 5733 1222 5814 καὶτὸ
1252 5733 1444 5814 σκότος
1480 5735 1706 5814 ἐκάλεσε
1739 5733 1932 5814 νύκτα.
1981 5736 2092 5814 Kal
2117 5733 2376 5814 επρίησεν
2413 5735 2442 5787 6
2470 5733 2691 5814 6:26:16
2730 5735 3019 5814 στερέωμα
3069 5737 3164 5790 καὶ
3191 5736 3510 5814 διεχώρισεν
3561 5737 3668 5792 ἀνὰ

411 5808 577 5912 μέσον
611 5799 704 5857 106
736 5799 951 5872 ὓδατος,
989 5805 1017 5858 ὃ
1048 5799 1115 5876 ἦν
1141 5805 1400 5859 ὑποκάτω
1425 5804 1520 5858 106
1562 5806 1964 5876 στερεώματος,
1991 5806 2087 5858 καὶ
2112 5806 2216 5859 ἀνὰ
2251 5799 2413 5876 μέσον
2445 5804 2538 5858 τοῦ
2567 5804 2759 5868 ὓδατος
2787 5799 2878 5857 166
2904 5799 3089 5862 ἐπάνω
3127 5807 3222 5862 τοῦ
3263 5799 3664 5880 στερεώματος,

437 5875 801 5912 namnam"...
838 5875 878 5912 ρ
977 5875 1239 5912 sanna...
1283 5875 1572 5912 Πριυιιι..ι..ιῖ
1620 5877 1660 5912 ιι
1717 5875 1786 5912 nr
1836 5875 1972 5912 δησιϋ.
2008 5891 2042 5912 η
2097 5877 2202 5912 me:
2227 5882 2292 5912 an
2339 5875 2418 5912 n.-
2479 5877 2524 5908 τι
2555 5874 2571 5912 1
2605 5875 2714 5912 ιιιιρ
2775 5891 2786 5912 ι
2841 5877 2850 5912 ι
2903 5877 2922 5912 ι

475 5875 801 5950 διεχώρησεν
838 5875 901 5932 C.
977 5876 1023 5909 ⁷³
1044 5874 1256 5932 Πασῶν.
1283 5877 1506 5933 Πάντων
1533 5875 1594 5948 C,
1619 5874 1686 5934 Μ.
1717 5874 1799 5933 Cf.
1834 5875 1974 5933 in’l'ra
2007 5891 2066 5947 p.
2097 5877 2202 5933 39.5
2227 5874 2313 5936 eti.
2339 5875 2444 5932 Ox.
2479 5877 2524 5908 ⁷³
2555 5874 2572 5930 l
2603 5875 2736 5932 llos.
2773 5891 2812 5946 ι,
2840 5877 2872 5930 Ι.
2903 5877 2952 5931 l.
