4114 6414
492 382 634 444 3353

1978 365 2346 431 ORIGENIS

3621 361 3768 428 335$

492 509 684 552 versus
704 509 796 550 aer
822 493 1060 550 tenebris
1081 479 1415 564 subiacens),
1446 490 1607 562 βάτον
1647 497 1851 554 autem,
1883 487 2066 556 inquit

2197 485 2299 538 Ἐν
2343 480 2503 552 ἀρχῇ
2546 480 2844 547 ἐποίησεν
2893 482 2926 534 d
2988 481 3135 546 Θεὸς
3182 480 3291 534 τὸν
3341 455 3608 549 oi'pardr
3661 485 3767 532 καὶ

492 587 626 639 dixit
646 583 841 650 Moses,
866 585 992 655 quia
1017 587 1247 655 desuper
1277 584 1532 640 deorsum
1556 596 1748 636 omnes
1785 589 2069 650 pertrans-

493 678 673 731 ierunt
721 676 858 733 lucis
881 677 1115 746 species,
1147 676 1343 747 quibus
1373 691 1469 731 aer
1499 667 2070 746 permeabilis($a16;)

492 776 593 822 est.
621 767 734 823 Non
784 777 964 822 autem
1002 767 1182 822 minus
1211 767 1376 821 etiam
1412 766 1568 820 nobis
1611 765 1832 818 verbum
1877 776 1906 815 a
1934 760 2072 815 rubo

495 867 679 910 notum
706 857 786 924 ﬁt,
822 872 922 911 vox
971 859 1141 922 enim,
1191 858 1502 928 signiﬁcans
1545 854 1794 920 verbum,
1845 861 1932 907 est
1975 866 2072 906 aer

492 947 759 1016 pulsatus,
791 965 903 1019 quo
957 950 1174 1020 dempto
1207 948 1427 1003 verbum
1465 947 1755 1001 humanum
1809 959 1916 1000 non
1980 957 2074 998 co-

493 1039 798 1106 gnoscitur.
836 1038 953 1095 Non
981 1040 1155 1096 solum
1183 1051 1362 1094 autem
1395 1040 1617 1092 verbum
1666 1035 1824 1092 nobis
1855 1050 1884 1089 a
1915 1035 2071 1098 rubo,

493 1131 596 1183 hoc
628 1139 715 1184 est
745 1129 814 1184 ab
839 1145 964 1185 aere
995 1129 1141 1200 leges
1173 1129 1266 1182 dat
1294 1137 1347 1182 et
1380 1128 1664 1182 nobiscum
1693 1134 1959 1187 versatur,
1976 1121 2072 1178 sed

491 1219 636 1272 enim
667 1227 721 1274 et
748 1221 944 1276 odores
974 1229 1028 1274 et
1051 1220 1260 1275 colores
1283 1233 1380 1288 per
1414 1232 1593 1273 aerem
1642 1215 1796 1272 nobis
1843 1212 2073 1269 faculta-

495 1321 574 1365 tes
595 1327 720 1366 suas
744 1311 1114 1370 manifestam.

2177 575 2294 644 τὴν
2340 572 2477 645 γῆν.
2532 571 2736 625 Τοῦτον
2774 570 2923 640 λέγει
2972 569 3218 640 Μωῦσῆς
3250 571 3297 601 ’³
3347 572 3573 642 πύρινον
3629 569 3770 624 Θεὸν

2178 664 2286 720 ἀπὸ
2314 662 2408 718 τοῦ
2451 662 2614 734 β’άτου
2648 661 2988 733 λαλήσαντα,
3025 661 3304 715 τουτέστιν
3341 661 3451 714 ἀπὸ
3491 660 3588 714 τοῦ
3636 678 3770 714 σκο-

2177 756 2356 812 τεινοῦ
2383 756 2546 828 ἀέρος
2566 773 2580 786 ·
2607 755 2770 826 βάτος
2802 756 2910 828 γάρ
2944 757 3062 809 ἐστι
3102 757 3211 818 πᾶς
3261 756 3290 808 6
3331 755 3514 808 σκότει
3544 753 3771 809 ὑποκεί-

2183 864 2344 919 μενος
2405 847 2554 917 ἀήρ·
2611 846 2773 917 βάτον
2821 847 2879 901 δὲ
2909 887 2924 912 ,
2967 847 3169 916 φησὶν,
3220 846 3416 918 εἰρηκε
3475 847 3766 917 Μωῦσῆς,

2179 941 2262 994 ὅτι
2321 937 2532 993 ἄνωθεν
2591 939 2744 992 κάτω
2799 939 2974 992 πᾶσαι
3033 937 3293 1009 διέϐησαν
3345 937 3437 991 τού
3497 937 3679 1007 φωτὸς
3709 937 3771 991 αἱ

2182 1030 2320 1083 ἰδέα.
2341 1027 2512 1096 βατὸν
2533 1029 2580 1060 ⁷⁸
2609 1027 2832 1098 ἔχουσαι
2866 1027 2956 1082 τὸν
2983 1027 3141 1099 ἀέρα.
3181 1029 3351 1082 Ούδὲν
3380 1027 3438 1081 δὲ
3465 1023 3628 1099 ἦττον
3667 1029 3771 1082 καὶ

2175 1122 2311 1191 ἡμῖν
2336 1121 2364 1174 6
2396 1119 2557 1189 λόγος
2591 1119 2699 1171 ἀπὸ
2729 1116 2825 1172 τοῦ
2875 1117 3041 1188 βάτου
3074 1119 3432 1190 γνωρίζεται·
3468 1119 3623 1188 φωνὴ
3652 1119 3768 1190 γάρ

2174 1209 2294 1262 ἔστι
2324 1208 2638 1280 σημαντικὴ
2659 1207 2755 1262 τοῦ
2785 1208 2946 1278 λόγου
2973 1208 3354 1280 πλησσόμενος
3381 1210 3511 1282 άὴρ,
3547 1204 3609 1263 οὗ
3636 1211 3771 1280 δίχα.

2174 1301 2335 1370 λόγος
2364 1299 2708 1372 ἀνθρώπινος
2734 1302 2795 1354 ού
2822 1301 3178 1372 γνωρίζεται.
3219 1303 3294 1356 Ού
3325 1303 3488 1374 μόνον
3512 1303 3572 1357 δὲ
3604 1303 3632 1354 6
3665 1305 3762 1358 λό-

491 1418 588 1471 γος
618 1407 748 1477 ἡμῖν
774 1406 880 1460 ἀπὸ
906 1405 999 1460 τοῦ
1033 1405 1194 1477 βάτου
1217 1446 1232 1473 ,
1259 1406 1542 1460 τουτέστιν
1566 1405 1751 1476 ἀέρος,
1778 1401 2064 1475 νομοθετεῖ
2121 1398 2218 1452 καὶ
2264 1395 2752 1467 συμπολιτεύεται,
2779 1394 2920 1449 ἀλλὰ
2967 1395 3077 1468 γὰρ
3107 1395 3204 1450 καὶ
3243 1395 3414 1467 ὀσμαὶ
3485 1397 3582 1450 καὶ
3611 1395 3769 1468 χρώ-

493 1492 640 1567 tiara.
667 1497 753 1552 διὰ
797 1497 891 1551 τοῦ
928 1499 1086 1570 ἀέρος
1129 1501 1261 1570 ἡμῖν
1313 1499 1412 1562 τὰς
1449 1497 1708 1568 δυνάμεις
1741 1497 1841 1559 τὰς
1866 1491 2061 1549 ἑαυτοῦ
2099 1490 2520 1564 ἐμφανίζουσιν.

559 1588 646 1643 10.
688 1589 789 1643 Hic
818 1588 980 1660 igitur
1007 1592 1139 1645 deus
1163 1590 1372 1661 igneus,
1400 1588 1492 1658 qui
1548 1587 1689 1657 ignis
1737 1601 1767 1639 a
1816 1584 1935 1639 luce
1967 1599 2066 1639 ex-

490 1677 648 1741 stitit,
689 1678 948 1732 mundum
975 1677 1105 1732 fecit
1136 1679 1208 1732 ita
1239 1687 1299 1731 ut
1327 1677 1504 1731 Moses
1532 1676 1629 1742 ait,
1655 1675 1770 1744 ipse
1806 1689 1927 1728 cum
1957 1687 2064 1728 non

2248 1578 2301 1636 ι’.
2339 1573 2508 1643 Οὗτος
2535 1573 2630 1632 οὖν
2655 1579 2683 1632 6
2708 1578 2998 1651 πυροειδὴς
3029 1577 3151 1642 θεὸς
3170 1578 3238 1644 ⁷⁷,
3270 1579 3298 1631 6
3321 1577 3430 1653 πῦρ
3457 1579 3565 1634 ἀπὸ
3585 1582 3772 1650 φωτὸς

2171 1671 2461 1742 γενόμενος
2526 1671 2796 1742 πεποίηκε
2851 1671 2944 1725 τὸν
3001 1671 3204 1741 κόσμον
3251 1669 3466 1737 οὕτως,
3508 1671 3585 1736 ὥς
3627 1690 3770 1744 φησι

489 1765 751 1822 subsistat
775 1766 1016 1821 tenebris
1042 1777 1296 1837 tanquam
1330 1766 1635 1822 substantia
1678 1775 1855 1830 utens,
1882 1779 2066 1836 perpe-

2172 1764 2420 1833 Μωῦσῆς
2443 1801 2458 1826 ,
2490 1762 2655 1826 αὐτὸς
2699 1760 2775 1816 ὣν
2805 1761 3182 1826 ἀνυπόστατος
3207 1801 3222 1824 ,
3255 1764 3449 1826 σκότος
3491 1763 3630 1834 ἔχων
3660 1765 3771 1836 τὴν

491 1867 584 1912 tuo
611 1858 959 1913 contumeliis
991 1855 1231 1935 alliciens
1273 1869 1510 1915 aeternas
1557 1857 1676 1913 illas
1723 1858 1956 1926 desuper
1985 1855 2071 1911 in-

490 1945 648 2002 ferne
670 1959 948 2018 susceptas
977 1949 1119 2006 lucis
1150 1958 1327 2005 notas.
1359 1949 1546 2021 Usque
1585 1947 1942 2022 420-421
1971 1948 2074 2019 igi-

489 2049 580 2092 tur
611 2039 677 2093 ad
719 2037 1034 2096 ‘Salvatoris
1067 2040 1459 2112 apparitionem
1505 2057 1535 2096 a
1571 2041 1672 2097 deo
1708 2041 1844 2096 lucis
1875 2043 2069 2110 igneae,

491 2128 795 2197 demiurgo,
829 2130 998 2184 multa
1033 2129 1283 2199 quaedam
1309 2137 1429 2186 erat
1477 2129 1680 2186 erratio
1723 2130 2068 2196 animarum;

490 2217 688 2274 animm
727 2217 941 2291 (ψυχαί)
965 2221 1108 2277 enim
1140 2221 1272 2277 idem
1303 2220 1666 2292 appellantur,
1691 2226 1817 2291 quia
1843 2221 2072 2292 refrige-

491 2320 624 2364 rata
654 2323 684 2364 a
709 2311 968 2382 supernis
997 2311 1051 2366 in
1086 2313 1326 2369 tenebris
1347 2321 1635 2382 peragunt,
1695 2320 2072 2368 transmutata:

491 2417 522 2455 e
549 2403 874 2473 corporibus
897 2403 954 2458 in
979 2418 1211 2474 corpora
1253 2419 1283 2458 a
1315 2404 1597 2473 demiurgo
1623 2403 1920 2459 custodita.
1944 2401 2072 2460 Haec

493 2500 673 2546 autem
708 2492 780 2545 ita
815 2506 958 2557 esse,
1006 2491 1210 2561 inquit,
1252 2492 1380 2547 licet
1429 2493 1600 2547 etiam
1644 2506 1711 2546 ex
1740 2490 1840 2546 Job
1873 2492 2073 2548 intelli-

499 2598 648 2652 gere,
671 2599 794 2638 eum
821 2585 954 2638 dicit
978 2601 992 2638 :
1018 2582 1096 2638 "Et
1122 2601 1221 2654 ego.
1242 2601 1358 2639 sum
1393 2600 1512 2639 erro
1535 2595 1584 2639 et
1619 2585 1674 2638 in
1695 2584 1867 2638 locum
1893 2601 1920 2640 ε
1941 2586 2070 2642 locis

490 2676 757 2730 transiens
789 2685 836 2730 et
871 2678 925 2730 in
971 2676 1184 2730 domum
1216 2692 1305 2730 ea:
1331 2677 1510 2743 domo,
1561 2685 1616 2732 et
1649 2692 1770 2732 cum
1815 2677 2070 2733 Salvator

490 2767 624 2821 dicit
655 2784 668 2820 :
712 2765 780 2818 Et
810 2767 865 2820 si
890 2766 1049 2820 vultis
1078 2767 1328 2836 recipere,
1355 2768 1464 2838 ipse
1486 2777 1561 2821 est
1603 2765 1786 2835 Elius,
1829 2769 1917 2839 qui
1947 2785 2070 2822 ven-

488 2866 640 2912 turus
670 2870 770 2925 est.
823 2860 927 2924 Qui
980 2859 1132 2914 habet
1192 2877 1347 2914 aures
1394 2860 1648 2915 audiendi
1696 2861 1906 2916 audiat.
1942 2861 2070 2918 lude

489 2960 672 3006 autem
731 2966 762 3006 a
807 2949 1090 3008 Salvatore
1142 2952 1398 3024 migratio
1443 2954 1752 3008 animarum
1808 2957 2068 3021 cessavit,

489 3045 623 3099 ﬁdes
653 3059 784 3099 vero
815 3045 1137 3115 praedicatur
1168 3045 1236 3099 ad
1270 3044 1649 3101 remissionem
1692 3057 2066 3116 peccatorum.

2170 1854 2384 1920 ούσίαν,
2421 1853 2727 1926 ἐνυϐρίζων
2767 1854 2855 1907 ἀεὶ
2895 1857 3010 1916 τοῖς
3049 1852 3518 1925 κατειλημμένοις
3553 1854 3771 1909 ἄνωθεν

2170 1947 2323 2002 κάτω
2345 1946 2441 2000 τοῦ
2476 1947 2487 2015 |
2518 1947 2695 2017 φωτὸς
2719 1946 2959 2010 αἰωνίοις
2978 1944 3058 2018 [pL
3081 1946 3209 2012 266,
3232 1946 3364 2019 267]
3392 1948 3766 2020 χαρακτῆρσι.

2169 2040 2349 2111 Μέχρι
2373 2038 2473 2111 μὲν
2497 2035 2591 2093 οὖν
2617 2040 2716 2111 τῆς
2747 2039 2841 2092 τοῦ
2868 2039 3119 2110 Σωτῆρος
3147 2039 3511 2111 φανερώσεως
3534 2041 3641 2094 ὑπὸ
3667 2040 3768 2106 τοῦ

2170 2131 2307 2185 Θεοῦ
2350 2131 2443 2186 τοῦ
2485 2132 2666 2202 φωτὸς
2709 2130 2804 2184 τοῦ
2853 2130 3174 2202 πυρώδους,
3233 2130 3328 2185 τοῦ
3385 2131 3762 2204 δημιουργοῦ,

2169 2223 2339 2296 πολλή
2370 2241 2455 2288 τις
2503 2219 2572 2295 ἦν
2604 2222 2779 2295 πλάνη
2813 2221 2920 2276 τῶν
2941 2221 3158 2293 ψυχῶνο
3179 2223 3351 2295 ψυχαὶ
3380 2225 3492 2293 γὰρ
3523 2227 3579 2277 αἰ
3623 2226 3768 2280 ἰδέαι

2169 2314 2504 2383 καλοῦνται,
2539 2316 2622 2368 ὅτι
2657 2315 3026 2384 ἀποψυγείσαι
3063 2314 3174 2367 τῶν
3201 2313 3312 2368 ἄνω
3340 2316 3398 2368 ὲν
3431 2315 3612 2369 σκότει
3637 2316 3768 2370 διαι-

2169 2406 2406 2471 τελοῦσι,
2458 2405 2936 2477 μεταϐαλλόμεναι
2967 2406 3032 2458 ὲκ
3073 2405 3343 2477 σωμάτων
3385 2407 3465 2470 εἰς
3496 2405 3763 2478 σώματα,

2171 2497 2278 2550 ὑπὸ
2318 2495 2416 2551 τοῦ
2465 2495 2809 2568 δημιουργοῦ
2850 2494 3262 2567 φρουρούμενα.
3324 2497 3451 2550 Ὅτι
3500 2497 3557 2550 δὲ
3606 2499 3763 2552 τοῦθ’

2169 2587 2343 2652 οὕτως
2371 2587 2510 2659 ἔχει,
2549 2589 2736 2660 φησιν,
2765 2586 2978 2641 ἔνεστιν
3002 2587 3050 2620 ⁷⁸
3073 2587 3168 2642 καὶ
3202 2589 3267 2641 ὲκ
3294 2587 3389 2641 τοῦ
3430 2587 3553 2642 Ἰὼϐ
3585 2607 3769 2644 κατα-

2169 2680 2361 2750 νοῆσαι
2385 2678 2663 2749 λέγοντος·
2695 2678 2803 2733 Καὶ
2827 2677 2943 2748 ἐγὼ
2970 2678 3012 2711 ⁷⁹
3043 2677 3342 2749 πλανῆτις
3373 2680 3419 2712 ⁸⁰
3440 2679 3540 2733 καὶ
3570 2682 3770 2736 τόπον

2168 2771 2237 2825 ἐκ
2277 2772 2478 2826 τόπων
2531 2771 2988 2842 μεταϐαίνουσα
3032 2772 3133 2826 καὶ
3165 2773 3364 2827 οὶκίαν
3407 2773 3478 2838 ἑξ
3514 2775 3718 2840 οἰκίας
3743 2819 3762 2842 ,

2172 2865 2267 2916 καὶ
2294 2862 2386 2916 τοῦ
2413 2863 2673 2934 Σωτῆρος
2712 2863 2965 2932 λέγοντος
2985 2881 2999 2894 ·
3039 2865 3150 2919 Καί
3185 2867 3238 2918 εί
3264 2865 3470 2921 θέλετε
3501 2867 3542 2898 ³¹
3576 2867 3765 2933 δέξα-

2169 2955 2333 3018 σθαι,
2362 2953 2544 3019 αὑτός
2572 2955 2747 3008 ἐστιν
2789 2954 2989 3020 Ἠλίας
3025 2958 3058 3008 ὁ
3069 2955 3315 3026 μέλλων
3343 2957 3651 3026 ἔρχεσθαι.
3698 2959 3768 3012 '0

2126 3103 2140 3125 ο
2171 3045 2330 3115 ἔχων
2352 3040 2473 3100 ὦτα
2523 3045 2770 3100 ἀκούειν
2799 3046 3084 3101 ἀκουέτω.
3139 3047 3272 3100 ’Δπδ
3302 3048 3358 3101 δὲ
3385 3049 3480 3102 τού
3508 3051 3771 3123 Σωτῆρος

487 3135 605 3191 Tali
627 3138 865 3208 quodam
907 3137 1434 3208 modo-unigenitu-s
1485 3137 1629 3192 ﬁlius
1659 3137 1768 3206 ille,
1808 3153 1930 3194 cum
1958 3153 2065 3194 2co-

2177 3134 2674 3205 μετενσωμάτωσις
2713 3134 3032 3200 πέπαυται,
3085 3137 3270 3202 πίστις
3322 3138 3379 3192 δὲ
3415 3141 3768 3211 κηρύσσεται

487 3246 638 3299 num,
680 3231 772 3301 qui
809 3245 969 3300 supra
1000 3239 1150 3296 sunt,
1183 3229 1337 3284 ideas
1363 3228 1573 3284 videret
1613 3232 1843 3301 desuper
1879 3239 2064 3285 trans-

488 3332 726 3379 mutatas
787 3323 840 3377 in
898 3322 1250 3378 tenebricosis
1297 3321 1636 3392 corporibus,
1673 3321 1916 3378 liberare
1970 3337 2063 3380 eas

486 3413 1041 3471 descendensvoluit.
1078 3413 1426 3470 Cum-autem
1484 3414 1671 3480 sciret,
1717 3422 1777 3467 ut
1822 3414 2066 3486 pleroma

493 3507 872 3562 universorum
905 3521 1116 3561 teonum
1157 3504 1318 3560 simul
1344 3505 1614 3570 viderent,
1647 3518 1717 3560 ne
1749 3519 1932 3560 mones
1955 3505 2068 3575 qui-

488 3598 609 3652 dem
662 3597 875 3662 valere,
944 3596 1043 3651 sed
1099 3603 1481 3649 consternatos
1541 3608 1638 3650 eos
1683 3595 2068 3663 corruptibiles

483 3689 891 3758 corruptionem
967 3687 1122 3755 pati,
1199 3679 1577 3754 magnitudine
1649 3695 1705 3741 et
1757 3685 2068 3769 .splendore

481 3779 773 3851 potestatis
809 3787 1103 3847 correptos
1144 3795 1158 3834 :
1213 3778 1394 3848 coegit
1424 3792 1507 3833 se
1579 3787 1834 3849 tanquam
1883 3778 2065 3851 fulgur

483 3873 782 3927 maximum
813 3872 865 3926 in
909 3871 1134 3927 minimo
1174 3885 1428 3940 corpore,
1455 3871 1588 3927 'imo
1640 3886 1771 3928 vero
1797 3882 2060 3942 tanquam

485 3964 664 4019 lumen
710 3963 850 4019 oculi
908 3964 1011 4020 sub
1067 3962 1342 4034 palpebris
1404 3973 1675 4031 coactum,
1714 3974 1769 4020 et
1816 3963 2064 4033 pervenit

483 4072 654 4126 usque
679 4057 746 4112 ad
761 4055 988 4122 coelum,
1019 4055 1324 4126 stellisque,
1361 4071 1481 4126 quae
1507 4056 1578 4111 ibi
1607 4065 1757 4121 sunt,
1788 4055 2065 4112 contactis

482 4165 671 4205 rursus
703 4161 764 4204 se
811 4147 958 4219 cogit
1017 4147 1118 4203 sub
1172 4147 1447 4217 palpebris
1487 4147 1630 4203 oculi
1680 4149 1900 4217 quando
1925 4147 2060 4202 vult.

480 4241 738 4311 Idemque
781 4255 904 4295 cum
959 4239 1092 4294 facit
1135 4237 1317 4294 lumen
1372 4239 1539 4304 oculi,
1581 4240 1726 4310 quod
1771 4249 1827 4295 et
1861 4242 2063 4312 ubique

479 4333 696 4389 exsistit
735 4341 789 4388 et
829 4330 1047 4398 omnia,
1087 4330 1244 4387 nobis
1297 4339 1384 4387 est
1434 4331 1730 4399 occultum,
1787 4332 2064 4388 cernimus

2172 3227 2254 3289 εἰς
2299 3226 2492 3294 ἄφεσιν
2531 3227 2835 3298 ἁμαρτιῶν.
2884 3227 3136 3282 Τοιοῦτόν
3163 3246 3284 3283 τινα
3316 3231 3519 3304 τρόπον
3549 3236 3578 3288 6
3603 3253 3762 3305 μονοο

2172 3317 2339 3387 γενὴς
2368 3317 2497 3380 Υἱὸς
2527 3319 2761 3383 ἐκεῖνος,
2795 3321 2823 3372 6
2851 3319 2962 3374 τῶν
2992 3319 3206 3375 αἰώνων
3245 3323 3455 3378 ἄνωθεν
3487 3325 3586 3390 τὰς
3619 3327 3771 3391 ἰδέας

2176 3407 2392 3478 βλέπων
2429 3409 2528 3472 τὰς
2553 3408 2760 3462 ἄνωθεν
2785 3410 3268 3482 μεταϐαλλομένας
3301 3416 3361 3468 ὲν
3394 3419 3510 3480 τοῖς
3551 3407 3770 3472 σκοτει-

2173 3501 2284 3563 νοῖς
2314 3499 2569 3570 σώμασι,
2625 3499 2893 3572 ῥύσασθαι
2934 3502 3212 3557 κατελθὼν
3259 3505 3552 3579 ἠθέλησεν.
3590 3509 3769 3575 Εἰδὼς

2174 3590 2254 3658 δὲ,
2287 3591 2370 3644 ὅτι
2409 3590 2469 3644 τὸ
2521 3590 2799 3663 πλήρωμα
2827 3592 2938 3648 τῶν
2971 3594 3110 3650 ὅλων
3141 3595 3353 3650 αἰώνων
3389 3599 3512 3652 οὐδὲ
3549 3602 3601 3654 oi
3628 3603 3768 3656 αἰῶ-

2172 3701 2263 3749 νες
2286 3684 2482 3757 ἀθρόον
2502 3685 2548 3718 ⁸⁸
2580 3685 2710 3741 ἰδεῖν
2732 3687 3116 3760 ὑπομένουσιν,
3145 3691 3282 3747 ἀλλὰ
3313 3696 3765 3767 καταπλαγέντες

2173 3777 2224 3830 οἰ
2257 3777 2303 3810 ⁸³
2341 3777 2572 3850 φθαρτοὶ
2595 3779 2805 3850 φθορὰν
2837 3781 3171 3854 ὑπομένουσι
3199 3823 3216 3850 ,
3253 3787 3478 3856 μεγέθει
3513 3791 3603 3843 καὶ
3629 3790 3757 3863 δόξῃ

2172 3869 2456 3942 δυνάμεως
2521 3871 2996 3943 κατειλημμένοι,
3056 3877 3341 3942 συστείλας
3419 3880 3612 3934 ἑαυτὸν
3681 3881 3760 3947 ὡς

2171 3962 2463 4034 ἀστραπὴν
2496 3963 2763 4033 μεγίστην
2798 3966 2856 4018 ὲν
2894 3965 3166 4040 ἐλαχίστῳ
3199 3968 3434 4042 σώματι,
3469 3972 3676 4042 μᾶλλον
3705 3973 3765 4027 δὲ

2171 4053 2250 4118 ὡς
2289 4054 2406 4123 φῶς
2449 4053 2626 4122 ὄψεως
2667 4055 2771 4107 ὑπὸ
2815 4058 2930 4120 τοῖς
2977 4057 3268 4129 βλεφάροις
3308 4063 3765 4136 συνεσταλμένον,

2169 4144 2464 4208 ἐξικνεῖται
2504 4144 2702 4216 μέχρις
2735 4146 2995 4218 ούρανοῦ,
3047 4151 3144 4205 καὶ
3187 4151 3297 4207 τῶν
3336 4154 3587 4227 ἀστέρων
3632 4157 3766 4211 ὲπι-

2169 4234 2388 4305 ψαύσας
2415 4237 2524 4292 τῶν
2552 4237 2601 4270 ⁸⁸
2633 4240 2753 4292 ἐκεῖ
2782 4239 2944 4294 πάλιν
2971 4241 3168 4297 ἑαυτὸν
3198 4244 3485 4298 συστέλλει
3515 4246 3623 4299 ὑπὸ
3647 4250 3766 4310 τοῖς

2170 4328 2462 4402 βλεφάροις
2513 4329 2615 4398 τῆς
2692 4332 2869 4402 ὅψεως
2918 4333 3008 4387 ὅτε
3055 4334 3325 4407 βούλεται.
3379 4337 3492 4392 Καὶ
3527 4340 3689 4394 τοῦτο
3719 4340 3765 4370 ⁸³⁵

483 4434 663 4478 autem
702 4438 804 4478 nos
832 4423 908 4477 nil
933 4418 1038 4477 nisi
1071 4421 1215 4477 oculi
1258 4421 1566 4493 palpebras,
1603 4422 1833 4492 angulos
1873 4422 2063 4478 candi-

2173 4419 2362 4476 ποιοῦν
2383 4421 2466 4518 Δτδ
2510 4423 2628 4492 φῶς
2660 4425 2760 4496 τῆς
2808 4423 2984 4494 ὅψεως
3007 4466 3023 4492 ,
3053 4427 3151 4481 καὶ
3180 4429 3429 4501 πανταχῆ
3472 4433 3765 4502 γινόμενον

486 4512 606 4579 dos,
642 4511 1014 4566 membranam
1039 4510 1242 4577 laxam,
1273 4511 1575 4579 sinuosam,
1616 4525 1898 4578 venosam,
1923 4514 2065 4568 tuni-

487 4607 607 4659 cat'n
637 4617 914 4671 corneam,
944 4604 1044 4659 sub
1073 4619 1137 4660 ea
1190 4615 1366 4659 autem
1403 4604 1662 4675 pupillam
1702 4619 2062 4672 racemosam,

489 4695 863 4760 rcticulatam,
908 4695 1305 4762 orbiculatam,
1345 4696 1466 4750 etsi
1511 4709 1630 4764 quae
1685 4694 1806 4749 aliae
1842 4695 2063 4751 luminis

482 4789 626 4844 oculi
657 4797 782 4842 sunt
816 4788 1037 4853 tunicae,
1069 4787 1269 4858 quibus
1301 4787 1558 4841 vestitum
1594 4785 1922 4841 occultatum
1953 4798 2058 4843 est.

480 4883 580 4945 Ita,
611 4881 818 4951 inquit,
873 4879 1184 4949 unigenitus
1229 4878 1372 4933 ﬁlius
1407 4892 1641 4947 superne
1670 4885 1928 4945 aeternus,
1963 4894 2058 4934 su-

479 4971 794 5042 perindotus
829 4970 1128 5024 secundum
1160 4969 1406 5039 singulos
1441 4982 1683 5037 quosque
1719 4968 1863 5023 tertii
1891 4971 2057 5027 monis

476 5079 674 5132 scenes,
711 5078 836 5120 cum
865 5063 1074 5119 exstitit
1108 5063 1161 5116 in
1205 5062 1544 5118 triacontade
1594 5075 1831 5128 aenum,
1882 5064 2057 5117 intro-

2177 4513 2276 4567 καὶ
2324 4507 2539 4580 πάντα,
2587 4517 2722 4585 ἡμῖν
2762 4517 2911 4571 ἐστιν
2958 4517 3209 4588 ἀφανὲς,
3245 4521 3409 4592 μόνον
3450 4522 3508 4576 δὲ
3539 4523 3764 4596 ὁρῶμεν

2171 4601 2336 4673 ἡμεῖς
2364 4602 2540 4674 ὅψεως
2571 4602 2846 4675 βλέφαρα,
2887 4607 3122 4672 κανθοὺς
3153 4607 3386 4673 λευκοὺς
3407 4649 3422 4674 ,
3457 4612 3635 4682 ὑμένα
3666 4613 3766 4667 εύ-

2174 4697 2270 4767 ρὺν
2305 4697 2351 4728 “
2387 4696 2731 4767 πολύπτυχον
2777 4698 3151 4772 πολυκτηδόνα
3195 4701 3263 4768 ⁸⁷,
3297 4703 3500 4774 χιτῶνα
3530 4723 3766 4776 κερατοο

2151 4788 2321 4859 ειδῆ,
2386 4789 2501 4843 ὕπὸ
2549 4789 2606 4843 δὲ
2664 4791 2851 4846 τοῦτον
2905 4794 3076 4867 κόρην
3127 4798 3419 4870 ραγοειδῆ,
3473 4801 3762 4874 ἀμφιϐλη-

2171 4882 2441 4952 στροειδῆ,
2469 4882 2765 4955 δισκοειδῆ,
2800 4885 2895 4939 καὶ
2921 4887 3132 4951 εῐτινες
3159 4889 3308 4944 ἄλλοι
3335 4889 3428 4944 τοῦ
3455 4892 3632 4962 φωτὸς
3654 4893 3763 4964 τῆς

2167 4971 2342 5040 ὅψεως
2375 4975 2497 5026 ,εἰσι
2549 4974 2817 5044 χιτῶνες,
2865 4976 2960 5041 οὓς
3011 4979 3373 5052 ἐστολισμένη
3423 4982 3757 5054 κέκρυπται.

2167 5063 2357 5127 Οὕτως
2381 5106 2399 5129 ,
2436 5066 2611 5136 φησὶν
2637 5107 2652 5134 ,
2683 5067 2712 5119 6
2745 5069 3054 5140 ,μονογενὴς
3101 5072 3232 5136 παῖς
3281 5072 3491 5128 ἄνωθεν
3537 5074 3766 5138 αἰώνιος

1743 5215 1986 5271 VARUE
2022 5213 2429 5272 LECTIONES.

547 5355 594 5389 τ’
625 5355 708 5410 Ct.
736 5353 962 5433 Ilnhlos.
996 5367 1086 5420 ιιι,
1119 5351 1174 5407 2.
1210 5352 1257 5384 ⁷⁵
1282 5351 1474 5433 βατόν...
1494 5351 1657 5433 βάτον
1677 5351 1744 5418 C,
1771 5352 1951 5422 M,qu..i
1973 5350 2086 5433 iam
2121 5349 2876 5433 observavityogetas‘bic-in
2900 5361 3112 5416 =verbali
3137 5361 3307 5433 βατόν
3329 5364 3550 5421 ludere:
3584 5365 3764 5421 πάτον

476 5429 521 5484 si
557 5442 662 5481 non
701 5426 1066 5488 scribendum,
1100 5433 1155 5492 at
1179 5420 1325 5478 certe
1353 5420 1676 5478 audiendum
1708 5439 1830 5480 esse
1860 5420 2011 5492 putat
2033 5420 2340 5492 Boeperus.

2442 5426 2487 5505 :7
2525 5424 2822 5505 Voe._8_56c
2860 5446 3117 5505 exesum,
3143 5424 3254 5489 'sed
3292 5438 3594 5505 compendii
3630 5440 3762 5492 reli-

475 5501 616 5576 (μείω
649 5504 933 5576 θρβθΐθμι.
1084 5491 1162 5576 ιιι
1195 5492 1370 5547 ἔνεστι
1394 5493 1473 5576 Ca
1533 5492 1716 5576 τιᾼιοιχ
1768 5509 1829 5573 "2
1853 5490 1908 5548 9,
1941 5532 1954 5544 .
1990 5490 2273 5576 ,κκαὶιὲγὼ
2293 5493 2560 5576 πλανῆτις
2599 5499 2700 5576 καὶ
2729 5490 2917 5576 λάτρις
2963 5490 3435 5576 τόπον-ἐκτύποιῖ
3463 5490 3766 5576 περιερχο·

481 5525 616 5568 qum:
649 5525 933 5564 appulsu".
970 5525 1038 5546 tu.
1195 5525 1370 5547 cvsvu
1394 5525 1456 5550 υ.
1539 5525 1571 5528 ν’
1609 5525 1708 5548 συν
1768 5525 1829 5573 112
1855 5525 1908 5548 υ.
1941 5532 1954 5544 .
1990 5532 2005 5546 .
2041 5525 2133 5543 own
2162 5525 2273 5558 51w
2305 5525 2556 5563 ιιΑυινιιιιι,
2599 5525 2700 5551 παι
2729 5525 2917 5571 Λατρις
2974 5525 3139 5556 τοπον
3170 5525 3235 5556 εκ
3265 5525 3435 5558 τοπου
3463 5525 3658 5576 περιερ
3701 5525 3765 5560 ο·

481 5568 730 5645 Egon-x91“),
755 5564 1018 5645 eumpse
1050 5563 1244 5645 οἰκίας,
1279 5581 1332 5617 κ.
1356 5581 1425 5645 fc.
1455 5565 1505 5618 λ.
1525 5563 1628 5645 ﬂ”
1649 5563 1946 5645 ’πλάνη-τις.
1980 5561 2260 5645 πλανήτης
2427 5565 2693 5645 “flatur.
2729 5585 2806 5645 x_t,
2839 5572 2926 5636 M,
2955 5573 3045 5645 i5.
3125 5574 3170 5604 ⁸³
3196 5573 3425 5645 ἁθρόον.
3471 5577 3522 5629 οἱ
3551 5525 3765 5645 άθρξον

475 5631 539 5700 il,
581 5631 853 5713 61.609605
864 5703 878 5713 _
903 5635 1035 5713 Chr.
1097 5634 1474 5713 [:etersenius.‘
1525 5632 1685 5713 “not:
1719 5633 1833 5713 ώςῖ
1870 5633 2000 5713 (Βίη-ἶ
2037 5631 2410 5713 Ρεοιοηεθηὶιιε.
2462 5635 2534 5713 ,⁸⁵
2559 5631 2878 5713 ἐπιψαύσας
2914 5631 3044 5696 τῶν.
3083 5631 3510 5713 ξπιψαύσάυτων
3539 5646 3602 5712 Ο,
3630 5631 3765 5700 ἔπιέ

477 5701 800 5785 φαυσάντων
977 5705 1020 5736 ⁸⁵
1048 5703 1226 5757 τοῦτο.
1268 5705 1476 5785 ἱαὺτόζ
1583 5704 1629 5736 ⁸⁸
1659 5704 1834 5772 ὑμένα
1873 5701 2058 5785 εὐρύν.
2090 5702 2303 5785 ,ὑμένας
2332 5706 2416 5774 ρὶν
2451 5705 2516 5785 ρ’,
2551 5701 2726 5778 ὑμένα
2772 5701 3026 5784 σάρκινον
3087 5701 3391 5785 Ruéperus.

3500 5715 3547 5750 ⁸⁷
3588 5716 3762 5772 πολυ-

484 5772 736 5847 κτηδόνα.
789 5774 1122 5844 πολύκτηνον
1160 5790 1246 5844 pr.
1275 5773 1338 5841 C,
1375 5774 1565 5830 eadem
1594 5788 1755 5828 manu
1793 5781 2057 5829 mutatum
2089 5772 2142 5829 iu
2168 5772 2592 5846 πολυκτηνδόναέ
