4114 6416
490 340 634 406 3365

1980 345 2272 414 ORIGEN
2276 354 2348 417 IS

3631 367 3773 432 3366

483 456 632 522 sivit,
679 464 737 513 et
763 453 904 524 quod
938 448 1204 509 domitum
1236 460 1340 521 est,
1369 453 1476 512 hoc
1513 470 1634 512 esse
1672 457 1928 514 mundum
1967 460 2055 528 ait,

2174 459 2314 518 εἶναι
2359 464 2566 539 κόσμον
2603 468 2773 539 λέγει,
2826 470 2888 526 τὸ
2916 473 2974 528 δὲ
3012 473 3208 547 ἄγριον
3253 474 3442 548 μένειν
3508 476 3605 533 καὶ
3633 477 3768 551 ὕλην

484 546 631 601 aliud
676 555 857 601 autem
890 545 1066 601 ferum
1114 561 1338 603 manere
1384 556 1439 604 et
1477 550 1762 605 materiam
1808 552 2074 623 appellari

484 641 841 696 inconditam.
906 639 1057 696 Hanc
1110 641 1466 697 substantiam
1520 658 1641 700 esse
1696 644 2073 702 universorum

483 738 635 801 dicit,
679 738 836 806 quasi
882 753 1078 793 novum
1121 736 1302 793 ferens
1351 739 1543 809 dogma
1589 738 1867 810 discipulis
1918 741 2070 808 suis;

485 846 596 886 non
627 842 807 886 autem
838 832 1112 902 cogitabat
1139 832 1472 889 Socraticam
1507 832 1647 891 hanc
1669 846 1788 889 esse
1811 833 2071 900 fabulam,

483 939 512 976 a
566 902 793 978 Platone
840 923 1034 978 melius
1080 940 1243 994 quam
1291 925 1358 980 ab
1406 923 1741 996 Hermogene
1778 925 2071 985 excultam.

481 1012 760 1071 Christum
794 1026 972 1071 autem
1023 1014 1191 1070 ﬁlium
1241 1030 1362 1071 esse
1403 1015 1601 1071 fatetur
1637 1015 1757 1085 Dei,
1803 1016 1895 1087 qui
1950 1018 2075 1073 uni-

480 1119 698 1162 versum
729 1108 1019 1170 creaverit,
1046 1108 1291 1176 Teumque
1331 1120 1363 1162 e
1390 1107 1599 1177 virgine
1638 1117 1825 1164 natum
1856 1123 1980 1166 esse
2015 1119 2075 1166 et

483 1192 694 1265 Spiritu
741 1195 1027 1251 conﬁtetur
1051 1198 1347 1259 secundum
1389 1196 1801 1268 Evangeliorum
1844 1214 2068 1269 vocem;

480 1301 670 1357 quem,
711 1299 995 1358 postquam
1042 1302 1238 1359 passus
1279 1288 1373 1353 sit,
1422 1291 1803 1347 resuscitatum
1850 1290 1904 1345 in
1948 1307 2071 1348 cor-

481 1396 616 1452 pore
647 1381 963 1450 apparuisse
997 1381 1276 1452 discipulis
1319 1389 1376 1437 et
1410 1382 1463 1437 in
1500 1382 1669 1438 cmlos
1701 1392 2066 1441 revertentem

481 1471 536 1526 in
592 1472 705 1527 sole
745 1486 942 1543 corpus
994 1472 1299 1542 reliquisse,
1347 1473 1520 1543 ipsum
1568 1488 1698 1529 vero
1748 1475 1816 1529 ad
1842 1471 2064 1531 Patrem

480 1564 820 1632 migravisse.
868 1563 1205 1621 Testimonio
1237 1575 1422 1625 autem
1462 1566 1631 1622 utitur
1659 1566 1933 1625 arbitrans
1977 1569 2067 1626 de-

479 1655 627 1711 lendi
676 1671 735 1713 se
763 1672 863 1727 per
891 1657 1135 1725 effatum,
1167 1660 1314 1730 quod
1353 1660 1636 1732 psalmista
1677 1661 1843 1718 David
1889 1664 2061 1720 dicit:

477 1737 547 1797 In
579 1739 691 1794 sole
724 1741 900 1809 posuit
928 1741 1328 1798 tabernaculum
1368 1759 1547 1810 suum,
1577 1753 1628 1800 et
1661 1746 1774 1813 ipse
1806 1756 2061 1817 tanquam

2179 555 2459 619 καλεῖσθαι
2487 558 2753 631 ἄκοσμον.
2783 563 3002 638 Ταύτην
3032 566 3223 625 οὐσίαν
3265 563 3406 623 εἶναι
3453 569 3565 625 τῶν
3597 571 3774 625 ἀπάνε-

2176 662 2286 700 των
2334 646 2504 716 λέγει,
2555 649 2633 714 ώς
2661 653 2848 708 καινὸν
2877 654 2924 696 ⁵9
2975 656 3161 730 φέρων
3190 657 3372 729 δόγμα
3428 662 3543 724 τοῖς
3600 659 3772 715 αὐτοῦ

2180 735 2475 807 μαθηταῖς,
2505 738 2606 794 οὐκ
2638 741 2838 796 ἐνενόει
2868 742 2949 807 δὲ,
2995 746 3079 798 ὅτι
3124 745 3554 817 Σωκρατικδς-δ
3592 749 3764 818 μῦθος

2175 820 2329 888 οὗτος
2349 829 2629 900 τυγχάνει,
2660 831 2765 886 ὑπὸ
2783 833 3071 899 Πλάτωνος
3095 834 3527 908 ἐξειργασμένος
3553 839 3767 910 βέλτιον

2176 912 2206 983 ἢ
2238 913 2344 968 ὑπὸ
2381 915 2763 994 Ἑρμογένους.
2792 921 2896 975 Τὸν
2937 922 3274 994 δὲ’)ίριστδν
3323 927 3442 982 υἱδν
3479 921 3772 1001 εῖναιὸμο-

2172 1000 2322 1072 λογετ
2351 1004 2533 1061 τοῦτά
2566 1006 2746 1064 πάντα
2779 1011 3070 1079 κτίσαντος
3099 1014 3259 1084 Θεοῦ,
3295 1017 3392 1071 καὶ
3420 1018 3584 1073 αὐτὸν
3620 1000 3766 1074 ὀέκ

2171 1094 2445 1166 παρθένου
2481 1099 2812 1172 γεγενῆσθαι
2852 1105 2947 1158 καὶ
2982 1104 3302 1178 πνεύματος
3328 1110 3683 1181 συνομολογεί
3709 1112 3756 1143 ⁸⁸

2170 1186 2313 1243 κατά
2341 1186 2440 1262 τὴν
2464 1188 2574 1245 τῶν
2601 1191 2955 1261 Εὐαγγελίων
2986 1198 3195 1270 φωνὴν,
3223 1198 3285 1253 δν
3319 1201 3460 1271 μετὰ
3484 1202 3545 1259 τὸ
3578 1203 3759 1269 πάθος

2169 1275 2463 1351 ἐγερθέντα
2503 1280 2561 1333 ὲν
2605 1280 2817 1353 σώματι
2869 1288 3177 1359 πεφηνέναι
3208 1289 3255 1322 ⁹²
3286 1291 3402 1353 τοῖς
3452 1291 3752 1362 μαθηταῖς,

2168 1366 2263 1421 καὶ
2288 1369 2653 1443 ἀνερχόμενον
2683 1375 2764 1439 είς
2816 1377 2945 1441 τοὺς
2977 1379 3243 1452 οὐρανοὺς
3273 1381 3331 1435 ὲν
3389 1382 3469 1454 τῷ
3516 1384 3654 1457 ήλίῳ
3688 1387 3753 1446 τὺ

2169 1459 2328 1531 σῶμα
2359 1463 2813 1522 καταλελοιπέναι
2844 1468 2915 1532 ⁸³,
2949 1470 3114 1524 αὐτὸν
3150 1471 3209 1525 δὲ
3244 1473 3384 1546 πρὸς
3417 1475 3509 1529 τὸν
3540 1476 3765 1546 Πατέρα

2168 1550 2561 1623 πεπορεῦσθαι.
2604 1556 2902 1632 Μαρτυρία
2940 1559 2997 1614 δὲ
3032 1563 3236 1635 χρῆται
3267 1564 3315 1597 ’⁸
3345 1565 3585 1635 νομίζων
3642 1567 3757 1621 ὑπὸ

2163 1639 2257 1695 τοῦ
2294 1643 2459 1715 ῥητοῦ
2495 1650 2918 1722 συνηγορεῖσθαι
2966 1643 3141 1725 οὗπερ
3194 1655 3225 1709 δ
3265 1655 3557 1729 ψαλμῳδδς
3584 1657 3766 1719 Δαϐὶδ

2164 1731 2313 1804 λέγει
2332 1751 2366 1769 ο·
2400 1736 2504 1791 Ἕν
2528 1737 2611 1804 τῷ
2639 1740 2794 1811 ᾐλίῳ
2828 1740 2876 1775 ’⁵
2909 1742 3078 1800 ἔθετο
3106 1744 3171 1799 τὸ
3217 1746 3511 1818 σκήνωμα
3533 1749 3755 1817 αὑτοῦ,

476 1844 702 1895 sponsus
745 1830 1030 1900 procedens
1086 1833 1152 1888 de
1214 1834 1446 1889 thalamo
1498 1852 1633 1897 suo.
1685 1838 1969 1895 exsultabit
2010 1858 2055 1896 ut

2171 1825 2269 1880 καὶ
2293 1828 2474 1896 αὐτὸς
2498 1829 2580 1897 ὡς
2605 1832 2866 1902 νυμφίος
2900 1834 3379 1907 ἐκπορευόμενος
3403 1840 3472 1894 ἐκ
3507 1841 3755 1899 παστοῦ

478 1920 630 1992 gigas
667 1923 737 1977 ad
767 1924 1085 1979 cui-rendam
1118 1925 1278 1985 viam.
1324 1925 1451 1985 Haec
1476 1928 1640 2002 igitur
1663 1940 1721 1989 et
1766 1931 2068 2005 Hermoge-

480 2026 581 2069 nes
611 2014 1048 2084 aggrediebatur,
1574 2010 1583 2018 ’

552 2102 642 2159 18.
684 2103 791 2159 Alii
841 2116 1020 2161 autem
1056 2106 1274 2177 quidam
1319 2117 1511 2164 natura
1556 2109 1802 2181 litigiosi,
1836 2114 2063 2172 scientia

479 2192 720 2263 indocti,
779 2197 1021 2253 moribus
1063 2198 1421 2271 pugnaciores
1467 2200 1747 2258 declarant
1801 2215 2062 2274 Oportere

476 2285 685 2345 Pascha
714 2285 803 2342 die
832 2296 1021 2358 quarta
1052 2287 1261 2344 decima
1315 2290 1474 2361 primi
1522 2293 1729 2350 mensis
1775 2295 2061 2355 observari

478 2377 779 2433 secundum
824 2378 959 2450 legis
1002 2380 1340 2450 institutum,
1395 2382 1450 2438 in
1496 2399 1875 2457 quamcunque
1917 2388 2058 2446 diem

477 2467 582 2540 (sc.
632 2468 1005 2543 hebdomadis)
1054 2472 1327 2539 inciderit,
1382 2475 1746 2545 suspicientes
1796 2480 1870 2545 id,
1915 2481 2059 2551 quod

474 2558 739 2630 scriptum
768 2568 852 2615 est
883 2560 934 2614 in
965 2560 1104 2630 lege,
1146 2561 1494 2619 maledictum
1526 2563 1643 2621 fore
1677 2581 1800 2621 eum
1822 2569 1912 2639 qui
1944 2586 2055 2628 non

474 2646 549 2704 ita
586 2654 975 2707 observaturus
1000 2652 1097 2718 sit,
1131 2663 1189 2707 ut
1212 2640 1542 2724 praecipitur,
1570 2672 1677 2711 non
1705 2663 2048 2721 attendentes

472 2738 544 2797 ad
572 2740 649 2803 id,
679 2743 823 2809 quod
857 2742 938 2798 lex
965 2745 1260 2801 constituta
1297 2756 1379 2802 est
1403 2747 1604 2805 ludatis
1630 2766 1816 2806 verum
1847 2752 2055 2811 Pascha

471 2831 788 2899 sublaturis,
824 2835 964 2903 quod
992 2836 1059 2890 ad
1102 2828 1297 2907 gentes
1323 2841 1536 2896 transiit
1577 2851 1632 2898 et
1663 2842 1768 2900 ﬁde
1801 2846 2058 2921 intelligi-

471 2931 582 2990 tur,
612 2939 718 2981 non
748 2924 927 2985 littera
960 2942 1103 2982 nunc
1132 2928 1454 2986 observatur
1484 2950 1497 2986 :
1525 2933 1615 3002 qui
1649 2933 1715 2987 ad
1750 2935 1851 2993 hoc
1889 2954 2054 2997 unum

471 3009 819 3064 attendentes
853 3020 1180 3081 praeceptum
1215 3028 1320 3067 non
1360 3015 1658 3085 respiciunt
1691 3017 1766 3082 id,
1798 3023 1940 3090 quod
1966 3021 2052 3076 di-

467 3109 613 3155 ctum
653 3109 737 3156 est
767 3102 834 3167 ab
865 3101 1165 3171 Apostolo:
1198 3104 1473 3175 Testiﬁcor
1516 3109 1659 3162 omni
1704 3109 1908 3165 homini
1948 3115 2053 3167 cir-

469 3194 785 3249 cumcidenti
837 3211 911 3261 se,
961 3198 1209 3266 quoniam
1260 3196 1465 3252 debitor
1495 3209 1577 3255 est
1617 3202 1880 3259 universw
1922 3204 2051 3277 legis

467 3285 751 3355 faciendae.
794 3286 847 3340 In
892 3287 1116 3358 reliquis
1145 3299 1326 3345 autem
1363 3291 1416 3345 hi
1447 3293 1745 3348 concinunt
1771 3311 1895 3351 cum
1936 3313 2056 3353 om-

467 3376 651 3444 nibus,
677 3393 799 3448 quae
827 3377 1082 3437 Ecclesiae
1113 3381 1181 3437 ab
1213 3383 1474 3454 apostolis
1506 3385 1700 3441 tradita
1735 3397 1881 3445 sunt.

534 3541 914 3618 536-437
956 3545 1040 3602 i9.
1077 3547 1179 3603 Alii
1216 3559 1395 3604 autem
1430 3558 1485 3606 et
1520 3551 1619 3620 ipsi
1654 3564 1844 3611 natura
1880 3560 2053 3629 magis

465 3635 732 3700 haeretici,
758 3654 954 3707 genere
980 3639 1243 3711 Phryges,
1270 3649 1631 3717 praeoccupati
1657 3663 1684 3703 a
1716 3650 2051 3712 mulierculis

464 3727 675 3795 decepti
702 3738 850 3793 sunt,
880 3729 1123 3784 Priscilla
1154 3733 1386 3801 quadam
1414 3746 1468 3790 et
1493 3737 1786 3796 Maximilla
1811 3745 2047 3815 vocatis,

465 3834 604 3887 quas
635 3820 1009 3887 proplietissas
1040 3835 1160 3878 esse
1194 3834 1417 3895 putant,
1450 3829 1693 3888 dicentes
1721 3834 1773 3889 in
1804 3851 1898 3892 eas
1924 3854 2047 3894 ces-

462 3910 604 3964 sisse
636 3909 978 3967 Paracletum
1013 3916 1313 3986 Spiritum;
1346 3930 1402 3976 et
1429 3926 1716 3992 quemdam
1747 3938 1873 3985 ante
1904 3932 2047 4003 ipsas

461 3998 776 4058 Montanum
813 4006 976 4062 simili
1012 4010 1172 4066 modo
1206 4012 1487 4071 celebrant
1521 4029 1773 4088 tanquam
1807 3998 2045 4097 prophe-

463 4102 594 4154 tam,
620 4110 850 4165 quorum
878 4099 1046 4157 libros
1070 4103 1309 4160 inﬁnitos
1331 4106 1595 4166 habentes
1617 4113 1896 4183 aberrant,
1919 4134 2043 4176 cum

458 4204 637 4256 neque
662 4205 784 4261 qua:
814 4192 884 4248 ab
913 4193 978 4248 iis
1008 4195 1150 4251 dicta
1181 4206 1308 4252 sunt
1337 4199 1550 4256 ratione
1571 4201 1844 4276 judicent,
1871 4225 2047 4282 neque

459 4282 525 4333 ad
567 4296 685 4346 eos,
732 4283 821 4351 qui
862 4284 1109 4354 judicare
1153 4301 1401 4358 possunt,
1446 4308 1568 4350 sese
1612 4299 1906 4370 applicent,
1948 4305 2045 4361 sed

456 4370 578 4427 sine
621 4373 830 4442 judicio
888 4377 1082 4432 liducia
1135 4379 1190 4433 in
1246 4380 1315 4436 iis
1363 4383 1644 4440 collocata
1676 4388 2041 4465 adducantur,

2167 1916 2378 1984 αὐτοῦ,
2430 1918 2865 1991 ἀγαλλιάσεται
2916 1925 2998 1992 ὡς
3054 1927 3226 1997 γίγας
3277 1929 3527 2002 δραμεῖν
3581 1932 3759 1988 ὁδόν.

2167 2008 2352 2063 Ταῦτα
2383 2011 2481 2081 μὲν
2510 2007 2604 2066 οῦν
2637 2015 2732 2068 καὶ
2773 2015 3113 2093 Ἑρμογένης
3144 2020 3446 2092 ἐπεχείρει.

2237 2099 2328 2172 ιη’.
2361 2102 2577 2175 Ἕτεροι
2598 2103 2655 2158 δέ
2684 2123 2828 2176 τινες
2859 2108 3161 2177 φιλόνεικοι
3190 2113 3290 2183 τὴν
3318 2115 3502 2184 φύσιν,
3535 2116 3754 2174 ἰδιῶται

2163 2191 2262 2265 τὴν
2276 2194 2503 2265 γνῶσιν,
2530 2196 2907 2271 μαχιμώτεροι
2932 2201 3025 2259 τὸν
3048 2202 3276 2273 τρόπον.
3300 2207 3685 2263 συνιστάνουσι
3709 2210 3763 2244 ³⁸

2162 2283 2273 2343 δεῖν
2303 2285 2364 2339 τὸ
2392 2287 2586 2359 Πάσχα
2622 2291 2688 2361 τῇ
2738 2295 3316 2368 τεσσαρεσκαιδεκάτῃ
3375 2297 3472 2352 τοῦ
3521 2298 3755 2372 πρώτου

2165 2376 2333 2448 μηνὸς
2383 2377 2691 2451 φυΙλάσσειν
2740 2382 2883 2438 κατά
2946 2385 3051 2457 τὴν
3085 2386 3181 2442 τοῦ
3247 2389 3412 2460 νόμου
3461 2390 3759 2466 διαταγὴν,

2161 2470 2219 2522 ὲν
2310 2472 2377 2525 ἂν
2403 2472 2589 2544 ἡμέρᾳ
2624 2475 2864 2549 ἐμπέσῃ,
2902 2477 3251 2550 ὑφορώμενοι
3303 2481 3351 2513 ⁸⁷
3397 2483 3461 2537 τὺ
3505 2464 3765 2557 γεγραμ-

2162 2558 2323 2630 μένον
2371 2561 2430 2615 ὲν
2476 2562 2631 2634 νόμῳ
2677 2563 2746 2627 ³⁸,
2795 2567 3205 2640 ὲπικατάρατον
3253 2568 3474 2626 ἔσεσθαι
3525 2573 3618 2629 τὸν
3671 2575 3759 2651 μὴ

2161 2649 2477 2719 φυλάξαντα
2499 2652 2672 2726 οὕτως
2694 2655 2769 2720 ὡς
2788 2657 2833 2689 ⁹⁹
2860 2656 3254 2727 διαστέλλεται,
3302 2662 3365 2716 οὐ
3391 2649 3765 2737 προσέχοντες

2158 2740 2243 2795 ὅτι
2276 2741 2553 2809 Ἰουδαίοις
2587 2748 2961 2819 ὲνομοθετεῖτο
2986 2753 3100 2816 τοῖς
3132 2753 3388 2824 μέλλουσι
3414 2755 3475 2809 τὸ
3490 2757 3758 2829 ἀληθινὸν

2159 2831 2354 2903 Πάσχα
2386 2835 2657 2907 ἀναιρεῖν,
2692 2837 2754 2891 τὸ
2780 2840 2865 2903 εἰς
2894 2839 3023 2913 έθνη
3056 2845 3316 2915 χωρῆσαν
3356 2843 3368 2873 ⁸
3418 2846 3516 2921 καὶ
3562 2848 3759 2905 πίστει

2156 2924 2470 2998 νοούμενον,
2507 2929 2569 2982 οὐ
2614 2930 2909 3002 γράμματι
2953 2931 3051 2987 νῦν
3102 2936 3484 3006 τηρούμενονο
3540 2938 3592 2992 οἳ
3646 2942 3757 3013 μιᾷ

2154 3018 2329 3093 ταύτῃ
2358 3019 2722 3092 προσέχοντες
2756 3023 2946 3096 ἐντολῇ
2979 3025 3082 3079 οὐκ
3118 3026 3400 3097 ἀφορῶσιν
3430 3031 3510 3093 είς
3561 3029 3624 3084 τὸ
3670 3035 3753 3089 εἰς

2159 3109 2396 3182 ρημένον
2426 3110 2534 3165 ὑπὸ
2569 3111 2669 3187 τοῦ¹
2710 3114 3055 3184 Ἀποστόλου,
3096 3117 3180 3171 ὅτι
3220 3120 3701 3193 Διαμαρτύρομαι
3737 3125 3759 3156 ⁸

2155 3200 2335 3256 παντὶ
2387 3205 2887 3275 περιτεμνομένῳ,
2951 3207 3042 3262 ὄτι
3095 3208 3414 3280 ὀφειλέτης
3443 3212 3577 3268 ἐστὶ
3637 3215 3754 3271 τοῦ

2154 3290 2351 3347 πάντα
2379 3293 2489 3347 τὸν
2508 3294 2696 3364 νόμον
2721 3296 2992 3367 ποιῆσαι.
3010 3300 3101 3354 Ἐν
3127 3300 3184 3354 δὲ
3215 3305 3328 3366 τοῖς
3362 3304 3572 3376 ἑτέροις
3595 3300 3750 3362 οὗτοι

2156 3383 2506 3454 συμφωνοῦσι
2540 3386 2680 3457 πρὸς
2709 3389 2888 3443 πάντα
2914 3390 2983 3447 τὰ
3014 3394 3080 3465 τῇ
3132 3393 3431 3469 Ἐκκλησία
3481 3398 3591 3453 ὑπὸ
3637 3401 3752 3457 τῶν

2152 3471 2473 3528 ἀποστόλων
2514 3476 2969 3548 παραδεδομένα.

2227 3562 2305 3639 [p.
2338 3565 2466 3621 273.
2499 3567 2658 3642 276.]
2689 3570 2912 3643 Ἕτεροι
2941 3571 2997 3626 δὲ
3023 3573 3120 3627 καὶ
3148 3575 3304 3630 αὐτοὶ
3334 3580 3752 3657 αἱρετικώτεροι

2150 3658 2252 3740 τὴν
2292 3658 2479 3730 φύσιν,
2511 3661 2726 3733 Φρύγες
2767 3663 2830 3717 τὸ
2863 3664 3044 3733 γένος,
3080 3668 3491 3741 προληφθέντες
3517 3675 3623 3730 ὑπὸ
3653 3694 3746 3745 γυ-

2147 3735 2319 3808 ναίων
2351 3752 2688 3823 ἡπάτηνται,
2723 3756 3062 3831 Πρισκίλλης
3087 3735 3364 3826 τὼδςῖωιὶ
3398 3735 3739 3841 Μαξιμίλλης

2151 3845 2523 3916 καλουμένων,
2562 3846 2636 3912 ἃς
2665 3850 3013 3921 προφήτιδας
3042 3854 3384 3925 νομίζουσιν,
3432 3861 3492 3914 ὲν
3520 3863 3741 3927 ταύταις

2149 3938 2210 3993 τὸ
2238 3938 2600 4011 Παράκλητον
2657 3940 2885 4013 Πνεῦμα
2926 3951 3304 4019 κεχωρηκέναι
3343 3950 3620 4020 λέγοντες,
3651 3957 3741 4012 καί

2147 4045 2271 4083 τινα
2302 4029 2410 4101 πρὸ
2463 4030 2648 4085 αὐτῶν
2697 4034 2985 4090 Μοντανὸν
3048 4038 3259 4109 ὁμοίως
3310 4041 3633 4109 δοξάζουσιν
3670 4046 3747 4112 ὡς

2149 4122 2459 4193 προφήτην,
2491 4114 2568 4177 ὧν
2601 4122 2820 4194 βίὸλους
2841 4127 3111 4199 ἀπείρους
3149 4132 3376 4203 ἔχοντες
3404 4136 3746 4207 πλανῶνται,

2148 4212 2291 4282 μήτε
2311 4211 2380 4267 τὰ
2396 4213 2487 4267 ὑπ’
2503 4213 2691 4268 αὐτῶν
2721 4215 3075 4290 λελαλημένα
3094 4221 3239 4294 λόγῳ
3260 4225 3571 4295 κρίναντες,
3601 4232 3747 4303 μήτε

2144 4303 2259 4367 τοῖς
2316 4305 2506 4376 κρῖναι
2558 4305 2885 4377 δυναμένοις
2926 4314 3312 4385 προσέχοντες,
3337 4318 3454 4371 ἀλλ’
3497 4321 3747 4392 ἀκρίτως

2145 4394 2212 4463 τῇ
2249 4392 2386 4463 πρὸς
2427 4394 2631 4463 αὐτοὺς
2670 4401 2856 4453 πίστει
2887 4404 3549 4477 προσφέρονται,ιπλείόν
3580 4430 3634 4467 τι
3670 4414 3745 4469 δι’

456 4462 610 4531 plura
665 4469 910 4533 quaedam
968 4485 1063 4537 per
1113 4487 1209 4527 eos
1256 4475 1501 4531 dicentes
1555 4489 1728 4534 semet
1778 4462 2036 4541 didicisse

2158 4462 2327 4537 ιῦτῶν
2360 4485 2666 4554 φάσκοντες
2713 4488 2837 4563 [ὡς]
2864 4492 2884 4523 ³
2932 4462 3339 4567 μεμαθηκέναι¹
3372 4500 3406 4573 ἢ

456 4570 621 4624 quam
671 4572 737 4610 ex
788 4557 907 4627 lege
950 4572 1006 4615 et
1052 4565 1336 4633 prophetis
1381 4569 1812 4638 evangeliisque.
1859 4572 2035 4646 Supra

2158 4574 2235 4629 cati.
2265 4580 2560 4650 προφητῶν
2589 4581 2685 4636 καὶ
2713 4557 2838 4638 -τῶν
2865 4557 3239 4655 Εὐίαγγελίων.
3297 4557 3470 4667 Ὑπὲρ
3509 4596 3568 4650 δὲ

455 4644 730 4708 apostolos
755 4655 933 4702 autem
960 4659 1015 4704 et
1039 4655 1396 4724 quodcunque
1421 4657 1697 4712 charisma
1727 4660 1891 4718 hasce
1917 4644 2036 4719 mu-

452 4731 709 4792 lierculas
747 4740 1036 4808 extollunt,
1079 4744 1152 4799 ita
1198 4755 1257 4800 ut
1296 4748 1515 4817 quidam
1562 4766 1751 4808 eorum
1797 4755 2037 4819 audeant

448 4825 629 4897 majus
665 4828 883 4900 aliquod
917 4848 1079 4903 quam
1114 4835 1392 4894 Christum
1430 4839 1616 4897 dicere
1651 4844 1706 4899 in
1739 4844 1820 4901 eis
1838 4850 2031 4905 'exsti9

438 4918 607 4975 ‘tisse.
634 4918 697 4975 Hi
731 4924 948 4994 quidem
981 4936 1188 4996 patrem
1220 4934 1460 4988 universi
1487 4932 1654 4990 Deum
1682 4940 2035 5013 omniumque

451 5025 635 5067 rerum
668 5026 970 5073 creatorem
1003 5021 1362 5080 consimiliter
1389 5034 1553 5098 atque
1584 5029 1825 5087 Ecclesia
1855 5036 2028 5091 conti-

936 5146 959 5187 ἱ

2141 4667 2364 4736 στόλους
2390 4672 2487 4727 καὶ
2521 4675 2632 4729 πᾶν
2674 4675 2923 4748 χάρισμα
2953 4680 3127 4735 ταῦτα
3154 4683 3223 4737 τὰ
3250 4684 3449 4754 γύναια
3473 4687 3734 4755 δοξάζου-

2138 4776 2243 4826 σιν,
2277 4760 2353 4827 ὡς
2378 4762 2587 4837 τολμᾷν
2617 4766 2803 4821 πλεῖόν
2848 4785 2902 4823 τι
2954 4770 3196 4843 Χριστοῦ
3233 4776 3292 4830 ὲν
3313 4778 3526 4843 τούτοις
3552 4779 3744 4850 λέγειν

2132 4851 2291 4917 τινὰς
2325 4854 2509 4910 αὐτῶν
2541 4859 2846 4927 γεγονέναι.
2895 4856 3058 4919 Οὗτοι
3089 4865 3185 4921 τὸν
3225 4868 3328 4937 μὲν
3368 4871 3591 4942 Πατέρα
3622 4874 3743 4927 τῶν

2134 4944 2273 5000 ὅλων
2306 4945 2441 5002 Θεὸν
2467 4950 2560 5003 καὶ
2594 4952 2815 5008 πάντων
2846 4956 3074 5027 κτίστην
3100 4958 3389 5034 ὀμοίωςτῇ
3430 4964 3740 5038 Ἐκκλησία

2134 5040 2464 5112 ὁμολογοῦσι
2494 5045 2591 5099 καὶ
2617 5046 2718 5101 ὅσα
2739 5047 2800 5103 τὸ
2827 5049 3167 5121 Εὐαγγέλιον
3200 5056 3328 5127 περὶ⁵
3361 5056 3457 5111 τοῦ
3484 5058 3736 5131 Χριστοῦ

1724 5187 1961 5248 νΑιιικιΕ
1999 5194 2407 5253 LECTIONES.

554 5325 1079 5442 :’h::tz:5i:.qpxev‘b:n
1092 5332 1177 5442 (1.8
1239 5335 1740 5442 ’zi‘nitz‘tii‘tfttAC,
1778 5343 1851 5405 Μ,
1870 5345 2375 5442 ,αιρῂἀξρίιἈιςιει-ῢυηι
2414 5351 2467 5442 ξιξ
2490 5352 2531 5408 C
2562 5370 2757 5442 magna
2795 5368 2950 5442 parte
2977 5375 3208 5442 exesum
3236 5380 3359 5442 esse
3384 5371 3528 5442 ,Jsed
3552 5386 3732 5442 appa-

447 5410 571 5452 rere
598 5398 700 5451 hoc
730 5396 897 5454 luisse
922 5440 938 5462 .
972 5417 1081 5456 non
1116 5403 1177 5458 τὸ
1206 5443 1219 5457 .

1251 5420 1421 5484 quare
1458 5426 1577 5484 mox
1608 5414 1904 5484 γεγένηται
1939 5419 2311 5477 scribendum.

2420 5422 2465 5454 ’ί
2502 5422 2883 5504 ςυνομολογεϊ.
2923 5432 3058 5504 ,μὲν
3088 5435 3345 5504 ὁμολογεῖ
3388 5422 3730 5495 afﬂi-

1622 5465 1632 5479 Ι
1690 5465 1700 5480 .
1727 5465 1734 5466 ,
1756 5465 1761 5467 τ
1827 5465 1834 5466 ,
1852 5465 1902 5467 _._
1940 5465 2311 5477 ---...,---,.........
2513 5465 2639 5478 νννν
2685 5465 2775 5481 νην
2814 5465 2883 5483 ei.
2988 5465 3044 5484 ὃν
3088 5465 3116 5486 υ
3171 5465 3343 5488 ιΛυνιι
3391 5465 3455 5492 ‘4.
3542 5465 3586 5475 "
3699 5472 3723 5483 -

447 5465 696 5570 ﬁnvévat.
725 5473 1031 5554 πεφηκέναι
1059 5473 1144 5575 (3.!
1197 5475 1244 5508 ”
1267 5465 1736 5575 καταλεὲοξπέναι.
1763 5465 2195 5574 καταλελυπέναι
2219 5489 2280 5544 C.
2358 5493 2406 5524 "
2427 5465 2878 5568 χρῆταιίηχρᾶξται
2912 5465 2986 5565 Ct:
3012 5502 3081 5556 Μ.
3121 5465 3208 5536 η’
3240 5481 3382 5562 [δεδι.
3410 5465 3723 5575 κνημδῖτ

527 5552 901 5575 ηυνικφηυηηκο
953 5559 1119 5575 antino-
1146 5562 1292 5575 ..Α-ην.
1353 5549 1364 5565 ⁵
1526 5570 1536 5575 -
1580 5569 1626 5575 --
1646 5553 1866 5575 ,,ννη,η,,
1994 5574 1997 5575 ,
2121 5557 2133 5573 ρ
2360 5562 2396 5575 η
2502 5565 2548 5575 --
2625 5566 2639 5575 .
2843 5570 2855 5575 -
3066 5572 3076 5575 -

446 5536 924 5634 ’c'cuvtctdvohst;
952 5545 1385 5634 cuotalvguctnc.
1461 5552 1508 5634 ’_"
1526 5552 1893 5634 ὑφορώμενοι.
1934 5556 2296 5634 ὑφρρούμενοι
2355 5562 2415 5618 C.

446 5603 766 5697 §tluppilus:‘
817 5611 865 5643 ⁹⁹
1023 5628 1132 5697 om.
1170 5615 1231 5671 C.
1254 5689 1265 5697 ι
1360 5603 1938 5697 χωρῆσοῖν.Γ

449 5741 599 5803 lenis
624 5741 772 5806 recte
792 5741 1081 5811 delendum
1100 5765 1255 5825 putat
1278 5776 1291 5815 :
1377 5741 1783 5831 atii-ﬁciis;

449 5627 739 5676 Daupplus.
818 5627 865 5643 "
893 5627 988 5676 ως.
1023 5628 1132 5668 om.
1170 5627 1231 5671 υ.
1311 5627 1330 5650 ³
1360 5627 1637 5743 χωρῆσαν.
1680 5627 1938 5696 χωρῆσαν
1981 5627 2062 5692 Ο,
2099 5627 2349 5701 χωρῆσον
2405 5650 2555 5704 susp.
2591 5627 2660 5691 ΜΣ
2701 5627 2713 5638 ’
2743 5639 2763 5668 ⁸
2794 5627 2982 5697 ϐᾰίιίιί
3010 5658 3072 5709 v,
3102 5627 3153 5698 ’5
3185 5627 3364 5720 {Mai

447 5674 1086 5790 ἕλιιένεὶτὶάιλιῗρῗὲλ
1100 5689 2065 5790 ξνὶρώξηζνπιεριτεμνομένῳ,
2096 5700 2178 5755 ὅτι
2204 5701 2487 5776 ὀφειλέτης
2506 5706 2654 5760 ἐστὶν
2670 5706 2790 5763 ὅλον
2806 5709 2899 5764 τὸν
2920 5711 3086 5784 νόμον
3115 5718 3364 5790 ποιῆσαι.

2502 5565 2550 5596 ⁸⁸
2797 5570 2983 5641 νόμῳ,
3046 5572 3125 5637 ὡς
3192 5574 3271 5639 C,
3334 5577 3407 5632 Μ.
3466 5565 3726 5636 Corréxit

2743 5639 2763 5668 ⁸
2794 5638 2968 5697 Galat.
3010 5658 3072 5709 ν,
3118 5644 3153 5698 5
3185 5662 3199 5699 :
3239 5648 3607 5755 Μαρτύρομαι
3662 5651 3727 5704 δὲ

2743 5724 2790 5755 ait
2806 5709 2899 5755 τὸν
2920 5711 3086 5755 νότων
3115 5718 3336 5755 omnium
3483 5719 3563 5755 ,ευ
3601 5721 3723 5755 ΜΗ-

3483 5721 3563 5784 ώς
3601 5721 3724 5777 Mil-
