4114 6468
487 416 627 483 3367

1574 416 1867 479 CONTRA
1908 418 2279 480 H/EBESES
2314 420 2461 482 LIB.
2496 422 2663 484 VIII.

3601 430 3742 495 3368

490 525 777 601 μαρτυρεῖ,
800 523 1102 593 καινίζουσι
1129 526 1187 581 δέ
1220 526 1242 561 ⁸
1261 528 1536 601 νηστείας,
1565 530 1657 583 καὶ
1694 531 1910 601 ἑορτὰς,
1965 530 2062 586 καὶ

2168 541 2349 588 tentur
2380 544 2435 588 et
2467 548 2802 605 quacunque
2839 535 3187 609 Evangelium
3222 537 3289 595 de
3322 538 3540 597 Christo
3575 549 3711 597 testa

487 615 854 686 ξηροετραγίας,
900 616 995 669 καὶ
1021 617 1438 687 ραφανοφαγίας
1477 617 1779 687 φάσκοντες
1812 619 1918 673 ὑπὸ
1954 619 2065 674 τῶν

488 706 726 773 γυναίων
754 705 1087 777 δεδιδάχθαι.
1115 706 1275 772 Τινὲς
1300 707 1355 761 δὲ
1389 708 1568 763 αὐτῶν
1593 711 1660 780 τῇ
1690 709 1802 763 τῶν
1824 710 2065 782 Νοητια-

2168 639 2274 693 tur,
2305 639 2505 684 novant
2534 637 2710 684 autem
2738 630 2943 700 jejunia
2971 641 3025 686 et
3054 633 3186 687 festa
3219 642 3271 689 et
3303 634 3662 704 xemphagias
3688 646 3743 689 et

2168 720 2655 791 raphanOphagias,
2682 721 2995 779 dictitantes
3023 740 3051 778 ιι
3081 724 3414 778 mulierculis
3440 737 3615 781 semet
3641 727 3740 781 do-

487 796 596 850 νῶν
631 797 845 869 αίρέσει
870 796 1249 869 συντιθέμενοι
1270 799 1360 875 τὸν
1385 800 1601 871 Πατέρα
1622 799 1786 855 αὐτὸν
1811 796 1950 854 εἶναι
1970 802 2066 855 τὸν

2168 818 2283 866 ctos
2320 825 2463 866 esse.
2494 811 2727 876 Quidam
2764 821 2943 866 autem
2976 828 3164 868 eorum
3201 813 3586 869 Noeliauorum
3631 816 3739 870 bae-

488 888 617 941 Υίδν
641 888 889 957 λέγουσι,
918 891 1015 943 καὶ
1054 890 1245 944 τοῦτον
1273 890 1379 944 ὑπὸ
1408 891 1625 961 γένεσιν
1649 891 1743 945 καὶ
1773 892 1942 956 πάθος
1971 891 2066 946 καὶ

488 978 719 1033 θάνατον
748 979 1086 1049 ἐληλυθέναι.
1121 982 1257 1052 Περὶ
1294 980 1500 1037 τούτων
1540 977 1698 1046 αὖθις
1740 982 2067 1053 λεπτομερέ-

490 1085 679 1142 στερον
711 1070 1039 1142 ἐκθήσομαν
1065 1072 1279 1137 πολλοῖς
1303 1074 1411 1145 γὰρ
1438 1075 1660 1145 ἀφορμὴ
1695 1074 1879 1127 κακῶν
1904 1073 2066 1142 γεγέ-

489 1164 702 1233 νηταιή
737 1164 943 1215 τούτων
985 1164 1219 1236 αἵρεσις.
1254 1166 1435 1220 Ἱκανὰ
1465 1165 1565 1237 μὲν
1590 1162 1684 1220 οὖν
1714 1168 1809 1218 καὶ
1835 1163 1904 1218 τὰ
1936 1164 2066 1236 περὶ

487 1255 696 1310 τούτων
742 1256 1009 1328 εἰρημένα
1064 1257 1360 1330 κρίνομεν,
1410 1256 1478 1310 δι’
1536 1255 1733 1326 ὀλίγων
1785 1255 1853 1310 τὰ
1896 1256 2070 1311 πολλὰ

492 1346 712 1421 φλύαροι
743 1347 923 1402 αὐτῶν
974 1347 1156 1420 βιϐλία
1199 1365 1260 1403 τε
1300 1347 1399 1402 καὶ
1451 1348 1856 1419 ἐπιχειρήματα
1904 1347 2070 1403 πᾶσιν

491 1440 860 1508 ἐπιδείξαντες
897 1440 1099 1512 ἀσθενῆ
1127 1440 1256 1495 ὄντα
1303 1438 1397 1495 καὶ
1442 1439 1670 1511 μηδενὸς
1712 1439 1871 1509 λόγου
1918 1439 2067 1507 ἄξια,

489 1525 573 1595 οἷς
603 1532 664 1585 ού
700 1531 805 1604 χρὴ
835 1532 1127 1603 προσέχειν
1150 1532 1279 1596 τοὺς
1314 1531 1627 1602 ὑγιαίνοντα
1648 1530 1772 1585 νοῦν
1794 1531 2069 1603 κεκτημέ-

492 1641 616 1688 νους
638 1623 682 1680 ⁸.

559 1722 630 1771 κ’.
665 1716 883 1786 Ἐτεροι
912 1715 969 1769 δὲ
995 1715 1221 1781 ἑαυτοὺς
1266 1714 1672 1780 ἀποκαλοῦντες
1710 1716 2071 1788 Ἐγκρατίτας

490 1805 560 1862 τὰ
595 1807 693 1879 μὲν
721 1808 848 1879 περὶ
874 1805 969 1860 τοῦ
999 1805 1137 1861 Θεοῦ
1161 1807 1253 1861 καὶ
1278 1807 1372 1860 τοῦ
1403 1806 1640 1879 Χριστοῦ
1664 1807 1864 1880 ὁμοίως
1885 1809 1978 1861 καὶ
2000 1811 2066 1880 τῇ

502 1876 806 1970 Ἐκκλησίαν
829 1896 1173 1968 ὁμολογοῦσι,
1211 1898 1339 1967 περὶ
1379 1896 1436 1950 δέ
1458 1876 1744 1951 *πολιτείαν
1789 1876 2067 1971 πεφυσιωξ
2098 1876 2141 1931 Β

493 1989 645 2060 μένοι
666 1987 1116 2059 ἀναστρέφονται,
1139 1987 1364 2051 ἑαυτοὺς
1386 1985 1474 2040 διὰ
1497 1986 1801 2059 βρωμάτων
1828 1986 2067 2052 δοξάζειν
2108 1982 2117 2005 ⁵

489 2081 800 2153 νομίζοντες
822 2079 1151 2151 ἀπεχόμενοι
1179 2078 1462 2151 ἐμψύχων,
1487 2077 1911 2150 ύδροποτοῦντες
1932 2081 1952 2111 ⁸
1974 2079 2069 2135 καὶ

491 2176 690 2245 γαμεῖν
732 2172 1052 2239 κωλύοντες,
1107 2172 1200 2225 καὶ¹
1246 2171 1322 2244 τῷ
1367 2170 1539 2242 λοιπῷ
1589 2169 1690 2241 βίῳ
1745 2170 2069 2242 καταξήρως

488 2264 868 2336 προσέχοντες,
898 2263 1100 2336 μᾶλλον
1141 2262 1369 2317 Κυνικοὶ
1398 2261 1432 2334 ἢ
1470 2262 1786 2334 Χριστιανοὶ
1813 2262 1863 2314 οἱ
1889 2258 2067 2314 τοιοῦο

486 2375 569 2412 τοι
585 2356 914 2429 κρινόμενοι,
938 2356 997 2408 ού
1017 2354 1373 2429 προσέχοντες
1399 2356 1511 2418 τοῖς
1538 2353 1625 2408 διὰ
1656 2352 1749 2407 τοῦ
1772 2352 2067 2407 ἀποστόλου

486 2447 704 2504 Παύλου
733 2450 814 2511 εἰς
836 2448 1037 2510 αὐτοὺς
1066 2445 1509 2519 προειρημένοις,
1559 2445 1619 2508 ὃς
1659 2443 2021 2515 προφητεύων
2046 2443 2069 2476 ⁷

485 2540 554 2593 τὰ
614 2537 878 2610 μέλλοντα
914 2536 1021 2591 ύπὸ
1074 2553 1235 2590 τινων
1290 2536 1467 2607 μάτην
1519 2533 1861 2600 καινίζεσθαι
1891 2532 2067 2598 οὕτως

486 2632 624 2705 ἔφη·
667 2631 737 2685 Τὸ
769 2630 838 2684 δὲ
877 2629 1116 2698 πνεῦμα
1162 2627 1184 2660 ⁸
1209 2626 1408 2696 ῥητῶς
1438 2625 1601 2698 λέγει
1642 2627 1696 2659 ⁹ο
1746 2627 1852 2681 Ἐν
1896 2625 2070 2681 ὑστέ-

478 2741 614 2794 ροις
644 2720 873 2792 καιροῖς
887 2719 1349 2787 ἀποστήσονταί
1366 2735 1525 2785 τινες
1545 2716 1657 2785 τῆς
1678 2718 2068 2788 ὑγιαινούσης

486 2813 886 2879 διδασκαλίας
922 2811 986 2875 ¹⁰,
1030 2813 1436 2881 προσέχοντες
1465 2810 1767 2878 πνεύμασι
1812 2807 2068 2874 πλάνοις

488 2905 567 2980 [ιι.
632 2901 932 2976 Hii—278]
981 2903 1079 2957 καὶ
1133 2901 1551 2965 διδασκαλίαις
1587 2899 1950 2969 δαιμονίων,
1999 2898 2069 2952 ἐν

487 2997 804 3066 ὑποκρίσει
832 2993 1249 3065 ψευδολόγων,
1306 2989 1910 3060 κεκαυτηριασμένων
1953 2989 2070 3057 τὴν

492 3089 654 3145 ίδίαν
671 3086 1057 3154 συνείδησιν,
1090 3085 1455 3143 κωλυόντων
1480 3081 1711 3159 γαμεῖν,
1739 3080 2069 3151 ἀπέχεσθαι

2167 904 2273 958 resi
2319 904 2681 958 assentientes
2719 901 2931 958 Patrem
2977 903 3152 973 ipsum
3195 910 3316 960 e'sse
3359 904 3523 958 lilium
3568 907 3740 971 aiunt,

2164 1003 2220 1049 et
2236 993 2378 1049 hunc
2403 994 2808 1064 generationem
2841 1004 2894 1048 et
2921 995 3227 1063 passionem
3259 1004 3312 1050 et
3342 1005 3572 1050 mortem
3607 996 3742 1050 sub~

2168 1087 2315 1142 iisse.
2339 1086 2416 1140 De
2442 1086 2527 1141 bis
2552 1085 2747 1140 deinde
2786 1086 3035 1141 subtilius
3074 1101 3363 1157 exponam,
3389 1087 3573 1141 multis
3595 1087 3739 1141 enim

2166 1180 2430 1235 malorum
2452 1193 2614 1233 causa
2641 1178 2851 1233 exstitit
2875 1178 3066 1233 horum
3091 1178 3334 1232 haeresis.
3360 1177 3553 1233 Idonea
3578 1179 3741 1248 igitur

2167 1279 2222 1326 et
2261 1285 2346 1335 ea,
2380 1285 2499 1338 quae
2530 1269 2597 1325 de
2632 1269 2716 1325 his
2749 1269 2892 1324 dicta
2927 1276 3073 1333 sunt,
3111 1253 3415 1332 censemus,
3452 1277 3739 1338 postquam

2167 1378 2265 1434 per
2286 1378 2457 1433 pauca
2483 1362 2682 1418 multos
2709 1352 2921 1435 ineptos
2945 1374 3133 1417 eorum
3162 1368 3218 1417 et
3244 1359 3409 1415 libros
3434 1370 3487 1414 et
3509 1368 3737 1414 conatus

2167 1455 2419 1512 omnibus
2450 1454 2960 1517 demonstravimus,
2990 1462 3177 1520 utpote
3210 1452 3452 1507 inﬁrmos
3484 1452 3739 1523 nulloque

2169 1547 2334 1603 verbo
2356 1546 2566 1617 dignos,
2591 1545 2783 1614 quibus
2806 1559 2911 1599 non
2937 1558 3059 1600 sese
3084 1543 3359 1614 applicare
3385 1551 3600 1612 oportet
3622 1557 3738 1609 eos,

2168 1636 2259 1707 qui
2288 1650 2418 1689 sana
2451 1644 2629 1690 mente
2657 1633 2863 1702 praediti
2894 1640 3041 1688 sunt.

2237 1726 2328 1782 20.
2367 1725 2472 1780 Alii
2506 1734 2684 1779 autem
2719 1732 2893 1778 semet
2926 1722 3258 1793 appellantes
3293 1723 3602 1779 Encratitas
3635 1736 3696 1776 ea
3717 1760 3734 1787 ,

2170 1833 2289 1887 qua;
2317 1817 2383 1870 ad
2414 1816 2578 1870 Deum
2607 1824 2659 1870 et
2687 1813 2957 1871 Christum
2987 1816 3275 1882 pertinent,
3305 1814 3553 1869 similiter
3577 1823 3740 1885 atque

2169 1908 2333 1964 etiam
2358 1906 2597 1962 Ecclesia
2622 1907 2972 1970 conﬁtentur,
2996 1905 3170 1975 quoad
3194 1906 3318 1959 vitae
3344 1905 3735 1960 institutionem

2134 2000 2350 2054 'autem
2392 1997 2561 2052 inﬂati
2602 2006 2907 2062 versantur,
2948 2010 3070 2051 cum
3112 1994 3442 2050 arbitrantes
3485 2009 3604 2050 sese
3645 2009 3741 2064 per

2168 2089 2318 2143 cibos
2347 2087 2566 2158 gloriari
2599 2086 2906 2143 abstineant
2933 2086 3217 2152 animatis,
3244 2099 3439 2154 aquam
3472 2094 3658 2153 potent
3686 2091 3741 2139 et

2170 2181 2371 2235 nubere
2416 2177 2737 2248 prohibeant
2781 2186 2834 2232 et
2887 2176 3106 2247 reliqua:
3149 2177 3270 2230 vita:
3322 2176 3582 2246 perat-ida:
3628 2182 3742 2229 stn—

2168 2270 2366 2337 deant,
2399 2268 2583 2341 Cynici
2624 2268 2714 2338 qui
2756 2268 2931 2338 potius
2963 2281 3123 2336 quam
3157 2265 3451 2322 Christiani
3485 2265 3740 2336 judican-

2167 2373 2273 2429 tur,
2311 2378 2417 2418 non
2450 2360 2792 2417 attendentes
2825 2359 2890 2415 ad
2924 2374 2984 2414 ea
3008 2399 3024 2426 ,
3058 2374 3178 2428 qua!
3213 2371 3308 2428 per
3337 2355 3564 2411 Paulum
3602 2371 3737 2428 apo-

2167 2454 2360 2510 stolum
2389 2452 2444 2507 in
2472 2466 2567 2507 eos
2597 2450 2850 2519 praedicta
2880 2455 3028 2516 sunt,
3057 2447 3147 2519 qui
3179 2446 3477 2517 praedicens
3505 2460 3589 2513 ea,
3619 2461 3739 2516 (ιικὲ

2169 2545 2369 2600 frustra
2406 2543 2622 2613 quidam
2657 2540 2905 2595 novaturi
2939 2548 3154 2603 essent,
3191 2538 3325 2594 dixit
3358 2539 3411 2593 in
3448 2538 3593 2593 hunc
3626 2553 3743 2593 mo-

2169 2639 2294 2694 dum
2322 2651 2339 2691 :
2366 2628 2602 2707 Spiritus
2630 2644 2804 2687 autem
2835 2632 3115 2703 manifeste
3143 2632 3275 2685 dicit
3301 2645 3319 2685 :
3348 2629 3412 2684 In
3444 2630 3741 2686 novissimis

2169 2730 2486 2800 temporibus
2521 2727 2782 2783 discedent
2816 2727 3029 2797 quidam
3063 2742 3093 2778 a
3128 2740 3263 2778 sana
3296 2722 3534 2778 doctrina
3568 2731 3745 2776 atten-

2168 2824 2346 2877 dentes
2388 2820 2658 2889 spiritibus
2704 2817 2898 2872 erroris
2943 2825 2990 2870 et
3039 2813 3292 2868 doctrinis
3339 2813 3742 2879 dwmcniorum,

2167 2911 2557 2991 538-439
2590 2910 2643 2963 in
2676 2907 2941 2979 hypocrisi
2973 2904 3295 2974 loquentium
3331 2902 3663 2957 mendacium
3696 2911 3743 2955 et

2169 3006 2514 3059 cauteriatam
2541 3001 2841 3055 habentium
2864 3015 3016 3052 suam
3040 2996 3436 3061 conscientiam,
3461 2992 3743 3063 prohiben-

2170 3098 2301 3151 tium
2333 3094 2841 3155 nubere.-abstinere
2869 3110 2900 3146 a
2929 3092 3088 3157 cibis,
3119 3106 3249 3160 quos
3282 3087 3423 3143 Deus
3454 3088 3643 3142 creavit
3674 3086 3744 3141 ad

487 3181 839 3251 βρωμάτων,
870 3177 908 3233 ἂ
944 3181 977 3232 ό
1009 3177 1153 3243 Θεὸς
1176 3176 1421 3230 ἔκτισεν
1437 3178 1524 3242 είς
1547 3173 1895 3244 μετάληψιν
1922 3173 2067 3243 μετὰ

2170 3186 2561 3256 percipiendum
2592 3201 2707 3238 cum
2738 3185 3036 3255 gratiarum
3069 3183 3274 3235 actione
3301 3178 3548 3251 ﬁdelibus
3578 3187 3625 3232 et
3663 3175 3749 3231 his

491 3271 876 3342 εὐχαριστίας
912 3268 1036 3335 τοῖς
1096 3267 1332 3335 πιστοῖς
1390 3266 1490 3321 καὶ
1526 3266 1899 3335 ἐπεγνωκόσι
1954 3265 2070 3332 τὴν

490 3363 800 3431 ἀλήθειαν,
825 3361 915 3416 ὅτι
945 3358 1070 3415 πᾶν
1095 3359 1318 3429 κτίσμα
1344 3358 1492 3413 Θεοῦ
1517 3355 1730 3421 καλὸν,
1766 3356 1865 3410 καὶ
1890 3353 2071 3409 οὐδὲν

490 3457 837 3523 ἀπόϐλητον
899 3452 1050 3522 μετὰ
1130 3450 1520 3521 εὐχαριστίας
1587 3449 2066 3518 λαμϐανόμενον.

502 3544 819 3617 Ἀγιιάζεται
854 3547 965 3616 γὰρ
1007 3543 1106 3605 διὰ
1145 3544 1333 3613 λόγου
1379 3542 1533 3598 Θεοῦ
1576 3541 1676 3595 καὶ
1720 3539 2066 3605 ἐντεύξεως.

500 3637 686 3709 Ἰκανὴ
712 3638 812 3709 μὲν
844 3632 938 3690 οῦν
982 3635 1123 3706 αῦτη
1156 3636 1189 3705 ὴ
1221 3635 1375 3706 φωνὴ
1405 3635 1501 3693 τοῦ
1535 3634 1809 3706 μακαρίου
1853 3631 2069 3687 Παύλου

491 3733 627 3806 πρὸς
659 3733 882 3802 ἔλεγχον
916 3730 957 3761 “
983 3729 1092 3782 τῶν
1120 3726 1292 3791 οὕτως
1321 3728 1581 3799 βιούντων
1606 3729 1699 3782 καὶ
1733 3724 2071 3799 σεμνυνομέ-

490 3841 597 3880 νων
623 3824 848 3877 δικαίων
880 3822 963 3891 είς
999 3820 1061 3877 τὸ
1102 3818 1272 3889 δεῖξαι
1302 3820 1382 3872 ὅτι
1414 3819 1509 3873 καὶ
1540 3820 1700 3873 τοῦτο
1737 3820 1969 3891 αἵρεσις.
2005 3817 2071 3870 El

491 3915 547 3968 δέ
570 3915 665 3969 καὶ
693 3912 879 3982 ἐτεραί
903 3929 1045 3973 τινες
1065 3910 1308 3981 αἱρέσεις
1327 3908 1683 3981 ὀνομάζονται
1702 3909 1746 3940 “
1769 3906 1983 3962 Καῖνῶν
2003 3907 2068 3970 ’⁸,

505 4003 797 4076 Ὀφιτῶνῆ
842 4001 1129 4075 Νοχαῖτῶν
1175 4003 1220 4033 ’⁸
1265 3998 1366 4054 καϊ
1408 4000 1610 4070 ἐτέρων
1658 3998 1937 4064 τοιούτων,
1970 3998 2072 4055 ούκ

493 4105 790 4171 ἀναγκαῖον
817 4102 1033 4172 ἥγημαι
1071 4100 1143 4154 τὰ
1172 4099 1264 4152 ὑπ’
1316 4097 1495 4152 αὐτῶν
1527 4097 1800 4168 λεγόμενα
1840 4095 1875 4167 ἢ
1921 4092 2069 4163 γινό-

497 4212 634 4266 μενα
659 4191 940 4259 ἐκθέσθαι,
967 4190 1055 4243 ἵνα
1084 4190 1160 4262 μὴ
1180 4190 1286 4244 κᾶν
1315 4191 1373 4243 ἐν
1411 4188 1587 4258 τούτῳ
1620 4186 1773 4252 τινὰς
1804 4186 2003 4250 αὐτοὺς

492 4284 652 4354 λόγου
681 4283 866 4349 ἀξίους
889 4282 1132 4355 ἡγῶνται
1164 4281 1243 4338 ¹⁸.“
1269 4281 1408 4336 Ἀλλ’
1434 4280 1557 4334 ἐπεὶ
1587 4281 1683 4335 καὶ
1707 4276 1926 4350 τὰοπερὶ
1948 4276 2072 4332 τού-

495 4390 603 4431 των
653 4374 903 4446 αὐτάρκη
935 4375 1084 4443 δοκεῖ
1106 4369 1268 4437 εἶναι,
1299 4371 1656 4444 παρέλθωμεν
1688 4369 1781 4425 ἐπὶ
1807 4368 1905 4441 τὴν
1937 4369 2072 4425 πᾶσι

491 4467 602 4521 τῶν
634 4466 822 4522 κακῶν
867 4466 1045 4521 αἰτίαν
1077 4466 1288 4539 αἵρεσιν
1317 4462 1655 4536 Νοητιανῶν,
1687 4463 1787 4535 τήν
1813 4479 1870 4515 τε
1896 4508 1897 4511 η
1915 4458 2072 4532 ῥίζαν

2168 3280 2260 3351 qui
2295 3286 2642 3348 cognoverunt
2677 3277 2965 3340 veritatem,
3001 3274 3127 3345 quia
3159 3272 3329 3326 omnis
3365 3282 3612 3332 creatura
3650 3269 3749 3324 Dei

2170 3371 2306 3426 bona
2343 3378 2390 3424 et
2426 3366 2558 3422 nihil
2592 3365 2969 3436 rejiciendum,
3004 3364 3142 3435 quod
3178 3379 3295 3416 cum
3332 3362 3619 3433 gratiarum
3656 3379 3747 3416 ac-

2172 3462 2312 3515 tione
2343 3458 2627 3529 percipitur
2659 3468 2677 3507 :
2708 3453 3074 3523 sanctiﬁcatur
3100 3454 3239 3506 enim
3273 3467 3366 3521 per
3397 3449 3617 3505 Verbum
3651 3450 3746 3505 Dei

2171 3563 2218 3608 et
2252 3554 2562 3608 orationem.
2599 3548 2793 3604 Idonea
2832 3546 2998 3617 igitur
3029 3545 3144 3599 haec
3176 3558 3279 3615 vox
3316 3542 3457 3599 beati
3494 3540 3640 3601 Pauli
3676 3540 3744 3595 ad

2173 3643 2488 3702 refutandos
2515 3656 2632 3706 eos,
2660 3641 2750 3710 qui
2779 3637 2846 3695 ad
2877 3637 3021 3692 hunc
3053 3633 3272 3690 modum
3301 3633 3463 3688 vitam
3497 3639 3664 3700 agunt
3690 3637 3746 3685 et

2171 3753 2231 3794 se
2256 3738 2433 3809 justos
2462 3734 2690 3805 jactant,
2725 3742 2782 3784 ut
2815 3730 3218 3783 demonstretur
3246 3725 3349 3780 hoc
3379 3735 3593 3794 quoque
3624 3734 3747 3777 esse

2171 3808 2424 3884 haeresin.
2462 3823 2556 3901 Sin
2590 3838 2719 3897 vero
2759 3830 2814 3876 et
2854 3820 2971 3875 alia:
3007 3819 3252 3890 quaedam
3292 3815 3526 3869 haereses
3566 3808 3746 3880 appel-

2171 3920 2353 3975 lantur
2376 3916 2690 3978 Cainorum,
2717 3911 3035 3983 Ophitarum
3059 3909 3143 3966 vel
3169 3907 3558 3967 Noachitarum
3582 3910 3638 3960 et
3664 3917 3747 3956 reo

2172 4011 2441 4082 liquorum
2481 4002 2819 4077 huiusmodi,
2857 4000 2999 4056 haud
3041 3998 3404 4061 necessarium
3449 3997 3587 4051 duco
3627 4007 3748 4064 quae

2173 4102 2240 4156 ah
2283 4099 2364 4159 eis
2403 4097 2546 4153 dicta
2583 4093 2669 4149 vel
2711 4092 2865 4167 facta
2894 4099 3021 4146 sunt
3064 4102 3363 4158 exponere,
3406 4101 3475 4143 ne
3521 4084 3744 4140 forsitan

2154 4170 2296 4248 “ideo
2343 4195 2516 4245 semet
2563 4185 2773 4255 aliquos
2819 4181 2906 4237 vel
2951 4181 3118 4236 verbo
3169 4178 3359 4249 dignos
3408 4175 3744 4235 existiment.

2173 4281 2440 4357 Quoniam
2476 4286 2656 4334 autem
2691 4283 2745 4331 et
2777 4289 2862 4342 ea,
2895 4288 3016 4345 qua:
3048 4272 3112 4328 ad
3148 4271 3248 4326 hos
3280 4267 3568 4342 pertinent,
3601 4263 3749 4320 sutil-

2172 4355 2297 4430 Cere
2336 4371 2607 4435 videntur,
2652 4378 2990 4423 transeamus
3033 4363 3099 4420 ad
3143 4377 3287 4428 eam,
3329 4373 3449 4430 quae
3491 4355 3746 4412 omnibus

2174 4463 2438 4521 malorum
2464 4475 2630 4518 causa
2650 4457 2883 4524 exstitit,
2908 4456 3291 4512 Noetianorum
3317 4447 3574 4521 heresin,
3595 4445 3745 4513 ejus-

495 4558 663 4627 αύτῆς
695 4554 1121 4622 ἀναπτύξαντες,
1140 4538 1247 4612 καὶ
1267 4556 1355 4611 τὸν
1386 4555 1531 4609 ἔνδον
1562 4555 1692 4609 ὄντα
1719 4553 1796 4608 ἰὸν
1828 4553 1873 4585 ¹⁶
1900 4568 2071 4623 φανε-

2177 4573 2283 4629 que
2313 4556 2492 4611 radice
2521 4552 2772 4624 explicita
2803 4558 2857 4605 et
2882 4563 3112 4615 veneno,
3144 4546 3285 4618 quod
3315 4543 3460 4599 intus
3490 4550 3594 4611 est,
3630 4550 3746 4593 ma-

498 4649 589 4721 ρδν
613 4646 950 4717 ἐλέγξαντες,
985 4646 1287 4719 παύσωμεν
1302 4649 1400 4718 τῆς
1423 4646 1680 4718 τοιαύτης
1706 4644 1917 4716 πλάνης
1945 4641 2073 4705 τοὺς

372 4784 379 4799 ι
495 4743 871 4816 ἐπαγομένους
899 4744 941 4777 ¹⁷
966 4742 1072 4801 ύπδ
1102 4742 1411 4817 πνεύματος
1436 4742 1633 4817 βιαίου,
1659 4741 1818 4812 δίκην
1838 4737 2074 4812 χειμάῤ·

498 4839 594 4914 pou
624 4837 689 4897 “.

2178 4647 2374 4703 nifeste
2404 4645 2797 4712 demonstrato,
2832 4652 3183 4696 coerceamus
3216 4652 3245 4690 a
3282 4633 3374 4690 tali
3409 4645 3598 4689 errore
3629 4642 3745 4698 eos,

2174 4739 2267 4813 qui
2301 4753 2333 4794 a
2361 4736 2595 4795 violento
2625 4734 2818 4807 spiritu
2851 4733 3021 4790 instar
3049 4727 3303 4788 torrentis
3331 4727 3622 4782 ducuntur.

1767 5003 2006 5063 VARIIE
2045 4998 2454 5059 LECTIONES.

567 5170 591 5201 ⁸
612 5168 669 5222 δέ
691 5185 750 5221 τε
776 5167 837 5224 C.
915 5128 1086 5230 έτοῦς
1104 5198 1172 5209 -
1190 5163 1580 5236 κεκτημένους.
1620 5166 1770 5236 τοίς-
1791 5161 2156 5236 κεκτημένος
2168 5158 2230 5215 C.
2306 5157 2334 5236 ξ
2362 5152 2798 5236 ύδρωποτοῦντες
2826 5152 2888 5220 C,
2963 5152 2985 5184 ⁷
3007 5147 3353 5236 ,προφητεύειν
3370 5142 3490 5236 ,Οῶε

500 5254 574 5301 Iv,
607 5240 628 5292 l
667 5239 717 5293 5.
822 5240 843 5271 ⁹
866 5239 1037 5307 λέγει.
1072 5237 1240 5305 λέγει,
1271 5235 1676 5307 ὂτιῇίιδειιιιιιειξί.Δ
1700 5235 1736 5288 l.

1835 5236 1880 5267 ³⁰
1915 5231 2235 5302 ὑγιαινούση

2240 5246 2267 5292 ς
2307 5213 2673 5288 διδασκαλίας.
2728 5213 2961 5286 πίστεως
3007 5213 3204 5292 Ρίιιιιύὲ
3228 5219 3266 5272 ι.
3290 5217 3340 5292 ξ.
3368 5233 3381 5269 :
3415 5213 3741 5292 ’ζῇς-ὑγιοῦς

782 5283 926 5379 apud
943 5283 1296 5379 '6'r'ig8ién’gf
1314 5283 1814 5379 ’ξιξτξρὁὲἑλξέῆεῳ
1923 5283 1938 5286 ⁷
1961 5283 2038 5337 ’ίί
2065 5283 2440 5379 ὁὶιομᾶξονται.
2471 5283 2799 5379 ὀνομόζζονξο
2825 5292 2896 5379 Ὀ,
2921 5283 3422 5379 ὠνομάζοντοὲξὶῃ
3444 5283 3746 5379 "_

500 5353 925 5461 μινρνῖϐξτῗῖ
1010 5353 1377 5461 Νἶχαῖτιῦνιῆ
1408 5353 2189 5461 uSaxté§}'t“ﬁ'jbmx§z§vi
2248 5353 2316 5461 ""3
2330 5367 2483 5431 τινὰς
2499 5353 2762 5461 ,αύτρῦςηῆ
2781 5353 2939 5461 λόγου
2970 5353 3747 5461 ἀξίομιςιηγῶνταῆἷιινὰξᾶίῖ

863 5421 1377 5518 ἡγίξιμαίψδξτινέξ
2274 5421 2582 5518 Βηηεεῇἱυε
2606 5436 2661 5518 in
2682 5421 3006 5518 Hippolytus
3021 5421 3242 5518 unguit
3264 5443 3380 5518 age,
3394 5421 3743 5518 [10:31;

500 5512 776 5605 δίει-,ἔπεα
796 5512 1262 5605 .ἒ⁸⁵,ηξίι·ρῖινὲς
1291 5516 1494 5605 “Pais
1525 5513 1692 5605 ista“.
1734 5512 1919 5605 ἀὲἕνξδς
1956 5512 2196 5605 mitra.
2230 5525 2324 5605 ευξ

500 5585 664 5659 οἱονεὶ
696 5582 759 5659 C_,
793 5587 864 5643 Μ.
906 5589 1007 5659 -qui
1057 5602 1156 5659 pro
1188 5585 1350 5640 οἱονεὶ
1371 5599 1520 5655 susp.
1567 5582 1712 5655 ὅφιν,
1759 5585 1875 5640 sive
1917 5582 2094 5656 potius
2129 5582 2228 5636 ῑόν.

511 5653 691 5725 μάρου
713 5655 778 5715 C.

2327 5524 2382 5612 ρ.
2438 5506 2725 5576 Sauppius.
2760 5492 2804 5504 ”
2837 5492 3066 5556 ¹⁶”ἐνδον
3102 5498 3232 5553 ὅντα
3300 5492 3398 5552 ῖόν.
3450 5492 3731 5549 ἐνδύνοντα

2380 5574 2754 5612 ιρηνηηέυηηρ
2807 5571 3206 5612 Ιιηηνοοιὲνηυξ-
3230 5567 3388 5612 anni-
3419 5564 3489 5612 Μ-
3566 5564 3610 5601 ⁸³
3631 5578 3731 5612 νει-

2305 5564 2346 5612 ⁸θ
2379 5564 2773 5649 ἐπαγομένους.
2807 5571 3207 5645 ἀπαγομένους.
3230 5567 3388 5638 conj.
3419 5564 3489 5620 Μ.
3566 5564 3610 5601 ⁸⁸
3631 5578 3746 5634 χει-
