4114 6456
401 412 545 475 3369

1889 396 2257 459 ORIGENIS

3533 383 3679 448 3370

418 540 3679 588 __________________________________________

528 723 829 842 ΤΟΥ
904 720 1327 838 ΚΑΤΑ
1406 713 1924 833 ΠΑΣΩΝ
1998 706 2740 866 ΑΙΡΕΣΕΩΝ
2811 696 3536 820 ΕΛΕΓΧΟΥ

1729 951 2171 1043 ΒΙΒΛΙΟΝ
2244 944 2373 1040 Θ’.

735 1317 1803 1440 REFUTATIONIS
1901 1317 2002 1432 Ο

2116 1311 2474 1432 NIUM
2581 1301 3364 1423 HZERESIUM

1599 1581 1966 1672 LIBER
2035 1575 2483 1686 Nonus.
2817 1501 2821 1506 ’

493 1926 543 1980 1.
585 1924 710 1981 Haec
740 1924 921 1980 insunt
951 1924 1004 1979 in
1039 1939 1181 1980 nono
1209 1922 1349 1980 libro
1381 1922 1720 1980 refutationis
1747 1923 1988 1980 omnium

2162 1927 2231 1977 α’.
2267 1919 2406 1976 Τάδε
2434 1919 2646 1973 ἔνεστιν
2684 1919 2742 1972 ὲν
2773 1917 2838 1989 τῇ
2870 1913 3070 1986 ὲννάτῃ
3095 1911 3190 1968 τοῦ
3220 1911 3364 1967 κατά
3386 1911 3578 1966 πασῶν
3603 1913 3696 1966 αῐ·

422 2019 707 2075 hwresium
745 2036 760 2072 :

491 2113 548 2166 2.
589 2111 843 2178 Quaenam
881 2109 951 2164 sit
983 2108 1137 2163 Nocti
1175 2109 1487 2173 blaspheme
1524 2108 1864 2177 insipientia,
1900 2107 1993 2178 qui

2101 2017 2307 2089 ρέσεων
2336 2013 2562 2084 ἐλέγχου
2596 2013 2668 2066 ¹⁹.

2170 2107 2235 2179 β’.
2283 2105 2377 2171 Τίς
2414 2106 2448 2177 ἡ
2482 2102 2696 2174 Νοητοῦ
2745 2101 3069 2174 βλάσφημος
3122 2099 3428 2172 ἀφροσύνη,
3477 2097 3573 2151 καὶ
3604 2097 3692 2150 ὅτι

422 2203 680 2260 lleracliti
741 2202 954 2258 obscuri
1018 2201 1232 2272 placitis
1291 2215 1414 2256 sese
1471 2200 1831 2271 applicuerit,
1889 2214 1998 2255 non

2104 2205 2366 2275 δόγμασιν
2408 2201 2769 2272 Ἡρακλείτου
2799 2197 2896 2252 τοῦ
2947 2199 3224 2250 σκοτεινοῦ
3267 2195 3588 2266 προσέσχεν,
3622 2192 3692 2246 οὗ

421 2296 644 2350 Christi.

492 2383 546 2437 ‘5.
589 2382 654 2436 Et
687 2382 955 2449 quomodo
987 2381 1244 2437 Callistus
1273 2380 1606 2446 Cleomenis,
1643 2379 1798 2435 Nocti
1834 2379 2000 2436 disci-

421 2472 553 2543 puli,
592 2484 646 2525 et
679 2471 942 2526 Theodoti
991 2473 1184 2525 haeresi
1229 2471 1514 2524 commista
1559 2471 1719 2525 aliam
1766 2470 1998 2526 Itaeresin

423 2563 757 2626 coullaverit,
788 2571 841 2617 et
871 2578 1118 2631 quaenam
1153 2562 1314 2616 fuerit
1346 2562 1460 2629 ejus
1489 2563 1619 2615 vita.

479 2649 548 2710 ’4.
587 2653 812 2720 Quinam
851 2651 1014 2706 fuerit
1058 2667 1246 2706 recens
1283 2651 1543 2707 adventus
1584 2651 1849 2707 mirabilis
1887 2651 2000 2708 dat-

425 2745 599 2798 mOnis
631 2742 875 2797 Elchasai
896 2783 911 2808 ,
943 2741 1292 2814 440-441
1313 2784 1327 2804 ,
1367 2749 1838 2811 legumentumque
1873 2757 2000 2811 pro-

422 2837 662 2907 priorum
685 2851 929 2890 errorum
949 2851 1067 2890 esse
1087 2838 1344 2904 speciem,
1365 2850 1467 2904 qua
1490 2834 1591 2904 legi
1611 2849 1730 2890 sese
1747 2835 1998 2904 applicet,

424 2947 482 2984 re
515 2947 638 2984 vcra
678 2939 858 2984 autem
894 2931 1152 2999 guosticis
1186 2929 1399 2998 placitis
1435 2929 1519 2984 vel
1561 2931 1722 2985 etiam
1766 2931 2000 2988 astrolo-

423 3024 559 3093 gicis
590 3023 906 3092 artibusque
938 3023 1163 3092 magicis
1191 3039 1313 3078 eum
1347 3023 1680 3079 incumbere.

495 3115 550 3170 5.
593 3115 823 3182 Quinam
859 3115 998 3184 apud
1029 3113 1243 3170 Judteos
1274 3115 1384 3170 sint
1419 3131 1598 3172 mores
1633 3126 1870 3189 quotque
1901 3133 2000 3174 eo-

425 3222 546 3261 rum
579 3206 914 3262 differentiae.

2021 2304 2050 2340 -'
2098 2297 2214 2360 τοῖς
2250 2291 2513 2365 Χριστοῦ.

2170 2393 2242 2455 γ’.
2303 2386 2414 2438 Καὶ
2443 2384 2562 2448 πῶς
2612 2381 2917 2444 Κάλλιστος
2984 2379 3148 2450 μίξας
3199 2377 3298 2449 τὴν
3345 2376 3696 2447 Κλεομένους

2104 2477 2347 2551 μαθητοῦ
2373 2475 2584 2548 Νοητοῦ
2613 2475 2708 2528 καὶ
2734 2473 2988 2527 Θεοδότου
3020 2473 3254 2541 αἵρεσιν,
3282 2469 3476 2540 ἑτέραν
3503 2486 3695 2522 καινο-

2101 2570 2269 2641 τέραν
2298 2568 2512 2639 αἵρεσιν
2540 2565 2862 2634 συνέστησε,
2903 2563 3000 2616 καὶ⁵
3021 2563 3105 2625 τίς
3139 2563 3168 2615 ό
3197 2561 3385 2614 τούτου
3412 2559 3544 2629 βίος.

2173 2660 2238 2713 δ’.
2279 2659 2375 2722 Τίς
2415 2659 2449 2728 ἠ
2501 2657 2666 2726 καινὴ
2701 2656 2748 2687 ¹⁰
2801 2654 3067 2725 ἐπιδημία
3099 2651 3193 2706 τοῦ
3230 2652 3378 2717 ξένου
3434 2651 3698 2721 δαίμονος

2115 2749 2394 2821 Ἠλχασαῒ,
2425 2749 2502 2821 [ρ.
2544 2748 2671 2803 278.
2703 2745 2859 2820 279.]
2891 2747 2986 2800 καὶ
3038 2747 3118 2800 ὅτι
3176 2745 3350 2814 σκέπη
3381 2743 3491 2798 τῶν
3546 2743 3700 2796 ἰδίων

2105 2840 2444 2910 σφαλμάτων
2470 2839 2533 2892 τὸ
2562 2839 2741 2892 δοκεῖν
2772 2837 3066 2909 προσέχειν
3094 2836 3265 2907 νόμῳ,
3300 2835 3379 2904 τῷ
3412 2835 3469 2888 δὲ
3508 2834 3623 2888 δντι
3649 2835 3699 2866 ἰ

2107 2934 2433 3007 γνωστικοῖς
2485 2931 2755 3001 δόγμασιν
2793 2929 2827 3001 ἢ
2867 2930 2962 2983 καὶ
3003 2928 3419 3000 άστρολογικοίς
3451 2928 3546 2980 καὶ
3591 2943 3702 2997 μα-

2102 3022 2221 3092 γεία
2231 3040 2277 3086 ις
2316 3025 2360 3055 ”
2393 3023 2736 3094 πρόσκειται.

2173 3113 2235 3168 ε’.
2273 3113 2408 3167 Τίνα
2454 3113 2606 3186 παρά
2630 3114 2677 3146 ⁸³
2723 3111 2998 3178 Ἰουδαίοις
3020 3111 3116 3183 ἔθη
3160 3111 3255 3166 καὶ
3287 3109 3450 3164 πόσαι
3484 3107 3700 3164 τούτων

2105 3205 2385 3277 διαφοραί.

496 3301 550 3356 6.
593 3301 815 3354 Multum
848 3301 1012 3371 igitur
1035 3315 1155 3354 cum
1188 3302 1254 3355 de
1283 3301 1534 3356 omnibus
1565 3300 1862 3355 ltmresibus
1886 3316 2002 3356 cer-

2177 3305 2251 3366 ς’.
2288 3295 2492 3351 Πολλοῦ
2519 3297 2567 3329 ’⁸
2608 3297 2789 3351 τοίνυν
2815 3298 2860 3330 ⁸⁸
2888 3296 2984 3350 τοῦ
3025 3296 3155 3368 περὶ
3195 3295 3384 3349 πασῶν
3429 3294 3701 3366 αἱρέσεων

428 3403 606 3449 tamen
635 3391 903 3447 exstiterit
931 3393 1106 3458 nobis,
1133 3393 1222 3460 qui
1250 3403 1401 3448 certe
1431 3391 1629 3445 nullam
1661 3390 2000 3447 irrel‘utatam

422 3484 726 3547 omisimus,
747 3484 856 3553 jam
880 3484 1204 3552 relinquitur
1225 3483 1520 3538 maximum
1545 3493 1817 3537 certamen
1841 3498 2004 3538 enar-

427 3573 720 3627 randarum
753 3571 1278 3641 refutandarumque
1309 3573 1597 3627 baaresium
1618 3612 1633 3638 ,
1666 3587 1786 3642 qua
1818 3583 2001 3627 nostra

425 3671 586 3718 actate
615 3664 1049 3726 insurrexerunt,
1084 3679 1178 3732 per
1204 3679 1338 3732 quas
1367 3664 1567 3718 indocti
1595 3665 1812 3734 quidam
1843 3675 1895 3720 et
1927 3675 2002 3720 te-

425 3757 642 3810 merarii
688 3754 985 3809 Ecclesiam
1029 3755 1327 3809 dilacerare
1361 3756 1602 3826 aggressi
1635 3765 1790 3819 sunt,
1830 3759 2003 3812 maxi-

427 3861 567 3900 mam
609 3845 1069 3914 perturbationem
1110 3857 1206 3913 per
1240 3854 1408 3900 totum
1450 3851 1706 3902 mundum
1749 3850 2003 3906 omnibus

427 3935 677 3989 ﬁdelibus
711 3934 1034 4005 injicientcs.
1073 3936 1254 3991 Placet
1287 3938 1431 3992 enim
1469 3946 1527 3991 ut
1561 3939 1612 3991 in
1647 3940 2000 4008 sententiam,

424 4043 545 4097 qua:
575 4037 766 4081 auctor
792 4027 1055 4083 malorum
1085 4029 1313 4094 exstitit,
1343 4031 1612 4086 irruentes
1641 4046 2001 4101 coarguamus

424 4130 669 4184 quamam
699 4116 815 4186 ejus
845 4117 1108 4186 principia
1135 4119 1264 4184 sint,
1293 4127 1350 4172 ut
1375 4119 1620 4175 turiones
1647 4121 1764 4189 ejus
1793 4121 1862 4177 ab
1889 4137 2004 4176 om-

423 4208 584 4262 nibus
617 4206 754 4261 bene
785 4208 983 4277 cogniti
1014 4217 1455 4265 contemnantur.

497 4297 550 4350 7.
589 4295 808 4352 Exstitit
840 4300 924 4352 vir
955 4300 1196 4368 quidam,
1228 4301 1314 4355 cui
1351 4315 1545 4356 nomen
1581 4301 1771 4368 Noeto,
1804 4317 2002 4375 genere

424 4379 758 4463 Smyrnaaus.
788 4388 886 4443 llic
914 4391 1216 4446 introduxit
1240 4392 1473 4447 haeresin
1502 4409 1570 4447 ex
1601 4393 1856 4450 Heracliti
1886 4395 2002 4464 pla-

424 4477 578 4543 citis;
609 4477 764 4545 cujus
797 4479 1045 4534 minister
1073 4489 1128 4534 et
1159 4480 1454 4550 discipulus
1486 4481 1546 4536 ﬁt
1577 4479 1850 4553 Epigonus
1881 4484 2002 4551 qui-

425 4567 547 4621 dam
573 4579 817 4635 vocatus,
842 4570 932 4639 qui
963 4569 1145 4625 Roma:
1175 4574 1372 4642 degens
1399 4574 1870 4644 snperseminabat
1899 4559 2002 4628 im-Q

423 4659 568 4726 piam
627 4659 772 4713 illam
831 4663 1179 4716 sententiam.
1239 4663 1407 4733 Cujus
1465 4665 1765 4734 discipulus
1824 4664 2002 4721 factus

423 4748 737 4809 Cleomenes
759 4791 773 4816 ,
805 4762 860 4806 et
893 4754 996 4806 vita
1031 4764 1087 4808 et
1121 4755 1362 4808 moribus
1395 4754 1600 4810 alienus
1634 4756 1702 4810 ab
1735 4756 1998 4824 ecclesia,

422 4840 808 4896 corroborabat
859 4843 1195 4910 doctrinam,
1246 4843 1551 4914 Zepliyrino
1599 4845 1686 4899 illa
1737 4854 1892 4901 aetate
1942 4863 2001 4903 se

423 4933 806 4990 administrare
840 4936 1141 4990 arbitrante
1173 4936 1458 4990 ecclesiam
1481 4975 1497 5000 ,
1533 4937 1649 4990 viro
1695 4937 1911 4992 indocto
1944 4947 2000 4994 et

425 5025 598 5093 turpis
631 5025 763 5080 lucri
799 5028 1024 5096 cupido,
1058 5027 1149 5097 qui
1185 5026 1337 5081 lucro
1372 5027 1555 5081 oblato
1589 5043 1883 5096 persuasus
1917 5029 1999 5083 in-
2028 5066 2031 5067 ν

425 5117 675 5187 dulgebat
704 5119 1052 5185 adeuntibus,
1082 5129 1141 5174 ut
1168 5118 1479 5174 Cleomenis
1505 5120 1752 5191 discipuli
1786 5120 1999 5187 ﬁerent,

2028 4624 2070 4682 C

2105 3390 2402 3460 γενομένου
2454 3391 2590 3460 ἡμῖν
2635 3389 2848 3458 ἀγῶνος
2894 3389 3071 3460 μηθέν
3110 3406 3175 3458 γε
3218 3389 3264 3420 ²⁶
3307 3387 3702 3454 ἀνεξέλεγκτον

2105 3477 2507 3544 καταλιποῦσι,·
2552 3480 2937 3549 περιλείπεται
2989 3479 3086 3534 νῦν
3139 3481 3168 3532 ό
3221 3480 3479 3552 μέγιστος
3518 3477 3700 3548 ἀγὼν,

2106 3570 2536 3642 ἐκδιηγήσασθαι
2560 3572 2654 3624 καὶ
2674 3571 2955 3643 διειλέγξαι
2979 3571 3078 3636 τὰς
3109 3571 3196 3640 ἐφ’
3227 3573 3359 3642 ἡμῖν
3383 3573 3700 3627 ἐπαναστά-

2107 3677 2207 3723 σας
2243 3660 2486 3730 αἱρέσεις
2516 3661 2583 3725 ³⁷,
2617 3661 2684 3715 δι’
2727 3655 2802 3714 ὧν
2830 3679 2978 3726 τινες
3004 3663 3239 3730 ἀμαθεῖς
3286 3663 3383 3716 καὶ
3431 3663 3698 3736 τολμηροὶ

2104 3751 2539 3807 διασκεδαννύειν
2567 3753 2612 3786 ³⁸
2659 3753 3024 3826 ἐπεχείρησαν
3063 3755 3163 3824 τὴν
3197 3755 3551 3826 Ἐκκλησίαν,
3593 3756 3691 3824 μέ-

2105 3861 2293 3914 γιστον
2341 3843 2583 3916 τάραχον
2633 3845 2777 3900 κατὰ
2830 3845 3010 3899 πάντα
3070 3846 3162 3899 τὸν
3205 3848 3411 3918 κόσμον
3460 3848 3520 3899 έν
3560 3849 3694 3900 πᾶσι

2102 3938 2215 3998 τοῖς
2245 3937 2291 3968 ²⁹
2337 3939 2552 4001 πιστοῖς
2599 3936 2990 4008 ἐμϐάλλοντες.
3031 3940 3193 3992 Δοκεί
3234 3937 3343 4011 γάρ
3381 3939 3474 3993 ἐπὶ
3506 3940 3552 3972 ³ο
3596 3938 3697 4010 τὴν

2103 4027 2346 4098 ἀρχηγὸν
2375 4028 2482 4081 τῶν
2517 4029 2705 4082 κακῶν
2735 4030 3040 4101 γενομένην
3085 4029 3313 4101 γνώμην
3345 4031 3700 4102 ὁρμήσαντας

2101 4119 2387 4188 διελέγξαι,
2428 4121 2572 4184 τίνες
2603 4122 2658 4174 αἱ
2702 4121 2908 4192 ταύτης
2947 4123 3138 4192 ἀρχαὶ,
3213 4123 3361 4186 ὅπως
3393 4122 3698 4191 εὔγνωστοι

2104 4211 2165 4264 αἱ
2197 4210 2469 4279 ὲκφυάδες
2504 4211 2677 4282 αὐτῆς
2705 4212 2882 4266 ἅπασι
2906 4213 3196 4282 γενόμεναι
3216 4215 3693 4286 καταφρονηθῶσι.

2174 4299 2240 4366 ζ’.
2276 4302 2578 4375 Γεγένηταί
2603 4320 2686 4367 τις
2712 4304 2940 4375 ὀνόματι
2971 4305 3202 4375 Νοητδς,
3230 4305 3307 4376 τῷ
3336 4306 3484 4373 γένει
3515 4306 3701 4378 Σμυρ-

2101 4395 2274 4457 ναῖος.
2303 4389 2474 4459 Οὗτος
2502 4397 2841 4466 εἰσηγήσατο
2863 4397 3076 4468 αἵρεσιν
3101 4399 3166 4451 ἐκ
3195 4399 3304 4451 τῶν
3335 4399 3696 4470 Ἡρακλείτου

2101 4481 2388 4554 δογμάτων
2410 4501 2423 4514 ο
2463 4477 2525 4538 οὗ
2553 4485 2803 4550 διάκονος
2827 4488 2921 4540 καὶ
2941 4487 3190 4559 μαθητὴς
3219 4489 3431 4556 γίνεται
3465 4489 3696 4558 Ἐπίγο-

2103 4573 2190 4636 νός
2207 4591 2290 4638 τις
2307 4573 2567 4645 τοῦνομα,
2588 4577 2646 4640 ὃς
2667 4579 2734 4648 τῇ
2752 4577 2942 4651 Ῥώμῃ
2959 4579 2998 4611 ⁸¹
3018 4581 3366 4651 ἐπιδημήσας
3390 4583 3696 4654 ὲπέσπειρε

2101 4667 2199 4737 τὴν
2229 4668 2384 4721 ἄθεον
2411 4669 2657 4738 γνώμην.
2711 4662 2783 4740 τῼ
2832 4671 3180 4741 μαθητεύσας
3232 4673 3568 4745 Κλεομένης,
3600 4675 3697 4728 καλ⁵

2105 4757 2206 4830 βίῳ
2243 4760 2338 4812 καὶ
2366 4760 2556 4830 τρόπῳ
2575 4760 2859 4831 ἀλλότριος
2887 4763 2988 4833 τῆς
3039 4764 3394 4835 Ἐκκλησίας,
3420 4767 3692 4836 ἐκράτυνε

2101 4848 2163 4902 τὸ
2191 4849 2392 4919 δόγμα,
2430 4851 2552 4903 κατ’
2591 4852 2770 4905 έκεῖνο
2803 4851 3002 4917 καιροῦ
3038 4854 3338 4925 Ζεφυρίνου
3365 4856 3576 4909 διέπειν
3601 4872 3693 4910 νο-

2107 4943 2358 5016 μίζοντος
2413 4946 2510 5017 τὴν
2564 4945 2916 5014 Ἐκκλησίαν,
2948 4945 3141 5016 ἀνδρὸς
3182 4945 3395 5000 ίδιώτου
3438 4947 3533 5000 καὶ
3570 4949 3692 5001 αίσ-

2101 5033 2463 5104 χροκερδοῦς·
2511 5033 2616 5106 [ὃς]
2648 5036 2692 5066 ³⁸
2712 5033 2790 5105 τῷ
2816 5035 2999 5106 κέρδει
3033 5038 3466 5108 προσφερομένῳ
3503 5038 3692 5090 πειθό-

2111 5141 2271 5195 μενος
2301 5126 2594 5199 συνεχώρει
2617 5129 2734 5192 τοῖς
2759 5127 3044 5200 προσιοῦσι
3075 5128 3152 5199 τῷ
3171 5129 3469 5201 Κλεομένει
3499 5131 3544 5162 ⁸³
3579 5148 3688 5201 μα-

1697 5301 1932 5360 ἻΑΒΙιΕ
1962 5302 2377 5362 LECTIONES.

527 5460 570 5491 "
603 5459 858 5535 έλλέγχου
1097 5462 1278 5535 καινή.
1309 5460 1439 5535 κενὴ
1469 5462 1539 5535 C._
1566 5462 1637 5518 M.
1708 5463 1758 5535 _"
1793 5461 1966 5535 νόμῳ,
1994 5461 2072 5535 τῷ
2177 5462 2611 5535 ὅντιηνόμῳγτῷ
2661 5463 2953 5535 δέοντας,
2981 5463 3048 5535 Μ,
3084 5464 3173 5532 qui
3230 5463 3351 5535 κᾶν
3387 5481 3589 5533 γνωστ.
3625 5474 3682 5520 et

427 5530 768 5600 προσκέηται
793 5530 938 5600 conj.
1017 5532 1064 5562 "
1098 5530 1298 5600 μαγίας
1339 5532 1401 5586 l3.

429 5600 593 5670 conj._
615 5599 921 5670 ASauppius’.

433 5738 674 5811 scribis._
710 5742 755 5811 3"
784 5741 1026 5811 αἱρέσεις
1053 5738 1166 5795 om.
1187 5738 1506 5796 Bunsenius.

1498 5513 1546 5566 ὗ
1567 5513 1759 5606 Rupe.
1782 5513 1965 5606 έὰξίόζ
1997 5513 2087 5606 tt".
2108 5513 2615 5606 ’ἑόέιῖλιὲὖδᾶιώί
2651 5513 2772 5606 ea;
2791 5513 3372 5606 ’ξᾲνῖιὲἰὸηζιὶῖμηζῗω.
3399 5513 3496 5606 2;;
3512 5513 3686 5606 3a,};

1025 5601 1071 5635 ”
1094 5617 1252 5674 capp.
1281 5602 1464 5674 Ali-1‘2,
1517 5601 1788 5674 recensuit
1853 5603 2261 5674 Bunseniusrin
2321 5603 2575 5674 Analecta
2627 5604 2761 5658 Ante
2819 5603 3041 5657 Nica'nn
3084 5602 3203 5658 Vol.
3256 5603 3382 5674 I,p.
3418 5605 3526 5660 565
3557 5601 3680 5674 sq'q.

431 5669 480 5699 “
516 5666 698 5747 πολλοὶ
724 5666 904 5723 τοίνυν
933 5670 994 5726 C.
1069 5673 1116 5704 "
1154 5666 1326 5742 μηθέν
1353 5689 1416 5740 γε
1453 5666 1664 5727 Christ.
1696 5673 2059 5736 Pelersenius,
2095 5673 2265 5745 μηθέν
2294 5690 2352 5725 τε
2382 5674 2443 5738 (Σ,
2476 5673 2547 5735 Μ,
2579 5674 2748 5743 μέθην
2782 5691 2840 5727 τε
2887 5674 3183 5742 lioeperns,

433 5751 678 5813 senilis;
708 5742 755 5813 f7
784 5741 1026 5813 αἱρέσεις
1053 5756 1161 5813 om.
1187 5741 1506 5813 Bttnsenius.
1559 5745 1629 5813 7”
1661 5743 2070 5813 διασκεδανοίην
2101 5745 2161 5798 (2.
2240 5745 2284 5774 ¹⁹
2318 5744 2450 5797 πᾶσι
2481 5746 2612 5805 τοῖς.
2640 5744 2805 5808 nisi;
2831 5743 2892 5799 Ο.
2970 5743 3014 5775 ³⁹
3049 5743 3160 5796 ἐπί.

2240 5692 2265 5724 ν
2294 5690 2352 5725 τε
2382 5674 2443 5738 (Σ,
2476 5673 2547 5735 Μ,
2579 5674 2748 5743 μέθην
2782 5691 2840 5727 τε
2887 5674 3183 5742 lioeperns,
3228 5673 3400 5744 μηθὲν
3440 5674 3498 5728 δὲ
3540 5673 3684 5728 Butt-

2240 5745 2284 5774 ¹⁹
2318 5744 2450 5797 πᾶσι
2481 5746 2612 5805 τοῖς.
2640 5744 2805 5808 nisi;
2831 5743 2892 5799 Ο.
2970 5743 3014 5775 ³⁹
3049 5743 3160 5796 ἐπί.
3195 5745 3318 5797 ἐπεὶ
3353 5744 3677 5800 Bumenitts.

435 5803 478 5874 ξ’
509 5807 571 5875 τῇ
627 5803 932 5880 Ῥώμηνᾚ.
1006 5803 1072 5844 ⁷³⁸
1102 5811 1160 5874 ὃς
1191 5814 1314 5868 adti'
1363 5811 1433 5878 M,
1467 5814 1517 5872 οἳ
1553 5812 1871 5868 Bunscuius.
1950 5811 1994 5902 ξ’
2023 5803 2342 5886 Κλεομένει.
2376 5803 2660 5885 Κλεομένη
2689 5815 2750 5868 (1.
