4114 6504
451 353 556 416 337
561 356 594 416 9

1539 354 1835 416 CONTRA
1878 350 2244 416 H.1'EBESES
2281 350 2429 412 LIB.
2472 348 2576 413 1X.

3589 348 3728 414 3380

448 471 572 523 κατ’
617 469 754 524 ἰδίαν
809 473 855 503 ⁸²
894 474 956 526 τὰ
1005 473 1163 544 ὅμοια
1212 476 1426 543 φρονεῖν
1469 474 1692 546 [λέγων]
1744 475 1932 544 ἠπάτα
1961 474 2020 540 ⁸³,

2135 486 2228 526 eos
2279 471 2519 537 fallebat,
2554 485 2741 526 rursus
2766 475 2942 525 autem
2983 467 3179 523 iterum
3232 466 3316 532 iis,
3365 465 3456 536 qui
3507 463 3724 520 Sabellii

449 560 614 614 πάλιν
640 562 685 614 δ’
709 563 892 627 αὐτοῖς
927 565 972 596 ⁵³
997 565 1064 617 τὰ
1089 563 1380 617 Σαϐελλίου
1404 566 1628 636 ὁμοίως,
1654 567 1714 618 ὃν
1741 567 1836 620 καὶ
1869 566 2032 620 αὐτὸν

447 652 707 724 ἐξέστησε
745 655 1045 724 δυνάμενον
1104 655 1150 686 ⁸⁵
1195 656 1514 728 κατορθοῦν.
1560 658 1648 710 Ἐν
1685 658 1791 728 γάρ
1827 656 1904 727 τῷ
1941 658 2031 726 ὑφ’

449 744 607 815 ἡμῶν
638 745 1025 813 παραινεῖσθαι
1051 747 1150 799 ούκ
1198 747 1589 817 ὲσκληρύνετο,
1637 748 1805 818 ἡνίκα
1837 748 1896 801 δὲ
1934 749 2032 801 σὺν

447 831 527 901 τῷ
546 832 836 901 Καλλίστῳ
866 834 1154 903 ἐμόναζεν,
1187 836 1277 889 ὑπ’
1311 837 1479 890 αὑτοῦ
1507 838 1787 892 ἀκσείετο
1811 839 1950 910 πρὸς
1971 839 2032 892 τὸ

444 923 624 992 δόγμα
653 925 713 976 τὸ
743 925 1089 994 Κλεομένους
1125 927 1314 996 ῥέπειν
1353 929 1400 959 ⁵⁸
1431 927 1735 997 φάσκοντος
1768 928 1837 982 τὰ
1868 929 2031 997 ὅμοια

445 1017 688 1085 φρονεῖν.
740 1017 800 1071 'U
846 1017 902 1069 δὲ
946 1017 1070 1069 τότε
1111 1019 1209 1087 μὲν
1242 1018 1340 1088 τὴν
1373 1020 1707 1090 πανουργίαν
1735 1020 1898 1074 αὑτοῦ
1933 1021 2033 1073 οὐκ

446 1108 605 1171 ἐνόει,
653 1104 813 1172 αὖθις
844 1109 900 1162 δὲ
935 1110 1096 1177 ἔγνω,
1131 1112 1208 1170 ὡς
1247 1111 1586 1183 διηγήσομαι
1627 1113 1744 1184 μετ’
1777 1115 1838 1167 οὐ
1872 1113 2028 1169 πολύ.

446 1202 622 1255 Λύτὺν
668 1203 727 1254 δὲ
771 1203 863 1256 τὸν
908 1206 1206 1274 Ζεφυρῖνον
1262 1207 1519 1276 προάγων
1565 1208 1808 1279 δημοσίᾳ
1847 1207 2033 1261 ἔπειθε

442 1294 624 1363 λέγειν
649 1311 666 1328 ο
702 1294 847 1362 Ἐγὼ
896 1291 1014 1349 οἶδα
1052 1297 1148 1350 ἕνα
1193 1297 1325 1351 Θεὸν
1367 1300 1604 1365 Χριστὸν
1659 1300 1900 1370 Ἰησοῦν,
1938 1302 2032 1354 καὶ

443 1385 583 1455 πλὴν
622 1386 788 1439 αὑτοῦ
813 1387 891 1457 [p.
922 1388 1052 1451 285,
1075 1389 1205 1461 9.86]
1230 1389 1419 1459 ἕτερον
1458 1393 1652 1446 οὐδένα
1683 1393 1910 1464 γενητὸν
1936 1393 2032 1447 καὶ⁸

443 1477 722 1548 παθητόν
775 1478 908 1530 ποτὲ
948 1480 1005 1532 δὲ
1054 1480 1229 1547 λέγων
1254 1498 1267 1509 ·
1297 1482 1409 1551 Οὐχ
1451 1484 1479 1534 ὁ
1519 1484 1708 1556 Πατὴρ
1738 1484 2028 1551 ἀπέθανεν,

443 1567 581 1620 ἀλλὰ
603 1569 632 1620 ὁ
659 1568 785 1631 Υἱός
806 1585 818 1598 ο
847 1569 1022 1633 οὕτως
1058 1571 1338 1625 ἄπαυστον
1367 1573 1466 1644 τὴν
1497 1575 1687 1628 στάσιν
1722 1578 1780 1628 ὲν
1814 1575 1891 1646 τῷ
1917 1575 2032 1647 λαῷ

441 1659 803 1731 διετήρησεν·
843 1655 907 1714 οὗ
962 1663 1032 1715 τὰ
1075 1666 1324 1734 νοήματα
1347 1667 1568 1732 γνόντες
1614 1669 1777 1738 ἡμεῖς
1811 1669 1872 1721 οὐ
1911 1685 2033 1722 συν-

437 1751 778 1822 εχωροῦμεν,
813 1753 1126 1824 ἐλέγχοντες
1142 1757 1188 1788 ³⁷
1215 1757 1306 1810 καὶ
1342 1758 1858 1829 ἀντικαθιστάμενοι
1889 1761 2030 1832 ὑπὲρ

433 1844 539 1912 τῆς
573 1844 862 1915 ἀληθείας·
889 1847 949 1910 ὃς
975 1851 1055 1910 εἰς
1085 1849 1345 1902 ἀπόνοιαν
1374 1851 1569 1923 χωρῶν
1598 1852 1685 1906 διὰ
1713 1854 1774 1905 τὸ
1813 1853 2022 1916 πάντας

436 1937 605 1989 αὐτοῦ
645 1941 709 2008 τῇ
750 1939 1038 2010 ὑποκρίσει
1074 1941 1410 2015 συντρέχειν,
1430 1945 1583 2015 ἡμᾶς
1603 1945 1660 1998 δὲ
1692 1944 1778 2010 οὒ,
1809 1947 2022 2001 ἀπεκά-

439 2028 519 2081 λει
550 2031 700 2100 ἡμᾶς
730 2031 974 2097 διθέους,
1007 2032 1220 2102 ὲξεμῶν
1251 2035 1401 2106 παρά
1452 2036 1574 2107 βίαν
1605 2037 1652 2069 ⁸⁸
1680 2036 1773 2092 τὸν
1803 2038 2025 2110 ὲνδομυ·

435 2119 637 2189 χοῦντα
665 2122 710 2154 ⁸³
743 2121 892 2192 αύτῷ
926 2123 1020 2177 ἰόν.
1055 2123 1257 2177 Τούτου
1284 2125 1376 2178 τὸν
1409 2126 1523 2197 βίον
1551 2128 1697 2182 δοκεῖ
1720 2131 1853 2200 ἡμῖν
1884 2132 2023 2200 ἀγα-

433 2211 612 2282 πητὸν
647 2212 936 2279 ἐκθέσθαι,
982 2216 1105 2268 ἐπεὶ
1145 2216 1287 2269 κατά
1326 2218 1418 2271 τὸν
1454 2220 1617 2273 αὐτὸν
1653 2222 1842 2292 χρόνον
1891 2224 2024 2293 ἡμῖν

429 2305 699 2373 ἐγεγόνει,
745 2308 897 2370 ὅπως
943 2307 1034 2361 διὰ
1064 2308 1161 2360 τοῦ
1199 2312 1437 2380 φανῆναι
1475 2312 1570 2365 τοῦ
1627 2314 1868 2368 τοιούτου
1924 2316 2022 2386 τὴν

435 2396 788 2468 ἀναστροφὴν
846 2397 1250 2466 εύεπίγνωστος
1302 2401 1398 2454 καὶ
1459 2402 1601 2472 τάχα
1646 2404 1691 2435 ⁶⁰
1733 2407 1846 2468 τοῖς
1898 2405 2022 2459 νοῦν

435 2487 654 2560 ἔχουσιν
713 2492 915 2564 εὐήθης
953 2494 1244 2565 γένηταιὴ
1294 2495 1383 2550 διὰ
1426 2497 1620 2551 τούτου
1666 2499 2020 2573 ἐπικεχειρη-

433 2580 572 2651 μένη
605 2582 647 2612 ⁶¹
683 2581 920 2653 αἵρεσις.
956 2578 1126 2648 Οὗτος
1156 2586 1539 2659 ἐμαρτύρησεν
1566 2590 1658 2642 ἐπὶ
1685 2591 2020 2646 Φουσκιανοῦ

431 2672 678 2743 ἐπάρχου
707 2673 864 2738 ἥντος
903 2675 1123 2746 Ῥώμης
1143 2691 1158 2706 ’
1192 2677 1222 2728 ὁ
1241 2677 1298 2729 δὲ
1332 2681 1532 2750 τρόπος
1554 2682 1653 2751 τῆς
1684 2683 1853 2739 αὐτοῦ
1882 2702 2022 2756 μαρ-

432 2762 628 2832 τυρίας
649 2763 860 2816 τοιόσδε
885 2760 954 2835 ἦν
975 2781 989 2796 ·
1023 2767 1034 2834 ι

507 2854 591 2923 ιβ’.
625 2855 859 2925 Οἰκέτης
902 2858 1169 2928 ἐτύγχανε
1215 2862 1587 2935 ’Καρποφόρου
1638 2865 1784 2929 τινὸς
1827 2867 2020 2936 ἀνδρὸς

430 2947 626 3000 πιστοῦ
655 2947 811 3011 ὄντος
839 2951 902 3001 ἐκ
932 2950 1031 3019 τῆς
1067 2951 1341 3024 Καίσαρος
1364 2955 1568 3018 οἰκίας.
1603 2957 1789 3026 Τούτῳ
1816 2958 1846 3010 ὁ
1867 2959 2019 3027 Καρ-

430 3039 689 3108 ποφόρος,
725 3039 822 3092 ἆτε
859 3039 923 3111 δὴ
953 3039 1032 3104 ὡς
1061 3042 1257 3113 πιστῷ,
1292 3046 1482 3116 χρῆμα
1511 3047 1610 3099 οὐκ
1639 3047 1824 3114 ¹ὀλίγον
1885 3065 2020 3103 κατ-

438 3129 782 3196 επίστευσεν,
836 3133 1308 3203 ἐπαγγειλάμενος
1361 3136 1550 3206 κέρδος
1606 3139 1916 3209 προσοίσειν
1953 3141 2017 3194 ἐκ

2139 563 2466 618 sententiam
2494 563 2878 632 sequebantur,
2905 560 3279 623 consimiliter,
3298 572 3458 628 quem
3485 567 3534 610 et
3552 558 3722 626 ipsum

2135 657 2414 723 pervertit,
2449 671 2570 709 cum
2604 663 2783 725 posset
2821 655 2912 710 ille
2954 663 3134 708 rectus
3180 665 3322 706 esse.
3362 650 3495 703 Dum
3519 653 3662 703 enim
3693 663 3723 702 a

2135 747 2291 804 nobis
2330 747 2742 812 admonebatur,
2789 763 2893 802 non
2928 744 3343 805 obdurescebat,
3401 743 3488 795 ubi
3545 749 3724 795 autem

2134 854 2256 894 cum
2283 838 2504 894 Callisto
2538 839 2814 894 solitarius
2859 839 3074 907 agebat,
3106 838 3174 891 ab
3209 851 3272 889 eo
3305 834 3722 891 sollicitabatur.

2133 939 2194 984 ut
2239 932 2308 984 ad
2388 930 2697 986 Cleomenis
2762 909 3092 985 doctrinam.
3149 936 3416 996 vergeret,
3487 941 3610 980 cum
3681 924 3726 977 is

2135 1021 2386 1076 similiter
2434 1037 2494 1077 se
2535 1022 2740 1077 sentire
2788 1023 3009 1076 diceret.
3063 1019 3152 1074 ille
3200 1030 3380 1073 autem
3428 1026 3536 1070 tum
3599 1016 3725 1085 qui-

2135 1112 2256 1167 dem
2301 1114 2422 1184 ejus
2489 1113 2906 1170 fraudulentiam
2963 1129 3066 1168 non
3127 1112 3482 1180 intclligcbat,
3539 1117 3723 1176 postea

2131 1220 2263 1260 vero
2334 1207 2607 1276 cognovit,
2647 1209 2786 1260 sicut
2821 1204 2980 1273 paulo
3020 1211 3141 1272 post
3190 1201 3478 1257 enarrabo.
3542 1199 3718 1268 Ipsum

2133 1305 2313 1352 autem
2336 1296 2706 1367 .Zepliyrinum
2747 1297 3051 1367 provehcns
3100 1294 3429 1356 adducebat,
3455 1302 3512 1344 ut
3545 1290 3719 1360 palam

2134 1386 2328 1457 populo
2358 1388 2564 1442 diceret
2617 1406 2631 1441 :
2671 1389 2781 1459 Ego
2829 1389 2948 1442 novi
2996 1402 3160 1441 utmm
3217 1385 3384 1438 Deum
3443 1383 3720 1437 Christum

2129 1478 2336 1546 Jesum,
2358 1495 2457 1535 nec
2485 1490 2678 1550 prmter
2705 1496 2828 1535 eum
2854 1481 3016 1533 ullum
3049 1476 3410 1550 452-453
3444 1476 3608 1529 alium
3633 1489 3720 1543 ge-

2133 1581 2380 1628 neratum
2412 1582 2463 1628 et
2483 1574 2834 1644 passibilcm;
2865 1585 2974 1626 tum
3008 1587 3134 1626 vero
3160 1573 3384 1624 dicens:
3422 1567 3536 1622 Non
3563 1578 3721 1638 pater

2133 1675 2380 1720 mortuus
2413 1675 2517 1730 est,
2545 1665 2638 1720 sed
2676 1666 2816 1720 filius
2839 1685 2856 1718 :
2890 1665 2984 1718 tali
3015 1665 3172 1717 modo
3190 1671 3509 1732 perpetuam
3539 1660 3716 1713 rixam

2131 1755 2186 1810 in
2217 1756 2377 1826 plebe
2423 1756 2702 1811 sustinuit.
2735 1755 2900 1823 Cujus
2935 1753 3162 1809 consilia
3197 1768 3318 1806 cum
3361 1749 3718 1820 cognovisse-

2056 1844 2096 1900 B
2125 1861 2266 1910 mus,
2313 1861 2411 1901 uos
2455 1862 2560 1902 nou
2609 1846 3036 1902 concedebamus
3067 1853 3423 1912 coarguentes
3467 1850 3522 1895 et
3578 1840 3715 1894 resi—

2128 1947 2331 1994 stentes
2382 1954 2480 2010 pro
2525 1939 2792 1996 veritate:
2832 1940 2923 2009 qui
2974 1937 3184 1993 delatus
3247 1939 3313 1989 ad
3366 1937 3714 1997 dementiam,

2126 2040 2412 2100 propterea
2471 2030 2616 2100 quod
2670 2045 2860 2085 omnes
2905 2028 3024 2094 ejus
3070 2027 3403 2081 simulationi
3445 2024 3714 2079 assentie-

2126 2121 2277 2185 bant,
2318 2137 2415 2176 nos
2451 2131 2630 2176 autem
2675 2136 2804 2186 non,
2840 2121 3054 2175 ditlieos
3084 2133 3184 2172 nos
3223 2119 3469 2182 vocabat,
3525 2121 3717 2183 sponte

2088 2230 2091 2234 '
2125 2227 2382 2270 evomens
2423 2215 2593 2279 virus,
2627 2214 2768 2283 quod
2795 2215 2846 2267 in
2877 2212 3084 2267 intimis
3108 2211 3225 2282 ejus
3253 2210 3553 2264 visceribus
3581 2207 3713 2259 late-

2127 2304 2238 2357 bat.
2301 2302 2538 2372 Hujusce
2581 2304 2744 2358 vitam
2802 2303 2979 2371 placet
3037 2301 3194 2355 nobis
3247 2313 3540 2369 exponere,
3585 2297 3712 2367 quia

2123 2396 2309 2450 eadem
2341 2405 2499 2450 aetate
2531 2411 2632 2464 qua
2676 2411 2776 2452 nos
2815 2396 3044 2460 exstitit,
3081 2404 3136 2447 ut
3165 2393 3410 2448 moribus
3446 2391 3566 2444 talis
3611 2390 3710 2443 viri

2125 2486 2408 2556 patefactis
2432 2487 2590 2543 facile
2607 2489 2968 2558 perspiciatur
2994 2497 3046 2541 et
3075 2486 3184 2554 jam
3214 2487 3282 2539 ab
3307 2485 3392 2548 iis,
3416 2485 3505 2553 qui
3533 2491 3714 2536 mente

2125 2575 2331 2644 praaditi
2385 2587 2532 2643 sunt,
2587 2578 2952 2647 vilipendatur
3007 2575 3230 2633 haeresis
3277 2591 3374 2645 per
3423 2590 3546 2629 cum
3591 2588 3710 2626 sus-

2123 2675 2300 2736 cepta.
2332 2667 2432 2722 Hic
2453 2669 2773 2739 martyrium
2804 2669 2934 2724 fecit
2969 2669 3238 2723 Fuscian-o
3267 2666 3528 2737 przefecto
3561 2664 3710 2718 urbis

2126 2759 2333 2815 Romae.
2369 2757 2557 2814 Modus
2589 2769 2770 2815 autem
2798 2759 2914 2830 ejus
2947 2760 3194 2831 martyrii
3235 2755 3707 2826 fuitliujusmodit

2195 2851 2284 2905 l2.
2320 2850 2524 2907 Servus
2553 2863 2670 2908 erat
2698 2853 3030 2924 CarpOpltori
3064 2853 3342 2922 cujusdam
3377 2852 3476 2905 viri
3535 2849 3707 2904 ﬁdelis

2122 2959 2153 2999 e
2197 2944 2396 2997 familia
2437 2944 2682 3000 Caesaris.
2751 2944 3134 3015 Carpophorus
3172 2943 3248 3008 ei,
3304 2942 3504 3011 quippe
3539 2938 3704 3003 lideli,

2122 3036 2354 3104 pretium
2406 3051 2512 3091 non
2557 3051 2780 3105 parvum
2825 3034 3182 3100 concredidit,
3246 3031 3516 3100 iussitque
3578 3045 3702 3086 eum

2123 3128 2341 3183 sibimet
2371 3127 2578 3184 lucrum
2619 3143 2811 3198 parare
2841 3143 2907 3182 ex
2939 3127 3245 3198 argenta-ria
3291 3142 3306 3179 :
3358 3125 3450 3194 qui
3477 3133 3704 3194 accepto

433 3221 824 3291 πραγματείας
859 3223 1274 3293 τραπεζιτικῆς’
1307 3226 1366 3290 ὃς
1389 3205 1569 3281 λαϐὼν
1592 3205 1876 3299 τράπεζαν
1917 3231 2015 3283 έπ-

2121 3222 2291 3293 pretio
2317 3224 2680 3293 argentariam
2711 3223 2946 3278 instituit
2979 3225 3031 3277 in
3061 3223 3290 3292 piscina,
3321 3235 3441 3290 qua:
3477 3226 3704 3274 vocatur

429 3311 714 3383 αχείρησεν
743 3316 799 3367 ἐν
823 3317 888 3384 τῇ
919 3315 1184 3386 λεγομένῃ
1213 3322 1434 3392 πισκινῇ
1465 3321 1741 3394 πουπλικῇ
1755 3324 1819 3388 ⁸³,
1843 3316 1886 3391 ᾧ
1915 3324 2015 3377 οὐκ

425 3403 607 3472 ὀλίγαι
637 3404 954 3475 παραθῆκαι
983 3405 1062 3477 τῷ
1107 3408 1286 3479 χρόνῳ
1328 3411 1728 3484 ἐπιστεύθησαν
1769 3414 1873 3467 ὑπὸ
1911 3433 2008 3486 χη-

429 3494 538 3564 ρῶν
581 3495 678 3547 καὶ
707 3494 952 3563 ἀδελφῶν
983 3498 1335 3568 προσχήματι
1384 3500 1478 3554 τοῦ
1518 3502 1906 3574 Καρποφόρου.
1955 3505 2014 3557 ’0

424 3583 482 3636 δὲ
515 3584 842 3650 ἐξαφανίσας
867 3586 912 3618 ⁸⁸
938 3587 1008 3638 τὰ
1052 3587 1230 3641 πάντα
1272 3590 1488 3661 ἠπόρει.
1535 3585 1612 3645 Οὗ
1649 3595 1822 3646 ταῦτα
1870 3593 2013 3665 πρά-

427 3673 637 3739 ξαντος,
663 3675 762 3728 οῦκ
781 3675 966 3728 ἔλιπεν
987 3677 1032 3707 ⁸⁸
1060 3677 1118 3740 ὃς
1139 3678 1448 3752 ἀπαγγείλῃ
1466 3683 1513 3714 ⁸⁵
1535 3683 1615 3752 τῷ
1638 3685 2011 3757 Καρποφόρῳ·

425 3769 456 3820 ὁ
473 3766 532 3818 δὲ
559 3766 664 3836 ἔφη
699 3767 949 3819 ἀπαιτεῖν
971 3767 1162 3835 λόγους
1187 3772 1319 3839 παρ’
1347 3771 1536 3829 αὐτοῦ.
1565 3774 1754 3827 Ταῦτα
1785 3777 2012 3829 συνιδὼν

423 3855 455 3906 δ
502 3855 804 3919 Κάλλιστος
851 3857 1069 3909 καὶτὸν
1112 3858 1265 3928 παρά
1311 3858 1405 3911 τοῦ
1448 3859 1712 3914 δεσπότου
1765 3863 2011 3917 κίνδυνον

426 3946 813 4017 ὑφορώμενος,
865 3946 1077 4016 ἀπέδρα
1133 3946 1232 4016 τὴν
1291 3947 1470 4019 φυγὴν
1524 3949 1670 4002 κατά
1734 3949 2011 4007 θάλασσαν

425 4035 768 4107 ποιούμενος·
804 4037 865 4098 ὃς
916 4036 1093 4108 εὑρὼν
1120 4036 1307 4090 πλοῖον
1347 4038 1406 4091 ὲν
1436 4038 1514 4110 τῷ
1565 4040 1759 4112 Πόρτῳ
1792 4042 2010 4113 ἕτοιμον

427 4129 562 4198 πρὸς
611 4129 924 4198 ἀναγωγὴν,
971 4131 1106 4183 ὅπου
1142 4131 1187 4162 ⁸⁸
1235 4129 1502 4202 ἐτύγχανε
1544 4133 1704 4188 πλέον
1729 4135 1795 4200 ⁸⁷,
1839 4135 2006 4208 ἀνέϐη

425 4218 816 4288 πλευσόμενος.
862 4221 1000 4273 Ἀλλ’
1032 4221 1152 4274 οὐδὲ
1181 4220 1354 4285 οὕτως
1383 4223 1567 4278 λαθεῖν
1595 4225 1878 4296 δεδύνηται
1899 4245 1914 4258 ο
1945 4227 2007 4282 ού

425 4309 534 4380 γὰρ
563 4310 747 4363 ἔλιπεν
778 4311 837 4374 ὃς
869 4312 1179 4386 ἀπαγγείλῃ
1209 4313 1285 4384 τῷ
1335 4315 1690 4387 Καρποφόρῳ
1741 4317 1802 4370 τὸ
1847 4335 2010 4388 γεγε-

424 4401 680 4471 νημένον.
728 4403 785 4454 Ὀ
825 4403 880 4455 δὲ
928 4405 1158 4469 ἐπιστὰς
1197 4405 1340 4460 κατά
1383 4406 1476 4459 τὸν
1518 4407 1714 4479 λιμένα
1747 4411 2009 4481 ἐπειρᾶτο

2116 3313 2352 3385 publica,
2379 3315 2466 3370 cui
2510 3314 2777 3386 temporis
2803 3329 3092 3384 progressu
3124 3327 3231 3367 non
3253 3325 3420 3382 parva
3459 3307 3701 3381 deposita

2117 3421 2145 3459 a
2175 3407 2352 3462 viduis
2389 3416 2446 3462 et
2476 3406 2738 3462 fratribus
2781 3406 3089 3461 concredita
3130 3413 3256 3460 sunt
3279 3414 3541 3474 praetextu
3563 3402 3700 3457 Car-

2116 3499 2366 3570 pophori.
2404 3498 2455 3553 ls
2491 3509 2668 3554 autem
2695 3499 2946 3554 omnibus
2989 3497 3322 3568 consumptis
3352 3497 3405 3550 in
3436 3497 3700 3566 angustiis

2115 3600 2254 3645 erat.
2287 3589 2387 3656 Qui
2431 3605 2553 3646 cum
2588 3604 2652 3644 ea
2705 3589 2942 3653 fecisset,
2977 3604 3084 3642 nou
3119 3587 3310 3653 defuit,
3343 3586 3433 3656 qui
3489 3587 3696 3656 Carpo-

2115 3682 2290 3751 phoro
2319 3681 2688 3748 renuntiaret;
2721 3680 2810 3736 hic
2853 3690 3033 3735 autem
3064 3679 3201 3734 dixit
3231 3693 3289 3734 se
3312 3678 3574 3732 rationem
3608 3691 3698 3730 re-

2112 3787 2336 3842 poscere
2367 3773 2436 3827 ab
2464 3788 2550 3829 eo.
2577 3773 2778 3828 Harum
2837 3788 3018 3828 rerum
3065 3772 3314 3826 conscius
3354 3769 3610 3825 Callistus
3642 3776 3698 3822 et

2113 3863 2412 3932 periculum
2446 3878 2473 3916 a
2511 3864 2733 3917 domino
2777 3863 2989 3918 instans
3021 3863 3346 3931 suspicatus,
3386 3875 3446 3915 se
3476 3859 3700 3914 abstulit

2113 3955 2293 4024 fugam
2321 3954 2388 4009 ad
2418 3969 2568 4008 mare
2592 3969 2782 4009 versus
2822 3954 3029 4009 faciens
3076 3974 3089 4010 :
3135 3954 3229 4023 qui
3261 3969 3381 4008 cum
3421 3967 3612 4007 navem
3641 3951 3696 4004 in

2110 4054 2269 4118 portu
2302 4047 2596 4102 invenisset
2634 4045 2699 4099 ad
2730 4046 3035 4101 exeundum
3061 4046 3392 4114 expeditam,
3421 4045 3697 4113 profectu-

2112 4155 2228 4204 rus,
2261 4154 2370 4209 quo
2402 4137 2490 4192 illa
2521 4146 2640 4192 erat
2667 4138 2994 4207 profectura,
3051 4135 3321 4190 ascendit.
3357 4133 3462 4188 Sed
3504 4148 3572 4187 ne
3613 4133 3697 4186 sic

2111 4231 2328 4300 quidem
2361 4231 2530 4285 latere
2575 4229 2748 4297 potuit
2778 4245 2794 4295 ;
2833 4244 2938 4282 non
2975 4227 3117 4282 enim
3151 4225 3344 4290 defuit,
3369 4223 3458 4294 qui
3489 4239 3698 4278 renun-

2112 4323 2272 4377 tiaret
2297 4323 2647 4392 CarpOphoro
2675 4336 2796 4392 qua:
2826 4321 2962 4376 facta
2994 4327 3175 4374 erant.
3208 4317 3258 4371 ls
3288 4325 3467 4371 autem
3508 4325 3693 4370 astans

2111 4415 2180 4471 ad
2212 4425 2428 4487 portum
2460 4417 2760 4471 conabatur
2802 4416 2854 4470 in
2907 4429 3096 4469 navem
3133 4411 3262 4468 ferri
3305 4411 3551 4466 nuntium
3603 4425 3692 4466 δε·-

421 4493 516 4547 ὲπὶ
565 4493 626 4547 τὸ
672 4494 854 4597 πλοῖον
895 4497 1073 4568 ὁρμᾷν
1123 4500 1265 4552 κατὰ
1307 4498 1418 4572 [τὰ]
1457 4500 1502 4532 ⁸⁸
1546 4503 1908 4572 μεμηνυμένα
1933 4504 1999 4536 es.

2121 4519 2285 4574 :utus,
2312 4522 2374 4563 ea
2399 4518 2576 4562 autem
2605 4507 2870 4562 collocata
2906 4514 3024 4561 erat
3057 4508 3108 4561 in
3135 4507 3313 4561 medio
3346 4512 3525 4575 portu.
3555 4501 3688 4557 Por-

421 4584 583 4641 τοῦτο
605 4586 663 4640 δὲ
694 4579 761 4657 ἦν
799 4587 954 4650 ἑστὸς
986 4591 1043 4641 ἐν
1077 4590 1230 4661 μέσῳ
1258 4591 1335 4662 τῷ
1365 4593 1565 4664 λιμένι.
1600 4593 1707 4647 Τοῦ
1737 4595 1796 4648 δὲ
1826 4595 1999 4667 πορθ-ο

2108 4599 2269 4656 titore
2321 4609 2500 4654 autem
2561 4608 2808 4654 morante
2858 4598 3134 4662 Callistus,
3167 4596 3258 4667 qui
3311 4611 3342 4652 e
3392 4595 3686 4666 longinquo

1719 4774 1948 4830 VARUE
1998 4773 2403 4832 LECTIONES.

529 4923 742 4999 "_xa'r’
799 4922 959 4999 ἰδίαν.
1018 4923 1343 4999 ξιαθλὴδίαν
1395 4923 1457 4999 (ξ,
1504 4925 1578 4999 Μ,
1642 4927 1733 4996 qui
1801 4930 1946 4999 conj.

421 4995 702 5068 φρονοῦσι-
729 4994 858 5068 ποτὲ
899 4995 1047 5068 ﬁxas“
1095 4993 1249 5068 ἰδίαν-
1287 4998 1356 5068 τά
1414 4995 1546 5068 Σαὸ.
1573 5037 1587 5059 ,
1642 4993 1771 5068 πατ’
1827 4993 1971 5053 ἰδέαν
2010 4993 2496 5055 wordsworthiits.
2573 4993 2818 5068 δέ’λέγων

2022 4928 2198 5002 λέγων
2251 4927 2322 4984 τὰ
2381 4928 2539 5002 ὅμοια
2578 4933 2812 5002 ,φρονεῖν
2883 4931 3070 5000 ἠπάτα
3091 4947 3138 5002 ’ᾗ
3167 4929 3330 4983 πάλιν
3388 4928 3443 4982 δὲ
3496 4930 3682 4997 αὐτοῖς

2876 5003 3063 5070 ἠπάτα
3110 5000 3418 5054 Buuseuius
3445 5041 3458 5065 ,
3490 5002 3678 5070 ἠπάτα

418 5061 492 5142 C,_
518 5065 588 5119 Μ.
665 5065 712 5096 ⁸⁸
737 5061 801 5117 αὖ
818 5067 971 5142 τοῖς.-
991 5063 1174 5142 αὐτ-οῖς
1446 5066 1492 5097 ⁵⁸
1526 5066 1844 5142 δυνάμενον.
1873 5070 2173 5142 δυνάμενος
2201 5087 2356 5142 susp.
2388 5072 2454 5133 M,
2494 5061 2817 5126 Bunsenius.
2893 5061 2938 5106 ³⁵⁸
2972 5074 3185 5142 ραπεῖν.
3217 5070 3406 5142 ῥέπειν
3427 5061 3525 5142 vel'
3545 5088 3679 5142 τρα-

420 5139 590 5205 πῆναι
634 5151 784 5204 susp.
818 5131 868 5188 Id
898 5177 912 5198 ,
946 5136 1154 5203 ροπεῖν.
1193 5134 1298 5187 nisi
1327 5135 1499 5204 ipsum
1533 5131 1732 5258 ραπεῖν
1784 5147 1871 5194 est
1902 5131 2091 5194 aori'st.
2118 5131 2173 5193 ἓ.
2201 5131 2500 5209 Βοιῖνοινιιε.

420 5208 465 5238 ⁵³
501 5201 916 5258 ἐνδομοινιῦντα
946 5203 1006 5258 C.
1086 5206 1130 5234 ⁶⁰
1159 5203 1302 5258 τάγα
1334 5235 1406 5245 --
1427 5205 1525 5258 εύη
1565 5207 1631 5258 ita
1658 5209 1961 5258 Bunsenius
1990 5210 2485 5258 Wurtiswnrthium

784 5201 916 5281 βγτα
946 5201 1006 5258 C-
1086 5206 1130 5234 ⁶⁰
1159 5203 1302 5281 τᾲχα
1427 5201 1631 5281 εὐῃθὴς
1658 5209 1961 5264 Bunsenius
1990 5201 2485 5264 Wordswnrtliiuut
2516 5221 2733 5266 secutus
2755 5252 2771 5276 ,
2797 5201 2990 5281 ταχεῖα
3012 5201 3086 5250 :—
3113 5207 3275 5281 εύθὴς
3301 5211 3361 5273 (Σ,
3385 5201 3575 5280 ταχεῖα
3615 5241 3674 5252 -

419 5208 465 5238 ⁵³
489 5203 916 5274 ήὲνδομοιχιῦντα
946 5203 1006 5258 C.
1086 5206 1130 5234 ⁶⁰
1159 5203 1302 5272 τάχα
1334 5203 1406 5245 τέ-
1427 5205 1526 5273 εὐη

2613 5142 2658 5173 ⁵⁷
2690 5127 3032 5211 ὲλλέγχοντες
3057 5142 3119 5195 C.
3217 5127 3273 5211 ί⁸⁸
3306 5127 3590 5209 παραδίαν’
3611 5145 3672 5196 C.

417 5277 582 5354 εύθίις
604 5275 673 5328 Μ.
751 5277 794 5306 ⁶¹
819 5275 1306 5354 ὲπξξξχειρῃμέχαξ
1342 5275 1402 5328 C.
1483 5276 2094 5354 ⁸ξςξτιςιπεινῇΔιιτουτιλιιιῇ.
2130 5281 2358 5354 πισκίνῃ
2389 5275 3066 5354 murti.susp_.ASauppius
3095 5281 3179 5335 Cf.
3213 5275 3404 5332 Festus
3431 5275 3669 5354 v_._cd.

422 5345 854 5420 bindeuiannlp.
877 5345 1012 5420 _l98_3
1064 5346 1150 5420 ed.
1180 5344 1385 5420 biﬁllcr.
1425 5360 1477 5420 p.
1513 5344 1874 5420 _2-l5._Piscitia
1904 5344 2117 5420 publica
2141 5361 2258 5404 erat
2291 5344 2439 5420 ré’gio
2499 5352 2646 5405 urbis
2693 5344 2788 5405 ΧΠ
2821 5344 2962 5406 inter
2991 5353 3318 5404 Aventinum
3351 5358 3404 5402 et
3440 5350 3670 5404 leium

417 5418 545 5489 sita.
597 5413 680 5489 Cf.
861 5413 938 5489 A_._
968 5413 1352 5489 Beckerjion}.
1400 5417 1692 5489 Antiqqu,
1724 5435 1778 5489 p.
1816 5413 1921 5475 5‘20
1959 5429 2013 5474 ct
2043 5423 2166 5476 715.

2243 5421 2288 5453 ⁸³
2329 5417 2680 5491 ὲξαφανήσας
2721 5425 2784 5475 U.
2862 5423 2907 5453 ’δ
2953 5422 3159 5474 ἔλιπεν.
3207 5420 3421 5473 ἔλειπεν
3461 5423 3540 5478 (2,
3575 5423 3670 5475 scd

414 5487 601 5561 ἔλιπεν
629 5485 713 5561 bis
745 5483 882 5561 inf_r_a
902 5484 1000 5561 lin.
1033 5485 1065 5538 9
1088 5495 1148 5561 et
1180 5486 1274 5561 57,
1303 5484 1372 5546 Μ,
1408 5503 1510 5561 nou
1541 5483 1739 5561 defuit;
1771 5489 2006 5561 ﬂagrans
2039 5483 2410 5553 Latinismus',
2440 5483 2530 5561 qui
2561 5483 2906 5547 liisrecurrit
2937 5493 2990 5546 in
3020 5493 3261 5561 proxime
3292 5491 3669 5559 sequentibus.

413 5556 737 5630 Bunsenius.
815 5555 859 5585 ⁸⁵
890 5554 1221 5630 ἀπαγγείλῃ.
1252 5554 1626 5630 ἀπαγγείλειε,
1658 5554 1895 5630 itemque
1921 5563 2017 5616 lin.
2057 5563 2124 5627 9;
2160 5564 2250 5614 sed
2274 5561 2378 5617 cfr.
2408 5554 2507 5616 lin.
2534 5561 2605 5614 20
2634 5573 2691 5616 et
2719 5563 2845 5617 fort.
2871 5563 2998 5615 huic
3019 5554 3105 5614 vel
3131 5554 3386 5627 scriptori
3420 5564 3500 5613 vel
3523 5564 3668 5614 :etati

413 5626 833 5702 condonaudum
867 5624 1068 5702 aliquid
1098 5624 1370 5702 inmodis
1406 5631 1731 5702 usurpandis
1765 5624 1828 5686 ac
1855 5624 2230 5700 permutandis
2264 5633 2516 5687 licentia.
2557 5633 2859 5702 Roeperus.

2966 5633 3011 5664 “
3040 5633 3195 5684 ὅπου.
3234 5631 3356 5682 ὅποι
3391 5631 3673 5698 Roeperus

412 5696 471 5772 "_
487 5695 648 5748 πλέον
675 5693 975 5772 Roeperus,
1013 5694 1189 5772 πλέῳν
1212 5694 1273 5760 C,
1307 5695 1378 5758 Μ,
1414 5693 1737 5772 Bunsenius.
1819 5693 2031 5758 “stati
2054 5702 2142 5756 τά.
2167 5703 2308 5756 κατὰ
2339 5701 2403 5770 C,
2438 5703 2507 5767 Μ,
2547 5693 2873 5761 Bunscnius.
2953 5703 2996 5735 °°
3030 5700 3408 5772 μεμηνυμένα.
3445 5693 3675 5772 Syllaba:
3724 5733 3728 5738 -

413 5765 521 5837 μὴν
556 5778 731 5819 exesae
762 5763 944 5818 tenuia
973 5765 1196 5834 vestigia
1235 5777 1528 5833 supersunt.
1557 5766 1627 5823 Μ.

725 5858 995 5923 ΡΑτιιοι..
1041 5861 1157 5922 Gn.
1208 5861 1364 5925 XVI.

3295 5864 3398 5930 107
