  <div class='ocr_page' id='page_1' title='image "/cluster/home/n/w/nwhite01/storage/ocr_20150623/16:no.6:pt.3/coo.31924054872969/525.png"; bbox 0 0 4114 6452; ppageno 0'>
   <div class='ocr_carea' id='block_1_1' title="bbox 469 336 602 403">
    <p class='ocr_par' dir='ltr' id='par_1_1' title="bbox 469 336 602 403">
     <span class='ocr_line' id='line_1_1' title="bbox 469 336 602 403; baseline -0.015 0"><span class='ocrx_word' id='word_1_1' title='bbox 469 336 602 403; x_wconf 81' lang='lat'><strong>3381</strong></span> 
     </span>
    </p>
   </div>
   <div class='ocr_carea' id='block_1_2' title="bbox 1921 323 2292 386">
    <p class='ocr_par' dir='ltr' id='par_1_2' title="bbox 1921 323 2292 386">
     <span class='ocr_line' id='line_1_2' title="bbox 1921 323 2292 386; baseline -0.005 -2"><span class='ocrx_word' id='word_1_2' title='bbox 1921 323 2214 386; x_wconf 80' lang='lat' dir='ltr'><strong>ORIGEN</strong></span> <span class='ocrx_word' id='word_1_3' title='bbox 2223 324 2292 382; x_wconf 87' lang='lat' dir='ltr'><strong>IS</strong></span> 
     </span>
    </p>
   </div>
   <div class='ocr_carea' id='block_1_3' title="bbox 3629 321 3776 386">
    <p class='ocr_par' dir='ltr' id='par_1_3' title="bbox 3629 321 3776 386">
     <span class='ocr_line' id='line_1_3' title="bbox 3629 321 3776 386; baseline 0 0"><span class='ocrx_word' id='word_1_4' title='bbox 3629 321 3776 386; x_wconf 70' lang='lat'><strong>3382</strong></span> 
     </span>
    </p>
   </div>
   <div class='ocr_carea' id='block_1_4' title="bbox 471 432 2081 515">
    <p class='ocr_par' dir='ltr' id='par_1_4' title="bbox 471 437 2062 515">
     <span class='ocr_line' id='line_1_4' title="bbox 471 437 2062 515; baseline -0.009 -12"><span class='ocrx_word' id='word_1_5' title='bbox 471 442 756 515; x_wconf 74' lang='lat' dir='ltr'><strong>conspexit</strong></span> <span class='ocrx_word' id='word_1_6' title='bbox 793 443 1005 505; x_wconf 85' lang='lat' dir='ltr'><strong>herum,</strong></span> <span class='ocrx_word' id='word_1_7' title='bbox 1033 451 1156 494; x_wconf 88' lang='lat' dir='ltr'><strong>cum</strong></span> <span class='ocrx_word' id='word_1_8' title='bbox 1200 447 1340 494; x_wconf 78' lang='lat' dir='ltr'><strong>esset</strong></span> <span class='ocrx_word' id='word_1_9' title='bbox 1396 439 1449 492; x_wconf 90' lang='lat' dir='ltr'><strong>iu</strong></span> <span class='ocrx_word' id='word_1_10' title='bbox 1496 437 1617 492; x_wconf 69' lang='lat' dir='ltr'><strong>navi</strong></span> <span class='ocrx_word' id='word_1_11' title='bbox 1661 447 1821 505; x_wconf 82' lang='lat' dir='ltr'><strong>atque</strong></span> <span class='ocrx_word' id='word_1_12' title='bbox 1857 450 2062 505; x_wconf 85' lang='lat' dir='ltr'><strong>cogno-</strong></span> 
     </span>
    </p>
   </div>
   <div class='ocr_carea' id='block_1_5' title="bbox 2183 432 3774 515">
    <p class='ocr_par' dir='ltr' id='par_1_5' title="bbox 2183 432 3774 507">
     <span class='ocr_line' id='line_1_5' title="bbox 2183 432 3774 507; baseline -0.001 -19"><span class='ocrx_word' id='word_1_13' title='bbox 2183 436 2315 498; x_wconf 70' lang='grc' dir='ltr'>ιέως</span> <span class='ocrx_word' id='word_1_14' title='bbox 2341 433 2720 505; x_wconf 77' lang='grc' dir='ltr'><strong>βραδύνοντος,</strong></span> <span class='ocrx_word' id='word_1_15' title='bbox 2749 434 2872 489; x_wconf 77' lang='grc' dir='ltr'>ἰδὼν</span> <span class='ocrx_word' id='word_1_16' title='bbox 2908 435 3192 507; x_wconf 75' lang='grc' dir='ltr'>πόρρωθεν</span> <span class='ocrx_word' id='word_1_17' title='bbox 3213 436 3260 466; x_wconf 76' lang='grc'><strong>⁷⁸</strong></span> <span class='ocrx_word' id='word_1_18' title='bbox 3285 437 3312 488; x_wconf 90' lang='grc' dir='ltr'><strong>ό</strong></span> <span class='ocrx_word' id='word_1_19' title='bbox 3346 432 3652 496; x_wconf 76' lang='grc' dir='ltr'><strong>Κάλλιστος</strong></span> <span class='ocrx_word' id='word_1_20' title='bbox 3679 433 3774 487; x_wconf 72' lang='grc' dir='ltr'>τὸν</span> 
     </span>
    </p>
   </div>
   <div class='ocr_carea' id='block_1_6' title="bbox 471 529 2061 602">
    <p class='ocr_par' dir='ltr' id='par_1_6' title="bbox 471 529 2061 602">
     <span class='ocr_line' id='line_1_6' title="bbox 471 529 2061 602; baseline -0.008 -10"><span class='ocrx_word' id='word_1_21' title='bbox 471 539 642 593; x_wconf 82' lang='lat' dir='ltr'><strong>visset</strong></span> <span class='ocrx_word' id='word_1_22' title='bbox 675 551 733 592; x_wconf 89' lang='lat' dir='ltr'><strong>se</strong></span> <span class='ocrx_word' id='word_1_23' title='bbox 757 549 877 590; x_wconf 86' lang='lat' dir='ltr'><strong>esse</strong></span> <span class='ocrx_word' id='word_1_24' title='bbox 907 543 1146 602; x_wconf 88' lang='lat' dir='ltr'><strong>captum,</strong></span> <span class='ocrx_word' id='word_1_25' title='bbox 1172 530 1335 584; x_wconf 85' lang='lat' dir='ltr'><strong>vitam</strong></span> <span class='ocrx_word' id='word_1_26' title='bbox 1369 530 1568 600; x_wconf 71' lang='lat' dir='ltr'><strong>abiecit</strong></span> <span class='ocrx_word' id='word_1_27' title='bbox 1596 541 1650 584; x_wconf 89' lang='lat' dir='ltr'><strong>et</strong></span> <span class='ocrx_word' id='word_1_28' title='bbox 1672 529 1787 584; x_wconf 73' lang='grc' dir='ltr'>Ιιαιο</span> <span class='ocrx_word' id='word_1_29' title='bbox 1817 537 2061 583; x_wconf 78' lang='lat' dir='ltr'><strong>extrema</strong></span> 
     </span>
    </p>
   </div>
   <div class='ocr_carea' id='block_1_7' title="bbox 470 617 2065 698">
    <p class='ocr_par' dir='ltr' id='par_1_7' title="bbox 470 617 2065 698">
     <span class='ocr_line' id='line_1_7' title="bbox 470 617 2065 698; baseline -0.009 -14"><span class='ocrx_word' id='word_1_30' title='bbox 470 644 592 684; x_wconf 87' lang='lat' dir='ltr'><strong>esse</strong></span> <span class='ocrx_word' id='word_1_31' title='bbox 642 637 834 698; x_wconf 89' lang='lat' dir='ltr'><strong>putans</strong></span> <span class='ocrx_word' id='word_1_32' title='bbox 886 639 945 680; x_wconf 85' lang='lat' dir='ltr'><strong>se</strong></span> <span class='ocrx_word' id='word_1_33' title='bbox 995 626 1047 677; x_wconf 91' lang='lat' dir='ltr'><strong>in</strong></span> <span class='ocrx_word' id='word_1_34' title='bbox 1100 639 1250 678; x_wconf 77' lang='lat' dir='ltr'><strong>mare</strong></span> <span class='ocrx_word' id='word_1_35' title='bbox 1295 623 1673 692; x_wconf 71' lang='lat' dir='ltr'><strong>pl&#39;ascipitavil.</strong></span> <span class='ocrx_word' id='word_1_36' title='bbox 1707 617 2065 692; x_wconf 60' lang='lat'><strong>454-455</strong></span> 
     </span>
    </p>
   </div>
   <div class='ocr_carea' id='block_1_8' title="bbox 472 711 2039 784">
    <p class='ocr_par' dir='ltr' id='par_1_8' title="bbox 472 711 2039 784">
     <span class='ocr_line' id='line_1_8' title="bbox 472 711 2039 784; baseline -0.008 -9"><span class='ocrx_word' id='word_1_37' title='bbox 472 721 657 774; x_wconf 70' lang='lat' dir='ltr'><strong>Nautze</strong></span> <span class='ocrx_word' id='word_1_38' title='bbox 695 729 875 772; x_wconf 88' lang='lat' dir='ltr'><strong>autem</strong></span> <span class='ocrx_word' id='word_1_39' title='bbox 928 724 1215 784; x_wconf 78' lang='lat' dir='ltr'><strong>postquam</strong></span> <span class='ocrx_word' id='word_1_40' title='bbox 1249 715 1302 768; x_wconf 94' lang='lat' dir='ltr'><strong>in</strong></span> <span class='ocrx_word' id='word_1_41' title='bbox 1335 715 1567 782; x_wconf 80' lang='lat' dir='ltr'><strong>scaphas</strong></span> <span class='ocrx_word' id='word_1_42' title='bbox 1596 713 1952 772; x_wconf 87' lang='lat' dir='ltr'><strong>desiluerunt.</strong></span> <span class='ocrx_word' id='word_1_43' title='bbox 1985 711 2039 763; x_wconf 86' lang='lat' dir='ltr'><strong>in</strong></span> 
     </span>
    </p>
   </div>
   <div class='ocr_carea' id='block_1_9' title="bbox 473 803 2064 878">
    <p class='ocr_par' dir='ltr' id='par_1_9' title="bbox 473 803 2064 878">
     <span class='ocr_line' id='line_1_9' title="bbox 473 803 2064 878; baseline -0.009 -12"><span class='ocrx_word' id='word_1_44' title='bbox 473 816 641 869; x_wconf 75' lang='lat' dir='ltr'><strong>vitum</strong></span> <span class='ocrx_word' id='word_1_45' title='bbox 678 826 803 865; x_wconf 90' lang='lat' dir='ltr'><strong>eum</strong></span> <span class='ocrx_word' id='word_1_46' title='bbox 836 809 1172 878; x_wconf 88' lang='lat' dir='ltr'><strong>eripuerunt,</strong></span> <span class='ocrx_word' id='word_1_47' title='bbox 1205 804 1334 860; x_wconf 91' lang='lat' dir='ltr'><strong>dum</strong></span> <span class='ocrx_word' id='word_1_48' title='bbox 1369 804 1426 870; x_wconf 89' lang='lat' dir='ltr'><strong>ii,</strong></span> <span class='ocrx_word' id='word_1_49' title='bbox 1455 804 1545 873; x_wconf 90' lang='lat' dir='ltr'><strong>qui</strong></span> <span class='ocrx_word' id='word_1_50' title='bbox 1597 803 1648 858; x_wconf 92' lang='lat' dir='ltr'><strong>in</strong></span> <span class='ocrx_word' id='word_1_51' title='bbox 1701 810 1842 855; x_wconf 85' lang='lat' dir='ltr'><strong>terra</strong></span> <span class='ocrx_word' id='word_1_52' title='bbox 1886 809 2064 862; x_wconf 88' lang='lat' dir='ltr'><strong>erant,</strong></span> 
     </span>
    </p>
   </div>
   <div class='ocr_carea' id='block_1_10' title="bbox 475 890 2068 973">
    <p class='ocr_par' dir='ltr' id='par_1_10' title="bbox 475 890 2068 973">
     <span class='ocr_line' id='line_1_10' title="bbox 475 890 2068 973; baseline -0.008 -15"><span class='ocrx_word' id='word_1_53' title='bbox 475 919 670 973; x_wconf 76' lang='lat' dir='ltr'><strong>magna</strong></span> <span class='ocrx_word' id='word_1_54' title='bbox 718 915 853 956; x_wconf 86' lang='lat' dir='ltr'><strong>voce</strong></span> <span class='ocrx_word' id='word_1_55' title='bbox 904 899 1253 953; x_wconf 87' lang='lat' dir='ltr'><strong>clamabant:</strong></span> <span class='ocrx_word' id='word_1_56' title='bbox 1292 905 1346 952; x_wconf 91' lang='lat' dir='ltr'><strong>et</strong></span> <span class='ocrx_word' id='word_1_57' title='bbox 1391 897 1444 949; x_wconf 91' lang='lat' dir='ltr'><strong>in</strong></span> <span class='ocrx_word' id='word_1_58' title='bbox 1479 896 1621 949; x_wconf 84' lang='lat' dir='ltr'><strong>hunc</strong></span> <span class='ocrx_word' id='word_1_59' title='bbox 1669 893 1888 947; x_wconf 88' lang='lat' dir='ltr'><strong>modmu</strong></span> <span class='ocrx_word' id='word_1_60' title='bbox 1934 890 2068 945; x_wconf 89' lang='lat' dir='ltr'><strong>bero</strong></span> 
     </span>
    </p>
   </div>
   <div class='ocr_carea' id='block_1_11' title="bbox 477 981 2072 1056">
    <p class='ocr_par' dir='ltr' id='par_1_11' title="bbox 477 981 2072 1056">
     <span class='ocr_line' id='line_1_11' title="bbox 477 981 2072 1056; baseline -0.01 -5"><span class='ocrx_word' id='word_1_61' title='bbox 477 997 708 1051; x_wconf 91' lang='lat' dir='ltr'><strong>traditus</strong></span> <span class='ocrx_word' id='word_1_62' title='bbox 737 992 964 1047; x_wconf 73' lang='lat' dir='ltr'><strong>Romam</strong></span> <span class='ocrx_word' id='word_1_63' title='bbox 991 991 1245 1045; x_wconf 83' lang='lat' dir='ltr'><strong>reductus</strong></span> <span class='ocrx_word' id='word_1_64' title='bbox 1277 998 1382 1052; x_wconf 89' lang='lat' dir='ltr'><strong>est,</strong></span> <span class='ocrx_word' id='word_1_65' title='bbox 1423 1001 1582 1056; x_wconf 87' lang='lat' dir='ltr'><strong>quem</strong></span> <span class='ocrx_word' id='word_1_66' title='bbox 1614 986 1778 1040; x_wconf 82' lang='lat' dir='ltr'><strong>herus</strong></span> <span class='ocrx_word' id='word_1_67' title='bbox 1805 984 1856 1037; x_wconf 92' lang='lat' dir='ltr'><strong>in</strong></span> <span class='ocrx_word' id='word_1_68' title='bbox 1884 981 2072 1053; x_wconf 65' lang='lat' dir='ltr'><strong>pistrio</strong></span> 
     </span>
    </p>
   </div>
   <div class='ocr_carea' id='block_1_12' title="bbox 478 1073 2071 1152">
    <p class='ocr_par' dir='ltr' id='par_1_12' title="bbox 478 1073 2071 1152">
     <span class='ocr_line' id='line_1_12' title="bbox 478 1073 2071 1152; baseline -0.009 -11"><span class='ocrx_word' id='word_1_69' title='bbox 478 1102 604 1142; x_wconf 91' lang='lat' dir='ltr'><strong>num</strong></span> <span class='ocrx_word' id='word_1_70' title='bbox 631 1086 797 1139; x_wconf 91' lang='lat' dir='ltr'><strong>dedit.</strong></span> <span class='ocrx_word' id='word_1_71' title='bbox 827 1082 1097 1152; x_wconf 82' lang='lat' dir='ltr'><strong>Tempore</strong></span> <span class='ocrx_word' id='word_1_72' title='bbox 1139 1091 1319 1134; x_wconf 90' lang='lat' dir='ltr'><strong>autem</strong></span> <span class='ocrx_word' id='word_1_73' title='bbox 1373 1078 1576 1149; x_wconf 84' lang='lat' dir='ltr'><strong>elapso,</strong></span> <span class='ocrx_word' id='word_1_74' title='bbox 1608 1087 1665 1131; x_wconf 93' lang='lat' dir='ltr'><strong>ut</strong></span> <span class='ocrx_word' id='word_1_75' title='bbox 1696 1074 1836 1129; x_wconf 88' lang='lat' dir='ltr'><strong>forte</strong></span> <span class='ocrx_word' id='word_1_76' title='bbox 1869 1073 2071 1138; x_wconf 82' lang='lat' dir='ltr'><strong>evenit,</strong></span> 
     </span>
    </p>
   </div>
   <div class='ocr_carea' id='block_1_13' title="bbox 478 1171 2074 1241">
    <p class='ocr_par' dir='ltr' id='par_1_13' title="bbox 478 1171 2074 1241">
     <span class='ocr_line' id='line_1_13' title="bbox 478 1171 2074 1241; baseline -0.007 -8"><span class='ocrx_word' id='word_1_77' title='bbox 478 1177 676 1233; x_wconf 75' lang='lat' dir='ltr'><strong>fratres</strong></span> <span class='ocrx_word' id='word_1_78' title='bbox 707 1173 1028 1230; x_wconf 84' lang='lat' dir='ltr'><strong>accedentes</strong></span> <span class='ocrx_word' id='word_1_79' title='bbox 1055 1171 1465 1241; x_wconf 81' lang='lat' dir='ltr'><strong>Carpopltorum</strong></span> <span class='ocrx_word' id='word_1_80' title='bbox 1526 1171 1979 1234; x_wconf 85' lang='lat' dir='ltr'><strong>adltortabantur,</strong></span> <span class='ocrx_word' id='word_1_81' title='bbox 2014 1175 2074 1222; x_wconf 89' lang='lat' dir='ltr'><strong>ut</strong></span> 
     </span>
    </p>
   </div>
   <div class='ocr_carea' id='block_1_14' title="bbox 479 1259 2076 1337">
    <p class='ocr_par' dir='ltr' id='par_1_14' title="bbox 479 1259 2076 1337">
     <span class='ocr_line' id='line_1_14' title="bbox 479 1259 2076 1337; baseline -0.006 -14"><span class='ocrx_word' id='word_1_82' title='bbox 479 1282 653 1337; x_wconf 61' lang='lat' dir='ltr'><strong>patrue</strong></span> <span class='ocrx_word' id='word_1_83' title='bbox 674 1265 938 1320; x_wconf 82' lang='lat' dir='ltr'><strong>eximeret</strong></span> <span class='ocrx_word' id='word_1_84' title='bbox 968 1263 1276 1334; x_wconf 78' lang='lat' dir='ltr'><strong>fugitivum,</strong></span> <span class='ocrx_word' id='word_1_85' title='bbox 1305 1261 1553 1316; x_wconf 79' lang='lat' dir='ltr'><strong>dicentes</strong></span> <span class='ocrx_word' id='word_1_86' title='bbox 1582 1259 1826 1316; x_wconf 86' lang='lat' dir='ltr'><strong>confiteri</strong></span> <span class='ocrx_word' id='word_1_87' title='bbox 1861 1273 1983 1313; x_wconf 90' lang='lat' dir='ltr'><strong>eum</strong></span> <span class='ocrx_word' id='word_1_88' title='bbox 2016 1272 2076 1314; x_wconf 76' lang='lat' dir='ltr'><strong>se</strong></span> 
     </span>
    </p>
   </div>
   <div class='ocr_carea' id='block_1_15' title="bbox 480 1348 2069 1429">
    <p class='ocr_par' dir='ltr' id='par_1_15' title="bbox 480 1348 2069 1429">
     <span class='ocr_line' id='line_1_15' title="bbox 480 1348 2069 1429; baseline -0.006 -16"><span class='ocrx_word' id='word_1_89' title='bbox 480 1359 762 1429; x_wconf 80' lang='lat' dir='ltr'><strong>pecuniam</strong></span> <span class='ocrx_word' id='word_1_90' title='bbox 809 1356 948 1425; x_wconf 89' lang='lat' dir='ltr'><strong>apud</strong></span> <span class='ocrx_word' id='word_1_91' title='bbox 992 1354 1253 1424; x_wconf 88' lang='lat' dir='ltr'><strong>quosdam</strong></span> <span class='ocrx_word' id='word_1_92' title='bbox 1305 1353 1577 1407; x_wconf 90' lang='lat' dir='ltr'><strong>conditam</strong></span> <span class='ocrx_word' id='word_1_93' title='bbox 1610 1351 1831 1406; x_wconf 86' lang='lat' dir='ltr'><strong>habere.</strong></span> <span class='ocrx_word' id='word_1_94' title='bbox 1864 1348 2069 1419; x_wconf 85' lang='lat' dir='ltr'><strong>Carpo-</strong></span> 
     </span>
    </p>
   </div>
   <div class='ocr_carea' id='block_1_16' title="bbox 480 1443 2079 1521">
    <p class='ocr_par' dir='ltr' id='par_1_16' title="bbox 480 1443 2079 1521">
     <span class='ocr_line' id='line_1_16' title="bbox 480 1443 2079 1521; baseline -0.004 -17"><span class='ocrx_word' id='word_1_95' title='bbox 480 1450 682 1521; x_wconf 78' lang='lat' dir='ltr'><strong>pliorus</strong></span> <span class='ocrx_word' id='word_1_96' title='bbox 726 1457 928 1512; x_wconf 90' lang='lat' dir='ltr'><strong>autem,</strong></span> <span class='ocrx_word' id='word_1_97' title='bbox 967 1455 1150 1516; x_wconf 83' lang='lat' dir='ltr'><strong>utpote</strong></span> <span class='ocrx_word' id='word_1_98' title='bbox 1182 1447 1324 1515; x_wconf 85' lang='lat' dir='ltr'><strong>pius,</strong></span> <span class='ocrx_word' id='word_1_99' title='bbox 1356 1460 1508 1498; x_wconf 89' lang='lat' dir='ltr'><strong>suam</strong></span> <span class='ocrx_word' id='word_1_100' title='bbox 1563 1458 1674 1497; x_wconf 90' lang='lat' dir='ltr'><strong>rem</strong></span> <span class='ocrx_word' id='word_1_101' title='bbox 1722 1458 1781 1498; x_wconf 88' lang='lat' dir='ltr'><strong>se</strong></span> <span class='ocrx_word' id='word_1_102' title='bbox 1826 1443 2079 1498; x_wconf 85' lang='lat' dir='ltr'><strong>omittere</strong></span> 
     </span>
    </p>
   </div>
   <div class='ocr_carea' id='block_1_17' title="bbox 481 1531 2075 1607">
    <p class='ocr_par' dir='ltr' id='par_1_17' title="bbox 481 1531 2075 1607">
     <span class='ocr_line' id='line_1_17' title="bbox 481 1531 2075 1607; baseline -0.006 -14"><span class='ocrx_word' id='word_1_103' title='bbox 481 1539 640 1604; x_wconf 82' lang='lat' dir='ltr'><strong>dixit,</strong></span> <span class='ocrx_word' id='word_1_104' title='bbox 670 1536 915 1607; x_wconf 87' lang='lat' dir='ltr'><strong>deposita</strong></span> <span class='ocrx_word' id='word_1_105' title='bbox 961 1542 1142 1589; x_wconf 86' lang='lat' dir='ltr'><strong>autem</strong></span> <span class='ocrx_word' id='word_1_106' title='bbox 1171 1535 1272 1589; x_wconf 83' lang='lat' dir='ltr'><strong>sibi</strong></span> <span class='ocrx_word' id='word_1_107' title='bbox 1300 1549 1448 1588; x_wconf 73' lang='lat' dir='ltr'><strong>cum</strong></span> <span class='ocrx_word' id='word_1_108' title='bbox 1485 1548 1606 1588; x_wconf 88' lang='lat' dir='ltr'><strong>esse</strong></span> <span class='ocrx_word' id='word_1_109' title='bbox 1637 1561 1709 1574; x_wconf 89' lang='lat'><strong><em>—</em></strong></span> <span class='ocrx_word' id='word_1_110' title='bbox 1738 1531 1891 1586; x_wconf 87' lang='lat' dir='ltr'><strong>multi</strong></span> <span class='ocrx_word' id='word_1_111' title='bbox 1932 1531 2075 1586; x_wconf 90' lang='lat' dir='ltr'><strong>enim</strong></span> 
     </span>
    </p>
   </div>
   <div class='ocr_carea' id='block_1_18' title="bbox 479 1622 2078 1693">
    <p class='ocr_par' dir='ltr' id='par_1_18' title="bbox 479 1622 2078 1693">
     <span class='ocr_line' id='line_1_18' title="bbox 479 1622 2078 1693; baseline -0.004 -10"><span class='ocrx_word' id='word_1_112' title='bbox 479 1628 668 1684; x_wconf 83' lang='lat' dir='ltr'><strong>ﬂentes</strong></span> <span class='ocrx_word' id='word_1_113' title='bbox 713 1628 765 1682; x_wconf 92' lang='lat' dir='ltr'><strong>ei</strong></span> <span class='ocrx_word' id='word_1_114' title='bbox 822 1627 1099 1691; x_wconf 91' lang='lat' dir='ltr'><strong>dicebant,</strong></span> <span class='ocrx_word' id='word_1_115' title='bbox 1154 1641 1213 1681; x_wconf 88' lang='lat' dir='ltr'><strong>se</strong></span> <span class='ocrx_word' id='word_1_116' title='bbox 1269 1627 1388 1692; x_wconf 83' lang='lat' dir='ltr'><strong>ejus</strong></span> <span class='ocrx_word' id='word_1_117' title='bbox 1457 1633 1720 1693; x_wconf 78' lang='lat' dir='ltr'><strong>praetextu</strong></span> <span class='ocrx_word' id='word_1_118' title='bbox 1792 1622 2078 1680; x_wconf 86' lang='lat' dir='ltr'><strong>concredi-</strong></span> 
     </span>
    </p>
   </div>
   <div class='ocr_carea' id='block_1_19' title="bbox 482 1717 2081 1789">
    <p class='ocr_par' dir='ltr' id='par_1_19' title="bbox 482 1717 2081 1789">
     <span class='ocr_line' id='line_1_19' title="bbox 482 1717 2081 1789; baseline -0.002 -15"><span class='ocrx_word' id='word_1_119' title='bbox 482 1721 626 1774; x_wconf 86' lang='lat' dir='ltr'><strong>disse</strong></span> <span class='ocrx_word' id='word_1_120' title='bbox 653 1719 874 1774; x_wconf 81' lang='lat' dir='ltr'><strong>Callisto</strong></span> <span class='ocrx_word' id='word_1_121' title='bbox 905 1734 1025 1789; x_wconf 62' lang='lat' dir='ltr'><strong>quae</strong></span> <span class='ocrx_word' id='word_1_122' title='bbox 1053 1721 1452 1772; x_wconf 89' lang='lat' dir='ltr'><strong>concrederant</strong></span> <span class='ocrx_word' id='word_1_123' title='bbox 1489 1745 1557 1758; x_wconf 91' lang='lat'><strong><em>—</em></strong></span> <span class='ocrx_word' id='word_1_124' title='bbox 1585 1717 1942 1788; x_wconf 89' lang='lat' dir='ltr'><strong>precibusque</strong></span> <span class='ocrx_word' id='word_1_125' title='bbox 1973 1731 2081 1771; x_wconf 90' lang='lat' dir='ltr'><strong>mo-</strong></span> 
     </span>
    </p>
   </div>
   <div class='ocr_carea' id='block_1_20' title="bbox 2165 527 3775 599">
    <p class='ocr_par' dir='ltr' id='par_1_20' title="bbox 2165 527 3775 599">
     <span class='ocr_line' id='line_1_20' title="bbox 2165 527 3775 599; baseline -0.001 -18"><span class='ocrx_word' id='word_1_126' title='bbox 2165 527 2456 599; x_wconf 74' lang='grc' dir='ltr'><strong>δεσπότην,</strong></span> <span class='ocrx_word' id='word_1_127' title='bbox 2487 527 2563 582; x_wconf 87' lang='grc' dir='ltr'>ὣν</span> <span class='ocrx_word' id='word_1_128' title='bbox 2603 532 2660 582; x_wconf 84' lang='grc' dir='ltr'>ὲν</span> <span class='ocrx_word' id='word_1_129' title='bbox 2692 529 2772 599; x_wconf 80' lang='grc' dir='ltr'>τῷ</span> <span class='ocrx_word' id='word_1_130' title='bbox 2814 528 2985 599; x_wconf 90' lang='grc' dir='ltr'>πλοίῳ</span> <span class='ocrx_word' id='word_1_131' title='bbox 3033 530 3130 582; x_wconf 76' lang='grc' dir='ltr'>καὶ</span> <span class='ocrx_word' id='word_1_132' title='bbox 3163 529 3326 596; x_wconf 74' lang='grc' dir='ltr'>γνοὺς</span> <span class='ocrx_word' id='word_1_133' title='bbox 3361 527 3555 582; x_wconf 77' lang='grc' dir='ltr'>ἐαυτὸν</span> <span class='ocrx_word' id='word_1_134' title='bbox 3589 543 3775 582; x_wconf 82' lang='grc' dir='ltr'>συνει-</span> 
     </span>
    </p>
   </div>
   <div class='ocr_carea' id='block_1_21' title="bbox 2165 619 3776 693">
    <p class='ocr_par' dir='ltr' id='par_1_21' title="bbox 2165 619 3776 693">
     <span class='ocr_line' id='line_1_21' title="bbox 2165 619 3776 693; baseline -0.001 -19"><span class='ocrx_word' id='word_1_135' title='bbox 2165 621 2470 691; x_wconf 67' lang='grc' dir='ltr'>λῆφθαιινί,</span> <span class='ocrx_word' id='word_1_136' title='bbox 2534 619 2611 693; x_wconf 70' lang='grc' dir='ltr'>[ιι.</span> <span class='ocrx_word' id='word_1_137' title='bbox 2661 619 2973 692; x_wconf 63' lang='lat'><strong>286—287]</strong></span> <span class='ocrx_word' id='word_1_138' title='bbox 3033 621 3298 691; x_wconf 78' lang='grc' dir='ltr'>ἠφείδησε</span> <span class='ocrx_word' id='word_1_139' title='bbox 3349 620 3445 673; x_wconf 78' lang='grc' dir='ltr'><strong>τοῦ</strong></span> <span class='ocrx_word' id='word_1_140' title='bbox 3497 620 3621 692; x_wconf 78' lang='grc' dir='ltr'>ζῇν,</span> <span class='ocrx_word' id='word_1_141' title='bbox 3675 623 3776 674; x_wconf 77' lang='grc' dir='ltr'>καὶ</span> 
     </span>
    </p>
   </div>
   <div class='ocr_carea' id='block_1_22' title="bbox 2167 709 3779 781">
    <p class='ocr_par' dir='ltr' id='par_1_22' title="bbox 2167 709 3779 781">
     <span class='ocr_line' id='line_1_22' title="bbox 2167 709 3779 781; baseline 0.001 -19"><span class='ocrx_word' id='word_1_142' title='bbox 2167 710 2373 780; x_wconf 75' lang='grc' dir='ltr'>ἐσχατα</span> <span class='ocrx_word' id='word_1_143' title='bbox 2413 709 2587 764; x_wconf 83' lang='grc' dir='ltr'>ταῦτα</span> <span class='ocrx_word' id='word_1_144' title='bbox 2620 710 2982 780; x_wconf 75' lang='grc' dir='ltr'><strong>λογισάμενος</strong></span> <span class='ocrx_word' id='word_1_145' title='bbox 3028 709 3257 780; x_wconf 73' lang='grc' dir='ltr'>ἔρριψεν</span> <span class='ocrx_word' id='word_1_146' title='bbox 3301 711 3497 763; x_wconf 64' lang='grc' dir='ltr'>ἑαυτὴν</span> <span class='ocrx_word' id='word_1_147' title='bbox 3550 713 3633 772; x_wconf 83' lang='grc' dir='ltr'><strong>είς</strong></span> <span class='ocrx_word' id='word_1_148' title='bbox 3667 710 3779 781; x_wconf 74' lang='grc' dir='ltr'>τὴν</span> 
     </span>
    </p>
   </div>
   <div class='ocr_carea' id='block_1_23' title="bbox 2169 801 3768 874">
    <p class='ocr_par' dir='ltr' id='par_1_23' title="bbox 2169 801 3768 874">
     <span class='ocr_line' id='line_1_23' title="bbox 2169 801 3768 874; baseline 0.001 -20"><span class='ocrx_word' id='word_1_149' title='bbox 2169 801 2464 857; x_wconf 72' lang='grc' dir='ltr'><strong>Θάλασσαν.</strong></span> <span class='ocrx_word' id='word_1_150' title='bbox 2491 803 2554 856; x_wconf 76' lang='lat' dir='ltr'><strong>Ol</strong></span> <span class='ocrx_word' id='word_1_151' title='bbox 2577 801 2846 855; x_wconf 66' lang='grc' dir='ltr'>δὲναῦται</span> <span class='ocrx_word' id='word_1_152' title='bbox 2864 801 3361 872; x_wconf 85' lang='grc' dir='ltr'>καταπηδήσαντες</span> <span class='ocrx_word' id='word_1_153' title='bbox 3381 803 3461 864; x_wconf 86' lang='grc' dir='ltr'>εἰς</span> <span class='ocrx_word' id='word_1_154' title='bbox 3483 801 3550 855; x_wconf 77' lang='grc' dir='ltr'>τὰ</span> <span class='ocrx_word' id='word_1_155' title='bbox 3579 804 3768 874; x_wconf 80' lang='grc' dir='ltr'>σκάφη</span> 
     </span>
    </p>
   </div>
   <div class='ocr_carea' id='block_1_24' title="bbox 2169 891 3772 964">
    <p class='ocr_par' dir='ltr' id='par_1_24' title="bbox 2169 891 3772 964">
     <span class='ocr_line' id='line_1_24' title="bbox 2169 891 3772 964; baseline -0.002 -14"><span class='ocrx_word' id='word_1_156' title='bbox 2169 895 2372 950; x_wconf 72' lang='grc' dir='ltr'>ἄκοντα</span> <span class='ocrx_word' id='word_1_157' title='bbox 2405 896 2567 948; x_wconf 70' lang='grc' dir='ltr'>αὑτὸν</span> <span class='ocrx_word' id='word_1_158' title='bbox 2597 893 2872 948; x_wconf 74' lang='grc' dir='ltr'>ἀνείλοντο</span> <span class='ocrx_word' id='word_1_159' title='bbox 2893 937 2908 959; x_wconf 88' lang='grc'><strong>,</strong></span> <span class='ocrx_word' id='word_1_160' title='bbox 2938 894 3049 946; x_wconf 85' lang='grc' dir='ltr'>τῶν</span> <span class='ocrx_word' id='word_1_161' title='bbox 3093 891 3151 944; x_wconf 81' lang='grc' dir='ltr'>δὲ</span> <span class='ocrx_word' id='word_1_162' title='bbox 3178 893 3224 923; x_wconf 74' lang='grc'>⁷³</span> <span class='ocrx_word' id='word_1_163' title='bbox 3259 891 3368 945; x_wconf 84' lang='grc' dir='ltr'><strong>ἀπὸ</strong></span> <span class='ocrx_word' id='word_1_164' title='bbox 3400 892 3501 961; x_wconf 83' lang='grc' dir='ltr'>τῆς</span> <span class='ocrx_word' id='word_1_165' title='bbox 3527 896 3633 964; x_wconf 81' lang='grc' dir='ltr'>γῆς</span> <span class='ocrx_word' id='word_1_166' title='bbox 3665 911 3772 964; x_wconf 82' lang='grc' dir='ltr'>με·</span> 
     </span>
    </p>
   </div>
   <div class='ocr_carea' id='block_1_25' title="bbox 2171 982 3783 1056">
    <p class='ocr_par' dir='ltr' id='par_1_25' title="bbox 2171 982 3783 1056">
     <span class='ocr_line' id='line_1_25' title="bbox 2171 982 3783 1056; baseline -0.001 -17"><span class='ocrx_word' id='word_1_167' title='bbox 2171 987 2312 1056; x_wconf 86' lang='grc' dir='ltr'>γάλα</span> <span class='ocrx_word' id='word_1_168' title='bbox 2343 985 2611 1056; x_wconf 77' lang='grc' dir='ltr'><strong>βοώντων·</strong></span> <span class='ocrx_word' id='word_1_169' title='bbox 2645 987 2740 1038; x_wconf 73' lang='grc' dir='ltr'>καὶ</span> <span class='ocrx_word' id='word_1_170' title='bbox 2771 982 2948 1047; x_wconf 75' lang='grc' dir='ltr'>οὕτως</span> <span class='ocrx_word' id='word_1_171' title='bbox 2975 984 3019 1016; x_wconf 78' lang='grc'><strong>⁷³</strong></span> <span class='ocrx_word' id='word_1_172' title='bbox 3048 983 3128 1053; x_wconf 81' lang='grc' dir='ltr'>τῷ</span> <span class='ocrx_word' id='word_1_173' title='bbox 3166 983 3408 1055; x_wconf 77' lang='grc' dir='ltr'>δεσπότῃ</span> <span class='ocrx_word' id='word_1_174' title='bbox 3443 983 3783 1056; x_wconf 73' lang='grc' dir='ltr'><strong>παραδοθεὶς</strong></span> 
     </span>
    </p>
   </div>
   <div class='ocr_carea' id='block_1_26' title="bbox 2173 1073 3784 1149">
    <p class='ocr_par' dir='ltr' id='par_1_26' title="bbox 2173 1073 3784 1149">
     <span class='ocr_line' id='line_1_26' title="bbox 2173 1073 3784 1149; baseline -0.002 -19"><span class='ocrx_word' id='word_1_175' title='bbox 2173 1076 2458 1149; x_wconf 77' lang='grc' dir='ltr'><strong>ἐπανήχθη</strong></span> <span class='ocrx_word' id='word_1_176' title='bbox 2488 1077 2569 1139; x_wconf 80' lang='grc' dir='ltr'>εἰς</span> <span class='ocrx_word' id='word_1_177' title='bbox 2595 1076 2692 1147; x_wconf 82' lang='grc' dir='ltr'>τὴν</span> <span class='ocrx_word' id='word_1_178' title='bbox 2736 1075 2980 1146; x_wconf 87' lang='grc' dir='ltr'>Ῥώμην,</span> <span class='ocrx_word' id='word_1_179' title='bbox 3013 1074 3070 1127; x_wconf 83' lang='grc' dir='ltr'>ὃν</span> <span class='ocrx_word' id='word_1_180' title='bbox 3089 1075 3116 1126; x_wconf 86' lang='grc' dir='ltr'><strong>ό</strong></span> <span class='ocrx_word' id='word_1_181' title='bbox 3146 1073 3417 1144; x_wconf 83' lang='grc' dir='ltr'>δεσπότης</span> <span class='ocrx_word' id='word_1_182' title='bbox 3446 1075 3526 1138; x_wconf 85' lang='grc' dir='ltr'><strong>είς</strong></span> <span class='ocrx_word' id='word_1_183' title='bbox 3556 1074 3784 1144; x_wconf 86' lang='grc' dir='ltr'>πίστρι-</span> 
     </span>
    </p>
   </div>
   <div class='ocr_carea' id='block_1_27' title="bbox 2178 1163 3783 1238">
    <p class='ocr_par' dir='ltr' id='par_1_27' title="bbox 2178 1163 3783 1238">
     <span class='ocr_line' id='line_1_27' title="bbox 2178 1163 3783 1238; baseline -0.002 -15"><span class='ocrx_word' id='word_1_184' title='bbox 2178 1187 2266 1223; x_wconf 92' lang='grc' dir='ltr'><strong>νον</strong></span> <span class='ocrx_word' id='word_1_185' title='bbox 2295 1171 2342 1200; x_wconf 62' lang='grc'><strong>⁷⁸</strong></span> <span class='ocrx_word' id='word_1_186' title='bbox 2375 1169 2654 1224; x_wconf 86' lang='grc' dir='ltr'>κατέθετο.</span> <span class='ocrx_word' id='word_1_187' title='bbox 2691 1168 2902 1238; x_wconf 83' lang='grc' dir='ltr'>Χρόνου</span> <span class='ocrx_word' id='word_1_188' title='bbox 2927 1167 2985 1220; x_wconf 83' lang='grc' dir='ltr'>δὲ</span> <span class='ocrx_word' id='word_1_189' title='bbox 3013 1165 3317 1228; x_wconf 79' lang='grc' dir='ltr'><strong>διελθόντος</strong></span> <span class='ocrx_word' id='word_1_190' title='bbox 3335 1205 3349 1226; x_wconf 88' lang='grc'><strong>,</strong></span> <span class='ocrx_word' id='word_1_191' title='bbox 3377 1163 3453 1228; x_wconf 63' lang='grc' dir='ltr'>ὡς</span> <span class='ocrx_word' id='word_1_192' title='bbox 3485 1166 3783 1236; x_wconf 80' lang='grc' dir='ltr'>συμϐαίνει</span> 
     </span>
    </p>
   </div>
   <div class='ocr_carea' id='block_1_28' title="bbox 2175 1257 3783 1331">
    <p class='ocr_par' dir='ltr' id='par_1_28' title="bbox 2175 1257 3783 1331">
     <span class='ocr_line' id='line_1_28' title="bbox 2175 1257 3783 1331; baseline -0.001 -17"><span class='ocrx_word' id='word_1_193' title='bbox 2175 1261 2463 1330; x_wconf 90' lang='grc' dir='ltr'>γίνεσθαι,</span> <span class='ocrx_word' id='word_1_194' title='bbox 2515 1260 2917 1331; x_wconf 77' lang='grc' dir='ltr'>προσελθόντες</span> <span class='ocrx_word' id='word_1_195' title='bbox 2987 1259 3212 1328; x_wconf 76' lang='grc' dir='ltr'>ἀδελφοὶ</span> <span class='ocrx_word' id='word_1_196' title='bbox 3270 1257 3625 1325; x_wconf 73' lang='grc' dir='ltr'>παρεκάλουν</span> <span class='ocrx_word' id='word_1_197' title='bbox 3683 1259 3783 1312; x_wconf 77' lang='grc' dir='ltr'><strong>τδν</strong></span> 
     </span>
    </p>
   </div>
   <div class='ocr_carea' id='block_1_29' title="bbox 2179 1349 3781 1425">
    <p class='ocr_par' dir='ltr' id='par_1_29' title="bbox 2179 1349 3781 1425">
     <span class='ocr_line' id='line_1_29' title="bbox 2179 1349 3781 1425; baseline -0.004 -18"><span class='ocrx_word' id='word_1_198' title='bbox 2179 1353 2568 1425; x_wconf 85' lang='grc' dir='ltr'>Καρποφόρον,</span> <span class='ocrx_word' id='word_1_199' title='bbox 2598 1354 2749 1415; x_wconf 79' lang='grc' dir='ltr'>ὅπως</span> <span class='ocrx_word' id='word_1_200' title='bbox 2787 1350 3037 1422; x_wconf 77' lang='grc' dir='ltr'><strong>ἐξαγάγῃ</strong></span> <span class='ocrx_word' id='word_1_201' title='bbox 3069 1351 3169 1418; x_wconf 80' lang='grc' dir='ltr'>τῆς</span> <span class='ocrx_word' id='word_1_202' title='bbox 3201 1349 3481 1413; x_wconf 80' lang='grc' dir='ltr'>κολάσεως</span> <span class='ocrx_word' id='word_1_203' title='bbox 3514 1350 3610 1401; x_wconf 74' lang='grc' dir='ltr'>τὸν</span> <span class='ocrx_word' id='word_1_204' title='bbox 3641 1349 3781 1419; x_wconf 83' lang='grc' dir='ltr'>δρα-</span> 
     </span>
    </p>
   </div>
   <div class='ocr_carea' id='block_1_30' title="bbox 2179 1440 3784 1514">
    <p class='ocr_par' dir='ltr' id='par_1_30' title="bbox 2179 1440 3784 1514">
     <span class='ocr_line' id='line_1_30' title="bbox 2179 1440 3784 1514; baseline -0.002 -18"><span class='ocrx_word' id='word_1_205' title='bbox 2179 1443 2370 1514; x_wconf 81' lang='grc' dir='ltr'><strong>πέτην,</strong></span> <span class='ocrx_word' id='word_1_206' title='bbox 2420 1444 2724 1512; x_wconf 83' lang='grc' dir='ltr'>φάσκοντες</span> <span class='ocrx_word' id='word_1_207' title='bbox 2770 1441 2933 1495; x_wconf 82' lang='grc' dir='ltr'>αὑτὸν</span> <span class='ocrx_word' id='word_1_208' title='bbox 2965 1440 3251 1511; x_wconf 81' lang='grc' dir='ltr'>ὁμολογεῖν</span> <span class='ocrx_word' id='word_1_209' title='bbox 3284 1440 3430 1509; x_wconf 78' lang='grc' dir='ltr'>ἔχειν</span> <span class='ocrx_word' id='word_1_210' title='bbox 3473 1441 3627 1509; x_wconf 81' lang='grc' dir='ltr'>παρά</span> <span class='ocrx_word' id='word_1_211' title='bbox 3667 1457 3784 1492; x_wconf 80' lang='grc' dir='ltr'>τισι</span> 
     </span>
    </p>
   </div>
   <div class='ocr_carea' id='block_1_31' title="bbox 2179 1531 3788 1605">
    <p class='ocr_par' dir='ltr' id='par_1_31' title="bbox 2179 1531 3788 1605">
     <span class='ocr_line' id='line_1_31' title="bbox 2179 1531 3788 1605; baseline -0.015 -15"><span class='ocrx_word' id='word_1_212' title='bbox 2179 1535 2370 1605; x_wconf 85' lang='grc' dir='ltr'>χρῆμα</span> <span class='ocrx_word' id='word_1_213' title='bbox 2403 1533 2789 1603; x_wconf 82' lang='grc' dir='ltr'>ἀποκείμενον.</span> <span class='ocrx_word' id='word_1_214' title='bbox 2841 1533 2900 1584; x_wconf 88' lang='lat'><strong>&#39;0</strong></span> <span class='ocrx_word' id='word_1_215' title='bbox 2932 1531 2989 1584; x_wconf 88' lang='grc' dir='ltr'><strong>δέ</strong></span> <span class='ocrx_word' id='word_1_216' title='bbox 3048 1533 3060 1600; x_wconf 90' lang='lat'><em>|</em></span> <span class='ocrx_word' id='word_1_217' title='bbox 3129 1532 3534 1602; x_wconf 60' lang='grc' dir='ltr'>Καρποφοςρος,</span> <span class='ocrx_word' id='word_1_218' title='bbox 3567 1531 3644 1594; x_wconf 72' lang='grc' dir='ltr'><strong>ὡς</strong></span> <span class='ocrx_word' id='word_1_219' title='bbox 3694 1531 3788 1583; x_wconf 66' lang='grc' dir='ltr'>εὖ,</span> 
     </span>
    </p>
   </div>
   <div class='ocr_carea' id='block_1_32' title="bbox 2179 1623 3788 1697">
    <p class='ocr_par' dir='ltr' id='par_1_32' title="bbox 2179 1623 3788 1697">
     <span class='ocr_line' id='line_1_32' title="bbox 2179 1623 3788 1697; baseline -0.002 -18"><span class='ocrx_word' id='word_1_220' title='bbox 2179 1625 2389 1697; x_wconf 71' lang='grc' dir='ltr'>λαϐῆς,</span> <span class='ocrx_word' id='word_1_221' title='bbox 2422 1625 2517 1679; x_wconf 79' lang='grc' dir='ltr'>τοῦ</span> <span class='ocrx_word' id='word_1_222' title='bbox 2555 1625 2651 1697; x_wconf 69' lang='grc' dir='ltr'>μὲν</span> <span class='ocrx_word' id='word_1_223' title='bbox 2704 1625 2836 1679; x_wconf 80' lang='grc' dir='ltr'>ἰδίου</span> <span class='ocrx_word' id='word_1_224' title='bbox 2868 1624 3056 1692; x_wconf 72' lang='grc' dir='ltr'>ἔλεγεν</span> <span class='ocrx_word' id='word_1_225' title='bbox 3102 1624 3370 1692; x_wconf 85' lang='grc' dir='ltr'>ἀφειδεῖν,</span> <span class='ocrx_word' id='word_1_226' title='bbox 3422 1623 3533 1676; x_wconf 82' lang='grc' dir='ltr'>τῶν</span> <span class='ocrx_word' id='word_1_227' title='bbox 3561 1623 3616 1676; x_wconf 78' lang='grc' dir='ltr'>δὲ</span> <span class='ocrx_word' id='word_1_228' title='bbox 3677 1639 3788 1676; x_wconf 80' lang='grc' dir='ltr'>πα·-</span> 
     </span>
    </p>
   </div>
   <div class='ocr_carea' id='block_1_33' title="bbox 2185 1713 3792 1787">
    <p class='ocr_par' dir='ltr' id='par_1_33' title="bbox 2185 1713 3792 1787">
     <span class='ocr_line' id='line_1_33' title="bbox 2185 1713 3792 1787; baseline -0.003 -18"><span class='ocrx_word' id='word_1_229' title='bbox 2185 1715 2441 1787; x_wconf 78' lang='grc' dir='ltr'>ραθηκῶν</span> <span class='ocrx_word' id='word_1_230' title='bbox 2475 1715 2782 1786; x_wconf 76' lang='grc' dir='ltr'>φροντίζειν</span> <span class='ocrx_word' id='word_1_231' title='bbox 2844 1716 2862 1785; x_wconf 98' lang='grc'>(</span> <span class='ocrx_word' id='word_1_232' title='bbox 2888 1714 3076 1766; x_wconf 49' lang='grc' dir='ltr'><strong>πολλοὶ⁴</strong></span> <span class='ocrx_word' id='word_1_233' title='bbox 3100 1715 3210 1782; x_wconf 77' lang='grc' dir='ltr'><strong>γάρ</strong></span> <span class='ocrx_word' id='word_1_234' title='bbox 3246 1713 3394 1782; x_wconf 75' lang='grc' dir='ltr'>αὐτῷ</span> <span class='ocrx_word' id='word_1_235' title='bbox 3418 1713 3792 1768; x_wconf 81' lang='grc' dir='ltr'>άπεκλαίοντο</span> 
     </span>
    </p>
   </div>
   <div class='ocr_carea' id='block_1_34' title="bbox 486 1785 2081 1880">
    <p class='ocr_par' dir='ltr' id='par_1_34' title="bbox 486 1785 2081 1880">
     <span class='ocr_line' id='line_1_34' title="bbox 486 1785 2081 1880; baseline -0.002 -14"><span class='ocrx_word' id='word_1_236' title='bbox 486 1821 573 1866; x_wconf 91' lang='lat' dir='ltr'><strong>tus</strong></span> <span class='ocrx_word' id='word_1_237' title='bbox 609 1811 770 1880; x_wconf 81' lang='lat' dir='ltr'><strong>jussit</strong></span> <span class='ocrx_word' id='word_1_238' title='bbox 804 1785 937 1866; x_wconf 83' lang='lat' dir='ltr'><strong>eum</strong></span> <span class='ocrx_word' id='word_1_239' title='bbox 962 1810 1139 1864; x_wconf 89' lang='lat' dir='ltr'><strong>educi.</strong></span> <span class='ocrx_word' id='word_1_240' title='bbox 1185 1808 1280 1863; x_wconf 89' lang='lat' dir='ltr'>Ille</span> <span class='ocrx_word' id='word_1_241' title='bbox 1316 1817 1494 1863; x_wconf 90' lang='lat' dir='ltr'><strong>autem</strong></span> <span class='ocrx_word' id='word_1_242' title='bbox 1525 1785 1649 1864; x_wconf 84' lang='lat' dir='ltr'><strong>cum</strong></span> <span class='ocrx_word' id='word_1_243' title='bbox 1681 1809 1813 1863; x_wconf 87' lang='lat' dir='ltr'><strong>nihil</strong></span> <span class='ocrx_word' id='word_1_244' title='bbox 1856 1785 2081 1864; x_wconf 79' lang='lat' dir='ltr'><strong>liaberet</strong></span> 
     </span>
    </p>
   </div>
   <div class='ocr_carea' id='block_1_35' title="bbox 2183 1785 3788 1880">
    <p class='ocr_par' dir='ltr' id='par_1_35' title="bbox 2183 1806 3788 1878">
     <span class='ocr_line' id='line_1_35' title="bbox 2183 1806 3788 1878; baseline -0.003 -16"><span class='ocrx_word' id='word_1_245' title='bbox 2183 1809 2473 1878; x_wconf 86' lang='grc' dir='ltr'>λέγοντες,</span> <span class='ocrx_word' id='word_1_246' title='bbox 2523 1810 2604 1862; x_wconf 84' lang='grc' dir='ltr'>ὅτι</span> <span class='ocrx_word' id='word_1_247' title='bbox 2643 1807 2722 1878; x_wconf 83' lang='grc' dir='ltr'><strong>τῷ</strong></span> <span class='ocrx_word' id='word_1_248' title='bbox 2757 1807 2991 1861; x_wconf 58' lang='lat' dir='ltr'><strong>atii-:06&quot;</strong></span> <span class='ocrx_word' id='word_1_249' title='bbox 3044 1806 3400 1877; x_wconf 79' lang='grc' dir='ltr'>προσχήματι</span> <span class='ocrx_word' id='word_1_250' title='bbox 3447 1806 3788 1858; x_wconf 81' lang='grc' dir='ltr'>ἐπίστευσαν</span> 
     </span>
    </p>
   </div>
   <div class='ocr_carea' id='block_1_36' title="bbox 483 1898 2080 1972">
    <p class='ocr_par' dir='ltr' id='par_1_36' title="bbox 483 1898 2080 1972">
     <span class='ocr_line' id='line_1_36' title="bbox 483 1898 2080 1972; baseline -0.003 -16"><span class='ocrx_word' id='word_1_251' title='bbox 483 1902 626 1972; x_wconf 88' lang='lat' dir='ltr'><strong>quod</strong></span> <span class='ocrx_word' id='word_1_252' title='bbox 656 1904 984 1965; x_wconf 83' lang='lat' dir='ltr'><strong>restitueret,</strong></span> <span class='ocrx_word' id='word_1_253' title='bbox 1012 1908 1066 1953; x_wconf 93' lang='lat' dir='ltr'><strong>et</strong></span> <span class='ocrx_word' id='word_1_254' title='bbox 1095 1899 1288 1954; x_wconf 90' lang='lat' dir='ltr'><strong>iterum</strong></span> <span class='ocrx_word' id='word_1_255' title='bbox 1315 1898 1576 1969; x_wconf 77' lang='lat' dir='ltr'><strong>aufugere</strong></span> <span class='ocrx_word' id='word_1_256' title='bbox 1605 1915 1709 1953; x_wconf 90' lang='lat' dir='ltr'><strong>non</strong></span> <span class='ocrx_word' id='word_1_257' title='bbox 1730 1910 1933 1968; x_wconf 90' lang='lat' dir='ltr'><strong>posset,</strong></span> <span class='ocrx_word' id='word_1_258' title='bbox 1957 1899 2080 1968; x_wconf 87' lang='lat' dir='ltr'><strong>quia</strong></span> 
     </span>
    </p>
   </div>
   <div class='ocr_carea' id='block_1_37' title="bbox 483 1990 2085 2059">
    <p class='ocr_par' dir='ltr' id='par_1_37' title="bbox 483 1990 2085 2059">
     <span class='ocr_line' id='line_1_37' title="bbox 483 1990 2085 2059; baseline -0.001 -11"><span class='ocrx_word' id='word_1_259' title='bbox 483 1991 907 2053; x_wconf 91' lang='lat' dir='ltr'><strong>custodiebatur,</strong></span> <span class='ocrx_word' id='word_1_260' title='bbox 942 1990 1234 2043; x_wconf 78' lang='lat' dir='ltr'><strong>artiﬁcium</strong></span> <span class='ocrx_word' id='word_1_261' title='bbox 1266 1991 1476 2059; x_wconf 87' lang='lat' dir='ltr'><strong>_mortis</strong></span> <span class='ocrx_word' id='word_1_262' title='bbox 1524 2001 1869 2047; x_wconf 87' lang='lat' dir='ltr'><strong>commentus</strong></span> <span class='ocrx_word' id='word_1_263' title='bbox 1896 2001 2001 2057; x_wconf 89' lang='lat' dir='ltr'><strong>est,</strong></span> <span class='ocrx_word' id='word_1_264' title='bbox 2029 2002 2085 2046; x_wconf 89' lang='lat' dir='ltr'><strong>et</strong></span> 
     </span>
    </p>
   </div>
   <div class='ocr_carea' id='block_1_38' title="bbox 486 2082 2082 2149">
    <p class='ocr_par' dir='ltr' id='par_1_38' title="bbox 486 2082 2082 2149">
     <span class='ocr_line' id='line_1_38' title="bbox 486 2082 2082 2149; baseline -0.001 -10"><span class='ocrx_word' id='word_1_265' title='bbox 486 2085 726 2139; x_wconf 83' lang='lat' dir='ltr'><strong>Sabbato</strong></span> <span class='ocrx_word' id='word_1_266' title='bbox 757 2083 1017 2138; x_wconf 87' lang='lat' dir='ltr'><strong>simulans</strong></span> <span class='ocrx_word' id='word_1_267' title='bbox 1047 2096 1106 2137; x_wconf 85' lang='lat' dir='ltr'><strong>se</strong></span> <span class='ocrx_word' id='word_1_268' title='bbox 1141 2082 1206 2136; x_wconf 85' lang='lat' dir='ltr'><strong>ad</strong></span> <span class='ocrx_word' id='word_1_269' title='bbox 1242 2082 1516 2139; x_wconf 83' lang='lat' dir='ltr'><strong>debitores</strong></span> <span class='ocrx_word' id='word_1_270' title='bbox 1551 2082 1652 2149; x_wconf 89' lang='lat' dir='ltr'><strong>ire,</strong></span> <span class='ocrx_word' id='word_1_271' title='bbox 1699 2084 1807 2138; x_wconf 88' lang='lat' dir='ltr'><strong>ruit</strong></span> <span class='ocrx_word' id='word_1_272' title='bbox 1845 2085 1913 2138; x_wconf 91' lang='lat' dir='ltr'><strong>ad</strong></span> <span class='ocrx_word' id='word_1_273' title='bbox 1951 2100 2082 2139; x_wconf 91' lang='lat' dir='ltr'><strong>cou-</strong></span> 
     </span>
    </p>
   </div>
   <div class='ocr_carea' id='block_1_39' title="bbox 485 2175 2082 2245">
    <p class='ocr_par' dir='ltr' id='par_1_39' title="bbox 485 2175 2082 2245">
     <span class='ocr_line' id='line_1_39' title="bbox 485 2175 2082 2245; baseline -0.002 -15"><span class='ocrx_word' id='word_1_274' title='bbox 485 2187 704 2233; x_wconf 81' lang='lat' dir='ltr'><strong>veutum</strong></span> <span class='ocrx_word' id='word_1_275' title='bbox 757 2175 1066 2232; x_wconf 65' lang='lat' dir='ltr'><strong>Iudaeorum</strong></span> <span class='ocrx_word' id='word_1_276' title='bbox 1097 2185 1572 2245; x_wconf 78' lang='lat' dir='ltr'><strong>congregatorum,</strong></span> <span class='ocrx_word' id='word_1_277' title='bbox 1616 2185 1671 2229; x_wconf 92' lang='lat' dir='ltr'><strong>et</strong></span> <span class='ocrx_word' id='word_1_278' title='bbox 1722 2185 1908 2231; x_wconf 87' lang='lat' dir='ltr'><strong>astans</strong></span> <span class='ocrx_word' id='word_1_279' title='bbox 1963 2186 2082 2229; x_wconf 81' lang='lat' dir='ltr'><strong>tur-</strong></span> 
     </span>
    </p>
   </div>
   <div class='ocr_carea' id='block_1_40' title="bbox 485 2263 2085 2324">
    <p class='ocr_par' dir='ltr' id='par_1_40' title="bbox 485 2263 2085 2324">
     <span class='ocr_line' id='line_1_40' title="bbox 485 2263 2085 2324; baseline -0.001 -3"><span class='ocrx_word' id='word_1_280' title='bbox 485 2269 607 2321; x_wconf 88' lang='lat' dir='ltr'><strong>bam</strong></span> <span class='ocrx_word' id='word_1_281' title='bbox 637 2267 779 2320; x_wconf 89' lang='lat' dir='ltr'><strong>inter</strong></span> <span class='ocrx_word' id='word_1_282' title='bbox 806 2280 899 2321; x_wconf 88' lang='lat' dir='ltr'><strong>eos</strong></span> <span class='ocrx_word' id='word_1_283' title='bbox 924 2265 1176 2320; x_wconf 82' lang='lat' dir='ltr'><strong>faciebat.</strong></span> <span class='ocrx_word' id='word_1_284' title='bbox 1211 2263 1290 2320; x_wconf 88' lang='lat' dir='ltr'><strong>llli</strong></span> <span class='ocrx_word' id='word_1_285' title='bbox 1320 2275 1499 2320; x_wconf 88' lang='lat' dir='ltr'><strong>autem</strong></span> <span class='ocrx_word' id='word_1_286' title='bbox 1530 2266 1734 2320; x_wconf 76' lang='lat' dir='ltr'><strong>turbati</strong></span> <span class='ocrx_word' id='word_1_287' title='bbox 1769 2268 1837 2324; x_wconf 89' lang='lat' dir='ltr'><strong>ab</strong></span> <span class='ocrx_word' id='word_1_288' title='bbox 1868 2280 1934 2321; x_wconf 90' lang='lat' dir='ltr'><strong>eo</strong></span> <span class='ocrx_word' id='word_1_289' title='bbox 1958 2283 2085 2322; x_wconf 91' lang='lat' dir='ltr'><strong>con-</strong></span> 
     </span>
    </p>
   </div>
   <div class='ocr_carea' id='block_1_41' title="bbox 485 2357 2082 2428">
    <p class='ocr_par' dir='ltr' id='par_1_41' title="bbox 485 2357 2082 2428">
     <span class='ocr_line' id='line_1_41' title="bbox 485 2357 2082 2428; baseline 0.001 -15"><span class='ocrx_word' id='word_1_290' title='bbox 485 2358 726 2413; x_wconf 89' lang='lat' dir='ltr'><strong>tumeliis</strong></span> <span class='ocrx_word' id='word_1_291' title='bbox 774 2357 1200 2428; x_wconf 68' lang='lat' dir='ltr'><strong>verberibusque</strong></span> <span class='ocrx_word' id='word_1_292' title='bbox 1242 2371 1367 2413; x_wconf 90' lang='lat' dir='ltr'><strong>eum</strong></span> <span class='ocrx_word' id='word_1_293' title='bbox 1415 2357 1668 2415; x_wconf 74' lang='lat' dir='ltr'><strong>affectum</strong></span> <span class='ocrx_word' id='word_1_294' title='bbox 1703 2369 1982 2415; x_wconf 86' lang='lat' dir='ltr'><strong>truserunt</strong></span> <span class='ocrx_word' id='word_1_295' title='bbox 2017 2361 2082 2415; x_wconf 91' lang='lat' dir='ltr'><strong>ad</strong></span> 
     </span>
    </p>
   </div>
   <div class='ocr_carea' id='block_1_42' title="bbox 487 2449 2082 2521">
    <p class='ocr_par' dir='ltr' id='par_1_42' title="bbox 487 2449 2082 2521">
     <span class='ocr_line' id='line_1_42' title="bbox 487 2449 2082 2521; baseline 0 -15"><span class='ocrx_word' id='word_1_296' title='bbox 487 2449 1174 2518; x_wconf 62' lang='lat' dir='ltr'><strong>Fuscianum,praefectum</strong></span> <span class='ocrx_word' id='word_1_297' title='bbox 1223 2451 1397 2506; x_wconf 84' lang='lat' dir='ltr'><strong>urbis.</strong></span> <span class='ocrx_word' id='word_1_298' title='bbox 1432 2451 1849 2521; x_wconf 74' lang='lat' dir='ltr'><strong>Responderunt</strong></span> <span class='ocrx_word' id='word_1_299' title='bbox 1899 2463 2082 2507; x_wconf 86' lang='lat' dir='ltr'><strong>autem</strong></span> 
     </span>
    </p>
   </div>
   <div class='ocr_carea' id='block_1_43' title="bbox 491 2540 2085 2614">
    <p class='ocr_par' dir='ltr' id='par_1_43' title="bbox 491 2540 2085 2614">
     <span class='ocr_line' id='line_1_43' title="bbox 491 2540 2085 2614; baseline 0 -16"><span class='ocrx_word' id='word_1_300' title='bbox 491 2545 676 2598; x_wconf 70' lang='lat' dir='ltr'><strong>limere</strong></span> <span class='ocrx_word' id='word_1_301' title='bbox 698 2559 711 2595; x_wconf 90' lang='lat'><strong>:</strong></span> <span class='ocrx_word' id='word_1_302' title='bbox 737 2541 961 2594; x_wconf 77' lang='lat' dir='ltr'><strong>Romani</strong></span> <span class='ocrx_word' id='word_1_303' title='bbox 992 2540 1146 2595; x_wconf 90' lang='lat' dir='ltr'><strong>nobis</strong></span> <span class='ocrx_word' id='word_1_304' title='bbox 1165 2551 1552 2597; x_wconf 89' lang='lat' dir='ltr'><strong>concesserunt</strong></span> <span class='ocrx_word' id='word_1_305' title='bbox 1580 2543 1784 2612; x_wconf 85' lang='lat' dir='ltr'><strong>patrias</strong></span> <span class='ocrx_word' id='word_1_306' title='bbox 1810 2544 1956 2614; x_wconf 80' lang='lat' dir='ltr'><strong>leges</strong></span> <span class='ocrx_word' id='word_1_307' title='bbox 1987 2559 2085 2614; x_wconf 87' lang='lat' dir='ltr'><strong>pu-</strong></span> 
     </span>
    </p>
   </div>
   <div class='ocr_carea' id='block_1_44' title="bbox 489 2631 2084 2706">
    <p class='ocr_par' dir='ltr' id='par_1_44' title="bbox 489 2631 2084 2706">
     <span class='ocr_line' id='line_1_44' title="bbox 489 2631 2084 2706; baseline 0.003 -20"><span class='ocrx_word' id='word_1_308' title='bbox 489 2632 626 2687; x_wconf 86' lang='lat' dir='ltr'><strong>blice</strong></span> <span class='ocrx_word' id='word_1_309' title='bbox 655 2632 998 2698; x_wconf 87' lang='lat' dir='ltr'><strong>recitandas;</strong></span> <span class='ocrx_word' id='word_1_310' title='bbox 1035 2631 1138 2685; x_wconf 82' lang='lat' dir='ltr'><strong>iste</strong></span> <span class='ocrx_word' id='word_1_311' title='bbox 1167 2646 1294 2687; x_wconf 82' lang='lat' dir='ltr'><strong>vero</strong></span> <span class='ocrx_word' id='word_1_312' title='bbox 1326 2634 1392 2686; x_wconf 89' lang='lat' dir='ltr'><strong>ad</strong></span> <span class='ocrx_word' id='word_1_313' title='bbox 1435 2648 1533 2690; x_wconf 89' lang='lat' dir='ltr'><strong>nos</strong></span> <span class='ocrx_word' id='word_1_314' title='bbox 1584 2633 1865 2702; x_wconf 80' lang='lat' dir='ltr'><strong>ingressus</strong></span> <span class='ocrx_word' id='word_1_315' title='bbox 1908 2636 2084 2706; x_wconf 89' lang='lat' dir='ltr'><strong>impe-</strong></span> 
     </span>
    </p>
   </div>
   <div class='ocr_carea' id='block_1_45' title="bbox 488 2723 2082 2786">
    <p class='ocr_par' dir='ltr' id='par_1_45' title="bbox 488 2723 2082 2786">
     <span class='ocr_line' id='line_1_45' title="bbox 488 2723 2082 2786; baseline 0.004 -10"><span class='ocrx_word' id='word_1_316' title='bbox 488 2725 668 2779; x_wconf 90' lang='lat' dir='ltr'><strong>diebat</strong></span> <span class='ocrx_word' id='word_1_317' title='bbox 697 2737 795 2777; x_wconf 90' lang='lat' dir='ltr'><strong>nos</strong></span> <span class='ocrx_word' id='word_1_318' title='bbox 823 2724 1149 2786; x_wconf 87' lang='lat' dir='ltr'><strong>obtttrbans,</strong></span> <span class='ocrx_word' id='word_1_319' title='bbox 1179 2723 1437 2779; x_wconf 83' lang='lat' dir='ltr'><strong>dictitans</strong></span> <span class='ocrx_word' id='word_1_320' title='bbox 1463 2740 1522 2780; x_wconf 85' lang='lat' dir='ltr'><strong>se</strong></span> <span class='ocrx_word' id='word_1_321' title='bbox 1549 2740 1672 2780; x_wconf 89' lang='lat' dir='ltr'><strong>esse</strong></span> <span class='ocrx_word' id='word_1_322' title='bbox 1689 2726 2082 2783; x_wconf 87' lang='lat' dir='ltr'><strong>Christiamun.</strong></span> 
     </span>
    </p>
   </div>
   <div class='ocr_carea' id='block_1_46' title="bbox 489 2811 2086 2891">
    <p class='ocr_par' dir='ltr' id='par_1_46' title="bbox 489 2811 2086 2891">
     <span class='ocr_line' id='line_1_46' title="bbox 489 2811 2086 2891; baseline 0.005 -23"><span class='ocrx_word' id='word_1_323' title='bbox 489 2811 790 2869; x_wconf 77' lang='lat' dir='ltr'><strong>Fuscianus</strong></span> <span class='ocrx_word' id='word_1_324' title='bbox 845 2823 1024 2869; x_wconf 87' lang='lat' dir='ltr'><strong>autem</strong></span> <span class='ocrx_word' id='word_1_325' title='bbox 1078 2829 1204 2869; x_wconf 90' lang='lat' dir='ltr'><strong>cum</strong></span> <span class='ocrx_word' id='word_1_326' title='bbox 1267 2831 1365 2885; x_wconf 85' lang='lat' dir='ltr'><strong>pro</strong></span> <span class='ocrx_word' id='word_1_327' title='bbox 1420 2815 1673 2872; x_wconf 89' lang='lat' dir='ltr'><strong>tribunali</strong></span> <span class='ocrx_word' id='word_1_328' title='bbox 1706 2827 1873 2884; x_wconf 87' lang='lat' dir='ltr'><strong>esset,</strong></span> <span class='ocrx_word' id='word_1_329' title='bbox 1903 2829 1956 2875; x_wconf 93' lang='lat' dir='ltr'><strong>et</strong></span> <span class='ocrx_word' id='word_1_330' title='bbox 1989 2835 2086 2891; x_wconf 90' lang='lat' dir='ltr'><strong>per</strong></span> 
     </span>
    </p>
   </div>
   <div class='ocr_carea' id='block_1_47' title="bbox 488 2904 2081 2975">
    <p class='ocr_par' dir='ltr' id='par_1_47' title="bbox 488 2904 2081 2975">
     <span class='ocr_line' id='line_1_47' title="bbox 488 2904 2081 2975; baseline 0.004 -15"><span class='ocrx_word' id='word_1_331' title='bbox 488 2921 573 2970; x_wconf 87' lang='lat' dir='ltr'><strong>ea,</strong></span> <span class='ocrx_word' id='word_1_332' title='bbox 608 2920 730 2975; x_wconf 69' lang='lat' dir='ltr'><strong>qua:</strong></span> <span class='ocrx_word' id='word_1_333' title='bbox 763 2919 792 2958; x_wconf 85' lang='lat' dir='ltr'><strong>a</strong></span> <span class='ocrx_word' id='word_1_334' title='bbox 825 2904 1026 2959; x_wconf 64' lang='lat' dir='ltr'><strong>Judaais</strong></span> <span class='ocrx_word' id='word_1_335' title='bbox 1061 2906 1402 2973; x_wconf 90' lang='lat' dir='ltr'><strong>dicebantur,</strong></span> <span class='ocrx_word' id='word_1_336' title='bbox 1444 2909 1498 2962; x_wconf 92' lang='lat' dir='ltr'><strong>in</strong></span> <span class='ocrx_word' id='word_1_337' title='bbox 1551 2908 1830 2966; x_wconf 83' lang='lat' dir='ltr'><strong>Callistum</strong></span> <span class='ocrx_word' id='word_1_338' title='bbox 1879 2913 2081 2968; x_wconf 87' lang='lat' dir='ltr'><strong>Irasce-</strong></span> 
     </span>
    </p>
   </div>
   <div class='ocr_carea' id='block_1_48' title="bbox 491 2995 2085 3070">
    <p class='ocr_par' dir='ltr' id='par_1_48' title="bbox 491 2995 2085 3070">
     <span class='ocr_line' id='line_1_48' title="bbox 491 2995 2085 3070; baseline 0.006 -19"><span class='ocrx_word' id='word_1_339' title='bbox 491 3008 662 3063; x_wconf 84' lang='lat' dir='ltr'><strong>retur,</strong></span> <span class='ocrx_word' id='word_1_340' title='bbox 688 3012 796 3052; x_wconf 91' lang='lat' dir='ltr'><strong>non</strong></span> <span class='ocrx_word' id='word_1_341' title='bbox 830 2995 1000 3052; x_wconf 87' lang='lat' dir='ltr'><strong>defuit</strong></span> <span class='ocrx_word' id='word_1_342' title='bbox 1040 2997 1132 3068; x_wconf 88' lang='lat' dir='ltr'><strong>qui</strong></span> <span class='ocrx_word' id='word_1_343' title='bbox 1165 2997 1518 3069; x_wconf 82' lang='lat' dir='ltr'><strong>Carpophoro</strong></span> <span class='ocrx_word' id='word_1_344' title='bbox 1547 3016 1635 3058; x_wconf 86' lang='lat' dir='ltr'><strong>res</strong></span> <span class='ocrx_word' id='word_1_345' title='bbox 1665 3013 1848 3070; x_wconf 81' lang='lat' dir='ltr'><strong>gestas</strong></span> <span class='ocrx_word' id='word_1_346' title='bbox 1884 3021 2085 3061; x_wconf 87' lang='lat' dir='ltr'><strong>renun—</strong></span> 
     </span>
    </p>
   </div>
   <div class='ocr_carea' id='block_1_49' title="bbox 491 3090 2088 3162">
    <p class='ocr_par' dir='ltr' id='par_1_49' title="bbox 491 3090 2088 3162">
     <span class='ocr_line' id='line_1_49' title="bbox 491 3090 2088 3162; baseline 0.006 -18"><span class='ocrx_word' id='word_1_347' title='bbox 491 3091 670 3144; x_wconf 86' lang='lat' dir='ltr'><strong>tiaret.</strong></span> <span class='ocrx_word' id='word_1_348' title='bbox 697 3090 748 3145; x_wconf 89' lang='lat' dir='ltr'><strong>ls</strong></span> <span class='ocrx_word' id='word_1_349' title='bbox 773 3100 954 3145; x_wconf 91' lang='lat' dir='ltr'><strong>autem</strong></span> <span class='ocrx_word' id='word_1_350' title='bbox 1005 3091 1070 3145; x_wconf 90' lang='lat' dir='ltr'><strong>ad</strong></span> <span class='ocrx_word' id='word_1_351' title='bbox 1113 3092 1348 3146; x_wconf 88' lang='lat' dir='ltr'><strong>tribunal</strong></span> <span class='ocrx_word' id='word_1_352' title='bbox 1394 3093 1634 3162; x_wconf 67' lang='lat' dir='ltr'><strong>praefecti</strong></span> <span class='ocrx_word' id='word_1_353' title='bbox 1675 3095 1943 3151; x_wconf 81' lang='lat' dir='ltr'><strong>festinavit</strong></span> <span class='ocrx_word' id='word_1_354' title='bbox 1977 3099 2088 3153; x_wconf 78' lang='lat' dir='ltr'><strong>cla-</strong></span> 
     </span>
    </p>
   </div>
   <div class='ocr_carea' id='block_1_50' title="bbox 493 3178 2084 3250">
    <p class='ocr_par' dir='ltr' id='par_1_50' title="bbox 493 3178 2084 3250">
     <span class='ocr_line' id='line_1_50' title="bbox 493 3178 2084 3250; baseline 0.005 -18"><span class='ocrx_word' id='word_1_355' title='bbox 493 3180 770 3250; x_wconf 83' lang='lat' dir='ltr'><strong>mavitque</strong></span> <span class='ocrx_word' id='word_1_356' title='bbox 804 3199 818 3235; x_wconf 88' lang='lat'><strong>:</strong></span> <span class='ocrx_word' id='word_1_357' title='bbox 847 3178 999 3247; x_wconf 89' lang='lat' dir='ltr'><strong>Peto,</strong></span> <span class='ocrx_word' id='word_1_358' title='bbox 1040 3180 1259 3235; x_wconf 79' lang='lat' dir='ltr'><strong>domine</strong></span> <span class='ocrx_word' id='word_1_359' title='bbox 1310 3181 1596 3248; x_wconf 86' lang='lat' dir='ltr'><strong>Fusciane,</strong></span> <span class='ocrx_word' id='word_1_360' title='bbox 1638 3200 1706 3239; x_wconf 89' lang='lat' dir='ltr'><strong>ne</strong></span> <span class='ocrx_word' id='word_1_361' title='bbox 1751 3195 1806 3240; x_wconf 92' lang='lat' dir='ltr'><strong>tu</strong></span> <span class='ocrx_word' id='word_1_362' title='bbox 1837 3185 1884 3240; x_wconf 90' lang='lat' dir='ltr'><strong>ei</strong></span> <span class='ocrx_word' id='word_1_363' title='bbox 1926 3185 2084 3240; x_wconf 90' lang='lat' dir='ltr'><strong>fidem</strong></span> 
     </span>
    </p>
   </div>
   <div class='ocr_carea' id='block_1_51' title="bbox 493 3270 2087 3338">
    <p class='ocr_par' dir='ltr' id='par_1_51' title="bbox 493 3270 2087 3338">
     <span class='ocr_line' id='line_1_51' title="bbox 493 3270 2087 3338; baseline 0.003 -12"><span class='ocrx_word' id='word_1_364' title='bbox 493 3270 717 3336; x_wconf 83' lang='lat' dir='ltr'><strong>habeas,</strong></span> <span class='ocrx_word' id='word_1_365' title='bbox 753 3285 858 3325; x_wconf 89' lang='lat' dir='ltr'><strong>non</strong></span> <span class='ocrx_word' id='word_1_366' title='bbox 885 3272 1031 3326; x_wconf 88' lang='lat' dir='ltr'><strong>enim</strong></span> <span class='ocrx_word' id='word_1_367' title='bbox 1061 3271 1407 3326; x_wconf 84' lang='lat' dir='ltr'><strong>Christianus</strong></span> <span class='ocrx_word' id='word_1_368' title='bbox 1427 3283 1532 3338; x_wconf 88' lang='lat' dir='ltr'><strong>est,</strong></span> <span class='ocrx_word' id='word_1_369' title='bbox 1564 3289 1752 3328; x_wconf 79' lang='lat' dir='ltr'><strong>ansam</strong></span> <span class='ocrx_word' id='word_1_370' title='bbox 1782 3290 1911 3330; x_wconf 84' lang='lat' dir='ltr'><strong>vero</strong></span> <span class='ocrx_word' id='word_1_371' title='bbox 1943 3291 2087 3330; x_wconf 59' lang='lat' dir='ltr'><strong>morr</strong></span> 
     </span>
    </p>
   </div>
   <div class='ocr_carea' id='block_1_52' title="bbox 494 3364 2088 3436">
    <p class='ocr_par' dir='ltr' id='par_1_52' title="bbox 494 3364 2088 3436">
     <span class='ocr_line' id='line_1_52' title="bbox 494 3364 2088 3436; baseline 0.003 -18"><span class='ocrx_word' id='word_1_372' title='bbox 494 3365 564 3418; x_wconf 85' lang='lat' dir='ltr'><strong>tis</strong></span> <span class='ocrx_word' id='word_1_373' title='bbox 597 3364 812 3434; x_wconf 72' lang='lat' dir='ltr'><strong>qnterit,</strong></span> <span class='ocrx_word' id='word_1_374' title='bbox 859 3372 1149 3434; x_wconf 86' lang='lat' dir='ltr'><strong>postquam</strong></span> <span class='ocrx_word' id='word_1_375' title='bbox 1193 3365 1475 3432; x_wconf 88' lang='lat' dir='ltr'><strong>pecuniam</strong></span> <span class='ocrx_word' id='word_1_376' title='bbox 1509 3366 1641 3420; x_wconf 90' lang='lat' dir='ltr'><strong>mihi</strong></span> <span class='ocrx_word' id='word_1_377' title='bbox 1681 3382 1930 3436; x_wconf 71' lang='lat' dir='ltr'><strong>magnam</strong></span> <span class='ocrx_word' id='word_1_378' title='bbox 1968 3383 2088 3436; x_wconf 82' lang='lat' dir='ltr'><strong>per-</strong></span> 
     </span>
    </p>
   </div>
   <div class='ocr_carea' id='block_1_53' title="bbox 493 3456 2086 3529">
    <p class='ocr_par' dir='ltr' id='par_1_53' title="bbox 493 3456 2086 3529">
     <span class='ocr_line' id='line_1_53' title="bbox 493 3456 2086 3529; baseline 0.001 -16"><span class='ocrx_word' id='word_1_379' title='bbox 493 3460 647 3522; x_wconf 84' lang='lat' dir='ltr'><strong>didit,</strong></span> <span class='ocrx_word' id='word_1_380' title='bbox 672 3459 830 3514; x_wconf 90' lang='lat' dir='ltr'><strong>sicuti</strong></span> <span class='ocrx_word' id='word_1_381' title='bbox 856 3458 1118 3529; x_wconf 86' lang='lat' dir='ltr'><strong>probabo.</strong></span> <span class='ocrx_word' id='word_1_382' title='bbox 1147 3456 1317 3514; x_wconf 72' lang='lat' dir='ltr'><strong>Judaei</strong></span> <span class='ocrx_word' id='word_1_383' title='bbox 1347 3469 1531 3514; x_wconf 91' lang='lat' dir='ltr'><strong>autem</strong></span> <span class='ocrx_word' id='word_1_384' title='bbox 1557 3475 1680 3513; x_wconf 89' lang='lat' dir='ltr'><strong>cum</strong></span> <span class='ocrx_word' id='word_1_385' title='bbox 1712 3461 1815 3515; x_wconf 84' lang='lat' dir='ltr'><strong>hoc</strong></span> <span class='ocrx_word' id='word_1_386' title='bbox 1841 3459 2086 3515; x_wconf 87' lang='lat' dir='ltr'><strong>fraudem</strong></span> 
     </span>
    </p>
   </div>
   <div class='ocr_carea' id='block_1_54' title="bbox 493 3549 2086 3620">
    <p class='ocr_par' dir='ltr' id='par_1_54' title="bbox 493 3549 2086 3620">
     <span class='ocr_line' id='line_1_54' title="bbox 493 3549 2086 3620; baseline 0.001 -15"><span class='ocrx_word' id='word_1_387' title='bbox 493 3565 612 3606; x_wconf 76' lang='lat' dir='ltr'><strong>eSSe</strong></span> <span class='ocrx_word' id='word_1_388' title='bbox 637 3551 1058 3614; x_wconf 86' lang='lat' dir='ltr'><strong>arbitrarentur,</strong></span> <span class='ocrx_word' id='word_1_389' title='bbox 1093 3551 1247 3620; x_wconf 84' lang='lat' dir='ltr'><strong>quasi</strong></span> <span class='ocrx_word' id='word_1_390' title='bbox 1281 3549 1668 3620; x_wconf 86' lang='lat' dir='ltr'><strong>Carpopborus</strong></span> <span class='ocrx_word' id='word_1_391' title='bbox 1688 3552 1790 3605; x_wconf 86' lang='lat' dir='ltr'><strong>hoc</strong></span> <span class='ocrx_word' id='word_1_392' title='bbox 1824 3561 2086 3619; x_wconf 61' lang='lat' dir='ltr'><strong>praetextu</strong></span> 
     </span>
    </p>
   </div>
   <div class='ocr_carea' id='block_1_55' title="bbox 494 3638 2088 3708">
    <p class='ocr_par' dir='ltr' id='par_1_55' title="bbox 494 3638 2088 3708">
     <span class='ocr_line' id='line_1_55' title="bbox 494 3638 2088 3708; baseline 0.001 -13"><span class='ocrx_word' id='word_1_393' title='bbox 494 3655 616 3695; x_wconf 88' lang='lat' dir='ltr'><strong>cum</strong></span> <span class='ocrx_word' id='word_1_394' title='bbox 647 3640 880 3694; x_wconf 88' lang='lat' dir='ltr'><strong>liberare</strong></span> <span class='ocrx_word' id='word_1_395' title='bbox 908 3640 1172 3702; x_wconf 89' lang='lat' dir='ltr'><strong>studeret,</strong></span> <span class='ocrx_word' id='word_1_396' title='bbox 1202 3638 1454 3694; x_wconf 84' lang='lat' dir='ltr'><strong>infestius</strong></span> <span class='ocrx_word' id='word_1_397' title='bbox 1480 3641 1647 3693; x_wconf 89' lang='lat' dir='ltr'><strong>etiam</strong></span> <span class='ocrx_word' id='word_1_398' title='bbox 1675 3639 1989 3708; x_wconf 66' lang='lat' dir='ltr'><strong>praefectum</strong></span> <span class='ocrx_word' id='word_1_399' title='bbox 2015 3641 2088 3696; x_wconf 89' lang='lat' dir='ltr'><strong>in-</strong></span> 
     </span>
    </p>
   </div>
   <div class='ocr_carea' id='block_1_56' title="bbox 495 3729 2087 3802">
    <p class='ocr_par' dir='ltr' id='par_1_56' title="bbox 495 3729 2087 3802">
     <span class='ocr_line' id='line_1_56' title="bbox 495 3729 2087 3802; baseline 0.003 -17"><span class='ocrx_word' id='word_1_400' title='bbox 495 3732 822 3786; x_wconf 83' lang='lat' dir='ltr'><strong>clamabant.</strong></span> <span class='ocrx_word' id='word_1_401' title='bbox 878 3729 927 3783; x_wconf 89' lang='lat' dir='ltr'><strong>Is</strong></span> <span class='ocrx_word' id='word_1_402' title='bbox 979 3739 1162 3783; x_wconf 88' lang='lat' dir='ltr'><strong>autem</strong></span> <span class='ocrx_word' id='word_1_403' title='bbox 1214 3732 1283 3784; x_wconf 85' lang='lat' dir='ltr'><strong>ah</strong></span> <span class='ocrx_word' id='word_1_404' title='bbox 1334 3730 1401 3786; x_wconf 88' lang='lat' dir='ltr'><strong>iis</strong></span> <span class='ocrx_word' id='word_1_405' title='bbox 1451 3740 1649 3799; x_wconf 90' lang='lat' dir='ltr'><strong>motus,</strong></span> <span class='ocrx_word' id='word_1_406' title='bbox 1693 3731 1918 3802; x_wconf 73' lang='lat' dir='ltr'><strong>flagellis</strong></span> <span class='ocrx_word' id='word_1_407' title='bbox 1965 3750 2087 3789; x_wconf 90' lang='lat' dir='ltr'><strong>cutn</strong></span> 
     </span>
    </p>
   </div>
   <div class='ocr_carea' id='block_1_57' title="bbox 495 3819 2088 3895">
    <p class='ocr_par' dir='ltr' id='par_1_57' title="bbox 495 3819 2088 3895">
     <span class='ocr_line' id='line_1_57' title="bbox 495 3819 2088 3895; baseline 0.003 -19"><span class='ocrx_word' id='word_1_408' title='bbox 495 3838 696 3877; x_wconf 62' lang='lat' dir='ltr'><strong>casum</strong></span> <span class='ocrx_word' id='word_1_409' title='bbox 736 3822 960 3877; x_wconf 87' lang='lat' dir='ltr'><strong>tradidit</strong></span> <span class='ocrx_word' id='word_1_410' title='bbox 989 3822 1044 3875; x_wconf 87' lang='lat' dir='ltr'><strong>in</strong></span> <span class='ocrx_word' id='word_1_411' title='bbox 1075 3820 1350 3876; x_wconf 89' lang='lat' dir='ltr'><strong>metallum</strong></span> <span class='ocrx_word' id='word_1_412' title='bbox 1380 3819 1666 3880; x_wconf 71' lang='lat' dir='ltr'><strong>Sardiniae.</strong></span> <span class='ocrx_word' id='word_1_413' title='bbox 1693 3824 1960 3895; x_wconf 86' lang='lat' dir='ltr'><strong>Tempore</strong></span> <span class='ocrx_word' id='word_1_414' title='bbox 1988 3843 2088 3881; x_wconf 88' lang='lat' dir='ltr'><strong>att-</strong></span> 
     </span>
    </p>
   </div>
   <div class='ocr_carea' id='block_1_58' title="bbox 499 3913 2086 3991">
    <p class='ocr_par' dir='ltr' id='par_1_58' title="bbox 499 3913 2086 3991">
     <span class='ocr_line' id='line_1_58' title="bbox 499 3913 2086 3991; baseline 0 -19"><span class='ocrx_word' id='word_1_415' title='bbox 499 3926 607 3972; x_wconf 82' lang='lat' dir='ltr'><strong>tem</strong></span> <span class='ocrx_word' id='word_1_416' title='bbox 634 3915 840 3985; x_wconf 87' lang='lat' dir='ltr'><strong>elapso,</strong></span> <span class='ocrx_word' id='word_1_417' title='bbox 869 3929 992 3968; x_wconf 89' lang='lat' dir='ltr'><strong>cum</strong></span> <span class='ocrx_word' id='word_1_418' title='bbox 1041 3915 1129 3968; x_wconf 87' lang='lat' dir='ltr'><strong>alii</strong></span> <span class='ocrx_word' id='word_1_419' title='bbox 1180 3913 1290 3969; x_wconf 89' lang='lat' dir='ltr'><strong>illic</strong></span> <span class='ocrx_word' id='word_1_420' title='bbox 1335 3923 1517 3971; x_wconf 87' lang='lat' dir='ltr'><strong>essent</strong></span> <span class='ocrx_word' id='word_1_421' title='bbox 1567 3927 1856 3991; x_wconf 85' lang='lat' dir='ltr'><strong>martyres,</strong></span> <span class='ocrx_word' id='word_1_422' title='bbox 1889 3918 2086 3974; x_wconf 80' lang='lat' dir='ltr'><strong>Marcia</strong></span> 
     </span>
    </p>
   </div>
   <div class='ocr_carea' id='block_1_59' title="bbox 500 4007 2090 4083">
    <p class='ocr_par' dir='ltr' id='par_1_59' title="bbox 500 4007 2090 4083">
     <span class='ocr_line' id='line_1_59' title="bbox 500 4007 2090 4083; baseline 0.004 -22"><span class='ocrx_word' id='word_1_423' title='bbox 500 4007 684 4063; x_wconf 84' lang='lat' dir='ltr'><strong>volens</strong></span> <span class='ocrx_word' id='word_1_424' title='bbox 718 4007 928 4063; x_wconf 90' lang='lat' dir='ltr'><strong>facinus</strong></span> <span class='ocrx_word' id='word_1_425' title='bbox 979 4007 1195 4077; x_wconf 86' lang='lat' dir='ltr'><strong>aliquod</strong></span> <span class='ocrx_word' id='word_1_426' title='bbox 1244 4011 1442 4063; x_wconf 91' lang='lat' dir='ltr'><strong>bonum</strong></span> <span class='ocrx_word' id='word_1_427' title='bbox 1487 4010 1684 4078; x_wconf 86' lang='lat' dir='ltr'><strong>facere,</strong></span> <span class='ocrx_word' id='word_1_428' title='bbox 1720 4013 1918 4082; x_wconf 86' lang='lat' dir='ltr'><strong>quippe</strong></span> <span class='ocrx_word' id='word_1_429' title='bbox 1971 4027 2090 4083; x_wconf 69' lang='lat' dir='ltr'><strong>qua:</strong></span> 
     </span>
    </p>
   </div>
   <div class='ocr_carea' id='block_1_60' title="bbox 496 4097 2086 4169">
    <p class='ocr_par' dir='ltr' id='par_1_60' title="bbox 496 4097 2086 4169">
     <span class='ocr_line' id='line_1_60' title="bbox 496 4097 2086 4169; baseline 0.003 -16"><span class='ocrx_word' id='word_1_430' title='bbox 496 4097 781 4154; x_wconf 77' lang='lat' dir='ltr'><strong>Commodi</strong></span> <span class='ocrx_word' id='word_1_431' title='bbox 812 4109 929 4154; x_wconf 90' lang='lat' dir='ltr'><strong>erat</strong></span> <span class='ocrx_word' id='word_1_432' title='bbox 964 4099 1140 4169; x_wconf 79' lang='lat' dir='ltr'><strong>pellex</strong></span> <span class='ocrx_word' id='word_1_433' title='bbox 1193 4099 1278 4155; x_wconf 84' lang='lat' dir='ltr'><strong>dei</strong></span> <span class='ocrx_word' id='word_1_434' title='bbox 1316 4116 1522 4165; x_wconf 88' lang='lat' dir='ltr'><strong>amans,</strong></span> <span class='ocrx_word' id='word_1_435' title='bbox 1563 4103 1844 4158; x_wconf 77' lang='lat' dir='ltr'><strong>arcessivit</strong></span> <span class='ocrx_word' id='word_1_436' title='bbox 1876 4105 2086 4158; x_wconf 89' lang='lat' dir='ltr'><strong>beatum</strong></span> 
     </span>
    </p>
   </div>
   <div class='ocr_carea' id='block_1_61' title="bbox 500 4189 2087 4264">
    <p class='ocr_par' dir='ltr' id='par_1_61' title="bbox 500 4189 2087 4264">
     <span class='ocr_line' id='line_1_61' title="bbox 500 4189 2087 4264; baseline 0.002 -20"><span class='ocrx_word' id='word_1_437' title='bbox 500 4189 796 4257; x_wconf 80' lang='lat' dir='ltr'><strong>Victorem,</strong></span> <span class='ocrx_word' id='word_1_438' title='bbox 828 4190 918 4262; x_wconf 91' lang='lat' dir='ltr'><strong>qui</strong></span> <span class='ocrx_word' id='word_1_439' title='bbox 952 4191 1042 4246; x_wconf 92' lang='lat' dir='ltr'><strong>illo</strong></span> <span class='ocrx_word' id='word_1_440' title='bbox 1069 4199 1313 4262; x_wconf 88' lang='lat' dir='ltr'><strong>tempore</strong></span> <span class='ocrx_word' id='word_1_441' title='bbox 1338 4193 1623 4264; x_wconf 88' lang='lat' dir='ltr'><strong>episcopus</strong></span> <span class='ocrx_word' id='word_1_442' title='bbox 1655 4194 1913 4250; x_wconf 61' lang='lat' dir='ltr'><strong>Ecclesia</strong></span> <span class='ocrx_word' id='word_1_443' title='bbox 1945 4205 2087 4259; x_wconf 85' lang='lat' dir='ltr'><strong>erat,</strong></span> 
     </span>
    </p>
   </div>
   <div class='ocr_carea' id='block_1_62' title="bbox 499 4283 2092 4360">
    <p class='ocr_par' dir='ltr' id='par_1_62' title="bbox 499 4283 2092 4360">
     <span class='ocr_line' id='line_1_62' title="bbox 499 4283 2092 4360; baseline 0.003 -21"><span class='ocrx_word' id='word_1_444' title='bbox 499 4294 552 4339; x_wconf 85' lang='lat' dir='ltr'><strong>et</strong></span> <span class='ocrx_word' id='word_1_445' title='bbox 578 4283 957 4339; x_wconf 82' lang='lat' dir='ltr'><strong>sciscitabatur</strong></span> <span class='ocrx_word' id='word_1_446' title='bbox 992 4283 1213 4353; x_wconf 87' lang='lat' dir='ltr'><strong>quinam</strong></span> <span class='ocrx_word' id='word_1_447' title='bbox 1261 4284 1313 4340; x_wconf 91' lang='lat' dir='ltr'><strong>in</strong></span> <span class='ocrx_word' id='word_1_448' title='bbox 1340 4284 1700 4360; x_wconf 56' lang='lat' dir='ltr'><strong>ﬁsa-£57</strong></span> <span class='ocrx_word' id='word_1_449' title='bbox 1727 4287 1980 4342; x_wconf 87' lang='lat' dir='ltr'><strong>Sardinia</strong></span> <span class='ocrx_word' id='word_1_450' title='bbox 2003 4302 2092 4344; x_wconf 88' lang='lat' dir='ltr'><strong>es-</strong></span> 
     </span>
    </p>
   </div>
   <div class='ocr_carea' id='block_1_63' title="bbox 499 4375 2086 4446">
    <p class='ocr_par' dir='ltr' id='par_1_63' title="bbox 499 4375 2086 4446">
     <span class='ocr_line' id='line_1_63' title="bbox 499 4375 2086 4446; baseline 0.003 -16"><span class='ocrx_word' id='word_1_451' title='bbox 499 4386 619 4430; x_wconf 78' lang='lat' dir='ltr'><strong>sent</strong></span> <span class='ocrx_word' id='word_1_452' title='bbox 658 4383 948 4446; x_wconf 82' lang='lat' dir='ltr'><strong>martyres.</strong></span> <span class='ocrx_word' id='word_1_453' title='bbox 977 4375 1029 4431; x_wconf 86' lang='lat' dir='ltr'><strong>ls</strong></span> <span class='ocrx_word' id='word_1_454' title='bbox 1059 4387 1240 4432; x_wconf 85' lang='lat' dir='ltr'><strong>autem</strong></span> <span class='ocrx_word' id='word_1_455' title='bbox 1275 4393 1397 4432; x_wconf 93' lang='lat' dir='ltr'><strong>cum</strong></span> <span class='ocrx_word' id='word_1_456' title='bbox 1437 4379 1679 4434; x_wconf 84' lang='lat' dir='ltr'><strong>omnium</strong></span> <span class='ocrx_word' id='word_1_457' title='bbox 1718 4380 1933 4434; x_wconf 90' lang='lat' dir='ltr'><strong>nomina</strong></span> <span class='ocrx_word' id='word_1_458' title='bbox 1975 4387 2086 4434; x_wconf 85' lang='lat' dir='ltr'><strong>tra-</strong></span> 
     </span>
    </p>
   </div>
   <div class='ocr_carea' id='block_1_64' title="bbox 500 4467 2096 4543">
    <p class='ocr_par' dir='ltr' id='par_1_64' title="bbox 500 4467 2096 4543">
     <span class='ocr_line' id='line_1_64' title="bbox 500 4467 2096 4543; baseline 0.004 -22"><span class='ocrx_word' id='word_1_459' title='bbox 500 4469 672 4534; x_wconf 89' lang='lat' dir='ltr'><strong>deret,</strong></span> <span class='ocrx_word' id='word_1_460' title='bbox 700 4467 912 4522; x_wconf 82' lang='lat' dir='ltr'><strong>Callisti</strong></span> <span class='ocrx_word' id='word_1_461' title='bbox 946 4483 1050 4522; x_wconf 90' lang='lat' dir='ltr'><strong>non</strong></span> <span class='ocrx_word' id='word_1_462' title='bbox 1093 4467 1260 4534; x_wconf 91' lang='lat' dir='ltr'><strong>dedit,</strong></span> <span class='ocrx_word' id='word_1_463' title='bbox 1301 4471 1428 4540; x_wconf 87' lang='lat' dir='ltr'><strong>quia</strong></span> <span class='ocrx_word' id='word_1_464' title='bbox 1474 4474 1625 4528; x_wconf 78' lang='lat' dir='ltr'><strong>novit</strong></span> <span class='ocrx_word' id='word_1_465' title='bbox 1673 4472 1792 4543; x_wconf 85' lang='lat' dir='ltr'><strong>ejus</strong></span> <span class='ocrx_word' id='word_1_466' title='bbox 1848 4483 2096 4540; x_wconf 69' lang='lat' dir='ltr'><strong>conatus,</strong></span> 
     </span>
    </p>
   </div>
   <div class='ocr_carea' id='block_1_65' title="bbox 500 4557 2091 4632">
    <p class='ocr_par' dir='ltr' id='par_1_65' title="bbox 500 4557 2091 4632">
     <span class='ocr_line' id='line_1_65' title="bbox 500 4557 2091 4632; baseline 0.003 -18"><span class='ocrx_word' id='word_1_467' title='bbox 500 4557 698 4614; x_wconf 73' lang='lat' dir='ltr'><strong>Marcia</strong></span> <span class='ocrx_word' id='word_1_468' title='bbox 723 4558 885 4627; x_wconf 83' lang='lat' dir='ltr'><strong>igitur</strong></span> <span class='ocrx_word' id='word_1_469' title='bbox 910 4572 1129 4628; x_wconf 88' lang='lat' dir='ltr'><strong>compos</strong></span> <span class='ocrx_word' id='word_1_470' title='bbox 1159 4560 1300 4614; x_wconf 87' lang='lat' dir='ltr'><strong>facta</strong></span> <span class='ocrx_word' id='word_1_471' title='bbox 1349 4562 1431 4616; x_wconf 89' lang='lat' dir='ltr'><strong>sui</strong></span> <span class='ocrx_word' id='word_1_472' title='bbox 1472 4563 1580 4618; x_wconf 82' lang='lat' dir='ltr'><strong>voti</strong></span> <span class='ocrx_word' id='word_1_473' title='bbox 1610 4578 1703 4632; x_wconf 89' lang='lat' dir='ltr'><strong>per</strong></span> <span class='ocrx_word' id='word_1_474' title='bbox 1724 4562 2091 4619; x_wconf 87' lang='lat' dir='ltr'><strong>Commodum</strong></span> 
     </span>
    </p>
   </div>
   <div class='ocr_carea' id='block_1_66' title="bbox 501 4649 2090 4723">
    <p class='ocr_par' dir='ltr' id='par_1_66' title="bbox 501 4649 2090 4723">
     <span class='ocr_line' id='line_1_66' title="bbox 501 4649 2090 4723; baseline 0 -15"><span class='ocrx_word' id='word_1_475' title='bbox 501 4651 834 4708; x_wconf 83' lang='lat' dir='ltr'><strong>dimissionis</strong></span> <span class='ocrx_word' id='word_1_476' title='bbox 867 4649 1076 4705; x_wconf 89' lang='lat' dir='ltr'><strong>litteras</strong></span> <span class='ocrx_word' id='word_1_477' title='bbox 1105 4652 1194 4705; x_wconf 89' lang='lat' dir='ltr'><strong>dat</strong></span> <span class='ocrx_word' id='word_1_478' title='bbox 1230 4650 1554 4723; x_wconf 79' lang='lat' dir='ltr'><strong>liyacintlto,</strong></span> <span class='ocrx_word' id='word_1_479' title='bbox 1597 4652 1826 4722; x_wconf 86' lang='lat' dir='ltr'><strong>spadoni</strong></span> <span class='ocrx_word' id='word_1_480' title='bbox 1876 4653 2090 4708; x_wconf 89' lang='lat' dir='ltr'><strong>cuidam</strong></span> 
     </span>
    </p>
   </div>
   <div class='ocr_carea' id='block_1_67' title="bbox 501 4740 2094 4812">
    <p class='ocr_par' dir='ltr' id='par_1_67' title="bbox 501 4740 2094 4812">
     <span class='ocr_line' id='line_1_67' title="bbox 501 4740 2094 4812; baseline 0.002 -18"><span class='ocrx_word' id='word_1_481' title='bbox 501 4741 840 4812; x_wconf 82' lang='lat' dir='ltr'><strong>presbytero,</strong></span> <span class='ocrx_word' id='word_1_482' title='bbox 875 4740 966 4810; x_wconf 89' lang='lat' dir='ltr'><strong>qui</strong></span> <span class='ocrx_word' id='word_1_483' title='bbox 996 4742 1236 4812; x_wconf 87' lang='lat' dir='ltr'><strong>acceptis</strong></span> <span class='ocrx_word' id='word_1_484' title='bbox 1261 4743 1457 4797; x_wconf 86' lang='lat' dir='ltr'><strong>litteris</strong></span> <span class='ocrx_word' id='word_1_485' title='bbox 1479 4743 1531 4796; x_wconf 91' lang='lat' dir='ltr'><strong>in</strong></span> <span class='ocrx_word' id='word_1_486' title='bbox 1564 4741 1875 4796; x_wconf 88' lang='lat' dir='ltr'><strong>Sardiniam</strong></span> <span class='ocrx_word' id='word_1_487' title='bbox 1915 4752 2094 4797; x_wconf 83' lang='lat' dir='ltr'><strong>trans-</strong></span> 
     </span>
    </p>
   </div>
   <div class='ocr_carea' id='block_1_68' title="bbox 501 4831 2094 4903">
    <p class='ocr_par' dir='ltr' id='par_1_68' title="bbox 501 4831 2094 4903">
     <span class='ocr_line' id='line_1_68' title="bbox 501 4831 2094 4903; baseline 0.003 -17"><span class='ocrx_word' id='word_1_488' title='bbox 501 4832 795 4901; x_wconf 76' lang='lat' dir='ltr'><strong>navigavit,</strong></span> <span class='ocrx_word' id='word_1_489' title='bbox 823 4841 878 4886; x_wconf 92' lang='lat' dir='ltr'><strong>et</strong></span> <span class='ocrx_word' id='word_1_490' title='bbox 910 4840 1193 4902; x_wconf 89' lang='lat' dir='ltr'><strong>postquam</strong></span> <span class='ocrx_word' id='word_1_491' title='bbox 1234 4846 1328 4888; x_wconf 88' lang='lat' dir='ltr'><strong>eas</strong></span> <span class='ocrx_word' id='word_1_492' title='bbox 1369 4831 1466 4894; x_wconf 87' lang='lat' dir='ltr'><strong>illi,</strong></span> <span class='ocrx_word' id='word_1_493' title='bbox 1519 4833 1611 4900; x_wconf 92' lang='lat' dir='ltr'><strong>qui</strong></span> <span class='ocrx_word' id='word_1_494' title='bbox 1662 4842 1792 4887; x_wconf 90' lang='lat' dir='ltr'><strong>tunc</strong></span> <span class='ocrx_word' id='word_1_495' title='bbox 1833 4834 2094 4903; x_wconf 86' lang='lat' dir='ltr'><strong>temporis</strong></span> 
     </span>
    </p>
   </div>
   <div class='ocr_carea' id='block_1_69' title="bbox 501 4922 2093 4995">
    <p class='ocr_par' dir='ltr' id='par_1_69' title="bbox 501 4922 2093 4995">
     <span class='ocr_line' id='line_1_69' title="bbox 501 4922 2093 4995; baseline 0.002 -17"><span class='ocrx_word' id='word_1_496' title='bbox 501 4922 552 4978; x_wconf 84' lang='lat' dir='ltr'><strong>ci</strong></span> <span class='ocrx_word' id='word_1_497' title='bbox 582 4931 739 4976; x_wconf 60' lang='lat' dir='ltr'><strong>terra;</strong></span> <span class='ocrx_word' id='word_1_498' title='bbox 768 4929 1016 4992; x_wconf 66' lang='lat' dir='ltr'><strong>praeerat,</strong></span> <span class='ocrx_word' id='word_1_499' title='bbox 1055 4922 1296 4985; x_wconf 86' lang='lat' dir='ltr'><strong>tradidit,</strong></span> <span class='ocrx_word' id='word_1_500' title='bbox 1324 4923 1530 4977; x_wconf 89' lang='lat' dir='ltr'><strong>dimisit</strong></span> <span class='ocrx_word' id='word_1_501' title='bbox 1562 4934 1829 4995; x_wconf 83' lang='lat' dir='ltr'><strong>martyres</strong></span> <span class='ocrx_word' id='word_1_502' title='bbox 1861 4934 2093 4992; x_wconf 75' lang='lat' dir='ltr'><strong>excepto</strong></span> 
     </span>
    </p>
   </div>
   <div class='ocr_carea' id='block_1_70' title="bbox 502 5013 2088 5086">
    <p class='ocr_par' dir='ltr' id='par_1_70' title="bbox 502 5013 2088 5086">
     <span class='ocr_line' id='line_1_70' title="bbox 502 5013 2088 5086; baseline 0.002 -18"><span class='ocrx_word' id='word_1_503' title='bbox 502 5013 745 5070; x_wconf 88' lang='lat' dir='ltr'><strong>Callisto.</strong></span> <span class='ocrx_word' id='word_1_504' title='bbox 768 5013 818 5070; x_wconf 84' lang='lat' dir='ltr'><strong>ls</strong></span> <span class='ocrx_word' id='word_1_505' title='bbox 848 5024 1030 5070; x_wconf 86' lang='lat' dir='ltr'><strong>autem</strong></span> <span class='ocrx_word' id='word_1_506' title='bbox 1056 5029 1232 5084; x_wconf 70' lang='lat' dir='ltr'><strong>genua</strong></span> <span class='ocrx_word' id='word_1_507' title='bbox 1257 5013 1480 5073; x_wconf 80' lang='lat' dir='ltr'><strong>flectens</strong></span> <span class='ocrx_word' id='word_1_508' title='bbox 1511 5014 1927 5086; x_wconf 86' lang='lat' dir='ltr'><strong>laerymansque</strong></span> <span class='ocrx_word' id='word_1_509' title='bbox 1956 5030 2088 5086; x_wconf 84' lang='lat' dir='ltr'><strong>sup-</strong></span> 
     </span>
    </p>
   </div>
   <div class='ocr_carea' id='block_1_71' title="bbox 2183 1895 3790 1971">
    <p class='ocr_par' dir='ltr' id='par_1_71' title="bbox 2183 1895 3790 1971">
     <span class='ocr_line' id='line_1_71' title="bbox 2183 1895 3790 1971; baseline -0.003 -17"><span class='ocrx_word' id='word_1_510' title='bbox 2183 1901 2260 1971; x_wconf 76' lang='grc' dir='ltr'>τῷ</span> <span class='ocrx_word' id='word_1_511' title='bbox 2309 1900 2631 1970; x_wconf 80' lang='grc' dir='ltr'>Καλλίστῳ,</span> <span class='ocrx_word' id='word_1_512' title='bbox 2686 1898 2722 1953; x_wconf 75' lang='grc' dir='ltr'><strong>ά</strong></span> <span class='ocrx_word' id='word_1_513' title='bbox 2796 1896 3301 1966; x_wconf 76' lang='grc' dir='ltr'>πεπιστεύκεισαν),</span> <span class='ocrx_word' id='word_1_514' title='bbox 3369 1897 3463 1948; x_wconf 79' lang='grc' dir='ltr'><strong>καὶ</strong></span> <span class='ocrx_word' id='word_1_515' title='bbox 3535 1895 3790 1960; x_wconf 71' lang='grc' dir='ltr'>πεισθεὶς</span> 
     </span>
    </p>
   </div>
   <div class='ocr_carea' id='block_1_72' title="bbox 2183 1987 3790 2060">
    <p class='ocr_par' dir='ltr' id='par_1_72' title="bbox 2183 1987 3790 2060">
     <span class='ocr_line' id='line_1_72' title="bbox 2183 1987 3790 2060; baseline -0.004 -15"><span class='ocrx_word' id='word_1_516' title='bbox 2183 1992 2470 2045; x_wconf 77' lang='grc' dir='ltr'>ἐκέλευσεν</span> <span class='ocrx_word' id='word_1_517' title='bbox 2497 1987 2788 2060; x_wconf 72' lang='grc' dir='ltr'>ἐξαγαγεῖν</span> <span class='ocrx_word' id='word_1_518' title='bbox 2824 1990 3006 2043; x_wconf 78' lang='grc' dir='ltr'>αὐτόν.</span> <span class='ocrx_word' id='word_1_519' title='bbox 3045 1989 3104 2040; x_wconf 88' lang='grc' dir='ltr'>Ὀ</span> <span class='ocrx_word' id='word_1_520' title='bbox 3129 1988 3187 2040; x_wconf 80' lang='grc' dir='ltr'>δὲ</span> <span class='ocrx_word' id='word_1_521' title='bbox 3216 1987 3383 2057; x_wconf 71' lang='grc' dir='ltr'>μηέἐν</span> <span class='ocrx_word' id='word_1_522' title='bbox 3419 1987 3558 2057; x_wconf 75' lang='grc' dir='ltr'>ἔχων</span> <span class='ocrx_word' id='word_1_523' title='bbox 3587 1987 3790 2040; x_wconf 76' lang='grc' dir='ltr'>ἀποδιο</span> 
     </span>
    </p>
   </div>
   <div class='ocr_carea' id='block_1_73' title="bbox 2183 2078 3788 2151">
    <p class='ocr_par' dir='ltr' id='par_1_73' title="bbox 2183 2078 3788 2151">
     <span class='ocr_line' id='line_1_73' title="bbox 2183 2078 3788 2151; baseline -0.003 -15"><span class='ocrx_word' id='word_1_524' title='bbox 2183 2083 2354 2146; x_wconf 89' lang='grc' dir='ltr'>δόναι,</span> <span class='ocrx_word' id='word_1_525' title='bbox 2393 2085 2486 2136; x_wconf 79' lang='grc' dir='ltr'>καὶ</span> <span class='ocrx_word' id='word_1_526' title='bbox 2516 2083 2676 2136; x_wconf 89' lang='grc' dir='ltr'>πάλιν</span> <span class='ocrx_word' id='word_1_527' title='bbox 2707 2079 3127 2151; x_wconf 77' lang='grc' dir='ltr'>ἀποδιδράσκειν</span> <span class='ocrx_word' id='word_1_528' title='bbox 3162 2080 3236 2148; x_wconf 80' lang='grc' dir='ltr'>μὴ</span> <span class='ocrx_word' id='word_1_529' title='bbox 3269 2079 3570 2147; x_wconf 85' lang='grc' dir='ltr'>δυνάμενος</span> <span class='ocrx_word' id='word_1_530' title='bbox 3595 2079 3686 2131; x_wconf 76' lang='grc' dir='ltr'>διὰ</span> <span class='ocrx_word' id='word_1_531' title='bbox 3718 2078 3788 2131; x_wconf 82' lang='grc' dir='ltr'><strong>τὺ</strong></span> 
     </span>
    </p>
   </div>
   <div class='ocr_carea' id='block_1_74' title="bbox 2185 2167 3785 2242">
    <p class='ocr_par' dir='ltr' id='par_1_74' title="bbox 2185 2167 3785 2242">
     <span class='ocr_line' id='line_1_74' title="bbox 2185 2167 3785 2242; baseline -0.004 -16"><span class='ocrx_word' id='word_1_532' title='bbox 2185 2173 2538 2242; x_wconf 78' lang='grc' dir='ltr'>φρουρεῖσθαι</span> <span class='ocrx_word' id='word_1_533' title='bbox 2565 2173 2608 2204; x_wconf 77' lang='grc'><strong>’⁷⁸</strong></span> <span class='ocrx_word' id='word_1_534' title='bbox 2630 2213 2644 2237; x_wconf 90' lang='grc'><strong>,</strong></span> <span class='ocrx_word' id='word_1_535' title='bbox 2675 2171 2873 2240; x_wconf 87' lang='grc' dir='ltr'>τέχνην</span> <span class='ocrx_word' id='word_1_536' title='bbox 2919 2169 3156 2222; x_wconf 86' lang='grc' dir='ltr'>θανάτου</span> <span class='ocrx_word' id='word_1_537' title='bbox 3191 2168 3480 2236; x_wconf 80' lang='grc' dir='ltr'>ἐπενόησε,</span> <span class='ocrx_word' id='word_1_538' title='bbox 3517 2167 3612 2219; x_wconf 78' lang='grc' dir='ltr'>καὶ</span> <span class='ocrx_word' id='word_1_539' title='bbox 3642 2167 3785 2220; x_wconf 77' lang='grc' dir='ltr'><strong>Σαϐ-</strong></span> 
     </span>
    </p>
   </div>
   <div class='ocr_carea' id='block_1_75' title="bbox 2186 2259 3791 2336">
    <p class='ocr_par' dir='ltr' id='par_1_75' title="bbox 2186 2259 3791 2336">
     <span class='ocr_line' id='line_1_75' title="bbox 2186 2259 3791 2336; baseline -0.004 -19"><span class='ocrx_word' id='word_1_540' title='bbox 2186 2265 2335 2336; x_wconf 77' lang='grc' dir='ltr'>ϐάτῳ</span> <span class='ocrx_word' id='word_1_541' title='bbox 2366 2265 2717 2335; x_wconf 72' lang='grc' dir='ltr'>σκηψάμενος</span> <span class='ocrx_word' id='word_1_542' title='bbox 2744 2263 2790 2294; x_wconf 86' lang='grc'><strong>⁷⁷</strong></span> <span class='ocrx_word' id='word_1_543' title='bbox 2823 2261 3046 2315; x_wconf 81' lang='grc' dir='ltr'>ἀπιέναι</span> <span class='ocrx_word' id='word_1_544' title='bbox 3077 2261 3151 2324; x_wconf 89' lang='grc' dir='ltr'>ὼς</span> <span class='ocrx_word' id='word_1_545' title='bbox 3185 2261 3277 2313; x_wconf 72' lang='grc' dir='ltr'>ἐπὶ</span> <span class='ocrx_word' id='word_1_546' title='bbox 3310 2259 3630 2331; x_wconf 78' lang='grc' dir='ltr'>χρεώστας,</span> <span class='ocrx_word' id='word_1_547' title='bbox 3665 2259 3791 2328; x_wconf 68' lang='lat' dir='ltr'><strong>dip-</strong></span> 
     </span>
    </p>
   </div>
   <div class='ocr_carea' id='block_1_76' title="bbox 2188 2350 3796 2429">
    <p class='ocr_par' dir='ltr' id='par_1_76' title="bbox 2188 2350 3796 2429">
     <span class='ocr_line' id='line_1_76' title="bbox 2188 2350 3796 2429; baseline -0.004 -18"><span class='ocrx_word' id='word_1_548' title='bbox 2188 2375 2362 2429; x_wconf 85' lang='grc' dir='ltr'>μησεν</span> <span class='ocrx_word' id='word_1_549' title='bbox 2407 2359 2500 2411; x_wconf 71' lang='grc' dir='ltr'><strong>ἐπὶ</strong></span> <span class='ocrx_word' id='word_1_550' title='bbox 2527 2357 2627 2428; x_wconf 81' lang='grc' dir='ltr'>τὴν</span> <span class='ocrx_word' id='word_1_551' title='bbox 2663 2354 2988 2424; x_wconf 83' lang='grc' dir='ltr'>συναγωγὴν</span> <span class='ocrx_word' id='word_1_552' title='bbox 3025 2352 3133 2406; x_wconf 82' lang='grc' dir='ltr'><strong>τῶν</strong></span> <span class='ocrx_word' id='word_1_553' title='bbox 3187 2351 3462 2405; x_wconf 79' lang='grc' dir='ltr'>Ἰουδαίων</span> <span class='ocrx_word' id='word_1_554' title='bbox 3510 2350 3796 2421; x_wconf 70' lang='grc' dir='ltr'>συνηγμέ-</span> 
     </span>
    </p>
   </div>
   <div class='ocr_carea' id='block_1_77' title="bbox 2186 2445 3796 2516">
    <p class='ocr_par' dir='ltr' id='par_1_77' title="bbox 2186 2445 3796 2516">
     <span class='ocr_line' id='line_1_77' title="bbox 2186 2445 3796 2516; baseline -0.006 -10"><span class='ocrx_word' id='word_1_555' title='bbox 2186 2469 2313 2516; x_wconf 85' lang='grc' dir='ltr'>νων,</span> <span class='ocrx_word' id='word_1_556' title='bbox 2348 2453 2442 2505; x_wconf 69' lang='grc' dir='ltr'><strong>καὶ</strong></span> <span class='ocrx_word' id='word_1_557' title='bbox 2470 2451 2602 2514; x_wconf 82' lang='grc' dir='ltr'>στὰς</span> <span class='ocrx_word' id='word_1_558' title='bbox 2629 2450 2675 2482; x_wconf 83' lang='grc'>⁷⁸</span> <span class='ocrx_word' id='word_1_559' title='bbox 2711 2447 3146 2510; x_wconf 77' lang='grc' dir='ltr'>κατεστασίαζεν</span> <span class='ocrx_word' id='word_1_560' title='bbox 3182 2446 3365 2499; x_wconf 82' lang='grc' dir='ltr'>αὐτῶν</span> <span class='ocrx_word' id='word_1_561' title='bbox 3425 2447 3488 2498; x_wconf 87' lang='grc' dir='ltr'>Οί</span> <span class='ocrx_word' id='word_1_562' title='bbox 3524 2445 3580 2497; x_wconf 85' lang='grc' dir='ltr'>δὲ</span> <span class='ocrx_word' id='word_1_563' title='bbox 3611 2461 3796 2498; x_wconf 85' lang='grc' dir='ltr'>κατα-</span> 
     </span>
    </p>
   </div>
   <div class='ocr_carea' id='block_1_78' title="bbox 2187 2537 3796 2610">
    <p class='ocr_par' dir='ltr' id='par_1_78' title="bbox 2187 2537 3796 2610">
     <span class='ocr_line' id='line_1_78' title="bbox 2187 2537 3796 2610; baseline -0.006 -12"><span class='ocrx_word' id='word_1_564' title='bbox 2187 2544 2604 2607; x_wconf 76' lang='grc' dir='ltr'>στασιασθέντες</span> <span class='ocrx_word' id='word_1_565' title='bbox 2651 2543 2741 2596; x_wconf 87' lang='grc' dir='ltr'><strong>ὑπ’</strong></span> <span class='ocrx_word' id='word_1_566' title='bbox 2798 2538 3002 2610; x_wconf 74' lang='grc' dir='ltr'>αὐτοῦ,</span> <span class='ocrx_word' id='word_1_567' title='bbox 3047 2538 3431 2610; x_wconf 77' lang='grc' dir='ltr'>ἐνυϐρίσαντες</span> <span class='ocrx_word' id='word_1_568' title='bbox 3479 2537 3642 2590; x_wconf 68' lang='grc' dir='ltr'>αὐτὸν</span> <span class='ocrx_word' id='word_1_569' title='bbox 3693 2537 3796 2589; x_wconf 73' lang='grc' dir='ltr'>καὶ</span> 
     </span>
    </p>
   </div>
   <div class='ocr_carea' id='block_1_79' title="bbox 2187 2627 3795 2708">
    <p class='ocr_par' dir='ltr' id='par_1_79' title="bbox 2187 2627 3795 2708">
     <span class='ocr_line' id='line_1_79' title="bbox 2187 2627 3795 2708; baseline -0.007 -17"><span class='ocrx_word' id='word_1_570' title='bbox 2187 2636 2404 2708; x_wconf 80' lang='grc' dir='ltr'>πληγάς</span> <span class='ocrx_word' id='word_1_571' title='bbox 2455 2636 2872 2706; x_wconf 74' lang='grc' dir='ltr'>ἐμφορήσαντες</span> <span class='ocrx_word' id='word_1_572' title='bbox 2919 2631 3114 2702; x_wconf 81' lang='grc' dir='ltr'>ἔσυρον</span> <span class='ocrx_word' id='word_1_573' title='bbox 3169 2631 3262 2683; x_wconf 75' lang='grc' dir='ltr'>ἐπὶ</span> <span class='ocrx_word' id='word_1_574' title='bbox 3311 2629 3403 2682; x_wconf 82' lang='grc' dir='ltr'>τὸν</span> <span class='ocrx_word' id='word_1_575' title='bbox 3451 2627 3795 2681; x_wconf 78' lang='grc' dir='ltr'>Φουσκιανδν</span> 
     </span>
    </p>
   </div>
   <div class='ocr_carea' id='block_1_80' title="bbox 2187 2719 3792 2801">
    <p class='ocr_par' dir='ltr' id='par_1_80' title="bbox 2187 2719 3792 2801">
     <span class='ocr_line' id='line_1_80' title="bbox 2187 2719 3792 2801; baseline -0.007 -17"><span class='ocrx_word' id='word_1_576' title='bbox 2187 2729 2426 2801; x_wconf 78' lang='grc' dir='ltr'>ἔπαρχον</span> <span class='ocrx_word' id='word_1_577' title='bbox 2470 2729 2600 2781; x_wconf 76' lang='grc' dir='ltr'>ὄντα</span> <span class='ocrx_word' id='word_1_578' title='bbox 2644 2729 2743 2797; x_wconf 83' lang='grc' dir='ltr'>τῆς</span> <span class='ocrx_word' id='word_1_579' title='bbox 2796 2725 3024 2788; x_wconf 84' lang='grc' dir='ltr'>πόλεως.</span> <span class='ocrx_word' id='word_1_580' title='bbox 3092 2721 3484 2793; x_wconf 76' lang='grc' dir='ltr'>’Δπεκρίναντο</span> <span class='ocrx_word' id='word_1_581' title='bbox 3523 2721 3581 2773; x_wconf 80' lang='grc' dir='ltr'>δὲ</span> <span class='ocrx_word' id='word_1_582' title='bbox 3632 2719 3792 2773; x_wconf 79' lang='grc' dir='ltr'>τάδε’</span> 
     </span>
    </p>
   </div>
   <div class='ocr_carea' id='block_1_81' title="bbox 2198 2813 3796 2892">
    <p class='ocr_par' dir='ltr' id='par_1_81' title="bbox 2198 2813 3796 2892">
     <span class='ocr_line' id='line_1_81' title="bbox 2198 2813 3796 2892; baseline -0.008 -14"><span class='ocrx_word' id='word_1_583' title='bbox 2198 2825 2458 2892; x_wconf 79' lang='grc' dir='ltr'>Ῥωμαῖοι</span> <span class='ocrx_word' id='word_1_584' title='bbox 2489 2819 2881 2890; x_wconf 76' lang='grc' dir='ltr'>συνεχώρησαν</span> <span class='ocrx_word' id='word_1_585' title='bbox 2914 2819 3045 2888; x_wconf 80' lang='grc' dir='ltr'>ἡμῖν</span> <span class='ocrx_word' id='word_1_586' title='bbox 3078 2817 3206 2880; x_wconf 80' lang='grc' dir='ltr'>τοὺς</span> <span class='ocrx_word' id='word_1_587' title='bbox 3242 2813 3534 2886; x_wconf 83' lang='grc' dir='ltr'>πατρῴους</span> <span class='ocrx_word' id='word_1_588' title='bbox 3583 2815 3796 2884; x_wconf 85' lang='grc' dir='ltr'>νόμους</span> 
     </span>
    </p>
   </div>
   <div class='ocr_carea' id='block_1_82' title="bbox 2186 2904 3795 2988">
    <p class='ocr_par' dir='ltr' id='par_1_82' title="bbox 2186 2904 3795 2988">
     <span class='ocr_line' id='line_1_82' title="bbox 2186 2904 3795 2988; baseline -0.006 -19"><span class='ocrx_word' id='word_1_589' title='bbox 2186 2915 2424 2988; x_wconf 68' lang='grc' dir='ltr'>δημοσίᾳ</span> <span class='ocrx_word' id='word_1_590' title='bbox 2458 2912 2878 2981; x_wconf 84' lang='grc' dir='ltr'>ἀναγινώσκειν,</span> <span class='ocrx_word' id='word_1_591' title='bbox 2915 2904 3068 2972; x_wconf 73' lang='grc' dir='ltr'>οὗτος</span> <span class='ocrx_word' id='word_1_592' title='bbox 3113 2908 3172 2960; x_wconf 89' lang='grc' dir='ltr'><strong>δέ</strong></span> <span class='ocrx_word' id='word_1_593' title='bbox 3207 2906 3543 2960; x_wconf 75' lang='grc' dir='ltr'>ἐπεισελθὼν</span> <span class='ocrx_word' id='word_1_594' title='bbox 3579 2906 3795 2960; x_wconf 80' lang='grc' dir='ltr'>ἐκώλυε</span> 
     </span>
    </p>
   </div>
   <div class='ocr_carea' id='block_1_83' title="bbox 2187 2995 3792 3074">
    <p class='ocr_par' dir='ltr' id='par_1_83' title="bbox 2187 2995 3792 3074">
     <span class='ocr_line' id='line_1_83' title="bbox 2187 2995 3792 3074; baseline -0.007 -13"><span class='ocrx_word' id='word_1_595' title='bbox 2187 3004 2645 3068; x_wconf 80' lang='grc' dir='ltr'>καταστασιάζων</span> <span class='ocrx_word' id='word_1_596' title='bbox 2667 3002 2848 3074; x_wconf 77' lang='grc' dir='ltr'>ἡμῶν,</span> <span class='ocrx_word' id='word_1_597' title='bbox 2874 3002 3103 3071; x_wconf 78' lang='grc' dir='ltr'>φάσκων</span> <span class='ocrx_word' id='word_1_598' title='bbox 3124 2995 3266 3053; x_wconf 82' lang='grc' dir='ltr'>εἶναι</span> <span class='ocrx_word' id='word_1_599' title='bbox 3292 3001 3335 3053; x_wconf 85' lang='grc' dir='ltr'>Χ</span> <span class='ocrx_word' id='word_1_600' title='bbox 3344 3000 3643 3072; x_wconf 85' lang='grc' dir='ltr'>ριστιανός.</span> <span class='ocrx_word' id='word_1_601' title='bbox 3677 2998 3792 3052; x_wconf 79' lang='grc' dir='ltr'><strong>Τοῦ</strong></span> 
     </span>
    </p>
   </div>
   <div class='ocr_carea' id='block_1_84' title="bbox 2113 3090 3795 3184">
    <p class='ocr_par' dir='ltr' id='par_1_84' title="bbox 2113 3090 3795 3184">
     <span class='ocr_line' id='line_1_84' title="bbox 2113 3090 3795 3184; baseline -0.004 -35"><span class='ocrx_word' id='word_1_602' title='bbox 2113 3127 2156 3184; x_wconf 77' lang='lat' dir='ltr'><strong><em>C</em></strong></span> <span class='ocrx_word' id='word_1_603' title='bbox 2186 3096 2242 3148; x_wconf 75' lang='grc' dir='ltr'>δὲ</span> <span class='ocrx_word' id='word_1_604' title='bbox 2275 3091 2609 3148; x_wconf 81' lang='grc' dir='ltr'>Φουσκιανοῦ</span> <span class='ocrx_word' id='word_1_605' title='bbox 2635 3093 2682 3125; x_wconf 77' lang='grc'><strong>⁷⁵</strong></span> <span class='ocrx_word' id='word_1_606' title='bbox 2707 3091 2814 3164; x_wconf 85' lang='grc' dir='ltr'>πρὸ</span> <span class='ocrx_word' id='word_1_607' title='bbox 2844 3091 3090 3162; x_wconf 85' lang='grc' dir='ltr'>βήματος</span> <span class='ocrx_word' id='word_1_608' title='bbox 3124 3091 3512 3160; x_wconf 80' lang='grc' dir='ltr'>τυγχάνοντος,</span> <span class='ocrx_word' id='word_1_609' title='bbox 3545 3090 3642 3143; x_wconf 73' lang='grc' dir='ltr'>καὶ</span> <span class='ocrx_word' id='word_1_610' title='bbox 3673 3093 3795 3153; x_wconf 78' lang='grc' dir='ltr'>τοῖς</span> 
     </span>
    </p>
   </div>
   <div class='ocr_carea' id='block_1_85' title="bbox 2189 3181 3794 3254">
    <p class='ocr_par' dir='ltr' id='par_1_85' title="bbox 2189 3181 3794 3254">
     <span class='ocr_line' id='line_1_85' title="bbox 2189 3181 3794 3254; baseline -0.004 -14"><span class='ocrx_word' id='word_1_611' title='bbox 2189 3187 2279 3241; x_wconf 82' lang='grc' dir='ltr'><strong>ὑπ’</strong></span> <span class='ocrx_word' id='word_1_612' title='bbox 2316 3185 2587 3240; x_wconf 81' lang='grc' dir='ltr'>Ἰουδαίων</span> <span class='ocrx_word' id='word_1_613' title='bbox 2613 3183 2934 3254; x_wconf 83' lang='grc' dir='ltr'>λεγομένοις</span> <span class='ocrx_word' id='word_1_614' title='bbox 2963 3182 3106 3236; x_wconf 80' lang='grc' dir='ltr'>κατὰ</span> <span class='ocrx_word' id='word_1_615' title='bbox 3151 3181 3247 3235; x_wconf 79' lang='grc' dir='ltr'>τοῦ</span> <span class='ocrx_word' id='word_1_616' title='bbox 3282 3181 3588 3234; x_wconf 80' lang='grc' dir='ltr'>Καλλίστου</span> <span class='ocrx_word' id='word_1_617' title='bbox 3616 3183 3794 3249; x_wconf 78' lang='grc' dir='ltr'>ἀγαν-</span> 
     </span>
    </p>
   </div>
   <div class='ocr_carea' id='block_1_86' title="bbox 2189 3275 3792 3347">
    <p class='ocr_par' dir='ltr' id='par_1_86' title="bbox 2189 3275 3792 3347">
     <span class='ocr_line' id='line_1_86' title="bbox 2189 3275 3792 3347; baseline -0.003 -12"><span class='ocrx_word' id='word_1_618' title='bbox 2189 3279 2485 3342; x_wconf 79' lang='grc' dir='ltr'>ακτοῦντος</span> <span class='ocrx_word' id='word_1_619' title='bbox 2511 3318 2526 3342; x_wconf 94' lang='grc'><strong>,</strong></span> <span class='ocrx_word' id='word_1_620' title='bbox 2589 3280 2690 3332; x_wconf 80' lang='grc' dir='ltr'>οὐκ</span> <span class='ocrx_word' id='word_1_621' title='bbox 2729 3277 2914 3330; x_wconf 84' lang='grc' dir='ltr'>ἐλιπεν</span> <span class='ocrx_word' id='word_1_622' title='bbox 2959 3279 2986 3329; x_wconf 93' lang='grc' dir='ltr'><strong>ό</strong></span> <span class='ocrx_word' id='word_1_623' title='bbox 3017 3275 3360 3345; x_wconf 82' lang='grc' dir='ltr'>ἀπαγγείλας</span> <span class='ocrx_word' id='word_1_624' title='bbox 3381 3277 3426 3307; x_wconf 76' lang='grc'><strong>⁸⁵</strong></span> <span class='ocrx_word' id='word_1_625' title='bbox 3453 3275 3531 3347; x_wconf 85' lang='grc' dir='ltr'>τῷ</span> <span class='ocrx_word' id='word_1_626' title='bbox 3559 3277 3792 3347; x_wconf 84' lang='grc' dir='ltr'>Καρπο-</span> 
     </span>
    </p>
   </div>
   <div class='ocr_carea' id='block_1_87' title="bbox 2190 3365 3790 3442">
    <p class='ocr_par' dir='ltr' id='par_1_87' title="bbox 2190 3365 3790 3442">
     <span class='ocr_line' id='line_1_87' title="bbox 2190 3365 3790 3442; baseline -0.003 -19"><span class='ocrx_word' id='word_1_627' title='bbox 2190 3370 2343 3442; x_wconf 87' lang='grc' dir='ltr'>φόρῳ</span> <span class='ocrx_word' id='word_1_628' title='bbox 2390 3369 2458 3422; x_wconf 85' lang='grc' dir='ltr'><strong>τά</strong></span> <span class='ocrx_word' id='word_1_629' title='bbox 2498 3367 2878 3437; x_wconf 88' lang='grc' dir='ltr'>πρασσόμενα.</span> <span class='ocrx_word' id='word_1_630' title='bbox 2933 3366 2994 3418; x_wconf 90' lang='lat' dir='ltr'><strong>&#39;O</strong></span> <span class='ocrx_word' id='word_1_631' title='bbox 3019 3365 3076 3419; x_wconf 78' lang='grc' dir='ltr'>δὲ</span> <span class='ocrx_word' id='word_1_632' title='bbox 3114 3365 3358 3428; x_wconf 81' lang='grc' dir='ltr'>σπεύσας</span> <span class='ocrx_word' id='word_1_633' title='bbox 3389 3365 3483 3418; x_wconf 73' lang='grc' dir='ltr'>ἐπὶ</span> <span class='ocrx_word' id='word_1_634' title='bbox 3525 3365 3588 3418; x_wconf 77' lang='grc' dir='ltr'>τὸ</span> <span class='ocrx_word' id='word_1_635' title='bbox 3631 3365 3790 3435; x_wconf 75' lang='grc' dir='ltr'>βῆμα</span> 
     </span>
    </p>
   </div>
   <div class='ocr_carea' id='block_1_88' title="bbox 2188 3455 3790 3530">
    <p class='ocr_par' dir='ltr' id='par_1_88' title="bbox 2188 3455 3790 3530">
     <span class='ocr_line' id='line_1_88' title="bbox 2188 3455 3790 3530; baseline -0.003 -16"><span class='ocrx_word' id='word_1_636' title='bbox 2188 3459 2284 3514; x_wconf 78' lang='grc' dir='ltr'>τοῦ</span> <span class='ocrx_word' id='word_1_637' title='bbox 2331 3459 2574 3530; x_wconf 89' lang='grc' dir='ltr'>ἐπάρχου</span> <span class='ocrx_word' id='word_1_638' title='bbox 2613 3456 2776 3510; x_wconf 75' lang='grc' dir='ltr'>ἐϐόα·</span> <span class='ocrx_word' id='word_1_639' title='bbox 2827 3455 3062 3526; x_wconf 77' lang='grc' dir='ltr'>Δέομαί,</span> <span class='ocrx_word' id='word_1_640' title='bbox 3106 3455 3262 3528; x_wconf 83' lang='grc' dir='ltr'>κύριε</span> <span class='ocrx_word' id='word_1_641' title='bbox 3309 3457 3653 3518; x_wconf 79' lang='grc' dir='ltr'>Φουσκιανέ,</span> <span class='ocrx_word' id='word_1_642' title='bbox 3707 3459 3790 3528; x_wconf 81' lang='grc' dir='ltr'>μὴ</span> 
     </span>
    </p>
   </div>
   <div class='ocr_carea' id='block_1_89' title="bbox 2191 3550 3790 3622">
    <p class='ocr_par' dir='ltr' id='par_1_89' title="bbox 2191 3550 3790 3622">
     <span class='ocr_line' id='line_1_89' title="bbox 2191 3550 3790 3622; baseline -0.003 -15"><span class='ocrx_word' id='word_1_643' title='bbox 2191 3555 2258 3607; x_wconf 79' lang='grc' dir='ltr'>σὺ</span> <span class='ocrx_word' id='word_1_644' title='bbox 2287 3551 2434 3622; x_wconf 80' lang='grc' dir='ltr'>αὐτῷ</span> <span class='ocrx_word' id='word_1_645' title='bbox 2460 3551 2504 3583; x_wconf 80' lang='grc'><strong>⁸⁸</strong></span> <span class='ocrx_word' id='word_1_646' title='bbox 2539 3550 2787 3613; x_wconf 85' lang='grc' dir='ltr'>πίστευε,</span> <span class='ocrx_word' id='word_1_647' title='bbox 2821 3550 2883 3603; x_wconf 87' lang='grc' dir='ltr'><strong>ού</strong></span> <span class='ocrx_word' id='word_1_648' title='bbox 2919 3550 3028 3620; x_wconf 91' lang='grc' dir='ltr'><strong>γάρ</strong></span> <span class='ocrx_word' id='word_1_649' title='bbox 3061 3551 3179 3603; x_wconf 84' lang='grc' dir='ltr'>ἐστι</span> <span class='ocrx_word' id='word_1_650' title='bbox 3213 3551 3562 3619; x_wconf 76' lang='grc' dir='ltr'>Χριστιανδς,</span> <span class='ocrx_word' id='word_1_651' title='bbox 3604 3552 3790 3621; x_wconf 80' lang='grc' dir='ltr'>ἀφορ-</span> 
     </span>
    </p>
   </div>
   <div class='ocr_carea' id='block_1_90' title="bbox 2194 3640 3790 3714">
    <p class='ocr_par' dir='ltr' id='par_1_90' title="bbox 2194 3640 3790 3714">
     <span class='ocr_line' id='line_1_90' title="bbox 2194 3640 3790 3714; baseline 0.002 -21"><span class='ocrx_word' id='word_1_652' title='bbox 2194 3643 2300 3714; x_wconf 87' lang='grc' dir='ltr'>μὴν</span> <span class='ocrx_word' id='word_1_653' title='bbox 2325 3642 2381 3696; x_wconf 83' lang='grc' dir='ltr'>δὲ</span> <span class='ocrx_word' id='word_1_654' title='bbox 2414 3642 2569 3712; x_wconf 76' lang='grc' dir='ltr'>ζητεῖ</span> <span class='ocrx_word' id='word_1_655' title='bbox 2593 3641 2825 3695; x_wconf 81' lang='grc' dir='ltr'>θανάτου</span> <span class='ocrx_word' id='word_1_656' title='bbox 2852 3641 3115 3712; x_wconf 86' lang='grc' dir='ltr'>χρήματά</span> <span class='ocrx_word' id='word_1_657' title='bbox 3146 3659 3250 3709; x_wconf 82' lang='grc' dir='ltr'><strong>μου</strong></span> <span class='ocrx_word' id='word_1_658' title='bbox 3276 3640 3448 3694; x_wconf 73' lang='grc' dir='ltr'>πολλὰ</span> <span class='ocrx_word' id='word_1_659' title='bbox 3475 3643 3748 3709; x_wconf 80' lang='grc' dir='ltr'>ἀφανίσας</span> <span class='ocrx_word' id='word_1_660' title='bbox 3771 3682 3790 3705; x_wconf 89' lang='grc'><strong>,</strong></span> 
     </span>
    </p>
   </div>
   <div class='ocr_carea' id='block_1_91' title="bbox 2189 3733 3795 3805">
    <p class='ocr_par' dir='ltr' id='par_1_91' title="bbox 2189 3733 3795 3805">
     <span class='ocr_line' id='line_1_91' title="bbox 2189 3733 3795 3805; baseline 0.001 -17"><span class='ocrx_word' id='word_1_661' title='bbox 2189 3735 2265 3799; x_wconf 84' lang='grc' dir='ltr'><strong>ὡς</strong></span> <span class='ocrx_word' id='word_1_662' title='bbox 2294 3734 2582 3800; x_wconf 78' lang='grc' dir='ltr'>ἀποδείξω.</span> <span class='ocrx_word' id='word_1_663' title='bbox 2619 3733 2742 3787; x_wconf 83' lang='grc' dir='ltr'><strong>Τῶν</strong></span> <span class='ocrx_word' id='word_1_664' title='bbox 2784 3733 2841 3787; x_wconf 86' lang='grc' dir='ltr'>δὲ</span> <span class='ocrx_word' id='word_1_665' title='bbox 2892 3733 3166 3788; x_wconf 87' lang='grc' dir='ltr'>Ἰουδαίων</span> <span class='ocrx_word' id='word_1_666' title='bbox 3195 3734 3470 3805; x_wconf 78' lang='grc' dir='ltr'>ὑποϐολὴν</span> <span class='ocrx_word' id='word_1_667' title='bbox 3500 3735 3659 3789; x_wconf 74' lang='grc' dir='ltr'>τοῦτο</span> <span class='ocrx_word' id='word_1_668' title='bbox 3696 3750 3795 3789; x_wconf 78' lang='grc' dir='ltr'><strong>νοο</strong></span> 
     </span>
    </p>
   </div>
   <div class='ocr_carea' id='block_1_92' title="bbox 2193 3825 3790 3902">
    <p class='ocr_par' dir='ltr' id='par_1_92' title="bbox 2193 3825 3790 3902">
     <span class='ocr_line' id='line_1_92' title="bbox 2193 3825 3790 3902; baseline 0.001 -22"><span class='ocrx_word' id='word_1_669' title='bbox 2193 3828 2489 3898; x_wconf 83' lang='grc' dir='ltr'>μισάντων,</span> <span class='ocrx_word' id='word_1_670' title='bbox 2534 3827 2612 3890; x_wconf 82' lang='grc' dir='ltr'>ὡς</span> <span class='ocrx_word' id='word_1_671' title='bbox 2659 3825 2952 3897; x_wconf 77' lang='grc' dir='ltr'>ζητοῦντος</span> <span class='ocrx_word' id='word_1_672' title='bbox 2981 3826 3075 3880; x_wconf 74' lang='grc' dir='ltr'>τοῦ</span> <span class='ocrx_word' id='word_1_673' title='bbox 3114 3827 3486 3898; x_wconf 75' lang='grc' dir='ltr'>Καρποφόρου</span> <span class='ocrx_word' id='word_1_674' title='bbox 3514 3827 3688 3902; x_wconf 80' lang='grc' dir='ltr'>ταύτῃ</span> <span class='ocrx_word' id='word_1_675' title='bbox 3718 3831 3790 3900; x_wconf 77' lang='grc' dir='ltr'><strong>τῇ</strong></span> 
     </span>
    </p>
   </div>
   <div class='ocr_carea' id='block_1_93' title="bbox 2191 3917 3793 3990">
    <p class='ocr_par' dir='ltr' id='par_1_93' title="bbox 2191 3917 3793 3990">
     <span class='ocr_line' id='line_1_93' title="bbox 2191 3917 3793 3990; baseline -0.001 -17"><span class='ocrx_word' id='word_1_676' title='bbox 2191 3919 2464 3990; x_wconf 85' lang='grc' dir='ltr'>προφάσει</span> <span class='ocrx_word' id='word_1_677' title='bbox 2491 3917 2772 3982; x_wconf 77' lang='grc' dir='ltr'>ἐξελέσθαι</span> <span class='ocrx_word' id='word_1_678' title='bbox 2818 3917 3005 3983; x_wconf 77' lang='grc' dir='ltr'>αὐτὸν,</span> <span class='ocrx_word' id='word_1_679' title='bbox 3039 3917 3240 3989; x_wconf 76' lang='grc' dir='ltr'>μᾶλλον</span> <span class='ocrx_word' id='word_1_680' title='bbox 3282 3919 3593 3988; x_wconf 76' lang='grc' dir='ltr'>ἐπιφθόνως</span> <span class='ocrx_word' id='word_1_681' title='bbox 3650 3937 3793 3974; x_wconf 88' lang='grc' dir='ltr'>κατ-</span> 
     </span>
    </p>
   </div>
   <div class='ocr_carea' id='block_1_94' title="bbox 2196 4007 3799 4082">
    <p class='ocr_par' dir='ltr' id='par_1_94' title="bbox 2196 4007 3799 4082">
     <span class='ocr_line' id='line_1_94' title="bbox 2196 4007 3799 4082; baseline 0.001 -20"><span class='ocrx_word' id='word_1_682' title='bbox 2196 4010 2368 4063; x_wconf 79' lang='grc' dir='ltr'>εϐόων</span> <span class='ocrx_word' id='word_1_683' title='bbox 2391 4009 2486 4062; x_wconf 81' lang='grc' dir='ltr'>τοῦ</span> <span class='ocrx_word' id='word_1_684' title='bbox 2514 4010 2785 4080; x_wconf 81' lang='grc' dir='ltr'>ἐπάρχου.</span> <span class='ocrx_word' id='word_1_685' title='bbox 2803 4007 2860 4061; x_wconf 81' lang='grc' dir='ltr'><strong>Ὀ</strong></span> <span class='ocrx_word' id='word_1_686' title='bbox 2884 4007 2942 4061; x_wconf 79' lang='grc' dir='ltr'>δὲ</span> <span class='ocrx_word' id='word_1_687' title='bbox 2973 4007 3215 4078; x_wconf 75' lang='grc' dir='ltr'>κινηθεὶς</span> <span class='ocrx_word' id='word_1_688' title='bbox 3246 4010 3338 4062; x_wconf 80' lang='grc' dir='ltr'><strong>ὑπ’</strong></span> <span class='ocrx_word' id='word_1_689' title='bbox 3360 4011 3564 4075; x_wconf 83' lang='grc' dir='ltr'>αὐτῶν,</span> <span class='ocrx_word' id='word_1_690' title='bbox 3597 4027 3799 4082; x_wconf 84' lang='grc' dir='ltr'>μαστι-</span> 
     </span>
    </p>
   </div>
   <div class='ocr_carea' id='block_1_95' title="bbox 2189 4100 3796 4174">
    <p class='ocr_par' dir='ltr' id='par_1_95' title="bbox 2189 4100 3796 4174">
     <span class='ocr_line' id='line_1_95' title="bbox 2189 4100 3796 4174; baseline 0.002 -18"><span class='ocrx_word' id='word_1_691' title='bbox 2189 4101 2376 4172; x_wconf 89' lang='grc' dir='ltr'>γώσας</span> <span class='ocrx_word' id='word_1_692' title='bbox 2426 4100 2587 4156; x_wconf 79' lang='grc' dir='ltr'>αὑτὸν</span> <span class='ocrx_word' id='word_1_693' title='bbox 2624 4101 2830 4154; x_wconf 73' lang='grc' dir='ltr'>ἔδωκεν</span> <span class='ocrx_word' id='word_1_694' title='bbox 2862 4101 2944 4164; x_wconf 86' lang='grc' dir='ltr'><strong>είς</strong></span> <span class='ocrx_word' id='word_1_695' title='bbox 2978 4100 3243 4170; x_wconf 84' lang='grc' dir='ltr'>μέταλλον</span> <span class='ocrx_word' id='word_1_696' title='bbox 3274 4102 3589 4174; x_wconf 85' lang='grc' dir='ltr'>Σαρδονίας.</span> <span class='ocrx_word' id='word_1_697' title='bbox 3632 4103 3796 4159; x_wconf 77' lang='grc' dir='ltr'>Μετὰ</span> 
     </span>
    </p>
   </div>
   <div class='ocr_carea' id='block_1_96' title="bbox 2191 4191 3796 4264">
    <p class='ocr_par' dir='ltr' id='par_1_96' title="bbox 2191 4191 3796 4264">
     <span class='ocr_line' id='line_1_96' title="bbox 2191 4191 3796 4264; baseline 0 -19"><span class='ocrx_word' id='word_1_698' title='bbox 2191 4192 2384 4264; x_wconf 86' lang='grc' dir='ltr'>χρόνον</span> <span class='ocrx_word' id='word_1_699' title='bbox 2415 4191 2470 4244; x_wconf 78' lang='grc' dir='ltr'>δὲ</span> <span class='ocrx_word' id='word_1_700' title='bbox 2495 4191 2538 4223; x_wconf 81' lang='grc'>⁸¹</span> <span class='ocrx_word' id='word_1_701' title='bbox 2573 4191 2777 4261; x_wconf 86' lang='grc' dir='ltr'>ἐτέρων</span> <span class='ocrx_word' id='word_1_702' title='bbox 2806 4191 2924 4244; x_wconf 80' lang='grc' dir='ltr'><strong>ὲκεῖ</strong></span> <span class='ocrx_word' id='word_1_703' title='bbox 2950 4191 3120 4243; x_wconf 75' lang='grc' dir='ltr'>ὄντων</span> <span class='ocrx_word' id='word_1_704' title='bbox 3157 4192 3472 4263; x_wconf 86' lang='grc' dir='ltr'>μαρτύρων,</span> <span class='ocrx_word' id='word_1_705' title='bbox 3508 4191 3796 4263; x_wconf 79' lang='grc' dir='ltr'>θελήσασα</span> 
     </span>
    </p>
   </div>
   <div class='ocr_carea' id='block_1_97' title="bbox 2191 4281 3798 4355">
    <p class='ocr_par' dir='ltr' id='par_1_97' title="bbox 2191 4281 3798 4355">
     <span class='ocr_line' id='line_1_97' title="bbox 2191 4281 3798 4355; baseline -0.001 -16"><span class='ocrx_word' id='word_1_706' title='bbox 2191 4285 2226 4354; x_wconf 76' lang='grc' dir='ltr'>ἡ</span> <span class='ocrx_word' id='word_1_707' title='bbox 2255 4285 2484 4355; x_wconf 85' lang='grc' dir='ltr'>Μαρκία</span> <span class='ocrx_word' id='word_1_708' title='bbox 2514 4283 2677 4354; x_wconf 72' lang='grc' dir='ltr'>ἔργον</span> <span class='ocrx_word' id='word_1_709' title='bbox 2709 4300 2762 4337; x_wconf 92' lang='grc' dir='ltr'><strong>τι</strong></span> <span class='ocrx_word' id='word_1_710' title='bbox 2811 4283 3017 4351; x_wconf 81' lang='grc' dir='ltr'>ἀγαθὸν</span> <span class='ocrx_word' id='word_1_711' title='bbox 3052 4285 3425 4354; x_wconf 86' lang='grc' dir='ltr'>ἐργάσασοαι,</span> <span class='ocrx_word' id='word_1_712' title='bbox 3457 4281 3595 4339; x_wconf 82' lang='grc' dir='ltr'>οὖσα</span> <span class='ocrx_word' id='word_1_713' title='bbox 3635 4285 3798 4353; x_wconf 77' lang='grc' dir='ltr'>φιλόο</span> 
     </span>
    </p>
   </div>
   <div class='ocr_carea' id='block_1_98' title="bbox 2197 4373 3797 4448">
    <p class='ocr_par' dir='ltr' id='par_1_98' title="bbox 2197 4373 3797 4448">
     <span class='ocr_line' id='line_1_98' title="bbox 2197 4373 3797 4448; baseline 0.001 -20"><span class='ocrx_word' id='word_1_714' title='bbox 2197 4373 2320 4438; x_wconf 87' lang='grc' dir='ltr'>θεος</span> <span class='ocrx_word' id='word_1_715' title='bbox 2363 4375 2614 4444; x_wconf 86' lang='grc' dir='ltr'>παλλακὴ</span> <span class='ocrx_word' id='word_1_716' title='bbox 2651 4374 2698 4406; x_wconf 80' lang='grc'><strong>⁸³</strong></span> <span class='ocrx_word' id='word_1_717' title='bbox 2747 4373 2996 4444; x_wconf 81' lang='grc' dir='ltr'>Κομόδου</span> <span class='ocrx_word' id='word_1_718' title='bbox 3033 4374 3102 4441; x_wconf 65' lang='grc'><strong>⁸⁸,</strong></span> <span class='ocrx_word' id='word_1_719' title='bbox 3152 4376 3648 4448; x_wconf 79' lang='grc' dir='ltr'>προσκαλεσαμένη</span> <span class='ocrx_word' id='word_1_720' title='bbox 3697 4377 3797 4431; x_wconf 70' lang='grc' dir='ltr'>τὸν</span> 
     </span>
    </p>
   </div>
   <div class='ocr_carea' id='block_1_99' title="bbox 2133 4466 3799 4539">
    <p class='ocr_par' dir='ltr' id='par_1_99' title="bbox 2133 4466 3799 4539">
     <span class='ocr_line' id='line_1_99' title="bbox 2133 4466 3799 4539; baseline 0.001 -20"><span class='ocrx_word' id='word_1_721' title='bbox 2133 4478 2178 4532; x_wconf 82' lang='grc' dir='ltr'><strong>Ῑ)</strong></span> <span class='ocrx_word' id='word_1_722' title='bbox 2209 4466 2480 4538; x_wconf 88' lang='grc' dir='ltr'>μακάριον</span> <span class='ocrx_word' id='word_1_723' title='bbox 2513 4467 2523 4536; x_wconf 88' lang='lat'>|</span> <span class='ocrx_word' id='word_1_724' title='bbox 2557 4467 2852 4539; x_wconf 73' lang='grc' dir='ltr'>Οὐϊκτορα,</span> <span class='ocrx_word' id='word_1_725' title='bbox 2881 4466 3011 4519; x_wconf 78' lang='grc' dir='ltr'>δντα</span> <span class='ocrx_word' id='word_1_726' title='bbox 3042 4466 3344 4520; x_wconf 84' lang='grc' dir='ltr'>ἐπίσκοπον</span> <span class='ocrx_word' id='word_1_727' title='bbox 3366 4468 3464 4537; x_wconf 83' lang='grc' dir='ltr'><strong>τῆς</strong></span> <span class='ocrx_word' id='word_1_728' title='bbox 3489 4467 3799 4538; x_wconf 79' lang='grc' dir='ltr'>ἐκκλησίας</span> 
     </span>
    </p>
   </div>
   <div class='ocr_carea' id='block_1_100' title="bbox 2198 4557 3800 4632">
    <p class='ocr_par' dir='ltr' id='par_1_100' title="bbox 2198 4557 3800 4632">
     <span class='ocr_line' id='line_1_100' title="bbox 2198 4557 3800 4632; baseline 0.001 -21"><span class='ocrx_word' id='word_1_729' title='bbox 2198 4557 2318 4611; x_wconf 82' lang='grc' dir='ltr'>κατ’</span> <span class='ocrx_word' id='word_1_730' title='bbox 2359 4559 2537 4611; x_wconf 85' lang='grc' dir='ltr'>ἐκεῖνο</span> <span class='ocrx_word' id='word_1_731' title='bbox 2573 4557 2796 4628; x_wconf 80' lang='grc' dir='ltr'>καιροῦ,</span> <span class='ocrx_word' id='word_1_732' title='bbox 2843 4557 3144 4628; x_wconf 84' lang='grc' dir='ltr'>ἐπηρώτα,</span> <span class='ocrx_word' id='word_1_733' title='bbox 3197 4559 3346 4621; x_wconf 83' lang='grc' dir='ltr'>τίνες</span> <span class='ocrx_word' id='word_1_734' title='bbox 3395 4557 3474 4630; x_wconf 81' lang='grc' dir='ltr'>[μ.</span> <span class='ocrx_word' id='word_1_735' title='bbox 3516 4558 3625 4616; x_wconf 73' lang='lat'><strong>9.88</strong></span> <span class='ocrx_word' id='word_1_736' title='bbox 3659 4557 3800 4632; x_wconf 77' lang='grc'>289]</span> 
     </span>
    </p>
   </div>
   <div class='ocr_carea' id='block_1_101' title="bbox 2197 4640 3800 4720">
    <p class='ocr_par' dir='ltr' id='par_1_101' title="bbox 2197 4640 3800 4720">
     <span class='ocr_line' id='line_1_101' title="bbox 2197 4640 3800 4720; baseline 0.002 -21"><span class='ocrx_word' id='word_1_737' title='bbox 2197 4640 2310 4699; x_wconf 85' lang='grc' dir='ltr'>εἶεν</span> <span class='ocrx_word' id='word_1_738' title='bbox 2355 4649 2411 4700; x_wconf 92' lang='grc' dir='ltr'><strong>ἐν</strong></span> <span class='ocrx_word' id='word_1_739' title='bbox 2443 4648 2708 4718; x_wconf 80' lang='grc' dir='ltr'>Σαρδονίᾳ</span> <span class='ocrx_word' id='word_1_740' title='bbox 2755 4648 3054 4720; x_wconf 86' lang='grc' dir='ltr'>μάρτυρες.</span> <span class='ocrx_word' id='word_1_741' title='bbox 3113 4650 3171 4701; x_wconf 87' lang='grc' dir='ltr'>Ὀ</span> <span class='ocrx_word' id='word_1_742' title='bbox 3214 4649 3271 4700; x_wconf 79' lang='grc' dir='ltr'>δὲ</span> <span class='ocrx_word' id='word_1_743' title='bbox 3308 4652 3527 4703; x_wconf 69' lang='grc' dir='ltr'>πάντων</span> <span class='ocrx_word' id='word_1_744' title='bbox 3560 4649 3800 4714; x_wconf 76' lang='grc' dir='ltr'>ἀναδοὺς</span> 
     </span>
    </p>
   </div>
   <div class='ocr_carea' id='block_1_102' title="bbox 2198 4739 3799 4810">
    <p class='ocr_par' dir='ltr' id='par_1_102' title="bbox 2198 4739 3799 4810">
     <span class='ocr_line' id='line_1_102' title="bbox 2198 4739 3799 4810; baseline 0.002 -18"><span class='ocrx_word' id='word_1_745' title='bbox 2198 4741 2266 4794; x_wconf 61' lang='grc' dir='ltr'><strong>τὰ</strong></span> <span class='ocrx_word' id='word_1_746' title='bbox 2306 4739 2567 4810; x_wconf 85' lang='grc' dir='ltr'>ὀνόματα,</span> <span class='ocrx_word' id='word_1_747' title='bbox 2602 4740 2663 4792; x_wconf 76' lang='grc' dir='ltr'>τὸ</span> <span class='ocrx_word' id='word_1_748' title='bbox 2697 4740 2790 4793; x_wconf 76' lang='grc' dir='ltr'><strong>τοῦ</strong></span> <span class='ocrx_word' id='word_1_749' title='bbox 2819 4740 3124 4794; x_wconf 81' lang='grc' dir='ltr'>Καλλίστου</span> <span class='ocrx_word' id='word_1_750' title='bbox 3156 4742 3257 4793; x_wconf 83' lang='grc' dir='ltr'>οὐκ</span> <span class='ocrx_word' id='word_1_751' title='bbox 3285 4741 3505 4801; x_wconf 78' lang='grc' dir='ltr'>ἔδωκεν,</span> <span class='ocrx_word' id='word_1_752' title='bbox 3537 4741 3693 4806; x_wconf 72' lang='grc' dir='ltr'>εἰδὼς</span> <span class='ocrx_word' id='word_1_753' title='bbox 3722 4742 3799 4795; x_wconf 61' lang='grc' dir='ltr'>τᾶ</span> 
     </span>
    </p>
   </div>
   <div class='ocr_carea' id='block_1_103' title="bbox 2199 4831 3803 4904">
    <p class='ocr_par' dir='ltr' id='par_1_103' title="bbox 2199 4831 3803 4904">
     <span class='ocr_line' id='line_1_103' title="bbox 2199 4831 3803 4904; baseline 0.001 -20"><span class='ocrx_word' id='word_1_754' title='bbox 2199 4832 2580 4902; x_wconf 84' lang='grc' dir='ltr'>τετολμημένα</span> <span class='ocrx_word' id='word_1_755' title='bbox 2608 4833 2651 4863; x_wconf 82' lang='grc'><strong>⁸⁵</strong></span> <span class='ocrx_word' id='word_1_756' title='bbox 2687 4834 2816 4904; x_wconf 77' lang='grc' dir='ltr'>παρ’</span> <span class='ocrx_word' id='word_1_757' title='bbox 2848 4831 3036 4887; x_wconf 80' lang='grc' dir='ltr'>αὑτοῦ.</span> <span class='ocrx_word' id='word_1_758' title='bbox 3092 4833 3341 4903; x_wconf 80' lang='grc' dir='ltr'>Ἰ“υχοῦσα</span> <span class='ocrx_word' id='word_1_759' title='bbox 3373 4831 3466 4888; x_wconf 76' lang='grc' dir='ltr'>οὖν</span> <span class='ocrx_word' id='word_1_760' title='bbox 3498 4835 3598 4904; x_wconf 73' lang='grc' dir='ltr'>τῆς</span> <span class='ocrx_word' id='word_1_761' title='bbox 3631 4834 3803 4899; x_wconf 78' lang='grc' dir='ltr'>ἀξιώ-</span> 
     </span>
    </p>
   </div>
   <div class='ocr_carea' id='block_1_104' title="bbox 2202 4924 3798 4997">
    <p class='ocr_par' dir='ltr' id='par_1_104' title="bbox 2202 4924 3798 4997">
     <span class='ocr_line' id='line_1_104' title="bbox 2202 4924 3798 4997; baseline 0.002 -20"><span class='ocrx_word' id='word_1_762' title='bbox 2202 4941 2341 4988; x_wconf 85' lang='grc' dir='ltr'>σεως</span> <span class='ocrx_word' id='word_1_763' title='bbox 2371 4929 2404 4996; x_wconf 79' lang='grc' dir='ltr'>ὴ</span> <span class='ocrx_word' id='word_1_764' title='bbox 2448 4924 2676 4996; x_wconf 82' lang='grc' dir='ltr'>Μαρκία</span> <span class='ocrx_word' id='word_1_765' title='bbox 2707 4924 2858 4993; x_wconf 87' lang='grc' dir='ltr'>παρὰ</span> <span class='ocrx_word' id='word_1_766' title='bbox 2891 4925 2984 4978; x_wconf 81' lang='grc' dir='ltr'>τοῦ</span> <span class='ocrx_word' id='word_1_767' title='bbox 3013 4926 3281 4996; x_wconf 77' lang='grc' dir='ltr'>Κομόδου,</span> <span class='ocrx_word' id='word_1_768' title='bbox 3307 4927 3493 4980; x_wconf 77' lang='grc' dir='ltr'>δίδωσι</span> <span class='ocrx_word' id='word_1_769' title='bbox 3528 4927 3625 4997; x_wconf 83' lang='grc' dir='ltr'>τὴν</span> <span class='ocrx_word' id='word_1_770' title='bbox 3649 4929 3798 4980; x_wconf 82' lang='grc' dir='ltr'>ἁπο-</span> 
     </span>
    </p>
   </div>
   <div class='ocr_carea' id='block_1_105' title="bbox 2200 5016 3800 5090">
    <p class='ocr_par' dir='ltr' id='par_1_105' title="bbox 2200 5016 3800 5090">
     <span class='ocr_line' id='line_1_105' title="bbox 2200 5016 3800 5090; baseline 0.003 -21"><span class='ocrx_word' id='word_1_771' title='bbox 2200 5016 2428 5089; x_wconf 85' lang='grc' dir='ltr'>λύσιμον</span> <span class='ocrx_word' id='word_1_772' title='bbox 2468 5019 2512 5049; x_wconf 79' lang='lat'>“</span> <span class='ocrx_word' id='word_1_773' title='bbox 2563 5017 2852 5088; x_wconf 85' lang='grc' dir='ltr'>ἐπιστολὴν</span> <span class='ocrx_word' id='word_1_774' title='bbox 2894 5018 3171 5089; x_wconf 79' lang='grc' dir='ltr'>Ὑακίνθῳ</span> <span class='ocrx_word' id='word_1_775' title='bbox 3213 5021 3318 5073; x_wconf 82' lang='grc' dir='ltr'><strong>τινί</strong></span> <span class='ocrx_word' id='word_1_776' title='bbox 3352 5022 3609 5075; x_wconf 84' lang='grc' dir='ltr'>σπάδοντι</span> <span class='ocrx_word' id='word_1_777' title='bbox 3658 5037 3800 5090; x_wconf 79' lang='grc' dir='ltr'>πρι-</span> 
     </span>
    </p>
   </div>
   <div class='ocr_carea' id='block_1_106' title="bbox 1785 5169 2473 5227">
    <p class='ocr_par' dir='ltr' id='par_1_106' title="bbox 1785 5169 2473 5227">
     <span class='ocr_line' id='line_1_106' title="bbox 1785 5169 2473 5227; baseline -0.001 -2"><span class='ocrx_word' id='word_1_778' title='bbox 1785 5169 2020 5226; x_wconf 75' lang='lat' dir='ltr'><strong>VARUE</strong></span> <span class='ocrx_word' id='word_1_779' title='bbox 2065 5169 2362 5227; x_wconf 83' lang='lat' dir='ltr'><strong>LECTION</strong></span> <span class='ocrx_word' id='word_1_780' title='bbox 2373 5172 2473 5225; x_wconf 79' lang='lat' dir='ltr'><strong>ES.</strong></span> 
     </span>
    </p>
   </div>
   <div class='ocr_carea' id='block_1_107' title="bbox 595 5305 3794 5404">
    <p class='ocr_par' dir='ltr' id='par_1_107' title="bbox 595 5305 3794 5404">
     <span class='ocr_line' id='line_1_107' title="bbox 595 5305 3794 5404; baseline 0 0"><span class='ocrx_word' id='word_1_781' title='bbox 595 5309 1047 5404; x_wconf 50' lang='lat' dir='ltr'><strong>tractae;</strong></span> <span class='ocrx_word' id='word_1_782' title='bbox 1116 5305 1994 5404; x_wconf 52' lang='grc' dir='ltr'><strong>ἐ.σξὲέὶῇῖὲξμξυξηᾎεῖξέἥι</strong></span> <span class='ocrx_word' id='word_1_783' title='bbox 2027 5308 2126 5404; x_wconf 60' lang='grc' dir='ltr'><strong>σς.</strong></span> <span class='ocrx_word' id='word_1_784' title='bbox 2258 5310 2474 5404; x_wconf 65' lang='grc' dir='ltr'><strong>,ζὶῖεῖιν</strong></span> <span class='ocrx_word' id='word_1_785' title='bbox 2508 5312 2586 5392; x_wconf 67' lang='grc' dir='ltr'><strong>ξέ-</strong></span> <span class='ocrx_word' id='word_1_786' title='bbox 2611 5313 2723 5398; x_wconf 53' lang='grc' dir='ltr'>τῶν</span> <span class='ocrx_word' id='word_1_787' title='bbox 2755 5329 2939 5404; x_wconf 56' lang='lat' dir='ltr'><strong>inse.</strong></span> <span class='ocrx_word' id='word_1_788' title='bbox 2971 5313 3268 5404; x_wconf 57' lang='grc' dir='ltr'><strong>δαυρρῖειελ</strong></span> <span class='ocrx_word' id='word_1_789' title='bbox 3345 5314 3392 5345; x_wconf 82' lang='grc'><strong>’³</strong></span> <span class='ocrx_word' id='word_1_790' title='bbox 3424 5315 3794 5404; x_wconf 50' lang='lat' dir='ltr'><strong>anan-&#39;9.-</strong></span> 
     </span>
    </p>
   </div>
   <div class='ocr_carea' id='block_1_108' title="bbox 501 5376 3791 5455">
    <p class='ocr_par' dir='ltr' id='par_1_108' title="bbox 501 5376 3791 5455">
     <span class='ocr_line' id='line_1_108' title="bbox 501 5376 3791 5455; baseline 0.003 -25"><span class='ocrx_word' id='word_1_791' title='bbox 501 5376 883 5455; x_wconf 59' lang='lat' dir='ltr'><strong>senitts._0j?;&quot;t0;</strong></span> <span class='ocrx_word' id='word_1_792' title='bbox 911 5381 974 5442; x_wconf 77' lang='grc' dir='ltr'>Ο,</span> <span class='ocrx_word' id='word_1_793' title='bbox 1227 5380 1506 5455; x_wconf 69' lang='grc' dir='ltr'>πιστρῖνον</span> <span class='ocrx_word' id='word_1_794' title='bbox 1534 5393 1688 5455; x_wconf 64' lang='lat' dir='ltr'><strong>sust)1</strong></span> <span class='ocrx_word' id='word_1_795' title='bbox 1711 5376 2002 5455; x_wconf 65' lang='lat' dir='ltr'><strong>sauppins.</strong></span> <span class='ocrx_word' id='word_1_796' title='bbox 2080 5379 2444 5455; x_wconf 35' lang='lat' dir='ltr'><strong>&quot;gguine?</strong></span> <span class='ocrx_word' id='word_1_797' title='bbox 2469 5382 2547 5455; x_wconf 76' lang='grc' dir='ltr'>τῷ</span> <span class='ocrx_word' id='word_1_798' title='bbox 2579 5382 2727 5452; x_wconf 83' lang='grc' dir='ltr'>αύτῷ</span> <span class='ocrx_word' id='word_1_799' title='bbox 2755 5385 2816 5437; x_wconf 81' lang='lat' dir='ltr'><strong>C.</strong></span> <span class='ocrx_word' id='word_1_800' title='bbox 2860 5376 2942 5455; x_wconf 62' lang='lat'><strong>&#39;_&quot;&#39;</strong></span> <span class='ocrx_word' id='word_1_801' title='bbox 2969 5376 3348 5454; x_wconf 74' lang='grc' dir='ltr'>φρουρεῖσθαι.</span> <span class='ocrx_word' id='word_1_802' title='bbox 3382 5376 3703 5455; x_wconf 71' lang='grc' dir='ltr'>φθαρεῖσθαι</span> <span class='ocrx_word' id='word_1_803' title='bbox 3726 5386 3791 5442; x_wconf 82' lang='lat' dir='ltr'><strong>C.</strong></span> 
     </span>
    </p>
   </div>
   <div class='ocr_carea' id='block_1_109' title="bbox 506 5448 1057 5520">
    <p class='ocr_par' dir='ltr' id='par_1_109' title="bbox 506 5448 1057 5520">
     <span class='ocr_line' id='line_1_109' title="bbox 506 5448 1057 5520; baseline -0.004 -16"><span class='ocrx_word' id='word_1_804' title='bbox 506 5451 549 5520; x_wconf 57' lang='grc' dir='ltr'><strong>ξ’</strong></span> <span class='ocrx_word' id='word_1_805' title='bbox 606 5453 948 5520; x_wconf 76' lang='grc' dir='ltr'>σκεψάμενος</span> <span class='ocrx_word' id='word_1_806' title='bbox 995 5448 1057 5503; x_wconf 83' lang='lat' dir='ltr'><strong>C.</strong></span> 
     </span>
    </p>
   </div>
   <div class='ocr_carea' id='block_1_110' title="bbox 1158 5447 2274 5514">
    <p class='ocr_par' dir='ltr' id='par_1_110' title="bbox 1158 5447 2274 5514">
     <span class='ocr_line' id='line_1_110' title="bbox 1158 5447 2274 5514; baseline 0.002 -14"><span class='ocrx_word' id='word_1_807' title='bbox 1158 5447 1205 5482; x_wconf 76' lang='lat'><strong>&quot;</strong></span> <span class='ocrx_word' id='word_1_808' title='bbox 1241 5447 1390 5510; x_wconf 85' lang='grc' dir='ltr'>στάς.</span> <span class='ocrx_word' id='word_1_809' title='bbox 1416 5449 1690 5511; x_wconf 79' lang='grc' dir='ltr'>ἐπιστάςῖ</span> <span class='ocrx_word' id='word_1_810' title='bbox 1783 5449 1829 5482; x_wconf 79' lang='grc'><strong>⁷⁸</strong></span> <span class='ocrx_word' id='word_1_811' title='bbox 1863 5447 2160 5514; x_wconf 83' lang='grc' dir='ltr'>φοσκιανοῦ</span> <span class='ocrx_word' id='word_1_812' title='bbox 2205 5447 2274 5502; x_wconf 71' lang='grc' dir='ltr'>Ὁ.</span> 
     </span>
    </p>
   </div>
   <div class='ocr_carea' id='block_1_111' title="bbox 2371 5449 3791 5524">
    <p class='ocr_par' dir='ltr' id='par_1_111' title="bbox 2371 5449 3791 5524">
     <span class='ocr_line' id='line_1_111' title="bbox 2371 5449 3791 5524; baseline 0.004 -20"><span class='ocrx_word' id='word_1_813' title='bbox 2371 5449 2418 5524; x_wconf 47' lang='grc' dir='ltr'><strong>θ’</strong></span> <span class='ocrx_word' id='word_1_814' title='bbox 2451 5449 2802 5524; x_wconf 18' lang='grc' dir='ltr'>νάπαγγείλας</span> <span class='ocrx_word' id='word_1_815' title='bbox 2868 5449 3171 5524; x_wconf 61' lang='grc' dir='ltr'>Βοθρετιιέ,</span> <span class='ocrx_word' id='word_1_816' title='bbox 3218 5449 3551 5524; x_wconf 73' lang='grc' dir='ltr'>ἐπαγγείλας</span> <span class='ocrx_word' id='word_1_817' title='bbox 3599 5456 3659 5520; x_wconf 83' lang='lat' dir='ltr'><strong>C,</strong></span> <span class='ocrx_word' id='word_1_818' title='bbox 3720 5457 3791 5518; x_wconf 80' lang='grc' dir='ltr'>Μ,</span> 
     </span>
    </p>
   </div>
   <div class='ocr_carea' id='block_1_112' title="bbox 512 5517 3794 5591">
    <p class='ocr_par' dir='ltr' id='par_1_112' title="bbox 512 5517 3794 5591">
     <span class='ocr_line' id='line_1_112' title="bbox 512 5517 3794 5591; baseline -0.002 -19"><span class='ocrx_word' id='word_1_819' title='bbox 512 5517 846 5591; x_wconf 54' lang='grc' dir='ltr'>Βιιιιδοιῇἰιίε.</span> <span class='ocrx_word' id='word_1_820' title='bbox 872 5520 957 5573; x_wconf 82' lang='lat' dir='ltr'><strong>Cf.</strong></span> <span class='ocrx_word' id='word_1_821' title='bbox 987 5533 1149 5591; x_wconf 79' lang='lat' dir='ltr'><strong>supra</strong></span> <span class='ocrx_word' id='word_1_822' title='bbox 1189 5534 1245 5591; x_wconf 69' lang='grc' dir='ltr'><strong>ρ.</strong></span> <span class='ocrx_word' id='word_1_823' title='bbox 1276 5517 1402 5591; x_wconf 60' lang='grc'><strong>455,</strong></span> <span class='ocrx_word' id='word_1_824' title='bbox 1428 5519 1485 5591; x_wconf 64' lang='grc' dir='ltr'>β.</span> <span class='ocrx_word' id='word_1_825' title='bbox 1514 5519 1569 5591; x_wconf 69' lang='lat'><strong>9.</strong></span> <span class='ocrx_word' id='word_1_826' title='bbox 1643 5519 1689 5551; x_wconf 77' lang='lat'>“</span> <span class='ocrx_word' id='word_1_827' title='bbox 1719 5518 1783 5570; x_wconf 82' lang='grc' dir='ltr'>σὺ</span> <span class='ocrx_word' id='word_1_828' title='bbox 1811 5517 1980 5591; x_wconf 70' lang='grc' dir='ltr'>αὐτῷ.</span> <span class='ocrx_word' id='word_1_829' title='bbox 2011 5519 2192 5591; x_wconf 80' lang='grc' dir='ltr'>ἐαυτῷ</span> <span class='ocrx_word' id='word_1_830' title='bbox 2221 5519 2283 5574; x_wconf 91' lang='lat' dir='ltr'><strong>C.</strong></span> <span class='ocrx_word' id='word_1_831' title='bbox 2363 5522 2408 5554; x_wconf 74' lang='grc'><strong>⁸³</strong></span> <span class='ocrx_word' id='word_1_832' title='bbox 2439 5521 2524 5575; x_wconf 83' lang='lat' dir='ltr'><strong>Cf.</strong></span> <span class='ocrx_word' id='word_1_833' title='bbox 2555 5517 2679 5579; x_wconf 82' lang='lat' dir='ltr'><strong>cum</strong></span> <span class='ocrx_word' id='word_1_834' title='bbox 2713 5523 2798 5576; x_wconf 87' lang='lat' dir='ltr'><strong>bis</strong></span> <span class='ocrx_word' id='word_1_835' title='bbox 2831 5526 2925 5578; x_wconf 88' lang='lat' dir='ltr'><strong>Dio</strong></span> <span class='ocrx_word' id='word_1_836' title='bbox 2962 5517 3117 5578; x_wconf 79' lang='lat' dir='ltr'><strong>Cass.</strong></span> <span class='ocrx_word' id='word_1_837' title='bbox 3156 5517 3192 5578; x_wconf 90' lang='lat' dir='ltr'><strong>l.</strong></span> <span class='ocrx_word' id='word_1_838' title='bbox 3222 5517 3390 5591; x_wconf 63' lang='lat' dir='ltr'><strong>sxxii,</strong></span> <span class='ocrx_word' id='word_1_839' title='bbox 3423 5542 3474 5580; x_wconf 92' lang='lat' dir='ltr'><strong>c.</strong></span> <span class='ocrx_word' id='word_1_840' title='bbox 3497 5517 3543 5578; x_wconf 27' lang='lat'><strong>4’</strong></span> <span class='ocrx_word' id='word_1_841' title='bbox 3569 5543 3580 5577; x_wconf 85' lang='lat'><strong>:</strong></span> <span class='ocrx_word' id='word_1_842' title='bbox 3626 5517 3794 5579; x_wconf 55' lang='lat' dir='ltr'><strong>“tam;</strong></span> 
     </span>
    </p>
   </div>
   <div class='ocr_carea' id='block_1_113' title="bbox 507 5587 3793 5711">
    <p class='ocr_par' dir='ltr' id='par_1_113' title="bbox 507 5587 3793 5711">
     <span class='ocr_line' id='line_1_113' title="bbox 507 5587 3793 5711; baseline 0.002 -70"><span class='ocrx_word' id='word_1_843' title='bbox 507 5593 686 5711; x_wconf 54' lang='lat' dir='ltr'><strong>Etim:</strong></span> <span class='ocrx_word' id='word_1_844' title='bbox 707 5590 763 5643; x_wconf 81' lang='grc' dir='ltr'><strong>δέ</strong></span> <span class='ocrx_word' id='word_1_845' title='bbox 787 5589 924 5660; x_wconf 79' lang='grc' dir='ltr'>αὕτη</span> <span class='ocrx_word' id='word_1_846' title='bbox 949 5587 1119 5644; x_wconf 83' lang='grc' dir='ltr'>πολλά</span> <span class='ocrx_word' id='word_1_847' title='bbox 1136 5587 1202 5642; x_wconf 69' lang='grc' dir='ltr'>τε</span> <span class='ocrx_word' id='word_1_848' title='bbox 1221 5587 1362 5691; x_wconf 55' lang='grc' dir='ltr'>ὑπὲρ</span> <span class='ocrx_word' id='word_1_849' title='bbox 1383 5588 1493 5641; x_wconf 82' lang='grc' dir='ltr'>τῶν</span> <span class='ocrx_word' id='word_1_850' title='bbox 1526 5588 1875 5658; x_wconf 80' lang='grc' dir='ltr'>Χριστιανῶν</span> <span class='ocrx_word' id='word_1_851' title='bbox 1907 5587 2208 5642; x_wconf 78' lang='grc' dir='ltr'>σπουδάσαι</span> <span class='ocrx_word' id='word_1_852' title='bbox 2235 5592 2328 5644; x_wconf 78' lang='grc' dir='ltr'>καὶ</span> <span class='ocrx_word' id='word_1_853' title='bbox 2353 5591 2525 5645; x_wconf 69' lang='grc' dir='ltr'>πολλὰ</span> <span class='ocrx_word' id='word_1_854' title='bbox 2547 5595 2748 5657; x_wconf 68' lang='grc' dir='ltr'>αὐτοὺς</span> <span class='ocrx_word' id='word_1_855' title='bbox 2781 5594 3232 5666; x_wconf 81' lang='grc' dir='ltr'>εὐηργετηκέναι,</span> <span class='ocrx_word' id='word_1_856' title='bbox 3265 5587 3499 5650; x_wconf 60' lang='lat' dir='ltr'><strong>cit-texat</strong></span> <span class='ocrx_word' id='word_1_857' title='bbox 3524 5596 3679 5698; x_wconf 70' lang='grc' dir='ltr'>παρὰ</span> <span class='ocrx_word' id='word_1_858' title='bbox 3711 5595 3793 5664; x_wconf 81' lang='grc' dir='ltr'><strong>τῷ</strong></span> 
     </span>
     <span class='ocr_line' id='line_1_114' title="bbox 561 5657 3789 5711; baseline 0 0"><span class='ocrx_word' id='word_1_859' title='bbox 561 5659 783 5711; x_wconf 73' lang='grc' dir='ltr'>ομμόδω</span> <span class='ocrx_word' id='word_1_860' title='bbox 810 5662 918 5711; x_wconf 82' lang='grc' dir='ltr'><strong>πᾶν</strong></span> <span class='ocrx_word' id='word_1_861' title='bbox 947 5659 1242 5711; x_wconf 75' lang='grc' dir='ltr'>δυναμένη.</span> <span class='ocrx_word' id='word_1_862' title='bbox 1346 5659 1366 5691; x_wconf 82' lang='grc'>³</span> <span class='ocrx_word' id='word_1_863' title='bbox 1394 5658 1614 5711; x_wconf 79' lang='grc' dir='ltr'>παλακὴ</span> <span class='ocrx_word' id='word_1_864' title='bbox 1637 5658 1698 5711; x_wconf 75' lang='lat' dir='ltr'><strong>C.</strong></span> <span class='ocrx_word' id='word_1_865' title='bbox 1773 5657 1820 5688; x_wconf 67' lang='grc'><strong>⁸⁸</strong></span> <span class='ocrx_word' id='word_1_866' title='bbox 1844 5658 2114 5711; x_wconf 78' lang='grc' dir='ltr'>Κομόδου.</span> <span class='ocrx_word' id='word_1_867' title='bbox 2153 5661 2444 5711; x_wconf 69' lang='grc' dir='ltr'>Κοιιιιόδου</span> <span class='ocrx_word' id='word_1_868' title='bbox 2471 5663 2494 5711; x_wconf 69' lang='grc' dir='ltr'><em>ἳ</em></span> <span class='ocrx_word' id='word_1_869' title='bbox 2578 5664 2623 5696; x_wconf 74' lang='grc'><strong>⁸⁸</strong></span> <span class='ocrx_word' id='word_1_870' title='bbox 2654 5663 3056 5711; x_wconf 65' lang='grc' dir='ltr'>τετολμημένα-</span> <span class='ocrx_word' id='word_1_871' title='bbox 3093 5665 3266 5711; x_wconf 52' lang='lat' dir='ltr'><strong>enim!</strong></span> <span class='ocrx_word' id='word_1_872' title='bbox 3278 5667 3413 5711; x_wconf 68' lang='grc' dir='ltr'>μένει</span> <span class='ocrx_word' id='word_1_873' title='bbox 3440 5667 3502 5711; x_wconf 83' lang='lat' dir='ltr'><strong>C-</strong></span> <span class='ocrx_word' id='word_1_874' title='bbox 3579 5665 3604 5698; x_wconf 75' lang='grc'><strong><em>⁸</em></strong></span> <span class='ocrx_word' id='word_1_875' title='bbox 3649 5668 3789 5711; x_wconf 68' lang='lat' dir='ltr'><strong>rim-</strong></span> 
     </span>
    </p>
   </div>
   <div class='ocr_carea' id='block_1_114' title="bbox 509 5659 1721 5802">
    <p class='ocr_par' dir='ltr' id='par_1_114' title="bbox 509 5659 1721 5802">
     <span class='ocr_line' id='line_1_115' title="bbox 509 5659 1698 5734; baseline 0.002 -24"><span class='ocrx_word' id='word_1_876' title='bbox 509 5659 783 5734; x_wconf 81' lang='grc' dir='ltr'>Κομμόδῳ</span> <span class='ocrx_word' id='word_1_877' title='bbox 810 5659 922 5716; x_wconf 81' lang='grc' dir='ltr'>πᾶν</span> <span class='ocrx_word' id='word_1_878' title='bbox 947 5659 1242 5731; x_wconf 81' lang='grc' dir='ltr'>δυναμένη.</span> <span class='ocrx_word' id='word_1_879' title='bbox 1319 5659 1366 5691; x_wconf 81' lang='grc'>⁸³</span> <span class='ocrx_word' id='word_1_880' title='bbox 1394 5659 1614 5730; x_wconf 83' lang='grc' dir='ltr'>παλακὴ</span> <span class='ocrx_word' id='word_1_881' title='bbox 1637 5659 1698 5712; x_wconf 81' lang='lat' dir='ltr'><strong>C.</strong></span> 
     </span>
     <span class='ocr_line' id='line_1_116' title="bbox 509 5725 1721 5802; baseline -0.001 -22"><span class='ocrx_word' id='word_1_882' title='bbox 509 5725 754 5799; x_wconf 78' lang='grc' dir='ltr'>λύσιμον.</span> <span class='ocrx_word' id='word_1_883' title='bbox 789 5729 1132 5802; x_wconf 75' lang='grc' dir='ltr'>άπολυσίμην</span> <span class='ocrx_word' id='word_1_884' title='bbox 1164 5729 1228 5798; x_wconf 89' lang='lat' dir='ltr'><strong>C,</strong></span> <span class='ocrx_word' id='word_1_885' title='bbox 1277 5726 1348 5794; x_wconf 73' lang='grc' dir='ltr'>Μ,</span> <span class='ocrx_word' id='word_1_886' title='bbox 1377 5727 1721 5783; x_wconf 71' lang='grc' dir='ltr'>Βυιιεεηὶυεο</span> 
     </span>
    </p>
   </div>
   <div class='ocr_carea' id='block_1_115' title="bbox 1394 5657 3789 5740">
    <p class='ocr_par' dir='ltr' id='par_1_115' title="bbox 1394 5657 3789 5740">
     <span class='ocr_line' id='line_1_117' title="bbox 1394 5657 3789 5740; baseline 0.004 -27"><span class='ocrx_word' id='word_1_887' title='bbox 1394 5658 1614 5740; x_wconf 66' lang='grc' dir='ltr'>παλακη</span> <span class='ocrx_word' id='word_1_888' title='bbox 1637 5658 1698 5712; x_wconf 88' lang='lat' dir='ltr'><strong>C.</strong></span> <span class='ocrx_word' id='word_1_889' title='bbox 1773 5657 1820 5688; x_wconf 79' lang='lat'><strong>“</strong></span> <span class='ocrx_word' id='word_1_890' title='bbox 1844 5658 2114 5728; x_wconf 79' lang='grc' dir='ltr'>Κομόδου.</span> <span class='ocrx_word' id='word_1_891' title='bbox 2153 5661 2444 5732; x_wconf 82' lang='grc' dir='ltr'>Κομμόδου</span> <span class='ocrx_word' id='word_1_892' title='bbox 2471 5663 2494 5718; x_wconf 80' lang='lat' dir='ltr'><strong>‘l</strong></span> <span class='ocrx_word' id='word_1_893' title='bbox 2578 5664 2623 5696; x_wconf 79' lang='lat'><strong>”</strong></span> <span class='ocrx_word' id='word_1_894' title='bbox 2654 5657 3056 5738; x_wconf 66' lang='grc' dir='ltr'>τετολμημέναζ</span> <span class='ocrx_word' id='word_1_895' title='bbox 3093 5657 3413 5740; x_wconf 76' lang='grc' dir='ltr'>τολμημένα</span> <span class='ocrx_word' id='word_1_896' title='bbox 3440 5667 3505 5723; x_wconf 86' lang='lat' dir='ltr'><strong>C.</strong></span> <span class='ocrx_word' id='word_1_897' title='bbox 3579 5657 3629 5698; x_wconf 76' lang='grc'><strong>⁸⁵</strong></span> <span class='ocrx_word' id='word_1_898' title='bbox 3649 5657 3789 5721; x_wconf 62' lang='grc' dir='ltr'><strong>εὶωέ</strong></span> 
     </span>
    </p>
   </div>
  </div>
