4114 6418
442 324 582 392 3409

1934 323 2305 388 ORIGENIS

3586 323 3727 390 3410

444 451 694 496 amantes
740 449 886 508 sunt,
935 439 1217 495 Sadducaci
1261 448 1442 494 autem
1490 439 1573 494 sui
1617 439 1876 508 ipsormu.
1915 439 2024 493 Ihm

2141 437 2474 506 φιλάλληλοι,
2526 437 2572 488 οἱ
2604 436 2660 489 δὲ
2693 434 3041 488 Σαδδουκαῖοι
3070 433 3340 502 φίλαυτοι.
3391 433 3541 505 Αὕτη
3573 437 3607 506 ὴ
3638 437 3728 491 αῖ·

443 546 594 590 secta
629 535 680 589 in
717 533 962 588 Samaria
994 534 1280 588 admodum
1313 531 1618 601 pru‘valuil.
1665 530 1732 583 Et
1769 531 1868 600 ipsi
1907 545 2036 585 vero

442 629 510 683 ad
565 627 700 698 legis
753 643 931 681 mores
979 641 1038 682 se
1092 627 1413 695 applicant,
1476 626 1720 679 dicentes
1785 633 2036 688 oportere

441 734 716 789 quemque
764 719 838 772 ita
893 719 1097 782 vivere,
1141 728 1198 770 ut
1247 717 1473 786 pulchre
1505 717 1651 770 vivat
1685 724 1739 770 et
1785 713 1926 768 ﬁlios
1981 714 2033 768 in

446 821 590 864 terra
637 810 934 878 relinquat.
976 811 1054 863 Ad
1082 810 1373 879 prophetas
1401 817 1584 861 autem
1634 821 1738 860 non
1775 819 1834 860 se
1866 803 2036 874 appli-

445 917 595 965 cant.
623 920 802 974 neque
834 904 900 957 ad
943 904 1078 958 ullos
1107 903 1241 956 alios
1274 903 1565 971 sapientes,
1616 900 1718 954 nisi
1759 899 1930 954 solmn
1966 897 2032 951 ad

443 997 610 1052 Musis
642 999 838 1068 legem,
873 997 1008 1049 nihil
1054 997 1494 1065 interpretantes.
1544 995 1668 1050 Haec
1693 993 1856 1064 igitur
1883 1001 2027 1055 sunt,

443 1106 562 1159 qua!
597 1099 650 1142 et
682 1088 962 1142 Sadducmi
997 1088 1240 1156 diligunt.

513 1180 606 1234 '50.
650 1179 914 1245 Quoniam
971 1179 1132 1247 igitur
1181 1188 1230 1232 et
1287 1194 1406 1248 qua:
1459 1179 1602 1233 inter
1647 1177 1858 1234 Iudaeos
1904 1189 2030 1234 sunt

443 1269 781 1325 differentias
808 1270 1174 1333 exposuimus,
1209 1284 1517 1338 congruens
1561 1269 1692 1323 mihi
1721 1284 1846 1324 esse
1879 1269 2031 1325 vide-

447 1371 552 1426 tur,
585 1361 756 1425 etiam
776 1360 975 1414 cultum
1006 1373 1193 1412 earum
1229 1358 1472 1412 divinum
1507 1359 1728 1412 silentio
1757 1374 1862 1412 non
1892 1375 2028 1428 prm-

444 1455 764 1508 termittere.
811 1453 910 1507 Est
950 1453 1116 1519 igitur
1164 1452 1304 1520 apud
1346 1450 1564 1507 Iudaeos
1613 1451 1667 1505 in
1713 1451 2025 1506 universum

441 1543 686 1596 doctrina
735 1541 801 1595 de
847 1541 994 1595 cultu
1054 1542 1240 1593 divino
1286 1541 1663 1609 quadruplex:
1701 1540 2024 1608 theologica,

439 1633 722 1697 naturalis,
784 1632 1030 1695 moralis,
1098 1633 1424 1700 hierurgica.
1480 1631 1549 1686 Et
1609 1633 1766 1688 deum
1808 1635 2025 1704 quidem

437 1741 603 1780 unum
635 1740 754 1780 esse
778 1726 953 1789 aiunt,
989 1735 1043 1779 et
1066 1724 1313 1792 opificem
1348 1725 1588 1778 universi
1626 1735 1679 1780 et
1718 1727 2024 1788 Dominum,

2147 547 2293 602 ρεσις
2349 529 2478 600 περὶ
2519 528 2617 598 τὴν
2652 527 2972 597 Σαμάρειαν
3015 526 3217 597 μᾶλλον
3249 527 3582 598 ἐκρατύνθη.
3617 529 3730 583 Καὶ

2143 618 2297 672 αὐτοὶ
2325 618 2382 670 δὲ
2433 620 2545 680 τοῖς
2575 617 2668 670 τοῦ
2698 616 2863 686 νόμου
2891 615 3043 668 ἔθεσι
3079 615 3433 686 προσέχουσι,
3469 617 3729 686 λέγοντες

2139 709 2250 764 δεῖν
2271 707 2415 761 οὓτω
2447 707 2568 779 ζῇν.
2604 709 2692 762 ἵνα
2716 707 2896 770 καλῶς
2921 707 3097 777 βιώσῃ
3130 709 3220 760 καὶ
3253 708 3262 777 |
3296 707 3464 760 τέκνα
3495 709 3588 760 ἐπὶ
3619 710 3730 778 γῆς

2141 800 2469 870 καταλείπῃ.
2515 801 2828 870 Προφήταις
2859 799 2915 852 δὲ
2954 799 3012 851 ού
3044 798 3429 869 προσέχουσιν,
3461 797 3577 850 ἀλλ’
3606 799 3730 852 οὐδὲ

2142 893 2350 964 ἑτέροις
2394 893 2507 946 τισὶ
2556 895 2763 960 σοφοῖς,
2817 891 2958 962 πλὴν
3009 891 3156 962 μόνῳ
3207 890 3287 960 τῷ
3338 890 3427 944 διὰ
3481 891 3730 953 Μωσέως

2140 985 2312 1056 νόμῳ,
2342 986 2507 1058 μηδὲν
2534 984 2951 1056 ἑρμηνεύοντες.
2983 983 3167 1036 Ταῦτα
3194 983 3296 1054 μὲν
3323 978 3442 1048 οὖν,
3487 983 3525 1038 ἃ.
3559 985 3649 1038 καὶ
3674 986 3728 1038 ot

2140 1078 2489 1131 Σαδδουκαῖοι
2516 1077 2902 1148 αίρετίζουσιν.

2207 1171 2272 1224 λ’.
2313 1172 2466 1224 Ἐπεὶ
2493 1171 2674 1223 τοίνυν
2701 1169 2796 1223 καὶ
2815 1169 2916 1232 τὰς
2944 1169 3094 1239 παρὰ
3135 1167 3418 1231 Ἰουδαίοις
3459 1166 3727 1238 διαφορὰς

2139 1264 2498 1334 ἐκτεθείμεθα
2517 1265 2586 1328 δ’,
2628 1261 2847 1331 εῠλογον
2889 1263 3038 1317 δοκεῖ
3075 1263 3172 1316 καὶ
3205 1262 3303 1334 τὴν
3338 1262 3574 1333 ἄσκησιν
3622 1263 3729 1331 τῆς

2136 1357 2342 1410 τούτων
2379 1356 2690 1419 θεοσεϐείας
2723 1356 2798 1426 μὴ
2825 1357 3212 1425 παρασιωπᾷν.
3251 1355 3411 1407 Ἐστι
3437 1354 3538 1425 μὲν
3572 1349 3666 1408 οὖν
3689 1355 3726 1423 ή

2137 1449 2279 1503 κατά
2318 1449 2527 1512 πάντας
2585 1449 2874 1510 Ἰουδαίους
2912 1447 3057 1501 κατά
3085 1448 3184 1518 τὴν
3219 1446 3537 1501 θεοσέϐειαν
3575 1463 3726 1517 πρα-

2135 1540 2368 1612 γματεία
2395 1543 2653 1612 τετραχῆ.
2691 1539 3000 1609 θεολογικὴ,
3031 1539 3263 1609 φυσικὴ,
3289 1537 3478 1608 ἠθικὴ,
3506 1539 3726 1608 ἱερουρ-

2135 1635 2286 1704 γική.
2317 1633 2428 1685 Καὶ
2447 1633 2536 1686 τὸν
2561 1632 2657 1702 μὲν
2676 1632 2808 1686 Θεὸν
2830 1632 2928 1685 ἕνα
2953 1627 3092 1684 εἷναι
3125 1630 3364 1700 λέγουσι,
3385 1628 3724 1700 δημιουργόν

2134 1740 2193 1775 τε
2236 1723 2332 1775 τοῦ
2373 1723 2574 1786 παντὸς
2607 1716 2701 1775 καὶ
2731 1721 2985 1793 Κ[ύριον]
3009 1723 3076 1785 ⁸³,
3123 1723 3427 1792 ποιήσαντα
3444 1720 3622 1774 πάντα
3655 1719 3721 1772 ού

435 1819 528 1887 qui
555 1819 744 1873 fecerit
774 1817 1050 1882 universa,
1083 1831 1205 1869 cmn
1253 1827 1410 1871 antea
1454 1832 1562 1871 non
1609 1817 1813 1871 fuerint
1855 1831 2024 1885 neque

2130 1812 2396 1882 πρότερον
2439 1809 2618 1883 ﬁbra]
2639 1812 2708 1870 ⁸⁵,
2737 1811 2858 1862 οὐδὲ
2888 1809 2950 1862 ἐκ
2990 1826 3138 1873 τινος
3185 1807 3562 1878 ὑποκειμένης
3587 1821 3724 1872 συγ-

439 1926 508 1966 ex
538 1908 854 1976 subjacente
877 1910 1110 1977 quadam
1135 1909 1436 1962 substantia
1469 1923 1672 1973 coarva,
1704 1909 1798 1962 sed
1837 1908 2024 1962 volens

442 2014 498 2057 et
535 2016 749 2062 creans,
790 2008 843 2052 ct
889 2015 1014 2054 esse
1043 2000 1264 2069 angelos
1303 2014 1503 2068 eosque
1547 2000 1718 2055 factos
1769 2001 1834 2053 all
1865 2001 2027 2054 mini-

441 2093 722 2147 straudnm
767 2092 928 2143 rebus
957 2091 1180 2156 creatis,
1212 2104 1396 2143 verum
1421 2104 1543 2144 esse
1580 2090 1742 2144 etiam
1776 2090 2025 2158 spiritum

441 2191 729 2259 quemdam
762 2197 1042 2258 potentem
1075 2187 1140 2238 ad
1172 2183 1559 2239 celebrandum
1595 2192 1652 2236 et
1700 2181 2025 2235 laudandum

441 2282 579 2350 apud
613 2281 777 2334 Deum
817 2293 1030 2347 semper
1061 2287 1466 2346 permanentem
1493 2291 1508 2340 ;
1535 2273 1717 2327 omnia
1763 2287 1942 2326 autem
1975 2274 2025 2325 iu

440 2375 602 2428 rebus
653 2373 854 2427 creatis
891 2387 1108 2425 sensum
1165 2368 1389 2432 habere,
1448 2367 1693 2436 nihilque
1741 2380 1862 2419 esse
1911 2365 2028 2417 ina-

439 2463 607 2516 nime.
663 2462 726 2514 Et
779 2460 1024 2513 moribus
1081 2457 1302 2510 student
1349 2455 1595 2509 honestis
1663 2455 2028 2519 modestacquc

442 2551 588 2615 vitm,
619 2550 778 2604 sicuti
807 2564 872 2602 ex
905 2548 1115 2617 legibus
1139 2560 1472 2614 cognoscere
1509 2546 1655 2600 licet.
1691 2544 1815 2598 llaec
1845 2553 2023 2596 autem

437 2644 566 2697 olim
614 2653 869 2698 accurate
911 2640 1131 2695 definita
1171 2648 1329 2694 erant
1365 2638 1507 2708 apud
1545 2638 1712 2708 ipsos,
1758 2637 1846 2706 qui
1891 2637 2029 2688 anti-

437 2735 645 2803 quitus,
693 2749 801 2788 non
851 2747 1024 2802 nuper
1067 2731 1238 2800 legem
1281 2729 1536 2784 traditam
1569 2736 1913 2797 acceperunt,
1951 2727 2022 2778 ita

438 2838 497 2880 ut
540 2827 709 2880 lector
747 2831 1025 2892 stupescat
1069 2823 1121 2876 in
1159 2830 1308 2876 tanta
1362 2821 1624 2875 modestia
1667 2828 1722 2874 et
1769 2827 2024 2872 accurata

438 2919 716 2988 diligentia
747 2932 958 2970 morum
997 2914 1200 2968 horniui
1235 2913 1351 2980 lege
1376 2920 1716 2967 sanctorum.
1745 2909 2026 2977 I-Iierurgi-

439 3028 560 3064 eum
605 3021 786 3064 autem
837 3009 1200 3062 ministerium
1231 3018 1575 3074 summopere
1627 3005 1900 3058 exenltmn
1943 3011 2027 3056 est

438 3103 578 3170 apud
623 3117 742 3166 eos,
777 3100 1037 3154 decenter
1070 3096 1281 3151 numini
1311 3097 1496 3150 divino
1533 3097 2022 3153 accommodatum,

437 3195 596 3248 sicuti
628 3193 695 3246 iis
717 3192 807 3259 qui
835 3191 1042 3252 volunt,
1072 3191 1114 3244 si
1141 3189 1362 3253 librum,
1386 3188 1478 3257 qui
1506 3189 1571 3242 de
1600 3189 1682 3242 his
1707 3189 1866 3242 rebus
1892 3188 2022 3257 agit,

437 3285 644 3355 legunt,
677 3281 1032 3355 492-493
1063 3279 1220 3333 facile
1253 3288 1338 3333 est
1369 3280 1611 3347 cognitu,
1647 3293 1808 3346 quam
1861 3279 2028 3332 hone-

438 3386 520 3432 ste
542 3385 597 3430 et
626 3375 876 3442 religiose
905 3374 1010 3426 Deo
1038 3369 1331 3426 offerentes
1359 3370 1628 3438 primitias
1661 3384 1869 3432 eorum,
1907 3383 2027 3437 quae

437 3469 506 3522 ab
547 3468 666 3536 ipso
711 3467 762 3519 in
820 3480 976 3518 usum
1020 3472 1076 3518 et
1117 3465 1459 3518 commodum
1509 3461 1786 3516 hominum
1827 3461 2024 3512 donata

439 3570 587 3624 stmt,
620 3557 736 3624 ejus
771 3557 923 3626 jussu
954 3555 1203 3610 ordinate
1233 3565 1288 3607 et
1323 3553 1542 3606 assidue
1568 3548 2020 3604 ministraveriut.

439 3648 641 3703 Horum
674 3657 853 3701 autem
890 3645 1070 3713 aliqua
1097 3643 1380 3697 Satlducaai
1409 3651 1640 3709 negant;
1672 3642 1857 3693 nolunt
1879 3639 2024 3693 enim

437 3740 660 3810 angelos
698 3738 782 3792 vel
829 3737 1054 3805 spiritus
1095 3745 1335 3790 exstare.
1386 3735 1586 3789 Omnes
1636 3743 1817 3787 autem
1861 3731 2023 3787 simili

441 3832 602 3886 modo
646 3829 921 3885 Christum
973 3836 1311 3896 exspectant,
1362 3841 1486 3880 cum
1531 3826 1615 3880 lex
1663 3834 1716 3880 et
1750 3825 2025 3895 propheta:

441 3927 800 3977 adventnrum
831 3919 1337 3991 pranuntiaverint,
1383 3918 1550 3974 Judaei
1587 3929 1768 3974 autem
1809 3927 2024 3990 tempus

438 4013 556 4079 eius
603 4011 867 4066 adventus
929 4025 1032 4065 non
1083 4010 1439 4081 agnoverint,
1496 4011 1569 4064 ita
1625 4019 1684 4064 ut
1744 4021 2024 4066 remaneat

438 4103 674 4172 suspicio
710 4101 1045 4171 putantibus,
1076 4116 1161 4165 ea,
1200 4115 1321 4170 qua:
1356 4100 1424 4155 de
1463 4101 1696 4155 adventu
1733 4099 1854 4168 ejus
1881 4100 2021 4156 dicta

436 4202 584 4255 sunt,
627 4208 734 4245 non
767 4206 889 4245 esse
921 4190 1164 4260 impleta,
1201 4199 1528 4260 exspectent
1570 4199 1753 4245 autem
1775 4189 1886 4258 jam
1929 4191 2022 4244 ad-

437 4293 725 4337 ventnrum
779 4281 1082 4346 Christum,
1135 4281 1262 4352 quia
1307 4296 1429 4336 eum
1480 4296 1602 4335 cum
1649 4281 1868 4336 advenit
1915 4295 2021 4336 non

2129 1901 2322 1972 χρόνον
2383 1901 2605 1964 ούσίας,
2665 1898 2828 1970 αἱ).λά
2882 1896 3216 1969 θιελήσαντα
3260 1896 3357 1949 καὶ
3415 1895 3720 1958 κτίσαντα,

2132 1988 2272 2044 εἶναί
2296 2008 2355 2044 τε
2380 1990 2668 2060 ἀγγέλους,
2701 1991 2798 2043 καὶ
2834 1988 3062 2052 τούτους
3092 1989 3421 2059 γενομένους
3442 1986 3580 2056 πρὸς
3600 1986 3722 2039 λει-

2127 2083 2392 2154 τουργίαν
2423 2083 2526 2151 τῆς
2550 2082 2804 2144 κτίσεως,
2837 2081 2974 2134 ἀλλά
2995 2080 3090 2134 καὶ
3122 2080 3341 2149 πνεῦμα
3371 2079 3720 2144 ἐξουσιαστι-

2127 2178 2220 2229 κδν
2252 2177 2390 2248 πρὸς
2410 2174 2566 2241 δόξαν
2610 2177 2705 2230 καὶ
2733 2170 2880 2229 αἶνον
2911 2175 3029 2246 Θεῷ
3063 2176 3150 2228 ἀεὶ
3185 2173 3601 2244 παραμένοντες.
3640 2173 3714 2223 τὰ

2129 2267 2307 2320 πάντα
2341 2267 2398 2320 δὲ
2422 2270 2479 2319 ἐν
2501 2269 2566 2338 τῇ
2601 2267 2775 2320 κτίσει
2806 2265 3062 2336 αἴσθησιν
3080 2265 3226 2334 ἔχειν
3251 2264 3349 2318 καὶ
3380 2264 3545 2334 μηδὲν
3573 2260 3722 2316 εἶναι

2127 2358 2356 2427 ἄψυχον.
2400 2357 2604 2419 Ἥθους
2643 2374 2700 2410 τε
2753 2355 3162 2410 ἀντιποιοῦνται
3212 2353 3416 2424 σεμνοῦ
3458 2353 3555 2408 καὶ
3607 2351 3720 2406 σώ-

2128 2467 2322 2519 φρονος
2358 2449 2493 2518 βίου,
2527 2448 2712 2512 καθὼς
2740 2448 2892 2502 ἐστιν
2924 2449 2990 2500 ἐκ
3027 2447 3137 2500 τῶν
3170 2447 3354 2516 νόμων
3386 2446 3717 2513 ἐπιγνῶναι.

2127 2541 2311 2594 Ταῦτα
2342 2541 2398 2594 δὲ
2425 2541 2595 2595 πάλαι
2615 2539 3026 2612 ἀκριϐαζόμενα
3056 2535 3124 2609 ἦν
3151 2539 3281 2611 παρ’
3304 2538 3510 2601 αὐτοῖς,
3547 2537 3723 2607 ἀρχῆ-

2127 2633 2240 2698 θεν,
2271 2631 2380 2704 [ού]
2413 2635 2610 2686 νεωστὶ
2639 2634 2686 2666 ⁸⁸
2726 2634 2817 2687 τδν
2845 2633 3012 2703 νόμον
3044 2630 3467 2704 παρειληφόσιν,
3508 2628 3585 2691 ὡς
3623 2629 3719 2682 τὸν

2127 2723 2526 2793 ἐντυγχάνοντα
2547 2725 2972 2795 καταπλαγῆναι
2999 2725 3093 2778 ἐπὶ
3120 2723 3363 2797 τοσαύτῃ
3385 2721 3721 2796 σωφροσύνῃ

2126 2816 2215 2868 καὶ
2245 2817 2536 2888 ἐπιμελείᾳ
2563 2817 2659 2871 τοῦ
2691 2818 2822 2888 περὶ
2855 2818 2946 2871 τὸν
2976 2816 3266 2887 ἄνθρωπον
3317 2814 3722 2886 νομοθετουμέ-

2125 2928 2216 2964 νου
2236 2911 2423 2980 ἤθους.
2459 2910 2628 2981 Ἱερου
2638 2911 2800 2982 ργικὴ
2817 2910 2873 2963 δὲ
2891 2910 3206 2982 λειτουργία
3223 2909 3411 2980 ἄκρως
3441 2907 3721 2978 ὲξήσκητο

2127 3002 2256 3072 παρ’
2278 3005 2463 3066 αὐτοῖς
2485 3002 2838 3072 εὐσχημόνως
2858 3002 2995 3072 πρὸς
3017 3002 3077 3054 τὸ
3088 3001 3242 3054 Θεῖον
3266 2999 3718 3071 προσφερομένη.

2127 3095 2312 3161 καθὼς
2352 3100 2465 3161 τοῖς
2503 3096 2851 3168 βουλομένοις
2897 3095 3080 3168 ῥᾴδιόν
3122 3095 3274 3148 ἐστιν
3303 3093 3591 3164 ἐντυχοῦσι
3647 3096 3718 3164 τῇ

2130 3189 2257 3260 περὶ
2291 3188 2494 3242 τούτων
2516 3188 2916 3260 ἐξαγορευούσῃ
2954 3186 3120 3258 βίόλῳ
3149 3186 3362 3258 μαθεῖν,
3397 3187 3472 3250 ὡς
3500 3187 3720 3257 σεμνῶς

2129 3280 2208 3352 [ρ.
2249 3281 2558 3353 507-509]
2601 3283 2695 3336 καὶ⁸
2733 3282 2895 3345 ὁσίως
2926 3281 3003 3352 τῷ
3032 3281 3153 3352 Θεῷ
3199 3282 3578 3351 ἀπαρχόμενοι
3604 3281 3720 3334 τῶν

2129 3376 2262 3444 παρ’
2310 3373 2476 3428 αὐτοῦ
2507 3375 2904 3444 δεδωρημένων
2934 3376 3015 3438 είς
3046 3374 3243 3444 χρῆσιν
3284 3373 3382 3428 καὶ
3411 3373 3718 3427 ἀπόλαυσιν

2129 3464 2473 3535 ἀνθρώπων,
2515 3465 2864 3536 κελευόμενοι
2915 3466 3199 3530 εὐτάκτως
3242 3467 3339 3519 καὶ
3378 3467 3718 3536 παραμόνιος

2128 3554 2528 3626 ἐλειτούργουν.
2568 3555 2788 3610 Τούτων
2819 3556 2877 3610 δέ
2919 3575 3041 3610 τινα
3093 3558 3143 3610 οἱ
3198 3558 3545 3611 Σαδδουκαῖοι
3604 3557 3716 3610 ἀπ-

2127 3644 2518 3714 αγορεύουσιν’
2550 3646 2611 3700 ού
2634 3645 2745 3718 γὰρ
2777 3646 3058 3717 βούλονται
3089 3649 3132 3680 ⁸⁷
3161 3647 3429 3717 ἀγγέλους
3461 3649 3494 3720 ἢ
3545 3649 3716 3701 πνεύ-

2129 3752 2278 3806 ματα
2308 3736 2597 3809 ὑπάρχειν.
2626 3740 2690 3791 Oi
2735 3739 2794 3792 δὲ
2825 3740 3028 3803 πάντες
3051 3740 3253 3811 ὁμοίως
3275 3741 3510 3811 Χριστὸν
3540 3757 3716 3811 προσ-

2124 3824 2390 3895 δέχονται,
2442 3825 2542 3880 τοῦ
2594 3829 2694 3898 μὲν
2754 3829 2923 3898 νόμου
3009 3831 3106 3883 καὶ
3156 3830 3268 3883 τῶν
3317 3831 3618 3902 προφητῶν
3666 3831 3716 3864 ⁸⁸

2127 3918 2508 3989 παρεσόμενον
2555 3920 3044 3993 προκηρυξάντων,
3083 3921 3193 3976 τῶν
3242 3924 3287 3955 ⁸⁹
3327 3923 3385 3976 δὲ
3444 3925 3716 3978 Ἰουδαίων

2124 4007 2214 4061 τὸν
2258 4009 2450 4081 καιρὸν
2483 4013 2582 4083 τῆς
2631 4013 2940 4083 παρουσίας
2995 4015 3070 4085 μὴ
3103 4015 3459 4083 ἐπιγνόντων,
3500 4015 3620 4089 [ὡς]
3666 4019 3715 4050 ’⁸

2127 4101 2416 4171 ἐπιμένειν
2436 4103 2536 4172 τὴν
2555 4103 2811 4159 ὑπόνοιαν
2836 4104 2930 4158 τοῦ
2953 4105 3132 4160 δοκεῖν
3151 4106 3225 4177 μὴ
3247 4106 3314 4160 τά
3331 4108 3474 4179 εῖ[ρη
3483 4109 3619 4180 μένα
3627 4108 3644 4180 j
3664 4109 3716 4143 ⁸⁸

2126 4193 2258 4264 περὶ
2288 4194 2390 4264 τῆς
2433 4197 2742 4266 παρουσίας
2773 4197 3124 4265 τετελέσθαι,
3155 4201 3465 4272 προσδοκᾷν
3516 4201 3572 4254 δὲ
3607 4202 3713 4272 ήδη

2127 4283 2369 4353 Χριστὸν
2401 4285 2780 4357 παρεσόμενον
2809 4286 2900 4340 διὰ
2927 4289 2989 4341 τὸ
3018 4289 3263 4359 παρόντα
3288 4291 3333 4321 ⁹¹
3364 4291 3438 4361 μὴ
3471 4292 3715 4359 ἐπεγνω-

433 4375 779 4444 agnoverint,
830 4384 883 4429 et
923 4375 1081 4442 signa
1118 4383 1420 4442 temporum
1455 4372 1598 4443 quod
1629 4372 1740 4440 jam
1788 4371 2022 4428 adfuerit

2130 4373 2298 4442 κέναι,
2321 4375 2417 4428 καὶ
2431 4376 2499 4430 τὰ
2532 4376 2595 4430 σύ
2603 4377 2777 4448 μὸολα
2792 4379 2903 4432 τῶν
2929 4380 3142 4451 καιρῶν
3163 4379 3374 4453 τοῦῆδη
3395 4400 3715 4453 παραγεγο-

434 4467 681 4519 videntes
706 4463 1095 4533 perturbentur
1128 4474 1182 4518 et
1224 4465 1421 4532 pudeat
1464 4480 1560 4520 eos
1602 4465 1848 4521 confiteri
1894 4481 2016 4520 eum

431 4555 669 4616 venisse,
715 4555 975 4624 quoniam
1032 4556 1148 4607 suis
1201 4555 1454 4609 manibus
1500 4571 1624 4610 eum
1677 4557 2014 4623 necaverint,

432 4647 694 4717 indignati
727 4661 847 4699 cum
896 4647 964 4700 ab
1009 4660 1074 4699 eo
1106 4647 1590 4714 convincerentur,
1627 4649 1768 4717 quod
1811 4648 2018 4718 legibus

434 4753 538 4790 non
565 4737 955 4792 obedivissent.
989 4735 1054 4790 Et
1087 4752 1234 4802 eum,
1264 4737 1354 4806 qui
1385 4738 1452 4791 ita
1483 4738 1682 4792 missus
1712 4747 1794 4791 est
1821 4751 1849 4790 a
1880 4737 2008 4802 Deo,

2124 4465 2273 4520 νέναι
2305 4468 2553 4539 δρῶντας
2591 4471 2956 4542 ταράττεσθαι
2989 4513 3004 4538 ,
3028 4474 3294 4527 αἰδεῖσθαί
3317 4493 3375 4528 τε
3425 4477 3713 4546 ὁμολογεῖν

2124 4557 2448 4629 ἐληλυθέναι
2477 4562 2544 4628 ⁸³,
2575 4563 2698 4616 ἐπεὶ
2727 4562 2774 4594 ’⁸
2807 4563 3125 4635 αὐτόχειρες
3169 4565 3333 4618 αὐτοῦ
3363 4568 3708 4637 γεγένηνται,

2125 4649 2558 4718 ἀγανακτοῦντες
2587 4653 2933 4726 ἐλεγχόμενοι
2952 4656 3044 4712 ὑπ’
3066 4655 3256 4718 αὐτοῦ,
3277 4657 3359 4710 ὅτι
3382 4660 3493 4720 τοῖς
3524 4657 3713 4728 νόμοις

2122 4739 2199 4812 μὴ
2229 4741 2568 4812 ὑπήκουσαν.
2603 4744 2715 4798 Καὶ
2747 4745 2838 4798 τὸν
2867 4745 2967 4816 μὲν
2998 4743 3172 4809 οὕτως
3196 4746 3571 4800 ἀποσταλέντα
3605 4747 3712 4800 ὑπὸ

433 4964 1183 5059 ἕὲῧοῗῖῗῖεἱ’-ἓαξξῖἳὲφῗῗ²θνκ
1201 4968 1865 5059 δῗέᾳῖἐτρδὶἀλλήῆουὶ
1886 4975 1951 5059 τθέ
1977 4976 2100 5059 εθέἓς
2126 4975 2492 5059 ἔγριώτερρνν
2523 4982 2584 5034 αῖ
2606 4999 2665 5059 Ῥε
2691 4982 2966 5059 ἐπιμιξίαι
3002 4982 3139 5059 πρὸς
3165 4983 3292 5047 τοὺς
3319 4982 3540 5052 ὁμοίους
3565 4983 3713 5053 ἀπη-

432 5037 563 5100 νεῖς,
596 5035 671 5097 ὡς
701 5035 836 5108 πρὸς
867 5038 1207 5109 ἀλλοτρίους.
1247 5041 1289 5092 Τ
1293 5035 1486 5092 οιαῦτα
1510 5042 1609 5111 μὲν
1638 5035 1766 5116 περὶ
1799 5035 1909 5098 τῶν
1935 5050 1993 5100 ἐν
2033 5035 2307 5111 Ἰουδαίοις
2340 5035 2776 5121 φιλοσοφούντων
2791 5035 2952 5123 ἐἶχον
2979 5035 3156 5106 εἰπεῖν

1727 5195 1961 5250 VARle
2000 5195 2400 5254 LECTIONES.

533 5321 578 5351 ει
609 5321 958 5393 ἐκτεθήμεθα

431 5404 608 5446 ratum
639 5389 991 5459 fuisse—putat
1022 5391 1092 5445 Μ.

1189 5322 1244 5424 se:
1565 5329 1790 5400 κτίστην
1848 5330 2097 5424 ξηδίξο
2134 5331 2375 5424 sagulis,
2438 5334 2650 5422 κόσμον
2701 5337 3036 5424 ‘Roeperus':
3074 5336 3170 5390 καὶ
3201 5337 3434 5424 fortasse
3468 5334 3552 5424 his
3574 5351 3708 5391 exa-

1230 5393 1426 5466 δρντα.
1457 5397 1725 5453 Lacunam
1746 5393 1989 5466 explevit
2018 5400 2089 5454 Μ.

2189 5403 2234 5434 ⁸⁸
2272 5403 2612 5478 παραμένον·
2655 5408 2745 5461 τὰ.
2798 5403 3207 5477 παραμένοντα*
3245 5408 3306 5472 (1,
3343 5407 3411 5460 Μ.
3491 5405 3536 5438 ⁸⁸
3573 5411 3710 5478 παρ’

429 5463 636 5560 ειῇξρῖς.
650 5462 1010 5560 afﬂigat-,3?
1035 5463 1570 5560 Vicisti-Sittppittsgn
1588 5472 1738 5540 παρὰ
1764 5462 1878 5551 τοῖς
1917 5470 2157 5540 ἀρχῆθεν
2177 5462 2367 5560 νεοστῗ
2385 5462 2554 5560 n(IE‘M,
2580 5478 2670 5559 qui
2705 5480 2757 5531 in
2793 5462 2892 5560 ηρὲ
2915 5462 3079 5530 verba
3113 5462 3623 5560 la_tere'suspifatur
3652 5462 3712 5530 ἓν

429 5531 702 5624 TWa-nn:
726 5533 1027 5624 βούξοὲτῆξο
1059 5531 1358 5624 βδύλοιξξιξι
1384 5538 1446 5591 (3-
1499 5541 1570 5624 "3
1595 5531 1911 5624 προφητῶν.
1945 5531 2243 5624 προφητῶν
2269 5545 2408 5624 τὸν-ξ
2442 5531 2730 5617 Sauppius.
2808 5548 2853 5579 ⁸⁸
2887 5531 3358 5618 προκηρυξάντων
3377 5587 3388 5607 ,
3412 5531 3550 5600 ’τῶν.
3581 5564 3714 5618 προ-

429 5601 802 5672 κηρυξάντων.
827 5601 946 5656 Τῶν
973 5602 1034 5668 C,
1078 5603 1148 5655 M.

1248 5605 1820 5681 ⁹ξιὲπιγνόντων,ςώ’ς.
1865 5605 2202 5681 ἐπι-γνόντων
2264 5615 2328 5680 C,
2359 5615 2428 5681 Μ,

2481 5616 2865 5686 ἐπιγνόντων,-
2912 5616 3130 5684 ἐγένετο
3195 5621 3341 5686 conj.
3406 5616 3709 5686 Roeperus.

430 5673 478 5761 ξ’,
767 5675 996 5761 ῃηιξξένςι,
1017 5675 1228 5761 {Niliac-
1269 5674 1339 5734 Μ.
1369 5672 1444 5761 ,π
1474 5678 1533 5732 τὸ
1566 5672 1831 5761 παρόντα,
1861 5672 2354 5761 τδτὺνιπαρόνταίῖ
2379 5755 2390 5761 _
2417 5672 2474 5761 ’Ἴ
2503 5672 2846 5760 Sci-ipsimus
2871 5672 3212 5761 ἐληλυθέναι.
3241 5672 3404 5744 Initio
3428 5672 3638 5743 lacuna:
3657 5672 3711 5755 ἐ,

429 5742 484 5795 in
518 5742 622 5828 fine
652 5759 730 5807 αι,
759 5742 1005 5810 ριᾑθυιο
1039 5755 1168 5800 ante
1195 5755 1452 5802 accentus
1499 5742 1852 5819 conspicitur.
1895 5750 1962 5804 M.
2042 5753 2090 5784 “
2124 5742 2268 5808 ἐπεὶ.
2307 5755 2402 5809 ἐπὶ
2433 5755 2496 5812 C.
