4114 6416
348 376 484 443 3411

1503 382 1805 444 CONTRA
1842 377 2214 440 ΗίΕΙὶΕΞΕΞ
2249 377 2397 437 LIB.
2425 375 2530 434 IX.

3486 374 3627 439 3412

348 489 445 544 τοῦ
477 488 637 556 Θεοῦ,
670 490 906 562 Χριστὸν
934 492 1036 545 οὐκ
1064 487 1208 547 εῖναι
1240 493 1432 547 τοῦτον
1456 493 1709 563 λέγουσιν
1736 514 1749 526 ·
1780 494 1936 547 ἐλεύ-

2049 492 2185 546 hunc
2219 490 2501 545 Christum
2546 502 2652 542 non
2702 501 2823 542 esse
2866 488 3067 553 dicunt,
3111 497 3399 541 venturum
3446 499 3624 543 autem

353 579 546 634 σεσθαι
592 580 652 634 δέ
703 581 914 652 ἕτερον,
966 584 1059 636 τὸν
1105 585 1208 638 οὐκ
1242 584 1396 647 ὅντα,
1441 588 1520 649 εἰς
1550 586 1609 638 ὃν
1654 585 1724 638 τά
1752 586 1798 618 ’⁵
1836 585 1937 655 μὲν

352 670 598 742 σύμϐολα
623 674 686 725 ἐκ
719 674 921 745 μέρους
944 675 1014 740 ³⁸,
1051 676 1155 729 ὅσα
1184 678 1213 730 ὁ
1244 678 1410 746 νόμος
1447 680 1540 731 καὶ
1571 679 1621 731 οἱ
1655 678 1936 749 προφῆται

350 763 685 835 προέφηναν,
715 766 1040 836 ὁμολογοῦσι
1062 808 1077 833 ,
1109 767 1232 822 τινὰ
1270 768 1327 821 δέ
1380 770 1475 822 καὶ
1510 769 1855 839 πλανώμενοι
1890 768 1935 800 ⁹⁷

352 855 631 927 νομίζουσι
658 873 672 885 ⁸
694 858 906 926 γένεσιν
938 860 1034 929 μὲν
1069 861 1179 932 γὰρ
1198 861 1362 915 αὑτοῦ
1394 862 1659 931 ἐσομένην
1688 861 1939 928 λέγουσιν

351 946 416 998 ἐκ
439 946 631 1014 γένους
670 946 873 1013 Δαϐἶδ,
910 947 1022 1000 ἀλλ’
1058 950 1160 1001 οὐκ
1207 951 1271 1002 ἐκ
1320 948 1603 1020 Παρθένου
1645 950 1741 1002 καὶ
1780 948 1939 1016 ἁγίου

352 1040 706 1109 Πνεύματος,
738 1040 852 1092 ἀλλ’
885 1043 950 1094 ἐκ
984 1042 1246 1111 γυναικὸς
1292 1042 1388 1095 καὶ
1419 1042 1633 1112 ἀνδρὸς,
1670 1041 1746 1104 ὡς
1773 1042 1941 1094 πᾶσιν

352 1129 477 1199 ὄρος
517 1131 810 1197 γεννᾶσθαι
844 1130 890 1162 ³⁸
920 1133 985 1185 ἐκ
1020 1131 1358 1202 σπέρματος,
1414 1133 1717 1200 φάσκοντες
1753 1132 1941 1185 τοῦτον

354 1219 614 1289 ἐσόμενον
648 1219 876 1290 βασιλέα
911 1222 997 1274 ἐπ’
1025 1222 1250 1285 αὐτοὺς,
1288 1222 1461 1292 ἄνδρα
1492 1222 1824 1292 πολεμιστὴν
1847 1222 1942 1274 καὶ

353 1311 596 1375 δυνατὸν,
652 1312 710 1373 ὃς
769 1313 1104 1379 ἐπισυνάξας
1161 1314 1222 1366 τὸ
1270 1315 1380 1366 πᾶν
1431 1313 1584 1376 ἔθνος
1636 1312 1938 1387 Ἰουδαίων,

355 1401 533 1454 πάντα
566 1402 634 1454 τὰ
681 1402 808 1474 ἔθνη
852 1404 1208 1476 πολεμήσας,
1264 1404 1564 1474 ἀναστήσει
1615 1404 1800 1466 αὐτοῖς
1845 1402 1941 1473 τὴν

369 1492 729 1564 Ἰερουσαλὴμ
756 1494 911 1547 πόλιν
942 1494 1216 1565 βασιλίδα,
1243 1497 1323 1556 είς
1346 1496 1411 1566 ἢν
1444 1496 1761 1562 ἐπισυνάξει
1795 1494 1942 1548 ἅπαν

358 1584 419 1638 τὸ
444 1584 619 1648 ἔθνος,
651 1586 743 1638 καὶ
778 1586 942 1639 πάλιν
974 1588 1067 1640 ἐπὶ
1092 1587 1161 1640 τά
1182 1588 1384 1658 ἀρχαῖα
1420 1586 1517 1658 ἓθη
1556 1587 1943 1657 ἀποκαταστή-

363 1692 445 1728 σει
484 1676 772 1747 βασιλεῦον
816 1678 911 1730 καὶ
945 1679 1226 1750 ἱερατεῦον
1275 1679 1369 1732 καὶ
1414 1679 1708 1733 κατοικοῦν
1743 1681 1801 1731 ἐν
1839 1695 1941 1731 πε-

361 1767 618 1836 ποιθήσει
671 1770 728 1821 ἐν
771 1769 983 1840 χρόνοις
1029 1772 1272 1833 ἱκανοῖς·
1327 1769 1519 1824 ἔπειτα
1573 1770 1941 1838 ἐπαναστῆναι

359 1859 479 1911 κατ’
520 1859 699 1912 αὐτῶν
732 1861 967 1931 πόλεμον
1014 1862 1480 1930 ἐπισυναχθέντων
1509 1878 1523 1893 ·
1558 1864 1616 1915 ἐν
1643 1862 1837 1933 ἐκείνῳ
1866 1862 1946 1932 τῷ

360 1949 587 2022 πολέμῳ
619 1956 807 2005 πεσεῖν
861 1954 953 2007 τὸν
998 1954 1233 2025 Χριστὸν
1273 1956 1331 2006 ἐν
1367 1954 1615 2026 μαχαίρῃ
1647 1953 1716 2019 θ’,
1753 1953 1946 2007 ἔπειτα

372 2043 491 2114 μετ’
542 2046 603 2097 οὐ
658 2046 794 2099 πολὺ
834 2046 933 2117 τὴν
987 2047 1306 2100 συντέλειαν
1349 2048 1443 2099 καὶ
1484 2046 1804 2117 ἐκπύρωσιν
1848 2046 1945 2098 τοῦ

362 2137 563 2200 παντὸς
589 2137 902 2207 ἐπιστῆναι,
932 2139 1028 2192 καὶ
1062 2138 1234 2202 οὕτως
1265 2139 1331 2210 τᾷ
1365 2139 1493 2209 περὶ
1521 2138 1621 2208 τὴν
1650 2137 1947 2192 ἀνάστασιν

362 2217 724 2297 Ιδοξεὶζόμενα
762 2228 1195 2299 ἐπιτελεσθῆναι.
1230 2231 1328 2292 τάς
1355 2245 1411 2281 τε
1456 2228 1692 2300 ἀμοιϐὰς
1729 2228 1948 2299 ἑκάστῳ

362 2319 505 2371 κατά
533 2320 602 2372 τά
632 2321 996 2390 πεπραγμένα
1027 2320 1379 2391 ἀποδοθῆναι.

436 2516 535 2571 λα’.
570 2519 730 2571 Δοκεῖ
773 2518 874 2587 μὲν
913 2520 1047 2588 ἡμῖν
1086 2516 1285 2582 ἱκανῶς
1313 2518 1385 2572 τά
1414 2517 1632 2573 πάντων
1679 2518 1949 2591 Ἑλλήνων

363 2627 422 2663 τε
472 2609 566 2664 καὶ
605 2606 902 2681 βαρϐάρων
930 2610 1179 2680 δόγματα
1221 2610 1563 2671 ἐκυθεῖσθαι
1600 2610 1641 2677 ¹,
1690 2611 1858 2682 μηδὲν
1890 2612 1949 2665 δέ

363 2699 781 2755 ἀπολελοιπέναι
814 2701 834 2730 ²
875 2699 1013 2771 μήτε
1050 2698 1129 2771 [μ.
1161 2700 1291 2764 509,
1321 2698 1454 2774 510]
1485 2700 1595 2754 τῶν
1623 2701 1950 2771 φιλοσοφου-

369 2793 546 2863 μένων
574 2794 709 2863 μήτε
739 2794 848 2846 τῶν
870 2793 975 2846 ὑπὸ
1004 2792 1301 2864 αἱρετικῶν
1340 2792 1753 2866 φ[ασκο]μένων
1784 2794 1807 2826 ³
1856 2794 1953 2849 ἀν-

369 2883 702 2948 απόδεικτον,
739 2876 821 2945 οἷς
868 2881 927 2948 ἐξ
954 2881 1137 2934 αὐτῶν
1170 2881 1280 2935 τῶν
1328 2883 1663 2936 ἐκτεθέντων
1717 2882 1954 2957 φανερὸς

361 2974 654 3042 γεγένηται
686 2974 714 3026 ὁ
743 2974 964 3043 ἐλεγχος
998 2972 1031 3044 ἢ
1064 2972 1585 3047 κλεψιλογησάντων
1607 2974 1641 3044 ἡ
1664 2991 1789 3028 τινα
1818 2976 1951 3047 ἐρα-

366 3067 671 3135 νισαμένων
707 3065 847 3118 αὺτά
878 3064 949 3116 τά
977 3063 1080 3116 ὑπὸ
1138 3063 1410 3136 Ἑλλήνων
1443 3066 1798 3137 πεπονημένα
1844 3082 1951 3119 πα-

2041 599 2163 638 esse
2217 582 2405 647 alium,
2462 578 2555 648 qui
2607 581 2843 631 nondum
2888 587 3085 644 exstet,
3125 578 3179 632 in
3226 594 3387 648 quem
3432 580 3629 635 cadere

2041 677 2192 744 signa
2225 689 2291 727 ex
2325 683 2501 743 parte,
2532 679 2800 741 quotquot
2840 669 2923 722 lex
2975 681 3029 723 et
3065 672 3341 739 prophetat
3369 686 3632 740 praemon-

2041 774 2378 825 straverunt,
2425 763 2780 824 conﬁtentur,
2829 760 3011 829 aliqua
3044 771 3225 814 autem
3258 762 3422 815 etiam
3470 778 3627 817 erra-

2043 855 2207 911 bundi
2237 855 2562 925 opinantur;
2595 868 2828 922 namque
2869 854 3276 922 generationem
3323 855 3442 923 ejus
3485 854 3632 908 futu-

2044 962 2160 1001 ram
2185 962 2311 1002 esse
2352 948 2545 1001 dicunt
2569 962 2632 1001 ex
2656 959 2854 1016 genere
2880 945 3069 1010 David,
3100 960 3202 998 non
3242 957 3417 999 autem
3446 962 3476 1000 e
3510 945 3631 999 Vir-

2044 1037 2167 1105 gine
2210 1047 2264 1091 et
2300 1036 2505 1106 Spiritu
2553 1045 2769 1100 saneto,
2805 1034 2900 1088 sed
2937 1048 2967 1087 e
3019 1026 3250 1089 muliere
3279 1045 3333 1088 et
3365 1037 3502 1101 viro,
3550 1038 3629 1090 si-

2043 1130 2152 1181 cuti
2186 1128 2439 1182 omnibus
2476 1126 2754 1181 deﬁnitum
2786 1126 2857 1180 sit
2887 1126 3137 1196 generari
3172 1141 3237 1179 ex
3273 1128 3503 1191 semine,
3552 1127 3631 1179 fa-

2046 1228 2223 1273 tentes
2264 1220 2405 1272 hunc
2430 1218 2673 1272 futurum
2701 1233 2821 1273 esse
2851 1233 3030 1285 regem
3063 1231 3226 1285 super
3259 1217 3425 1285 ilts'Os,
3458 1218 3630 1270 virum

2044 1307 2457 1375 belligerantem
2500 1321 2563 1360 ac
2598 1316 2893 1375 potentem,
2927 1306 3042 1374 qui,
3078 1304 3167 1359 ubi
3213 1306 3634 1381 congregaverit

2046 1398 2360 1451 universum
2408 1397 2665 1466 populum
2705 1393 3017 1451 Iudaeorum
3066 1411 3369 1464 omnesque
3406 1397 3633 1466 populos

2045 1488 2185 1544 bello
2221 1497 2537 1557 persecutus
2561 1486 2747 1553 fuerit,
2783 1488 3113 1542 instaurahit
3146 1488 3214 1543 iis
3257 1487 3631 1561 Hierosolyma

2045 1584 2231 1636 urbem
2272 1582 2494 1651 regiam,
2537 1582 2588 1634 in
2625 1596 2786 1649 quam
2814 1580 3168 1650 eongregabit
3198 1582 3513 1637 universum
3542 1599 3635 1653 po-

2047 1671 2228 1740 pulum
2259 1680 2313 1725 et
2344 1686 2535 1725 rursus
2583 1672 2649 1724 ad
2680 1672 2887 1740 priscos
2919 1687 3100 1725 mores
3143 1672 3364 1726 reducet
3406 1672 3634 1743 fungen-

2049 1770 2154 1815 tem
2206 1763 2354 1831 regio
2380 1773 2434 1817 et
2478 1764 2802 1817 sacerdotali
2847 1780 3070 1818 munere
3105 1776 3161 1818 et
3206 1762 3634 1818 habitantem'iu

1980 1850 2019 1903 Β
2050 1854 2382 1910 conﬁdentia
2426 1871 2525 1925 per
2562 1858 2696 1908 satis
2730 1856 2890 1924 longa
2922 1864 3199 1924 tempora;
3235 1864 3347 1908 tum
3395 1856 3637 1908 insurre-

2050 1956 2261 2000 tturum
2291 1960 2411 2001 esse
2443 1946 2639 2001 bellum
2666 1957 2858 2001 contra
2887 1961 2983 2001 eos
3019 1955 3411 2017 congregatos;
3451 1947 3504 1999 in
3545 1946 3637 1999 illo
3690 1958 3711 1982 ο

2050 2035 2189 2091 bello
2232 2052 2489 2093 casurqu
2538 2053 2658 2093 esse
2711 2038 2990 2092 Christum
3043 2053 3145 2107 per
3193 2037 3460 2106 gladium;
3519 2046 3632 2092 tum

2053 2128 2194 2183 haud
2228 2129 2299 2183 ita
2347 2130 2518 2185 multo
2566 2141 2687 2200 post
2716 2144 3097 2186 successuram
3130 2144 3254 2184 esse
3291 2144 3640 2184 consumma—

2053 2219 2253 2273 tionem
2293 2233 2359 2273 ac
2406 2219 2851 2289 deﬂagrationem
2896 2219 3163 2283 universi,
3199 2228 3254 2272 et
3299 2219 3372 2271 ita
3425 2234 3545 2285 quae
3572 2218 3638 2271 de

2050 2311 2450 2364 resurrectione
2476 2311 2772 2378 opinantur
2796 2310 3093 2379 perfectum
3119 2310 3210 2375 iri,
3244 2310 3637 2377 mercedesque

2050 2400 2248 2469 cuique
2278 2412 2439 2470 prout
2464 2404 2636 2473 egerit
2664 2404 2921 2457 tributum
2958 2404 3047 2459 iri.

2122 2513 2213 2568 ⁸51.
2254 2514 2521 2569 Videntur
2563 2517 2720 2570 nobis
2762 2515 3094 2570 sullicientcr
3114 2518 3356 2571 omnium
3386 2526 3441 2572 et
3482 2516 3635 2572 Grie-

2052 2620 2240 2661 corum
2262 2615 2318 2661 et
2354 2606 2711 2661 Barbarorum
2738 2609 2930 2678 placita
2958 2625 3079 2664 esse
3100 2610 3364 2679 exposita,
3399 2610 3637 2678 nihilque

2055 2700 2384 2753 remansisse
2442 2700 2781 2754 irrelutntuin
2826 2700 3183 2773 495-595
3233 2717 3404 2771 neque
3462 2702 3640 2771 philo-

2054 2791 2514 2859 sophumenorum
2574 2807 2747 2860 neque
2794 2800 3019 2858 eorum,
3078 2811 3196 2862 qua:
3249 2795 3317 2848 ab
3372 2794 3638 2849 haereticis

2053 2883 2198 2940 dicta
2274 2895 2439 2949 sunt,
2503 2885 2593 2953 qui
2665 2901 2729 2939 ex
2818 2885 2950 2953 ipsis
3023 2885 3284 2953 expositis
3350 2882 3639 2939 manifeste

2054 2977 2228 3043 arguti
2296 2985 2423 3029 sunt
2471 2975 2555 3029 vel
2619 2976 2905 3045 expilando
2972 2975 3051 3029 vel
3124 2975 3369 3044 qumdam
3451 2990 3638 3029 corro-

2055 3065 2231 3133 gando
2292 3080 2356 3119 ea
2416 3065 2568 3135 ipsa,
2621 3082 2741 3136 qum
2788 3081 2816 3119 a
2873 3065 3076 3122 Grzecis
3137 3066 3413 3120 elaborata
3472 3076 3635 3130 sunt,

371 3154 684 3225 ραθεμένων
723 3155 799 3219 ὡς
833 3153 973 3210 θεῖα.
1019 3156 1120 3209 Διὰ
1169 3156 1390 3210 πάντων
1420 3151 1515 3209 οὖν
1556 3156 1946 3229 διαδραμόντες

2055 3156 2400 3226 proposuisse
2442 3165 2702 3226 tanquam
2747 3158 2948 3212 divina.
3007 3156 3298 3227 Postquam
3332 3157 3496 3227 igitur
3539 3171 3638 3225 per

369 3246 466 3300 καὶ
507 3248 649 3315 μετά
690 3245 888 3299 πολλοῦ
925 3245 1091 3301 πόνου
1126 3248 1185 3301 ἐν
1221 3249 1344 3312 ταῖς
1384 3247 1544 3302 ἐννέα
1596 3248 1801 3319 βίϐλοις
1830 3247 1853 3280 ⁸
1880 3249 1951 3302 τὰ

369 3336 549 3390 πάντα
574 3337 827 3406 δόγματα
858 3336 1171 3405 ἐξειπόντες
1189 3379 1205 3405 ,
1239 3338 1376 3391 πᾶσί
1405 3354 1467 3391 τε
1520 3339 1832 3409 ἀνθρώποις
1856 3341 1954 3407 ἐφ-

369 3429 513 3483 όδιον
544 3432 605 3481 ἐν
627 3429 727 3499 βίῳ
763 3428 959 3500 μικρὸν
984 3429 1402 3495 καταλιπόντες,
1426 3431 1521 3483 καὶ
1550 3434 1662 3496 τοῖς
1683 3432 1951 3503 παροῦσιν

369 3520 469 3573 οὐκ
524 3517 711 3588 ὀλίγης
757 3519 779 3552 ⁵
821 3521 1005 3592 χαρᾶς
1045 3521 1140 3574 καὶ
1208 3521 1473 3593 θυμηδίας
1528 3523 1549 3554 ⁸
1598 3522 1953 3593 φιλομάθειαν

370 3610 766 3680 παρασχόντες,
795 3609 1022 3678 εὔλογον
1048 3611 1333 3682 ἡγούμεθα
1353 3611 1545 3684 ὥσπερ
1577 3614 1827 3686 κορυφὴν
1854 3614 1951 3668 τοῦ

371 3696 574 3759 παντὸς
608 3694 749 3767 [τὸν]
783 3697 802 3727 “¹
840 3697 972 3767 περὶ
1016 3698 1276 3768 ἀληθείας
1315 3699 1474 3766 λόγον
1497 3702 1812 3768 ἐπενέγκαι,
1857 3702 1953 3754 καὶ

368 3788 560 3842 τοῦτον
589 3789 647 3840 ἐν
680 3790 781 3859 μιᾷ
809 3786 979 3859 βίϐλῳ
1012 3790 1078 3858 τῇ
1106 3787 1314 3861 δεκάτῃ
1347 3790 1723 3860 περιγράψαι,
1746 3792 1896 3855 ὅπως
1928 3794 1957 3845 ό

377 3877 729 3949 ἐντυγχάνων
766 3877 842 3948 μὴ
867 3877 1030 3947 μόνον
1053 3879 1372 3949 ἀνατροπὴν
1392 3879 1502 3932 τῶν
1538 3879 1957 3951 τετολμηκότων

376 3969 617 4041 αἱρέσεις
673 3969 1049 4042 συστήσασθαι
1092 3971 1352 4039 ἐπιγνοὺς
1402 3972 1803 4044 καταφρονήσῃ
1846 3972 1956 4026 τῶν

376 4058 643 4129 ματαίων.
678 4059 815 4113 ἀλλά
849 4059 945 4113 καὶ
993 4060 1093 4131 τὴν
1127 4059 1230 4131 τῆς
1276 4059 1542 4130 ἀληθείας
1573 4060 1807 4132 δύναμιν
1833 4064 1957 4115 ἐπι-

351 4151 538 4221 ·γνοὺς
568 4150 735 4216 ἀξίως
765 4150 887 4223 Θεῷ
916 4152 1216 4217 πιστεύσας
1252 4151 1493 4224 σωθῆναι
1521 4152 1746 4226 δυνηθῇ.
1780 4155 1794 4225 |

2056 3248 2239 3302 omnia
2290 3250 2660 3318 percurrimus
2707 3259 2762 3303 et
2810 3263 3004 3319 magno
3063 3250 3252 3303 labore
3305 3264 3502 3302 novem
3555 3249 3640 3302 his

2055 3337 2213 3394 libris
2240 3340 2421 3394 omnia
2450 3341 2644 3410 placita
2685 3340 2975 3406 ediximus,
3013 3341 3375 3410 omnibusque
3408 3341 3641 3394 homini-

2055 3428 2162 3484 bus
2203 3444 2428 3499 parvum
2464 3431 2517 3484 in
2568 3430 2674 3484 vita
2714 3431 2968 3485 viaticum
3019 3430 3360 3500 reliquimus,
3407 3441 3462 3483 et
3505 3446 3639 3500 prte-

2057 3520 2304 3576 sentibus
2352 3521 2492 3575 haud
2531 3536 2710 3591 parvae
2759 3522 2961 3576 laetitia:
3009 3531 3063 3576 et
3106 3522 3485 3577 oblectationis
3535 3532 3638 3577 stu-

2058 3614 2207 3670 dium
2253 3614 2496 3669 discendi
2545 3616 2891 3684 prtebuimus,
2931 3616 3271 3670 commodum
3312 3616 3640 3669 arbitramur

2064 3711 2318 3770 tanquam
2347 3703 2620 3775 fastigium
2650 3707 2813 3761 totius
2843 3706 3024 3776 operis
3048 3722 3355 3762 sermonem
3391 3710 3455 3763 de
3495 3710 3639 3764 veri-

2061 3800 2169 3847 tate
2197 3791 2395 3847 aﬂ'erre
2430 3809 2664 3863 eumque
2690 3797 2744 3849 in
2778 3813 2886 3851 uno
2920 3798 3060 3853 libro
3085 3800 3299 3854 decimo
3336 3799 3637 3863 tlelinearc,

2060 3894 2120 3938 ut
2159 3883 2329 3940 lector
2360 3898 2466 3938 non
2507 3884 2682 3938 solum
2726 3902 2848 3941 eum
2883 3887 3267 3943 refutationem
3326 3904 3514 3945 eorum
3546 3895 3641 3961 qui

2060 3975 2296 4031 haereses
2327 3973 2562 4030 condere
2587 3976 2704 4029 ausi
2732 3986 2878 4041 sunt,
2906 3981 3242 4045 cognoverit,
3274 3980 3451 4034 inania
3483 3997 3640 4051 sper-

2061 4074 2175 4132 nat,
2206 4065 2299 4120 sed
2337 4065 2529 4132 etiam,
2557 4079 2678 4121 cum
2709 4067 2955 4122 veritatis
2982 4070 3088 4122 vim
3117 4072 3450 4141 cognoverit,
3480 4073 3642 4145 digne

2074 4157 2162 4211 ubi
2190 4155 2300 4211 Deo
2316 4154 2632 4224 crediderit,
2674 4158 2871 4213 salvari
2899 4161 3087 4229 possit.

1640 4374 1873 4431 VARUE
1912 4375 2206 4434 LECTION
2212 4376 2313 4434 ES.

469 4553 517 4584 "
548 4554 627 4615 εἰς
665 4552 853 4637 ὃνὶτάη
878 4555 959 4616 είς
984 4553 1117 4637 ὄντα
1145 4553 1209 4621 C,
1385 4554 1445 4637 "_
1460 4555 1525 4637 ἐκ
1557 4553 2102 4637 μέρους.“Εκοίιιὶ1ίηο
2132 4558 2451 4637 vocabulum
2496 4562 2867 4637 ἀναφέρεσθαι
2910 4564 3007 4637 νει.
3022 4565 3127 4622 tale
3158 4566 3326 4637 quid?

1610 4580 1782 4626 Ξρυυςο
1817 4580 2102 4612 ιδιωυιιιιυ
2133 4580 2451 4613 νυσειυυιιιηι
2496 4580 2598 4616 ανα

1610 4625 1660 4704 β.
1780 4626 1825 4657 ⁸⁸
1862 4627 2129 4704 μαχαίρῃ.
2169 4628 2452 4701 μαχαίρᾳῖ
2559 4580 2639 4697 ’ξ

1512 4693 1534 4777 ξ
1561 4694 1785 4777 Littera:
1806 4693 2553 4777 ξιίρρίὸεῲᾇξθοίηῇηι’ἐρίσειε
2584 4693 2859 4777 implent;
2897 4716 3190 4776 supersunt
3223 4708 3446 4777 vestigia
3491 4710 3637 4761 litte-

1413 4762 1634 4848 βίϐλοιῇ
1664 4766 1778 4848 τρῖς
1803 4762 1961 4821 ἐννέα
2003 4767 2206 4839 βίϐλοις
2230 4768 2295 4838 C,
2327 4769 2410 4827 vel
2439 4774 2552 4836 τοῖς
2579 4762 2736 4828 ἐννέα
2763 4762 3009 4845 βιϐλίοις.
3038 4762 3106 4809 η’
3123 4778 3311 4847 ὀλίγης
3336 4762 3636 4848 ὶῖοονεηιε,

379 4619 629 4692 νώμενοι.
680 4622 1033 4693 πλανώμενον
1077 4623 1140 4677 C.
1196 4619 1281 4657 "3
1312 4619 1660 4692 γενᾶσθαὶσ.

378 4693 775 4745 ἀπολελυπέναι
809 4695 867 4756 t3,
903 4693 1320 4747 ἀπολελειπέναι
1346 4694 1414 4748 Μ.

383 4778 561 4815 rarum
601 4780 636 4815 α
664 4775 714 4818 et
748 4780 801 4816 κ.
844 4763 911 4818 Μ.
988 4770 1010 4793 ⁵
1036 4764 1156 4825 ταῖς
1205 4763 1363 4818 ἐννέα

379 4830 578 4901 ὀλίγοις
609 4832 672 4897 c.
708 4834 775 4887 ιι.
847 4832 868 4863 ⁸
898 4832 1150 4904 θυμιδίας
1182 4834 1245 4887 e.
1357 4834 1374 4863 τ
1412 4830 1504 4886 τὸν
1534 4836 1657 4887 add.
1685 4833 1755 4886 M.

707 5864 973 5925 ΡΑΤῐωῐ..
1025 5868 1138 5929 (in.
1191 5866 1342 5926 .‘LVL

3432 4567 3478 4599 ⁸⁷
3505 4567 3643 4621 πλα-

2642 4634 2938 4705 κτεθῆσθαι
2974 4634 3036 4692 C.
3149 4634 3638 4692 "dt-colsitomévat.

3217 5872 3331 5931 108
