4114 6416
371 423 507 486 319.7

1508 428 1808 489 CONTRA
1847 427 2212 488 ILERESES
2252 431 2395 490 LIB.
2438 430 2509 490 X.

3492 429 3628 492 3:223

373 542 465 592 καὶ
505 540 815 611 ἀπεράντου
861 541 1143 613 δυνάμεως
1166 556 1179 572 ·
1225 540 1321 596 ἐὰν
1354 540 1410 595 δὲ
1457 543 1614 614 μείνῃ
1643 543 1872 612 δυνάμει
1902 544 1948 574 ⁸ο

2059 555 2207 614 parte
2240 546 2466 601 inferior
2500 528 2662 615 quam
2702 561 2805 600 non
2834 555 3089 616 generata
3128 547 3216 601 illa
3239 555 3294 602 et
3323 548 3630 601 immutabi-

376 628 535 696 μόνον
558 632 614 683 ὲν
643 633 761 694 ταῖς
782 631 840 695 ἒξ
863 630 1125 701 δυνάμεσι
1149 631 1245 685 καὶ
1269 630 1343 703 μὴ
1369 630 1728 701 ὲξεικονισθῇ,
1757 632 1950 699 ἀφανί-

372 722 546 784 ζεται,
581 722 747 793 φησι,
783 724 879 776 καὶ
903 723 1200 778 ἀπόλλυται
1228 724 1401 788 οὕτως
1451 724 1525 789 ὡς
1574 726 1607 795 ἡ
1650 724 1879 794 δύναμις
1916 727 1948 794 ἡ

372 814 736 883 γραμματικὴ
776 815 809 885 ἢ
851 816 1199 887 γεωμετρικὴ
1247 814 1351 888 [ὲν]
1390 816 1432 847 ⁵⁸
1477 814 1769 887 ἀνθρώπου
1803 815 1947 886 ψυχῇ

375 904 664 976 ὑπάρξασα
685 906 728 938 ’⁵⁸
792 908 867 978 μὴ
922 908 1307 978 προσλαϐοῦσα
1357 908 1608 980 τεχνίτην
1663 908 1756 962 τὸν
1804 908 1952 961 διδά-

375 995 538 1059 ξαντα
560 998 627 1051 η.
655 998 824 1053 Αὑτὸν
845 998 891 1031 ⁸⁵
908 999 964 1053 δὲ
986 995 1125 1054 εἶναι
1146 1002 1174 1053 ό
1196 1001 1377 1070 Σίμων
1404 1001 1553 1068 λέγει
1580 999 1673 1053 τὸν
1702 997 1940 1063 ἑστῶτα,

377 1086 601 1151 στάντα,
617 1088 965 1158 στησόμενον,
983 1087 1111 1141 ὄντα
1135 1088 1366 1159 δύναμιν
1385 1088 1485 1159 τὴν
1505 1088 1646 1160 ὑπὲρ
1666 1086 1734 1141 τά
1753 1086 1949 1141 πάντα.

376 1177 562 1232 Ταῦτα
590 1178 769 1233 τοίνυν
799 1171 892 1232 καὶ
923 1180 952 1233 ό
978 1180 1183 1252 Σίμων.

447 1359 537 1421 ιγ’.
580 1352 641 1407 Ὀ
674 1352 730 1407 δὲ
764 1353 1117 1417 Οὑειλεντῖνος
1166 1353 1212 1385 ⁵⁸
1243 1353 1338 1406 καὶ
1389 1354 1438 1406 oi
1470 1352 1580 1406 ἀπὸ
1627 1353 1729 1423 τῆς
1761 1353 1951 1407 τούτου

378 1445 574 1515 σχολῆς
599 1442 740 1499 εἶναι
770 1446 991 1514 λέγουσι
1021 1444 1118 1517 τὴν
1146 1445 1239 1499 τοῦ
1273 1445 1475 1508 παντὸς
1502 1446 1677 1516 ἀρχὴν
1711 1445 1954 1517 Πατέρα,

378 1536 471 1585 καὶ
498 1534 717 1604 ἐναντία
745 1534 800 1586 δὲ
836 1534 963 1605 δόξῃ
995 1535 1421 1605 προσφέρονται.
1458 1535 1523 1587 Ol.
1583 1534 1680 1603 μὲν
1710 1534 1820 1604 γὰρ
1856 1535 1953 1586 αὑ-

375 1623 485 1677 τῶν
541 1624 701 1693 μόνον
732 1619 870 1679 εἶναι
929 1625 1025 1678 κοιλ⁵
1057 1624 1398 1696 γεννητικὸν,
1454 1626 1502 1678 οἱ
1554 1625 1611 1678 δὲ
1675 1624 1955 1689 ἀδυνάτως

378 1712 521 1783 ἔχειν
550 1715 745 1785 γεννᾷν
772 1715 901 1769 ἄνευ
937 1714 1158 1785 Θηλείας
1179 1716 1272 1768 καὶ
1300 1714 1491 1768 τούτου
1528 1715 1760 1783 σύζυγον
1786 1733 1955 1786 προτ-

377 1805 588 1859 τιθέασι
623 1807 812 1878 Σιγὴν,
854 1807 1025 1861 Βυθὸν
1055 1808 1219 1861 αὑτὸν
1266 1808 1658 1878 ὀνομάσαντες.
1705 1808 1799 1861 Ἐκ
1827 1807 1953 1860 τοὺ-

2057 637 2123 692 lis
2156 648 2211 692 et
2251 639 2455 691 infinita
2512 650 2788 706 potestas;
2826 640 2905 693 sin
2939 653 3069 692 vero
3114 639 3353 692 manebit
3385 640 3496 693 sola
3530 655 3629 707 po-

2040 739 2250 783 testate
2286 729 2335 781 itt
2367 745 2456 783 sex
2506 731 2861 799 potestatibus
2893 739 2946 783 et
2982 745 3085 782 non
3117 727 3439 797 eliigiabitur
3462 769 3476 791 ,
3503 743 3629 782 eva-

2057 822 2249 887 nescit,
2292 822 2499 889 inquit,
2533 830 2588 877 et
2628 824 2768 891 perit
2798 823 2868 875 ita
2906 829 2963 874 ut
3001 832 3237 890 potestas
3273 821 3627 891 grammatica

2059 910 2140 964 vel
2177 912 2504 979 geometrica
2565 911 2617 965 in
2674 912 2854 966 animo
2919 911 3153 966 hominis
3208 921 3468 975 exstans,
3524 927 3626 964 non
3678 942 3685 947 ~

2058 1003 2250 1071 adepta
2290 1001 2550 1057 artiticem
2589 1002 2678 1071 qui
2716 1003 2929 1056 doceat.
2975 1001 3044 1055 Se
3076 1002 3249 1071 ipsum
3282 1011 3456 1054 autem
3510 1015 3630 1055 esse

2059 1092 2244 1147 Simon
2276 1093 2408 1149 dicit
2452 1109 2573 1148 eum
2609 1093 2699 1163 qui
2758 1100 2904 1160 stat,
2942 1093 3132 1155 stetit,
3168 1092 3363 1155 stabit,
3411 1107 3530 1145 cum
3562 1092 3633 1145 sit

2057 1193 2300 1253 potestas
2332 1184 2416 1238 illa
2468 1198 2587 1254 qua:
2640 1194 2725 1238 est
2771 1199 2938 1253 super
2967 1185 3169 1238 omnia.
3221 1182 3344 1237 Haec
3393 1183 3552 1252 igitur
3580 1192 3635 1237 et

2061 1276 2270 1331 Simon.

2131 1366 2217 1420 15.
2260 1365 2574 1421 Valentinus
2620 1375 2799 1422 autem
2842 1376 2897 1420 et
2930 1366 3021 1435 qui
3054 1382 3176 1421 eum
3207 1376 3487 1422 sectantur
3516 1382 3637 1422 esse

2059 1460 2246 1515 dicunt
2285 1459 2657 1513 universarum
2705 1473 2884 1512 rerum
2933 1458 3257 1527 principium
3293 1459 3531 1521 Patrem,
3582 1460 3633 1511 in

2058 1551 2361 1606 contrarias
2390 1558 2567 1604 autem
2593 1549 2889 1603 sententias
2911 1548 3128 1602 abeunt.
3153 1548 3256 1604 Alii
3277 1549 3419 1602 enim
3447 1563 3633 1603 eorum

2059 1639 2233 1693 solum
2258 1653 2378 1694 esse
2401 1649 2451 1692 et
2476 1638 2759 1708 genitalem
2786 1635 2887 1706 (sc.
2918 1650 3041 1689 eum
3071 1637 3304 1707 putant),
3332 1637 3422 1690 alii
3454 1646 3633 1690 autem

2060 1745 2163 1785 non
2192 1745 2351 1800 posse
2385 1744 2647 1799 generare
2680 1729 2798 1783 sine
2845 1727 3064 1792 femina,
3094 1728 3318 1797 ejusque
3354 1728 3633 1799 conjugem

2061 1823 2264 1877 addunt
2300 1821 2482 1891 Sigeu,
2519 1821 2746 1892 Bytltum
2786 1820 2957 1888 ipsum
3001 1819 3351 1887 appellantes.
3395 1818 3471 1871 Ex
3518 1818 3636 1887 ipso

377 1914 472 1949 του
502 1897 645 1961 τινὲς
689 1899 785 1951 καὶ
825 1898 924 1967 τῆς
958 1898 1196 1967 συζύγου
1230 1898 1499 1969 προϐολὰς
1552 1900 1838 1967 γεγονέναι
1873 1898 1949 1963 ἓξ.

2060 1915 2272 1981 quidam
2307 1916 2530 1984 ejusque
2553 1914 2777 1982 conjuge
2805 1913 3166 1983 projectiones
3197 1911 3367 1965 factas
3390 1925 3509 1965 esse
3541 1925 3636 1963 sex

378 1987 524 2042 Νοῦν
555 1990 650 2043 καὶ
694 1989 999 2059 Ἀλήθειαν,
1052 1991 1228 2059 Λόγον
1276 1992 1371 2045 καὶ
1426 1991 1603 2061 Ζωὴν,
1633 1989 1954 2059 Ἄνθρωπον

379 2080 478 2134 καὶ
522 2079 869 2150 Ἐκκλησίαν,
895 2082 992 2134 καὶ
1025 2077 1165 2134 εἶναι
1196 2080 1401 2150 ταύτην
1437 2080 1535 2150 τὴν
1560 2081 1790 2149 όγδοάδα
1814 2099 1957 2151 πρω-

376 2171 782 2241 τογενέτειραν·
827 2172 926 2235 τάς
982 2189 1041 2225 τε
1074 2173 1225 2236 ἐντὸς
1278 2172 1368 2226 τοῦ
1409 2173 1576 2245 Ὄρου
1610 2173 1654 2204 ⁸⁵
1688 2172 1956 2244 προὸολὰς

378 2262 750 2332 γεγενημένας
791 2264 955 2317 πάλιν
999 2264 1276 2318 καλεῖσθαι
1309 2265 1461 2328 ἐντὸς
1492 2265 1535 2297 ⁸⁷
1563 2265 1951 2336 πληρώματος,

376 2348 606 2422 δεύτερα
650 2351 708 2405 δὲ
740 2351 808 2404 τά
834 2353 991 2415 ἐκτὸς
1026 2352 1417 2424 πληρώματος,
1460 2354 1554 2407 καὶ
1592 2353 1750 2426 τρίτα
1796 2355 1841 2387 ⁴⁸
1888 2353 1955 2408 τὰ

378 2444 535 2509 ἐκτὸς
551 2444 644 2499 τοῦ
659 2447 848 2516 Ὀρου,
871 2441 946 2500 ὧν
978 2448 1007 2517 ἡ
1033 2447 1284 2517 γέννησις
1304 2447 1363 2499 τὸ
1391 2448 1676 2517 ὑστέρημα
1695 2426 1950 2517 ὑπάρχει.

378 2538 453 2591 Τὸ
503 2539 560 2592 δὲ
604 2539 764 2592 ἕκτου
823 2540 881 2593 ἐν
930 2540 1273 2610 ὑστερήματι
1327 2540 1725 2610 προϐληθέντος
1760 2540 1955 2602 αἰῶνος
2006 2537 2016 2546 ’

380 2631 662 2699 γεγονέναι
701 2632 768 2691 δ’,
807 2632 903 2685 καὶ
933 2632 1124 2685 τοῦτον
1149 2628 1289 2685 εἶναι
1318 2632 1651 2703 δημιουργὸν
1680 2633 1850 2699 λέγει,
1881 2632 1955 2703 μὴ

382 2722 706 2791 βουλόμενος
744 2722 789 2754 ⁸ο
826 2722 988 2776 αὑτὸν
1025 2722 1241 2793 πρῶτον
1292 2721 1433 2776 εἶναι
1463 2724 1606 2786 θεὸν,
1656 2723 1791 2777 ἁλλὰ
1829 2723 1955 2776 δυσ-

379 2813 578 2884 φημῶν
609 2831 665 2865 τε
699 2815 743 2845 ⁸¹
784 2813 948 2867 αὑτὸν
998 2815 1095 2867 καὶ
1142 2815 1211 2868 τὰ
1242 2816 1333 2867 ὑπ’
1373 2813 1540 2868 αὑτοῦ
1582 2814 1952 2884 γεγενημένα,

376 2905 469 2957 τὸν
498 2904 555 2958 δὲ
587 2904 823 2976 Χριστὸν
870 2906 935 2959 ὲκ
964 2905 1059 2958 τοῦ
1090 2906 1241 2970 ὲντὺς
1271 2904 1640 2976 πληρώματος
1665 2906 1957 2975 κατεληλυ-

382 2996 534 3051 θέναι
563 2998 657 3050 ἐπὶ
690 2998 935 3068 σωτηρίᾳ
964 2997 1059 3051 τοῦ
1098 2998 1581 3069 ἀποπλανηθέντος
1623 2997 1953 3068 πνεύματος,

380 3088 410 3143 δ
442 3091 687 3142 κατοικεῖ
724 3090 769 3121 ⁵⁹
811 3092 869 3143 ὲν
906 3089 985 3160 τῷ
1016 3089 1124 3144 ἔσω
1177 3089 1332 3160 ἡμῶν
1365 3087 1661 3159 ἀνθρώπῳ,
1696 3087 1755 3141 ὃν
1786 3088 1956 3152 σωςόα

382 3180 545 3251 μενόν
585 3198 718 3248 φασι
762 3180 956 3235 τούτου
1006 3182 1166 3252 χάριν
1196 3182 1289 3235 τοῦ
1334 3180 1691 3244 ἐνοικοῦντος.
1746 3179 1857 3251 Τὴν
1898 3180 1955 3233 δὲ

387 3270 562 3339 σάρκα
595 3271 669 3340 μὴ
704 3270 972 3334 σώζεσθαι
1021 3271 1187 3342 θέλει,
1221 3272 1547 3342 δερμάτινον
1577 3270 1779 3341 χιτῶνα
1816 3272 1952 3324 ἁπο-

379 3362 560 3416 καλῶν
580 3363 673 3415 καὶ
696 3363 990 3433 ἄνθρωπον
1024 3340 1404 3434 φθειρόμενον.
1428 3340 1616 3417 Ταῦτα
1643 3364 1699 3416 ὲν
1722 3363 1956 3435 ἐπιτομῇ

380 3450 460 3523 ip.
491 3452 616 3509 5:20.
665 3453 794 3527 5’21]
837 3455 1077 3521 ἐξεῖπον,
1143 3457 1347 3527 πολλῆς
1404 3455 1537 3527 ὖλης
1594 3455 1712 3509 κατ’
1763 3456 1960 3519 αὑτοὺς

377 3544 753 3613 τυγχανούσης
809 3548 904 3599 καὶ
972 3548 1250 3621 διαφόρων
1308 3548 1565 3620 γνωμῶν.
1623 3547 1812 3612 Οῦτως
1867 3543 1962 3602 οῦν

379 3635 529 3690 δοκεῖ
561 3637 655 3689 καὶ
684 3638 750 3706 τῇ
779 3637 1137 3691 Οὐαλεντίνου
1174 3640 1361 3709 σχολῇ.

457 3728 536 3782 ιδ’.
571 3728 888 3797 Βασιλείδης
912 3727 970 3780 δὲ
991 3728 1038 3760 ⁸³
1068 3729 1164 3782 καὶ
1190 3729 1354 3792 αὐτὸς
1389 3731 1437 3762 ⁸⁸
1479 3731 1625 3798 λέγει
1659 3726 1798 3782 εἶναι
1828 3729 1961 3783 Θεὸν

380 3821 482 3875 οὑκ
510 3820 676 3884 ὅντα,
728 3820 1094 3891 πεποιημένον
1144 3820 1348 3890 κόσμον
1397 3821 1457 3885 ἐξ
1492 3822 1592 3874 οὑκ
1646 3822 1817 3873 όντων
1861 3822 1961 3875 οὑκ

380 3911 512 3965 ὄντα
532 3911 601 3977 ⁸⁸,
637 3912 738 3964 οὑκ
773 3910 832 3964 ὃν
862 3910 1341 3981 καταϐαλλόμενόν
1372 3911 1419 3943 ⁸⁵
1452 3929 1506 3965 τι
1550 3911 1795 3982 σπέρμα,
1829 3910 1961 3964 ὡσεὶ

381 4003 580 4056 κόκκον
622 4003 895 4066 σινάπεως
937 4003 982 4035 ⁸⁷
1023 4002 1217 4075 ἔχοντα
1248 4004 1307 4057 ὲν
1356 4002 1537 4074 ἑαυτῷ
1584 4003 1648 4056 τὸ
1694 4002 1954 4075 πρέμνον,

379 4095 451 4149 τά
484 4095 679 4163 φύλλα,
708 4097 834 4158 τοὺς
856 4094 1109 4160 κλάδους,
1132 4095 1224 4150 τὸν
1250 4095 1485 4165 καρπὸν,
1519 4094 1553 4167 ἢ
1585 4095 1660 4159 ώς
1691 4095 1796 4149 ὠὸν
1819 4094 1953 4148 ταοῦ

379 4187 502 4257 ἔχον
531 4187 577 4218 ⁸⁸
619 4188 676 4239 ὲν
710 4187 891 4257 ἑαυτῷ
916 4188 1017 4259 τὴν
1041 4187 1151 4241 τῶν
1180 4189 1488 4259 χρωμάτων
1521 4188 1775 4258 ποικίλην
1817 4186 1958 4258 πλη-

382 4278 480 4332 θὺν
505 4293 520 4309 ·
548 4278 825 4332 καὶτοῦτο
860 4273 1001 4332 εἷναί
1025 4295 1159 4347 φασι
1182 4279 1228 4313 ⁸⁸
1261 4280 1325 4332 τὸ
1351 4279 1446 4332 τοῦ
1475 4280 1681 4350 κόσμου
1712 4278 1955 4348 σπέρμα,

379 4372 441 4437 ἐξ
470 4366 533 4426 οὑ
564 4371 633 4425 τὰ
670 4371 848 4425 πάντα
881 4371 1126 4441 γέγονεν.
1187 4371 1373 4441 Ἐχειν
1404 4372 1513 4442 γὰρ
1558 4374 1615 4424 ὲν
1665 4370 1843 4440 ἐαυτῷ
1892 4369 1960 4423 τὰ

380 4465 563 4522 πάντα
590 4460 704 4519 οἷον
726 4464 826 4517 οὑκ
859 4464 990 4518 ὄντα
1021 4465 1067 4499 ⁸⁸
1104 4465 1208 4518 ὑπό
1234 4464 1343 4537 [τε]
1379 4466 1472 4519 τοῦ
1498 4466 1599 4519 οὑκ
1637 4465 1791 4528 ὄντος
1819 4463 1955 4517 Θεοῦ

2059 2007 2290 2063 Mentem
2316 2016 2369 2061 et
2395 2006 2712 2070 Veritatem,
2742 2003 2947 2073 Lngum
3005 2012 3060 2057 et
3105 1999 3307 2064 Vitam,
3353 2000 3635 2054 Hominem

2058 2108 2113 2153 et
2156 2098 2469 2162 Ecclesiam,
2506 2106 2562 2150 et
2601 2110 2722 2151 esse
2772 2097 2910 2149 hanc
2959 2092 3254 2161 ogdoatlem
3305 2090 3637 2160 primogeni-

2060 2192 2285 2257 tricem;
2339 2199 2395 2245 et
2449 2204 2565 2252 eas,
2612 2204 2730 2258 quas
2764 2188 2907 2241 intra
2946 2187 3257 2240 Terminnm
3318 2186 3640 2239 exstiterunt

2055 2281 2440 2352 proiectiones,
2476 2296 2664 2336 rursus
2716 2278 3000 2349 appellari,
3032 2292 3095 2332 ea
3123 2292 3242 2347 quae
3270 2276 3414 2330 intus
3442 2274 3494 2329 in
3526 2275 3639 2343 ple-

2060 2386 2266 2428 romate
2316 2383 2461 2436 sunt,
2503 2374 2740 2427 secunda
2803 2383 3006 2434 autem,
3055 2386 3117 2424 ea
3148 2384 3268 2439 quze
3318 2377 3469 2422 extra
3520 2367 3638 2437 ple-

2059 2465 2523 2532 roma;ettertia,
2553 2479 2614 2518 ea
2647 2478 2765 2531 quae
2819 2473 2970 2517 extra
3025 2460 3361 2524 Terminum,
3410 2472 3635 2527 quorum

2059 2558 2333 2626 generatio
2360 2557 2664 2627 hysterema
2694 2565 2871 2610 exstat
2911 2595 2927 2610 .
2971 2591 2987 2608 .
3025 2593 3040 2607 .
3086 2591 3101 2606 .
3146 2592 3162 2608 .
3208 2595 3221 2607 .
3267 2590 3281 2604 .
3326 2593 3340 2605 .
3385 2590 3399 2605 .
3443 2589 3460 2604 .
3499 2591 3514 2606 .
3559 2589 3575 2604 .
3619 2586 3635 2602 .

2058 2656 2111 2702 et
2144 2650 2284 2702 lnmc
2316 2662 2437 2702 esse
2471 2648 2809 2716 demiurgum
2838 2646 2989 2712 dicit,
3023 2644 3209 2698 uolens
3248 2657 3370 2697 eum
3405 2642 3635 2712 primum

2057 2754 2177 2794 esse
2210 2740 2391 2804 deum,
2434 2739 2527 2793 sed
2565 2737 2894 2791 tnaledicens
2937 2744 2991 2790 et
3037 2735 3085 2790 ei
3118 2745 3170 2789 et
3194 2735 3278 2798 iis,
3318 2748 3439 2804 qua:
3464 2732 3533 2787 ab
3567 2746 3633 2786 eo

2056 2830 2198 2885 facta
2233 2841 2360 2885 sunt
2390 2846 2405 2897 ;
2439 2830 2715 2884 Christum
2764 2837 2942 2882 autem
2997 2843 3062 2882 ex
3116 2828 3201 2893 iis,
3232 2841 3354 2896 qua:
3397 2826 3541 2879 intus
3583 2825 3635 2879 in

2059 2923 2353 2993 pleromate
2404 2930 2552 2985 sunt,
2585 2920 2931 2975 descendisse
2982 2922 3046 2975 ad
3100 2920 3413 2974 salvandum
3475 2916 3638 2985 spiri-

2059 3023 2194 3076 tum,
2222 3012 2315 3082 qui
2348 3011 2645 3078 aberravit,
2670 3010 2762 3080 qui
2803 3010 3012 3065 habitat
3064 3010 3115 3063 in
3165 3008 3408 3064 interiori
3455 3013 3639 3061 nostro

2058 3105 2299 3171 homine,
2329 3117 2487 3172 quem
2534 3100 2730 3157 salvari
2773 3101 2961 3156 dicunt
3014 3100 3236 3167 hujusce
3263 3113 3384 3153 eum
3419 3095 3637 3151 inhabi-

2057 3195 2226 3250 tantis
2252 3193 2447 3265 gratia.
2484 3191 2717 3248 Carnem
2750 3201 2928 3246 autem
2954 3206 3061 3245 non
3088 3188 3288 3245 salvari
3313 3189 3449 3253 vult,
3481 3185 3638 3257 pelli-

2060 3288 2201 3343 ciam
2257 3285 2494 3340 tunicam
2525 3298 2646 3338 eam
2693 3283 3055 3349 denominans
3082 3293 3137 3338 et
3197 3280 3472 3336 hominem
3519 3293 3643 3349 per-

2061 3384 2303 3432 euntem.
2336 3372 2462 3429 ﬂzec
2506 3373 2818 3429 summatim
2866 3371 3060 3428 eﬂ‘atns
3115 3387 3258 3436 sum,
3294 3386 3413 3425 cum
3451 3383 3639 3439 magna

2062 3466 2418 3539 515—515
2449 3467 2522 3521 sit
2559 3466 2816 3521 doctrina:
2859 3480 3048 3520 eorum
3097 3463 3323 3518 materia
3369 3462 3670 3529 variaeque

2063 3560 2363 3615 sententim.
2398 3556 2490 3615 Sic
2521 3558 2683 3629 igitur
2710 3557 2885 3627 placet
2917 3565 2968 3611 et
3005 3554 3274 3610 Valentini
3300 3552 3529 3622 Scholaf.

2134 3738 2223 3792 ﬂ.
2253 3737 2520 3794 Basilides
2546 3746 2728 3793 autem
2762 3745 2816 3792 et
2846 3735 2960 3804 ipse
2994 3734 3125 3791 dicit
3152 3749 3274 3791 esse
3302 3732 3471 3789 Deum
3504 3746 3643 3787 non-

2061 3838 2266 3895 erAem,
2321 3830 2414 3899 qui
2463 3830 2565 3884 sibi
2614 3831 2869 3884 mundum
2926 3828 3117 3884 fecerit
3166 3843 3233 3882 ex
3291 3827 3644 3889 non-entibns

2063 3928 2402 3981 nnn-entem,
2435 3933 2557 3973 cum
2593 3918 3104 3987 non-ensdejecerit
3132 3932 3317 3972 semen
3345 3919 3643 3988 quoddam,

2056 4008 2226 4062 Veluti
2258 4021 2485 4076 granum
2529 4008 2786 4075 sinapeos
2820 4006 3026 4059 habens
3055 4005 3108 4059 in
3142 4019 3200 4059 se
3239 4006 3354 4073 ipso
3399 4007 3643 4073 stirpem,

2064 4101 2211 4166 folia,
2251 4116 2452 4168 ramos,
2485 4099 2741 4162 fructum,
2772 4099 2853 4154 vel
2896 4098 3054 4154 sicuti
3097 4112 3257 4151 ovum
3286 4098 3513 4167 pavonis
3550 4098 3649 4151 ha-

2064 4191 2195 4246 bens
2229 4192 2281 4244 in
2314 4205 2373 4245 se
2399 4190 2514 4260 ipso
2540 4189 2782 4245 colorum
2809 4190 3012 4242 variam
3041 4189 3277 4258 copiam,
3308 4197 3362 4242 et
3389 4188 3490 4241 hoc
3521 4202 3647 4244 esse

2065 4283 2249 4339 dicunt
2300 4281 2483 4336 mttndi
2524 4295 2733 4343 semen,
2767 4296 2831 4336 ex
2866 4285 2974 4349 quo
3042 4294 3130 4334 res
3180 4279 3447 4334 universae
3479 4280 3648 4332 exsti-

2062 4384 2262 4430 terunt.
2305 4372 2517 4429 Habere
2549 4372 2693 4427 enim
2733 4372 2785 4426 in
2829 4385 2888 4426 se
2935 4372 3051 4440 ipso
3098 4371 3349 4424 universa
3384 4378 3643 4438 tanquam

2064 4468 2348 4522 non~cntia
2379 4476 2436 4520 et
2463 4481 2492 4519 a
2521 4473 2784 4520 non-ente
2819 4464 2919 4517 deo
2945 4472 3002 4516 ut
3029 4462 3221 4517 ﬂerent
3248 4463 3645 4531 praemeditata.

378 4555 630 4627 γενέσθαι
674 4553 1205 4626 προὸεὸουλευμένα.
1249 4552 1360 4609 Ἦν
1393 4551 1507 4616 οὖν,
1547 4556 1735 4624 φασὶν,
1790 4553 1860 4615 σι,
1897 4554 1955 4605 ὲν

2062 4557 2189 4613 Fuit
2222 4558 2405 4628 igitur,
2431 4555 2704 4626 inquiunt,
2736 4554 2787 4608 in
2823 4554 2939 4624 ipso
2965 4553 3172 4610 semine
3217 4551 3412 4606 tilietas
3454 4552 3649 4620 triper-

380 4647 532 4720 αὑτῷ
565 4648 610 4681 θ’
641 4646 720 4718 τῷ
763 4647 1038 4718 σπέρματι
1062 4647 1249 4718 υίότης
1278 4649 1569 4720 τριμερὴς,
1608 4647 1751 4702 κατὰ
1782 4643 1961 4699 πάντα

2073 4644 2190 4709 tita,
2217 4659 2316 4713 per
2350 4646 2531 4699 omnia
2580 4642 2828 4698 non-enti
2869 4640 2979 4697 Deo
3012 4639 3514 4705 consubstantialis,
3548 4655 3645 4710 ge-

1661 4825 1900 4882 VAlilA".
1942 4824 2377 4885 LECTIONES-

451 4957 799 5032 f°_6wdp.sr..
865 4957 1096 5032 δύναμις
1153 4959 1216 5024 C,
1274 4960 1345 5018 Μ.
1412 4961 1495 5014 (If.
1533 4975 1713 5032 supra
1772 4979 1824 5032 p.
1884 4962 2011 5032 240,
2070 4964 2161 5018 44.

2280 4961 2325 4995 ⁸¹
2366 4964 2424 5015 ὲν
2468 4976 2578 5015 om.
2616 4960 2678 5015 Ο.
2792 4960 2837 4993 ⁸³
2868 4959 3176 5027 ὑπάρξασα.
3216 4956 3452 5026 ὑπάρξαι
3478 4956 3540 5021 C,
3572 4954 3645 5018 Μ,

386 5028 479 5097 qui
517 5028 622 5083 hoc
654 5028 1173 5097 vocabulum,‘quod
1202 5045 1363 5095 supra
1394 5047 1496 5084 non
1531 5028 2040 5093 legaturfnostrnm
2072 5035 2251 5088 locum
2284 5034 2504 5087 turbare
2543 5038 2745 5085 monet.
2786 5030 2832 5062 “
2856 5028 3163 5097 διδάξαντα.
3190 5028 3468 5095 διδάξοντα
3495 5041 3643 5095 ειιεῃ.

382 5097 677 5165 Roeperus.
752 5098 800 5129 “
826 5100 1019 5153 Αὐτόν.
1046 5100 1218 5153 Αὑτὸν
1245 5101 1311 5167 C,
1338 5100 1407 5156 Μ.

384 5252 483 5291 nos
518 5238 682 5291 etiam
709 5238 772 5292 ιι.
804 5238 1022 5301 Scottus
1054 5238 1311 5296 correiit.

382 5306 552 5369 νέναι,
587 5307 660 5361 ’1ο
680 5308 737 5378 δὲ
763 5308 921 5362 ἕκτον
959 5340 1030 5349 -
1055 5310 1338 5378 γεγονέναι
1371 5309 1441 5377 Μ,
1475 5312 1581 5365 Τοῦ
1610 5312 1668 5364 δὲ
1714 5312 1872 5376 ἐκτὸς
1894 5343 1964 5352 -

1514 5101 1560 5174 δέ
1591 5101 1675 5156 Cl".
1704 5102 2181 5174 qntellippolytus
2214 5117 2373 5174 supra
2407 5117 2461 5174 p.
2487 5101 2604 5174 270_
2622 5116 2742 5174 sqq.
2775 5097 3574 5174 deYalengnjanisnexposuit.
3617 5113 3647 5174 ιι

382 5168 578 5237 quibus
606 5183 732 5224 vero
756 5183 816 5223 ea
838 5210 852 5232 ,
891 5185 1010 5238 qua:
1039 5170 1127 5224 hic
1165 5170 1417 5241 leguntur
1437 5212 1452 5234 ,
1483 5168 1771 5226 admodum
1801 5168 2134 5243 discrepant.
2238 5168 2291 5204 “
2323 5171 2474 5232 ἐντὸς
2510 5170 2606 5222 τοῦ
2648 5172 2795 5239 ὅρου.
2837 5169 2955 5232 ἑνὸς
2984 5170 3076 5222 τοῦ
3110 5170 3237 5237 ὅρου
3266 5168 3330 5231 C,
3364 5168 3430 5220 Μ.
3478 5168 3647 5220 Sicuti

384 5252 483 5291 nos
518 5238 682 5291 etiam
709 5238 772 5292 ιι.
804 5238 1022 5294 Scottus
1054 5244 1311 5294 correxit.
1407 5241 1451 5272 ‘7
1492 5241 1664 5294 ἐντός.
1702 5241 1773 5294 τά
1799 5243 1948 5294 ἐντὸς
1987 5259 2138 5294 snsn.
2169 5242 2240 5294 Μ.
2315 5241 2361 5272 ⁸³
2398 5240 2558 5294 τρίτα
2580 5256 2593 5269 ο
2624 5240 2753 5294 τρία
2780 5242 2843 5292 C.
2920 5241 2965 5271 "
3004 5241 3076 5291 Τὸ
3095 5237 3151 5292 δὲ
3190 5240 3350 5291 ἕκτου
3387 5267 3457 5278 -
3486 5253 3651 5294 γεγο-

1524 5253 1664 5304 ντος.
1702 5253 1773 5294 τά
1799 5253 1948 5306 εντος
1987 5259 2138 5311 susp.
2170 5253 2240 5297 Μ.
2315 5253 2361 5272 ’⁸
2398 5253 2593 5310 τριταο
2624 5253 2753 5309 τρια
2780 5253 2843 5292 ιλ.
2920 5253 2965 5271 "
3004 5253 3076 5291 't'o
3095 5253 3151 5292 οε
3190 5253 3350 5291 εκτου
3387 5267 3457 5278 -
3486 5253 3651 5304 γεγο-

1524 5312 1581 5365 οῦ
1610 5312 1668 5364 δὲ
1714 5312 1872 5376 ἐκτὸς
1894 5343 1964 5352 -
1987 5313 2265 5381 γεγονέναι
2299 5310 2377 5381 Β.
2419 5311 2655 5381 Scottus.
2687 5308 2932 5381 lnter_Tb
2960 5308 3031 5381 δὲ
3062 5321 3124 5381 et
3148 5308 3501 5381 -€x'rou,_pro
3546 5322 3652 5372 quo

2238 5166 2291 5204 ἰε
2323 5166 2474 5232 ἐντὸς
2510 5170 2606 5222 τοῦ
2648 5172 2795 5239 ὅρου.
2837 5169 2955 5232 ἑνὸς
2984 5170 3076 5222 τοῦ
3104 5170 3237 5239 ξόρου
3266 5168 3330 5231 C,
3364 5167 3430 5220 Μ.
3478 5166 3647 5220 Sicuti

385 5378 508 5455 forti
535 5380 598 5430 ὲκ
627 5376 720 5455 τοῦ
753 5375 1184 5455 lcgepdunt_es_t_.
1219 5375 1576 5455 lacuna-csse
1604 5375 1860 5455 videtur.
1914 5384 1960 5415 ⁸⁸
1993 5375 2332 5455 βουλόμενος.
2358 5379 2786 5455 βρυλόμενον-νιξ
2815 5376 2855 5431 C
2881 5377 3295 5455 BLRLSCOW‘S-
3374 5375 3652 5455 ':§P°‘P7l'

428 5445 505 5501 ῶν
527 5465 607 5521 τε.
637 5445 921 5521 δύσφημόν
944 5465 1003 5521 τε
1031 5448 1095 5512 C,
1122 5449 1192 5521 Μ,
1213 5450 1604 5521 δυσφημοῦντα
1629 5449 1696 5507 R.
1732 5450 1971 5507 Scottus.

413 5516 434 5587 ’ξ
469 5517 564 5587 καὶ
592 5517 773 5581 αὑτός.
802 5516 903 5587 ’καὶ
930 5518 1045 5580 υίὸς
1072 5518 1275 5574 αὑτοῦῖ
1329 5516 1473 5587 ’⁸⁸’ὲξ

1513 5523 1615 5576 οὑκ
1648 5521 1816 5575 ὄντων
1855 5524 1953 5576 οὑκ
1980 5525 2137 5590 ὄντα,
2180 5523 2283 5575 οὑκ
2321 5518 2641 5589 ὃν-σπέρμ

2083 5456 2129 5487 ⁸²
2155 5445 2419 5505 κατοικεῖ.
2475 5445 2704 5516 κατομεῖ
2748 5447 2810 5503 C.
2916 5448 2963 5479 ³³
2990 5446 3071 5502 Cf.
3115 5462 3276 5516 supra
3308 5460 3358 5512 p.
3390 5445 3497 5516 559
3527 5459 3646 5511 sqq.

2644 5534 2679 5571 α
2718 5516 3051 5572 Ultlhornius
3094 5518 3127 5571 Ι.
3166 5513 3201 5572 Ι.
3229 5515 3289 5578 ἐξ
3312 5516 3412 5568 οὑκ
3452 5513 3646 5577 όντων,

384 5586 486 5662 οὑκ
520 5586 670 5662 ὄντα,
698 5586 1225 5662 οὑκμῶν,τσςπέρμα
1250 5592 1310 5654 C,
1337 5591 1406 5646 M.
1435 5583 1505 5647 cf.
1542 5607 1704 5658 supra
1740 5607 1792 5659 p.
1818 5593 1944 5656 558,
1974 5596 2031 5662 6,
2064 5583 2231 5658 7,]4,
2265 5590 2353 5645 15.
2385 5661 2393 5662 7
2429 5590 2487 5662 ’ξ
2507 5583 2968 5662 καταϐαλόμενον.
2984 5585 3469 5662 καταραλλόμενον
3494 5583 3554 5662 C_,
3580 5583 3649 5635 Μ.

385 5655 432 5729 '_'
467 5657 855 5729 συνάπεῳςβ.
951 5658 996 5729 ‘f‘
1023 5655 1165 5729 ἔχον.
1198 5659 1390 5729 ἔχοντα
1418 5662 1479 5716 t1.

1580 5663 1625 5695 ”
1648 5663 1798 5733 φασί.
1830 5665 2137 5733 φησὶμειιειι.
2184 5663 2252 5717 Μ.

2355 5661 2399 5694 ⁸ο
2428 5654 2540 5713 οἷον
2568 5660 2668 5713 οὑκ
2697 5652 2848 5720 ὄντα,
2881 5688 2951 5697 -
2984 5653 3092 5710 Ἦν
3115 5654 3229 5711 οὖν.
3257 5652 3347 5707 τόν
3383 5654 3483 5707 οὑκ
3519 5652 3651 5706 ὅντα

385 5724 493 5803 Ῠπδ
519 5727 614 5803 ’ἶοῧ
638 5728 739 5803 ῒδκ
766 5727 917 5803 ἕντῖἕ
953 5721 1085 5803 θξῷ
1108 5721 1937 5803 γενέᾶθαι.ηῌροσεὸόυλευμένα
1968 5731 2037 5803 ἦν
2064 5721 2158 5791 οὖν
2193 5734 2253 5796 C,
2292 5732 2382 5785 τὸν
2408 5731 2507 5785 οὑκ
2544 5729 2674 5803 ὂντα
2695 5728 2801 5803 ὑπὸ
2826 5727 3044 5803 τοῦρὺκ
3083 5726 3133 5782 ό.
3241 5742 3315 5803 γε
3339 5721 3650 5794 Προὸεϐουο

388 5795 623 5867 λευμένη
650 5792 718 5867 ἦν
750 5793 843 5852 οὖν
874 5798 944 5853 Μ.
983 5799 1063 5855 Cf.
1100 5792 1259 5868 supra
1295 5818 1344 5870 p.
1385 5792 1510 5866 560,
1549 5804 1639 5868 48,
1686 5803 1772 5858 49.

1868 5805 1909 5835 "
1963 5796 2147 5873 φασίν.
2181 5804 2348 5875 φησιν
2388 5816 2536 5871 susp.
2574 5799 2620 5853 Μ
2722 5801 2765 5832 ⁵³
2806 5798 2972 5870 αὐτῷ.
3020 5796 3197 5868 ἐαυτῷ
3233 5796 3295 5849 C.
