  <div class='ocr_page' id='page_1' title='image "/cluster/home/n/w/nwhite01/storage/ocr_20150623/16:no.6:pt.3/coo.31924054872969/553.png"; bbox 0 0 4114 6420; ppageno 0'>
   <div class='ocr_carea' id='block_1_1' title="bbox 532 398 675 461">
    <p class='ocr_par' dir='ltr' id='par_1_1' title="bbox 532 398 675 461">
     <span class='ocr_line' id='line_1_1' title="bbox 532 398 675 461; baseline 0.014 -2"><span class='ocrx_word' id='word_1_1' title='bbox 532 398 675 461; x_wconf 78' lang='grc'>3437</span> 
     </span>
    </p>
   </div>
   <div class='ocr_carea' id='block_1_2' title="bbox 2014 392 2386 457">
    <p class='ocr_par' dir='ltr' id='par_1_2' title="bbox 2014 392 2386 457">
     <span class='ocr_line' id='line_1_2' title="bbox 2014 392 2386 457; baseline -0.005 0"><span class='ocrx_word' id='word_1_2' title='bbox 2014 392 2386 457; x_wconf 84' lang='lat' dir='ltr'><strong>ORIGENIS</strong></span> 
     </span>
    </p>
   </div>
   <div class='ocr_carea' id='block_1_3' title="bbox 3650 389 3794 458">
    <p class='ocr_par' dir='ltr' id='par_1_3' title="bbox 3650 389 3794 458">
     <span class='ocr_line' id='line_1_3' title="bbox 3650 389 3794 458; baseline 0.028 -4"><span class='ocrx_word' id='word_1_3' title='bbox 3650 389 3794 458; x_wconf 78' lang='grc'><strong>3438</strong></span> 
     </span>
    </p>
   </div>
   <div class='ocr_carea' id='block_1_4' title="bbox 533 498 2100 581">
    <p class='ocr_par' dir='ltr' id='par_1_4' title="bbox 533 506 2100 581">
     <span class='ocr_line' id='line_1_4' title="bbox 533 506 2100 581; baseline -0.003 -16"><span class='ocrx_word' id='word_1_4' title='bbox 533 512 670 565; x_wconf 88' lang='lat' dir='ltr'><strong>bene</strong></span> <span class='ocrx_word' id='word_1_5' title='bbox 698 508 912 576; x_wconf 81' lang='lat' dir='ltr'><strong>fecisse,</strong></span> <span class='ocrx_word' id='word_1_6' title='bbox 944 507 1038 581; x_wconf 77' lang='lat' dir='ltr'><strong>sed</strong></span> <span class='ocrx_word' id='word_1_7' title='bbox 1064 506 1535 575; x_wconf 72' lang='lat' dir='ltr'><strong>irrationabiliter,</strong></span> <span class='ocrx_word' id='word_1_8' title='bbox 1561 521 1783 563; x_wconf 83' lang='lat' dir='ltr'><strong>necesse</strong></span> <span class='ocrx_word' id='word_1_9' title='bbox 1811 506 1954 560; x_wconf 89' lang='lat' dir='ltr'><strong>enim</strong></span> <span class='ocrx_word' id='word_1_10' title='bbox 1990 519 2100 561; x_wconf 77' lang='lat' dir='ltr'><strong>esse</strong></span> 
     </span>
    </p>
   </div>
   <div class='ocr_carea' id='block_1_5' title="bbox 2199 498 3787 581">
    <p class='ocr_par' dir='ltr' id='par_1_5' title="bbox 2212 498 3787 574">
     <span class='ocr_line' id='line_1_5' title="bbox 2212 498 3787 574; baseline -0.003 -17"><span class='ocrx_word' id='word_1_11' title='bbox 2212 519 2310 572; x_wconf 87' lang='grc' dir='ltr'><strong>νης</strong></span> <span class='ocrx_word' id='word_1_12' title='bbox 2337 500 2470 574; x_wconf 80' lang='grc' dir='ltr'>ὕλης</span> <span class='ocrx_word' id='word_1_13' title='bbox 2489 519 2502 533; x_wconf 90' lang='grc'><strong>·</strong></span> <span class='ocrx_word' id='word_1_14' title='bbox 2535 500 2896 572; x_wconf 80' lang='grc' dir='ltr'><strong>πεποιηκέναι</strong></span> <span class='ocrx_word' id='word_1_15' title='bbox 2922 500 3029 572; x_wconf 84' lang='grc' dir='ltr'><strong>γάρ</strong></span> <span class='ocrx_word' id='word_1_16' title='bbox 3063 500 3123 555; x_wconf 84' lang='grc' dir='ltr'><strong>οὐ</strong></span> <span class='ocrx_word' id='word_1_17' title='bbox 3152 498 3335 564; x_wconf 86' lang='grc' dir='ltr'>καλῶς</span> <span class='ocrx_word' id='word_1_18' title='bbox 3356 539 3372 564; x_wconf 93' lang='grc'><strong>,</strong></span> <span class='ocrx_word' id='word_1_19' title='bbox 3396 498 3511 553; x_wconf 80' lang='grc' dir='ltr'>ἀλλ’</span> <span class='ocrx_word' id='word_1_20' title='bbox 3538 500 3787 569; x_wconf 80' lang='grc' dir='ltr'>ἀλόγωςο</span> 
     </span>
    </p>
   </div>
   <div class='ocr_carea' id='block_1_6' title="bbox 530 596 2104 669">
    <p class='ocr_par' dir='ltr' id='par_1_6' title="bbox 530 596 2104 669">
     <span class='ocr_line' id='line_1_6' title="bbox 530 596 2104 669; baseline -0.003 -15"><span class='ocrx_word' id='word_1_21' title='bbox 530 612 591 655; x_wconf 86' lang='grc' dir='ltr'><strong>ιιι</strong></span> <span class='ocrx_word' id='word_1_22' title='bbox 622 615 854 669; x_wconf 73' lang='lat' dir='ltr'><strong>ea,quae</strong></span> <span class='ocrx_word' id='word_1_23' title='bbox 906 609 1025 654; x_wconf 84' lang='lat' dir='ltr'><strong>orla</strong></span> <span class='ocrx_word' id='word_1_24' title='bbox 1084 600 1213 663; x_wconf 85' lang='lat' dir='ltr'><strong>sint,</strong></span> <span class='ocrx_word' id='word_1_25' title='bbox 1258 598 1458 655; x_wconf 84' lang='lat' dir='ltr'><strong>similia</strong></span> <span class='ocrx_word' id='word_1_26' title='bbox 1490 598 1598 653; x_wconf 90' lang='lat' dir='ltr'><strong>sint</strong></span> <span class='ocrx_word' id='word_1_27' title='bbox 1647 599 1719 663; x_wconf 91' lang='lat' dir='ltr'><strong>ei,</strong></span> <span class='ocrx_word' id='word_1_28' title='bbox 1744 598 1835 669; x_wconf 88' lang='lat' dir='ltr'><strong>qui</strong></span> <span class='ocrx_word' id='word_1_29' title='bbox 1892 596 2104 651; x_wconf 81' lang='lat' dir='ltr'><strong>fecerit.</strong></span> 
     </span>
    </p>
   </div>
   <div class='ocr_carea' id='block_1_7' title="bbox 530 689 2110 760">
    <p class='ocr_par' dir='ltr' id='par_1_7' title="bbox 530 689 2110 760">
     <span class='ocr_line' id='line_1_7' title="bbox 530 689 2110 760; baseline -0.001 -17"><span class='ocrx_word' id='word_1_30' title='bbox 530 691 869 760; x_wconf 73' lang='lat' dir='ltr'><strong>Quapropter</strong></span> <span class='ocrx_word' id='word_1_31' title='bbox 888 691 1052 745; x_wconf 88' lang='lat' dir='ltr'><strong>etiam</strong></span> <span class='ocrx_word' id='word_1_32' title='bbox 1076 690 1346 760; x_wconf 83' lang='lat' dir='ltr'><strong>parabolis</strong></span> <span class='ocrx_word' id='word_1_33' title='bbox 1372 691 1698 760; x_wconf 84' lang='lat' dir='ltr'><strong>evangelicis</strong></span> <span class='ocrx_word' id='word_1_34' title='bbox 1725 689 1777 743; x_wconf 92' lang='lat' dir='ltr'><strong>in</strong></span> <span class='ocrx_word' id='word_1_35' title='bbox 1808 691 1948 742; x_wconf 92' lang='lat' dir='ltr'><strong>hunc</strong></span> <span class='ocrx_word' id='word_1_36' title='bbox 1994 703 2110 742; x_wconf 90' lang='lat' dir='ltr'><strong>mo-</strong></span> 
     </span>
    </p>
   </div>
   <div class='ocr_carea' id='block_1_8' title="bbox 528 781 2108 853">
    <p class='ocr_par' dir='ltr' id='par_1_8' title="bbox 528 781 2108 853">
     <span class='ocr_line' id='line_1_8' title="bbox 528 781 2108 853; baseline -0.001 -18"><span class='ocrx_word' id='word_1_37' title='bbox 528 787 654 836; x_wconf 87' lang='lat' dir='ltr'><strong>dum</strong></span> <span class='ocrx_word' id='word_1_38' title='bbox 692 791 916 837; x_wconf 86' lang='lat' dir='ltr'><strong>utuntur</strong></span> <span class='ocrx_word' id='word_1_39' title='bbox 950 783 1229 837; x_wconf 78' lang='lat' dir='ltr'><strong>dicentes:</strong></span> <span class='ocrx_word' id='word_1_40' title='bbox 1268 781 1392 836; x_wconf 82' lang='lat' dir='ltr'><strong>Non</strong></span> <span class='ocrx_word' id='word_1_41' title='bbox 1425 793 1588 853; x_wconf 80' lang='lat' dir='ltr'><strong>potest</strong></span> <span class='ocrx_word' id='word_1_42' title='bbox 1640 781 1802 835; x_wconf 85' lang='lat' dir='ltr'><strong>arbor</strong></span> <span class='ocrx_word' id='word_1_43' title='bbox 1829 781 1966 835; x_wconf 82' lang='lat' dir='ltr'><strong>bona</strong></span> <span class='ocrx_word' id='word_1_44' title='bbox 1992 781 2108 849; x_wconf 73' lang='lat' dir='ltr'><strong>{ru—</strong></span> 
     </span>
    </p>
   </div>
   <div class='ocr_carea' id='block_1_9' title="bbox 526 871 2107 944">
    <p class='ocr_par' dir='ltr' id='par_1_9' title="bbox 526 871 2107 944">
     <span class='ocr_line' id='line_1_9' title="bbox 526 871 2107 944; baseline 0 -17"><span class='ocrx_word' id='word_1_45' title='bbox 526 884 641 928; x_wconf 81' lang='lat' dir='ltr'><strong>ctus</strong></span> <span class='ocrx_word' id='word_1_46' title='bbox 664 874 832 928; x_wconf 81' lang='lat' dir='ltr'><strong>malos</strong></span> <span class='ocrx_word' id='word_1_47' title='bbox 859 874 1055 943; x_wconf 76' lang='lat' dir='ltr'><strong>facere,</strong></span> <span class='ocrx_word' id='word_1_48' title='bbox 1091 885 1146 929; x_wconf 90' lang='lat' dir='ltr'><strong>et</strong></span> <span class='ocrx_word' id='word_1_49' title='bbox 1170 889 1290 944; x_wconf 63' lang='lat' dir='ltr'><strong>qua;</strong></span> <span class='ocrx_word' id='word_1_50' title='bbox 1320 889 1640 944; x_wconf 83' lang='lat' dir='ltr'><strong>sequuntur,</strong></span> <span class='ocrx_word' id='word_1_51' title='bbox 1690 872 1759 927; x_wconf 90' lang='lat' dir='ltr'><strong>ad</strong></span> <span class='ocrx_word' id='word_1_52' title='bbox 1810 874 1913 927; x_wconf 86' lang='lat' dir='ltr'><strong>hoc</strong></span> <span class='ocrx_word' id='word_1_53' title='bbox 1946 871 2107 928; x_wconf 88' lang='lat' dir='ltr'><strong>dicti-</strong></span> 
     </span>
    </p>
   </div>
   <div class='ocr_carea' id='block_1_10' title="bbox 530 964 2102 1036">
    <p class='ocr_par' dir='ltr' id='par_1_10' title="bbox 530 964 2102 1036">
     <span class='ocr_line' id='line_1_10' title="bbox 530 964 2102 1036; baseline -0.001 -18"><span class='ocrx_word' id='word_1_54' title='bbox 530 978 649 1021; x_wconf 90' lang='lat' dir='ltr'><strong>tans</strong></span> <span class='ocrx_word' id='word_1_55' title='bbox 678 967 1038 1036; x_wconf 88' lang='lat' dir='ltr'><strong>pronuntiata</strong></span> <span class='ocrx_word' id='word_1_56' title='bbox 1063 981 1206 1032; x_wconf 90' lang='lat' dir='ltr'><strong>esse,</strong></span> <span class='ocrx_word' id='word_1_57' title='bbox 1236 982 1355 1034; x_wconf 71' lang='lat' dir='ltr'><strong>qua:</strong></span> <span class='ocrx_word' id='word_1_58' title='bbox 1385 970 1459 1023; x_wconf 84' lang='lat' dir='ltr'><strong>ab&#39;</strong></span> <span class='ocrx_word' id='word_1_59' title='bbox 1478 973 1594 1035; x_wconf 85' lang='lat' dir='ltr'><strong>ipso</strong></span> <span class='ocrx_word' id='word_1_60' title='bbox 1623 964 1761 1019; x_wconf 90' lang='lat' dir='ltr'><strong>male</strong></span> <span class='ocrx_word' id='word_1_61' title='bbox 1787 974 2102 1021; x_wconf 81' lang='lat' dir='ltr'><strong>censentur.</strong></span> 
     </span>
    </p>
   </div>
   <div class='ocr_carea' id='block_1_11' title="bbox 524 1054 2104 1112">
    <p class='ocr_par' dir='ltr' id='par_1_11' title="bbox 524 1054 2104 1112">
     <span class='ocr_line' id='line_1_11' title="bbox 524 1054 2104 1112; baseline -0.003 0"><span class='ocrx_word' id='word_1_62' title='bbox 524 1056 803 1112; x_wconf 87' lang='lat' dir='ltr'><strong>Christum</strong></span> <span class='ocrx_word' id='word_1_63' title='bbox 840 1066 1019 1110; x_wconf 88' lang='lat' dir='ltr'><strong>autem</strong></span> <span class='ocrx_word' id='word_1_64' title='bbox 1056 1056 1221 1109; x_wconf 85' lang='lat' dir='ltr'><strong>ﬁlium</strong></span> <span class='ocrx_word' id='word_1_65' title='bbox 1265 1070 1387 1110; x_wconf 90' lang='lat' dir='ltr'><strong>esse</strong></span> <span class='ocrx_word' id='word_1_66' title='bbox 1417 1055 1541 1109; x_wconf 89' lang='lat' dir='ltr'><strong>boni</strong></span> <span class='ocrx_word' id='word_1_67' title='bbox 1571 1064 1625 1109; x_wconf 92' lang='lat' dir='ltr'><strong>et</strong></span> <span class='ocrx_word' id='word_1_68' title='bbox 1657 1054 1724 1108; x_wconf 89' lang='lat' dir='ltr'><strong>ab</strong></span> <span class='ocrx_word' id='word_1_69' title='bbox 1770 1069 1837 1108; x_wconf 90' lang='lat' dir='ltr'><strong>eo</strong></span> <span class='ocrx_word' id='word_1_70' title='bbox 1876 1054 2104 1108; x_wconf 91' lang='lat' dir='ltr'><strong>missum</strong></span> 
     </span>
    </p>
   </div>
   <div class='ocr_carea' id='block_1_12' title="bbox 526 1147 2103 1215">
    <p class='ocr_par' dir='ltr' id='par_1_12' title="bbox 526 1147 2103 1215">
     <span class='ocr_line' id='line_1_12' title="bbox 526 1147 2103 1215; baseline -0.002 -12"><span class='ocrx_word' id='word_1_71' title='bbox 526 1164 648 1203; x_wconf 89' lang='lat' dir='ltr'><strong>esse</strong></span> <span class='ocrx_word' id='word_1_72' title='bbox 680 1148 750 1202; x_wconf 90' lang='lat' dir='ltr'><strong>ad</strong></span> <span class='ocrx_word' id='word_1_73' title='bbox 784 1149 1101 1204; x_wconf 87' lang='lat' dir='ltr'><strong>salvandum</strong></span> <span class='ocrx_word' id='word_1_74' title='bbox 1134 1149 1365 1212; x_wconf 90' lang='lat' dir='ltr'><strong>animas,</strong></span> <span class='ocrx_word' id='word_1_75' title='bbox 1395 1162 1554 1215; x_wconf 87' lang='lat' dir='ltr'><strong>quem</strong></span> <span class='ocrx_word' id='word_1_76' title='bbox 1584 1147 1901 1201; x_wconf 89' lang='lat' dir='ltr'><strong>interiorem</strong></span> <span class='ocrx_word' id='word_1_77' title='bbox 1926 1147 2103 1201; x_wconf 81' lang='lat' dir='ltr'><strong>homi-</strong></span> 
     </span>
    </p>
   </div>
   <div class='ocr_carea' id='block_1_13' title="bbox 526 1239 2105 1307">
    <p class='ocr_par' dir='ltr' id='par_1_13' title="bbox 526 1239 2105 1307">
     <span class='ocr_line' id='line_1_13' title="bbox 526 1239 2105 1307; baseline -0.002 -15"><span class='ocrx_word' id='word_1_78' title='bbox 526 1254 650 1294; x_wconf 86' lang='lat' dir='ltr'><strong>nem</strong></span> <span class='ocrx_word' id='word_1_79' title='bbox 687 1249 864 1306; x_wconf 89' lang='lat' dir='ltr'><strong>vocat,</strong></span> <span class='ocrx_word' id='word_1_80' title='bbox 898 1240 1082 1294; x_wconf 86' lang='lat' dir='ltr'><strong>dicens</strong></span> <span class='ocrx_word' id='word_1_81' title='bbox 1116 1254 1239 1293; x_wconf 91' lang='lat' dir='ltr'><strong>eum</strong></span> <span class='ocrx_word' id='word_1_82' title='bbox 1298 1249 1555 1307; x_wconf 89' lang='lat' dir='ltr'><strong>tanquam</strong></span> <span class='ocrx_word' id='word_1_83' title='bbox 1617 1239 1891 1292; x_wconf 84' lang='lat' dir='ltr'><strong>hominem</strong></span> <span class='ocrx_word' id='word_1_84' title='bbox 1937 1252 2105 1307; x_wconf 89' lang='lat' dir='ltr'><strong>appa-</strong></span> 
     </span>
    </p>
   </div>
   <div class='ocr_carea' id='block_1_14' title="bbox 525 1329 2103 1399">
    <p class='ocr_par' dir='ltr' id='par_1_14' title="bbox 525 1329 2103 1399">
     <span class='ocr_line' id='line_1_14' title="bbox 525 1329 2103 1399; baseline 0 -16"><span class='ocrx_word' id='word_1_85' title='bbox 525 1331 721 1394; x_wconf 89' lang='lat' dir='ltr'><strong>ruisse,</strong></span> <span class='ocrx_word' id='word_1_86' title='bbox 750 1346 871 1385; x_wconf 91' lang='lat' dir='ltr'><strong>cum</strong></span> <span class='ocrx_word' id='word_1_87' title='bbox 906 1346 1010 1384; x_wconf 90' lang='lat' dir='ltr'><strong>non</strong></span> <span class='ocrx_word' id='word_1_88' title='bbox 1039 1330 1107 1384; x_wconf 86' lang='lat' dir='ltr'><strong>sit</strong></span> <span class='ocrx_word' id='word_1_89' title='bbox 1132 1331 1315 1394; x_wconf 90' lang='lat' dir='ltr'><strong>homo,</strong></span> <span class='ocrx_word' id='word_1_90' title='bbox 1347 1339 1402 1384; x_wconf 90' lang='lat' dir='ltr'><strong>et</strong></span> <span class='ocrx_word' id='word_1_91' title='bbox 1434 1338 1691 1399; x_wconf 83' lang='lat' dir='ltr'><strong>tanquam</strong></span> <span class='ocrx_word' id='word_1_92' title='bbox 1746 1343 1965 1383; x_wconf 85' lang='lat' dir='ltr'><strong>carnem</strong></span> <span class='ocrx_word' id='word_1_93' title='bbox 2002 1329 2103 1383; x_wconf 86' lang='lat' dir='ltr'><strong>ha-</strong></span> 
     </span>
    </p>
   </div>
   <div class='ocr_carea' id='block_1_15' title="bbox 523 1419 2102 1489">
    <p class='ocr_par' dir='ltr' id='par_1_15' title="bbox 523 1419 2102 1489">
     <span class='ocr_line' id='line_1_15' title="bbox 523 1419 2102 1489; baseline 0 -16"><span class='ocrx_word' id='word_1_94' title='bbox 523 1419 763 1485; x_wconf 75' lang='lat' dir='ltr'><strong>bentem,</strong></span> <span class='ocrx_word' id='word_1_95' title='bbox 794 1436 915 1473; x_wconf 90' lang='lat' dir='ltr'><strong>cum</strong></span> <span class='ocrx_word' id='word_1_96' title='bbox 941 1434 1046 1473; x_wconf 91' lang='lat' dir='ltr'><strong>non</strong></span> <span class='ocrx_word' id='word_1_97' title='bbox 1084 1420 1281 1473; x_wconf 87' lang='lat' dir='ltr'><strong>haheat</strong></span> <span class='ocrx_word' id='word_1_98' title='bbox 1314 1434 1560 1483; x_wconf 89' lang='lat' dir='ltr'><strong>carnem,</strong></span> <span class='ocrx_word' id='word_1_99' title='bbox 1595 1420 1685 1489; x_wconf 86' lang='lat' dir='ltr'><strong>qui</strong></span> <span class='ocrx_word' id='word_1_100' title='bbox 1724 1420 1906 1489; x_wconf 85' lang='lat' dir='ltr'><strong>specie</strong></span> <span class='ocrx_word' id='word_1_101' title='bbox 1940 1435 2102 1489; x_wconf 90' lang='lat' dir='ltr'><strong>appa-</strong></span> 
     </span>
    </p>
   </div>
   <div class='ocr_carea' id='block_1_16' title="bbox 525 1509 2100 1579">
    <p class='ocr_par' dir='ltr' id='par_1_16' title="bbox 525 1509 2100 1579">
     <span class='ocr_line' id='line_1_16' title="bbox 525 1509 2100 1579; baseline -0.001 -17"><span class='ocrx_word' id='word_1_102' title='bbox 525 1510 881 1577; x_wconf 80' lang='lat' dir='ltr'><strong>rueritneque</strong></span> <span class='ocrx_word' id='word_1_103' title='bbox 903 1510 1209 1579; x_wconf 80' lang='lat' dir='ltr'><strong>genituram</strong></span> <span class='ocrx_word' id='word_1_104' title='bbox 1235 1509 1746 1579; x_wconf 85' lang='lat' dir='ltr'><strong>sustinueritneque</strong></span> <span class='ocrx_word' id='word_1_105' title='bbox 1771 1511 2100 1578; x_wconf 85' lang='lat' dir='ltr'><strong>passionem,</strong></span> 
     </span>
    </p>
   </div>
   <div class='ocr_carea' id='block_1_17' title="bbox 521 1601 2099 1672">
    <p class='ocr_par' dir='ltr' id='par_1_17' title="bbox 521 1601 2099 1672">
     <span class='ocr_line' id='line_1_17' title="bbox 521 1601 2099 1672; baseline 0.003 -20"><span class='ocrx_word' id='word_1_106' title='bbox 521 1616 711 1655; x_wconf 84' lang='lat' dir='ltr'><strong>verum</strong></span> <span class='ocrx_word' id='word_1_107' title='bbox 764 1604 944 1672; x_wconf 83' lang='lat' dir='ltr'><strong>specie</strong></span> <span class='ocrx_word' id='word_1_108' title='bbox 977 1611 1207 1656; x_wconf 89' lang='lat' dir='ltr'><strong>tantum.</strong></span> <span class='ocrx_word' id='word_1_109' title='bbox 1271 1601 1502 1657; x_wconf 79' lang='lat' dir='ltr'><strong>Carnem</strong></span> <span class='ocrx_word' id='word_1_110' title='bbox 1539 1614 1719 1656; x_wconf 90' lang='lat' dir='ltr'><strong>autem</strong></span> <span class='ocrx_word' id='word_1_111' title='bbox 1749 1619 1853 1657; x_wconf 92' lang='lat' dir='ltr'><strong>non</strong></span> <span class='ocrx_word' id='word_1_112' title='bbox 1886 1602 1997 1656; x_wconf 84' lang='lat' dir='ltr'><strong>vult</strong></span> <span class='ocrx_word' id='word_1_113' title='bbox 2020 1620 2099 1657; x_wconf 87' lang='lat' dir='ltr'><strong>re-</strong></span> 
     </span>
    </p>
   </div>
   <div class='ocr_carea' id='block_1_18' title="bbox 521 1693 2101 1763">
    <p class='ocr_par' dir='ltr' id='par_1_18' title="bbox 521 1693 2101 1763">
     <span class='ocr_line' id='line_1_18' title="bbox 521 1693 2101 1763; baseline 0.001 -15"><span class='ocrx_word' id='word_1_114' title='bbox 521 1709 767 1763; x_wconf 77' lang='lat' dir='ltr'><strong>surgere,</strong></span> <span class='ocrx_word' id='word_1_115' title='bbox 800 1696 1203 1750; x_wconf 87' lang='lat' dir='ltr'><strong>matrimonium</strong></span> <span class='ocrx_word' id='word_1_116' title='bbox 1237 1705 1413 1748; x_wconf 86' lang='lat' dir='ltr'><strong>autem</strong></span> <span class='ocrx_word' id='word_1_117' title='bbox 1445 1693 1743 1762; x_wconf 91' lang='lat' dir='ltr'><strong>perniciem</strong></span> <span class='ocrx_word' id='word_1_118' title='bbox 1771 1709 1893 1749; x_wconf 89' lang='lat' dir='ltr'><strong>esse</strong></span> <span class='ocrx_word' id='word_1_119' title='bbox 1913 1695 2101 1749; x_wconf 86' lang='lat' dir='ltr'><strong>dicens</strong></span> 
     </span>
    </p>
   </div>
   <div class='ocr_carea' id='block_1_19' title="bbox 518 1784 2097 1858">
    <p class='ocr_par' dir='ltr' id='par_1_19' title="bbox 518 1784 2097 1858">
     <span class='ocr_line' id='line_1_19' title="bbox 518 1784 2097 1858; baseline 0.001 -22"><span class='ocrx_word' id='word_1_120' title='bbox 518 1786 585 1839; x_wconf 89' lang='lat' dir='ltr'><strong>ad</strong></span> <span class='ocrx_word' id='word_1_121' title='bbox 609 1785 772 1838; x_wconf 88' lang='lat' dir='ltr'><strong>vitam</strong></span> <span class='ocrx_word' id='word_1_122' title='bbox 806 1787 1095 1839; x_wconf 83' lang='lat' dir='ltr'><strong>admodum</strong></span> <span class='ocrx_word' id='word_1_123' title='bbox 1138 1787 1386 1858; x_wconf 79' lang='lat' dir='ltr'><strong>cynicam</strong></span> <span class='ocrx_word' id='word_1_124' title='bbox 1411 1787 1632 1841; x_wconf 83' lang='lat' dir='ltr'><strong>adducit</strong></span> <span class='ocrx_word' id='word_1_125' title='bbox 1683 1784 1999 1855; x_wconf 87' lang='lat' dir='ltr'><strong>discipulos,</strong></span> <span class='ocrx_word' id='word_1_126' title='bbox 2044 1787 2097 1839; x_wconf 91' lang='lat' dir='ltr'><strong>in</strong></span> 
     </span>
    </p>
   </div>
   <div class='ocr_carea' id='block_1_20' title="bbox 2210 589 3790 666">
    <p class='ocr_par' dir='ltr' id='par_1_20' title="bbox 2210 589 3790 666">
     <span class='ocr_line' id='line_1_20' title="bbox 2210 589 3790 666; baseline 0 -17"><span class='ocrx_word' id='word_1_127' title='bbox 2210 594 2425 665; x_wconf 84' lang='grc' dir='ltr'><strong>ἀνάγκη</strong></span> <span class='ocrx_word' id='word_1_128' title='bbox 2450 593 2561 666; x_wconf 84' lang='grc' dir='ltr'><strong>γὰρ</strong></span> <span class='ocrx_word' id='word_1_129' title='bbox 2584 593 2653 647; x_wconf 83' lang='grc' dir='ltr'><strong>τά</strong></span> <span class='ocrx_word' id='word_1_130' title='bbox 2680 594 2948 663; x_wconf 86' lang='grc' dir='ltr'>γενόμενα</span> <span class='ocrx_word' id='word_1_131' title='bbox 2975 594 3137 663; x_wconf 85' lang='grc' dir='ltr'>ὃμοια</span> <span class='ocrx_word' id='word_1_132' title='bbox 3163 589 3303 647; x_wconf 81' lang='grc' dir='ltr'>εἶναι</span> <span class='ocrx_word' id='word_1_133' title='bbox 3336 591 3416 663; x_wconf 84' lang='grc' dir='ltr'>τῷ</span> <span class='ocrx_word' id='word_1_134' title='bbox 3443 594 3790 663; x_wconf 74' lang='grc' dir='ltr'><strong>πεποιηκότι.</strong></span> 
     </span>
    </p>
   </div>
   <div class='ocr_carea' id='block_1_21' title="bbox 2208 683 3797 757">
    <p class='ocr_par' dir='ltr' id='par_1_21' title="bbox 2208 683 3797 757">
     <span class='ocr_line' id='line_1_21' title="bbox 2208 683 3797 757; baseline -0.002 -17"><span class='ocrx_word' id='word_1_135' title='bbox 2208 687 2301 741; x_wconf 78' lang='grc' dir='ltr'><strong>Διὸ</strong></span> <span class='ocrx_word' id='word_1_136' title='bbox 2335 688 2431 741; x_wconf 60' lang='grc' dir='ltr'><strong>καλ⁸</strong></span> <span class='ocrx_word' id='word_1_137' title='bbox 2471 688 2592 750; x_wconf 84' lang='grc' dir='ltr'>ταῖς</span> <span class='ocrx_word' id='word_1_138' title='bbox 2636 684 2978 757; x_wconf 78' lang='grc' dir='ltr'>παραϐολαῖς</span> <span class='ocrx_word' id='word_1_139' title='bbox 3019 687 3141 748; x_wconf 87' lang='grc' dir='ltr'>ταῖς</span> <span class='ocrx_word' id='word_1_140' title='bbox 3181 683 3569 753; x_wconf 72' lang='grc' dir='ltr'>εὐαγγελικαίς</span> <span class='ocrx_word' id='word_1_141' title='bbox 3615 684 3797 749; x_wconf 72' lang='grc' dir='ltr'>οὕτως</span> 
     </span>
    </p>
   </div>
   <div class='ocr_carea' id='block_1_22' title="bbox 2207 775 3801 849">
    <p class='ocr_par' dir='ltr' id='par_1_22' title="bbox 2207 775 3801 849">
     <span class='ocr_line' id='line_1_22' title="bbox 2207 775 3801 849; baseline -0.001 -19"><span class='ocrx_word' id='word_1_142' title='bbox 2207 778 2447 849; x_wconf 83' lang='grc' dir='ltr'>χρῶνται</span> <span class='ocrx_word' id='word_1_143' title='bbox 2462 777 2731 845; x_wconf 80' lang='grc' dir='ltr'>λέγοντες·</span> <span class='ocrx_word' id='word_1_144' title='bbox 2753 779 2833 830; x_wconf 85' lang='grc' dir='ltr'><strong>οὐ</strong></span> <span class='ocrx_word' id='word_1_145' title='bbox 2857 775 3105 830; x_wconf 75' lang='grc' dir='ltr'>δύναται</span> <span class='ocrx_word' id='word_1_146' title='bbox 3127 776 3435 845; x_wconf 70' lang='grc' dir='ltr'>δένδρον-⁸⁸</span> <span class='ocrx_word' id='word_1_147' title='bbox 3449 776 3643 832; x_wconf 77' lang='grc' dir='ltr'>καλὸν</span> <span class='ocrx_word' id='word_1_148' title='bbox 3659 793 3801 844; x_wconf 82' lang='grc' dir='ltr'>καρ-</span> 
     </span>
    </p>
   </div>
   <div class='ocr_carea' id='block_1_23' title="bbox 2207 866 3793 936">
    <p class='ocr_par' dir='ltr' id='par_1_23' title="bbox 2207 866 3793 936">
     <span class='ocr_line' id='line_1_23' title="bbox 2207 866 3793 936; baseline 0 -16"><span class='ocrx_word' id='word_1_149' title='bbox 2207 868 2362 932; x_wconf 76' lang='grc' dir='ltr'>ποὺς</span> <span class='ocrx_word' id='word_1_150' title='bbox 2394 866 2702 934; x_wconf 80' lang='grc' dir='ltr'>πονηροὺς</span> <span class='ocrx_word' id='word_1_151' title='bbox 2730 866 2945 933; x_wconf 78' lang='grc' dir='ltr'><strong>ποιεῖν,</strong></span> <span class='ocrx_word' id='word_1_152' title='bbox 2976 867 3069 920; x_wconf 71' lang='grc' dir='ltr'><strong>καὶ</strong></span> <span class='ocrx_word' id='word_1_153' title='bbox 3094 871 3162 920; x_wconf 83' lang='grc' dir='ltr'>τὰ</span> <span class='ocrx_word' id='word_1_154' title='bbox 3192 867 3341 936; x_wconf 78' lang='grc' dir='ltr'>ἑξῆς,</span> <span class='ocrx_word' id='word_1_155' title='bbox 3386 869 3469 930; x_wconf 82' lang='grc' dir='ltr'><strong>είς</strong></span> <span class='ocrx_word' id='word_1_156' title='bbox 3503 867 3662 920; x_wconf 85' lang='grc' dir='ltr'>τοῦτο</span> <span class='ocrx_word' id='word_1_157' title='bbox 3685 868 3793 934; x_wconf 78' lang='grc' dir='ltr'>φά-</span> 
     </span>
    </p>
   </div>
   <div class='ocr_carea' id='block_1_24' title="bbox 2211 957 3795 1029">
    <p class='ocr_par' dir='ltr' id='par_1_24' title="bbox 2211 957 3795 1029">
     <span class='ocr_line' id='line_1_24' title="bbox 2211 957 3795 1029; baseline -0.001 -18"><span class='ocrx_word' id='word_1_158' title='bbox 2211 975 2356 1012; x_wconf 88' lang='grc' dir='ltr'>σκων</span> <span class='ocrx_word' id='word_1_159' title='bbox 2389 957 2397 1028; x_wconf 99' lang='lat'><strong><em>|</em></strong></span> <span class='ocrx_word' id='word_1_160' title='bbox 2429 958 2682 1029; x_wconf 76' lang='grc' dir='ltr'>εἰρῆσθαι</span> <span class='ocrx_word' id='word_1_161' title='bbox 2704 958 2770 1012; x_wconf 78' lang='grc' dir='ltr'>τὰ</span> <span class='ocrx_word' id='word_1_162' title='bbox 2794 958 2887 1012; x_wconf 72' lang='grc' dir='ltr'>ὑπ’</span> <span class='ocrx_word' id='word_1_163' title='bbox 2904 959 3068 1012; x_wconf 79' lang='grc' dir='ltr'>αὑτοῦ</span> <span class='ocrx_word' id='word_1_164' title='bbox 3091 959 3280 1022; x_wconf 84' lang='grc' dir='ltr'>κακῶς</span> <span class='ocrx_word' id='word_1_165' title='bbox 3301 958 3659 1028; x_wconf 73' lang='grc' dir='ltr'>νομιζόμενα.</span> <span class='ocrx_word' id='word_1_166' title='bbox 3685 958 3795 1011; x_wconf 73' lang='grc' dir='ltr'><strong>Τὸν</strong></span> 
     </span>
    </p>
   </div>
   <div class='ocr_carea' id='block_1_25' title="bbox 2205 1045 3795 1120">
    <p class='ocr_par' dir='ltr' id='par_1_25' title="bbox 2205 1045 3795 1120">
     <span class='ocr_line' id='line_1_25' title="bbox 2205 1045 3795 1120; baseline 0 -18"><span class='ocrx_word' id='word_1_167' title='bbox 2205 1048 2262 1102; x_wconf 84' lang='grc' dir='ltr'>δὲ</span> <span class='ocrx_word' id='word_1_168' title='bbox 2290 1051 2527 1120; x_wconf 83' lang='grc' dir='ltr'>Χριστὸν</span> <span class='ocrx_word' id='word_1_169' title='bbox 2552 1051 2667 1104; x_wconf 77' lang='grc' dir='ltr'>υἱὸν</span> <span class='ocrx_word' id='word_1_170' title='bbox 2699 1045 2842 1103; x_wconf 83' lang='grc' dir='ltr'>εἶναι</span> <span class='ocrx_word' id='word_1_171' title='bbox 2871 1049 2966 1103; x_wconf 83' lang='grc' dir='ltr'><strong>τοῦ</strong></span> <span class='ocrx_word' id='word_1_172' title='bbox 2996 1050 3204 1119; x_wconf 81' lang='grc' dir='ltr'>ἀγαθοῦ</span> <span class='ocrx_word' id='word_1_173' title='bbox 3240 1052 3336 1104; x_wconf 73' lang='grc' dir='ltr'>καὶ</span> <span class='ocrx_word' id='word_1_174' title='bbox 3367 1052 3458 1103; x_wconf 79' lang='grc' dir='ltr'><strong>ὑπ’</strong></span> <span class='ocrx_word' id='word_1_175' title='bbox 3499 1050 3665 1104; x_wconf 80' lang='grc' dir='ltr'>αὑτοῦ</span> <span class='ocrx_word' id='word_1_176' title='bbox 3699 1068 3795 1103; x_wconf 87' lang='grc' dir='ltr'>πε-</span> 
     </span>
    </p>
   </div>
   <div class='ocr_carea' id='block_1_26' title="bbox 2207 1139 3792 1213">
    <p class='ocr_par' dir='ltr' id='par_1_26' title="bbox 2207 1139 3792 1213">
     <span class='ocr_line' id='line_1_26' title="bbox 2207 1139 3792 1213; baseline 0.003 -21"><span class='ocrx_word' id='word_1_177' title='bbox 2207 1139 2453 1211; x_wconf 83' lang='grc' dir='ltr'>πέμφθαι</span> <span class='ocrx_word' id='word_1_178' title='bbox 2480 1143 2568 1194; x_wconf 72' lang='grc' dir='ltr'>ἐπὶ</span> <span class='ocrx_word' id='word_1_179' title='bbox 2590 1142 2837 1213; x_wconf 77' lang='grc' dir='ltr'><strong>σωτηρίᾳ</strong></span> <span class='ocrx_word' id='word_1_180' title='bbox 2856 1142 2965 1196; x_wconf 85' lang='grc' dir='ltr'>τῶν</span> <span class='ocrx_word' id='word_1_181' title='bbox 2982 1142 3193 1213; x_wconf 76' lang='grc' dir='ltr'>ψυχῶν,</span> <span class='ocrx_word' id='word_1_182' title='bbox 3214 1143 3275 1196; x_wconf 83' lang='grc' dir='ltr'>ὃν</span> <span class='ocrx_word' id='word_1_183' title='bbox 3297 1144 3343 1174; x_wconf 81' lang='grc'><strong>⁵³</strong></span> <span class='ocrx_word' id='word_1_184' title='bbox 3361 1143 3470 1195; x_wconf 78' lang='grc' dir='ltr'><strong>έσω</strong></span> <span class='ocrx_word' id='word_1_185' title='bbox 3499 1143 3792 1213; x_wconf 77' lang='grc' dir='ltr'>ἄνθρωπον</span> 
     </span>
    </p>
   </div>
   <div class='ocr_carea' id='block_1_27' title="bbox 2205 1231 3789 1305">
    <p class='ocr_par' dir='ltr' id='par_1_27' title="bbox 2205 1231 3789 1305">
     <span class='ocr_line' id='line_1_27' title="bbox 2205 1231 3789 1305; baseline 0.003 -21"><span class='ocrx_word' id='word_1_186' title='bbox 2205 1231 2379 1297; x_wconf 89' lang='grc' dir='ltr'>καλεῖ,</span> <span class='ocrx_word' id='word_1_187' title='bbox 2392 1231 2468 1296; x_wconf 86' lang='grc' dir='ltr'>ὡς</span> <span class='ocrx_word' id='word_1_188' title='bbox 2484 1233 2581 1286; x_wconf 81' lang='grc' dir='ltr'>ἄνθ</span> <span class='ocrx_word' id='word_1_189' title='bbox 2592 1250 2769 1305; x_wconf 65' lang='grc' dir='ltr'>ρωποι)</span> <span class='ocrx_word' id='word_1_190' title='bbox 2786 1235 3021 1303; x_wconf 80' lang='grc' dir='ltr'>φανέντα</span> <span class='ocrx_word' id='word_1_191' title='bbox 3034 1235 3205 1304; x_wconf 86' lang='grc' dir='ltr'>λέγων</span> <span class='ocrx_word' id='word_1_192' title='bbox 3217 1237 3317 1288; x_wconf 79' lang='grc' dir='ltr'><strong>οὐκ</strong></span> <span class='ocrx_word' id='word_1_193' title='bbox 3332 1236 3462 1289; x_wconf 78' lang='grc' dir='ltr'>ὅντα</span> <span class='ocrx_word' id='word_1_194' title='bbox 3476 1234 3574 1288; x_wconf 80' lang='grc' dir='ltr'>ἄνθ</span> <span class='ocrx_word' id='word_1_195' title='bbox 3583 1254 3660 1305; x_wconf 92' lang='grc' dir='ltr'><strong>ρω</strong></span> <span class='ocrx_word' id='word_1_196' title='bbox 3669 1252 3789 1301; x_wconf 93' lang='grc' dir='ltr'>πον,</span> 
     </span>
    </p>
   </div>
   <div class='ocr_carea' id='block_1_28' title="bbox 2205 1325 3789 1399">
    <p class='ocr_par' dir='ltr' id='par_1_28' title="bbox 2205 1325 3789 1399">
     <span class='ocr_line' id='line_1_28' title="bbox 2205 1325 3789 1399; baseline 0.002 -22"><span class='ocrx_word' id='word_1_197' title='bbox 2205 1326 2299 1378; x_wconf 76' lang='grc' dir='ltr'><strong>καὶ</strong></span> <span class='ocrx_word' id='word_1_198' title='bbox 2311 1325 2386 1386; x_wconf 87' lang='grc' dir='ltr'>ὡς</span> <span class='ocrx_word' id='word_1_199' title='bbox 2407 1326 2672 1397; x_wconf 79' lang='grc' dir='ltr'>ἔνσαρκον</span> <span class='ocrx_word' id='word_1_200' title='bbox 2686 1328 2787 1380; x_wconf 81' lang='grc' dir='ltr'><strong>οὐκ</strong></span> <span class='ocrx_word' id='word_1_201' title='bbox 2804 1328 3089 1399; x_wconf 79' lang='grc' dir='ltr'>ἕνσαρκον,</span> <span class='ocrx_word' id='word_1_202' title='bbox 3108 1328 3332 1397; x_wconf 79' lang='grc' dir='ltr'>δοκήσει</span> <span class='ocrx_word' id='word_1_203' title='bbox 3344 1330 3648 1399; x_wconf 73' lang='grc' dir='ltr'>πεφηνότα,</span> <span class='ocrx_word' id='word_1_204' title='bbox 3662 1326 3789 1381; x_wconf 70' lang='grc' dir='ltr'>οὔτε</span> 
     </span>
    </p>
   </div>
   <div class='ocr_carea' id='block_1_29' title="bbox 2203 1417 3786 1489">
    <p class='ocr_par' dir='ltr' id='par_1_29' title="bbox 2203 1417 3786 1489">
     <span class='ocr_line' id='line_1_29' title="bbox 2203 1417 3786 1489; baseline 0.001 -19"><span class='ocrx_word' id='word_1_205' title='bbox 2203 1418 2419 1487; x_wconf 86' lang='grc' dir='ltr'>γένεσιν</span> <span class='ocrx_word' id='word_1_206' title='bbox 2441 1420 2814 1489; x_wconf 78' lang='grc' dir='ltr'>ὑπομείναντα</span> <span class='ocrx_word' id='word_1_207' title='bbox 2840 1417 2965 1472; x_wconf 72' lang='grc' dir='ltr'>οὔτε</span> <span class='ocrx_word' id='word_1_208' title='bbox 2994 1420 3165 1482; x_wconf 83' lang='grc' dir='ltr'>πάθος</span> <span class='ocrx_word' id='word_1_209' title='bbox 3186 1458 3201 1484; x_wconf 87' lang='grc'><strong>,</strong></span> <span class='ocrx_word' id='word_1_210' title='bbox 3229 1420 3365 1473; x_wconf 71' lang='grc' dir='ltr'>ἀλλὰ</span> <span class='ocrx_word' id='word_1_211' title='bbox 3390 1419 3435 1451; x_wconf 66' lang='grc'>⁸⁸</span> <span class='ocrx_word' id='word_1_212' title='bbox 3462 1419 3539 1489; x_wconf 83' lang='grc' dir='ltr'><strong>τῷ</strong></span> <span class='ocrx_word' id='word_1_213' title='bbox 3584 1420 3786 1473; x_wconf 81' lang='grc' dir='ltr'><strong>δοκεῖν.</strong></span> 
     </span>
    </p>
   </div>
   <div class='ocr_carea' id='block_1_30' title="bbox 2203 1509 3789 1583">
    <p class='ocr_par' dir='ltr' id='par_1_30' title="bbox 2203 1509 3789 1583">
     <span class='ocr_line' id='line_1_30' title="bbox 2203 1509 3789 1583; baseline 0 -20"><span class='ocrx_word' id='word_1_214' title='bbox 2203 1512 2391 1583; x_wconf 84' lang='grc' dir='ltr'>Σάρκα</span> <span class='ocrx_word' id='word_1_215' title='bbox 2438 1511 2495 1564; x_wconf 79' lang='grc' dir='ltr'>δὲ</span> <span class='ocrx_word' id='word_1_216' title='bbox 2551 1513 2613 1565; x_wconf 85' lang='grc' dir='ltr'><strong>οὑ</strong></span> <span class='ocrx_word' id='word_1_217' title='bbox 2640 1511 2783 1564; x_wconf 87' lang='grc' dir='ltr'>θέλει</span> <span class='ocrx_word' id='word_1_218' title='bbox 2840 1510 3197 1574; x_wconf 77' lang='grc' dir='ltr'>ἀνίστασθαι,</span> <span class='ocrx_word' id='word_1_219' title='bbox 3249 1514 3428 1582; x_wconf 84' lang='grc' dir='ltr'>γάμον</span> <span class='ocrx_word' id='word_1_220' title='bbox 3472 1509 3527 1563; x_wconf 79' lang='grc' dir='ltr'><strong>δὲ</strong></span> <span class='ocrx_word' id='word_1_221' title='bbox 3578 1510 3789 1582; x_wconf 80' lang='grc' dir='ltr'>φθοράν</span> 
     </span>
    </p>
   </div>
   <div class='ocr_carea' id='block_1_31' title="bbox 2202 1597 3789 1674">
    <p class='ocr_par' dir='ltr' id='par_1_31' title="bbox 2202 1597 3789 1674">
     <span class='ocr_line' id='line_1_31' title="bbox 2202 1597 3789 1674; baseline 0 -19"><span class='ocrx_word' id='word_1_222' title='bbox 2202 1597 2342 1656; x_wconf 74' lang='grc' dir='ltr'>εἶναι</span> <span class='ocrx_word' id='word_1_223' title='bbox 2367 1602 2541 1670; x_wconf 81' lang='grc' dir='ltr'>λέγων</span> <span class='ocrx_word' id='word_1_224' title='bbox 2575 1603 2926 1673; x_wconf 81' lang='grc' dir='ltr'>κυνικωτέρῳ</span> <span class='ocrx_word' id='word_1_225' title='bbox 2952 1603 3052 1674; x_wconf 80' lang='grc' dir='ltr'><strong>βίῳ</strong></span> <span class='ocrx_word' id='word_1_226' title='bbox 3085 1604 3355 1674; x_wconf 76' lang='grc' dir='ltr'>προσάγει</span> <span class='ocrx_word' id='word_1_227' title='bbox 3376 1604 3424 1635; x_wconf 74' lang='grc'><strong>⁵⁸</strong></span> <span class='ocrx_word' id='word_1_228' title='bbox 3453 1606 3580 1666; x_wconf 72' lang='grc' dir='ltr'>τοὺς</span> <span class='ocrx_word' id='word_1_229' title='bbox 3609 1602 3789 1673; x_wconf 85' lang='grc' dir='ltr'>μαθη-</span> 
     </span>
    </p>
   </div>
   <div class='ocr_carea' id='block_1_32' title="bbox 2200 1693 3788 1766">
    <p class='ocr_par' dir='ltr' id='par_1_32' title="bbox 2200 1693 3788 1766">
     <span class='ocr_line' id='line_1_32' title="bbox 2200 1693 3788 1766; baseline 0.001 -19"><span class='ocrx_word' id='word_1_230' title='bbox 2200 1696 2322 1757; x_wconf 83' lang='grc' dir='ltr'>τὰς,</span> <span class='ocrx_word' id='word_1_231' title='bbox 2355 1695 2411 1748; x_wconf 82' lang='grc' dir='ltr'>ὲν</span> <span class='ocrx_word' id='word_1_232' title='bbox 2452 1693 2663 1757; x_wconf 80' lang='grc' dir='ltr'>τούτοις</span> <span class='ocrx_word' id='word_1_233' title='bbox 2699 1695 2936 1765; x_wconf 77' lang='grc' dir='ltr'>νομίζων</span> <span class='ocrx_word' id='word_1_234' title='bbox 2974 1696 3164 1747; x_wconf 82' lang='grc' dir='ltr'>λυπεῖν</span> <span class='ocrx_word' id='word_1_235' title='bbox 3206 1695 3298 1747; x_wconf 80' lang='grc' dir='ltr'><strong>τὸν</strong></span> <span class='ocrx_word' id='word_1_236' title='bbox 3339 1696 3690 1766; x_wconf 80' lang='grc' dir='ltr'>δημιουργὸν,</span> <span class='ocrx_word' id='word_1_237' title='bbox 3736 1697 3788 1748; x_wconf 80' lang='grc' dir='ltr'><strong>εί</strong></span> 
     </span>
    </p>
   </div>
   <div class='ocr_carea' id='block_1_33' title="bbox 2200 1784 3676 1859">
    <p class='ocr_par' dir='ltr' id='par_1_33' title="bbox 2200 1784 3676 1859">
     <span class='ocr_line' id='line_1_33' title="bbox 2200 1784 3676 1859; baseline 0.004 -22"><span class='ocrx_word' id='word_1_238' title='bbox 2200 1784 2310 1837; x_wconf 85' lang='grc' dir='ltr'>τῶν</span> <span class='ocrx_word' id='word_1_239' title='bbox 2341 1785 2434 1838; x_wconf 74' lang='grc' dir='ltr'><strong>ὑπ’</strong></span> <span class='ocrx_word' id='word_1_240' title='bbox 2462 1786 2626 1839; x_wconf 72' lang='grc' dir='ltr'>αὑτοῦ</span> <span class='ocrx_word' id='word_1_241' title='bbox 2659 1789 2959 1856; x_wconf 74' lang='grc' dir='ltr'>γεγονότων</span> <span class='ocrx_word' id='word_1_242' title='bbox 2985 1788 3016 1859; x_wconf 80' lang='grc' dir='ltr'>ἢ</span> <span class='ocrx_word' id='word_1_243' title='bbox 3042 1788 3367 1858; x_wconf 77' lang='grc' dir='ltr'>ὡρισμένων</span> <span class='ocrx_word' id='word_1_244' title='bbox 3394 1790 3676 1859; x_wconf 82' lang='grc' dir='ltr'>ἀπέχοιτο.</span> 
     </span>
    </p>
   </div>
   <div class='ocr_carea' id='block_1_34' title="bbox 522 1857 2173 1946">
    <p class='ocr_par' dir='ltr' id='par_1_34' title="bbox 522 1857 2173 1946">
     <span class='ocr_line' id='line_1_34' title="bbox 522 1857 2173 1946; baseline 0.001 -16"><span class='ocrx_word' id='word_1_245' title='bbox 522 1875 608 1930; x_wconf 86' lang='lat' dir='ltr'><strong>his</strong></span> <span class='ocrx_word' id='word_1_246' title='bbox 638 1886 833 1944; x_wconf 86' lang='lat' dir='ltr'><strong>putans</strong></span> <span class='ocrx_word' id='word_1_247' title='bbox 863 1893 921 1931; x_wconf 92' lang='lat' dir='ltr'><strong>se</strong></span> <span class='ocrx_word' id='word_1_248' title='bbox 954 1891 1098 1945; x_wconf 59' lang='lat' dir='ltr'><strong>aegre</strong></span> <span class='ocrx_word' id='word_1_249' title='bbox 1137 1876 1318 1931; x_wconf 82' lang='lat' dir='ltr'><strong>facere</strong></span> <span class='ocrx_word' id='word_1_250' title='bbox 1355 1878 1652 1945; x_wconf 73' lang='lat' dir='ltr'><strong>dentiurgo,</strong></span> <span class='ocrx_word' id='word_1_251' title='bbox 1686 1878 1730 1931; x_wconf 91' lang='lat' dir='ltr'><strong>si</strong></span> <span class='ocrx_word' id='word_1_252' title='bbox 1769 1877 1853 1943; x_wconf 93' lang='lat' dir='ltr'><strong>iis,</strong></span> <span class='ocrx_word' id='word_1_253' title='bbox 1881 1892 2000 1946; x_wconf 72' lang='lat' dir='ltr'><strong>quze</strong></span> <span class='ocrx_word' id='word_1_254' title='bbox 2030 1877 2097 1931; x_wconf 85' lang='lat' dir='ltr'><strong>ab</strong></span> <span class='ocrx_word' id='word_1_255' title='bbox 2131 1857 2173 1911; x_wconf 75' lang='grc' dir='ltr'><strong><em>Β</em></strong></span> 
     </span>
    </p>
   </div>
   <div class='ocr_carea' id='block_1_35' title="bbox 519 1966 1815 2031">
    <p class='ocr_par' dir='ltr' id='par_1_35' title="bbox 519 1966 1815 2031">
     <span class='ocr_line' id='line_1_35' title="bbox 519 1966 1815 2031; baseline 0.003 -12"><span class='ocrx_word' id='word_1_256' title='bbox 519 1966 610 2019; x_wconf 90' lang='lat' dir='ltr'><strong>illo</strong></span> <span class='ocrx_word' id='word_1_257' title='bbox 647 1967 785 2021; x_wconf 83' lang='lat' dir='ltr'><strong>tacta</strong></span> <span class='ocrx_word' id='word_1_258' title='bbox 816 1976 944 2021; x_wconf 90' lang='lat' dir='ltr'><strong>sunt</strong></span> <span class='ocrx_word' id='word_1_259' title='bbox 975 1967 1057 2021; x_wconf 87' lang='lat' dir='ltr'><strong>vel</strong></span> <span class='ocrx_word' id='word_1_260' title='bbox 1083 1967 1401 2031; x_wconf 87' lang='lat' dir='ltr'><strong>constituta,</strong></span> <span class='ocrx_word' id='word_1_261' title='bbox 1435 1982 1495 2023; x_wconf 86' lang='lat' dir='ltr'><strong>se</strong></span> <span class='ocrx_word' id='word_1_262' title='bbox 1524 1967 1815 2023; x_wconf 89' lang='lat' dir='ltr'><strong>abstineat.</strong></span> 
     </span>
    </p>
   </div>
   <div class='ocr_carea' id='block_1_36' title="bbox 586 2045 2100 2127">
    <p class='ocr_par' dir='ltr' id='par_1_36' title="bbox 586 2045 2096 2127">
     <span class='ocr_line' id='line_1_36' title="bbox 586 2045 2096 2127; baseline 0 -16"><span class='ocrx_word' id='word_1_263' title='bbox 586 2056 679 2111; x_wconf 73' lang='grc'><strong>20.</strong></span> <span class='ocrx_word' id='word_1_264' title='bbox 742 2057 958 2125; x_wconf 82' lang='lat' dir='ltr'><strong>Apelles</strong></span> <span class='ocrx_word' id='word_1_265' title='bbox 1020 2045 1226 2121; x_wconf 58' lang='lat' dir='ltr'><strong>autem,</strong></span> <span class='ocrx_word' id='word_1_266' title='bbox 1268 2056 1426 2125; x_wconf 87' lang='lat' dir='ltr'><strong>hujus</strong></span> <span class='ocrx_word' id='word_1_267' title='bbox 1484 2056 1803 2125; x_wconf 87' lang='lat' dir='ltr'><strong>discipulus,</strong></span> <span class='ocrx_word' id='word_1_268' title='bbox 1844 2072 1965 2111; x_wconf 87' lang='lat' dir='ltr'><strong>cum</strong></span> <span class='ocrx_word' id='word_1_269' title='bbox 1997 2056 2096 2127; x_wconf 89' lang='lat' dir='ltr'><strong>ipsi</strong></span> 
     </span>
    </p>
   </div>
   <div class='ocr_carea' id='block_1_37' title="bbox 2199 2045 3785 2127">
    <p class='ocr_par' dir='ltr' id='par_1_37' title="bbox 2274 2053 3785 2126">
     <span class='ocr_line' id='line_1_37' title="bbox 2274 2053 3785 2126; baseline 0.001 -19"><span class='ocrx_word' id='word_1_270' title='bbox 2274 2058 2341 2107; x_wconf 85' lang='grc' dir='ltr'>κ’.</span> <span class='ocrx_word' id='word_1_271' title='bbox 2408 2053 2673 2121; x_wconf 75' lang='grc' dir='ltr'><strong>Ἀπελλῆς</strong></span> <span class='ocrx_word' id='word_1_272' title='bbox 2698 2054 2744 2086; x_wconf 75' lang='grc' dir='ltr'><strong>⁸ο</strong></span> <span class='ocrx_word' id='word_1_273' title='bbox 2774 2055 2830 2108; x_wconf 82' lang='grc' dir='ltr'>δὲ</span> <span class='ocrx_word' id='word_1_274' title='bbox 2877 2058 2905 2108; x_wconf 87' lang='grc' dir='ltr'>ὁ</span> <span class='ocrx_word' id='word_1_275' title='bbox 2938 2055 3127 2108; x_wconf 85' lang='grc' dir='ltr'>τούτου</span> <span class='ocrx_word' id='word_1_276' title='bbox 3166 2054 3417 2125; x_wconf 73' lang='grc' dir='ltr'>μαθητὴς</span> <span class='ocrx_word' id='word_1_277' title='bbox 3449 2056 3785 2126; x_wconf 69' lang='grc' dir='ltr'>ἁπαρεσθεὶς</span> 
     </span>
    </p>
   </div>
   <div class='ocr_carea' id='block_1_38' title="bbox 518 2146 2100 2217">
    <p class='ocr_par' dir='ltr' id='par_1_38' title="bbox 518 2146 2097 2217">
     <span class='ocr_line' id='line_1_38' title="bbox 518 2146 2097 2217; baseline 0 -16"><span class='ocrx_word' id='word_1_278' title='bbox 518 2146 959 2216; x_wconf 84' lang='lat' dir='ltr'><strong>itnprobarcntnr</strong></span> <span class='ocrx_word' id='word_1_279' title='bbox 982 2163 1103 2217; x_wconf 76' lang='lat' dir='ltr'><strong>qua:</strong></span> <span class='ocrx_word' id='word_1_280' title='bbox 1164 2162 1194 2200; x_wconf 86' lang='lat' dir='ltr'><strong>a</strong></span> <span class='ocrx_word' id='word_1_281' title='bbox 1236 2147 1501 2217; x_wconf 88' lang='lat' dir='ltr'><strong>magistro</strong></span> <span class='ocrx_word' id='word_1_282' title='bbox 1559 2148 1700 2201; x_wconf 83' lang='lat' dir='ltr'><strong>dicta</strong></span> <span class='ocrx_word' id='word_1_283' title='bbox 1748 2157 1895 2215; x_wconf 87' lang='lat' dir='ltr'><strong>sunt,</strong></span> <span class='ocrx_word' id='word_1_284' title='bbox 1940 2148 2097 2202; x_wconf 88' lang='lat' dir='ltr'><strong>sicuti</strong></span> 
     </span>
    </p>
   </div>
   <div class='ocr_carea' id='block_1_39' title="bbox 2199 2146 3787 2217">
    <p class='ocr_par' dir='ltr' id='par_1_39' title="bbox 2200 2146 3787 2217">
     <span class='ocr_line' id='line_1_39' title="bbox 2200 2146 3787 2217; baseline 0.002 -19"><span class='ocrx_word' id='word_1_285' title='bbox 2200 2147 2314 2209; x_wconf 85' lang='grc' dir='ltr'>τοῖς</span> <span class='ocrx_word' id='word_1_286' title='bbox 2361 2146 2467 2197; x_wconf 78' lang='grc' dir='ltr'>ὑπὸ</span> <span class='ocrx_word' id='word_1_287' title='bbox 2499 2146 2592 2199; x_wconf 86' lang='grc' dir='ltr'><strong>τοῦ</strong></span> <span class='ocrx_word' id='word_1_288' title='bbox 2633 2146 2952 2200; x_wconf 74' lang='grc' dir='ltr'>διδασκάλου</span> <span class='ocrx_word' id='word_1_289' title='bbox 2999 2147 3342 2216; x_wconf 73' lang='grc' dir='ltr'>εἰρημένοις,</span> <span class='ocrx_word' id='word_1_290' title='bbox 3398 2147 3542 2199; x_wconf 74' lang='grc' dir='ltr'>καθά</span> <span class='ocrx_word' id='word_1_291' title='bbox 3596 2149 3787 2217; x_wconf 76' lang='grc' dir='ltr'>προεὶ-</span> 
     </span>
    </p>
   </div>
   <div class='ocr_carea' id='block_1_40' title="bbox 516 2236 2100 2310">
    <p class='ocr_par' dir='ltr' id='par_1_40' title="bbox 516 2238 2100 2309">
     <span class='ocr_line' id='line_1_40' title="bbox 516 2238 2100 2309; baseline 0 -17"><span class='ocrx_word' id='word_1_292' title='bbox 516 2250 677 2292; x_wconf 82' lang='lat' dir='ltr'><strong>antea</strong></span> <span class='ocrx_word' id='word_1_293' title='bbox 731 2238 1013 2304; x_wconf 76' lang='lat' dir='ltr'><strong>diximus,</strong></span> <span class='ocrx_word' id='word_1_294' title='bbox 1058 2254 1198 2293; x_wconf 87' lang='lat' dir='ltr'><strong>nova</strong></span> <span class='ocrx_word' id='word_1_295' title='bbox 1247 2240 1491 2294; x_wconf 87' lang='lat' dir='ltr'><strong>doctrina</strong></span> <span class='ocrx_word' id='word_1_296' title='bbox 1537 2240 1815 2309; x_wconf 89' lang='lat' dir='ltr'><strong>supposuit</strong></span> <span class='ocrx_word' id='word_1_297' title='bbox 1866 2250 2100 2309; x_wconf 89' lang='lat' dir='ltr'><strong>quatuor</strong></span> 
     </span>
    </p>
   </div>
   <div class='ocr_carea' id='block_1_41' title="bbox 2199 2236 3782 2310">
    <p class='ocr_par' dir='ltr' id='par_1_41' title="bbox 2203 2236 3782 2310">
     <span class='ocr_line' id='line_1_41' title="bbox 2203 2236 3782 2310; baseline 0.003 -19"><span class='ocrx_word' id='word_1_298' title='bbox 2203 2255 2400 2308; x_wconf 90' lang='grc' dir='ltr'>πομεν,</span> <span class='ocrx_word' id='word_1_299' title='bbox 2450 2239 2592 2305; x_wconf 86' lang='grc' dir='ltr'>ἄλλῳ</span> <span class='ocrx_word' id='word_1_300' title='bbox 2630 2239 2774 2309; x_wconf 84' lang='grc' dir='ltr'>λόγῳ</span> <span class='ocrx_word' id='word_1_301' title='bbox 2817 2239 3050 2293; x_wconf 83' lang='grc' dir='ltr'>ὑπέθετο</span> <span class='ocrx_word' id='word_1_302' title='bbox 3096 2240 3372 2310; x_wconf 80' lang='grc' dir='ltr'>τέσσαρας</span> <span class='ocrx_word' id='word_1_303' title='bbox 3413 2236 3552 2295; x_wconf 82' lang='grc' dir='ltr'>εἶναι</span> <span class='ocrx_word' id='word_1_304' title='bbox 3602 2242 3782 2307; x_wconf 79' lang='grc' dir='ltr'>θεοὺς,</span> 
     </span>
    </p>
   </div>
   <div class='ocr_carea' id='block_1_42' title="bbox 514 2329 2098 2401">
    <p class='ocr_par' dir='ltr' id='par_1_42' title="bbox 514 2329 2098 2401">
     <span class='ocr_line' id='line_1_42' title="bbox 514 2329 2098 2401; baseline 0.003 -20"><span class='ocrx_word' id='word_1_305' title='bbox 514 2342 637 2382; x_wconf 89' lang='lat' dir='ltr'><strong>esse</strong></span> <span class='ocrx_word' id='word_1_306' title='bbox 673 2330 824 2391; x_wconf 88' lang='lat' dir='ltr'><strong>deos,</strong></span> <span class='ocrx_word' id='word_1_307' title='bbox 852 2343 1083 2397; x_wconf 87' lang='lat' dir='ltr'><strong>quorum</strong></span> <span class='ocrx_word' id='word_1_308' title='bbox 1117 2344 1279 2381; x_wconf 92' lang='lat' dir='ltr'><strong>unum</strong></span> <span class='ocrx_word' id='word_1_309' title='bbox 1314 2329 1444 2386; x_wconf 89' lang='lat' dir='ltr'><strong>dicit</strong></span> <span class='ocrx_word' id='word_1_310' title='bbox 1481 2331 1704 2395; x_wconf 89' lang='lat' dir='ltr'><strong>bonum,</strong></span> <span class='ocrx_word' id='word_1_311' title='bbox 1726 2344 1891 2401; x_wconf 86' lang='lat' dir='ltr'><strong>quem</strong></span> <span class='ocrx_word' id='word_1_312' title='bbox 1925 2344 2098 2401; x_wconf 89' lang='lat' dir='ltr'><strong>neque</strong></span> 
     </span>
    </p>
   </div>
   <div class='ocr_carea' id='block_1_43' title="bbox 516 2420 2095 2490">
    <p class='ocr_par' dir='ltr' id='par_1_43' title="bbox 516 2420 2095 2490">
     <span class='ocr_line' id='line_1_43' title="bbox 516 2420 2095 2490; baseline 0.002 -17"><span class='ocrx_word' id='word_1_313' title='bbox 516 2421 794 2489; x_wconf 70' lang='lat' dir='ltr'><strong>prophetae</strong></span> <span class='ocrx_word' id='word_1_314' title='bbox 826 2423 1206 2489; x_wconf 76' lang='lat' dir='ltr'><strong>cognoverint,</strong></span> <span class='ocrx_word' id='word_1_315' title='bbox 1244 2420 1399 2489; x_wconf 83' lang='lat' dir='ltr'><strong>cujus</strong></span> <span class='ocrx_word' id='word_1_316' title='bbox 1430 2437 1550 2476; x_wconf 88' lang='lat' dir='ltr'><strong>esse</strong></span> <span class='ocrx_word' id='word_1_317' title='bbox 1581 2422 1747 2475; x_wconf 85' lang='lat' dir='ltr'><strong>lilium</strong></span> <span class='ocrx_word' id='word_1_318' title='bbox 1779 2421 2095 2490; x_wconf 79' lang='lat' dir='ltr'><strong>Christum;</strong></span> 
     </span>
    </p>
   </div>
   <div class='ocr_carea' id='block_1_44' title="bbox 518 2511 2095 2582">
    <p class='ocr_par' dir='ltr' id='par_1_44' title="bbox 518 2511 2095 2582">
     <span class='ocr_line' id='line_1_44' title="bbox 518 2511 2095 2582; baseline 0.002 -17"><span class='ocrx_word' id='word_1_319' title='bbox 518 2511 686 2565; x_wconf 89' lang='lat' dir='ltr'><strong>alium</strong></span> <span class='ocrx_word' id='word_1_320' title='bbox 717 2521 900 2565; x_wconf 88' lang='lat' dir='ltr'><strong>autem</strong></span> <span class='ocrx_word' id='word_1_321' title='bbox 953 2511 1203 2581; x_wconf 82' lang='lat' dir='ltr'><strong>opiﬁcem</strong></span> <span class='ocrx_word' id='word_1_322' title='bbox 1254 2513 1517 2578; x_wconf 76' lang='lat' dir='ltr'><strong>universi,</strong></span> <span class='ocrx_word' id='word_1_323' title='bbox 1578 2529 1738 2582; x_wconf 86' lang='lat' dir='ltr'><strong>quem</strong></span> <span class='ocrx_word' id='word_1_324' title='bbox 1777 2528 1883 2567; x_wconf 88' lang='lat' dir='ltr'><strong>non</strong></span> <span class='ocrx_word' id='word_1_325' title='bbox 1936 2513 2095 2568; x_wconf 89' lang='lat' dir='ltr'><strong>deum</strong></span> 
     </span>
    </p>
   </div>
   <div class='ocr_carea' id='block_1_45' title="bbox 515 2603 2093 2673">
    <p class='ocr_par' dir='ltr' id='par_1_45' title="bbox 515 2603 2093 2673">
     <span class='ocr_line' id='line_1_45' title="bbox 515 2603 2093 2673; baseline -0.001 -15"><span class='ocrx_word' id='word_1_326' title='bbox 515 2618 635 2658; x_wconf 85' lang='lat' dir='ltr'><strong>esse</strong></span> <span class='ocrx_word' id='word_1_327' title='bbox 668 2603 814 2665; x_wconf 89' lang='lat' dir='ltr'><strong>vult,</strong></span> <span class='ocrx_word' id='word_1_328' title='bbox 869 2603 1034 2656; x_wconf 90' lang='lat' dir='ltr'><strong>alium</strong></span> <span class='ocrx_word' id='word_1_329' title='bbox 1086 2614 1268 2656; x_wconf 84' lang='lat' dir='ltr'><strong>autem</strong></span> <span class='ocrx_word' id='word_1_330' title='bbox 1314 2603 1569 2673; x_wconf 88' lang='lat' dir='ltr'><strong>igneum,</strong></span> <span class='ocrx_word' id='word_1_331' title='bbox 1619 2605 1711 2673; x_wconf 87' lang='lat' dir='ltr'><strong>qui</strong></span> <span class='ocrx_word' id='word_1_332' title='bbox 1759 2604 2093 2673; x_wconf 81' lang='lat' dir='ltr'><strong>apparuerit,</strong></span> 
     </span>
    </p>
   </div>
   <div class='ocr_carea' id='block_1_46' title="bbox 515 2696 2096 2767">
    <p class='ocr_par' dir='ltr' id='par_1_46' title="bbox 515 2696 2096 2767">
     <span class='ocr_line' id='line_1_46' title="bbox 515 2696 2096 2767; baseline 0.003 -20"><span class='ocrx_word' id='word_1_333' title='bbox 515 2696 678 2749; x_wconf 82' lang='lat' dir='ltr'><strong>alium</strong></span> <span class='ocrx_word' id='word_1_334' title='bbox 716 2705 898 2751; x_wconf 89' lang='lat' dir='ltr'><strong>antem</strong></span> <span class='ocrx_word' id='word_1_335' title='bbox 947 2697 1172 2762; x_wconf 88' lang='lat' dir='ltr'><strong>malum,</strong></span> <span class='ocrx_word' id='word_1_336' title='bbox 1201 2710 1340 2765; x_wconf 91' lang='lat' dir='ltr'><strong>quos</strong></span> <span class='ocrx_word' id='word_1_337' title='bbox 1389 2698 1612 2767; x_wconf 76' lang='lat' dir='ltr'><strong>angelos</strong></span> <span class='ocrx_word' id='word_1_338' title='bbox 1661 2707 1840 2761; x_wconf 83' lang='lat' dir='ltr'><strong>vocat,</strong></span> <span class='ocrx_word' id='word_1_339' title='bbox 1891 2696 2096 2751; x_wconf 82' lang='lat' dir='ltr'><strong>addens</strong></span> 
     </span>
    </p>
   </div>
   <div class='ocr_carea' id='block_1_47' title="bbox 512 2786 2096 2858">
    <p class='ocr_par' dir='ltr' id='par_1_47' title="bbox 512 2786 2096 2858">
     <span class='ocr_line' id='line_1_47' title="bbox 512 2786 2096 2858; baseline 0.003 -20"><span class='ocrx_word' id='word_1_340' title='bbox 512 2801 643 2842; x_wconf 77' lang='lat' dir='ltr'><strong>vero</strong></span> <span class='ocrx_word' id='word_1_341' title='bbox 680 2786 955 2842; x_wconf 87' lang='lat' dir='ltr'><strong>Christum</strong></span> <span class='ocrx_word' id='word_1_342' title='bbox 984 2796 1038 2843; x_wconf 88' lang='lat' dir='ltr'><strong>et</strong></span> <span class='ocrx_word' id='word_1_343' title='bbox 1061 2789 1305 2856; x_wconf 84' lang='lat' dir='ltr'><strong>quintum</strong></span> <span class='ocrx_word' id='word_1_344' title='bbox 1339 2790 1504 2844; x_wconf 90' lang='lat' dir='ltr'><strong>dicet.</strong></span> <span class='ocrx_word' id='word_1_345' title='bbox 1548 2787 1680 2843; x_wconf 90' lang='lat' dir='ltr'><strong>Sese</strong></span> <span class='ocrx_word' id='word_1_346' title='bbox 1705 2797 1885 2843; x_wconf 81' lang='lat' dir='ltr'><strong>autem</strong></span> <span class='ocrx_word' id='word_1_347' title='bbox 1925 2787 2096 2858; x_wconf 82' lang='lat' dir='ltr'><strong>appli-</strong></span> 
     </span>
    </p>
   </div>
   <div class='ocr_carea' id='block_1_48' title="bbox 512 2875 2095 2949">
    <p class='ocr_par' dir='ltr' id='par_1_48' title="bbox 512 2875 2095 2949">
     <span class='ocr_line' id='line_1_48' title="bbox 512 2875 2095 2949; baseline 0.001 -18"><span class='ocrx_word' id='word_1_348' title='bbox 512 2886 599 2933; x_wconf 86' lang='lat' dir='ltr'><strong>cat</strong></span> <span class='ocrx_word' id='word_1_349' title='bbox 627 2878 799 2945; x_wconf 91' lang='lat' dir='ltr'><strong>Iibro,</strong></span> <span class='ocrx_word' id='word_1_350' title='bbox 843 2893 1003 2947; x_wconf 90' lang='lat' dir='ltr'><strong>quem</strong></span> <span class='ocrx_word' id='word_1_351' title='bbox 1055 2878 1439 2934; x_wconf 77' lang='lat' dir='ltr'><strong>Revelationes’</strong></span> <span class='ocrx_word' id='word_1_352' title='bbox 1482 2879 1715 2949; x_wconf 83' lang='lat' dir='ltr'><strong>appellat</strong></span> <span class='ocrx_word' id='word_1_353' title='bbox 1762 2875 2095 2932; x_wconf 77' lang='lat' dir='ltr'><strong>Philumena:</strong></span> 
     </span>
    </p>
   </div>
   <div class='ocr_carea' id='block_1_49' title="bbox 512 2967 2094 3042">
    <p class='ocr_par' dir='ltr' id='par_1_49' title="bbox 512 2967 2094 3042">
     <span class='ocr_line' id='line_1_49' title="bbox 512 2967 2094 3042; baseline -0.003 -15"><span class='ocrx_word' id='word_1_354' title='bbox 512 2972 816 3042; x_wconf 84' lang='lat' dir='ltr'><strong>cujusdam,</strong></span> <span class='ocrx_word' id='word_1_355' title='bbox 843 2987 1005 3040; x_wconf 85' lang='lat' dir='ltr'><strong>quam</strong></span> <span class='ocrx_word' id='word_1_356' title='bbox 1036 2971 1431 3040; x_wconf 86' lang='lat' dir='ltr'><strong>prophetissam</strong></span> <span class='ocrx_word' id='word_1_357' title='bbox 1462 2985 1583 3025; x_wconf 89' lang='lat' dir='ltr'><strong>esse</strong></span> <span class='ocrx_word' id='word_1_358' title='bbox 1619 2971 1937 3026; x_wconf 87' lang='lat' dir='ltr'><strong>arbitratur.</strong></span> <span class='ocrx_word' id='word_1_359' title='bbox 1962 2967 2094 3023; x_wconf 85' lang='lat' dir='ltr'><strong>Car-</strong></span> 
     </span>
    </p>
   </div>
   <div class='ocr_carea' id='block_1_50' title="bbox 515 3061 2094 3133">
    <p class='ocr_par' dir='ltr' id='par_1_50' title="bbox 515 3061 2094 3133">
     <span class='ocr_line' id='line_1_50' title="bbox 515 3061 2094 3133; baseline -0.002 -15"><span class='ocrx_word' id='word_1_360' title='bbox 515 3081 638 3120; x_wconf 90' lang='lat' dir='ltr'><strong>nem</strong></span> <span class='ocrx_word' id='word_1_361' title='bbox 682 3075 862 3119; x_wconf 88' lang='lat' dir='ltr'><strong>autetn</strong></span> <span class='ocrx_word' id='word_1_362' title='bbox 899 3063 1176 3119; x_wconf 89' lang='lat' dir='ltr'><strong>Christum</strong></span> <span class='ocrx_word' id='word_1_363' title='bbox 1217 3080 1325 3119; x_wconf 89' lang='lat' dir='ltr'><strong>non</strong></span> <span class='ocrx_word' id='word_1_364' title='bbox 1378 3079 1446 3120; x_wconf 83' lang='lat' dir='ltr'><strong>ex</strong></span> <span class='ocrx_word' id='word_1_365' title='bbox 1488 3061 1708 3133; x_wconf 85' lang='lat' dir='ltr'><strong>Virgine</strong></span> <span class='ocrx_word' id='word_1_366' title='bbox 1757 3063 1833 3116; x_wconf 85' lang='lat' dir='ltr'><strong>ait</strong></span> <span class='ocrx_word' id='word_1_367' title='bbox 1880 3075 2094 3116; x_wconf 86' lang='lat' dir='ltr'><strong>assum-</strong></span> 
     </span>
    </p>
   </div>
   <div class='ocr_carea' id='block_1_51' title="bbox 512 3152 2092 3226">
    <p class='ocr_par' dir='ltr' id='par_1_51' title="bbox 512 3152 2092 3226">
     <span class='ocr_line' id='line_1_51' title="bbox 512 3152 2092 3226; baseline -0.002 -15"><span class='ocrx_word' id='word_1_368' title='bbox 512 3157 707 3224; x_wconf 84' lang='lat' dir='ltr'><strong>psisse,</strong></span> <span class='ocrx_word' id='word_1_369' title='bbox 740 3157 834 3211; x_wconf 89' lang='lat' dir='ltr'><strong>sed</strong></span> <span class='ocrx_word' id='word_1_370' title='bbox 869 3169 935 3209; x_wconf 79' lang='lat' dir='ltr'><strong>ex</strong></span> <span class='ocrx_word' id='word_1_371' title='bbox 963 3156 1251 3226; x_wconf 70' lang='lat' dir='ltr'><strong>adiacente</strong></span> <span class='ocrx_word' id='word_1_372' title='bbox 1277 3156 1462 3209; x_wconf 89' lang='lat' dir='ltr'><strong>mundi</strong></span> <span class='ocrx_word' id='word_1_373' title='bbox 1502 3154 1830 3209; x_wconf 85' lang='lat' dir='ltr'><strong>substantia.</strong></span> <span class='ocrx_word' id='word_1_374' title='bbox 1869 3152 1925 3207; x_wconf 89' lang='lat' dir='ltr'><strong>In</strong></span> <span class='ocrx_word' id='word_1_375' title='bbox 1949 3153 2092 3208; x_wconf 90' lang='lat' dir='ltr'><strong>hunc</strong></span> 
     </span>
    </p>
   </div>
   <div class='ocr_carea' id='block_1_52' title="bbox 513 3221 2160 3316">
    <p class='ocr_par' dir='ltr' id='par_1_52' title="bbox 513 3221 2160 3316">
     <span class='ocr_line' id='line_1_52' title="bbox 513 3221 2160 3316; baseline -0.001 -16"><span class='ocrx_word' id='word_1_376' title='bbox 513 3221 730 3300; x_wconf 76' lang='lat' dir='ltr'><strong>modum</strong></span> <span class='ocrx_word' id='word_1_377' title='bbox 764 3256 953 3299; x_wconf 89' lang='lat' dir='ltr'><strong>contra</strong></span> <span class='ocrx_word' id='word_1_378' title='bbox 981 3221 1128 3314; x_wconf 71' lang='lat' dir='ltr'><strong>leges</strong></span> <span class='ocrx_word' id='word_1_379' title='bbox 1159 3255 1214 3299; x_wconf 89' lang='lat' dir='ltr'><strong>et</strong></span> <span class='ocrx_word' id='word_1_380' title='bbox 1236 3244 1591 3316; x_wconf 73' lang='lat'><strong>526-527</strong></span> <span class='ocrx_word' id='word_1_381' title='bbox 1613 3244 1905 3314; x_wconf 89' lang='lat' dir='ltr'><strong>prophetas</strong></span> <span class='ocrx_word' id='word_1_382' title='bbox 1926 3259 2088 3313; x_wconf 90' lang='lat' dir='ltr'><strong>opera</strong></span> <span class='ocrx_word' id='word_1_383' title='bbox 2117 3221 2160 3279; x_wconf 65' lang='grc' dir='ltr'><strong>θ</strong></span> 
     </span>
    </p>
   </div>
   <div class='ocr_carea' id='block_1_53' title="bbox 510 3336 2089 3406">
    <p class='ocr_par' dir='ltr' id='par_1_53' title="bbox 510 3336 2089 3406">
     <span class='ocr_line' id='line_1_53' title="bbox 510 3336 2089 3406; baseline -0.001 -14"><span class='ocrx_word' id='word_1_384' title='bbox 510 3337 880 3399; x_wconf 72' lang='lat' dir='ltr'><strong>concinnavit,</strong></span> <span class='ocrx_word' id='word_1_385' title='bbox 932 3336 1227 3391; x_wconf 83' lang='lat' dir='ltr'><strong>dissolvere</strong></span> <span class='ocrx_word' id='word_1_386' title='bbox 1302 3352 1395 3390; x_wconf 87' lang='lat' dir='ltr'><strong>eos</strong></span> <span class='ocrx_word' id='word_1_387' title='bbox 1421 3347 1688 3400; x_wconf 80' lang='lat' dir='ltr'><strong>conatus,</strong></span> <span class='ocrx_word' id='word_1_388' title='bbox 1769 3336 1953 3404; x_wconf 67' lang='lat' dir='ltr'><strong>Quasi,</strong></span> <span class='ocrx_word' id='word_1_389' title='bbox 1999 3336 2089 3406; x_wconf 91' lang='lat' dir='ltr'><strong>qui</strong></span> 
     </span>
    </p>
   </div>
   <div class='ocr_carea' id='block_1_54' title="bbox 513 3425 2090 3502">
    <p class='ocr_par' dir='ltr' id='par_1_54' title="bbox 513 3425 2090 3502">
     <span class='ocr_line' id='line_1_54' title="bbox 513 3425 2090 3502; baseline -0.001 -20"><span class='ocrx_word' id='word_1_390' title='bbox 513 3427 793 3483; x_wconf 82' lang='lat' dir='ltr'><strong>mendacia</strong></span> <span class='ocrx_word' id='word_1_391' title='bbox 842 3426 1003 3481; x_wconf 87' lang='lat' dir='ltr'><strong>locuti</strong></span> <span class='ocrx_word' id='word_1_392' title='bbox 1085 3427 1197 3502; x_wconf 79' lang='lat' dir='ltr'><strong>sint</strong></span> <span class='ocrx_word' id='word_1_393' title='bbox 1242 3441 1417 3496; x_wconf 89' lang='lat' dir='ltr'><strong>neque</strong></span> <span class='ocrx_word' id='word_1_394' title='bbox 1475 3426 1642 3480; x_wconf 86' lang='lat' dir='ltr'><strong>Deum</strong></span> <span class='ocrx_word' id='word_1_395' title='bbox 1701 3425 2090 3495; x_wconf 73' lang='lat' dir='ltr'><strong>cognoverint;</strong></span> 
     </span>
    </p>
   </div>
   <div class='ocr_carea' id='block_1_55' title="bbox 466 3517 1878 3591">
    <p class='ocr_par' dir='ltr' id='par_1_55' title="bbox 466 3517 1878 3591">
     <span class='ocr_line' id='line_1_55' title="bbox 466 3517 1878 3591; baseline -0.001 -16"><span class='ocrx_word' id='word_1_396' title='bbox 466 3582 473 3591; x_wconf 32' lang='grc' dir='ltr'>ί</span> <span class='ocrx_word' id='word_1_397' title='bbox 512 3534 815 3588; x_wconf 87' lang='lat' dir='ltr'><strong>carnesque</strong></span> <span class='ocrx_word' id='word_1_398' title='bbox 838 3519 1015 3588; x_wconf 91' lang='lat' dir='ltr'><strong>perire</strong></span> <span class='ocrx_word' id='word_1_399' title='bbox 1038 3520 1396 3575; x_wconf 89' lang='lat' dir='ltr'><strong>consimiliter</strong></span> <span class='ocrx_word' id='word_1_400' title='bbox 1436 3517 1699 3572; x_wconf 86' lang='lat' dir='ltr'><strong>Marcioni</strong></span> <span class='ocrx_word' id='word_1_401' title='bbox 1728 3517 1878 3573; x_wconf 86' lang='lat' dir='ltr'><strong>dicit.</strong></span> 
     </span>
    </p>
   </div>
   <div class='ocr_carea' id='block_1_56' title="bbox 580 3608 2091 3680">
    <p class='ocr_par' dir='ltr' id='par_1_56' title="bbox 580 3608 2091 3680">
     <span class='ocr_line' id='line_1_56' title="bbox 580 3608 2091 3680; baseline -0.002 -13"><span class='ocrx_word' id='word_1_402' title='bbox 580 3613 674 3679; x_wconf 71' lang='grc'><strong>21,</strong></span> <span class='ocrx_word' id='word_1_403' title='bbox 700 3613 989 3668; x_wconf 87' lang='lat' dir='ltr'><strong>Cerintlms</strong></span> <span class='ocrx_word' id='word_1_404' title='bbox 1028 3620 1231 3678; x_wconf 85' lang='lat' dir='ltr'><strong>autem,</strong></span> <span class='ocrx_word' id='word_1_405' title='bbox 1278 3614 1394 3680; x_wconf 88' lang='lat' dir='ltr'><strong>ipse</strong></span> <span class='ocrx_word' id='word_1_406' title='bbox 1437 3611 1491 3664; x_wconf 92' lang='lat' dir='ltr'><strong>in</strong></span> <span class='ocrx_word' id='word_1_407' title='bbox 1547 3608 1782 3680; x_wconf 59' lang='lat' dir='ltr'><strong>(Egypto</strong></span> <span class='ocrx_word' id='word_1_408' title='bbox 1820 3608 2091 3677; x_wconf 78' lang='lat' dir='ltr'><strong>excultus,</strong></span> 
     </span>
    </p>
   </div>
   <div class='ocr_carea' id='block_1_57' title="bbox 514 3701 2090 3773">
    <p class='ocr_par' dir='ltr' id='par_1_57' title="bbox 514 3701 2090 3773">
     <span class='ocr_line' id='line_1_57' title="bbox 514 3701 2090 3773; baseline -0.003 -14"><span class='ocrx_word' id='word_1_409' title='bbox 514 3719 619 3759; x_wconf 89' lang='lat' dir='ltr'><strong>non</strong></span> <span class='ocrx_word' id='word_1_410' title='bbox 648 3718 679 3756; x_wconf 88' lang='lat' dir='ltr'><strong>a</strong></span> <span class='ocrx_word' id='word_1_411' title='bbox 711 3704 890 3773; x_wconf 88' lang='lat' dir='ltr'><strong>primo</strong></span> <span class='ocrx_word' id='word_1_412' title='bbox 914 3706 1014 3755; x_wconf 86' lang='lat' dir='ltr'><strong>deo</strong></span> <span class='ocrx_word' id='word_1_413' title='bbox 1039 3701 1242 3757; x_wconf 84' lang='lat' dir='ltr'><strong>factum</strong></span> <span class='ocrx_word' id='word_1_414' title='bbox 1270 3715 1392 3756; x_wconf 88' lang='lat' dir='ltr'><strong>esse</strong></span> <span class='ocrx_word' id='word_1_415' title='bbox 1421 3703 1676 3755; x_wconf 90' lang='lat' dir='ltr'><strong>mundum</strong></span> <span class='ocrx_word' id='word_1_416' title='bbox 1720 3701 1909 3765; x_wconf 88' lang='lat' dir='ltr'><strong>voluit,</strong></span> <span class='ocrx_word' id='word_1_417' title='bbox 1934 3702 2028 3756; x_wconf 84' lang='lat' dir='ltr'><strong>sed</strong></span> <span class='ocrx_word' id='word_1_418' title='bbox 2059 3714 2090 3754; x_wconf 84' lang='lat' dir='ltr'><strong>a</strong></span> 
     </span>
    </p>
   </div>
   <div class='ocr_carea' id='block_1_58' title="bbox 510 3793 2092 3863">
    <p class='ocr_par' dir='ltr' id='par_1_58' title="bbox 510 3793 2092 3863">
     <span class='ocr_line' id='line_1_58' title="bbox 510 3793 2092 3863; baseline 0.001 -16"><span class='ocrx_word' id='word_1_419' title='bbox 510 3795 712 3849; x_wconf 85' lang='lat' dir='ltr'><strong>virtute</strong></span> <span class='ocrx_word' id='word_1_420' title='bbox 749 3793 981 3863; x_wconf 88' lang='lat' dir='ltr'><strong>quadam</strong></span> <span class='ocrx_word' id='word_1_421' title='bbox 1010 3794 1251 3863; x_wconf 87' lang='lat' dir='ltr'><strong>angelica</strong></span> <span class='ocrx_word' id='word_1_422' title='bbox 1285 3793 1439 3863; x_wconf 84' lang='lat' dir='ltr'><strong>longe</strong></span> <span class='ocrx_word' id='word_1_423' title='bbox 1465 3802 1714 3863; x_wconf 86' lang='lat' dir='ltr'><strong>separata</strong></span> <span class='ocrx_word' id='word_1_424' title='bbox 1754 3803 1810 3849; x_wconf 88' lang='lat' dir='ltr'><strong>et</strong></span> <span class='ocrx_word' id='word_1_425' title='bbox 1849 3793 2092 3849; x_wconf 85' lang='lat' dir='ltr'><strong>distante</strong></span> 
     </span>
    </p>
   </div>
   <div class='ocr_carea' id='block_1_59' title="bbox 513 3886 2093 3957">
    <p class='ocr_par' dir='ltr' id='par_1_59' title="bbox 513 3886 2093 3957">
     <span class='ocr_line' id='line_1_59' title="bbox 513 3886 2093 3957; baseline -0.001 -15"><span class='ocrx_word' id='word_1_426' title='bbox 513 3888 582 3942; x_wconf 89' lang='lat' dir='ltr'><strong>ab</strong></span> <span class='ocrx_word' id='word_1_427' title='bbox 630 3902 693 3941; x_wconf 89' lang='lat' dir='ltr'><strong>ea</strong></span> <span class='ocrx_word' id='word_1_428' title='bbox 751 3886 1172 3957; x_wconf 85' lang='lat' dir='ltr'><strong>principalitate,</strong></span> <span class='ocrx_word' id='word_1_429' title='bbox 1218 3901 1338 3956; x_wconf 73' lang='lat' dir='ltr'><strong>quae</strong></span> <span class='ocrx_word' id='word_1_430' title='bbox 1371 3894 1456 3941; x_wconf 91' lang='lat' dir='ltr'><strong>est</strong></span> <span class='ocrx_word' id='word_1_431' title='bbox 1499 3901 1663 3956; x_wconf 88' lang='lat' dir='ltr'><strong>super</strong></span> <span class='ocrx_word' id='word_1_432' title='bbox 1713 3886 1986 3953; x_wconf 90' lang='lat' dir='ltr'><strong>universa,</strong></span> <span class='ocrx_word' id='word_1_433' title='bbox 2037 3893 2093 3941; x_wconf 89' lang='lat' dir='ltr'><strong>et</strong></span> 
     </span>
    </p>
   </div>
   <div class='ocr_carea' id='block_1_60' title="bbox 515 3974 2089 4049">
    <p class='ocr_par' dir='ltr' id='par_1_60' title="bbox 515 3974 2089 4049">
     <span class='ocr_line' id='line_1_60' title="bbox 515 3974 2089 4049; baseline -0.001 -18"><span class='ocrx_word' id='word_1_434' title='bbox 515 3982 800 4049; x_wconf 77' lang='lat' dir='ltr'><strong>ignorante</strong></span> <span class='ocrx_word' id='word_1_435' title='bbox 832 3981 1012 4042; x_wconf 88' lang='lat' dir='ltr'><strong>deum,</strong></span> <span class='ocrx_word' id='word_1_436' title='bbox 1044 3979 1135 4049; x_wconf 89' lang='lat' dir='ltr'><strong>qui</strong></span> <span class='ocrx_word' id='word_1_437' title='bbox 1165 3989 1248 4032; x_wconf 88' lang='lat' dir='ltr'><strong>est</strong></span> <span class='ocrx_word' id='word_1_438' title='bbox 1277 3991 1438 4046; x_wconf 86' lang='lat' dir='ltr'><strong>super</strong></span> <span class='ocrx_word' id='word_1_439' title='bbox 1464 3977 1669 4032; x_wconf 89' lang='lat' dir='ltr'><strong>omnia.</strong></span> <span class='ocrx_word' id='word_1_440' title='bbox 1694 3974 1877 4032; x_wconf 87' lang='lat' dir='ltr'><strong>Jesum</strong></span> <span class='ocrx_word' id='word_1_441' title='bbox 1906 3987 2089 4032; x_wconf 88' lang='lat' dir='ltr'><strong>autem</strong></span> 
     </span>
    </p>
   </div>
   <div class='ocr_carea' id='block_1_61' title="bbox 512 4069 2087 4141">
    <p class='ocr_par' dir='ltr' id='par_1_61' title="bbox 512 4069 2087 4141">
     <span class='ocr_line' id='line_1_61' title="bbox 512 4069 2087 4141; baseline -0.003 -14"><span class='ocrx_word' id='word_1_442' title='bbox 512 4072 643 4127; x_wconf 86' lang='lat' dir='ltr'><strong>dicit</strong></span> <span class='ocrx_word' id='word_1_443' title='bbox 675 4087 781 4127; x_wconf 90' lang='lat' dir='ltr'><strong>non</strong></span> <span class='ocrx_word' id='word_1_444' title='bbox 814 4087 878 4125; x_wconf 85' lang='lat' dir='ltr'><strong>ex</strong></span> <span class='ocrx_word' id='word_1_445' title='bbox 914 4069 1130 4141; x_wconf 82' lang='lat' dir='ltr'><strong>Virgine</strong></span> <span class='ocrx_word' id='word_1_446' title='bbox 1163 4086 1284 4125; x_wconf 90' lang='lat' dir='ltr'><strong>esse</strong></span> <span class='ocrx_word' id='word_1_447' title='bbox 1312 4080 1654 4140; x_wconf 85' lang='lat' dir='ltr'><strong>generatum,</strong></span> <span class='ocrx_word' id='word_1_448' title='bbox 1687 4079 1872 4124; x_wconf 90' lang='lat' dir='ltr'><strong>natum</strong></span> <span class='ocrx_word' id='word_1_449' title='bbox 1901 4079 2087 4125; x_wconf 86' lang='lat' dir='ltr'><strong>autem</strong></span> 
     </span>
    </p>
   </div>
   <div class='ocr_carea' id='block_1_62' title="bbox 510 4161 2094 4233">
    <p class='ocr_par' dir='ltr' id='par_1_62' title="bbox 510 4161 2094 4233">
     <span class='ocr_line' id='line_1_62' title="bbox 510 4161 2094 4233; baseline -0.003 -15"><span class='ocrx_word' id='word_1_450' title='bbox 510 4178 633 4219; x_wconf 88' lang='lat' dir='ltr'><strong>esse</strong></span> <span class='ocrx_word' id='word_1_451' title='bbox 659 4179 782 4218; x_wconf 89' lang='lat' dir='ltr'><strong>eum</strong></span> <span class='ocrx_word' id='word_1_452' title='bbox 829 4179 893 4218; x_wconf 80' lang='lat' dir='ltr'><strong>ex</strong></span> <span class='ocrx_word' id='word_1_453' title='bbox 937 4162 1178 4233; x_wconf 90' lang='lat' dir='ltr'><strong>Josepho</strong></span> <span class='ocrx_word' id='word_1_454' title='bbox 1223 4170 1278 4216; x_wconf 89' lang='lat' dir='ltr'><strong>et</strong></span> <span class='ocrx_word' id='word_1_455' title='bbox 1324 4161 1491 4216; x_wconf 82' lang='lat' dir='ltr'><strong>Maria</strong></span> <span class='ocrx_word' id='word_1_456' title='bbox 1534 4162 1701 4215; x_wconf 83' lang='lat' dir='ltr'><strong>tilium</strong></span> <span class='ocrx_word' id='word_1_457' title='bbox 1736 4162 2094 4216; x_wconf 90' lang='lat' dir='ltr'><strong>consimiliter</strong></span> 
     </span>
    </p>
   </div>
   <div class='ocr_carea' id='block_1_63' title="bbox 516 4252 2091 4323">
    <p class='ocr_par' dir='ltr' id='par_1_63' title="bbox 516 4252 2091 4323">
     <span class='ocr_line' id='line_1_63' title="bbox 516 4252 2091 4323; baseline -0.001 -14"><span class='ocrx_word' id='word_1_458' title='bbox 516 4254 741 4323; x_wconf 84' lang='lat' dir='ltr'><strong>reliquis</strong></span> <span class='ocrx_word' id='word_1_459' title='bbox 775 4255 1108 4318; x_wconf 85' lang='lat' dir='ltr'><strong>hominibus,</strong></span> <span class='ocrx_word' id='word_1_460' title='bbox 1147 4261 1203 4309; x_wconf 87' lang='lat' dir='ltr'><strong>et</strong></span> <span class='ocrx_word' id='word_1_461' title='bbox 1249 4252 1571 4308; x_wconf 80' lang='lat' dir='ltr'><strong>excelluisse</strong></span> <span class='ocrx_word' id='word_1_462' title='bbox 1608 4252 1816 4323; x_wconf 88' lang='lat' dir='ltr'><strong>justitia</strong></span> <span class='ocrx_word' id='word_1_463' title='bbox 1865 4262 1919 4306; x_wconf 92' lang='lat' dir='ltr'><strong>et</strong></span> <span class='ocrx_word' id='word_1_464' title='bbox 1960 4268 2091 4322; x_wconf 91' lang='lat' dir='ltr'><strong>pru-</strong></span> 
     </span>
    </p>
   </div>
   <div class='ocr_carea' id='block_1_64' title="bbox 522 4342 2095 4417">
    <p class='ocr_par' dir='ltr' id='par_1_64' title="bbox 522 4342 2095 4417">
     <span class='ocr_line' id='line_1_64' title="bbox 522 4342 2095 4417; baseline -0.003 -16"><span class='ocrx_word' id='word_1_465' title='bbox 522 4349 708 4403; x_wconf 84' lang='lat' dir='ltr'><strong>dentia</strong></span> <span class='ocrx_word' id='word_1_466' title='bbox 740 4357 789 4400; x_wconf 91' lang='lat' dir='ltr'><strong>et</strong></span> <span class='ocrx_word' id='word_1_467' title='bbox 816 4346 1171 4417; x_wconf 76' lang='lat' dir='ltr'><strong>intelligentia</strong></span> <span class='ocrx_word' id='word_1_468' title='bbox 1198 4360 1363 4417; x_wconf 88' lang='lat' dir='ltr'><strong>supra</strong></span> <span class='ocrx_word' id='word_1_469' title='bbox 1387 4360 1579 4400; x_wconf 88' lang='lat' dir='ltr'><strong>omnes</strong></span> <span class='ocrx_word' id='word_1_470' title='bbox 1605 4344 1859 4413; x_wconf 90' lang='lat' dir='ltr'><strong>reliquos.</strong></span> <span class='ocrx_word' id='word_1_471' title='bbox 1885 4342 1951 4397; x_wconf 85' lang='lat' dir='ltr'><strong>Et</strong></span> <span class='ocrx_word' id='word_1_472' title='bbox 1974 4352 2095 4414; x_wconf 89' lang='lat' dir='ltr'><strong>post</strong></span> 
     </span>
    </p>
   </div>
   <div class='ocr_carea' id='block_1_65' title="bbox 514 4436 2091 4506">
    <p class='ocr_par' dir='ltr' id='par_1_65' title="bbox 514 4436 2091 4506">
     <span class='ocr_line' id='line_1_65' title="bbox 514 4436 2091 4506; baseline -0.001 -15"><span class='ocrx_word' id='word_1_473' title='bbox 514 4438 846 4505; x_wconf 82' lang='lat' dir='ltr'><strong>baptismum</strong></span> <span class='ocrx_word' id='word_1_474' title='bbox 875 4437 1159 4492; x_wconf 88' lang='lat' dir='ltr'><strong>devenisse</strong></span> <span class='ocrx_word' id='word_1_475' title='bbox 1195 4438 1247 4490; x_wconf 91' lang='lat' dir='ltr'><strong>in</strong></span> <span class='ocrx_word' id='word_1_476' title='bbox 1280 4452 1402 4490; x_wconf 91' lang='lat' dir='ltr'><strong>eum</strong></span> <span class='ocrx_word' id='word_1_477' title='bbox 1452 4438 1520 4492; x_wconf 85' lang='lat' dir='ltr'><strong>ab</strong></span> <span class='ocrx_word' id='word_1_478' title='bbox 1562 4452 1624 4491; x_wconf 89' lang='lat' dir='ltr'><strong>ea</strong></span> <span class='ocrx_word' id='word_1_479' title='bbox 1669 4436 2091 4506; x_wconf 85' lang='lat' dir='ltr'><strong>principalitate,</strong></span> 
     </span>
    </p>
   </div>
   <div class='ocr_carea' id='block_1_66' title="bbox 520 4527 2089 4598">
    <p class='ocr_par' dir='ltr' id='par_1_66' title="bbox 520 4527 2089 4598">
     <span class='ocr_line' id='line_1_66' title="bbox 520 4527 2089 4598; baseline 0.001 -18"><span class='ocrx_word' id='word_1_480' title='bbox 520 4544 641 4598; x_wconf 78' lang='lat' dir='ltr'><strong>quae</strong></span> <span class='ocrx_word' id='word_1_481' title='bbox 674 4538 758 4581; x_wconf 88' lang='lat' dir='ltr'><strong>est</strong></span> <span class='ocrx_word' id='word_1_482' title='bbox 783 4543 945 4596; x_wconf 86' lang='lat' dir='ltr'><strong>super</strong></span> <span class='ocrx_word' id='word_1_483' title='bbox 977 4529 1185 4594; x_wconf 89' lang='lat' dir='ltr'><strong>omnia,</strong></span> <span class='ocrx_word' id='word_1_484' title='bbox 1210 4527 1488 4582; x_wconf 85' lang='lat' dir='ltr'><strong>Christum</strong></span> <span class='ocrx_word' id='word_1_485' title='bbox 1520 4528 1573 4581; x_wconf 91' lang='lat' dir='ltr'><strong>in</strong></span> <span class='ocrx_word' id='word_1_486' title='bbox 1607 4528 1780 4597; x_wconf 83' lang='lat' dir='ltr'><strong>ﬁgura</strong></span> <span class='ocrx_word' id='word_1_487' title='bbox 1805 4527 2089 4591; x_wconf 67' lang='lat' dir='ltr'><strong>columbae,</strong></span> 
     </span>
    </p>
   </div>
   <div class='ocr_carea' id='block_1_67' title="bbox 2199 2322 3784 2403">
    <p class='ocr_par' dir='ltr' id='par_1_67' title="bbox 2199 2322 3784 2403">
     <span class='ocr_line' id='line_1_67' title="bbox 2199 2322 3784 2403; baseline 0.004 -19"><span class='ocrx_word' id='word_1_488' title='bbox 2199 2322 2273 2384; x_wconf 82' lang='grc' dir='ltr'>ὧν</span> <span class='ocrx_word' id='word_1_489' title='bbox 2316 2330 2412 2384; x_wconf 70' lang='grc' dir='ltr'>ἕνα</span> <span class='ocrx_word' id='word_1_490' title='bbox 2463 2330 2664 2401; x_wconf 86' lang='grc' dir='ltr'>φάσκει</span> <span class='ocrx_word' id='word_1_491' title='bbox 2711 2328 2965 2402; x_wconf 85' lang='grc' dir='ltr'>[ἀγαθὸν]</span> <span class='ocrx_word' id='word_1_492' title='bbox 2994 2328 3063 2395; x_wconf 69' lang='grc' dir='ltr'><strong>δ’,</strong></span> <span class='ocrx_word' id='word_1_493' title='bbox 3112 2330 3170 2385; x_wconf 85' lang='grc' dir='ltr'>ὃν</span> <span class='ocrx_word' id='word_1_494' title='bbox 3218 2330 3345 2384; x_wconf 71' lang='grc' dir='ltr'>οὔτε</span> <span class='ocrx_word' id='word_1_495' title='bbox 3394 2333 3443 2385; x_wconf 83' lang='lat' dir='ltr'><strong>ot</strong></span> <span class='ocrx_word' id='word_1_496' title='bbox 3498 2335 3784 2403; x_wconf 66' lang='grc' dir='ltr'>προφῆται</span> 
     </span>
    </p>
   </div>
   <div class='ocr_carea' id='block_1_68' title="bbox 2199 2416 3783 2494">
    <p class='ocr_par' dir='ltr' id='par_1_68' title="bbox 2199 2416 3783 2494">
     <span class='ocr_line' id='line_1_68' title="bbox 2199 2416 3783 2494; baseline 0.003 -19"><span class='ocrx_word' id='word_1_497' title='bbox 2199 2421 2461 2490; x_wconf 75' lang='grc' dir='ltr'>ἔγνωσαν,</span> <span class='ocrx_word' id='word_1_498' title='bbox 2495 2416 2556 2477; x_wconf 75' lang='grc' dir='ltr'>οὗ</span> <span class='ocrx_word' id='word_1_499' title='bbox 2587 2419 2729 2475; x_wconf 81' lang='grc' dir='ltr'>εἶναι</span> <span class='ocrx_word' id='word_1_500' title='bbox 2762 2422 2878 2476; x_wconf 83' lang='grc' dir='ltr'>υἱὸν</span> <span class='ocrx_word' id='word_1_501' title='bbox 2928 2421 3021 2476; x_wconf 80' lang='grc' dir='ltr'><strong>τὸν</strong></span> <span class='ocrx_word' id='word_1_502' title='bbox 3051 2422 3306 2492; x_wconf 77' lang='grc' dir='ltr'>Χριστόν·</span> <span class='ocrx_word' id='word_1_503' title='bbox 3356 2423 3542 2494; x_wconf 75' lang='grc' dir='ltr'>ἕτερον</span> <span class='ocrx_word' id='word_1_504' title='bbox 3588 2426 3646 2478; x_wconf 81' lang='grc' dir='ltr'>δὲ</span> <span class='ocrx_word' id='word_1_505' title='bbox 3689 2429 3783 2481; x_wconf 83' lang='grc' dir='ltr'><strong>τὸν</strong></span> 
     </span>
    </p>
   </div>
   <div class='ocr_carea' id='block_1_69' title="bbox 2197 2508 3782 2584">
    <p class='ocr_par' dir='ltr' id='par_1_69' title="bbox 2197 2508 3782 2584">
     <span class='ocr_line' id='line_1_69' title="bbox 2197 2508 3782 2584; baseline 0.003 -19"><span class='ocrx_word' id='word_1_506' title='bbox 2197 2512 2531 2584; x_wconf 83' lang='grc' dir='ltr'>δημιουργὸν</span> <span class='ocrx_word' id='word_1_507' title='bbox 2564 2513 2658 2566; x_wconf 82' lang='grc' dir='ltr'><strong>τοῦ</strong></span> <span class='ocrx_word' id='word_1_508' title='bbox 2698 2512 2921 2579; x_wconf 83' lang='grc' dir='ltr'>παντὸς,</span> <span class='ocrx_word' id='word_1_509' title='bbox 2950 2511 3010 2565; x_wconf 80' lang='grc' dir='ltr'>ὃν</span> <span class='ocrx_word' id='word_1_510' title='bbox 3039 2513 3099 2565; x_wconf 81' lang='grc' dir='ltr'><strong>οὐ</strong></span> <span class='ocrx_word' id='word_1_511' title='bbox 3127 2513 3249 2566; x_wconf 76' lang='grc' dir='ltr'>θεὸν</span> <span class='ocrx_word' id='word_1_512' title='bbox 3274 2508 3417 2567; x_wconf 80' lang='grc' dir='ltr'>εἶναι</span> <span class='ocrx_word' id='word_1_513' title='bbox 3449 2514 3594 2568; x_wconf 86' lang='grc' dir='ltr'>Θέλει</span> <span class='ocrx_word' id='word_1_514' title='bbox 3612 2555 3629 2580; x_wconf 92' lang='grc'><strong>,</strong></span> <span class='ocrx_word' id='word_1_515' title='bbox 3660 2516 3782 2570; x_wconf 73' lang='grc' dir='ltr'>ἔτε-</span> 
     </span>
    </p>
   </div>
   <div class='ocr_carea' id='block_1_70' title="bbox 2201 2604 3786 2679">
    <p class='ocr_par' dir='ltr' id='par_1_70' title="bbox 2201 2604 3786 2679">
     <span class='ocr_line' id='line_1_70' title="bbox 2201 2604 3786 2679; baseline 0.004 -22"><span class='ocrx_word' id='word_1_516' title='bbox 2201 2620 2293 2675; x_wconf 92' lang='grc' dir='ltr'><strong>ρον</strong></span> <span class='ocrx_word' id='word_1_517' title='bbox 2320 2604 2379 2658; x_wconf 82' lang='grc' dir='ltr'>δὲ</span> <span class='ocrx_word' id='word_1_518' title='bbox 2414 2605 2639 2677; x_wconf 86' lang='grc' dir='ltr'>πύρινον</span> <span class='ocrx_word' id='word_1_519' title='bbox 2665 2605 2758 2658; x_wconf 78' lang='grc' dir='ltr'><strong>τὸν</strong></span> <span class='ocrx_word' id='word_1_520' title='bbox 2797 2607 3052 2675; x_wconf 78' lang='grc' dir='ltr'>φανέντα,</span> <span class='ocrx_word' id='word_1_521' title='bbox 3086 2607 3275 2677; x_wconf 70' lang='grc' dir='ltr'>ἕτερον</span> <span class='ocrx_word' id='word_1_522' title='bbox 3302 2606 3360 2658; x_wconf 82' lang='grc' dir='ltr'>δὲ</span> <span class='ocrx_word' id='word_1_523' title='bbox 3400 2608 3659 2679; x_wconf 83' lang='grc' dir='ltr'>πονηρὸν,</span> <span class='ocrx_word' id='word_1_524' title='bbox 3686 2609 3786 2673; x_wconf 75' lang='grc' dir='ltr'><strong>οὒς</strong></span> 
     </span>
    </p>
   </div>
   <div class='ocr_carea' id='block_1_71' title="bbox 2196 2696 3783 2767">
    <p class='ocr_par' dir='ltr' id='par_1_71' title="bbox 2196 2696 3783 2767">
     <span class='ocr_line' id='line_1_71' title="bbox 2196 2696 3783 2767; baseline 0.002 -17"><span class='ocrx_word' id='word_1_525' title='bbox 2196 2696 2462 2765; x_wconf 81' lang='grc' dir='ltr'>ἀγγέλους</span> <span class='ocrx_word' id='word_1_526' title='bbox 2490 2696 2679 2764; x_wconf 84' lang='grc' dir='ltr'>καλεῖ,</span> <span class='ocrx_word' id='word_1_527' title='bbox 2712 2696 2972 2766; x_wconf 81' lang='grc' dir='ltr'>προσθεὶς</span> <span class='ocrx_word' id='word_1_528' title='bbox 3001 2697 3058 2749; x_wconf 86' lang='grc' dir='ltr'>δὲ</span> <span class='ocrx_word' id='word_1_529' title='bbox 3090 2697 3183 2751; x_wconf 82' lang='grc' dir='ltr'><strong>τὸν</strong></span> <span class='ocrx_word' id='word_1_530' title='bbox 3215 2698 3452 2766; x_wconf 77' lang='grc' dir='ltr'>Χριστὸν</span> <span class='ocrx_word' id='word_1_531' title='bbox 3501 2700 3596 2753; x_wconf 84' lang='grc' dir='ltr'><strong>καὶ</strong></span> <span class='ocrx_word' id='word_1_532' title='bbox 3633 2702 3783 2767; x_wconf 80' lang='grc' dir='ltr'>πέμ-</span> 
     </span>
    </p>
   </div>
   <div class='ocr_carea' id='block_1_72' title="bbox 2197 2787 3785 2862">
    <p class='ocr_par' dir='ltr' id='par_1_72' title="bbox 2197 2787 3785 2862">
     <span class='ocr_line' id='line_1_72' title="bbox 2197 2787 3785 2862; baseline 0.003 -21"><span class='ocrx_word' id='word_1_533' title='bbox 2197 2806 2330 2842; x_wconf 88' lang='grc' dir='ltr'>πτον</span> <span class='ocrx_word' id='word_1_534' title='bbox 2378 2789 2515 2858; x_wconf 75' lang='grc' dir='ltr'>ἐρεῖ.</span> <span class='ocrx_word' id='word_1_535' title='bbox 2564 2788 2831 2860; x_wconf 82' lang='grc' dir='ltr'>Προσέχει</span> <span class='ocrx_word' id='word_1_536' title='bbox 2875 2787 2931 2840; x_wconf 78' lang='grc' dir='ltr'>δὲ</span> <span class='ocrx_word' id='word_1_537' title='bbox 2984 2787 3187 2859; x_wconf 76' lang='grc' dir='ltr'>βίϐλῳ,</span> <span class='ocrx_word' id='word_1_538' title='bbox 3236 2789 3305 2860; x_wconf 83' lang='grc' dir='ltr'>ἢν</span> <span class='ocrx_word' id='word_1_539' title='bbox 3342 2788 3390 2821; x_wconf 80' lang='grc'><strong>⁸⁸</strong></span> <span class='ocrx_word' id='word_1_540' title='bbox 3438 2790 3785 2862; x_wconf 82' lang='grc' dir='ltr'>Φανερὼσεις</span> 
     </span>
    </p>
   </div>
   <div class='ocr_carea' id='block_1_73' title="bbox 2197 2875 3783 2952">
    <p class='ocr_par' dir='ltr' id='par_1_73' title="bbox 2197 2875 3783 2952">
     <span class='ocr_line' id='line_1_73' title="bbox 2197 2875 3783 2952; baseline 0.004 -25"><span class='ocrx_word' id='word_1_541' title='bbox 2197 2875 2354 2928; x_wconf 88' lang='grc' dir='ltr'>καλεῖ</span> <span class='ocrx_word' id='word_1_542' title='bbox 2381 2875 2714 2947; x_wconf 80' lang='grc' dir='ltr'>Ψιλουμένης</span> <span class='ocrx_word' id='word_1_543' title='bbox 2741 2875 2906 2939; x_wconf 82' lang='grc' dir='ltr'>τινὸς,</span> <span class='ocrx_word' id='word_1_544' title='bbox 2931 2876 2998 2947; x_wconf 75' lang='grc' dir='ltr'>ἣν</span> <span class='ocrx_word' id='word_1_545' title='bbox 3031 2880 3302 2948; x_wconf 78' lang='grc' dir='ltr'>προφῆτιν</span> <span class='ocrx_word' id='word_1_546' title='bbox 3325 2878 3371 2911; x_wconf 79' lang='grc'><strong>⁸⁸</strong></span> <span class='ocrx_word' id='word_1_547' title='bbox 3401 2880 3633 2949; x_wconf 75' lang='grc' dir='ltr'>νομίζει.</span> <span class='ocrx_word' id='word_1_548' title='bbox 3668 2881 3783 2952; x_wconf 74' lang='grc' dir='ltr'>Τὴν</span> 
     </span>
    </p>
   </div>
   <div class='ocr_carea' id='block_1_74' title="bbox 2194 2964 3783 3042">
    <p class='ocr_par' dir='ltr' id='par_1_74' title="bbox 2194 2964 3783 3042">
     <span class='ocr_line' id='line_1_74' title="bbox 2194 2964 3783 3042; baseline 0.007 -26"><span class='ocrx_word' id='word_1_549' title='bbox 2194 2964 2252 3017; x_wconf 83' lang='grc' dir='ltr'>δὲ</span> <span class='ocrx_word' id='word_1_550' title='bbox 2299 2965 2479 3036; x_wconf 83' lang='grc' dir='ltr'>σάρκα</span> <span class='ocrx_word' id='word_1_551' title='bbox 2526 2967 2619 3020; x_wconf 81' lang='grc' dir='ltr'><strong>τὸν</strong></span> <span class='ocrx_word' id='word_1_552' title='bbox 2651 2965 2888 3037; x_wconf 83' lang='grc' dir='ltr'>Χριστὸν</span> <span class='ocrx_word' id='word_1_553' title='bbox 2935 2968 3036 3022; x_wconf 85' lang='grc' dir='ltr'><strong>οὐκ</strong></span> <span class='ocrx_word' id='word_1_554' title='bbox 3066 2971 3131 3022; x_wconf 82' lang='grc' dir='ltr'>ἐκ</span> <span class='ocrx_word' id='word_1_555' title='bbox 3178 2971 3276 3040; x_wconf 81' lang='grc' dir='ltr'>τῆς</span> <span class='ocrx_word' id='word_1_556' title='bbox 3320 2971 3599 3041; x_wconf 82' lang='grc' dir='ltr'>Παρθένου</span> <span class='ocrx_word' id='word_1_557' title='bbox 3633 2973 3783 3042; x_wconf 84' lang='grc' dir='ltr'>λέγει</span> 
     </span>
    </p>
   </div>
   <div class='ocr_carea' id='block_1_75' title="bbox 2197 3054 3781 3129">
    <p class='ocr_par' dir='ltr' id='par_1_75' title="bbox 2197 3054 3781 3129">
     <span class='ocr_line' id='line_1_75' title="bbox 2197 3054 3781 3129; baseline 0.005 -23"><span class='ocrx_word' id='word_1_558' title='bbox 2197 3055 2660 3125; x_wconf 82' lang='grc' dir='ltr'>προσειληφέναι,</span> <span class='ocrx_word' id='word_1_559' title='bbox 2700 3054 2818 3109; x_wconf 83' lang='grc' dir='ltr'>ἀλλ’</span> <span class='ocrx_word' id='word_1_560' title='bbox 2852 3057 2917 3108; x_wconf 81' lang='grc' dir='ltr'>ὲκ</span> <span class='ocrx_word' id='word_1_561' title='bbox 2955 3057 3056 3125; x_wconf 83' lang='grc' dir='ltr'>τῆς</span> <span class='ocrx_word' id='word_1_562' title='bbox 3095 3059 3512 3129; x_wconf 82' lang='grc' dir='ltr'>παρακειμένης</span> <span class='ocrx_word' id='word_1_563' title='bbox 3543 3060 3641 3113; x_wconf 87' lang='grc' dir='ltr'><strong>τοῦ</strong></span> <span class='ocrx_word' id='word_1_564' title='bbox 3686 3061 3781 3114; x_wconf 83' lang='grc' dir='ltr'><strong>κό-</strong></span> 
     </span>
    </p>
   </div>
   <div class='ocr_carea' id='block_1_76' title="bbox 2198 3145 3780 3222">
    <p class='ocr_par' dir='ltr' id='par_1_76' title="bbox 2198 3145 3780 3222">
     <span class='ocr_line' id='line_1_76' title="bbox 2198 3145 3780 3222; baseline 0.004 -24"><span class='ocrx_word' id='word_1_565' title='bbox 2198 3160 2336 3215; x_wconf 87' lang='grc' dir='ltr'>σμου</span> <span class='ocrx_word' id='word_1_566' title='bbox 2369 3145 2580 3209; x_wconf 78' lang='grc' dir='ltr'>οὐσίας.</span> <span class='ocrx_word' id='word_1_567' title='bbox 2623 3145 2702 3217; x_wconf 78' lang='grc' dir='ltr'>[ρ.</span> <span class='ocrx_word' id='word_1_568' title='bbox 2744 3145 2868 3201; x_wconf 74' lang='grc'><strong>527.</strong></span> <span class='ocrx_word' id='word_1_569' title='bbox 2914 3145 3042 3220; x_wconf 70' lang='lat'><strong>5‘28]</strong></span> <span class='ocrx_word' id='word_1_570' title='bbox 3086 3146 3273 3211; x_wconf 75' lang='grc' dir='ltr'>Οὕτως</span> <span class='ocrx_word' id='word_1_571' title='bbox 3303 3150 3444 3202; x_wconf 78' lang='grc' dir='ltr'>κατὰ</span> <span class='ocrx_word' id='word_1_572' title='bbox 3482 3150 3577 3203; x_wconf 85' lang='grc' dir='ltr'><strong>τοῦ</strong></span> <span class='ocrx_word' id='word_1_573' title='bbox 3612 3151 3780 3222; x_wconf 85' lang='grc' dir='ltr'>νόμου</span> 
     </span>
    </p>
   </div>
   <div class='ocr_carea' id='block_1_77' title="bbox 2195 3237 3780 3311">
    <p class='ocr_par' dir='ltr' id='par_1_77' title="bbox 2195 3237 3780 3311">
     <span class='ocr_line' id='line_1_77' title="bbox 2195 3237 3780 3311; baseline 0.004 -20"><span class='ocrx_word' id='word_1_574' title='bbox 2195 3238 2289 3291; x_wconf 76' lang='grc' dir='ltr'><strong>καὶ</strong></span> <span class='ocrx_word' id='word_1_575' title='bbox 2313 3237 2421 3291; x_wconf 84' lang='grc' dir='ltr'><strong>τῶν</strong></span> <span class='ocrx_word' id='word_1_576' title='bbox 2450 3238 2743 3311; x_wconf 77' lang='grc' dir='ltr'>προφητῶν</span> <span class='ocrx_word' id='word_1_577' title='bbox 2765 3239 3121 3310; x_wconf 85' lang='grc' dir='ltr'>συντάγματα</span> <span class='ocrx_word' id='word_1_578' title='bbox 3142 3242 3367 3309; x_wconf 67' lang='grc' dir='ltr'>ἐποίησε</span> <span class='ocrx_word' id='word_1_579' title='bbox 3393 3242 3460 3305; x_wconf 71' lang='grc' dir='ltr'><strong>⁸ο,</strong></span> <span class='ocrx_word' id='word_1_580' title='bbox 3485 3243 3780 3297; x_wconf 79' lang='grc' dir='ltr'>καταλύειν</span> 
     </span>
    </p>
   </div>
   <div class='ocr_carea' id='block_1_78' title="bbox 2195 3328 3780 3406">
    <p class='ocr_par' dir='ltr' id='par_1_78' title="bbox 2195 3328 3780 3406">
     <span class='ocr_line' id='line_1_78' title="bbox 2195 3328 3780 3406; baseline 0.003 -24"><span class='ocrx_word' id='word_1_581' title='bbox 2195 3329 2398 3393; x_wconf 69' lang='grc' dir='ltr'>αὐτοὺς</span> <span class='ocrx_word' id='word_1_582' title='bbox 2422 3328 2717 3400; x_wconf 77' lang='grc' dir='ltr'>ἐπιχειρῶν</span> <span class='ocrx_word' id='word_1_583' title='bbox 2740 3329 2816 3393; x_wconf 87' lang='grc' dir='ltr'>ὡς</span> <span class='ocrx_word' id='word_1_584' title='bbox 2839 3328 3008 3399; x_wconf 78' lang='grc' dir='ltr'>ψευδῆ</span> <span class='ocrx_word' id='word_1_585' title='bbox 3038 3328 3402 3401; x_wconf 71' lang='grc' dir='ltr'>λελαληκὸτας</span> <span class='ocrx_word' id='word_1_586' title='bbox 3426 3333 3521 3387; x_wconf 72' lang='grc' dir='ltr'><strong>καὶ</strong></span> <span class='ocrx_word' id='word_1_587' title='bbox 3551 3333 3673 3386; x_wconf 79' lang='grc' dir='ltr'>θεὸν</span> <span class='ocrx_word' id='word_1_588' title='bbox 3703 3337 3780 3406; x_wconf 74' lang='grc' dir='ltr'>μὴ</span> 
     </span>
    </p>
   </div>
   <div class='ocr_carea' id='block_1_79' title="bbox 2193 3418 3778 3495">
    <p class='ocr_par' dir='ltr' id='par_1_79' title="bbox 2193 3418 3778 3495">
     <span class='ocr_line' id='line_1_79' title="bbox 2193 3418 3778 3495; baseline 0.004 -25"><span class='ocrx_word' id='word_1_589' title='bbox 2193 3419 2520 3486; x_wconf 75' lang='grc' dir='ltr'>ἐγνωκότας·</span> <span class='ocrx_word' id='word_1_590' title='bbox 2555 3418 2765 3488; x_wconf 82' lang='grc' dir='ltr'>σάρκας</span> <span class='ocrx_word' id='word_1_591' title='bbox 2791 3420 2832 3450; x_wconf 82' lang='grc'><strong>⁶¹</strong></span> <span class='ocrx_word' id='word_1_592' title='bbox 2868 3436 2925 3471; x_wconf 82' lang='grc' dir='ltr'><strong>τε</strong></span> <span class='ocrx_word' id='word_1_593' title='bbox 2957 3418 3295 3475; x_wconf 82' lang='grc' dir='ltr'>ἀπόλλυσθαι</span> <span class='ocrx_word' id='word_1_594' title='bbox 3326 3422 3371 3453; x_wconf 74' lang='grc'><strong>⁸³</strong></span> <span class='ocrx_word' id='word_1_595' title='bbox 3394 3423 3593 3493; x_wconf 83' lang='grc' dir='ltr'>ὁμοίως</span> <span class='ocrx_word' id='word_1_596' title='bbox 3624 3423 3778 3495; x_wconf 81' lang='grc' dir='ltr'>Μαρ-</span> 
     </span>
    </p>
   </div>
   <div class='ocr_carea' id='block_1_80' title="bbox 2193 3508 2545 3577">
    <p class='ocr_par' dir='ltr' id='par_1_80' title="bbox 2193 3508 2545 3577">
     <span class='ocr_line' id='line_1_80' title="bbox 2193 3508 2545 3577; baseline 0 -15"><span class='ocrx_word' id='word_1_597' title='bbox 2193 3508 2350 3562; x_wconf 78' lang='grc' dir='ltr'>κξωνι</span> <span class='ocrx_word' id='word_1_598' title='bbox 2378 3508 2545 3577; x_wconf 78' lang='grc' dir='ltr'>λέγει.</span> 
     </span>
    </p>
   </div>
   <div class='ocr_carea' id='block_1_81' title="bbox 2264 3597 3781 3674">
    <p class='ocr_par' dir='ltr' id='par_1_81' title="bbox 2264 3597 3781 3674">
     <span class='ocr_line' id='line_1_81' title="bbox 2264 3597 3781 3674; baseline 0.003 -21"><span class='ocrx_word' id='word_1_599' title='bbox 2264 3597 2373 3653; x_wconf 85' lang='grc' dir='ltr'>κα’.</span> <span class='ocrx_word' id='word_1_600' title='bbox 2415 3598 2687 3671; x_wconf 80' lang='grc' dir='ltr'>Κήρινθος</span> <span class='ocrx_word' id='word_1_601' title='bbox 2729 3600 2787 3653; x_wconf 77' lang='grc' dir='ltr'>δὲ</span> <span class='ocrx_word' id='word_1_602' title='bbox 2828 3600 2894 3663; x_wconf 79' lang='grc'><strong>⁵³,</strong></span> <span class='ocrx_word' id='word_1_603' title='bbox 2933 3604 2963 3654; x_wconf 85' lang='grc' dir='ltr'>ὀ</span> <span class='ocrx_word' id='word_1_604' title='bbox 3005 3601 3064 3653; x_wconf 84' lang='grc' dir='ltr'>ὲν</span> <span class='ocrx_word' id='word_1_605' title='bbox 3113 3604 3178 3672; x_wconf 82' lang='grc' dir='ltr'>τῇ</span> <span class='ocrx_word' id='word_1_606' title='bbox 3218 3601 3478 3673; x_wconf 79' lang='grc' dir='ltr'>Αἰγύπτῳ</span> <span class='ocrx_word' id='word_1_607' title='bbox 3515 3603 3781 3674; x_wconf 69' lang='grc' dir='ltr'>ἀσκηθεὶς</span> 
     </span>
    </p>
   </div>
   <div class='ocr_carea' id='block_1_82' title="bbox 2194 3690 3778 3765">
    <p class='ocr_par' dir='ltr' id='par_1_82' title="bbox 2194 3690 3778 3765">
     <span class='ocr_line' id='line_1_82' title="bbox 2194 3690 3778 3765; baseline 0.004 -22"><span class='ocrx_word' id='word_1_608' title='bbox 2194 3690 2377 3758; x_wconf 80' lang='grc' dir='ltr'>αὐτὸς,</span> <span class='ocrx_word' id='word_1_609' title='bbox 2413 3692 2514 3763; x_wconf 89' lang='grc' dir='ltr'><strong>οὐχ</strong></span> <span class='ocrx_word' id='word_1_610' title='bbox 2541 3691 2646 3745; x_wconf 77' lang='grc' dir='ltr'><strong>ὑπὸ</strong></span> <span class='ocrx_word' id='word_1_611' title='bbox 2679 3692 2775 3745; x_wconf 85' lang='grc' dir='ltr'><strong>τοῦ</strong></span> <span class='ocrx_word' id='word_1_612' title='bbox 2811 3692 3030 3763; x_wconf 86' lang='grc' dir='ltr'>πρώτου</span> <span class='ocrx_word' id='word_1_613' title='bbox 3068 3693 3193 3747; x_wconf 90' lang='grc' dir='ltr'>θεοῦ</span> <span class='ocrx_word' id='word_1_614' title='bbox 3232 3695 3323 3748; x_wconf 85' lang='grc' dir='ltr'><strong>τὸν</strong></span> <span class='ocrx_word' id='word_1_615' title='bbox 3375 3696 3582 3764; x_wconf 81' lang='grc' dir='ltr'>κόσμον</span> <span class='ocrx_word' id='word_1_616' title='bbox 3615 3713 3778 3765; x_wconf 87' lang='grc' dir='ltr'>γεγο-</span> 
     </span>
    </p>
   </div>
   <div class='ocr_carea' id='block_1_83' title="bbox 2193 3781 3774 3859">
    <p class='ocr_par' dir='ltr' id='par_1_83' title="bbox 2193 3781 3774 3859">
     <span class='ocr_line' id='line_1_83' title="bbox 2193 3781 3774 3859; baseline 0.004 -24"><span class='ocrx_word' id='word_1_617' title='bbox 2193 3782 2346 3836; x_wconf 86' lang='grc' dir='ltr'>νέναι</span> <span class='ocrx_word' id='word_1_618' title='bbox 2378 3781 2669 3854; x_wconf 78' lang='grc' dir='ltr'>ἠθέλησεν,</span> <span class='ocrx_word' id='word_1_619' title='bbox 2700 3784 2815 3838; x_wconf 77' lang='grc' dir='ltr'>ἀλλ’</span> <span class='ocrx_word' id='word_1_620' title='bbox 2841 3785 2947 3839; x_wconf 81' lang='grc' dir='ltr'><strong>ὑπὸ</strong></span> <span class='ocrx_word' id='word_1_621' title='bbox 2974 3784 3257 3855; x_wconf 84' lang='grc' dir='ltr'>δυνάμεώς</span> <span class='ocrx_word' id='word_1_622' title='bbox 3280 3803 3424 3850; x_wconf 85' lang='grc' dir='ltr'>τινος</span> <span class='ocrx_word' id='word_1_623' title='bbox 3452 3788 3774 3859; x_wconf 81' lang='grc' dir='ltr'>ἁγγελικῆς,</span> 
     </span>
    </p>
   </div>
   <div class='ocr_carea' id='block_1_84' title="bbox 2194 3872 3781 3949">
    <p class='ocr_par' dir='ltr' id='par_1_84' title="bbox 2194 3872 3781 3949">
     <span class='ocr_line' id='line_1_84' title="bbox 2194 3872 3781 3949; baseline 0.004 -22"><span class='ocrx_word' id='word_1_624' title='bbox 2194 3872 2329 3927; x_wconf 84' lang='grc' dir='ltr'>πολὺ</span> <span class='ocrx_word' id='word_1_625' title='bbox 2371 3875 2788 3946; x_wconf 82' lang='grc' dir='ltr'>κεχωρισμένης</span> <span class='ocrx_word' id='word_1_626' title='bbox 2819 3876 2914 3929; x_wconf 69' lang='grc' dir='ltr'>καὶ</span> <span class='ocrx_word' id='word_1_627' title='bbox 2939 3875 3240 3946; x_wconf 79' lang='grc' dir='ltr'>διεστώσης</span> <span class='ocrx_word' id='word_1_628' title='bbox 3274 3878 3374 3948; x_wconf 78' lang='grc' dir='ltr'>τῆς</span> <span class='ocrx_word' id='word_1_629' title='bbox 3409 3879 3550 3949; x_wconf 82' lang='grc' dir='ltr'>ὑπὲρ</span> <span class='ocrx_word' id='word_1_630' title='bbox 3583 3879 3652 3933; x_wconf 80' lang='grc' dir='ltr'><strong>τά</strong></span> <span class='ocrx_word' id='word_1_631' title='bbox 3680 3881 3781 3934; x_wconf 83' lang='grc' dir='ltr'>ὅλα</span> 
     </span>
    </p>
   </div>
   <div class='ocr_carea' id='block_1_85' title="bbox 2194 3964 3777 4039">
    <p class='ocr_par' dir='ltr' id='par_1_85' title="bbox 2194 3964 3777 4039">
     <span class='ocr_line' id='line_1_85' title="bbox 2194 3964 3777 4039; baseline 0.004 -21"><span class='ocrx_word' id='word_1_632' title='bbox 2194 3964 2485 4029; x_wconf 77' lang='grc' dir='ltr'>αὑθεντέας</span> <span class='ocrx_word' id='word_1_633' title='bbox 2536 3967 2632 4020; x_wconf 74' lang='grc' dir='ltr'>καὶ</span> <span class='ocrx_word' id='word_1_634' title='bbox 2673 3966 2975 4037; x_wconf 73' lang='grc' dir='ltr'>ἀγνοούσης</span> <span class='ocrx_word' id='word_1_635' title='bbox 3022 3967 3032 4036; x_wconf 90' lang='lat'><em>|</em></span> <span class='ocrx_word' id='word_1_636' title='bbox 3071 3967 3164 4022; x_wconf 86' lang='grc' dir='ltr'><strong>τὸν</strong></span> <span class='ocrx_word' id='word_1_637' title='bbox 3215 3968 3357 4039; x_wconf 83' lang='grc' dir='ltr'>ὑπὲρ</span> <span class='ocrx_word' id='word_1_638' title='bbox 3406 3972 3584 4024; x_wconf 82' lang='grc' dir='ltr'>πάντα</span> <span class='ocrx_word' id='word_1_639' title='bbox 3630 3970 3777 4026; x_wconf 84' lang='grc' dir='ltr'>θεόν.</span> 
     </span>
    </p>
   </div>
   <div class='ocr_carea' id='block_1_86' title="bbox 2194 4052 3778 4133">
    <p class='ocr_par' dir='ltr' id='par_1_86' title="bbox 2194 4052 3778 4133">
     <span class='ocr_line' id='line_1_86' title="bbox 2194 4052 3778 4133; baseline 0.004 -26"><span class='ocrx_word' id='word_1_640' title='bbox 2194 4052 2300 4107; x_wconf 80' lang='grc' dir='ltr'>Τὸν</span> <span class='ocrx_word' id='word_1_641' title='bbox 2320 4055 2377 4107; x_wconf 76' lang='grc' dir='ltr'>δὲ</span> <span class='ocrx_word' id='word_1_642' title='bbox 2419 4054 2626 4128; x_wconf 81' lang='grc' dir='ltr'>Ἰησοῦν</span> <span class='ocrx_word' id='word_1_643' title='bbox 2651 4056 2800 4125; x_wconf 81' lang='grc' dir='ltr'>λέγει</span> <span class='ocrx_word' id='word_1_644' title='bbox 2833 4058 2908 4129; x_wconf 79' lang='grc' dir='ltr'>μὴ</span> <span class='ocrx_word' id='word_1_645' title='bbox 2940 4060 3005 4111; x_wconf 86' lang='grc' dir='ltr'>ὲκ</span> <span class='ocrx_word' id='word_1_646' title='bbox 3038 4059 3316 4129; x_wconf 82' lang='grc' dir='ltr'>Παρθένου</span> <span class='ocrx_word' id='word_1_647' title='bbox 3348 4061 3677 4133; x_wconf 83' lang='grc' dir='ltr'>γεγενῆσθαι</span> <span class='ocrx_word' id='word_1_648' title='bbox 3705 4061 3778 4128; x_wconf 74' lang='grc'><strong>⁸⁸,</strong></span> 
     </span>
    </p>
   </div>
   <div class='ocr_carea' id='block_1_87' title="bbox 2194 4146 3781 4224">
    <p class='ocr_par' dir='ltr' id='par_1_87' title="bbox 2194 4146 3781 4224">
     <span class='ocr_line' id='line_1_87' title="bbox 2194 4146 3781 4224; baseline 0.005 -26"><span class='ocrx_word' id='word_1_649' title='bbox 2194 4146 2479 4215; x_wconf 82' lang='grc' dir='ltr'>γεγονέναι</span> <span class='ocrx_word' id='word_1_650' title='bbox 2530 4147 2587 4201; x_wconf 81' lang='grc' dir='ltr'><strong>δὲ</strong></span> <span class='ocrx_word' id='word_1_651' title='bbox 2640 4149 2802 4203; x_wconf 74' lang='grc' dir='ltr'>αὐτὸν</span> <span class='ocrx_word' id='word_1_652' title='bbox 2853 4151 2914 4215; x_wconf 78' lang='grc' dir='ltr'><strong>ἐξ</strong></span> <span class='ocrx_word' id='word_1_653' title='bbox 2983 4150 3186 4222; x_wconf 79' lang='grc' dir='ltr'>Ἰωσὴφ</span> <span class='ocrx_word' id='word_1_654' title='bbox 3241 4154 3337 4206; x_wconf 75' lang='grc' dir='ltr'><strong>καὶ</strong></span> <span class='ocrx_word' id='word_1_655' title='bbox 3389 4153 3603 4224; x_wconf 71' lang='grc' dir='ltr'>Μαρίας</span> <span class='ocrx_word' id='word_1_656' title='bbox 3663 4155 3781 4207; x_wconf 71' lang='grc' dir='ltr'>υἱὸν</span> 
     </span>
    </p>
   </div>
   <div class='ocr_carea' id='block_1_88' title="bbox 2195 4240 3781 4317">
    <p class='ocr_par' dir='ltr' id='par_1_88' title="bbox 2195 4240 3781 4317">
     <span class='ocr_line' id='line_1_88' title="bbox 2195 4240 3781 4317; baseline 0.004 -25"><span class='ocrx_word' id='word_1_657' title='bbox 2195 4240 2393 4310; x_wconf 83' lang='grc' dir='ltr'>ὁμοίως</span> <span class='ocrx_word' id='word_1_658' title='bbox 2425 4241 2472 4273; x_wconf 77' lang='grc'><strong>⁸⁸</strong></span> <span class='ocrx_word' id='word_1_659' title='bbox 2497 4244 2611 4305; x_wconf 89' lang='grc' dir='ltr'>τοῖς</span> <span class='ocrx_word' id='word_1_660' title='bbox 2653 4241 2861 4307; x_wconf 81' lang='grc' dir='ltr'>λοιποῖς</span> <span class='ocrx_word' id='word_1_661' title='bbox 2897 4243 3208 4316; x_wconf 75' lang='grc' dir='ltr'>ἀνθρώποις</span> <span class='ocrx_word' id='word_1_662' title='bbox 3229 4285 3245 4311; x_wconf 95' lang='grc'><strong>,</strong></span> <span class='ocrx_word' id='word_1_663' title='bbox 3277 4247 3373 4299; x_wconf 76' lang='grc' dir='ltr'>καὶ</span> <span class='ocrx_word' id='word_1_664' title='bbox 3411 4246 3781 4317; x_wconf 81' lang='grc' dir='ltr'>διενηνοχέναι</span> 
     </span>
    </p>
   </div>
   <div class='ocr_carea' id='block_1_89' title="bbox 2196 4331 3784 4409">
    <p class='ocr_par' dir='ltr' id='par_1_89' title="bbox 2196 4331 3784 4409">
     <span class='ocr_line' id='line_1_89' title="bbox 2196 4331 3784 4409; baseline 0.006 -26"><span class='ocrx_word' id='word_1_665' title='bbox 2196 4332 2254 4385; x_wconf 83' lang='grc' dir='ltr'>ὲν</span> <span class='ocrx_word' id='word_1_666' title='bbox 2284 4331 2601 4407; x_wconf 82' lang='grc' dir='ltr'>δικαιοσύνῃ</span> <span class='ocrx_word' id='word_1_667' title='bbox 2624 4336 2719 4387; x_wconf 77' lang='grc' dir='ltr'><strong>καὶ</strong></span> <span class='ocrx_word' id='word_1_668' title='bbox 2748 4336 3074 4408; x_wconf 80' lang='grc' dir='ltr'>σωφροσύνῃ</span> <span class='ocrx_word' id='word_1_669' title='bbox 3102 4338 3196 4391; x_wconf 74' lang='grc' dir='ltr'><strong>καὶ</strong></span> <span class='ocrx_word' id='word_1_670' title='bbox 3230 4338 3445 4392; x_wconf 87' lang='grc' dir='ltr'>συνέσει</span> <span class='ocrx_word' id='word_1_671' title='bbox 3474 4340 3616 4409; x_wconf 84' lang='grc' dir='ltr'>ὑπὲρ</span> <span class='ocrx_word' id='word_1_672' title='bbox 3644 4340 3784 4393; x_wconf 85' lang='grc' dir='ltr'>πάν-</span> 
     </span>
    </p>
   </div>
   <div class='ocr_carea' id='block_1_90' title="bbox 2196 4426 3786 4503">
    <p class='ocr_par' dir='ltr' id='par_1_90' title="bbox 2196 4426 3786 4503">
     <span class='ocr_line' id='line_1_90' title="bbox 2196 4426 3786 4503; baseline 0.003 -25"><span class='ocrx_word' id='word_1_673' title='bbox 2196 4442 2293 4489; x_wconf 88' lang='grc' dir='ltr'><strong>τας</strong></span> <span class='ocrx_word' id='word_1_674' title='bbox 2327 4428 2454 4488; x_wconf 61' lang='lat' dir='ltr'><strong>tot);</strong></span> <span class='ocrx_word' id='word_1_675' title='bbox 2496 4426 2737 4492; x_wconf 88' lang='grc' dir='ltr'>λοιπούς.</span> <span class='ocrx_word' id='word_1_676' title='bbox 2779 4428 2888 4482; x_wconf 75' lang='grc' dir='ltr'>Καὶ</span> <span class='ocrx_word' id='word_1_677' title='bbox 2934 4431 3073 4501; x_wconf 84' lang='grc' dir='ltr'>μετὰ</span> <span class='ocrx_word' id='word_1_678' title='bbox 3115 4431 3176 4484; x_wconf 83' lang='grc' dir='ltr'>τὸ</span> <span class='ocrx_word' id='word_1_679' title='bbox 3219 4430 3507 4503; x_wconf 85' lang='grc' dir='ltr'>βάπτισμα</span> <span class='ocrx_word' id='word_1_680' title='bbox 3549 4432 3786 4502; x_wconf 80' lang='grc' dir='ltr'>κατελη-</span> 
     </span>
    </p>
   </div>
   <div class='ocr_carea' id='block_1_91' title="bbox 2196 4515 3784 4593">
    <p class='ocr_par' dir='ltr' id='par_1_91' title="bbox 2196 4515 3784 4593">
     <span class='ocr_line' id='line_1_91' title="bbox 2196 4515 3784 4593; baseline 0.006 -26"><span class='ocrx_word' id='word_1_681' title='bbox 2196 4515 2416 4572; x_wconf 85' lang='grc' dir='ltr'>λυθέναι</span> <span class='ocrx_word' id='word_1_682' title='bbox 2444 4522 2523 4580; x_wconf 83' lang='grc' dir='ltr'>εἰς</span> <span class='ocrx_word' id='word_1_683' title='bbox 2552 4520 2714 4574; x_wconf 81' lang='grc' dir='ltr'>αὐτὸν</span> <span class='ocrx_word' id='word_1_684' title='bbox 2754 4523 2818 4574; x_wconf 82' lang='grc' dir='ltr'><strong>ἐκ</strong></span> <span class='ocrx_word' id='word_1_685' title='bbox 2846 4522 2945 4591; x_wconf 79' lang='grc' dir='ltr'>τῆς</span> <span class='ocrx_word' id='word_1_686' title='bbox 2980 4523 3121 4593; x_wconf 81' lang='grc' dir='ltr'>ὑπὲρ</span> <span class='ocrx_word' id='word_1_687' title='bbox 3156 4523 3223 4576; x_wconf 82' lang='grc' dir='ltr'><strong>τά</strong></span> <span class='ocrx_word' id='word_1_688' title='bbox 3255 4524 3353 4576; x_wconf 79' lang='grc' dir='ltr'>ὅλα</span> <span class='ocrx_word' id='word_1_689' title='bbox 3382 4522 3667 4579; x_wconf 76' lang='grc' dir='ltr'>αὑθεντὶας</span> <span class='ocrx_word' id='word_1_690' title='bbox 3687 4524 3784 4577; x_wconf 75' lang='grc' dir='ltr'>τὸν</span> 
     </span>
    </p>
   </div>
   <div class='ocr_carea' id='block_1_92' title="bbox 517 4605 2100 4690">
    <p class='ocr_par' dir='ltr' id='par_1_92' title="bbox 517 4619 2093 4690">
     <span class='ocr_line' id='line_1_92' title="bbox 517 4619 2093 4690; baseline -0.002 -16"><span class='ocrx_word' id='word_1_691' title='bbox 517 4629 575 4674; x_wconf 87' lang='lat' dir='ltr'><strong>et</strong></span> <span class='ocrx_word' id='word_1_692' title='bbox 606 4632 719 4673; x_wconf 87' lang='lat' dir='ltr'><strong>tum</strong></span> <span class='ocrx_word' id='word_1_693' title='bbox 773 4620 1108 4672; x_wconf 80' lang='lat' dir='ltr'><strong>nuntiavisse</strong></span> <span class='ocrx_word' id='word_1_694' title='bbox 1143 4620 1474 4690; x_wconf 89' lang='lat' dir='ltr'><strong>inc0gnitum</strong></span> <span class='ocrx_word' id='word_1_695' title='bbox 1516 4631 1727 4688; x_wconf 89' lang='lat' dir='ltr'><strong>patrem</strong></span> <span class='ocrx_word' id='word_1_696' title='bbox 1769 4630 1824 4675; x_wconf 92' lang='lat' dir='ltr'><strong>et</strong></span> <span class='ocrx_word' id='word_1_697' title='bbox 1865 4619 2093 4673; x_wconf 88' lang='lat' dir='ltr'><strong>virtutes</strong></span> 
     </span>
    </p>
   </div>
   <div class='ocr_carea' id='block_1_93' title="bbox 2199 4605 3784 4690">
    <p class='ocr_par' dir='ltr' id='par_1_93' title="bbox 2199 4608 3784 4684">
     <span class='ocr_line' id='line_1_93' title="bbox 2199 4608 3784 4684; baseline 0.004 -25"><span class='ocrx_word' id='word_1_698' title='bbox 2199 4608 2434 4679; x_wconf 82' lang='grc' dir='ltr'>Χριστὸν</span> <span class='ocrx_word' id='word_1_699' title='bbox 2474 4610 2532 4662; x_wconf 82' lang='grc' dir='ltr'>ὲν</span> <span class='ocrx_word' id='word_1_700' title='bbox 2584 4609 2714 4663; x_wconf 79' lang='grc' dir='ltr'>εῖδει</span> <span class='ocrx_word' id='word_1_701' title='bbox 2747 4615 3113 4682; x_wconf 83' lang='grc' dir='ltr'>περιστερᾶς,</span> <span class='ocrx_word' id='word_1_702' title='bbox 3161 4612 3255 4666; x_wconf 74' lang='grc' dir='ltr'><strong>καὶ</strong></span> <span class='ocrx_word' id='word_1_703' title='bbox 3292 4613 3413 4666; x_wconf 88' lang='grc' dir='ltr'>τότε</span> <span class='ocrx_word' id='word_1_704' title='bbox 3450 4614 3497 4645; x_wconf 79' lang='grc'><strong>⁸⁸</strong></span> <span class='ocrx_word' id='word_1_705' title='bbox 3543 4612 3784 4684; x_wconf 76' lang='grc' dir='ltr'>κηρῦξαι</span> 
     </span>
    </p>
   </div>
   <div class='ocr_carea' id='block_1_94' title="bbox 517 4705 2095 4779">
    <p class='ocr_par' dir='ltr' id='par_1_94' title="bbox 517 4705 2095 4779">
     <span class='ocr_line' id='line_1_94' title="bbox 517 4705 2095 4779; baseline -0.003 -15"><span class='ocrx_word' id='word_1_706' title='bbox 517 4708 853 4779; x_wconf 80' lang='lat' dir='ltr'><strong>perfecisse,</strong></span> <span class='ocrx_word' id='word_1_707' title='bbox 899 4708 1001 4761; x_wconf 87' lang='lat' dir='ltr'><strong>sub</strong></span> <span class='ocrx_word' id='word_1_708' title='bbox 1064 4705 1225 4761; x_wconf 85' lang='lat' dir='ltr'><strong>ﬁnem</strong></span> <span class='ocrx_word' id='word_1_709' title='bbox 1295 4718 1475 4762; x_wconf 89' lang='lat' dir='ltr'><strong>autem</strong></span> <span class='ocrx_word' id='word_1_710' title='bbox 1532 4708 1800 4778; x_wconf 86' lang='lat' dir='ltr'><strong>passionis</strong></span> <span class='ocrx_word' id='word_1_711' title='bbox 1849 4707 2095 4761; x_wconf 75' lang='lat' dir='ltr'><strong>evolasse</strong></span> 
     </span>
    </p>
   </div>
   <div class='ocr_carea' id='block_1_95' title="bbox 516 4794 2094 4864">
    <p class='ocr_par' dir='ltr' id='par_1_95' title="bbox 516 4794 2094 4864">
     <span class='ocr_line' id='line_1_95' title="bbox 516 4794 2094 4864; baseline -0.001 -12"><span class='ocrx_word' id='word_1_712' title='bbox 516 4798 791 4862; x_wconf 72' lang='lat' dir='ltr'><strong>Christum</strong></span> <span class='ocrx_word' id='word_1_713' title='bbox 836 4811 865 4850; x_wconf 88' lang='lat' dir='ltr'><strong>a</strong></span> <span class='ocrx_word' id='word_1_714' title='bbox 905 4794 1070 4858; x_wconf 85' lang='lat' dir='ltr'><strong>Jesu;</strong></span> <span class='ocrx_word' id='word_1_715' title='bbox 1121 4809 1340 4864; x_wconf 88' lang='lat' dir='ltr'><strong>passum</strong></span> <span class='ocrx_word' id='word_1_716' title='bbox 1379 4808 1500 4849; x_wconf 84' lang='lat' dir='ltr'><strong>esse</strong></span> <span class='ocrx_word' id='word_1_717' title='bbox 1542 4794 1747 4862; x_wconf 81' lang='lat' dir='ltr'><strong>Jesum,</strong></span> <span class='ocrx_word' id='word_1_718' title='bbox 1816 4794 2094 4851; x_wconf 90' lang='lat' dir='ltr'><strong>Christum</strong></span> 
     </span>
    </p>
   </div>
   <div class='ocr_carea' id='block_1_96' title="bbox 520 4886 2095 4955">
    <p class='ocr_par' dir='ltr' id='par_1_96' title="bbox 520 4886 2095 4955">
     <span class='ocr_line' id='line_1_96' title="bbox 520 4886 2095 4955; baseline 0.001 -13"><span class='ocrx_word' id='word_1_719' title='bbox 520 4900 704 4943; x_wconf 85' lang='lat' dir='ltr'><strong>autem</strong></span> <span class='ocrx_word' id='word_1_720' title='bbox 731 4904 758 4941; x_wconf 90' lang='lat' dir='ltr'><strong>a</strong></span> <span class='ocrx_word' id='word_1_721' title='bbox 793 4887 1049 4955; x_wconf 86' lang='lat' dir='ltr'><strong>patiendo</strong></span> <span class='ocrx_word' id='word_1_722' title='bbox 1077 4886 1309 4943; x_wconf 87' lang='lat' dir='ltr'><strong>liberum</strong></span> <span class='ocrx_word' id='word_1_723' title='bbox 1335 4886 1627 4953; x_wconf 88' lang='lat' dir='ltr'><strong>mansisse,</strong></span> <span class='ocrx_word' id='word_1_724' title='bbox 1656 4903 1780 4943; x_wconf 91' lang='lat' dir='ltr'><strong>cum</strong></span> <span class='ocrx_word' id='word_1_725' title='bbox 1811 4886 2095 4951; x_wconf 78' lang='lat' dir='ltr'><strong>essetSpi-</strong></span> 
     </span>
    </p>
   </div>
   <div class='ocr_carea' id='block_1_97' title="bbox 517 4979 917 5035">
    <p class='ocr_par' dir='ltr' id='par_1_97' title="bbox 517 4979 917 5035">
     <span class='ocr_line' id='line_1_97' title="bbox 517 4979 917 5035; baseline -0.005 0"><span class='ocrx_word' id='word_1_726' title='bbox 517 4981 652 5035; x_wconf 85' lang='lat' dir='ltr'><strong>ritus</strong></span> <span class='ocrx_word' id='word_1_727' title='bbox 678 4979 917 5034; x_wconf 89' lang='lat' dir='ltr'><strong>Domini.</strong></span> 
     </span>
    </p>
   </div>
   <div class='ocr_carea' id='block_1_98' title="bbox 2197 4699 3784 4775">
    <p class='ocr_par' dir='ltr' id='par_1_98' title="bbox 2197 4699 3784 4775">
     <span class='ocr_line' id='line_1_98' title="bbox 2197 4699 3784 4775; baseline 0.004 -24"><span class='ocrx_word' id='word_1_728' title='bbox 2197 4699 2292 4753; x_wconf 83' lang='grc' dir='ltr'><strong>τὸν</strong></span> <span class='ocrx_word' id='word_1_729' title='bbox 2341 4700 2619 4768; x_wconf 82' lang='grc' dir='ltr'>ἄγνωστον</span> <span class='ocrx_word' id='word_1_730' title='bbox 2662 4703 2876 4772; x_wconf 84' lang='grc' dir='ltr'>πατέρα</span> <span class='ocrx_word' id='word_1_731' title='bbox 2919 4705 3015 4758; x_wconf 77' lang='grc' dir='ltr'>καὶ</span> <span class='ocrx_word' id='word_1_732' title='bbox 3039 4705 3081 4736; x_wconf 87' lang='grc'><strong>⁶⁷</strong></span> <span class='ocrx_word' id='word_1_733' title='bbox 3129 4704 3387 4775; x_wconf 84' lang='grc' dir='ltr'>δυνάμεις</span> <span class='ocrx_word' id='word_1_734' title='bbox 3432 4705 3784 4771; x_wconf 81' lang='grc' dir='ltr'>ἐπιτελέσαι,</span> 
     </span>
    </p>
   </div>
   <div class='ocr_carea' id='block_1_99' title="bbox 2199 4791 3787 4869">
    <p class='ocr_par' dir='ltr' id='par_1_99' title="bbox 2199 4791 3787 4869">
     <span class='ocr_line' id='line_1_99' title="bbox 2199 4791 3787 4869; baseline 0.004 -25"><span class='ocrx_word' id='word_1_735' title='bbox 2199 4791 2336 4863; x_wconf 79' lang='grc' dir='ltr'>πρὸς</span> <span class='ocrx_word' id='word_1_736' title='bbox 2366 4792 2423 4846; x_wconf 82' lang='grc' dir='ltr'>δὲ</span> <span class='ocrx_word' id='word_1_737' title='bbox 2446 4792 2526 4862; x_wconf 83' lang='grc' dir='ltr'>τῷ</span> <span class='ocrx_word' id='word_1_738' title='bbox 2554 4794 2699 4848; x_wconf 89' lang='grc' dir='ltr'>τέλει</span> <span class='ocrx_word' id='word_1_739' title='bbox 2722 4794 2816 4848; x_wconf 86' lang='grc' dir='ltr'><strong>τοῦ</strong></span> <span class='ocrx_word' id='word_1_740' title='bbox 2841 4796 3048 4860; x_wconf 81' lang='grc' dir='ltr'>πάθους</span> <span class='ocrx_word' id='word_1_741' title='bbox 3077 4798 3393 4869; x_wconf 71' lang='grc' dir='ltr'>ἀποπτῆναι</span> <span class='ocrx_word' id='word_1_742' title='bbox 3426 4798 3516 4852; x_wconf 78' lang='grc' dir='ltr'><strong>τὸν</strong></span> <span class='ocrx_word' id='word_1_743' title='bbox 3544 4798 3787 4868; x_wconf 73' lang='grc' dir='ltr'>Χριστὸν</span> 
     </span>
    </p>
   </div>
   <div class='ocr_carea' id='block_1_100' title="bbox 2200 4883 3785 4959">
    <p class='ocr_par' dir='ltr' id='par_1_100' title="bbox 2200 4883 3785 4959">
     <span class='ocr_line' id='line_1_100' title="bbox 2200 4883 3785 4959; baseline 0.003 -22"><span class='ocrx_word' id='word_1_744' title='bbox 2200 4884 2309 4937; x_wconf 83' lang='grc' dir='ltr'><strong>άπὸ</strong></span> <span class='ocrx_word' id='word_1_745' title='bbox 2340 4883 2435 4937; x_wconf 87' lang='grc' dir='ltr'><strong>τοῦ</strong></span> <span class='ocrx_word' id='word_1_746' title='bbox 2483 4884 2660 4956; x_wconf 89' lang='grc' dir='ltr'>Ἰησοῦ</span> <span class='ocrx_word' id='word_1_747' title='bbox 2686 4887 2751 4918; x_wconf 81' lang='grc'><strong>⁸⁸·</strong></span> <span class='ocrx_word' id='word_1_748' title='bbox 2784 4887 3108 4942; x_wconf 86' lang='grc' dir='ltr'>πεπονθέναι</span> <span class='ocrx_word' id='word_1_749' title='bbox 3149 4889 3240 4943; x_wconf 81' lang='grc' dir='ltr'><strong>τὸν</strong></span> <span class='ocrx_word' id='word_1_750' title='bbox 3301 4889 3532 4959; x_wconf 80' lang='grc' dir='ltr'>Ἰησοῦν,</span> <span class='ocrx_word' id='word_1_751' title='bbox 3579 4890 3673 4943; x_wconf 76' lang='grc' dir='ltr'><strong>τὸν</strong></span> <span class='ocrx_word' id='word_1_752' title='bbox 3722 4889 3785 4942; x_wconf 72' lang='grc' dir='ltr'>δὲ</span> 
     </span>
    </p>
   </div>
   <div class='ocr_carea' id='block_1_101' title="bbox 2202 4975 3788 5053">
    <p class='ocr_par' dir='ltr' id='par_1_101' title="bbox 2202 4975 3788 5053">
     <span class='ocr_line' id='line_1_101' title="bbox 2202 4975 3788 5053; baseline 0.004 -26"><span class='ocrx_word' id='word_1_753' title='bbox 2202 4975 2442 5047; x_wconf 86' lang='grc' dir='ltr'>Χριστὸν</span> <span class='ocrx_word' id='word_1_754' title='bbox 2475 4976 2663 5047; x_wconf 80' lang='grc' dir='ltr'>ἀπαθῆ</span> <span class='ocrx_word' id='word_1_755' title='bbox 2692 4979 3085 5050; x_wconf 78' lang='grc' dir='ltr'>μεμενηκέναι,</span> <span class='ocrx_word' id='word_1_756' title='bbox 3116 4980 3346 5051; x_wconf 84' lang='grc' dir='ltr'>Πνεῦμα</span> <span class='ocrx_word' id='word_1_757' title='bbox 3374 4982 3579 5053; x_wconf 75' lang='grc' dir='ltr'>Κυρίου</span> <span class='ocrx_word' id='word_1_758' title='bbox 3612 4980 3788 5051; x_wconf 76' lang='grc' dir='ltr'>ὑπάρο</span> 
     </span>
    </p>
   </div>
   <div class='ocr_carea' id='block_1_102' title="bbox 2196 5083 2380 5136">
    <p class='ocr_par' dir='ltr' id='par_1_102' title="bbox 2196 5083 2380 5136">
     <span class='ocr_line' id='line_1_102' title="bbox 2196 5083 2380 5136; baseline 0.011 -17"><span class='ocrx_word' id='word_1_759' title='bbox 2196 5083 2380 5136; x_wconf 86' lang='grc' dir='ltr'>χοντα.</span> 
     </span>
    </p>
   </div>
   <div class='ocr_carea' id='block_1_103' title="bbox 1823 5220 2518 5284">
    <p class='ocr_par' dir='ltr' id='par_1_103' title="bbox 1823 5220 2518 5284">
     <span class='ocr_line' id='line_1_103' title="bbox 1823 5220 2518 5284; baseline 0.016 -11"><span class='ocrx_word' id='word_1_760' title='bbox 1823 5220 2057 5278; x_wconf 67' lang='lat' dir='ltr'><strong>VARIE</strong></span> <span class='ocrx_word' id='word_1_761' title='bbox 2110 5224 2518 5284; x_wconf 82' lang='lat' dir='ltr'><strong>LECTIONES.</strong></span> 
     </span>
    </p>
   </div>
   <div class='ocr_carea' id='block_1_104' title="bbox 588 5354 3790 5436">
    <p class='ocr_par' dir='ltr' id='par_1_104' title="bbox 588 5354 3790 5436">
     <span class='ocr_line' id='line_1_104' title="bbox 588 5354 3790 5436; baseline 0.001 -26"><span class='ocrx_word' id='word_1_762' title='bbox 781 5357 1005 5436; x_wconf 40' lang='lat' dir='ltr'><strong>“Matth.</strong></span> <span class='ocrx_word' id='word_1_763' title='bbox 1027 5374 1155 5436; x_wconf 81' lang='lat' dir='ltr'><strong>__vtt,</strong></span> <span class='ocrx_word' id='word_1_764' title='bbox 1194 5357 1281 5436; x_wconf 54' lang='lat'><strong>{8.</strong></span> <span class='ocrx_word' id='word_1_765' title='bbox 1319 5356 1657 5436; x_wconf 52' lang='grc' dir='ltr'>Οὐηδύναται</span> <span class='ocrx_word' id='word_1_766' title='bbox 1691 5354 1905 5426; x_wconf 83' lang='grc' dir='ltr'>δένδρον</span> <span class='ocrx_word' id='word_1_767' title='bbox 1934 5357 2158 5436; x_wconf 43' lang='lat' dir='ltr'><strong>emes»:</strong></span> <span class='ocrx_word' id='word_1_768' title='bbox 2195 5363 2442 5436; x_wconf 54' lang='grc' dir='ltr'>καρποὺς</span> <span class='ocrx_word' id='word_1_769' title='bbox 2491 5365 2775 5436; x_wconf 71' lang='grc' dir='ltr'>πονηροὺς</span> <span class='ocrx_word' id='word_1_770' title='bbox 2821 5367 3006 5418; x_wconf 77' lang='grc' dir='ltr'>ποιεῖν</span> <span class='ocrx_word' id='word_1_771' title='bbox 3048 5382 3102 5436; x_wconf 77' lang='grc' dir='ltr'><strong>κ.</strong></span> <span class='ocrx_word' id='word_1_772' title='bbox 3138 5380 3190 5418; x_wconf 88' lang='grc' dir='ltr'><strong>τ.</strong></span> <span class='ocrx_word' id='word_1_773' title='bbox 3224 5365 3275 5419; x_wconf 86' lang='grc' dir='ltr'><strong>λ.</strong></span> <span class='ocrx_word' id='word_1_774' title='bbox 3350 5364 3396 5397; x_wconf 85' lang='grc'><strong>⁸³</strong></span> <span class='ocrx_word' id='word_1_775' title='bbox 3425 5365 3511 5436; x_wconf 61' lang='grc' dir='ltr'><strong>δν.</strong></span> <span class='ocrx_word' id='word_1_776' title='bbox 3555 5362 3615 5436; x_wconf 65' lang='grc' dir='ltr'>ὃν</span> <span class='ocrx_word' id='word_1_777' title='bbox 3657 5360 3790 5436; x_wconf 62' lang='grc' dir='ltr'>τιξνῖ</span> 
     </span>
    </p>
   </div>
   <div class='ocr_carea' id='block_1_105' title="bbox 516 5427 3784 5505">
    <p class='ocr_par' dir='ltr' id='par_1_105' title="bbox 516 5427 3784 5505">
     <span class='ocr_line' id='line_1_105' title="bbox 516 5427 3784 5505; baseline -0.003 -5"><span class='ocrx_word' id='word_1_778' title='bbox 516 5428 744 5505; x_wconf 61' lang='grc' dir='ltr'>ἓᾲλλάο</span> <span class='ocrx_word' id='word_1_779' title='bbox 769 5428 885 5505; x_wconf 66' lang='lat' dir='ltr'><strong>em‘</strong></span> <span class='ocrx_word' id='word_1_780' title='bbox 911 5428 984 5505; x_wconf 66' lang='lat' dir='ltr'><strong>il?</strong></span> <span class='ocrx_word' id='word_1_781' title='bbox 1025 5428 1314 5505; x_wconf 57' lang='lat' dir='ltr'><strong>Sauppiys.</strong></span> <span class='ocrx_word' id='word_1_782' title='bbox 1390 5427 1438 5505; x_wconf 75' lang='lat'><strong>&#39;_‘</strong></span> <span class='ocrx_word' id='word_1_783' title='bbox 1480 5427 1762 5505; x_wconf 52' lang='grc' dir='ltr'>προεξάγει.</span> <span class='ocrx_word' id='word_1_784' title='bbox 1801 5429 2098 5505; x_wconf 68' lang='grc' dir='ltr'>εεροσᾲγων</span> <span class='ocrx_word' id='word_1_785' title='bbox 2121 5430 2182 5505; x_wconf 70' lang='lat' dir='ltr'><strong>c,</strong></span> <span class='ocrx_word' id='word_1_786' title='bbox 2260 5427 2309 5463; x_wconf 72' lang='grc' dir='ltr'>η</span> <span class='ocrx_word' id='word_1_787' title='bbox 2355 5427 2709 5505; x_wconf 63' lang='grc' dir='ltr'>’ᾼπελλῆςῗ-</span> <span class='ocrx_word' id='word_1_788' title='bbox 2727 5427 2986 5504; x_wconf 83' lang='grc' dir='ltr'>Χριστόν.</span> <span class='ocrx_word' id='word_1_789' title='bbox 3022 5434 3103 5492; x_wconf 84' lang='lat' dir='ltr'><strong>cr.</strong></span> <span class='ocrx_word' id='word_1_790' title='bbox 3141 5450 3299 5503; x_wconf 80' lang='lat' dir='ltr'><strong>supra</strong></span> <span class='ocrx_word' id='word_1_791' title='bbox 3324 5451 3377 5505; x_wconf 86' lang='lat' dir='ltr'><strong>p.</strong></span> <span class='ocrx_word' id='word_1_792' title='bbox 3418 5434 3544 5505; x_wconf 76' lang='lat' dir='ltr'><strong>tto,</strong></span> <span class='ocrx_word' id='word_1_793' title='bbox 3584 5430 3784 5489; x_wconf 77' lang='lat'><strong>5—28.</strong></span> 
     </span>
    </p>
   </div>
   <div class='ocr_carea' id='block_1_106' title="bbox 514 5494 3722 5576">
    <p class='ocr_par' dir='ltr' id='par_1_106' title="bbox 514 5494 3722 5576">
     <span class='ocr_line' id='line_1_106' title="bbox 514 5494 3722 5576; baseline 0.001 -24"><span class='ocrx_word' id='word_1_794' title='bbox 514 5499 561 5576; x_wconf 52' lang='grc' dir='ltr'><em>Ἴ</em></span> <span class='ocrx_word' id='word_1_795' title='bbox 593 5500 691 5576; x_wconf 57' lang='grc' dir='ltr'>ινα</span> <span class='ocrx_word' id='word_1_796' title='bbox 717 5498 914 5576; x_wconf 69' lang='grc' dir='ltr'>φάσκει</span> <span class='ocrx_word' id='word_1_797' title='bbox 934 5494 1189 5576; x_wconf 52' lang='grc' dir='ltr'>’ἁγαθόνῖ</span> <span class='ocrx_word' id='word_1_798' title='bbox 1218 5499 1315 5552; x_wconf 75' lang='grc' dir='ltr'>ἕνα</span> <span class='ocrx_word' id='word_1_799' title='bbox 1345 5494 1571 5576; x_wconf 67' lang='grc' dir='ltr'>φάσκων</span> <span class='ocrx_word' id='word_1_800' title='bbox 1598 5496 1660 5555; x_wconf 89' lang='lat' dir='ltr'><strong>C.</strong></span> <span class='ocrx_word' id='word_1_801' title='bbox 1692 5497 1764 5576; x_wconf 80' lang='lat' dir='ltr'><strong>M_,</strong></span> <span class='ocrx_word' id='word_1_802' title='bbox 1801 5494 1898 5549; x_wconf 72' lang='grc' dir='ltr'><strong>ἕνα</strong></span> <span class='ocrx_word' id='word_1_803' title='bbox 1930 5494 2069 5553; x_wconf 82' lang='grc' dir='ltr'>εἶναι</span> <span class='ocrx_word' id='word_1_804' title='bbox 2094 5502 2334 5576; x_wconf 62' lang='grc' dir='ltr'>φάσκων</span> <span class='ocrx_word' id='word_1_805' title='bbox 2363 5494 2691 5576; x_wconf 58' lang='lat' dir='ltr'><strong>Roeper&#39;us._</strong></span> <span class='ocrx_word' id='word_1_806' title='bbox 2742 5494 2790 5537; x_wconf 67' lang='grc'><strong>⁸⁵</strong></span> <span class='ocrx_word' id='word_1_807' title='bbox 2815 5506 3080 5576; x_wconf 80' lang='grc' dir='ltr'>Προσέχει</span> <span class='ocrx_word' id='word_1_808' title='bbox 3104 5531 3174 5545; x_wconf 83' lang='lat'><strong>-—</strong></span> <span class='ocrx_word' id='word_1_809' title='bbox 3205 5494 3294 5574; x_wconf 69' lang='grc' dir='ltr'><strong>ἦν.</strong></span> <span class='ocrx_word' id='word_1_810' title='bbox 3326 5494 3630 5576; x_wconf 53' lang='grc' dir='ltr'>’Προσέλειν</span> <span class='ocrx_word' id='word_1_811' title='bbox 3651 5529 3722 5541; x_wconf 90' lang='grc'><strong>--</strong></span> 
     </span>
    </p>
   </div>
   <div class='ocr_carea' id='block_1_107' title="bbox 515 5568 1417 5641">
    <p class='ocr_par' dir='ltr' id='par_1_107' title="bbox 515 5568 1417 5641">
     <span class='ocr_line' id='line_1_107' title="bbox 515 5568 1417 5641; baseline -0.002 -17"><span class='ocrx_word' id='word_1_812' title='bbox 515 5568 578 5633; x_wconf 86' lang='lat' dir='ltr'><strong>C,</strong></span> <span class='ocrx_word' id='word_1_813' title='bbox 625 5568 921 5641; x_wconf 85' lang='grc' dir='ltr'>Προσέχειν</span> <span class='ocrx_word' id='word_1_814' title='bbox 952 5599 1026 5641; x_wconf 64' lang='lat'><strong>:-</strong></span> <span class='ocrx_word' id='word_1_815' title='bbox 1055 5570 1301 5641; x_wconf 34' lang='grc' dir='ltr'>ἢνηειιει).</span> <span class='ocrx_word' id='word_1_816' title='bbox 1327 5568 1417 5636; x_wconf 67' lang='grc' dir='ltr'>Μ.</span> 
     </span>
    </p>
   </div>
   <div class='ocr_carea' id='block_1_108' title="bbox 520 5638 1001 5693">
    <p class='ocr_par' dir='ltr' id='par_1_108' title="bbox 520 5638 1001 5693">
     <span class='ocr_line' id='line_1_108' title="bbox 520 5638 1001 5693; baseline -0.004 0"><span class='ocrx_word' id='word_1_817' title='bbox 520 5641 563 5671; x_wconf 71' lang='grc' dir='ltr'>θ’</span> <span class='ocrx_word' id='word_1_818' title='bbox 607 5638 911 5693; x_wconf 76' lang='grc' dir='ltr'>ἀπόλυσθαι</span> <span class='ocrx_word' id='word_1_819' title='bbox 939 5638 1001 5693; x_wconf 91' lang='lat' dir='ltr'><strong>C.</strong></span> 
     </span>
    </p>
   </div>
   <div class='ocr_carea' id='block_1_109' title="bbox 518 5708 843 5774">
    <p class='ocr_par' dir='ltr' id='par_1_109' title="bbox 518 5708 843 5774">
     <span class='ocr_line' id='line_1_109' title="bbox 518 5708 843 5774; baseline 0.006 -15"><span class='ocrx_word' id='word_1_820' title='bbox 518 5722 553 5774; x_wconf 88' lang='lat' dir='ltr'><strong>p</strong></span> <span class='ocrx_word' id='word_1_821' title='bbox 600 5708 727 5771; x_wconf 74' lang='grc'>404,</span> <span class='ocrx_word' id='word_1_822' title='bbox 756 5709 843 5763; x_wconf 80' lang='grc'><strong>44.</strong></span> 
     </span>
    </p>
   </div>
   <div class='ocr_carea' id='block_1_110' title="bbox 519 5776 1049 5844">
    <p class='ocr_par' dir='ltr' id='par_1_110' title="bbox 519 5776 1049 5844">
     <span class='ocr_line' id='line_1_110' title="bbox 519 5776 1049 5844; baseline 0.002 -14"><span class='ocrx_word' id='word_1_823' title='bbox 519 5790 684 5844; x_wconf 82' lang='lat' dir='ltr'><strong>supra</strong></span> <span class='ocrx_word' id='word_1_824' title='bbox 712 5793 763 5843; x_wconf 89' lang='lat' dir='ltr'><strong>p.</strong></span> <span class='ocrx_word' id='word_1_825' title='bbox 805 5777 931 5844; x_wconf 78' lang='grc'>404,</span> <span class='ocrx_word' id='word_1_826' title='bbox 959 5776 1049 5831; x_wconf 86' lang='grc'>48.</span> 
     </span>
    </p>
   </div>
   <div class='ocr_carea' id='block_1_111' title="bbox 1510 5567 2301 5641">
    <p class='ocr_par' dir='ltr' id='par_1_111' title="bbox 1510 5567 2301 5641">
     <span class='ocr_line' id='line_1_111' title="bbox 1510 5567 2301 5641; baseline 0.001 -3"><span class='ocrx_word' id='word_1_827' title='bbox 1510 5568 1555 5599; x_wconf 78' lang='grc'><strong>⁸⁸</strong></span> <span class='ocrx_word' id='word_1_828' title='bbox 1585 5567 1885 5641; x_wconf 48' lang='lat' dir='ltr'><strong>“statim:</strong></span> <span class='ocrx_word' id='word_1_829' title='bbox 1930 5567 2218 5641; x_wconf 59' lang='grc' dir='ltr'>προφήτην</span> <span class='ocrx_word' id='word_1_830' title='bbox 2241 5570 2301 5627; x_wconf 72' lang='grc' dir='ltr'>Ο.</span> 
     </span>
    </p>
   </div>
   <div class='ocr_carea' id='block_1_112' title="bbox 1111 5636 2166 5706">
    <p class='ocr_par' dir='ltr' id='par_1_112' title="bbox 1111 5636 2166 5706">
     <span class='ocr_line' id='line_1_112' title="bbox 1111 5636 2166 5706; baseline 0 -13"><span class='ocrx_word' id='word_1_831' title='bbox 1111 5639 1156 5670; x_wconf 88' lang='grc'><strong>⁶³</strong></span> <span class='ocrx_word' id='word_1_832' title='bbox 1192 5636 1274 5693; x_wconf 72' lang='lat' dir='ltr'><strong>Cf.</strong></span> <span class='ocrx_word' id='word_1_833' title='bbox 1344 5654 1504 5705; x_wconf 82' lang='lat' dir='ltr'><strong>supra</strong></span> <span class='ocrx_word' id='word_1_834' title='bbox 1541 5636 1782 5706; x_wconf 49' lang='grc' dir='ltr'>ξρ.⁷484,</span> <span class='ocrx_word' id='word_1_835' title='bbox 1828 5636 2018 5694; x_wconf 69' lang='grc'><strong>59-51.</strong></span> <span class='ocrx_word' id='word_1_836' title='bbox 2053 5636 2063 5640; x_wconf 78' lang='grc'><em>’</em></span> <span class='ocrx_word' id='word_1_837' title='bbox 2102 5636 2166 5673; x_wconf 75' lang='grc'><strong>’⁸³</strong></span> 
     </span>
    </p>
   </div>
   <div class='ocr_carea' id='block_1_113' title="bbox 964 5708 2594 5782">
    <p class='ocr_par' dir='ltr' id='par_1_113' title="bbox 964 5708 2594 5782">
     <span class='ocr_line' id='line_1_113' title="bbox 964 5708 2594 5782; baseline 0.004 -21"><span class='ocrx_word' id='word_1_838' title='bbox 964 5710 1021 5782; x_wconf 34' lang='grc' dir='ltr'><strong>ξ’.</strong></span> <span class='ocrx_word' id='word_1_839' title='bbox 1037 5709 1187 5782; x_wconf 68' lang='grc' dir='ltr'><strong>τότε.⁸</strong></span> <span class='ocrx_word' id='word_1_840' title='bbox 1227 5708 1416 5782; x_wconf 60' lang='grc' dir='ltr'>τοῦτον</span> <span class='ocrx_word' id='word_1_841' title='bbox 1435 5709 1460 5761; x_wconf 89' lang='lat'><strong>?</strong></span> <span class='ocrx_word' id='word_1_842' title='bbox 1491 5708 1756 5782; x_wconf 60' lang='lat' dir='ltr'><strong>Sauppius</strong></span> <span class='ocrx_word' id='word_1_843' title='bbox 1780 5713 1930 5782; x_wconf 32' lang='lat' dir='ltr'><strong>;‘__sed</strong></span> <span class='ocrx_word' id='word_1_844' title='bbox 1954 5712 2048 5782; x_wconf 11' lang='grc' dir='ltr'>ξεί.</span> <span class='ocrx_word' id='word_1_845' title='bbox 2084 5708 2243 5782; x_wconf 78' lang='lat' dir='ltr'><strong>supra</strong></span> <span class='ocrx_word' id='word_1_846' title='bbox 2272 5708 2322 5778; x_wconf 61' lang='grc' dir='ltr'><strong>[ὦ.</strong></span> <span class='ocrx_word' id='word_1_847' title='bbox 2352 5708 2479 5775; x_wconf 83' lang='grc'>484,</span> <span class='ocrx_word' id='word_1_848' title='bbox 2506 5714 2594 5768; x_wconf 88' lang='grc'>47.</span> 
     </span>
    </p>
   </div>
   <div class='ocr_carea' id='block_1_114' title="bbox 2429 5571 2553 5602">
    <p class='ocr_par' dir='ltr' id='par_1_114' title="bbox 2429 5571 2553 5602">
     <span class='ocr_line' id='line_1_114' title="bbox 2429 5571 2553 5602; baseline 0 0"><span class='ocrx_word' id='word_1_849' title='bbox 2429 5571 2494 5602; x_wconf 42' lang='grc' dir='ltr'><strong>σοί</strong></span> <span class='ocrx_word' id='word_1_850' title='bbox 2513 5572 2553 5602; x_wconf 81' lang='lat' dir='ltr'><strong>l‘</strong></span> 
     </span>
    </p>
   </div>
   <div class='ocr_carea' id='block_1_115' title="bbox 2513 5574 3787 5716">
    <p class='ocr_par' dir='ltr' id='par_1_115' title="bbox 2513 5574 3787 5716">
     <span class='ocr_line' id='line_1_115' title="bbox 2513 5574 3787 5645; baseline 0 -18"><span class='ocrx_word' id='word_1_851' title='bbox 2513 5574 2597 5629; x_wconf 78' lang='lat' dir='ltr'><strong>Cf.</strong></span> <span class='ocrx_word' id='word_1_852' title='bbox 2645 5574 2837 5629; x_wconf 84' lang='lat' dir='ltr'><strong>Matth.</strong></span> <span class='ocrx_word' id='word_1_853' title='bbox 2868 5574 2939 5637; x_wconf 14' lang='lat' dir='ltr'><strong>iv,</strong></span> <span class='ocrx_word' id='word_1_854' title='bbox 2998 5574 3086 5631; x_wconf 64' lang='lat' dir='ltr'><strong>t7.</strong></span> <span class='ocrx_word' id='word_1_855' title='bbox 3204 5577 3247 5608; x_wconf 78' lang='lat'>“</span> <span class='ocrx_word' id='word_1_856' title='bbox 3276 5576 3523 5645; x_wconf 70' lang='lat' dir='ltr'><strong>{adpxot;.</strong></span> <span class='ocrx_word' id='word_1_857' title='bbox 3561 5574 3787 5640; x_wconf 71' lang='grc' dir='ltr'>σάρκαῖ</span> 
     </span>
     <span class='ocr_line' id='line_1_116' title="bbox 2513 5642 3787 5716; baseline -0.002 -17"><span class='ocrx_word' id='word_1_858' title='bbox 2513 5645 2629 5716; x_wconf 67' lang='grc' dir='ltr'>ιο.</span> <span class='ocrx_word' id='word_1_859' title='bbox 2723 5646 2769 5677; x_wconf 78' lang='grc'>⁸⁸</span> <span class='ocrx_word' id='word_1_860' title='bbox 2803 5646 3024 5716; x_wconf 84' lang='grc' dir='ltr'>ὁμοίως.</span> <span class='ocrx_word' id='word_1_861' title='bbox 3072 5646 3257 5716; x_wconf 82' lang='grc' dir='ltr'>ὅμοιον</span> <span class='ocrx_word' id='word_1_862' title='bbox 3295 5646 3359 5707; x_wconf 86' lang='lat' dir='ltr'><strong>C,</strong></span> <span class='ocrx_word' id='word_1_863' title='bbox 3387 5644 3456 5697; x_wconf 83' lang='lat' dir='ltr'><strong>M.</strong></span> <span class='ocrx_word' id='word_1_864' title='bbox 3488 5642 3575 5698; x_wconf 84' lang='lat' dir='ltr'><strong>Cl&#39;.</strong></span> <span class='ocrx_word' id='word_1_865' title='bbox 3621 5656 3787 5716; x_wconf 74' lang='lat' dir='ltr'><strong>supra</strong></span> 
     </span>
    </p>
   </div>
   <div class='ocr_carea' id='block_1_116' title="bbox 2690 5715 3787 5784">
    <p class='ocr_par' dir='ltr' id='par_1_116' title="bbox 2690 5715 3787 5784">
     <span class='ocr_line' id='line_1_117' title="bbox 2690 5715 3787 5784; baseline 0.001 -16"><span class='ocrx_word' id='word_1_866' title='bbox 2690 5716 2733 5748; x_wconf 80' lang='grc'>⁸⁷</span> <span class='ocrx_word' id='word_1_867' title='bbox 2768 5715 2880 5769; x_wconf 85' lang='grc' dir='ltr'>καί.</span> <span class='ocrx_word' id='word_1_868' title='bbox 2911 5718 3007 5769; x_wconf 74' lang='grc' dir='ltr'>καὶ</span> <span class='ocrx_word' id='word_1_869' title='bbox 3050 5716 3189 5778; x_wconf 77' lang='grc' dir='ltr'>τάςῖ</span> <span class='ocrx_word' id='word_1_870' title='bbox 3220 5715 3521 5784; x_wconf 87' lang='lat' dir='ltr'><strong>Sauppius;</strong></span> <span class='ocrx_word' id='word_1_871' title='bbox 3564 5715 3657 5765; x_wconf 82' lang='lat' dir='ltr'><strong>sed</strong></span> <span class='ocrx_word' id='word_1_872' title='bbox 3711 5716 3787 5768; x_wconf 75' lang='lat' dir='ltr'><strong>cf.</strong></span> 
     </span>
    </p>
   </div>
   <div class='ocr_carea' id='block_1_117' title="bbox 2209 5573 3783 5711">
    <p class='ocr_par' dir='ltr' id='par_1_117' title="bbox 2209 5573 3783 5711">
     <span class='ocr_line' id='line_1_118' title="bbox 2209 5573 3783 5645; baseline 0 -18"><span class='ocrx_word' id='word_1_873' title='bbox 2209 5573 2301 5627; x_wconf 72' lang='lat' dir='ltr'><strong>tC.</strong></span> <span class='ocrx_word' id='word_1_874' title='bbox 2429 5573 2474 5602; x_wconf 85' lang='lat'>“</span> <span class='ocrx_word' id='word_1_875' title='bbox 2513 5573 2597 5629; x_wconf 77' lang='lat' dir='ltr'><strong>Cf.</strong></span> <span class='ocrx_word' id='word_1_876' title='bbox 2645 5574 2837 5629; x_wconf 84' lang='lat' dir='ltr'><strong>Matth.</strong></span> <span class='ocrx_word' id='word_1_877' title='bbox 2868 5573 2939 5637; x_wconf 61' lang='lat' dir='ltr'><strong>&#39;v,</strong></span> <span class='ocrx_word' id='word_1_878' title='bbox 2998 5573 3086 5631; x_wconf 64' lang='lat' dir='ltr'><strong>I7.</strong></span> <span class='ocrx_word' id='word_1_879' title='bbox 3204 5573 3247 5608; x_wconf 72' lang='grc' dir='ltr'><strong>σί</strong></span> <span class='ocrx_word' id='word_1_880' title='bbox 3276 5573 3523 5645; x_wconf 71' lang='grc' dir='ltr'>ξσάρκας.</span> <span class='ocrx_word' id='word_1_881' title='bbox 3561 5573 3783 5640; x_wconf 69' lang='grc' dir='ltr'>σάρκαῖ</span> 
     </span>
     <span class='ocr_line' id='line_1_119' title="bbox 2209 5641 3783 5711; baseline -0.001 -14"><span class='ocrx_word' id='word_1_882' title='bbox 2209 5641 2538 5711; x_wconf 82' lang='grc' dir='ltr'>γεγενῆσθαι</span> <span class='ocrx_word' id='word_1_883' title='bbox 2565 5645 2629 5701; x_wconf 89' lang='lat' dir='ltr'><strong>C.</strong></span> <span class='ocrx_word' id='word_1_884' title='bbox 2723 5646 2769 5677; x_wconf 78' lang='grc'>⁸⁸</span> <span class='ocrx_word' id='word_1_885' title='bbox 2803 5646 3024 5711; x_wconf 84' lang='grc' dir='ltr'>ὁμοίως.</span> <span class='ocrx_word' id='word_1_886' title='bbox 3072 5646 3257 5711; x_wconf 85' lang='grc' dir='ltr'>ὅμοιον</span> <span class='ocrx_word' id='word_1_887' title='bbox 3295 5646 3359 5707; x_wconf 87' lang='lat' dir='ltr'><strong>C,</strong></span> <span class='ocrx_word' id='word_1_888' title='bbox 3387 5644 3456 5697; x_wconf 83' lang='lat' dir='ltr'><strong>M.</strong></span> <span class='ocrx_word' id='word_1_889' title='bbox 3488 5642 3575 5698; x_wconf 84' lang='lat' dir='ltr'><strong>Cl&#39;.</strong></span> <span class='ocrx_word' id='word_1_890' title='bbox 3621 5656 3783 5711; x_wconf 75' lang='lat' dir='ltr'><strong>supra</strong></span> 
     </span>
    </p>
   </div>
   <div class='ocr_carea' id='block_1_118' title="bbox 1146 5776 3630 5857">
    <p class='ocr_par' dir='ltr' id='par_1_118' title="bbox 1146 5776 3630 5857">
     <span class='ocr_line' id='line_1_120' title="bbox 1146 5776 3630 5857; baseline 0.004 -28"><span class='ocrx_word' id='word_1_891' title='bbox 1146 5779 1190 5810; x_wconf 75' lang='lat'>“</span> <span class='ocrx_word' id='word_1_892' title='bbox 1226 5778 1422 5847; x_wconf 81' lang='grc' dir='ltr'>Ἰησοῦ.</span> <span class='ocrx_word' id='word_1_893' title='bbox 1456 5776 1570 5829; x_wconf 78' lang='grc' dir='ltr'>υἱοῦ</span> <span class='ocrx_word' id='word_1_894' title='bbox 1601 5778 1663 5832; x_wconf 82' lang='lat' dir='ltr'><strong>C.</strong></span> <span class='ocrx_word' id='word_1_895' title='bbox 1692 5776 1761 5831; x_wconf 79' lang='grc' dir='ltr'>Μ.</span> <span class='ocrx_word' id='word_1_896' title='bbox 1796 5777 1965 5834; x_wconf 81' lang='lat' dir='ltr'><strong>Sicuti</strong></span> <span class='ocrx_word' id='word_1_897' title='bbox 2014 5797 2114 5838; x_wconf 88' lang='lat' dir='ltr'><strong>nos</strong></span> <span class='ocrx_word' id='word_1_898' title='bbox 2151 5776 2314 5838; x_wconf 76' lang='lat' dir='ltr'><strong>etiam</strong></span> <span class='ocrx_word' id='word_1_899' title='bbox 2357 5783 2422 5838; x_wconf 79' lang='lat' dir='ltr'><strong>ll.</strong></span> <span class='ocrx_word' id='word_1_900' title='bbox 2462 5782 2678 5842; x_wconf 84' lang='lat' dir='ltr'><strong>Scottus</strong></span> <span class='ocrx_word' id='word_1_901' title='bbox 2716 5786 2973 5843; x_wconf 80' lang='lat' dir='ltr'><strong>correxit.</strong></span> <span class='ocrx_word' id='word_1_902' title='bbox 3005 5785 3089 5841; x_wconf 79' lang='lat' dir='ltr'><strong>Cf.</strong></span> <span class='ocrx_word' id='word_1_903' title='bbox 3117 5776 3277 5857; x_wconf 77' lang='lat' dir='ltr'><strong>supra</strong></span> <span class='ocrx_word' id='word_1_904' title='bbox 3317 5776 3517 5854; x_wconf 59' lang='grc' dir='ltr'>ιςζιοι,</span> <span class='ocrx_word' id='word_1_905' title='bbox 3544 5784 3630 5837; x_wconf 74' lang='grc'><strong>49.</strong></span> 
     </span>
    </p>
   </div>
  </div>
