4114 6414
376 380 518 446 3430

1511 375 1808 434 CONTRA
1846 370 2208 433 HERESES
2245 371 2389 433 LIB.
2426 373 2496 431 Χ.

3489 371 3635 438 3440

454 486 557 542 κϐ’.
598 486 642 519 ⁸⁸
677 484 980 539 Ἐϐιωναῖοι
1009 484 1054 513 ’⁸
1115 481 1170 534 δὲ
1215 480 1305 533 τδν
1350 479 1448 551 μὲν
1489 480 1690 549 κόσμον
1720 478 1825 533 ὑπὸ
1865 477 1959 531 τοῦ

2138 476 2228 540 32,
2261 477 2500 532 Ebiomei
2535 486 2713 532 autem
2742 478 2999 534 mundum
3042 480 3258 550 quidem
3300 485 3369 538 ah
3409 498 3495 550 eo,
3538 489 3629 556 qui

384 580 553 643 ὅντως
572 577 617 610 ⁷⁸
665 576 802 630 Θεοῦ
853 575 1136 645 γεγονέναι
1180 573 1438 641 λέγουσι,
1493 573 1583 626 τὸν
1612 572 1669 626 δὲ
1718 572 1953 643 Χριστὸν

2082 582 2250 623 'evera
2277 566 2421 622 Deus
2450 578 2553 635 est,
2596 569 2796 625 factum
2845 584 2965 627 esse
2991 572 3195 639 dicunt,
3226 573 3501 630 Christum
3533 592 3632 631 au-

385 670 584 742 όμοίως
612 668 890 738 Κηρίνθῳ.
922 667 1064 721 Ζῶσι
1090 665 1146 718 δὲ
1195 666 1372 720 πάντα
1416 665 1557 719 κατᾶ
1583 664 1748 735 νόμον
1788 664 1954 716 Μωῦ-

388 764 483 817 σοῦ
512 763 583 828 τ’,
609 761 751 814 οὓτω
781 761 1079 828 φάσκοντες
1107 755 1468 811 δικαιοῦσθαι.

455 943 561 1004 κγ’.
601 934 851 996 Θεόδοτος
876 934 930 986 δὲ
954 935 980 985 ό
1005 932 1295 995 Βυζάντιος
1319 930 1653 1000 εἰσηγήσατο
1678 930 1723 959 ⁷³
1745 930 1956 999 αἵρεσιν

386 1029 593 1081 τοιάνδε
619 1066 633 1091 ,
670 1026 891 1096 φάσκων
919 1026 986 1077 τὰ
1027 1025 1122 1094 μὲν
1157 1024 1255 1077 ὃλα
1295 1022 1401 1075 ὑπὸ
1429 1021 1522 1074 τοῦ
1553 1020 1722 1084 ὅντως
1752 1022 1799 1054 ἰδ
1823 1021 1956 1074 Θεοῦ

387 1117 693 1187 γεγονέναι,
720 1115 810 1169 τὸν
832 1114 888 1167 δὲ
914 1116 957 1167 Χ
967 1114 1149 1184 ριστὸν
1170 1112 1368 1183 ὁμοίως
1399 1113 1509 1174 τοῖς
1542 1111 1961 1182 προειρημένοις

386 1205 711 1275 γνωστικοῖς
758 1203 955 1272 φάσκει
1002 1202 1229 1271 τοιούτῳ
1264 1201 1370 1254 τινὶ
1418 1200 1606 1270 τρόπῳ
1641 1200 1959 1271 πεφηνέναι·

388 1276 530 1351 εἶναι
566 1296 621 1349 δὲ
650 1297 743 1348 τὸν
772 1294 1004 1367 Χριστὸν
1041 1290 1264 1366 κῘοινΡΝ
1296 1292 1337 1323 ’⁵
1371 1291 1657 1362 ἄνθρωπον
1687 1292 1733 1322 ⁷⁸
1777 1298 1961 1358 πᾶσιν,

391 1389 448 1441 ἐν
477 1387 534 1441 δὲ
572 1385 744 1455 τούτῳ
773 1385 1072 1456 διαφέρειν,
1100 1386 1183 1437 ὅτι
1231 1383 1370 1436 κατὰ
1407 1381 1599 1453 βουλὴν
1637 1382 1771 1436 Θεοῦ
1804 1383 1965 1452 γεγέ-

395 1497 550 1551 νηται
585 1479 649 1531 ὲκ
683 1476 993 1547 Παρθένου,
1026 1474 1446 1537 ὲπισκιὰσαντος
1473 1473 1566 1526 τοῦ
1601 1475 1756 1542 ἁγίου
1802 1474 1970 1527 Πνεύ-

396 1588 587 1643 ματος,
611 1571 710 1624 οὐκ
738 1572 796 1624 ὲν
827 1573 893 1640 τῇ
927 1568 1191 1639 neposne)
1241 1565 1624 1639 σαρκωθέντα·
1658 1567 1882 1639 ὕστερον
1910 1567 1968 1621 δὲ

394 1665 485 1717 ὲπί
512 1662 605 1715 τοῦ
637 1660 1015 1733 βαπτίσματος
1043 1658 1469 1730 κατεληλυθέναι
1497 1658 1589 1712 τὸν
1616 1658 1850 1730 Χριστὸν
1878 1660 1970 1712 ἐπὶ

396 1755 485 1809 τὸν
524 1754 727 1826 Ἰησοῦν
768 1755 824 1806 ὲν
855 1752 985 1806 εἴδει
1021 1753 1385 1823 περιστερᾶς,
1429 1750 1548 1805 ὅθεν
1579 1752 1710 1821 φασὶ
1742 1752 1815 1821 μὴ
1842 1751 1972 1823 πρό-

2060 669 2163 712 tem
2196 659 2557 714 consimiliter
2590 660 2869 716 Cerintho.
2911 662 3083 716 Vitam
3113 674 3293 719 autem
3337 679 3506 735 agunt
3540 683 3638 735 per

2055 750 2237 803 omnia
2263 750 2562 805 secundum
2613 750 2784 822 legem
2820 752 3004 818 Musis,
3055 755 3126 808 ita
3180 755 3490 813 dictitantes
3515 774 3636 814 sese

2050 838 2356 909 justiﬁcari.

2129 930 2219 993 25,
2271 929 2584 986 Theodotus
2635 941 2816 987 autem
2852 933 3144 1005 Byzantius
3186 937 3481 994 introduxit
3524 940 3635 996 ha:-

2064 1024 2205 1076 resin
2233 1021 2627 1091 hujuscemodi,
2670 1025 2861 1081 dicens
2892 1028 3147 1083 universa
3191 1030 3409 1098 quidem
3450 1033 3515 1087 ab
3545 1048 3633 1097 eo,

2064 1114 2154 1182 qui
2182 1128 2369 1168 revera
2401 1113 2543 1170 Deus
2571 1125 2673 1182 est,
2698 1117 2938 1187 profecta
2963 1135 3106 1183 esse,
3153 1120 3425 1177 Christum
3457 1136 3636 1179 autem

2064 1207 2422 1263 consimiliter
2445 1225 2607 1278 supra
2663 1209 2826 1264 dictis
2869 1211 3127 1279 gnosticis
3173 1212 3248 1266 ait
3286 1214 3373 1266 tali
3406 1216 3637 1283 quodam

2069 1300 2227 1353 modo
2260 1302 2579 1368 apparuisse
2627 1319 2640 1355 :
2694 1315 2812 1355 esse
2859 1312 3038 1355 autem
3075 1302 3345 1358 Christum
3397 1305 3637 1375 ejusdem

2069 1388 2281 1458 generis
2312 1400 2472 1458 atque
2499 1405 2688 1445 omnes
2719 1391 2985 1453 homines,
3016 1390 3112 1445 hac
3134 1408 3190 1446 re
3215 1403 3397 1448 autem
3417 1409 3537 1449 esse
3561 1397 3644 1450 di-

2071 1494 2309 1548 versum,
2341 1482 2482 1550 quod
2521 1481 2817 1535 secundum
2847 1483 3132 1537 consilium
3172 1484 3352 1539 Patris
3386 1495 3548 1542 natus
3573 1488 3642 1541 sit

2070 1586 2137 1625 ex
2173 1571 2411 1641 Virgine,
2440 1572 2526 1627 cui
2552 1573 2964 1629 obumbraverit
2990 1574 3229 1645 Spiritus
3258 1589 3497 1644 sanctus,
3534 1594 3641 1634 non

2072 1661 2127 1715 iu
2166 1659 2387 1731 Virgine
2414 1662 2795 1729 incarnatum;
2843 1673 3032 1732 postea
3087 1681 3214 1722 vero
3268 1670 3321 1721 in
3372 1670 3643 1738 baptismo

2073 1751 2349 1823 delapsum
2376 1768 2496 1808 esse
2521 1752 2796 1809 Christum
2829 1769 2992 1824 super
3020 1754 3202 1810 Jesutu
3251 1757 3306 1811 in
3340 1761 3521 1826 specie
3546 1774 3641 1815 co-

396 1864 550 1919 τερον
578 1846 675 1909 τὰς
706 1845 967 1915 δυνάμεις
1006 1842 1157 1915 αύτῷ
1189 1842 1573 1914 ἐνεργηθῆναι.
1626 1843 1761 1896 Θεὸν
1788 1842 1845 1895 δὲ
1875 1843 1972 1897 οὐκ

2082 1845 2290 1911 lumbte,
2343 1856 2677 1917 quaprOpter
2735 1847 2888 1901 aiunt
2921 1863 3027 1902 non
3080 1848 3229 1917 prius
3268 1860 3561 1918 potestates
3590 1852 3643 1909 in

396 1933 535 1991 εἶναι
568 1936 659 1989 τὸν
684 1934 918 2005 Χριστὸν
957 1932 1120 1988 θέλει.
1156 1932 1264 1987 Καὶ
1293 1932 1522 1987 τοιαῦτα
1555 1932 1828 1996 Θεόδοτος.

476 2109 570 2164 κδ’.
631 2108 852 2181 Ἐτεροι
905 2106 963 2159 δὲ
1006 2106 1051 2137 ⁷⁷
1115 2106 1209 2158 καὶ
1247 2104 1505 2168 ὡσαύτως
1533 2105 1579 2136 ⁷³
1642 2105 1819 2158 πάντα
1865 2106 1975 2168 τοῖς

398 2199 819 2271 προειρημένοις
868 2194 942 2267 [ρ.
988 2194 1290 2267 528—550]
1334 2195 1581 2262 λέγουσιν
1605 2196 1673 2260 τ’,
1723 2194 1781 2249 ἓν
1820 2195 1977 2265 μόνον

398 2288 837 2355 ὲνδιαλλὰξαντες
866 2290 923 2341 ἐν
968 2288 1045 2358 τῷ
1073 2289 1163 2342 τὸν
1194 2289 1365 2358 Μελχι
1395 2290 1406 2358 |
1440 2288 1598 2340 σεδὲκ
1638 2289 1714 2351 ὡς
1751 2288 1977 2360 δύναμίν

401 2398 522 2434 τινα
547 2381 592 2413 ⁸⁸
643 2381 1028 2452 ὑπειληφέναι,
1063 2380 1367 2447 φάσκοντες
1407 2378 1569 2433 αὐτὸν
1620 2379 1759 2450 ὑπὲρ
1801 2381 1978 2433 πᾶσαν

401 2471 629 2544 δύναμιν
674 2472 961 2544 ὑπάρχειν,
991 2466 1051 2526 οὗ
1081 2472 1198 2525 κατ’
1226 2470 1412 2524 είκόνα
1436 2470 1478 2501 ⁸³
1526 2467 1626 2542 [δὲ]
1656 2471 1701 2501 ⁸²
1725 2464 1863 2521 εἶναι
1889 2468 1979 2522 τὸν

402 2564 635 2635 Χριστὸν
670 2564 937 2617 θέλουσιν.

474 2654 577 2710 κε’.
617 2657 678 2709 οι
726 2655 784 2709 δὲ
834 2654 1045 2726 Φρύγες
1086 2653 1131 2686 ⁸³
1182 2654 1246 2705 ὲκ
1290 2652 1567 2706 Μοντανοῦ
1616 2651 1664 2684 ⁸⁵
1712 2669 1854 2716 τινος
1889 2656 1982 2706 καὶ

404 2744 740 2815 Πρισκίλλης
764 2745 858 2798 καὶ
890 2744 1241 2814 Μαξιμίλλης
1268 2742 1365 2805 τὰς
1391 2742 1564 2813 ἀρχὰς
1588 2741 1687 2811 τῆς
1718 2741 1981 2811 αἱρέσεως

401 2838 700 2901 λαϐόντες,
744 2835 1097 2908 προφήτιδας
1156 2834 1226 2887 τὰ
1273 2834 1472 2902 γύναια
1522 2834 1833 2904 νομίζοντες
1887 2832 1983 2885 καὶ

286 2950 299 2955 λ
402 2930 692 3002 προφήτην
730 2927 821 2980 τὸν
862 2927 1139 2982 Μοντᾶνον
1174 2927 1251 2993 ⁸⁸,
1303 2927 1371 2979 τὰ
1416 2926 1473 2979 δὲ
1501 2926 1547 2957 ⁸⁸
1586 2925 1716 2997 περὶ
1757 2926 1854 2997 τῆς
1888 2924 1980 2978 τοῦ

408 3021 608 3084 παντὸς
640 3020 817 3091 ἀρχῆς
867 3019 962 3072 καὶ
993 3018 1358 3090 δημιουργίας
1404 3017 1581 3087 ὀρθῶς
1617 3017 1796 3084 λέγειν
1827 3015 1983 3085 νομί.-

408 3111 561 3178 ζουσι
580 3112 647 3177 ⁸⁷,
700 3112 796 3165 καὶ
841 3110 910 3163 τὰ
952 3111 1082 3177 περὶ
1128 3110 1220 3163 τὸν
1261 3109 1496 3179 Χριστὸν
1539 3109 1638 3161 οὐκ
1687 3106 1981 3176 ἀλλοτρίως

2072 1951 2137 1991 eo
2169 1936 2428 2007 viguisse.
2472 1937 2639 1993 Deum
2687 1947 2866 1993 autem
2912 1954 3016 1993 non
3054 1954 3176 1995 esse
3204 1939 3478 1997 Christum
3511 1944 3644 2007 vult,

2073 2026 2143 2081 Et
2170 2027 2292 2080 talia
2329 2026 2662 2082 Theodotus.

2143 2117 2235 2171 24.
2267 2116 2371 2170 Alii
2408 2125 2587 2170 autem
2627 2117 2789 2170 etiam
2813 2117 2995 2172 omnia
3025 2120 3211 2173 eodem
3239 2120 3430 2188 ’modo,
3453 2137 3560 2189 quo
3588 2123 3645 2187 ii,

2076 2205 2435 2277 528-529
2459 2206 2546 2275 qui
2599 2217 2758 2261 antea
2789 2208 2917 2262 dicti
2968 2218 3115 2274 sunt,
3174 2211 3488 2281 loquuntur,
3542 2229 3646 2268 una

2077 2306 2284 2352 tantum
2318 2314 2375 2353 re
2403 2297 2738 2364 differentes,
2769 2299 2913 2369 quod
2942 2301 3343 2358 Melchisedech
3386 2314 3644 2375 tanquam

2078 2404 2173 2459 pro
2206 2397 2473 2458 potestate
2529 2392 2761 2458 quadam
2812 2388 3098 2464 [maxima]
3143 2392 3360 2457 habent,
3408 2396 3649 2448 dicentes

2077 2493 2197 2531 eum
2244 2492 2409 2546 supra
2454 2493 2729 2548 quantque
2773 2490 3093 2550 potestatem
3141 2498 3285 2550 esse,
3319 2485 3469 2552 cujus
3513 2486 3652 2538 ima-

2079 2566 2256 2635 ginem
2295 2565 2498 2621 referre
2538 2568 2811 2621 Christum
2847 2570 3057 2624 volunt.

2151 2656 2245 2712 25.
2285 2656 2525 2728 Phryges
2566 2668 2745 2712 autem
2786 2675 2851 2713 ex
2896 2658 3152 2716 Montano
3187 2662 3417 2731 quodam
3443 2673 3496 2718 et
3533 2662 3651 2718 Pri-

2082 2745 2233 2801 scilla
2273 2746 2674 2820 Maximillaque
2702 2754 2855 2807 initia
2906 2754 3131 2810 ltzeresis
3167 2772 3278 2812 suae
3318 2760 3482 2823 nacti,
3525 2773 3652 2826 pro-

2083 2835 2511 2920 phetissa-esse
2543 2840 2890 2896 mulierculas
2933 2843 3054 2897 illas
3076 2856 3330 2914 putantes
3356 2856 3407 2901 et
3426 2851 3658 2918 prophe-

2086 2936 2192 2976 tam
2222 2925 2537 2982 Montanutn
2569 2968 2582 2993 ,
2630 2940 2685 2984 et
2719 2948 2840 3001 qua:
2876 2936 2942 2988 ad
2994 2937 3232 2991 universi
3289 2940 3549 3009 originem
3603 2950 3658 2997 et

2085 3015 2344 3071 fahriCam
2393 3018 2643 3087 attinent,
2677 3035 2824 3077 reete
2861 3025 3041 3080 dicere
3087 3027 3290 3095 solent,
3328 3040 3383 3084 et
3435 3045 3554 3099 quze
3590 3034 3658 3085 ad

2082 3106 2382 3176 Christum,
2416 3127 2520 3166 non
2548 3115 2727 3183 inepte
2755 3118 2985 3185 amplexi
3005 3130 3152 3184 sunt,
3190 3119 3451 3175 falluntur
3478 3132 3657 3177 autem

410 3204 859 3277 προσειλήφασιν,
886 3202 981 3254 σὺν
1005 3201 1050 3233 ⁸⁸
1068 3200 1125 3253 δὲ
1150 3202 1258 3262 τοῖς
1283 3200 1699 3270 προειρημένοις
1720 3197 1979 3265 σφάλλονε

2089 3215 2209 3255 cum
2244 3216 2405 3270 supra
2442 3203 2622 3268 dictis,
2659 3207 2724 3259 ad
2757 3222 2987 3276 quorum
3010 3210 3173 3263 verba
3208 3214 3379 3280 magis
3411 3229 3569 3281 quam
3592 3216 3659 3268 ad

409 3312 519 3362 ται,
546 3289 623 3348 ὧν
644 3297 757 3357 τοῖς
778 3294 958 3361 λόγοις
998 3291 1137 3361 ὑπὲρ
1168 3291 1235 3344 τὰ
1270 3291 1576 3360 Εὑαγγέλια
1621 3289 1983 3360 προσέχοντες

411 3385 751 3452 πλανῶνται,
810 3387 1061 3455 νηστείας
1116 3383 1311 3445 καινὰς
1340 3381 1384 3414 ⁸³
1430 3382 1525 3434 καὶ
1565 3381 1901 3452 παραδόξους
1938 3381 1986 3415 ⁹⁰

411 3474 708 3546 ὁρίζοντες.

485 3571 597 3633 κςῆ.
641 3565 861 3630 ’Ἑτεροι
892 3563 949 3615 δὲ
992 3563 1035 3594 ³⁸
1071 3562 1252 3616 αὐτῶν
1285 3565 1351 3634 τῇ
1388 3561 1496 3616 τῶν
1543 3561 1860 3634 Νοητιανῶν
1903 3562 1992 3612 αἰ-

418 3654 565 3727 ρὲσει
613 3650 1002 3721 προσκείμενοι
1035 3655 1104 3704 τὰ
1154 3654 1252 3722 μὲν
1300 3654 1428 3718 περὶ
1465 3653 1536 3706 τὰ
1581 3654 1779 3721 γύναια
1824 3652 1918 3705 καὶ
1945 3652 1990 3684 ³³

415 3744 693 3800 Μοντᾶνον
721 3743 767 3775 ³⁸
794 3740 991 3812 ὁμοίως
1016 3739 1253 3803 δοκοῦσι,
1292 3741 1359 3794 τὰ
1390 3741 1447 3792 δὲ
1484 3740 1613 3810 περὶ
1644 3738 1778 3811 [τὸν]
1805 3740 1914 3793 τῶν
1944 3739 1990 3772 ⁸⁸

414 3837 555 3890 ὅλων
602 3834 822 3903 Πατέρα
876 3831 1275 3901 δυσφημοῦσιν,
1314 3831 1473 3884 αὑτὸν
1522 3828 1664 3883 εἶναι
1716 3830 1859 3883 Υἰὸν
1896 3831 1990 3883 καὶ

420 3932 637 4001 Πατέρα
689 3929 967 3996 λέγοντες,
1017 3926 1209 3999 ὁρατὸν
1269 3927 1361 3979 καὶ
1410 3926 1674 3996 ἀόρατον,
1731 3926 1989 3995 γεννητὸν

420 4021 516 4076 καὶ
540 4019 853 4089 ἀγέννητον,
879 4017 1070 4087 θνητὸν
1093 4016 1184 4069 καὶ
1206 4014 1498 4068 ἀθάνατον·
1529 4011 1674 4070 οὗτοι
1702 4014 1800 4078 τὰς
1826 4015 1991 4087 ἀφορ-

364 4176 375 4183 γ
422 4112 532 4182 μὰς
565 4107 672 4162 ἀπὸ
704 4105 915 4176 Non-:06
946 4121 1089 4167 τινος
1120 4103 1396 4167 λαϐόντες.

492 4196 594 4264 κζ’.
639 4196 866 4266 Ὁμοίως
892 4195 949 4248 δὲ
981 4195 1027 4228 ⁸⁵
1073 4195 1164 4248 καὶ
1203 4193 1443 4265 Νοητδς,
1479 4191 1557 4264 τῷ
1602 4194 1699 4263 μὲν
1738 4193 1885 4261 γένει
1914 4191 1989 4247 ὣν

424 4289 747 4360 Σμυρναῖος,
796 4286 935 4358 ἀνὴρ
977 4283 1345 4356 ἀκριτόμυθος
1377 4284 1469 4337 καὶ
1504 4284 1749 4348 ποικίλος
1774 4286 1844 4349 ⁸⁸,
1882 4287 1996 4338 εἰσ-

423 4386 669 4453 ηγήσατο
689 4379 895 4434 τοιάνδε
920 4379 1151 4452 αἵρεσιν,
1171 4376 1526 4446 ὲξἚπιγόνου
1556 4379 1700 4442 τινὸς
1720 4379 1799 4442 εἰς
1826 4379 1992 4431 Κλεο-

428 4475 600 4546 μένην
628 4474 978 4544 χωρήσασαν,
1014 4472 1108 4524 καὶ
1136 4468 1307 4532 οὕτως
1338 4468 1441 4531 ἕως
1473 4467 1568 4522 νῦν
1599 4469 1692 4521 ἐπὶ
1718 4470 1844 4532 τοὺς
1873 4469 1994 4524 δια-

2091 3291 2380 3361 Evangelia
2412 3309 2532 3348 sese
2567 3297 2903 3365 applicantes
2953 3310 3163 3366 errant,
3193 3302 3393 3371 jejunia
3439 3320 3575 3359 nova
3607 3318 3663 3363 et
3748 3368 3757 3377 κ

2092 3393 2437 3437 monstruosa
2472 3384 2810 3443 deﬁnientes.

2162 3555 2252 3609 26.
2290 3555 2391 3608 Alii
2427 3565 2603 3609 autem
2647 3571 2833 3612 eOrum
2881 3559 3267 3617 Noetiauorum
3309 3564 3503 3621 hzeresi
3546 3576 3662 3621 stu-

2094 3647 2283 3702 dentes
2310 3662 2395 3711 ea,
2422 3662 2540 3716 quze
2566 3649 2631 3701 ad
2662 3651 3003 3708 mulierculas
3025 3654 3142 3708 illas
3169 3666 3331 3724 atque
3352 3656 3660 3712 Montanum

2097 3739 2408 3805 pertinent,
2461 3743 2824 3798 consimiliter
2882 3746 3144 3810 sentiunt,
3203 3763 3321 3816 qua:
3371 3758 3549 3803 autem
3594 3754 3661 3806 ad

2097 3827 2474 3879 uuiversorum
2504 3829 2739 3896 Patrem,
2766 3830 3061 3899 diﬂ'amant,
3100 3837 3273 3903 ipsum
3315 3852 3433 3892 esse
3468 3838 3662 3894 Filium

2091 3925 2146 3968 et
2177 3916 2389 3970 Patrem
2420 3916 2671 3973 dicentes
2732 3922 2996 3977 visibilem
3026 3937 3078 3979 et
3124 3927 3466 3995 invisibilem,
3502 3946 3667 3999 gene-

2096 4016 2271 4060 ratum
2299 4018 2354 4062 et
2381 4024 2488 4064 non
2512 4023 2850 4080 generatum,
2877 4018 3155 4072 mortalem
3191 4030 3244 4074 et
3268 4022 3624 4079 immortalem
3646 4045 3664 4081 :

2096 4098 2149 4152 hi
2179 4114 2208 4152 a
2230 4096 2400 4154 Noeto
2430 4104 2661 4170 quodam
2712 4105 2960 4172 profecti.

2166 4188 2258 4246 27.
2288 4191 2659 4249 Consimiliter
2688 4206 2865 4251 autem
2890 4209 2944 4253 et
2965 4199 3192 4268 Noetus,
3227 4218 3424 4273 genere
3449 4205 3665 4274 quidem

2099 4282 2430 4354 Smyrnaeus,
2476 4286 2557 4340 vir
2593 4303 2769 4358 ungax
2817 4300 2872 4345 et
2922 4292 3089 4358 vafer,
3117 4295 3415 4349 introduxit
3464 4298 3668 4353 hancce

2098 4374 2348 4443 haeresin,
2380 4392 2500 4447 qua:
2546 4380 2612 4433 ad
2666 4381 2905 4452 Epigono
2942 4389 3172 4454 quodam
3215 4387 3280 4440 ad
3325 4388 3669 4443 Cleomenem

2100 4468 2245 4521 venit
2269 4477 2323 4522 et
2355 4470 2434 4524 sic
2465 4487 2632 4540 usque
2671 4474 2846 4529 adhuc
2872 4475 2927 4529 in
2968 4492 3312 4534 successores
3344 4482 3659 4548 permansit,

425 4566 614 4637 δόχους
645 4562 1020 4634 διαμείνασαν,
1054 4561 1227 4630 λέγων
1251 4559 1348 4613 ἕνα
1375 4560 1467 4611 τὸν
1498 4558 1714 4629 Πατέρα
1747 4559 1840 4612 καὶ
1862 4559 1979 4615 Θεδι

2103 4559 2285 4614 (licens
2307 4576 2469 4615 unum
2497 4578 2618 4618 esse
2675 4564 2893 4621 Patrem
2927 4578 2983 4623 et
3038 4568 3207 4623 Deum
3264 4572 3669 4640 universorum;

426 4656 536 4711 τῶν
566 4655 723 4709 ὅλων⁸
755 4653 943 4707 τοῦτον
972 4652 1148 4706 πάντα
1179 4650 1517 4722 πεποιηκότα
1542 4651 1721 4722 ἀφανῆ
1759 4652 1857 4722 μὲν
1879 4655 1992 4716 τοῖς

427 4743 549 4802 οὖσι
585 4747 864 4815 γεγονέναι
900 4748 988 4800 ὅτε
1019 4744 1313 4816 ἠϐούλετο,
1366 4744 1597 4815 φανῆναι
1641 4744 1697 4798 δὲ
1742 4747 1864 4799 τότε
1906 4747 1996 4799 ὅτε

430 4838 684 4910 ἠθέλησε’
721 4839 815 4892 καὶ
839 4837 1025 4892 τοῦτον
1064 4832 1205 4891 εἶναι
1244 4836 1497 4906 ἀόρατον,
1539 4837 1627 4890 ὅτε
1662 4836 1737 4908 μὴ
1768 4838 1960 4908 ὁρᾶται
1982 4881 1997 4907 ,

2106 4653 2269 4715 hunc,
2311 4656 2399 4725 qui
2450 4661 2630 4714 omnia
2682 4660 2893 4728 fecerit,
2940 4665 3207 4721 occultum
3259 4668 3421 4721 rebus
3474 4667 3673 4721 creatis

2113 4748 2381 4802 redditum
2416 4765 2558 4820 esse,
2590 4753 2809 4822 quando
2859 4756 3106 4822 voluerit,
3153 4759 3464 4828 apparuisse
3494 4767 3674 4814 autem

2110 4848 2245 4903 tum,
2264 4855 2383 4896 cum
2410 4845 2638 4899 voluerit
2659 4862 2675 4911 ;
2700 4859 2933 4917 eumque
2961 4862 3079 4904 esse
3097 4850 3444 4919 invisibiletn,
3462 4852 3677 4923 quando

1725 4992 1964 5049 VARIA’S
1997 4992 2401 5053 LECTIONES.

503 5142 548 5175 "
571 5140 656 5197 Cf.
691 5157 852 5210 supra
895 5140 1019 5205 406,
1054 5140 1244 5210 52-6ἰ.

428 5214 479 5248 ⁷⁸
504 5208 773 5282 Μωῦσοῦξ
802 5213 1006 5282 Μωῡσῇ
1063 5211 1124 5275 C,
1167 5208 1373 5282 7M._Cl'.
1405 5223 1586 5282 supra,

434 5283 471 5338 Ι.
497 5284 533 5337 Ι.
639 5283 687 5313 ⁷⁵
732 5281 919 5342 ὅντως.
965 5280 1115 5345 ὄντος
1143 5281 1206 5344 C,
1238 5280 1308 5333 Μ.

432 5353 479 5386 ⁷⁷
510 5352 592 5408 Gl.
621 5367 782 5420 supra
817 5367 868 5419 p.
914 5350 1038 5415 406,
1092 5351 1316 5415 76408,
1349 5348 1438 5404 8‘2.

435 5489 647 5547 uncinis
675 5492 989 5545 inclusimus
1018 5489 1277 5544 suadente
1304 5489 1368 5543 Β.
1397 5489 1601 5543 Scotto.

437 5627 575 5696 pius,
606 5633 663 5683 ὲν
713 5629 775 5692 C,
801 5629 871 5684 Μ.
980 5632 1024 5664 ⁸³³
1055 5631 1264 5693 καινὰς.
1298 5632 1460 5690 κενὰς
1485 5628 1548 5693 C,
1590 5627 1661 5682 Μ.

437 5702 482 5731 ⁹¹
507 5701 619 5754 καί.
667 5705 810 5753 κατὰ
840 5716 985 5768 susp.
1014 5701 1082 5757 Μ.

436 5770 507 5825 22
528 5785 645 5841 sim.
672 5782 725 5825 et
753 5788 802 5842 p.
827 5770 955 5837 448,
977 5772 1036 5826 41
1073 5787 1192 5841 sqq.

1268 5771 1313 5801 9⁵
1348 5767 1585 5832 ποικῖλος
1611 5769 1671 5824 C.

1332 5140 1378 5171 "°
1419 5136 1739 5191 Ἐϐιωναῖοι.
1770 5138 2112 5199 Εύιαιωναῖοι
2137 5143 2199 5197 (ἶ.

1623 5224 1674 5276 ρ.
1709 5208 1835 5275 406,
1867 5209 2059 5264 62-75.

1413 5279 1458 5310 "
1491 5279 1690 5351 κοινόν.
1741 5277 1958 5351 Littera:
2000 5296 2080 5332 οιν
2137 5277 2666 5351 ρνοτειιέ’όνιιιιίιίιιε.

1544 5349 1590 5381 ⁷⁸
1617 5349 1875 5420 ὡσαύτως
1907 5348 2155 5418 Sappius,
2187 5353 2247 5417 ἐξ
2279 5355 2458 5407 αὐτῶν
2485 5356 2545 5420 C,
2570 5355 2642 5411 M.

431 5422 660 5493 δύναμιν
690 5418 825 5473 τινα
843 5421 1148 5491 μεγίστηνῗ
1187 5421 1271 5475 Cl.
1313 5435 1475 5487 supra
1506 5434 1558 5488 p.
1600 5420 1728 5478 606.
1758 5418 1843 5473 78.
1923 5422 1965 5453 ⁸³
1999 5420 2059 5478 οὗ
2091 5424 2211 5476 κατ’
2241 5425 2423 5477 εἰκόνα
2454 5418 2796 5492 Ιίζδοοιιιιε,
2825 5418 2901 5480 0'3-
2924 5429 3044 5480 κατ’
3069 5428 3256 5482 εἰκόνα
3283 5430 3347 5491 C.
3379 5418 3451 5487 Μ.

435 5493 647 5547 uncinis
675 5492 989 5545 inclusimus
1018 5493 1277 5544 suadente
1304 5489 1368 5543 Β.
1397 5489 1601 5543 Scotto.
1701 5490 1745 5521 ⁸³
1774 5490 1859 5543 Cf.
1894 5508 2055 5550 supra
2087 5510 2139 5550 ι).
2166 5493 2291 5550 456,
2324 5494 2516 5550 65-80.
2618 5496 2665 5529 ⁸⁸
2701 5497 3003 5550 Μοντανοῧ.
3042 5499 3326 5550 Μοντάνου
3362 5500 3447 5550 Μ;

435 5508 647 5547 uncuus
675 5508 989 5545 tttCtttSIttttts
1018 5508 1277 5544 suadente
1304 5508 1368 5543 ιι.
1397 5508 1601 5543 acouo.
1701 5508 1745 5521 υτ
1774 5508 1859 5543 ω.
1894 5508 2055 5560 supra
2087 5510 2139 5560 p.
2166 5508 2291 5556 σοι),
2324 5508 2516 5550 tio-au.
2618 5508 2665 5529 "
2701 5508 3003 5551 Μοντανου.
3042 5508 3191 5552 Μοντ

435 5578 593 5630 supra
620 5561 654 5616 I.
685 5562 718 5614 Ι.
794 5560 838 5590 ⁸⁵
868 5560 1164 5613 Μοντᾶνον.
1197 5558 1508 5614 Μοντανόνί
1599 5559 1645 5591 ⁸⁸
1674 5559 1742 5612 τὰ
1772 5560 1851 5614 δέ.
1891 5563 1961 5614 τά
1988 5566 2086 5619 ‘cs?
2176 5565 2219 5595 ⁸⁷
2250 5564 2553 5634 νομίζουσι.
2578 5565 2889 5636 νομίζονται
2940 5584 3090 5636 susp.
3124 5568 3194 5623 Μ.

438 5634 551 5660 ..ευρ
607 5633 663 5660 λ..
713 5629 752 5660 l‘
802 5629 846 5660 ﬂ
980 5632 1024 5660 89
1055 5631 1245 5660 ..ι-...λη
1298 5632 1460 5660 ..-ηιμ
1485 5628 1523 5660 f‘
1590 5627 1639 5660 ιι
1754 5630 1801 5660 90
1831 5634 2166 5660 ----:.-e:-.._
2222 5635 2546 5660 __-..:1_-.-
2577 5638 2615 5660 ι·-
2670 5637 2711 5660 n
2844 5637 2886 5660 Ill
2923 5637 2991 5660 ιη·
3048 5653 3194 5660 -----..-

1184 5634 1264 5693 ὰς.
1298 5634 1460 5690 κενὰς
1485 5634 1548 5693 C,
1592 5634 1661 5682 M.
1754 5634 1801 5660 ⁹⁰
1831 5634 2182 5703 παραδόξους.
2221 5635 2546 5704 παραδόσεις
2576 5634 2737 5700 ΟζΜ.
2844 5637 2888 5669 ⁹¹
2922 5638 2975 5691 Cl

1182 5702 1230 5732 ³³
1256 5700 1551 5783 ἔξοντᾶνον.
1589 5700 1909 5783 Ἀλοντανόνῖ
2017 5707 2060 5738 9"
2099 5707 2189 5759 τὶν
2216 5705 2321 5758 τῶν
2351 5704 2641 5776 Sauppius,
2677 5707 2785 5760 τῶν
2808 5708 2869 5774 C,
2905 5706 2975 5761 Μ.

2299 5145 2342 5181 τι
2373 5144 2562 5221 ὅντως.
2603 5147 2755 5221 θντρς
2786 5148 2849 5221 C,
2887 5148 2958 5202 Μ.
2990 5149 3099 5221 (ΖΓἈ
3122 5164 3297 5221 supra
3323 5166 3380 5221 p.
3411 5148 3542 5214 406,
3584 5152 3675 5207 55.

2173 5214 2220 5245 ⁷³
2242 5217 2595 5299 εἰσηγήσατο.
2649 5216 2956 5341 eburneam
2985 5218 3046 5281 C,
3084 5219 3157 5285 Μ,
3189 5214 3494 5306 εἰσήγαγεν,
3514 5235 3677 5290 supra

2178 5299 2361 5338 rorsus
2406 5288 2666 5341 evauttlae.
2790 5329 2805 5343 .
2904 5288 2950 5319 ⁷⁸
2981 5289 3285 5345 ἄνθρωπον.
3326 5292 3679 5345 aventu-none?

2744 5307 2805 5343 tl.
2908 5307 2950 5319 "'
2981 5307 3077 5342 ανυ
3120 5307 3285 5344 ωπον.
3326 5307 3673 5360 ανυρωποιςι

2744 5358 2791 5389 ⁷³
2819 5356 3037 5430 λέγουσι
3176 5428 3182 5430 Α
3205 5360 3252 5391 ⁸⁰
3279 5359 3505 5430 δύναμίν
3528 5377 3673 5415 τινα.

2618 5436 2796 5492 :otttts,
2825 5433 2886 5480 ού
2924 5433 3044 5480 κατ’
3069 5433 3256 5482 εἰκόνα
3283 5433 3347 5491 C.
3379 5433 3451 5487 Μ.
3540 5433 3587 5463 ⁸⁸
3619 5433 3677 5484 δὲ

2618 5496 2665 5529 ⁸⁸
2693 5497 3003 5572 Maximum).
3042 5499 3338 5572 Μοντάνου
3362 5500 3447 5572 Μς
3484 5500 3577 5572 sed
3602 5501 3675 5572 cf,

3299 5569 3344 5602 ⁸⁸
3374 5571 3471 5623 σὺν
3501 5568 3679 5636 δοιιβιί

3242 5654 3295 5708 p.
3332 5639 3456 5701 456,
3486 5639 3674 5694 80-88.

3079 5709 3124 5740 ’⁸
3154 5708 3236 5762 Cl.
3259 5725 3418 5779 supra
3450 5725 3501 5779 p.
3547 5710 3675 5777 MU,

2844 5637 2888 5669 ⁹¹
2922 5637 3006 5691 Cf.
3046 5653 3206 5704 supra
