4114 6412
408 346 537 408 διιι
600 318 603 325 ’
1903 341 1999 401 0B.

2104 341 2194 401 ΕΝ
2201 342 2273 402 IS
3554 348 3696 415 3442

407 488 516 528 non
549 472 817 540 videatur,
870 474 1142 530 visibilem
1190 485 1399 541 autem,
1446 474 1665 544 quando
1713 474 1996 540 videatur;

2104 477 2302 548 ὁρατὸν
2336 476 2427 544 δὲ,
2454 479 2583 534 ὅταν
2615 481 2829 550 ὁρᾶται’
2861 480 3157 554 ἀγέννητον
3183 483 3261 547 δὲ,
3293 484 3425 537 ὅταν
3453 482 3529 556 μὴ
3566 500 3695 554 γεν-

410 580 519 620 non
553 567 796 636 genitum
830 577 1037 633 autem,
1067 568 1285 638 quando
1317 582 1425 622 non
1453 568 1727 637 gignatur,
1756 568 1997 636 genitum

2104 570 2298 635 νᾶται,
2352 572 2611 641 γεννητὸν
2649 572 2741 639 δὲ,
2789 574 2920 627 ὅταν
2955 576 3213 643 γεννᾶται
3263 577 3328 628 ὲκ
3377 572 3694 647 Παρθένου·

410 669 615 725 autem,
650 662 869 730 quando
917 662 1172 733 gignatur
1212 676 1279 715 ex
1327 661 1584 732 Virgine;
1610 660 1998 730 impassibiletn

2104 659 2289 731 ἀπαθῆ
2320 662 2415 715 καὶ
2446 662 2736 729 ἀθάνατον,
2760 665 2852 718 ὅτε
2873 665 2919 697 ⁸⁷
2953 667 3030 737 μὴ
3059 666 3248 739 πάσχῃ
3281 668 3419 737 μήτε
3451 667 3696 740 θνήσκῃ,

409 763 463 805 et
499 753 885 819 immortalem,
938 756 1159 826 quando
1206 770 1316 809 non
1360 754 1601 824 patiatur
1640 763 1696 807 et
1736 767 1842 806 non
1885 767 1999 807 mo-

2104 752 2240 805 ὲπὰν
2269 753 2327 806 δὲ
2355 754 2504 824 πάθη
2529 755 2803 828 προσέλθῃ
2824 797 2838 822 ,
2866 757 3095 828 πάσχειν
3123 760 3219 812 καὶ
3253 758 3532 831 θνήσκειν.
3560 760 3698 813 Τοῦ-

409 844 607 909 riatur,
635 844 727 900 ubi
754 856 935 901 autem
964 848 1251 915 passiones
1283 846 1568 908 subiverit,
1614 845 1723 913 pati
1754 854 1810 899 et
1838 845 1999 899 mori.

2104 860 2193 895 τον
2209 845 2255 875 ³⁸
2289 844 2383 899 τὸν
2418 847 2638 918 Πατέρα
2667 848 2829 901 αὐτὸν
2850 851 2895 883 ⁹⁹
2932 849 3060 903 Υίὸν
3086 851 3373 921 νομίζουσι
3401 853 3542 906 κατὰ
3573 871 3698 907 και-

409 934 566 990 Hunc
597 934 814 991 Patrem
870 937 1045 1006 ipsum
1106 935 1303 990 Filium
1348 937 1683 989 arbitrantur
1729 949 1828 1005 pro
1863 943 1999 989 tem-

2104 936 2234 1007 ροὺς
2257 937 2592 1010 καλούμενον
2626 942 2761 1013 πρὸς
2791 941 2859 996 τά
2886 959 2950 995 συ
2959 942 3275 1011 μ6αίνοντα.

407 1027 630 1095 poribus
657 1028 845 1083 vocari
879 1031 1181 1083 secundum
1214 1022 1540 1082 accidentia.

476 1137 680 1194 Horum
714 1140 947 1195 barresiu
983 1142 1377 1196 corroborabat
1409 1140 1705 1206 Callistus,
1739 1139 1894 1209 cujus
1924 1141 1999 1195 vi-

2174 1140 2394 1195 Τούτων
2430 1142 2533 1213 τὴν
2573 1142 2787 1213 αἵρεσιν
2813 1143 2827 1175 ¹
2859 1144 3126 1214 ἐκράτυνε
3165 1143 3488 1208 Κάλλιστος,
3514 1136 3575 1198 οὗ
3606 1144 3699 1198 τὸν

410 1242 521 1287 tam
572 1236 921 1305 exposuimus
978 1236 1288 1306 diligenter,
1342 1236 1432 1304 qui
1488 1247 1543 1289 et
1589 1236 1705 1305 ipse
1762 1236 1998 1290 ltaaresin

2104 1234 2219 1304 βίον
2262 1233 2624 1305 ἑκτεθείμεθα
2672 1236 2934 1306 ἀσφαλῶς
2959 1238 3001 1301 ²,
3043 1236 3102 1301 ὃς
3138 1238 3232 1290 καὶ
3277 1237 3441 1301 αὐτὸς
3486 1238 3699 1309 αἵρεσιν

410 1329 657 1394 peperit;
687 1343 717 1379 a
752 1327 954 1396 quibus
989 1328 1140 1381 initia
1174 1325 1525 1398 530-531
1565 1339 1759 1383 nactus
1794 1338 1850 1383 et
1884 1329 1999 1399 ipse

2104 1326 2497 1398 ἀπεγέννησεν·
2547 1328 2606 1395 ἐξ
2655 1321 2730 1382 ὧν
2760 1327 2839 1401 [ρ.
2888 1329 3016 1385 550.
3055 1329 3184 1402 551]
3234 1330 3489 1401 ἀφορμάς
3518 1330 3699 1385 λαϐὼν

409 1419 668 1483 prolltens
720 1434 885 1471 unum
930 1432 1049 1473 esse
1092 1416 1312 1471 Patrem
1368 1429 1425 1471 et
1480 1417 1670 1483 Deum,
1719 1418 1862 1472 hunc
1890 1418 1999 1488 opi-

2104 1420 2196 1473 καὶ
2228 1420 2392 1484 αὐτὸς
2428 1420 2709 1489 ὁμολογῶν
2738 1421 2834 1474 ἕνα
2867 1415 3009 1475 εἶναι
3038 1421 3129 1476 τὸν
3158 1422 3378 1493 Πατέρα
3408 1423 3535 1476 καὶ⁸
3563 1423 3699 1477 Θεὸν

412 1509 568 1561 licem
610 1510 821 1576 mundi,
859 1510 1004 1565 ltuuc
1041 1525 1173 1565 vero
1212 1524 1335 1564 esse
1379 1508 1577 1571 Filium
1630 1509 1853 1563 nomine
1878 1509 1999 1580 qui-

2104 1512 2341 1566 τοῦτονδ
2388 1512 2722 1584 δημιουργὸν
2772 1513 2868 1567 τοῦ
2931 1514 3165 1580 παντὸς,
3217 1514 3407 1568 τοῦτον
3457 1515 3515 1568 δὲ
3560 1511 3699 1569 εἶναι

412 1601 533 1653 dem
570 1602 776 1655 dictum
807 1608 863 1655 et
908 1602 1266 1668 nominatum,
1308 1616 1365 1655 re
1407 1613 1590 1656 autent
1636 1599 1853 1674 [unum]
1876 1616 1999 1657 esse

2104 1605 2231 1658 Υίὸν
2287 1605 2515 1675 ὀνόματι
2575 1605 2673 1675 μὲν
2735 1604 3027 1676 λεγόμενον
3111 1607 3209 1660 καὶ⁵
3266 1606 3696 1678 ὀνομαζόμενον,

407 1689 741 1765 Spiritum];
798 1694 1039 1764 Spiritus
1065 1694 1236 1760 enim,
1265 1695 1466 1765 inquit,
1508 1693 1654 1748 Deus
1700 1711 1807 1749 ttott
1857 1696 1999 1750 alius

2104 1696 2260 1768 οὐσίᾳ
2292 1696 2349 1749 δὲ
2378 1694 2484 1769 [ἓν]
2516 1696 2538 1727 ⁸
2563 1692 2703 1749 εἶναι
2730 1695 3002 1769 [Πνεῦμα]
3027 1698 3070 1762 ⁸,
3097 1696 3322 1769 Πνεῦμα
3347 1698 3479 1769 γὰρ,
3510 1700 3696 1768 φησιν,

406 1768 692 1870 οείρυιηη
722 1785 923 1855 Logus,
955 1786 1038 1840 vel
1071 1786 1248 1855 Logus
1283 1803 1444 1856 quam
1474 1785 1636 1840 Deus.
1677 1786 1796 1842 Una
1835 1787 1999 1857 igitur

2104 1790 2128 1841 δ
2156 1789 2288 1853 Θεὸς
2330 1768 2428 1860 οῦκ
2462 1787 2648 1860 ἔτερόν
2676 1789 2791 1841 ἐστι
2832 1768 2995 1861 παρά
3019 1790 3113 1843 τὸν
3139 1768 3335 1858 Λόγον,
3380 1768 3436 1860 ἢί
3472 1793 3500 1844 ὁ
3524 1792 3697 1859 Λόγος

409 1878 526 1932 haec
549 1892 784 1947 persona
812 1878 1034 1933 nomine
1065 1879 1284 1945 quidem
1341 1880 1536 1945 divisa,
1580 1895 1682 1934 nec
1740 1894 1870 1935 vero
1916 1896 1994 1937 re.

2104 1880 2254 1952 παρὰ
2296 1880 2389 1935 τὸν
2434 1879 2589 1935 Θεόν.
2644 1881 2741 1934 Ἓν
2790 1875 2883 1934 οὗν
2931 1880 3089 1933 τοῦτο
3122 1880 3435 1952 πρόσωπον,
3470 1881 3697 1951 ὀνόματι

411 1968 567 2023 Hunc
599 1968 781 2039 logunt
825 1985 990 2023 unum
1031 1984 1155 2024 esse
1192 1971 1359 2025 Deum
1388 1971 1687 2024 atbitratur
1731 1981 1785 2025 et
1819 1972 1998 2027 incar-

2104 1974 2203 2045 μὲν
2239 1972 2617 2045 μεριζόμενον,
2672 1972 2830 2045 οὐσίᾳ
2872 1970 2929 2025 δὲ
2978 1971 3064 2026 οῦ.
3119 1973 3320 2027 Τοῦτον
3388 1973 3480 2027 τὸν
3521 1974 3700 2042 Λόγον

409 2070 597 2114 natum
625 2076 745 2115 esse
783 2062 936 2115 dicit.
961 2060 1029 2115 Et
1076 2077 1200 2116 eum
1230 2064 1486 2132 quidem,
1542 2065 1633 2133 qui
1697 2069 1995 2120 secundum

2104 2067 2196 2120 ἕνα
2230 2062 2372 2118 εἶναι
2399 2064 2533 2118 Θεὸν
2562 2063 2819 2134 ὀνομάζει
2842 2065 2937 2118 καὶ
2968 2065 3353 2137 σεσαρκῶσθαι
3383 2065 3551 2132 λέγει.
3582 2063 3697 2119 Καὶ

407 2168 629 2207 carnem
676 2154 826 2207 visus
878 2165 962 2209 est
1019 2165 1076 2208 et
1119 2155 1566 2224 comprehensus,
1618 2155 1814 2211 Filium
1870 2170 1995 2213 esse

2104 2158 2190 2211 τὸν
2239 2156 2340 2227 μὲν
2386 2154 2533 2210 κατὰ
2578 2155 2759 2222 σάρκα
2807 2154 3084 2225 ὁρώμενον
3130 2156 3224 2210 καὶ
3271 2155 3687 2228 κρατούμενον*

409 2247 544 2309 vult,
572 2262 694 2301 eum
726 2260 930 2315 autem,
958 2249 1050 2318 qui
1098 2248 1388 2312 inhabitat,
1443 2248 1683 2318 Patrem,
1730 2260 1839 2303 tum
1873 2251 1996 2320 qui-

2104 2251 2228 2304 Υἱὸν
2268 2245 2409 2303 εἶναι
2438 2248 2583 2301 θέλει
2603 2247 2648 2310 ⁸,
2691 2246 2782 2299 τὸν
2824 2246 2882 2300 δὲ
2931 2247 3247 2301 ἐνοικοῦντα
3272 2230 3495 2318 Πατέρα
3517 2286 3532 2311 ,
3563 2249 3698 2301 ποτὲ

408 2340 533 2392 dem
589 2340 656 2393 ad
705 2340 857 2395 Νοειὶ
904 2341 1209 2395 doctrinam
1271 2340 1543 2410 delapsus,
1580 2352 1689 2395 tum
1746 2357 1874 2397 vero
1929 2345 1997 2398 ad

2104 2343 2199 2415 μὲν
2229 2341 2305 2414 τῷ
2339 2341 2551 2411 Νοητοῦ
2577 2342 2598 2374 ⁹
2628 2340 2864 2411 δόγματι
2898 2339 3416 2412 περιρρηγνύμενος
3463 2340 3528 2405 ¹⁰,
3562 2341 3699 2394 ποτὲ

411 2428 699 2496 Theodoti,
729 2430 860 2485 nihil
907 2430 1049 2485 tirtni
1101 2441 1311 2487 tenens.
1364 2432 1493 2486 Haec
1527 2432 1692 2503 igitur
1714 2429 1993 2489 Callistus.

2104 2433 2156 2487 δὲ
2220 2432 2300 2504 τῷ
2351 2431 2637 2497 Θεοδότου,
2712 2429 2880 2501 μηδὲν
2931 2430 3171 2500 ἀσφαλὲς
3219 2431 3462 2502 κρατῶν.
3510 2430 3701 2486 Ταῦτα

2094 2523 2279 2578 τοίνυν
2302 2522 2624 2587 Κάλλιστος.

478 2608 571 2663 28.
614 2607 984 2679 Hermogenes
1010 2619 1191 2664 autem
1223 2611 1445 2679 quidam
1469 2620 1523 2665 et
1550 2611 1664 2679 ipse
1688 2627 1808 2665 cum
1836 2612 1999 2667 vellet

2168 2624 2280 2690 κη’.
2331 2616 2669 2687 Ἑρμογένης
2704 2615 2764 2670 δέ
2806 2634 2892 2680 τις
2924 2617 2966 2648 ¹¹
3018 2614 3115 2670 καὶ⁹
3163 2615 3328 2679 αὐτὸς
3372 2615 3606 2685 θελήσας
3640 2633 3701 2669 τι

409 2705 613 2774 aliquid
656 2707 874 2773 dicere,
924 2707 1061 2761 dixit
1110 2705 1281 2760 Deum
1325 2721 1387 2761 ex
1441 2706 1665 2760 materia
1719 2720 1897 2760 eozeva
1941 2714 1998 2760 et

2104 2710 2303 2781 λέγειν,
2347 2711 2451 2780 ἔφη
2480 2710 2571 2762 τὸν
2601 2709 2737 2761 Θεὸν
2768 2709 2826 2775 ἐξ
2853 2708 2987 2780 ὕλης
3021 2708 3325 2779 συγχρόνου
3352 2709 3449 2761 καὶ⁵
3470 2709 3694 2762 ὑποκει-

408 2797 723 2866 subjacente
754 2799 1003 2854 universa
1052 2797 1285 2863 fecisse;
1322 2798 1436 2852 ﬁeri
1473 2800 1620 2852 enim
1665 2814 1773 2852 non
1804 2814 1990 2867 posse,

2104 2804 2273 2875 μένης
2316 2802 2385 2855 τὰ
2414 2803 2595 2856 πάντα
2645 2802 3031 2873 πεποιηκέναι·
3086 2801 3367 2863 ἀδυνάτως
3407 2800 3519 2872 γὰρ
3550 2800 3702 2871 ἔχειν

410 2892 555 2946 Deus
595 2906 661 2945 ex
690 2892 909 2946 entibus
943 2891 1109 2945 faciat
1130 2904 1193 2945 ea
1227 2906 1347 2960 qua:
1374 2890 1518 2946 facta
1555 2900 1707 2946 sunt.

2104 2895 2188 2948 τὸν
2231 2894 2364 2947 Θεὸν
2397 2893 2473 2961 μὴ
2508 2894 2628 2965 οὐχὶ
2653 2895 2713 2959 ἐξ
2743 2895 2914 2948 ὄντων
2940 2895 3011 2947 τά
3043 2895 3315 2964 γενόμενα
3346 2896 3543 2949 ποιεῖν.

480 2983 573 3039 29.
615 2983 721 3037 Alii
747 2994 929 3038 autem
964 2984 1184 3052 quidam
1210 2984 1366 3053 quasi
1391 2998 1587 3038 novutn
1622 2983 1840 3052 aliquod
1869 2985 1998 3039 sub-

2172 2983 2277 3039 κθ’.
2324 2986 2542 3055 ’Έτεροι
2573 2985 2631 3038 δέ
2665 3001 2810 3047 τινες
2844 2986 2888 3016 ¹²
2914 2984 2989 3048 ὡς
3020 2985 3205 3038 καινόν
3238 3002 3290 3037 τι
3323 2986 3700 3056 παρεισάγονο

414 3078 829 3133 introducentes
859 3091 927 3132 ex
965 3077 1221 3133 omnibus
1268 3076 1579 3132 ltaaresibus
1625 3088 1994 3146 corrogatum,

2104 3096 2190 3143 τες
2220 3080 2285 3132 ὲκ
2324 3078 2513 3132 πασῶν
2562 3080 2829 3149 αἱρέσεων
2860 3078 3247 3151 ἐρανισάμενοι
3267 3119 3282 3146 ,
3315 3077 3473 3149 ξένην
3514 3078 3701 3149 βίϐλον

413 3169 651 3225 mirabili
686 3169 826 3224 libro
858 3167 1108 3223 coniecto
1144 3183 1209 3223 ex
1233 3165 1485 3223 Elchasai
1539 3169 1774 3238 quodam
1822 3170 1999 3222 nomi-

2105 3170 2473 3235 σκευάσαντες
2515 3171 2782 3241 Ἠλχασαῖ
2811 3188 2959 3235 τινος
3007 3169 3514 3242 ἐπονομαζομένην,
3549 3167 3701 3225 οὗτοι

414 3271 559 3329 nato,
592 3261 644 3314 hi
676 3263 940 3330 principia
975 3260 1216 3314 universi
1280 3260 1643 3314 consimiliter
1676 3260 1999 3329 proﬁtentur

2104 3269 2198 3330 τὰς
2238 3265 2337 3336 μὲν
2368 3265 2542 3336 ἀρχάς
2575 3264 2671 3317 τοῦ
2721 3264 2923 3327 παντὸς
2962 3264 3166 3334 ὁμοίως
3198 3262 3553 3334 ὁμολογοῦσιν
3589 3263 3702 3315 ὑπὸ

411 3373 440 3409 a
469 3356 577 3411 Deo
607 3356 907 3419 exsutisse,
944 3353 1225 3409 Christum
1276 3366 1409 3407 vero
1462 3368 1630 3407 unum
1664 3369 1768 3409 non
1828 3354 1998 3423 protl-

414 3459 613 3515 teutur,
646 3448 741 3503 sed
764 3463 884 3502 esse
908 3448 1246 3517 superiorem
1282 3446 1503 3516 quidem
1533 3462 1722 3511 unum,
1747 3447 1997 3500 eumdem

410 3558 541 3598 vero
567 3540 876 3597 transfundi
916 3542 968 3594 iu
1008 3554 1242 3607 corpora
1275 3538 1447 3593 multa
1507 3551 1902 3608 saepenumero,
1945 3546 2003 3592 et

413 3653 554 3691 nunc
584 3652 712 3691 vero
744 3637 797 3688 in
824 3632 989 3699 Jesu;
1033 3632 1391 3688 consimiliter
1412 3641 1526 3685 tum
1552 3630 1769 3700 quidem
1796 3646 1862 3685 ex
1886 3630 1999 3687 Deo

410 3743 535 3781 eum
563 3734 751 3780 natum
769 3739 914 3790 esse,
941 3733 1052 3777 tum
1076 3734 1256 3778 autem
1281 3724 1534 3792 spiritum
1556 3724 1854 3790 exstitisse,
1885 3735 1997 3778 tum

412 3832 599 3874 autem
630 3835 698 3874 ex
736 3816 988 3888 Virgine,
1035 3826 1150 3871 tum
1198 3828 1379 3872 autem
1417 3833 1562 3884 non;
1602 3818 1833 3872 ethunc
1866 3830 2000 3870 vero

415 3924 598 3984 postea
627 3928 845 3982 semper
874 3913 929 3967 iu
969 3927 1199 3982 corpora
1259 3910 1568 3966 transfundi
1610 3920 1665 3965 et.
1714 3911 1767 3963 in
1814 3911 2001 3965 multis

410 4019 512 4074 per
537 4012 777 4073 tempora
811 4017 1098 4074 apparere.
1130 4002 1373 4058 Utuntur
1407 4010 1586 4056 autem
1612 4003 2002 4056 incantationi-

416 4100 516 4151 bus
550 4108 606 4153 ct
648 4097 958 4167 baptismis,
989 4098 1042 4151 itt
1090 4096 1293 4166 quibus
1343 4094 1614 4149 elementa
1654 4095 1998 4165 proﬁtentur.

413 4189 752 4258 Superbinnt
781 4201 960 4244 autem
1004 4189 1296 4257 astrologia
1325 4198 1378 4242 et
1413 4188 1644 4241 mathesi
1681 4198 1733 4241 et
1777 4188 2002 4257 magicis

413 4284 644 4338 artibus.
673 4282 863 4337 Futuri
900 4292 1079 4337 autem
1110 4282 1368 4353 prascios
1391 4296 1514 4336 sese
1539 4282 1748 4336 dicunt.

484 4394 576 4450 50.
610 4436 623 4450 .
661 4435 676 4449 .
713 4433 728 4448 .
767 4435 781 4450 .
819 4434 834 4448 .
872 4435 886 4450 .
928 4435 943 4450 .
986 4436 999 4449 .
1043 4437 1057 4450 .
1091 4394 1393 4469 [Abraham
1419 4395 1583 4471 jussi]
1640 4396 1734 4451 Dei
1768 4395 1999 4452 commi-

2099 3358 2196 3412 τοῦ
2225 3358 2360 3411 Θεοῦ
2389 3358 2697 3426 γεγονέναι,
2723 3358 2961 3427 Χριστὸν
2982 3357 3038 3409 δὲ
3061 3357 3159 3411 ἕνα
3183 3358 3283 3427 οὐχ
3309 3355 3696 3427 ὁμολογοῦσιν,

2100 3451 2215 3504 ἀλλ’
2248 3447 2389 3503 εἶναι
2411 3450 2503 3503 τὸν
2527 3450 2628 3520 μὲν
2656 3450 2769 3504 ἄνω
2798 3451 2895 3503 ἕνα
2917 3493 2932 3516 ,
2958 3450 3122 3504 αὑτὸν
3144 3449 3201 3503 δὲ
3228 3448 3701 3521 μεταγγιζόμενον

2103 3544 2161 3596 ὲν
2192 3541 2410 3613 σώμασι
2448 3543 2664 3605 πολλοῖς
2694 3543 2738 3573 ⁸³
2791 3542 3060 3607 πολλάκις
3083 3582 3099 3604 ,
3156 3545 3252 3597 καὶ
3298 3542 3391 3595 νῦν
3424 3544 3482 3595 δὲ
3517 3544 3575 3594 ὲν
3614 3541 3701 3612 τῷ

2115 3633 2325 3703 Ἰησοῦ,
2354 3633 2557 3701 ὁμοίως
2589 3631 2766 3703 [πιοτὲ
2801 3633 2899 3703 μὲν
2930 3635 2996 3686 ὲκ
3040 3633 3135 3686 τοῦ
3166 3632 3302 3686 Θεοῦ
3336 3622 3696 3702 γεγενῆσθαι,

2103 3726 2236 3779 ποτὲ
2260 3725 2319 3778 δὲ
2360 3727 2583 3796 πνεῦμα
2631 3724 2955 3793 γεγονέναι,
2999 3726 3133 3778 ποτὲ
3163 3718 3219 3777 δὲ
3263 3726 3330 3777 ὲκ
3375 3725 3697 3796 Παρθένου,

2102 3818 2236 3871 ποτὲ
2265 3817 2323 3869 δὲ
2355 3815 2416 3870 οῦ
2440 3835 2452 3847 ·
2483 3818 2581 3871 καὶ
2617 3816 2806 3871 τοῦτον
2833 3816 2891 3869 δὲ
2923 3816 3218 3886 μετέπειτα
3264 3816 3353 3875 ἀεὶ
3384 3817 3442 3869 ὲν
3474 3815 3698 3885 σώμασι

2106 3907 2539 3981 μεταγγίζεσθαι
2571 3908 2667 3962 καὶ
2709 3909 2768 3960 ὲν
2812 3908 3027 3971 πολλοῖς
3056 3907 3199 3961 κατὰ
3228 3906 3456 3976 καιροὺς
3484 3907 3699 3959 δείκνυ-

2104 4001 2248 4055 σθαι.
2285 4002 2540 4074 Χρῶνται
2574 4001 2632 4054 δὲ
2680 4000 3013 4073 ἐπα[οι]δαῖς
3046 3999 3141 4052 καὶ
3186 4000 3566 4070 βαπτίσμασιν
3599 3999 3698 4053 ἐπὶ

2101 4096 2169 4164 τῇ
2205 4093 2331 4160 ⁹τῶν
2392 4094 2676 4161 στοιχείων
2731 4093 3009 4164 ὁμολογίᾳ.
3068 4091 3396 4164 Σεσόσηνται
3447 4092 3504 4146 δὲ
3564 4093 3698 4163 περὶ

2103 4184 2465 4255 ἀστρολογίαν
2497 4184 2540 4216 ι*
2592 4185 2687 4238 καὶ
2741 4183 3158 4255 μαθηματικὴν,
3195 4183 3294 4237 καὶ
3332 4186 3590 4254 μαγικοῖς
3626 4183 3694 4237 ⁸⁵.

2105 4277 2560 4348 Προγνυητικοὶς
2590 4277 2648 4330 δὲ
2675 4278 2902 4339 ἑαυτοὺς
2932 4274 3206 4344 λέγουσιν.

2175 4390 2241 4445 λ’.
2283 4432 2296 4446 .
2342 4430 2358 4447 .
2396 4400 2416 4447 ’.
2466 4432 2479 4446 .
2514 4432 2525 4445 .
2564 4432 2577 4446 .
2622 4431 2637 4446 .
2676 4431 2690 4445 .
2739 4393 2782 4424 "
2814 4391 2909 4445 τοῦ
2956 4391 3092 4444 Θεοῦ
3119 4393 3160 4423 ⁸⁷
3204 4392 3450 4460 μετοικεῖ
3484 4389 3526 4422 ⁸⁸
3556 4391 3621 4444 ἐκ
3650 4391 3698 4424 ¹⁹

415 4500 534 4560 grat
566 4505 631 4544 cx
657 4488 1064 4559 Mesopotamiae
1096 4489 1231 4543 urbe
1256 4487 1437 4542 llarau
1474 4488 1526 4541 in
1559 4488 1832 4558 regionem
1859 4501 1999 4542 nunc

2106 4484 2535 4555 Μεσοποταμίας
2564 4483 2770 4547 πόλεως
2802 4482 3028 4553 Χαρρὰν
3062 4483 3141 4546 είς
3172 4482 3271 4553 τὴν
3311 4483 3406 4535 νῦν
3444 4482 3544 4552 μὲν
3576 4480 3696 4534 Πα-

416 4582 635 4655 quidem
669 4581 1016 4637 Palaestinam
1048 4580 1402 4652 532-533
1451 4589 1506 4636 et
1532 4578 1773 4635 Iudaeam
1809 4579 1999 4650 appel-

2108 4575 2395 4647 λαιστίνην
2423 4576 2517 4630 καὶ
2547 4574 2623 4648 [ν.
2654 4576 2781 4630 551.
2822 4573 2949 4646 551]
2980 4574 3247 4629 Ἰουδαίαν
3285 4590 3698 4645 προσαγορευο-

1693 4754 1928 4811 VARI/13
1970 4752 2377 4811 LECTIONES.

491 4926 678 5002 “ore.
708 4927 876 5002 ὅτανῖ
906 4928 1194 5002 Sauppius.
1276 4931 1322 4963 ⁸³
1354 4930 1631 5002 θνήσκειν.
1660 4927 1862 4982 Τοῦτον
1883 4926 2001 5002 τὸν,
2013 4925 2227 4999 πατέρα
2246 4926 2936 5002 *αυτόνηθρκήσκεινςτοῦτον
2957 4925 3306 5002 τὸν-πατέρα’
3339 4927 3500 5002 αὑτὸν
3532 4925 3596 5002 (ξ,
3621 4923 3692 4978 Μ.

418 5000 462 5031 ⁸³
496 4999 679 5052 αὐτόν.
715 5000 876 5053 αὐτὸν
912 4995 1376 5070 itan-Sauppius.
1441 4995 1470 5031 ’⁸
1515 5000 1599 5055 Cf.
1631 5015 1791 5069 supra
1823 5014 1876 5067 p.
1902 4995 2009 5051 450
2039 5011 2163 5066 sqq.

2243 4998 2264 5027 ’
2295 4997 2576 5063 ἀσφαλῶς.
2613 4999 2801 5066 σαφῶς
2841 5015 2988 5067 susp.
3025 4997 3096 5053 M.
3175 4999 3197 5029 ³
3235 4998 3345 5053 lloc
3367 5000 3487 5053 loco
3513 4997 3692 5067 aliqua

419 5070 767 5124 rxcidissecx
793 5074 1151 5140 sequentibus
1178 5065 1274 5126 liti.
1301 5070 1465 5132 4-7,
1493 5072 1652 5125 siruti
1687 5065 1750 5123 ex
1789 5065 1886 5140 iis,
1914 5065 2223 5140 qumsupra
2257 5083 2309 5140 p.
2341 5068 2482 5140 458,
2509 5068 2579 5140 $0
2615 5065 2735 5137 sqq.
2766 5065 3039 5140 leguntur,
3070 5079 3313 5140 apparet,
3337 5084 3460 5140 cum
3489 5068 3584 5140 τοῦ

420 5159 518 5209 γου
544 5141 744 5195 mentio
776 5135 1254 5197 hic-desideretur.
1332 5141 1354 5173 ⁸
1383 5141 1504 5193 Θεὸν
1540 5140 1749 5193 τοῦτον.
1783 5137 1906 5191 θεὸν
1929 5138 2059 5190 τὸνῗ
2089 5135 2385 5209 Sauppius.
2464 5139 2486 5169 ⁸
2510 5138 2570 5209 ἓν
2594 5135 2716 5209 add.
2753 5135 2844 5192 M.‘
2901 5140 2921 5169 ⁶
2949 5135 3087 5192 εἶναι
3108 5135 3350 5209 πνεῦμα.
3373 5135 3596 5209 εἷναιῼ.

419 5208 579 5279 supra
614 5227 664 5278 p.
698 5211 949 5283 458,75”.
1025 5213 1043 5242 ⁷
1073 5213 1470 5283 κρατούμενον.
1503 5211 1877 5283 σταυρόμενον
1896 5223 2055 5283 susp.
2089 5208 2157 5262 li.
2184 5208 2422 5283 Scottus.
2446 5278 2474 5283 ﬁ
2502 5208 2731 5283 ’_6_é).st._
2752 5210 2927 5283 θέλειν
2958 5211 3019 5263 C.

422 5277 1035 5353 ¹⁰“περιρρηγνύμενος.
1086 5277 1562 5353 περιρηγ...μενος
1587 5321 1601 5342 ,
1644 5277 1852 5353 duabus
1896 5279 2093 5353 litteris
2126 5279 2394 5342 evanidis,
2435 5278 2498 5333 C.
2538 5277 2609 5353 Μ.

1379 5347 1422 5384 ³⁵
1467 5351 1624 5404 Vocis
1661 5350 1876 5402 πολλοῖς
1906 5350 2132 5417 vestigia
2164 5359 2419 5413 exstant,
2470 5351 2562 5403 sed
2602 5364 2708 5402 non
2746 5364 2966 5415 prorsus
3002 5362 3171 5418 certa.
3205 5348 3274 5402 M.
3358 5349 3401 5418 εδ
3439 5347 3694 5418 ἀστρολο-

1652 5421 1696 5451 ¹⁵
1732 5420 1859 5473 Post
1886 5416 2142 5489 μαγικοῖς
2167 5420 2435 5490 excidisse
2464 5419 2760 5487 ἐπτόηνται
2792 5434 2942 5487 susp.
2968 5416 3018 5470 Μ
3046 5437 3057 5471 :
3097 5417 3383 5490 μαγικήνῖ
3407 5416 3689 5487 Sauppius.

934 5489 1041 5562 qua
1077 5492 1170 5547 fol.
1208 5494 1311 5547 15'2
1345 5497 1466 5547 cod.
1506 5492 1863 5562 terminatur,
1902 5489 2085 5562 aliqua
2144 5489 2281 5562 folia
2337 5489 2730 5562 ituercideruut
2755 5490 3027 5562 ‘ordoqne
3073 5490 3692 5562 reliqueruntl‘oliorutn

423 5354 466 5384 ”
501 5352 585 5406 (ΣΥ.
618 5369 780 5419 supra
824 5368 877 5420 p.
906 5353 1033 5417 462,
1073 5354 1140 5406 47
1163 5352 1298 5421 sqq.

422 5423 570 5495 7(a).
612 5419 836 5495 Litteraf
853 5424 1004 5495 Διὶιςςτρ
1026 5423 1186 5495 plane
1211 5419 1473 5495 evanida.
1501 5419 1574 5473 M.

386 5547 393 5553 _
424 5495 466 5523 ‘6
506 5491 635 5545 Post
669 5492 763 5544 litt.
807 5492 899 5555 ‘28,

432 5562 676 5630 turbatus
704 5575 810 5627 εει,
838 5557 969 5617 cuni
992 5565 1085 5618 l‘ol.
1115 5563 1252 5630 157;
1287 5565 1375 5616 hic
1409 5563 1751 5615 inserendum
1781 5560 1872 5620 sit,
1902 5560 2047 5629 quod
2076 5560 2238 5623 inira,
2263 5574 2316 5626 p.
2344 5560 2471 5624 535,
2503 5559 2592 5621 55,
2624 5559 2716 5611 fol.
2746 5559 2895 5630 1'55,‘
2912 5557 3134 5630 excipit.

3095 5209 3116 5236 '
3144 5207 3375 5279 Νοητοῦ.
3405 5207 3602 5278 Νοητῷ
3628 5207 3691 5261 C.

2720 5281 2760 5309 “
2807 5280 2891 5332 Cf.
2941 5294 3103 5347 supra
3146 5293 3199 5346 p.
3259 5279 3385 5339 452,
3445 5279 3515 5332 ἓὸ
3570 5295 3691 5345 sqq.

3216 5560 3256 5589 ⁸⁷
3273 5559 3357 5613 Cl'.
3385 5558 3691 5614 Chrtutimu

428 5628 708 5700 Hippolyto
751 5634 1032 5701 tributum,
1074 5637 1216 5703 quod
1241 5627 1399 5703 typis
1427 5632 1655 5703 describi
1687 5633 1815 5685 fecit
1842 5627 1933 5684 Jo.
2116 5630 2421 5703 Fabricius,
2461 5631 2512 5703 in
2546 5630 2687 5703 edit.
2708 5646 2833 5698 opp.
2864 5628 2922 5682 S.
2960 5628 3436 5703 lltppnlytirTom.
3470 5629 3508 5694 I,
3539 5646 3592 5697 ν.
3624 5627 3694 5681 49

424 5716 547 5779 (sqq.
573 5711 707 5754 sect.
733 5702 796 5779 9,
819 5719 871 5773 ι).
896 5705 983 5759 55.

1065 5702 1115 5779 ιδ.
1140 5702 1214 5758 De
1242 5699 1676 5779 A'liralt:ttno_l)ci
1699 5702 1944 5779 jussn‘ex
1968 5700 2358 5779 _l\_lesopotamia
2389 5700 2444 5779 in
2483 5699 2819 5779 Palazstinam
2854 5703 3244 5779 coniungi-ante
3267 5701 3351 5756 hic
3384 5714 3693 5755 sermonem

426 5772 539 5823 tieri
560 5769 833 5839 sequentia
869 5784 1052 5844 aperte
1086 5774 1480 5829 demonstrant.
1560 5772 1601 5802 ¹⁹
1643 5773 1823 5833 ὲκ.εἰ;
1858 5771 1921 5835 C,
1967 5770 2035 5835 Μ,
2076 5772 2167 5840 qui
2206 5785 2303 5840 pro
2333 5769 2540 5832 πόλεως
2574 5770 2667 5824 litt.
2699 5769 2788 5836 30,
2825 5784 2977 5840 susp.
3023 5769 3195 5823 πόλιν.
