4114 6416
359 381 501 446 οιιν

1810 374 1994 436 ORIG
2005 376 2178 436 ΕΝῐὸ
2347 377 2378 390 ’”
2401 376 2414 384 ⁷

3501 363 3642 428 3450

363 515 430 553 ex
461 512 598 567 aqua
630 509 808 550 autem
833 492 1089 548 animalia
1128 491 1371 546 natantia
1411 503 1535 546 esse
1573 489 1694 545 volo
1729 498 1783 544 et
1816 503 1949 558 pen-

2065 488 2248 550 ΰδατος
2282 487 2337 542 δέ
2369 485 2482 551 ζῶα
2527 485 2704 558 νηκτὰ
2744 479 2882 540 εἶναι
2916 483 3054 538 θέλω
3078 483 3124 514 ⁸³
3156 481 3254 536 καὶ
3296 481 3496 552 πτηνὰ,
3544 478 3645 552 ἆρ-

367 601 515 655 nata,
542 587 780 642 mascula
813 595 868 641 ct
899 584 1130 641 feminea
1158 601 1173 648 ;
1202 583 1280 639 sic
1314 585 1456 638 enim
1486 582 1652 653 jussit
1685 582 1828 636 Deus
1858 581 1949 650 qui

365 682 533 736 voluit
556 681 846 750 genitalem
875 691 994 733 esse
1032 677 1310 732 humidam
1335 675 1718 729 substantiam.
1761 671 1952 726 Consi-

332 772 565 827 .militer
606 787 671 826 ex
707 780 846 826 terra
886 769 1098 840 reptilia
1129 777 1184 823 ct
1226 767 1430 822 bestias
1470 767 1824 833 omniumque
1862 777 1956 832 ge-

368 879 558 919 nerum
600 862 917 918 animalium
978 860 1216 914 mascula
1265 869 1320 912 et
1359 857 1588 912 feminea
1624 874 1638 910 :
1675 857 1754 910 sic
1807 853 1952 906 enim

368 958 689 1011 admittebat
749 970 929 1010 rerum
985 953 1251 1008 factarum
1317 960 1534 1004 natura.
1604 948 1956 1015 Quaecunque

368 1050 512 1103 rnim
556 1049 746 1111 voluit,
781 1045 1198 1102 faciebatDeus.
1259 1044 1384 1098 "ch
1430 1041 1756 1112 per-Logum
1788 1039 1956 1094 fabri-

371 1143 782 1210 cabantur,quac
799 1140 956 1194 aliter
976 1139 1089 1192 ﬁeri
1107 1153 1208 1192 non
1228 1146 1451 1208 possunt
1468 1144 1629 1205 atque
1651 1134 1792 1189 facta
1809 1142 1957 1190 sunt.

373 1235 604 1300 Quando
639 1246 818 1288 autem
848 1233 1005 1288 sicuti
1035 1231 1203 1285 voluit
1241 1230 1406 1284 etiam
1438 1228 1564 1284 fecit
1589 1243 1652 1282 ea
1677 1266 1691 1285 .
1742 1227 1961 1280 nomine

373 1327 618 1382 vocando
649 1323 994 1394 signiﬁcavit.
1041 1321 1216 1390 Super
1247 1320 1363 1375 haec
1402 1319 1776 1374 universorum
1808 1317 1959 1386 prin-

375 1419 548 1488 cipem
592 1418 868 1470 fabricans
902 1431 969 1469 ex
999 1415 1252 1469 omnibus
1295 1410 1613 1482 compositis
1639 1407 1960 1464 substantiis

377 1509 645 1575 confecit;
686 1524 790 1562 non
817 1507 983 1562 Deum
1021 1503 1402 1576 540-541
1451 1501 1855 1557 volcnsfacere
1886 1497 1964 1554 fc—

377 1601 544 1666 fcllit,
600 1615 776 1669 neque
815 1597 1063 1670 angelum
1119 1599 1220 1665 (ne
1277 1593 1474 1665 erra),
1527 1593 1620 1648 sed
1666 1590 1959 1646 hominem.

378 1693 512 1746 Nam
546 1693 588 1747 si
638 1692 804 1746 Deum
849 1701 901 1744 te
951 1688 1209 1743 voluisset
1242 1686 1457 1753 facere,
1513 1691 1760 1754 poterat;
1800 1680 1965 1736 habes

376 1783 506 1853 Logi
537 1783 872 1852 exemplum;
904 1780 1179 1835 hominem
1209 1777 1412 1837 volens.
1430 1776 1702 1830 hominem
1730 1783 1780 1828 te
1807 1772 1962 1836 fecit;

2060 597 2188 632 σενα
2232 580 2327 632 καὶ
2379 578 2583 649 θήλεα·
2639 578 2781 632 οῦτω
2821 577 2930 647 γὰρ
2971 575 3266 630 ἐκέλευσεν
3321 575 3349 626 6
3408 571 3645 642 θελήσας

2055 671 2190 733 Θεὸς
2225 673 2450 740 γόνιμον
2491 665 2632 724 εῖναι
2666 669 2766 740 τὴν
2820 668 2996 740 ὐγρὰν
3037 667 3251 721 οὐσίαν.
3301 662 3538 735 Ὁμοίως
3582 665 3646 716 ὲκ

2058 763 2162 833 γῆς
2196 763 2402 834 ἑρπετὰ
2434 764 2530 817 καὶ
2555 762 2719 834 θηρία
2748 761 2844 816 καὶ
2870 758 3235 816 παντοδαπῶν
3257 757 3412 822 ζώων
3438 757 3643 827 ἄρσενα

2060 856 2155 907 καὶ
2185 854 2356 924 θήλεα
2382 871 2394 882 ·
2433 852 2607 916 οῦτως
2647 853 2759 923 γὰρ
2799 851 3080 921 ἐνεδέχετο
3122 851 3155 918 ή
3189 848 3298 900 τῶν
3332 845 3638 915 γεγονότων

2061 945 2244 1014 φύσις.
2288 946 2432 997 Ὅσα
2485 944 2594 1014 γὰρ
2622 942 2896 1014 ἠθέλησεν
2921 981 2934 1004 ,
2982 940 3158 993 ἐποίει
3192 939 3220 991 6
3272 938 3428 1000 Θεός.
3461 935 3647 988 Ταῦτα

2063 1037 2224 1108 Λόγῳ
2251 1036 2630 1107 ἐδημιούργει,
2664 1035 2870 1106 ἑτέρως
2899 1031 3158 1102 γενέσθαι
3183 1029 3260 1101 μὴ
3285 1029 3584 1098 δυνάμενα,
3611 1027 3644 1098 ἢ

2061 1129 2136 1192 ὡς
2159 1129 2396 1197 ἐγένετο.
2434 1130 2560 1182 Ὅτε
2582 1128 2640 1183 δέ
2666 1128 2712 1160 ⁸³
2742 1128 2820 1190 ὡς
2849 1126 3087 1196 ἠθέλησε
3119 1125 3215 1177 καὶ
3250 1123 3498 1192 ἐποίησε.
3522 1120 3644 1174 όνό-

2066 1240 2197 1293 ματι
2229 1222 2466 1285 καλέσας
2500 1222 2778 1292 ἐσήμηνεν
2799 1219 2865 1272 ⁸⁸.
2905 1220 3028 1272 Ἐπὶ
3051 1217 3264 1279 τούτοις
3297 1215 3390 1268 τὸν
3424 1213 3647 1267 πάντων

2063 1316 2304 1387 ἄρχοντα
2335 1311 2685 1383 δημιουργῶν
2713 1312 2760 1343 ⁸⁸
2809 1311 2873 1362 ἐκ
2903 1308 3092 1363 πασῶν
3141 1303 3409 1360 συνθέτων
3450 1301 3650 1357 οὐσιῶν

2064 1406 2385 1460 ἐσκεύασεν·
2431 1406 2491 1458 οὐ
2525 1405 2658 1458 Θεὸν
2688 1403 2863 1457 θέλων
2884 1402 2979 1473 .[p.
3009 1397 3348 1470 535—557.]
3405 1398 3578 1450 ποιεῖν
3612 1395 3624 1466 |

2065 1497 2320 1567 ἔσφηλεν,
2361 1497 2483 1550 οὐδέ
2516 1495 2747 1564 ἄγγελον
2774 1495 2875 1566 (μὴ
2907 1493 3142 1563 πλανῶ),
3187 1491 3302 1545 ἀλλ’
3330 1489 3642 1560 ἄνθρωπον.

2065 1592 2128 1644 Εἰ
2167 1591 2278 1662 γὰρ
2311 1590 2447 1644 Θεόν
2498 1606 2558 1642 σε
2605 1588 2840 1659 ἠθέλησε
2890 1587 3115 1657 ποιῆσαι
3141 1625 3157 1651 ,
3194 1582 3456 1638 ἐδύνατοο
3503 1580 3652 1651 ἔχεις

2066 1686 2159 1740 τοῦ
2187 1687 2363 1756 Λόγου
2398 1686 2460 1738 τὸ
2483 1684 2858 1756 παράδειγμαο
2887 1681 3178 1753 ἄνθρωπον
3207 1677 3401 1744 θέλων,
3434 1675 3654 1748 ἅνθρω-

2067 1779 2168 1831 πόν
2205 1795 2263 1831 σε
2318 1777 2603 1848 ἐποίησεν·
2660 1777 2709 1829 εί
2739 1776 2796 1829 δὲ
2827 1775 3001 1838 Θέλεις
3045 1773 3140 1826 καὶ
3187 1771 3324 1834 Θεὸς
3373 1768 3652 1839 γενέσθαι,

377 1848 483 1930 sinv
498 1889 628 1928 vero
657 1848 738 1928 vis
768 1882 822 1926 et
855 1872 999 1926 Deus
1035 1871 1150 1925 ﬁcri
1179 1912 1192 1934 ,
1250 1869 1408 1924 obedi
1443 1868 1490 1923 ei
1519 1907 1532 1932 ,
1595 1866 1685 1936 qui
1721 1877 1769 1920 te
1814 1864 1959 1928 fecit,

2070 1870 2315 1924 ὑπάκουε
2341 1871 2418 1940 τῷ
2447 1867 2800 1938 πεποιηκότι,
2844 1867 2940 1920 καὶ
2975 1866 3049 1936 μὴ
3093 1863 3376 1919 ἀντίϐαινε
3402 1862 3521 1928 νῦν,
3560 1861 3651 1918 ἵνα

380 1980 558 2034 neque
593 1965 840 2019 obnitere
890 1977 1033 2017 nunc
1060 2001 1076 2026 ,
1133 1971 1192 2015 ut
1229 1975 1393 2029 super
1433 1974 1658 2028 parvum
1693 1956 1834 2012 ﬁdeli
1870 1954 1964 2009 tibi

379 2066 594 2126 reperto
629 2069 881 2125 magnum
911 2054 1075 2108 etiam
1100 2051 1353 2108 concredi
1380 2050 1571 2119 possit.
1602 2046 1966 2119 IiujusLogus

378 2149 525 2203 solus
543 2163 607 2203 cx
632 2153 747 2218 ipso
771 2165 787 2214 ;
823 2146 944 2200 ideo
970 2154 1024 2199 et
1058 2143 1218 2208 Deus,
1248 2140 1551 2198 substantia
1581 2155 1705 2195 cum
1733 2138 1804 2194 sit
1833 2136 1922 2192 Dei
1947 2151 1962 2201 ς

379 2240 608 2293 mundus
636 2249 816 2292 autem
855 2253 918 2292 ex
963 2237 1171 2302 nihilo;
1213 2236 1336 2289 ideo
1369 2248 1474 2288 non
1510 2231 1652 2286 Deus
1687 2247 1701 2297 ;
1740 2229 1833 2286 hic
1864 2229 1959 2284 ad-

378 2332 544 2387 mittit
572 2331 734 2385 etiam
773 2331 1118 2396 solutionem,
1147 2328 1364 2398 quando
1391 2326 1506 2383 vult
1533 2325 1625 2396 qui
1649 2338 1772 2379 eum
1807 2335 1963 2376 crea-

375 2425 474 2479 vit.
513 2423 653 2477 Deus
703 2431 909 2486 autem,
959 2423 1048 2490 qui
1080 2420 1304 2483 creavit,
1339 2419 1537 2474 malum
1580 2431 1686 2470 non
1729 2412 1966 2468 faciebat

377 2531 556 2586 neque
592 2515 762 2580 facit;
818 2513 1026 2586 [facit]
1081 2515 1364 2568 honestum
1404 2520 1459 2565 et
1499 2509 1736 2572 bonum,
1791 2504 1965 2559 bonus

375 2607 518 2661 enim
555 2609 644 2675 qui
698 2606 846 2660 facit.
885 2604 986 2670 Qui
1025 2613 1204 2658 autem
1244 2602 1418 2656 factus
1447 2608 1530 2656 est
1571 2599 1735 2654 homo
1764 2593 1964 2650 animal

377 2713 489 2752 sua:
504 2698 788 2767 potestatis
809 2705 945 2762 erat,
966 2711 1071 2750 non
1088 2696 1450 2750 dominantem
1473 2700 1706 2747 mentem
1735 2688 1964 2752 habens,

377 2806 482 2844 non
514 2779 746 2844 consilio
766 2800 820 2844 et
841 2788 1068 2858 imperio
1088 2797 1139 2842 et
1164 2794 1427 2856 potestate
1450 2783 1634 2840 omnia
1670 2793 1960 2852 superans,

377 2883 471 2938 sed
509 2898 723 2938 servum
755 2891 811 2937 et
845 2881 1027 2936 omnia
1082 2880 1290 2955 habens
1326 2878 1636 2934 adversaria
1669 2893 1683 2941 ;
1719 2874 1810 2946 qui
1840 2888 1963 2929 cum

376 2988 486 3028 suae
517 2973 804 3042 potestatis
834 2973 926 3036 sit,
971 2971 1172 3026 malum
1207 2970 1522 3040 adgenerat,
1550 2967 1692 3036 quod
1722 2979 1787 3020 ex
1819 2962 1963 3019 acci-

374 3064 523 3118 denti
553 3063 870 3133 pcrﬁcitur,
922 3076 1046 3117 cum
1080 3061 1152 3116 sit
1197 3059 1330 3115 nihil
1359 3101 1372 3125 ,
1413 3059 1516 3114 nisi
1571 3056 1779 3118 facias;
1835 3055 1961 3110 dum

369 3157 518 3211 cutim
556 3157 803 3213 volumus
826 3168 882 3211 et
904 3156 1236 3211 arbitramur
1265 3152 1480 3222 aliquod
1503 3151 1732 3215 malum,
1761 3146 1960 3202 malum

375 3249 704 3312 nominatur,
731 3247 874 3317 quod
896 3262 1008 3300 non
1032 3256 1116 3300 est
1139 3261 1167 3298 a
1197 3245 1484 3315 principio,
1509 3245 1603 3298 sed
1624 3240 1957 3296 adnascitur.

373 3339 476 3406 Qui
510 3355 628 3393 cum
658 3353 766 3393 sua:
807 3336 1088 3408 potestatis
1122 3335 1230 3400 sit,
1275 3333 1360 3388 lex
1396 3347 1426 3386 a
1459 3331 1570 3387 Deo
1600 3330 1962 3388 deﬁniebatur

373 3431 516 3485 haud
570 3429 810 3494 frustra;
856 3444 978 3483 nam
1025 3427 1070 3482 si
1124 3441 1230 3480 nou
1275 3433 1458 3495 posset
1500 3425 1662 3480 homo
1712 3422 1848 3477 velle
1907 3431 1963 3478 ct

373 3523 538 3587 nolle,
586 3536 684 3576 cur
717 3521 879 3576 etiam
911 3520 999 3575 lex
1026 3517 1390 3574 deﬁniretur?
1418 3515 1530 3572 Lex
1561 3514 1706 3570 enim
1741 3511 1962 3568 animali

375 3613 600 3667 rationis
626 3611 835 3680 experti
876 3625 981 3664 non
1019 3608 1348 3670 deﬁnietur,
1384 3607 1478 3662 sed
1533 3605 1744 3660 frenum
1775 3611 1829 3659 et
1866 3600 1962 3655 lla-

371 3704 592 3773 gellum,
634 3702 837 3757 homini
868 3715 1013 3755 vero
1059 3707 1386 3768 praeceptum
1427 3703 1482 3750 et
1528 3709 1682 3764 poena
1723 3692 1958 3748 faciendi

374 3795 516 3862 quod
551 3795 763 3864 jussum
795 3802 879 3847 cst
908 3798 962 3844 ct
1008 3805 1116 3844 non
1151 3787 1405 3843 faciendi.
1443 3784 1581 3842 Huic
1619 3787 1704 3842 lex
1739 3784 1958 3842 deﬁnita

373 3894 458 3939 est
497 3899 594 3954 per
615 3883 789 3953 justos
822 3883 966 3938 viros
1021 3880 1362 3948 antiquitus;
1413 3878 1637 3948 pr0pius
1689 3892 1721 3932 a
1772 3884 1956 3932 nostra

372 3986 534 4032 actate
562 3991 659 4047 per
683 3985 809 4030 ante
836 3975 1040 4030 dictum
1063 3973 1286 4036 Mosem,
1317 3971 1493 4026 virum
1525 3972 1673 4041 pium
1703 3978 1760 4026 et
1788 3984 1817 4023 a
1849 3968 1959 4024 Deo

371 4071 650 4135 dilectum,
669 4068 756 4123 lex
781 4068 1142 4123 deﬁniebatur
1169 4065 1325 4133 plena
1355 4065 1623 4136 gravitate
1645 4073 1700 4118 et
1724 4060 1956 4131 iustitia.

371 4162 580 4217 Cuncta
617 4170 799 4214 autem
831 4160 968 4229 regit
1001 4157 1179 4228 Logus
1207 4156 1329 4221 Dei,
1360 4155 1755 4226 primogenitus
1778 4153 1958 4209 Patris

370 4269 506 4326 puer
531 4297 546 4322 ,
591 4270 696 4308 vox
751 4253 941 4308 lucifer
965 4292 980 4317 ,
1047 4268 1167 4322 qua:
1198 4261 1323 4306 ante
1353 4251 1562 4306 stellam
1601 4248 1824 4305 Veneris
1852 4255 1958 4304 est.

361 4346 563 4401 Postea
605 4344 734 4417 justi
768 4345 865 4400 viri
899 4344 1228 4400 exstiterunt
1270 4342 1428 4398 amici
1460 4341 1552 4398 Dei
1578 4357 1592 4370 ·
1632 4341 1686 4396 hi
1721 4339 1956 4411 pr0phe-

2069 1965 2162 2016 ἐπὶ
2191 1962 2270 2033 τῷ
2303 1961 2486 2034 μικρῷ
2515 1960 2706 2022 πιστὸς
2740 1959 2990 2032 εὑρεθεὶς
3029 1959 3124 2012 καί⁵
3156 1957 3217 2012 τὸ
3249 1957 3395 2028 μέγα
3423 1971 3656 2010 πιστευ-

2068 2053 2227 2122 θῆναι
2252 2051 2486 2122 δυνηθῇς
2519 2051 2586 2104 ⁸⁶¹.
2616 2047 2819 2102 Τούτου
2859 2048 2903 2080 ⁸⁷
2925 2049 2954 2100 6
2973 2048 3144 2116 Λόγος
3177 2047 3337 2117 μόνος
3367 2045 3428 2110 ἐξ
3450 2042 3616 2098 αὐτοῦ
3639 2058 3654 2072 ⁸

2066 2145 2146 2198 διὸ
2185 2146 2282 2198 καὶ
2308 2143 2440 2206 Θεὸς
2466 2184 2480 2206 ,
2513 2141 2672 2196 οὐσία
2704 2141 2966 2212 ὑπάρχων
3005 2137 3142 2193 Θεοῦ
3171 2155 3184 2169 ⁸
3208 2140 3237 2193 6
3271 2138 3328 2192 δὲ
3354 2137 3558 2208 κόσμος
3589 2135 3652 2200 ἐξ

2067 2238 2283 2302 οὐδενός
2310 2256 2324 2270 ·
2377 2237 2457 2290 διὸ
2490 2237 2551 2291 οὐ
2587 2235 2756 2299 Θεόςο
2801 2229 2956 2298 οὗτος
2993 2233 3304 2304 ἐπιδέχεται
3344 2231 3439 2285 καὶ
3475 2227 3653 2292 λύσιν,

2067 2333 2157 2387 ὅτε
2193 2329 2442 2402 βούλεται
2471 2331 2500 2382 6
2533 2329 2748 2390 κτίσας.
2789 2327 2849 2380 '0
2879 2325 2936 2379 δὲ
2960 2324 3150 2388 κτίσας
3183 2322 3317 2386 Θεὸς
3347 2321 3518 2376 κακὸν
3551 2319 3656 2374 οὐκ

2067 2425 2244 2480 ἐποίει
2275 2423 2396 2476 οὐδὲ
2429 2423 2573 2476 ποιεῖ
2592 2437 2606 2452 ο
2645 2417 2834 2492 [ποιεῖ]
2872 2417 3037 2472 καλὸν
3061 2417 3107 2449 ⁸⁸
3133 2417 3226 2469 καὶ
3250 2413 3478 2483 ἀγαθὸν,
3505 2413 3650 2480 ἀγι-

2071 2519 2162 2582 θὸς
2193 2517 2302 2586 γὰρ
2336 2517 2364 2569 6
2409 2513 2603 2570 ποιῶν.
2663 2511 2724 2567 Ὀ
2766 2511 2824 2565 δέ
2853 2511 3146 2580 γενόμενος
3176 2508 3468 2580 ἄνθρωπος
3515 2506 3656 2571 ζῶον

2070 2609 2415 2676 αὐτεξούσιον
2444 2602 2534 2679 ἦν,
2568 2606 2670 2660 οὐκ
2699 2605 2940 2676 ἄρχοντα
2978 2601 3107 2656 νοῦν
3137 2602 3183 2634 ⁸⁸
3217 2600 3365 2671 έχον,
3395 2599 3497 2653 οὐκ
3531 2601 3657 2652 ἐπι-

2069 2702 2188 2773 νοίᾳ
2236 2701 2332 2754 καὶ
2378 2698 2602 2769 ἐξουσίᾳ
2645 2699 2742 2751 καὶ
2786 2696 3014 2766 δυνάμει
3051 2695 3270 2748 πάντων
3309 2691 3550 2764 κρατοῦν
3575 2691 3651 2755 ³⁸,

2068 2794 2206 2848 ἀλλὰ
2255 2793 2440 2846 δοῦλον
2472 2791 2567 2845 καὶ
2610 2789 2791 2844 πάντα
2841 2787 2962 2858 ἔχον
3007 2787 3074 2841 τὰ
3104 2789 3147 2822 ⁸³
3186 2785 3439 2840 ἐναντία·
3488 2783 3547 2848 ὃς
3577 2783 3661 2854 τῷ

2069 2886 2420 2951 αὐτεξούσιον
2447 2885 2715 2956 ὑπάρχειν
2763 2881 2825 2935 τὸ
2860 2881 3030 2936 κακὸν
3060 2880 3358 2951 ἐπιγεννᾷ,
3395 2880 3462 2931 ἐκ
3518 2895 3662 2948 συμ-

2069 2979 2366 3051 ϐεϐηκότος
2396 2975 2847 3045 ἀποτελούμενον,
2880 2972 2987 3046 [ὃν]
3030 2973 3128 3044 μὲν
3161 2971 3314 3026 οὐδὲν
3338 2971 3408 3035 ’³,
3446 2969 3546 3023 ἐὰν
3575 2969 3656 3040 μὴ

2069 3074 2230 3143 ποιῇς
2257 3087 2272 3102 ο
2305 3071 2364 3122 ἐν
2399 3068 2510 3139 γάρ
2551 3065 2631 3138 τῷ
2663 3065 2840 3118 θέλειν
2873 3065 2969 3118 καὶ
3007 3063 3254 3135 νομίζειν
3298 3079 3350 3114 τι
3390 3060 3563 3114 κακὸν
3599 3059 3664 3112 τὸ

2070 3157 2244 3212 κακὸν
2270 3153 2625 3227 ὀνομάζεται,
2667 3154 2772 3208 οὐκ
2804 3152 2865 3207 ὃν
2894 3154 2990 3206 ἀπ’
3035 3151 3237 3224 ἀρχῆς,
3261 3150 3379 3204 ἀλλ’
3409 3149 3658 3218 ἐπιγινόο

2074 3265 2234 3318 μενον
2260 3246 2328 3300 ⁸³.
2367 3240 2444 3301 οὐ
2478 3246 2527 3279 ’⁸
2570 3244 2929 3311 αὐτεξουσίου
2965 3243 3120 3307 όντος
3168 3243 3336 3314 νόμος
3365 3241 3472 3296 ὐπὸ
3512 3239 3656 3294 Θεοῦ

2067 3338 2303 3410 ὡρίζετο
2323 3338 2385 3391 οὐ
2418 3337 2597 3409 μάτην
2625 3355 2639 3370 ο
2672 3339 2721 3390 εἰ
2743 3336 2854 3408 γὰρ
2887 3335 2962 3406 μὴ
2984 3337 3032 3369 ’⁵
3056 3329 3205 3406 εῖχεν
3228 3337 3258 3388 6
3287 3333 3575 3406 ἄνθρωπος
3594 3333 3661 3386 τὸ

2071 3431 2246 3484 θέλειν
2280 3431 2374 3485 καὶ
2425 3430 2486 3484 τὸ
2516 3431 2594 3502 μὴ
2629 3430 2829 3494 θέλειν,
2864 3429 2918 3481 τί
2959 3429 3056 3482 καὶ
3100 3428 3265 3499 νόμος
3307 3427 3544 3500 ὡρίζετο
3567 3427 3658 3491 ⁹⁶;

2080 3522 2141 3576 '0
2193 3522 2362 3592 νόμος
2407 3521 2516 3592 γάρ
2551 3521 2733 3591 ἀλόγῳ
2793 3519 2919 3590 ζὼῳ
2954 3519 3054 3590 οὐχ
3093 3518 3468 3591 ὁρισθήσεται,
3516 3515 3661 3572 ἀλλὰ

2069 3613 2283 3686 χαλινὸς
2317 3613 2412 3668 καὶ
2453 3612 2654 3684 μάστιξ
2673 3613 2740 3676 ³⁷,
2771 3610 3046 3683 ἀνθρώπῳ
3067 3611 3124 3664 δὲ
3160 3611 3350 3682 ἐντολὴ
3376 3610 3472 3664 καὶ
3489 3609 3662 3681 πρόσ-

2065 3719 2225 3771 τιμον
2269 3701 2366 3755 τοῦ
2413 3704 2591 3755 ποιεῖν
2619 3700 2682 3755 τὸ
2713 3700 3194 3772 προστεταγμένον
3219 3700 3316 3753 καὶ
3351 3699 3428 3772 μὴ
3455 3701 3655 3756 ποιεῖν.

2067 3792 2256 3862 Τούτῳ
2290 3793 2454 3863 νόμος
2484 3791 2699 3864 ὡρίσθη
2731 3791 2823 3846 διὰ
2845 3790 3076 3845 δικαίων
3109 3789 3324 3861 ἀνδρῶν
3347 3789 3658 3855 ἐ-πάνωθεν,

2065 3882 2250 3952 ἔγγιον
2300 3882 2460 3954 ἡμῶν
2511 3882 2598 3936 διὰ
2635 3883 2680 3914 ’⁸
2725 3881 2821 3935 τοῦ
2873 3881 3278 3953 προειρημένου
3339 3880 3658 3945 Μωῦσέως,

2065 3973 2257 4039 ἀνδρὸς
2312 3971 2618 4037 εὐλαϐοῦς,
2661 3974 2774 4028 ,καὶ
2837 3972 3158 4042 θεοφιλοῦς,
3197 3973 3365 4044 νόμος
3419 3970 3659 4044 ὡρίζετο

2064 4061 2282 4132 πλήρης
2339 4062 2676 4131 σεμνότητος
2705 4063 2803 4115 καὶ
2853 4061 3223 4133 δικαιοσύνης.
3255 4061 3340 4116 Τά
3376 4062 3433 4116 δὲ
3476 4062 3659 4117 πάντα

2060 4154 2256 4208 διοικεῖ
2321 4155 2352 4206 ό
2424 4154 2597 4222 Λόγος
2646 4153 2675 4205 6
2729 4153 2903 4219 Θεοῦ,
2959 4157 2988 4208 6
3023 4155 3370 4226 πρωτόγονος
3434 4156 3658 4227 Πατρδς

2061 4247 2236 4313 Παῖς,
2295 4249 2328 4316 ὴ
2393 4245 2499 4319 πρὸ
2544 4245 2824 4316 έωσφόρου
2885 4246 3175 4318 φωσφόρος
3210 4248 3362 4317 φωνή
3392 4248 3462 4302 ⁸⁸.
3513 4248 3656 4307 Ἔπ-

2058 4353 2179 4392 ειτα
2234 4336 2248 4406 ι
2297 4336 2497 4391 δίκαιοι
2562 4336 2757 4409 ἄνδρες
2805 4337 2823 4370 ¹
2868 4338 3192 4408 γεγένηνται
3266 4338 3413 4409 φίλοι
3471 4338 3651 4394 Θεοῦ’

1678 4520 1914 4576 VARIA‘Z
1949 4517 2358 4577 LECTIONES.

441 4707 485 4737 "
516 4705 672 4760 Θέλω.
706 4705 876 4778 θέλξον
907 4703 1073 4778 ϐηΜ,
1103 4704 1259 4778 λέγω
1278 4719 1426 4774 susp.
1453 4706 1753 4778 Roepcrus.
1784 4703 1954 4760 Sicuti
1979 4719 2086 4778 nos
2114 4706 2290 4778 etiam
2311 4706 2616 4778 Bunsenius
2631 4715 2890 4762 correxrt.
2966 4708 3014 4742 ⁸³
3045 4711 3173 4763 Ὂτε
3206 4708 3423 4764 suo“
3443 4707 3501 4762 δέ
3525 4708 3559 4778 ἢ
3585 4707 3648 4764 C.

367 4779 413 4849 Ἷδ
448 4778 545 4849 ἐσή
555 4793 746 4849 μηνεν.
765 4775 1220 4849 Ἐπὶ-τ-ἄρχονςτα.
1245 4776 1521 4849 ἐσήμηνεν
1541 4775 1945 4849 ἐπὶ-ἄρχοντα
1967 4776 2034 4849 ὃν
2049 4776 2388 4849 Eumenius.
2459 4777 2504 4808 ⁸⁸

2526 4777 2876 4848 δημιουργῶν
2898 4778 3196 4847 Rerperus,
3230 4777 3554 4848 Butnscnius,
3582 4778 3648 4833 Β.

369 4843 970 4919 80‹)ιιύ“ε,’δημιουργὸν
1001 4843 1064 4908 C,
1094 4846 1164 4899 Μ.
1227 4846 1287 4919 ff
1314 4843 1628 4919 CffMatth.
1659 4843 1971 4919 ιχνζᾘῌοι
2008 4846 2081 4919 25
2103 4843 2250 4919 τ-Εῦ,
2281 4846 2435 4919 δοῦλε
2469 4843 2639 4919 ᾁγαθὲ
2671 4843 2785 4902 καί
2810 4849 2994 4914 πιστέ,
3017 4843 3121 4902 ’ἐπὶ
3147 4850 3305 4918 ὀλίγα
3329 4843 3399 4918 ἧς
3434 4849 3646 4914 πιστὸς,

366 4919 460 4971 ἐπὶ
495 4915 718 4970 πολλῶν
746 4934 805 4969 σε
832 4915 1187 4987 καταστήσω.
1214 4915 1298 4972 Cf.
1337 4918 1500 4971 etiam
1535 4917 1667 4972 Luc.
1695 4933 1811 4980 χιιι,
1846 4916 1932 4970 l7.

2032 4917 2078 4948 ⁸⁷
2100 4917 2364 4990 Τούτου-κ
2390 4918 2610 4972 Τούτων
2640 4919 2943 4990 Roeperus.

3052 4921 3100 4953 ⁸⁸
3127 4921 3261 4974 Οὐδὲ
3301 4921 3475 4972 ποιεῖ’
3507 4923 3654 4974 ποιεῖ

367 4987 870 5074 καλὸνιξιιηςξξιιὶυε
896 4989 1158 5074 surad’c‘n‘tc
1193 4988 1647 5074 \V’pfds‘vvortliio.
1678 4987 1993 5074 οὐδ’ὲθποιεῖ·
2023 4988 2188 5074 καλὸν
2214 4987 2386 5074 C,“M,
2402 4990 2665 5074 'quinpost
2708 4987 2856 5044 ποιεῖ
2895 4991 3242 5046 inserendum
3275 5005 3397 5044 esse
3425 5000 3578 5058 putat
3599 4992 3649 5045 εί

368 5059 443 5132 μὴ
475 5059 558 5112 vel
582 5058 802 5132 ﬁ,_066§
829 5061 997 5132 ποιεῖ,
1011 5058 1160 5132 ’ἀλλὰ
1191 5058 1358 5132 καλὸν
1391 5058 1700 5132 Roqperus,
1724 5057 1881 5132 οὐδέν
1903 5072 1917 5086 ⁸
1945 5061 2094 5132 ποιεῖ
2119 5059 2176 5112 δὲ
2196 5058 2374 5132 καλὸν
2401 5057 2468 5132 Β.
2503 5059 2754 5132 Scottus.
2817 5061 2863 5132 ’ξ
2898 5060 3138 5132 ἄρχοντα
3171 5059 3297 5132 νοῦν
3320 5057 3646 5132 Βιιιιδθιιίυς,

365 5125 556 5200 ἄρ’χον,
602 5125 839 5200 οὐ-νοῦν
879 5127 940 5200 Ο,
979 5129 1050 5191 Μ,
1092 5129 1258 5200 ἄρχον
1291 5128 1374 5192 ὃν,
1421 5125 1548 5182 νοῦν
1579 5127 2083 5200 ,ὶνοτίίδννονιιιίιιθ

364 5197 413 5232 ⁸³⁷
437 5197 704 5253 ἁποτελού
713 5215 897 5269 μενον,
919 5197 978 5270 ὸν
1009 5200 1107 5267 μὲν
1133 5197 1309 5257 οὐδέν.
1329 5197 1762 5270 ἀποτελούμενον
1783 5200 1883 5268 μὲν
1914 5198 2067 5251 οὐδέν
2087 5197 2149 5263 C,
2173 5197 2630 5270 ἀποτελούμενον,
2659 5200 2718 5254 ὃν
2747 5201 2902 5254 οὐδὲν
2933 5217 3083 5270 susp.
3107 5197 3182 5258 Ms.

1357 5271 1405 5302 ⁸³
1432 5269 1544 5323 Vox
1579 5263 1654 5322 Οὐ
1693 5263 1918 5338 prorsus
1946 5270 2192 5323 evanida.
2225 5270 2294 5324 M.

367 5340 665 5412 Boeperus.
742 5341 790 5412 7’“
820 5339 1019 5412 θέλειν,
1042 5339 1093 5391 τί
1116 5341 1210 5412 καὶ
1241 5341 1403 5412 νόμος
1425 5340 1676 5412 ὡρίζετο.
1698 5337 1890 5412 θέλειν
1924 5356 1998 5412 τι,
2034 5342 2130 5412 καὶ
2161 5341 2323 5410 νόμος
2353 5337 2589 5412 ὡρίζετο
2614 5337 2838 5412 ΕξΜη
2863 5342 2906 5372 ⁸⁷
2950 5337 3187 5410 μάστίγξ
3215 5344 3278 5396 (Σ.

365 5287 474 5323 νον.
513 5271 904 5337 ἐπιγενόμενον
928 5269 1253 5324 Bunsenius.

2191 5130 2236 5214 ξθ
2264 5130 2522 5232 κρατοῦν.
2577 5130 2798 5232 κρατῶν
2938 5129 2947 5131 “
2974 5129 3034 5163 ’⁸³
3075 5130 3198 5232 ἕχον
3235 5131 3338 5232 τὲ..
3364 5129 3555 5232 {xw-.11
3583 5131 3645 5186 (Σ.

2404 5201 3186 5344 πῖῗνῗέέρδέήθὺῗῖνγῖῗρδῗὴδῖἷ
3237 5201 3307 5326 οῖ
3323 5201 3647 5342 Titii“;

3357 5342 3404 5373 "
3436 5344 3648 5396 ἐπάνω-

367 5408 699 5478 θενζέγγιον
729 5411 886 5480 ἡμῶν
908 5410 1006 5463 -διά
1060 5408 1340 5463 ἐπάνωθεν
1366 5408 1736 5481 κινουμένων,
1755 5408 1830 5471 ὡς
1857 5409 1990 5481 διάῖ
2063 5410 2132 5442 ⁹³⁹
2173 5408 2436 5474 Μωῦσέος
2467 5413 2530 5467 C.
2607 5413 2652 5444 9'
2687 5414 2768 5466 Cf.
2800 5411 2842 5465 ll
2881 5408 3022 5465 l‘etr.
3065 5429 3104 5475 1,
3132 5408 3226 5476 18,
3262 5413 3349 5468 19.
3382 5413 3494 5466 Καὶ
3518 5411 3647 5466 ταύο

365 5483 588 5566 τηνπὴν
617 5478 802 5566 φωνὴν
834 5482 994 5551 ἡμεῖς
1025 5480 1341 5566 ἠκούσαμεν
1376 5481 1434 5566 s;
1459 5478 1692 5566 οὐρανοῦ
1724 5478 2037 5564 ἐνεχθεῖσαν
2071 5483 2169 5566 σὺν
2205 5483 2354 5566 αὐτῶ
2381 5483 2536 5566 ὄντες
2568 5485 2626 5536 ἐν
2647 5484 2725 5554 τῷ
2753 5484 2868 5553 ὄρει
2901 5482 2978 5552 τῷ
3017 5483 3176 5554 ἁγίῳ,
3207 5484 3301 5536 καὶ
3328 5485 3526 5566 ἔχομεν
3544 5481 3644 5566 ’βε-

367 5499 464 5551 την
489 5483 588 5552 τὴν
617 5483 802 5551 φωνὴν
834 5482 994 5551 ἡμεῖς
1025 5481 1341 5551 ἠκούσαμεν
1376 5481 1434 5544 ἐξ
1459 5481 1692 5551 οὐρανοῦ
1724 5481 2037 5548 ἐνεχθεῖσαν
2071 5483 2169 5535 σὺν
2205 5483 2353 5554 αὐτῷ
2381 5483 2536 5546 ὄντες
2568 5485 2626 5536 ἐν
2647 5484 2725 5554 τῷ
2753 5484 2868 5553 ὄρει
2901 5482 2978 5552 τῷ
3017 5483 3176 5554 ἁγίῳ,
3207 5484 3301 5536 καὶ
3328 5485 3526 5566 ἔχομεν

367 5551 649 5624 σξιιότερον
676 5552 767 5624 τὸν
820 5551 1162 5624 προφητικὸν
1185 5551 1364 5624 λόγον,
1397 5547 1442 5620 ᾧ
1472 5550 1652 5624 καλῶς
1682 5552 1890 5624 ποιεῖτε
1927 5551 2292 5624 προσέχοντες
2315 5553 2402 5624 ὡς
2427 5553 2607 5624 λύχνῳ
2660 5553 2906 5624 φαίνοντι
2939 5559 2997 5605 ἐν
3026 5553 3298 5624 αὐχμηρῷ
3335 5569 3508 5622 τοπῳ,
3544 5481 3586 5606 Ξ

3574 5570 3647 5616 ως

367 5615 427 5674 οὗ
462 5615 646 5705 ἡμέρα
671 5615 1061 5702 διαυγάσηκαι
1095 5615 1384 5692 φωσφόρος
1410 5615 1670 5692 ἆνατείλη
1697 5621 1755 5672 ἐν
1779 5621 1900 5684 ταῖς
1932 5615 2186 5692 καρδίαις
2209 5615 2393 5695 ὑμῶν,
2419 5642 2474 5678 κ.
2495 5615 2560 5677 ’τ.
2578 5615 2640 5677 ’λ.
2673 5615 2684 5624 ’
2721 5625 2736 5655 ⁸
2769 5623 2852 5676 (Σί.
2880 5639 3001 5677 cum
3027 5615 3414 5694 his-Hippolyti
3448 5615 3645 5676 librum

369 5693 436 5742 de
475 5695 694 5745 thrtsto
727 5702 782 5744 et
811 5693 1149 5746 Antichristo
1173 5690 1202 5746 ξ
1231 5693 1266 5743 ‘2
1302 5693 1411 5746 (ed.
1450 5693 1598 5746 Pani.
1628 5679 1830 5746 Anton.
1865 5693 1933 5745 de
1960 5689 2226 5746 Laaarde.
2278 5712 2331 5746 n.
2374 5693 2443 5746 2:
2493 5696 2580 5746 ed.
2623 5693 2710 5746 Jo.
2763 5693 2884 5746 Ali).
2931 5692 3149 5746 Fabric.
3183 5710 3237 5746 ι).
3275 5695 3330 5746 5i
3362 5710 3377 5746 :
3426 5691 3645 5746 Ἐπειδὴ

369 5693 436 5776 de
475 5689 694 5745 Christo
727 5702 782 5744 et
811 5689 1202 5774 Aniichristog
1231 5693 1266 5743 ‘2
1295 5689 1411 5757 '(ed.
1450 5693 1598 5774 Pani.
1628 5689 1830 5746 Knton.
1865 5693 1933 5745 de
1960 5689 2331 5764 Lagardefp.
2374 5693 2443 5760 2;
2493 5696 2580 5749 ed.
2623 5693 2710 5749 Jo.
2763 5693 2884 5748 Ali).
2931 5692 3149 5747 Fabric.
3183 5689 3377 5764 p'.'5)':
3426 5691 3646 5763 Ἐπειδὴ

367 5775 476 5835 γ-αρ
499 5758 548 5812 oi
584 5761 842 5835 μακάριοι
861 5778 1148 5835 λπροῳηται
1173 5760 1444 5833 οφθαλμοὶ
1468 5765 1627 5833 ἡμων
1658 5760 1927 5835 ἐγένοντο,
1957 5763 2300 5835 προορῶντες
2350 5765 2438 5818 διὰ
2470 5765 2706 5827 πίστεως
2734 5763 2805 5817 τὰ
2837 5761 2930 5835 τοῦ
2971 5763 3147 5835 Λόγου
3185 5765 3461 5835 μυστήρια
3482 5779 3496 5794 ο
3519 5763 3645 5835 favit

368 5828 549 5900 (ἅτινα
581 5828 764 5901 ξοδδ.)
789 5832 883 5884 καὶ
905 5828 1022 5893 ταῖς
1042 5828 1547 5904 ’μεταγενεστέραις
1580 5834 1792 5899 γενεαῖς
1818 5828 2166 5902 διηκόνησάν,
2191 5836 2252 5890 οὐ
2282 5828 2451 5906 μόνον
2483 5836 2549 5890 τὰ
2584 5834 2953 5906 παρῳχηκότα
2987 5828 3254 5903 εἰπόντες,
3281 5828 3417 5889 ἀλλὰ
3448 5831 3542 5888 καὶ
3577 5833 3643 5886 τὰ
