4114 6422
421 426 559 494 3451

1564 429 1861 490 CONTRA
1901 381 2267 489 Il.‘ERESES
2303 430 2447 488 LIB.
2487 431 2557 492 Χ.

3559 408 3718 487 ειδε’

421 533 569 594 οὗτοι
602 539 879 612 προφῆται
901 539 1198 611 κέκληνται
1227 539 1288 592 τὸ
1309 538 1398 593 διὰ
1425 539 1750 610 προφαίνειν
1777 541 1845 593 τὰ
1881 539 2007 610 μέλ-

2121 552 2184 597 ιω
2220 543 2392 596 vocati
2426 553 2571 606 sunt,
2617 541 2740 611 quia
2783 547 3208 612 praemonstrant
3257 539 3454 591 futura.
3495 536 3700 603 Quibus

419 634 606 690 λοντα.
636 630 712 704 [ρ.
743 633 869 688 557.
903 630 1056 704 558.]
1086 629 1182 697 Οἷς
1205 634 1304 704 οὐχ
1336 633 1456 696 ἑνὸς
1483 633 1674 704 καιροῦ
1703 633 1862 700 λόγος
1883 632 2012 699 ἐγέο

421 740 566 788 νετο,
597 724 731 778 άλλά
759 723 848 777 διά
880 725 1069 778 πασῶν
1101 724 1303 793 γενεῶν
1355 727 1412 778 αί
1448 725 1560 777 τῶν
1593 725 2011 795 προλεγομένων

425 815 608 884 φωναὶ
650 815 1030 870 εύαπόδεικτοι
1083 817 1446 887 παρίσταντο“
1504 817 1605 869 οὐκ
1657 818 1776 870 ἐκεῖ
1827 817 2009 886 μόνον,

433 903 588 974 ἡνίκα
625 909 736 970 τοῖς
771 907 1040 979 παροῦσιν
1069 909 1459 979 ἀπεκρίναντο,
1492 907 1628 962 ἀλλά
1659 908 1755 960 καὶ
1781 907 1867 960 διὰ
1901 925 2009 961 πα-

430 991 538 1046 σῶν
563 994 767 1064 γενεῶν
794 996 862 1049 τὰ
895 997 1130 1067 ἐσόμενα
1170 998 1576 1069 προεφήναντοο
1613 996 1704 1050 ότὲ
1730 997 1750 1027 ⁸
1784 997 1883 1067 μὲν
1906 996 1974 1050 τὰ
1991 997 2011 1028 ³

430 1087 803 1157 παρῳχημένα
847 1088 1100 1157 λέγοντες
1145 1089 1568 1160 ὑπεμίμνησκον
1595 1090 1696 1159 τὴν
1727 1089 2010 1160 ἅνθρωπό-

427 1193 564 1247 τητα
582 1193 595 1208 ·
622 1178 692 1232 τά
719 1179 777 1233 δέ
800 1180 1072 1234 ἐνεστῶτα
1094 1180 1421 1244 δεικνύντες,
1457 1180 1531 1252 μὴ
1563 1180 1829 1251 ῥᾳθυμεῖν
1859 1181 2009 1234 ἔπει-

429 1267 522 1322 θον
541 1285 554 1298 ·
582 1269 653 1323 τὰ
675 1269 733 1324 δὲ
758 1269 1020 1342 μέλλοντα
1044 1271 1424 1342 προλέγοντες,
1448 1272 1540 1325 τὸν
1567 1271 1708 1325 κατὰ
1728 1271 1824 1325 ἕνα
1852 1273 1884 1342 ἠ
1893 1262 2009 1342 μῶν

428 1359 678 1430 ὁρῶντας
729 1362 836 1434 πρὸ
888 1361 1086 1415 πολλοῦ
1141 1362 1516 1434 προειρημένα
1565 1363 1840 1433 ἐμφόϐους
1879 1362 2012 1418 καθ-

432 1451 596 1506 ίστων
612 1451 654 1517 ⁸,
687 1453 1107 1524 προσδοκῶντας
1142 1455 1236 1508 καὶ
1267 1455 1338 1508 τά
1391 1454 1675 1526 μέλλοντα.
1712 1454 1955 1526 Τοιαύτη
1975 1457 2010 1527 ἡ

428 1543 552 1597 καθ’
586 1546 733 1616 ἡμᾶς
785 1545 993 1614 πίστις,
1043 1539 1089 1600 ὦ
1125 1547 1325 1608 πάντες
1373 1547 1672 1618 ἄνθρωποι,
1721 1547 1783 1600 ού
1835 1549 2010 1611 κενοῖς

431 1640 639 1711 ῥήμασι
671 1640 1032 1710 πειθομένων,
1055 1641 1176 1695 οὐδὲ
1216 1640 1578 1712 σχεδιάσμασι
1620 1641 1845 1709 καρδίας
1885 1657 2011 1694 συν-

435 1731 862 1805 αρπαζομένων,
889 1733 1007 1787 οὐδὲ
1031 1731 1352 1804 πιθανότητι
1383 1733 1637 1796 εὐεπείας
1657 1733 1832 1801 λόγων
1889 1731 2009 1785 θελ-

429 1823 710 1894 γομένων,
741 1824 890 1884 ,ἀλλά
934 1825 1166 1894 δυνάμει
1208 1825 1329 1895 θείᾳ
1376 1823 1559 1893 λόγοις
1614 1822 2006 1894 λελαλημένοις

2115 646 2219 684 non
2269 629 2429 701 542
2451 661 2474 672 -
2497 628 2656 703 543
2689 645 2792 684 una
2820 641 2981 686 aetate
3013 644 3194 686 sermo
3228 628 3400 684 factus
3431 636 3550 693 est,
3604 627 3699 680 sed

2116 738 2212 794 per
2244 737 2436 777 omnes
2471 723 2849 792 generationes
2879 733 3006 777 ante
3055 723 3322 777 dictorum
3367 733 3530 774 voces
3571 735 3701 773 con-

2113 815 2316 883 spicuae
2343 815 2574 868 aderant
2605 832 2618 868 :
2651 829 2758 868 non
2795 826 2906 868 tum
2959 814 3132 867 solum
3161 853 3176 879 ,
3212 813 3428 882 quando
3465 823 3702 880 prasen-

2115 904 2260 960 tibus
2303 904 2743 974 respondebant,
2779 905 2874 960 sed
2920 905 3084 959 etiam
3128 919 3224 974 per
3256 918 3445 958 omnes
3471 917 3702 972 genera-

2117 997 2294 1051 tiones
2322 996 2496 1050 futura
2528 1007 2942 1066 prmmonstrata
2985 1006 3109 1051 sunt
3137 1012 3152 1048 :
3183 1005 3294 1049 tum
3319 995 3532 1063 quidem
3558 1007 3701 1062 ιπε-
3759 1054 3771 1064 ι

2118 1089 2273 1144 terita
2299 1089 2540 1144 dicentes
2568 1090 2620 1144 in
2655 1089 2979 1144 memoriam
3015 1104 3204 1144 eorum
3251 1088 3581 1142 reducebant
3613 1102 3704 1155 ge—

2115 1183 2591 1238 nushumanum:
2643 1183 2933 1252 praesentia
2984 1191 3164 1236 autem
3215 1189 3585 1234 monstrantes
3635 1193 3704 1232 ne

2116 1272 2373 1327 incuriosi
2404 1281 2588 1328 essent
2613 1273 2935 1339 suadebant,
2975 1272 3154 1327 futura
3191 1280 3373 1326 autem
3401 1271 3704 1340 praedicen-

2117 1372 2196 1418 tes
2223 1363 2462 1433 singulos
2495 1373 2740 1419 nostrum
2777 1364 2950 1420 oculis
2977 1375 3264 1419 cernentes
3298 1379 3383 1426 ea,
3415 1378 3535 1432 qua:
3563 1361 3700 1416 mul-

2117 1463 2172 1508 to
2213 1462 2454 1524 tempore
2492 1463 2617 1510 ante
2647 1455 2906 1523 praedicta
2939 1463 3064 1509 sunt
3089 1496 3104 1520 ,
3152 1453 3476 1523 perterritos
3516 1453 3705 1508 redde-

2114 1547 2270 1612 bant,
2310 1555 2690 1616 exspectantes
2711 1556 2764 1603 et
2783 1546 2985 1602 futura.
3028 1545 3176 1601 Talis
3209 1556 3391 1601 nostra
3425 1555 3507 1602 est
3548 1547 3702 1611 fides,

2114 1637 2427 1692 ohomines
2467 1636 2744 1704 universi,
2804 1637 2896 1708 qui
2941 1652 3047 1692 non
3101 1637 3255 1691 vanis
3309 1637 3491 1692 verbis
3541 1636 3703 1690 fidem

2115 1730 2402 1794 habemus,
2419 1744 2598 1800 neque
2615 1731 2894 1785 subitariis
2915 1730 3095 1786 cordis
3121 1731 3357 1786 motibus
3385 1729 3702 1799 abripimur,

2117 1836 2295 1891 neque
2350 1821 2630 1878 blanditiis
2683 1822 2949 1878 facundia:
3005 1839 3321 1878 sermonum
3380 1824 3703 1891 mulcentur,

427 1918 532 1971 οὐκ
582 1917 978 1974 ἀπειθούντων.
1014 1917 1124 1972 Καὶ
1169 1916 1342 1970 ταῦτα
1378 1917 1514 1981 Θεὸς
1564 1916 1782 1971 ἐκέλευε
1826 1915 2006 1984 Λόγῳ.

2113 1913 2208 1970 sed
2238 1914 2288 1968 vi
2329 1913 2506 1969 divina
2542 1913 2722 1968 verbis
2757 1913 2917 1968 dictis
2973 1914 3133 1968 fidem
3184 1929 3290 1968 non
3350 1915 3702 1983 denegamus.

439 2009 498 2062 '0
527 2008 583 2063 δὲ
607 2010 778 2078 Λόγος
818 2008 1115 2080 ἐφθέγγετο
1145 1988 1339 2076 λέγων,
1383 2006 1450 2060 δι’
1485 2006 1664 2060 αὐτῶν
1689 2006 1710 2038 ⁵
1748 2005 2007 2077 ἐπιστρέ-

429 2117 549 2170 φων
601 2101 694 2153 τὸν
742 2099 1030 2170 ἄνθρωπον
1075 2101 1141 2153 ἐκ
1191 2099 1499 2170 παρακοῆς,
1539 2096 1602 2149 οὐ
1633 2096 1725 2168 βίᾳ
1761 2096 2010 2166 ἀνάγκης

430 2191 822 2261 δουλαγωγῶν,
851 2191 966 2244 ἀλλ’
996 2191 1083 2245 ἐπ’
1113 2189 1696 2260 ἐλευθερίαν-ἑκουσίῳ
1743 2188 2008 2260 προαιρέ-
2043 2227 2048 2229 -

428 2283 549 2335 σει⁶
583 2281 787 2337 καλῶν.
823 2281 1026 2335 Τοῦτον
1053 2281 1142 2335 τὸν
1167 2281 1339 2349 Λόγον
1369 2282 1428 2333 ἐν
1459 2279 1712 2350 ὑστέροις
1745 2277 2012 2332 άπέστελυ

428 2374 519 2427 λεν
546 2374 577 2428 ὁ
626 2373 838 2444 Πατὴρ,
873 2373 1058 2428 οὐκέτι
1106 2372 1195 2426 διὰ
1219 2373 1502 2443 προφήτου
1553 2371 1756 2437 λαλεῖν,
1784 2371 1846 2423 ού
1877 2388 2008 2424 σκο-

425 2465 618 2530 τεινῶς
647 2467 1058 2538 κηρυσσόμενον
1115 2463 1462 2518 ὑπονοεῖσθαι
1498 2463 1688 2528 θέλων,
1727 2463 1848 2516 ἀλλ’
1880 2463 2011 2517 αύτ-

424 2559 550 2630 οψεὶ
585 2558 964 2631 φανερωθῆναι
993 2558 1184 2614 τοῦτον
1221 2557 1418 2626 λέγων,
1450 2559 1536 2613 ίνα
1558 2558 1580 2592 ²
1617 2557 1824 2629 κόσμος
1865 2557 2009 2628 ὁρῶν

424 2650 728 2723 ὃυσωπηθῇ
760 2652 860 2706 ούκ
895 2652 1279 2724 ἐντελλόμενον
1317 2652 1407 2706 διὰ
1447 2651 1745 2724 προσώπου
1790 2669 2010 2723 προφη·

428 2742 562 2807 τῶν,
609 2744 730 2798 ούδέ
765 2743 834 2798 δι’
864 2743 1100 2813 ἀγγέλου
1144 2743 1415 2813 φοϐοῦντα
1451 2743 1653 2814 ψυχὴν,
1696 2741 1812 2796 ἀλλ’
1847 2741 2010 2796 αὐτὸν

426 2836 677 2908 παρόντα
720 2837 812 2891 τὸν
849 2836 1206 2907 λελαληκότα.
1250 2836 1453 2890 Τοῦτον
1499 2835 1746 2906 ἔγνωμεν
1769 2836 1832 2886 ἐκ
1864 2834 2010 2904 Παρ-

426 2929 583 2984 θένου
621 2929 781 3000 σῶμα
821 2929 1154 3000 ἀνειληφότα
1207 2930 1300 2982 καὶ
1331 2928 1422 2982 τὸν
1460 2926 1686 2982 παλαιὸν
1721 2925 2010 2997 ἄνθρωπον

431 3021 522 3074 διὰ
546 3023 738 3091 καινῆς
762 3021 1012 3084 πλάσεως
1037 3020 1390 3090 πεφορηκότα
1417 3019 1460 3084 ⁸,
1492 3019 1549 3071 ἐν
1586 3016 1686 3088 βίῳ
1709 3016 1798 3069 διὰ
1827 3016 2010 3086 πάσης

424 3111 644 3182 ἡλικίας
671 3110 990 3182 ἐληλυθότα,
1024 3111 1110 3163 ἵνα
1141 3111 1290 3183 πάσῃ
1319 3109 1506 3180 ἡλικίᾳ
1533 3108 1693 3170 αὐτὸς
1719 3107 1882 3177 νόμος
1913 3124 2008 3176 γε-

419 3205 557 3277 νηθῇ
593 3205 687 3258 καὶ
723 3204 926 3258 σκοπὸν
977 3204 1070 3257 τὸν
1105 3205 1234 3256 [διον
1268 3202 1557 3274 ἄνθρωπον
1595 3201 1762 3254 πᾶσιν
1791 3197 2008 3270 ἀνθρώ-

419 3315 544 3362 ποις
578 3296 823 3370 ἐπιδείξῃ
854 3296 1066 3368 παρὼν,
1103 3296 1198 3349 καὶ
1223 3295 1288 3348 δι’
1311 3294 1478 3348 αὐτοῦ
1509 3293 1725 3364 ἐλέγξῃ,
1751 3293 1832 3346 ὅτι
1869 3309 1945 3362 μη

419 3389 675 3460 ἐποίησεν
722 3391 749 3442 ὁ
776 3390 911 3450 Θεὸς
942 3387 1204 3459 πονηρόν,
1255 3387 1350 3440 καὶ
1377 3386 1454 3449 ῶς
1485 3383 1714 3450 αύτεξού
1735 3399 1847 3446 σιος
1875 3385 1903 3436 ὁ
1924 3383 2011 3436 ὀίν⁸

420 3481 639 3554 θρωπος
659 3481 835 3552 εχων⁹
862 3480 924 3534 τὸ
944 3479 1118 3534 θέλειν
1142 3479 1236 3533 καὶ
1259 3480 1320 3531 τὸ
1353 3478 1428 3548 μὴ
1459 3476 1656 3541 θέλειν,
1677 3475 1907 3538 δυνατὸς
1931 3472 2010 3526 ῶν

416 3574 477 3627 ἐν
499 3573 862 3642 ἀμφοτέροις·
896 3571 1088 3624 τοῦτον
1115 3570 1408 3642 ἄνθρωπον
1433 3569 1475 3600 ¹⁰
1506 3569 1665 3638 ῐσμεν
1695 3565 1806 3640 [ἐκ]
1842 3567 1938 3621 τοῦ
1965 3569 2019 3598 “-

415 3662 541 3719 καθ’
577 3663 727 3732 ἡμᾶς
772 3661 1096 3730 φυράματος
1153 3661 1440 3728 γεγονέναι
1465 3661 1530 3713 ¹¹.
1582 3659 1645 3711 El
1690 3658 1801 3728 γάρ
1833 3658 1908 3728 μὴ
1944 3660 2022 3711 ἐκ.

415 3754 510 3808 τοῦ
567 3751 734 3808 αὑτοῦ
781 3749 1017 3822 ὑπῆρξε,
1068 3751 1248 3822 μάτην
1309 3750 1595 3820 νομοθετεῖ
1625 3749 1668 3780 ¹⁸
1717 3748 2007 3819 μιμεῖσθαι

417 3848 508 3902 τὸν
550 3845 894 3901 διδάσκαλον.
935 3843 998 3898 ΕΞ
1029 3843 1137 3914 γάρ
1172 3844 1378 3905 ἐκεῖνος
1409 3844 1437 3894 ὁ
1485 3839 1774 3911 ἄνθρωπος
1808 3839 2007 3908 ἐτέρας

417 3940 716 4009 ἐτύγχανεν
764 3935 976 4000 οὐσίας,
1031 3934 1083 3988 τί
1146 3933 1216 3986 τά
1264 3934 1428 4003 ὅμοια
1488 3930 1706 3984 κελεύει
1743 3930 1870 4000 ἐμοὶ⁸
1925 3929 2006 3999 τῷ

416 4030 635 4084 ἀσθενεῖ
686 4027 977 4098 πεφυκότι,
1031 4025 1126 4079 καὶ
1165 4025 1280 4087 πῶς
1330 4018 1488 4085 οὗτος
1532 4019 1738 4088 ἀγαθὸς
1795 4019 1892 4072 καὶ
1924 4019 2006 4071 δί-

419 4138 607 4187 καιοςς
655 4121 772 4174 Ἵνα
797 4119 854 4174 δὲ
890 4117 966 4190 μὴ
1009 4117 1196 4190 ἕτερος
1243 4118 1375 4190 παρ’
1419 4118 1571 4188 ἡμᾶς
1611 4117 1874 4188 νομισθῇ,
1911 4117 2006 4171 καὶ

416 4213 495 4287 [ρ.
531 4211 656 4267 558.
694 4208 844 4282 539.]
878 4209 1126 4281 κάματον
1177 4210 1462 4281 ὑπέμεινε,
1503 4210 1600 4264 καὶ
1642 4213 1838 4282 πεινῇν
1872 4209 2002 4281 ἠθέ-

416 4306 568 4377 λησε,
596 4304 694 4359 καὶ
719 4304 878 4376 διψῇν
897 4305 942 4336 ⁸⁵
971 4304 1070 4358 οὐκ
1093 4303 1394 4374 ἠρνήσατο,
1428 4303 1521 4355 καὶ
1551 4301 1704 4372 ὕπνῳ
1726 4301 2000 4372 ἠρέμησε,

419 4399 516 4453 καὶ
567 4397 732 4452 πάθει
765 4398 869 4451 ούκ
899 4398 1147 4459 ἀντεῖπε,
1179 4395 1272 4448 καὶ
1303 4394 1521 4464 θανάτῳ
1556 4395 1860 4464 ὑπήκουσε,
1908 4393 2032 4447 καὶ·

416 4489 712 4546 ἀνάστασιν
736 4487 1109 4559 ἐφανέρωσεν,
1135 4485 1523 4558 ἀπαρξάμενος
1545 4486 1604 4538 ἐν
1630 4487 1764 4539 πᾶσι
1793 4484 2008 4548 τούτοις

1949 3262 2080 3344 asc

2113 2004 2184 2060 Et
2231 2003 2345 2058 hmo
2381 2003 2520 2058 Deus
2554 2001 2705 2074 Lego
2738 2003 3059 2072 imperabat.
3095 2003 3273 2074 Logus
3303 2014 3483 2058 autem
3521 2004 3708 2073 loquev

2112 2096 2295 2163 batur,
2322 2111 2419 2167 per
2450 2096 2614 2150 verba
2643 2105 2972 2151 convertens
2996 2097 3271 2151 hominem
3292 2096 3360 2152 ab
3384 2096 3708 2151 inobedien-

2114 2190 2227 2253 tia,
2281 2202 2388 2242 non
2448 2188 2500 2242 vi
2559 2188 2906 2243 necessitatis
2949 2190 3001 2243 in
3048 2190 3370 2244 servitutem
3432 2191 3704 2259 redigens,

2112 2281 2206 2335 sed
2237 2281 2303 2335 ad
2331 2279 2640 2335 libertatem
2672 2279 2981 2335 voluntario
3027 2281 3252 2337 consilio
3281 2296 3504 2336 vocans.
3553 2280 3708 2337 Hunc

2114 2372 2322 2445 Legum
2385 2372 2782 2443 posterioribus
2841 2373 3190 2444 temporibus
3241 2373 3486 2427 mittebat
3524 2371 3705 2440 Pater,

2114 2481 2221 2521 non
2264 2464 2497 2536 amplius
2542 2480 2640 2536 per
2669 2465 2992 2534 prophetam
3047 2464 3192 2533 loqui
3248 2479 3424 2534 neque
3475 2465 3708 2519 obscuro

2113 2557 2466 2627 praedicatum
2516 2555 2842 2627 subintelligi
2883 2570 3008 2611 eum
3039 2555 3226 2611 volens
3252 2595 3266 2620 ,
3299 2557 3392 2610 sed
3441 2557 3558 2625 ipso
3589 2557 3704 2611 visu
3741 2586 3746 2590 -

2113 2646 2432 2718 apparuisse
2464 2647 2608 2702 hunc
2639 2646 2783 2713 dico,
2827 2657 2884 2701 ut
2913 2645 3149 2701 mundus
3179 2660 3302 2700 eum
3330 2646 3520 2701 videns
3552 2663 3708 2701 reve-

2115 2749 2335 2796 reretur
2389 2757 2497 2796 non
2545 2755 2644 2810 per
2697 2740 2994 2812 prophetas
3033 2741 3481 2810 praecipientem,
3530 2755 3708 2808 neque

2115 2847 2210 2901 per
2243 2831 2493 2901 angelum
2551 2841 2845 2886 terrentem
2903 2831 3178 2896 animum,
3216 2832 3310 2887 sed
3345 2833 3520 2901 ipsum
3567 2847 3704 2900 pra:-

2112 2932 2322 2977 sentem
2359 2923 2452 2992 qui
2484 2921 2699 2978 locutus
2727 2932 2832 2978 est.
2871 2921 3027 2979 Ilunc
3082 2924 3434 2992 cognovimus
3465 2939 3531 2977 ex
3582 2921 3706 2976 Vir-

2112 3015 2240 3086 gine
2267 3030 2466 3084 corpus
2497 3015 2861 3084 assumpsisse
2898 3023 2954 3070 et
2997 3025 3236 3070 veterem
3285 3014 3560 3069 hominem
3611 3030 3710 3084 per

2113 3121 2305 3161 novam
2345 3107 2723 3162 formationem
2774 3119 3018 3178 gestasse
3044 3147 3059 3171 ,
3095 3107 3147 3160 in
3180 3107 3286 3159 vita
3319 3120 3416 3175 per
3437 3121 3709 3176 quamth

2113 3210 2331 3254 aetatem
2383 3201 2634 3263 venisse,
2690 3209 2750 3254 ut
2802 3199 2997 3268 cuique
3047 3199 3191 3254 artati
3251 3199 3368 3268 ipse
3405 3199 3487 3252 lex
3532 3199 3705 3264 fieret,

2113 3293 2386 3362 finemque
2413 3307 2570 3346 suum
2598 3291 2877 3361 proprium
2923 3291 3197 3346 hominem
3248 3290 3500 3344 omnibus
3527 3290 3709 3345 homi-

2112 3386 2274 3439 nibus
2313 3385 2624 3440 osmnderet
2661 3400 2925 3454 praesens,
2980 3393 3035 3440 et
3073 3398 3167 3453 per
3214 3383 3573 3453 semetipsum
3610 3399 3702 3436 ar-

2117 3486 2314 3544 gueret
2350 3473 2488 3529 nihil
2530 3473 2727 3530 fecisse
2775 3475 2942 3529 Deum
2977 3474 3142 3539 mali,
3185 3489 3240 3529 et
3275 3489 3387 3529 suae
3421 3476 3708 3545 potestatis

2111 3582 2237 3622 esse
2269 3567 2566 3632 hominem,
2625 3567 2717 3638 qui
2773 3568 2946 3637 possit
2986 3566 3125 3621 velle
3174 3577 3230 3620 et
3274 3566 3449 3632 nolle,
3483 3583 3605 3621 cum
3638 3568 3706 3621 ad

2113 3665 2406 3727 utrumque
2449 3657 2665 3724 valeat;
2717 3658 2862 3712 hunc
2898 3657 3170 3712 hominem
3203 3657 3406 3712 scimus
3432 3673 3497 3712 ex
3523 3667 3704 3712 nostra

2112 3764 2292 3803 massa
2322 3749 2529 3802 factum
2561 3765 2704 3806 esse.
2759 3749 2872 3805 Nisi
2918 3752 3062 3806 enim
3110 3763 3177 3804 ex
3232 3752 3418 3806 eadem
3473 3752 3704 3815 exstitit,

2111 3837 2310 3890 frustra
2343 3837 2517 3906 legem
2554 3838 2659 3892 fert
2699 3837 2946 3893 imitandi
2996 3849 3408 3908 prmeeptorem.
3455 3840 3510 3894 Si
3559 3841 3705 3892 enim

2110 3926 2201 3982 ille
2231 3927 2397 3982 homo
2425 3927 2567 3982 alius
2615 3926 2754 3983 forte
2800 3935 2922 3982 erat
2967 3931 3289 3985 substantiae
3313 3968 3330 3994 ,
3377 3946 3475 3984 cur
3509 3931 3705 3984 similia

2109 4017 2348 4087 imperat
2377 4018 2510 4073 milti
2545 4019 2710 4073 debili
2748 4029 2896 4085 nato,
2947 4029 3002 4074 et
3038 4023 3310 4090 quomodo
3337 4001 3424 4075 hic
3451 4021 3624 4077 bonus
3653 4033 3716 4076 er

2101 4109 2322 4179 justus?
2344 4109 2424 4165 Ne
2442 4119 2625 4164 autem
2655 4111 2906 4166 diversus
2933 4126 2963 4165 a
2990 4112 3148 4167 nobis
3173 4122 3511 4178 censeretur,
3538 4113 3703 4167 etiam

2107 4201 2350 4258 laborem
2383 4202 2644 4258 sustinuit
2674 4212 2729 4258 et
2753 4202 2958 4276 544-
2983 4203 3144 4276 545
3169 4213 3172 4215 '
3195 4206 3406 4260 esurire
3438 4204 3607 4260 voluit
3649 4217 3704 4260 et

2109 4293 2265 4349 sitire
2299 4309 2404 4350 non
2435 4294 2708 4349 recusavit
2744 4303 2804 4348 et
2853 4310 3047 4350 somno
3095 4296 3304 4366 quievit
3353 4307 3410 4352 et
3461 4297 3701 4367 passioni

2109 4402 2214 4442 non
2235 4387 2556 4458 repugnavit
2578 4395 2632 4441 et
2656 4387 2817 4442 morti
2843 4389 3241 4459 obtemperavit
3261 4399 3312 4444 et
3348 4391 3703 4446 resurrectio-

2110 4495 2232 4535 nem
2293 4479 2661 4535 manifestavit
2689 4519 2706 4543 ,
2758 4489 3016 4549 tanquam
3054 4481 3325 4551 primitias
3357 4481 3593 4537 offerens
3647 4485 3700 4538 in

415 4584 508 4637 τὸν
571 4581 703 4636 ἴδιον
758 4579 1070 4652 ἄνθρωπον,
1126 4579 1215 4633 ἵνα
1251 4581 1316 4633 σὺ
1377 4578 1603 4648 πάσχων
1640 4577 1716 4649 μὴ
1764 4578 2001 4650 ἀθυμῇς,

2113 4572 2198 4627 his
2221 4571 2476 4627 omnibus
2493 4571 2772 4641 pr0prium
2794 4587 2952 4626 suum
2985 4573 3284 4636 hominem,
3311 4583 3368 4627 ut
3398 4583 3452 4628 tu
3486 4574 3722 4643 patiens.

415 4672 532 4728 ἀλλ’
584 4671 868 4743 ἄνθρωπον
890 4669 934 4702 ¹⁸
990 4667 1216 4722 σεαυτὸν
1262 4668 1565 4739 ὁμολογῶν,
1622 4668 1930 4739 προσδοκᾷς
1959 4670 2003 4701 ¹⁶

419 4764 513 4818 καὶ
539 4763 602 4816 σὺ
632 4761 659 4816 ὃ
687 4761 864 4816 τούτω
893 4761 1169 4833 παρέσχες
1191 4760 1256 4816 ".

2116 4679 2185 4720 ne
2215 4664 2456 4718 animum
2489 4665 2826 4733 despondeas
2851 4705 2866 4728 ,
2901 4666 2997 4720 sed
3034 4665 3307 4720 hominem
3357 4668 3740 4737 temetipsum.

2116 4758 2382 4827 prolitens
2418 4768 2712 4828 exspectes
2737 4765 2791 4812 et
2821 4767 2900 4826 tu,
2948 4773 3068 4828 quae
3097 4759 3225 4814 huic
3245 4759 3588 4815 exhibuisti..-

1706 4937 1943 4992 VARle
1981 4935 2407 4992 LEGTIONES.-

421 5116 694 5192 ἐνεστῶτα
727 5117 829 5192 καὶ-
853 5117 920 5170 τά
955 5115 1225 5192 μέλλοντα.
1240 5113 1686 5192 ἀπαγγείλαντες
1713 5111 1987 5192 (εἷπονη-
2010 5115 2358 5192 ἀπήγγειλαν
2393 5112 2701 5192 G‘ttdianum
2733 5121 3038 5192 nise.),gi'va
3070 5119 3146 5191 μὴ
3177 5121 3337 5190 μόνον
3366 5121 3702 5192 πρόσκαιρος

418 5183 561 5242 εἶναι
591 5183 1170 5262 ῥᾳπροᾼφῄτηςξδειχθῇ,
1203 5186 1340 5262 άλλά
1369 5187 1464 5262 καῖ¹
1491 5186 1699 5262 πάσαις
1723 5183 1943 5262 γενεαῖς
1964 5186 2248 5262 προλέγων
2265 5185 2334 5262 τά
2360 5185 2626 5262 μέλλοντα
2647 5183 2990 5262 ἀληθῶς’(ῶς
3020 5183 3211 5262 ι’ὁόίὶιξ)
3243 5183 3527 5262 προφήτης
3556 5183 3697 5248 εἷναί

420 5257 674 5328 νομισθῇ.

752 5254 989 5312 ’ότέΊὶ
1027 5254 1267 5320 Scottus,
1301 5257 1385 5309 ὅτι
1419 5257 1480 5321 (3,
1515 5254 1589 5313 Μ.
1632 5257 1963 5319 Bunsenius,
2000 5258 2010 5307 l

2113 5256 2601 5310 Wordswortltitts.
2679 5258 2700 5288 ³

2731 5259 2949 5331 μεν-τά,
2973 5261 3042 5313 τὰ
3085 5259 3200 5331 μὲν
3220 5259 3364 5328 susp.
3397 5259 3694 5330 l'loeperus.

421 5329 442 5360 ⁸
467 5325 738 5405 καθιστῶν
763 5329 824 5382 C.
949 5329 1145 5405 λέγων,
1179 5328 1247 5405 δι’
1282 5326 1482 5380 αὐτῶν.
1513 5326 1583 5378 δι’
1617 5327 1798 5380 αὐτῶν
1826 5327 1936 5380 τῶν
1963 5327 2140 5405 λόγων
2183 5325 2507 5405 Βιιξιειξηίιιεἷ
2534 5325 2708 5405 λέγων
2733 5325 2746 5391 ,
2777 5328 2865 5405 διὰ
2894 5325 3110 5397 λόγωνῖ)
3213 5333 3233 5364 ⁶
3268 5325 3356 5385 ἐπ’
3387 5325 3699 5405 ἐλευθερίαν

421 5398 649 5474 ἐκουσίῳ
677 5398 997 5474 προαιρέσει
1024 5396 1114 5474 ili.
1139 5469 1148 5474 _
1181 5400 1422 5474 Scottus,
1451 5412 1610 5465 quem
1664 5409 1882 5474 secutus
1915 5409 2004 5474 est

2113 5396 2504 5474 Ittsenitts,“érrj
2549 5397 2833 5474 ἐλεμθερία
2866 5396 3119 5474 ἑκουσίῳ,
3157 5405 3478 5474 προαιρέσει
3519 5396 3590 5467 (λ’
3626 5405 3696 5459 Μ.

420 5471 436 5502 ⁷
474 5466 859 5549 φανερωθῆναι
885 5468 1072 5550 τοῦτον
1094 5469 1290 5550 λέγων,
1328 5469 1436 5550 ἵνα.
1456 5467 1885 5550 ’φανερωθῆναυ
1907 5466 2005 5520 τοῦ

2113 5507 2120 5529 ,
2159 5467 2728 5550 λῆψι-[ἀπέστελλεν
2745 5466 2781 5550 ]_.
2806 5470 2889 5522 ἵνα
2931 5466 3236 5550 [ξυηέριιὶιίε
3273 5466 3694 5550 (ξιξιιηξεοψις,

419 5537 807 5609 φανερωθῆναι
833 5537 1020 5591 τοῦτον
1054 5539 1219 5607 λέγω,
1252 5539 1382 5592 ilva?
1455 5539 1476 5569 ⁸
1503 5537 1878 5609 πεφορηκότα.
1907 5555 2010 5606 πεφ

2113 5541 2262 5607 petita.
2339 5537 2628 5609 Situppius.

418 5605 724 5678 ἄνθρωπον.
753 5605 814 5663 οὗ
839 5609 931 5662 τὸν
951 5605 1239 5678 ἄνθρωπον
1273 5611 1334 5673 (Σ,
1365 5609 1528 5662 αὑτὸν
1561 5605 1848 5678 ἄνθρωπον
1897 5609 2008 5662 [loc

2113 5605 2196 5672 us,
2246 5607 2362 5660 υἱὸν
2415 5607 2704 5678 ἀνθρώπου
2751 5605 2892 5678 conj.
2929 5605 3243 5665 Ill'Scottt'ts

2703 5539 3048 5612 ’έχων-ἔχῃ
3096 5558 3246 5612 susp.
3286 5544 3356 5597 Μ.
3438 5545 3480 5575 ¹⁰
3507 5545 3698 5598 τοῦτον

3368 5614 3416 5684 ¹¹γ
3445 5616 3604 5684 ἴσμεν
3634 5620 3698 5669 ἐκ

418 5675 879 5752 τούΒιιιιεερὶιιε,
910 5675 1119 5750 εἰς’μέν
1147 5677 1238 5752 τοῦ
1263 5680 1325 5742 C,
1358 5682 1422 5752 ἐκ
1456 5675 1676 5752 μὲν-τοῦ
1707 5676 1778 5752 Μ,
1810 5678 2010 5747 Roepet

2114 5748 2128 5752 _
2187 5677 2229 5709 "
2257 5675 2572 5752 γεγονέναι.
2601 5675 2957 5752 Latittjsnius,
2982 5681 3091 5752 nisi
3115 5683 3308 5737 scriba:
3339 5675 3568 5738 debetur
3602 5703 3698 5752 pro

420 5748 704 5817 γεγονότα.
739 5748 1060 5804 Bunseuius.

1159 5749 1202 5779 ¹³
1224 5749 1522 5818 νομοθετεῖ.
1551 5749 1863 5818 ἐνομοθέτει
1898 5765 2043 5818 susp.
2083 5748 2152 5802 M.

2254 5748 2502 5825 “_6:¢ﬁv.
2533 5748 2707 5825 διψεῖν
2737 5750 2799 5804 C.
2857 5820 2868 5825 Α
2908 5751 2950 5782 ⁸³
2982 5750 3288 5825 ἄνθρωπον.
3321 5748 3706 5825 ἁμάνθρωπον-

385 5819 563 5896 ιςοιι].
603 5817 1083 5896 Ellordsworthius.
1163 5820 1207 5852 ¹⁶
1247 5817 1572 5890 προσδοκᾷς.
1607 5817 1924 5890 προσδοκῶν
1952 5817 2010 5876 C.

2117 5823 2135 5852 ⁷
2181 5817 2475 5890 παρέσχες.
2513 5821 2695 5890 πατὴρ
2727 5820 3002 5892 παρέσχεν
3042 5817 3377 5891 Buttscnius,
3426 5817 3710 5895 rus-psmn

420 5886 572 5961 susp.
602 5886 902 5961 Boeperus.
