4032 6200
330 169 486 223 ἳυϐὅ

337 287 398 341 Σ.
429 324 443 337 .
470 322 485 336 .
526 324 539 337 .
579 323 593 337 .
631 327 643 339 .
671 286 843 358 πέτρα
872 287 960 342 διά
994 289 1150 360 βοῶν.
1181 291 1258 355 0’,
1308 291 1356 342 ei
1386 288 1909 360 παρασιωπήσονται

332 381 396 431 ἰν
425 376 686 447 Θηλείαις.

332 480 447 530 ἭΊ
482 454 588 531 κίῇ
659 472 720 525 Σ.
760 474 991 543 ἀλόγως.
1023 482 1100 544 0⁸,
1136 478 1224 531 ἐπ’
1258 477 1434 531 οὐδενὶ
1463 477 1625 549 λόγῳ.

330 652 552 705 mm
584 643 653 698 14
725 647 802 713 0',
836 649 944 703 τῶν
976 650 1275 722 δυνάμεων.
1320 653 1566 717 Ἄλλος,
1614 650 1904 726 στρατιῶν.

328 798 521 876 ΝῈῘἾὩ
592 817 651 872 Σ.
677 819 786 873 ἀπὸ
814 821 1037 875 εἰσόδου.
1072 823 1148 889 0’,
1178 822 1273 877 τοῦ
1305 823 1382 897 μὴ
1410 822 1691 879 εἰσελθεῖν.

323 998 471 1050 nm
540 990 620 1056 0',
646 989 849 1062 Δίμάθ.
875 992 1100 1060 Ἀλλος
1118 1035 1132 1061 ,
1157 994 1331 1067 χόλον.

323 1196 529 1251 ΓΠἿΞΤΠ
562 1168 770 1253 ιπυ-τν
852 1190 932 1245 ’A.
976 1231 990 1245 .
1035 1231 1051 1247 .
1099 1231 1114 1246 .
1158 1232 1174 1248 .
1213 1193 1315 1265 τῆς
1347 1193 1574 1265 ὁμαλῆς.
1608 1194 1667 1259 Σ.
1710 1233 1726 1249 .
1770 1234 1784 1249 .
1828 1232 1845 1251 .
1884 1232 1902 1250 .

322 1282 440 1352 τῆς
478 1284 744 1350 πεδιάδος.
781 1287 858 1351 0’,
885 1287 990 1351 ἕως
1022 1288 1117 1342 τοῦ
1169 1290 1469 1363 χειμάρρου
1509 1290 1618 1345 τῶν
1660 1289 1902 1361 δυσμῶν.

324 1374 401 1431 Θ.
445 1416 459 1432 .
503 1417 516 1431 .
566 1416 579 1431 .
624 1417 637 1430 .
666 1378 765 1450 τῆς
806 1380 1033 1452 Ἀραϐἄ.

1734 164 1921 222 AMOS
1950 164 2183 222 CAPUT
2223 165 2335 224 νη.

3443 178 3587 235 2966

2015 284 2119 340 8...
2153 294 2302 355 petra
2335 300 2433 357 per
2454 285 2642 343 boves.
2667 285 2831 355 LXX,
2876 287 2923 344 si
2962 287 3271 346 reticebunt
3330 294 3399 349 ad
3428 296 3586 351 femi-

2015 392 2134 431 nas.
2165 376 2288 431 Vul.
2324 386 2419 432 aut
2446 379 2590 433 arari
2623 387 2803 448 potest
2829 378 2885 433 in
2916 378 3149 437 bubalis.

2084 464 2249 519 Hebr.
2308 467 2362 519 in
2398 467 2549 520 nullo
2584 468 2770 521 verbo.
2836 466 2893 521 S.
2927 476 3151 527 temere.
3206 470 3372 539 LXX,
3425 488 3587 544 super

2012 554 2164 609 nullo
2194 555 2375 610 verbo.
2406 553 2533 610 ναι.
2566 556 2619 611 in
2651 558 2843 613 nihilo.

2084 645 2171 699 14.
2200 644 2335 701 Heb.
2390 646 2565 713 Alius,
2612 646 2731 703 Vul.
2794 649 3150 705 exercituum.
3201 650 3366 720 LXX,
3419 653 3588 710 virtu-

2014 742 2149 790 tum.

2083 824 2247 881 Hebr.
2295 825 2353 880 S.
2387 824 2511 882 ναι.
2539 827 2609 881 ab
2633 827 2883 884 introitu.
2922 828 3089 899 LXX,
3111 840 3171 885 ut
3200 847 3309 887 non
3344 832 3583 891 introea-

2012 919 2106 974 tis.

2082 1010 2148 1065 H.
2184 1009 2433 1065 llamatb.
2472 1008 2901 1077 LXX,1Emath.
2935 1013 3107 1080 Alius,
3133 1012 3579 1085 indignationem.

2013 1100 2137 1156 Vul.
2181 1103 2396 1156 Emath.

2082 1197 2248 1252 Hebr.
2278 1197 2401 1253 Vul.
2428 1213 2600 1268 usque
2632 1199 2698 1253 ad
2726 1206 3022 1253 torrentem
3062 1198 3285 1255 deserti.
3316 1201 3379 1253 A.
3406 1214 3580 1269 usque

2010 1286 2076 1341 ad
2111 1296 2407 1343 torrentem
2442 1290 2534 1357 qui
2562 1296 2644 1343 est
2678 1290 2731 1342 in
2753 1290 2997 1359 planitie.
3031 1288 3087 1343 S.
3114 1306 3284 1359 usque
3305 1291 3371 1344 ad
3387 1290 3580 1343 vallem

2011 1389 2392 1448 campestrem.
2433 1377 2598 1444 LXX,
2628 1395 2801 1449 usque
2831 1381 2898 1434 ad
2929 1388 3221 1435 torrentem
3249 1378 3579 1436 Occidentis.

2011 1469 2115 1524 Th.
2153 1486 2327 1541 usque
2352 1471 2419 1525 ad
2449 1479 2748 1526 torrentem
2770 1472 2947 1526 Araba
2984 1470 3079 1542 (al.
3105 1470 3362 1541 Arabiae).

1198 1589 1373 1649 Noua
1398 1594 1459 1649 et
1493 1587 1681 1650 varias
1720 1587 2030 1650 lectiones
2049 1587 2125 1649 ad
2148 1601 2284 1662 cap.
2310 1586 2396 1645 Vl
2427 1587 2645 1645 Amos.

501 1689 556 1763 ξ.
594 1688 699 1763 ᾍ..
723 1688 773 1763 oi
802 1690 1310 1763 dmxexwptcpévm
1337 1701 1440 1748 etc.
1471 1691 1751 1748 Barberin.

460 1800 472 1813 .
596 1759 682 1831 Σ.,
706 1759 813 1831 τῶν
844 1758 1045 1831 μύρων.
1064 1758 1255 1831 Ὶᾷέιη.

506 1827 557 1902 7.
594 1829 675 1902 2_.,
698 1830 807 1902 καὶ
831 1827 1092 1902 -περιαιρ-
1122 1830 1287 1902 Idem.

575 1938 589 1952 .
615 1898 805 1953 Trium
831 1898 1091 1956 lectiones
1124 1901 1302 1957 adfert
1327 1902 1469 1960 idem
1518 1901 1871 1957 Barberinus.

2082 1690 2216 1743 lhid.
2260 1689 2343 1749 Σ.,
2380 1686 2611 1755 ἀλόγως.
2645 1685 3031 1757 Hieronymus.

2085 1759 2149 1812 V.
2194 1757 2280 1811 14.
2306 1760 2501 1823 ’Ἄλλη
2540 1756 2807 1825 στρατιῶν
2838 1755 2865 1810 ί
2894 1767 2946 1810 et
2983 1766 3168 1825 postea
3213 1759 3297 1822 2.,
3332 1755 3441 1810 ἀπὺ
3466 1758 3581 1810 εἰσι

2010 1830 2154 1892 ὁδου,
2188 1827 2508 1895 deindeque,
2542 1827 2739 1888 ’Ἄλλη
2764 1825 2937 1894 χόλον.
2972 1826 3319 1882 Barberinus.

2084 1899 2218 1953 Ibid.
2255 1896 2364 1951 llas
2393 1911 2610 1965 quoque
2659 1896 3134 1965 interpretationes
3166 1895 3362 1950 Latine
3405 1896 3582 1953 adfert

2013 1968 2377 2037 Hieronymus
2403 1964 2421 2019 ἑ
2453 1965 2639 2021 Graece
2674 1964 3023 2033 imperfectas
3051 1965 3406 2023 Barberinus.

1629 2106 1851 2169 AMOS
1876 2103 2135 2166 CAPUT
2174 2102 2310 2163 VII.

323 2218 424 2269 7::
459 2207 482 2261 i
575 2208 655 2260 Ἀ.
690 2204 945 2277 βοράδων.
971 2210 1050 2274 0',
1076 2207 1332 2279 ἀκρίδων.

322 2365 491 2462 πίῃ-τ
527 2388 604 2442 m
638 2393 758 2442 Tm
791 2365 1057 2470 epla-mn
1141 2383 1221 2437 ’A.
1261 2382 1368 2436 ιδοὺ
1392 2381 1587 2470 δψιμος
1607 2381 1782 2437 ὀπίσω
1805 2382 1907 2453 τῆς

331 2473 512 2545 Γάζης
542 2472 824 2544 βασιλέως.
850 2469 935 2541 θ’,
964 2474 1073 2529 ἰδοὺ
1107 2473 1339 2546 βροῦχος
1384 2469 1466 2539 εἷς
1516 2473 1641 2544 Γὼγ
1687 2475 1717 2526 ὁ
1754 2474 1909 2545 βασι-

330 2562 477 2629 λεύς.
962 2554 975 2573 κ

330 2750 467 2827 3pm
505 2746 633 2829 ειτρν
672 2746 746 2799 9n
776 2738 813 2793 2
886 2738 945 2794 2.
976 2737 1060 2801 τίς
1092 2732 1168 2792 ῶν
1211 2736 1335 2808 (sic)
1380 2735 1745 2809 ὑποστήσεται
1798 2738 1903 2792 Ἰα-

332 2834 469 2888 κώϐ.
495 2832 571 2898 0',
595 2832 681 2896 τίς
707 2831 999 2902 ἀναστήσει
1020 2830 1112 2885 τὸν
1150 2829 1362 2885 Ἰακώϐ.

329 2934 450 2985 mm
489 2936 603 2986 nm
641 2924 676 2978 5
747 2924 808 2982 2.
843 2922 1163 2995 παρεκλήθη
1187 2922 1409 2993 Κύριος.
1438 2923 1514 2987 0',
1548 2922 1898 2995 μετανόησον,

333 3015 527 3085 Κύριε.

329 3221 456 3302 mp,
494 3220 567 3275 in
602 3214 638 3269 5
712 3212 770 3267 Σ.
801 3211 887 3276 τίς
907 3206 982 3267 ὧν
1004 3209 1130 3285 (sic)
1150 3209 1537 3282 ὑτυοστήσεται.
1559 3212 1637 3277 0’,
1660 3211 1745 3276 τις
1771 3211 1904 3267 ἀνα-

333 3308 517 3375 στήσει
539 3320 557 3372 ;

331 3407 444 3458 an:
473 3397 507 3453 6
590 3398 673 3453 Ἀ.
715 3396 1119 3470 παρακλήθητι.
1151 3394 1227 3466 0’,
1258 3396 1605 3470 μετανόησον.

334 3580 452 3631 ’τηε
484 3580 613 3630 nm
649 3578 817 3630 um“;
848 3581 919 3631 Π)
957 3570 988 3623 7
1060 3572 1117 3626 2.
1149 3572 1231 3625 ὅτι
1257 3572 1427 3645 ὲφάνη
1457 3572 1679 3645 Κύριος.
1709 3573 1786 3639 0',
1806 3571 1901 3627 οὕ-

334 3680 439 3727 τως
457 3662 626 3729 ἐδειξέ
667 3679 758 3734 μοι
786 3662 1010 3736 Κύριος.
1037 3663 1099 3718 Θ.
1134 3663 1241 3718 ἰδοὺ
1281 3663 1505 3719 Ἀδωναῖ
1534 3666 1756 3736 Κύριος.

334 3930 442 4003 ’ρκ
526 3923 601 3977 ’A.
641 3925 894 3993 γάνωσις.
925 3926 985 3982 Σ.
1017 3927 1094 3995 0’,
1116 3926 1348 3999 ἀδάμας.
1374 3928 1436 3982 Θ.
1471 3929 1789 4000 τηκόμενον.

329 4194 478 4246 rm:
511 4187 545 4242 9
619 4187 678 4241 Σ.
705 4186 771 4241 τὰ
798 4186 997 4258 ὑψηλά.
1021 4189 1098 4255 0',
1127 4187 1319 4260 βωμοί.

330 4288 457 4366 VP
495 4280 565 4335 10
651 4281 731 4336 Ἀ.
782 4279 1090 4353 συνέδησεν.
1131 4282 1191 4337 Σ.
1238 4282 1515 4340 ἀνέπισεν.
1540 4287 1558 4309 ⁶
1590 4285 1899 4357 ἀναταράσ-

334 4390 443 4426 σον.
472 4371 552 4439 0’,
581 4375 892 4444 συστροφὰς
916 4378 1166 4430 ποιεῖται.

330 4472 467 4546 ἿΡῈ
506 4463 574 4517 14
660 4462 739 4516 ’A.
770 4464 830 4520 Σ.
867 4464 929 4520 Θ.
952 4465 1047 4519 καὶ
1074 4466 1152 4533 E',
1198 4465 1473 4537 βουκόλος.
1509 4470 1587 4538 0’,
1617 4469 1861 4535 αῑπολάς.

327 4654 540 4733 man
568 4629 723 4707 D5131
806 4648 887 4703 ’A.
923 4649 1018 4703 καὶ
1041 4649 1275 4720 ἐρευνῶν
1311 4651 1666 4723 συκομόρους.
1710 4652 1770 4706 Σ.
1808 4653 1904 4707 καὶ

328 4736 467 4806 ἔχων
498 4740 856 4810 συκομόρους.
901 4743 979 4807 0',
1006 4742 1102 4795 καὶ
1142 4741 1342 4807 κνιζων
1368 4743 1662 4815 συκάμινα.
1704 4743 1767 4800 Θ.
1810 4746 1901 4800 καὶ

327 4830 588 4900 χαρακῶν
624 4832 972 4902 συκαμίνους.

327 5016 486 5093 rpnn
522 4992 616 5069 N51
649 5008 717 5065 16
788 5010 848 5065 Σ.
892 5050 907 5067 .
950 5048 967 5067 .
1008 5049 1022 5065 .
1069 5051 1084 5065 .
1130 5050 1144 5065 .
1188 5053 1202 5067 .
1245 5012 1437 5080 θ’,καὶ
1464 5011 1525 5067 οὐ
1558 5014 1632 5087 μή
1660 5015 1902 5089 ὀχλαγω-

328 5103 524 5171 rion;-

330 5205 464 5255 mm
501 5195 564 5248 17
639 5196 698 5251 Σ.
739 5196 1188 5270 πορνευθήσεται.
1213 5200 1289 5267 0’,
1323 5199 1632 5272 πορνεύσει.

2080 2201 2134 2254 1.
2170 2199 2306 2254 Heh.
2337 2196 2501 2264 LXX,
2535 2197 2891 2253 locustarum.
2918 2197 2979 2253 Δ.
3026 2198 3309 2254 boradnm.
3341 2199 3467 2255 ναι.
3494 2200 3578 2256 Ιο-

2008 2300 2195 2346 ρυειω.
3592 2344 3597 2347 ,

2077 2382 2145 2436 Η.
2173 2396 2299 2438 ecce
2324 2381 2488 2436 herba
2545 2380 2785 2435 serotina
2832 2388 2955 2449 post
2994 2380 3277 2438 tonsiones
3320 2383 3483 2454 regis.
3508 2383 3573 2438 A.

2006 2488 2131 2529 ecce
2160 2474 2432 2529 serotinus
2462 2470 2763 2541 postGaza:
2819 2487 3022 2542 regem.
3054 2470 3218 2538 LXX,
3268 2488 3395 2528 ecce
3448 2473 3576 2527 bru-

2005 2566 2144 2622 chus
2179 2582 2317 2620 unus
2345 2565 2461 2635 Gog
2490 2580 2604 2619 rex.
2636 2563 2761 2620 Vul.
2812 2580 2938 2620 ecce
2977 2566 3249 2620 serotinus
3300 2574 3425 2636 post
3451 2574 3577 2620 ton-

2005 2655 2215 2711 sionem
2257 2656 2422 2726 regis.

2073 2746 2130 2799 2.
2170 2747 2233 2801 Η.
2267 2743 2431 2811 LXX,
2465 2743 2590 2800 Vul.
2622 2744 2744 2816 quis
2789 2744 3075 2801 suscitabit
3126 2743 3315 2801 Jacob.
3350 2742 3410 2800 8.
3449 2744 3573 2816 quis

2003 2853 2134 2908 ergo
2162 2836 2446 2893 suscitahit
2478 2837 2664 2893 Jacob.

2076 2931 2130 2985 5.
2162 2929 2225 2983 Η.
2257 2930 2509 2999 pmnituit
2534 2929 2846 2984 Dominum.
2876 2930 2934 2985 8.
2970 2940 3256 2986 revocatus
3282 2938 3366 2987 est
3390 2931 3575 2985 Domi-

2003 3037 2130 3076 nus.
2160 3020 2323 3088 LXX,
2358 3021 2615 3092 poeniteat
2654 3031 2707 3077 te
2728 3060 2744 3087 ,
2768 3021 3015 3077 Domine.
3052 3020 3180 3077 ναι.
3208 3023 3465 3078 misertus
3491 3035 3575 3078 est

2003 3111 2287 3167 Dominus.

2075 3203 2129 3258 5.
2158 3203 2223 3257 Β.
2252 3201 2413 3268 LXX,
2446 3200 2572 3259 Vul.
2623 3202 2748 3274 quis
2787 3201 3116 3259 suscitabit?
3168 3202 3227 3260 S.
3252 3204 3378 3273 quis
3406 3204 3574 3276 igitur

2005 3295 2295 3351 suscitabit
2314 3294 2338 3348 ?

2072 3386 2126 3441 6.
2161 3385 2226 3439 Η.
2260 3383 2535 3456 ρωηὶιυίι.
2568 3383 2635 3438 Δ.
2676 3382 2954 3438 miserere.
3003 3380 3170 3449 LXX,
3199 3383 3462 3453 pomiteat
3499 3392 3569 3438 te.

2010 3475 2130 3532 Vul.
2164 3476 2425 3531 misertus
2459 3484 2561 3530 est.

2073 3570 2125 3624 7.
2154 3569 2221 3623 Η.
2256 3569 2349 3624 Sic
2377 3567 2614 3623 ostendit
2641 3565 2796 3629 mihi,
2827 3571 2882 3619 et
2906 3577 3031 3619 ecce
3054 3562 3337 3617 Dominus.
3357 3562 3415 3618 8.
3435 3562 3573 3629 Quia

2001 3662 2152 3717 visus
2176 3668 2261 3715 est
2290 3659 2575 3713 Dominus.
2607 3655 2771 3721 LXX,
2815 3656 2906 3709 Sic
2950 3654 3186 3709 ostendit
3229 3654 3361 3707 mihi
3390 3653 3575 3708 Domi-

2001 3768 2123 3808 nus.
2147 3750 2252 3806 Th.
2286 3750 2423 3806 Ecce
2457 3749 2667 3804 Adonai
2702 3747 2987 3802 Dominus.
3012 3743 3138 3801 Vul.
3170 3745 3297 3802 Haec
3337 3746 3573 3802 ostendit
3682 3772 3691 3777 -

2001 3842 2135 3898 mihi
2170 3840 2428 3895 Dominus
2453 3857 2465 3893 :
2494 3846 2547 3891 et
2577 3850 2703 3891 ecce
2732 3834 3013 3890 Dominus.

2074 3930 2240 3986 Hebr.
2275 3924 2741 3999 perpendiculum.
2790 3923 2855 3977 Δ.
2911 3931 3251 3980 staunatura.
3309 3923 3368 3981 8.
3402 3921 3568 3991 LXX,

2004 4022 2250 4077 adamas.
2291 4015 2395 4073 Th.
2442 4018 2771 4087 liquescens.
2831 4014 3056 4071 Hieron.
3112 4017 3414 4073 tabescens.
3446 4015 3568 4071 Vul.

2004 4114 2169 4169 trulla
2211 4110 2564 4167 caementarii.

2074 4202 2128 4257 9.
2165 4200 2231 4256 Η.
2258 4201 2315 4255 8.
2341 4198 2466 4255 Vul.
2501 4198 2737 4254 excelsa.
2763 4194 2929 4261 LXX,
2956 4209 3084 4250 arte.

2078 4291 2165 4345 10.
2205 4290 2336 4345 Heb.
2364 4288 2689 4358 coniuravit.
2721 4289 2787 4343 A.
2818 4285 3110 4357 colligavit.
3136 4282 3195 4339 S.
3217 4282 3571 4354 conspiravit.

2003 4384 2170 4451 LXX,
2206 4385 2658 4455 eongregationes
2686 4381 2838 4437 facit.
2873 4379 2995 4435 Vul.
3020 4376 3321 4434 rebellavit.

2075 4476 2163 4530 14.
2193 4476 2328 4531 Heb.
2358 4474 2486 4529 Vul.
2517 4474 2900 4531 armentarius.
2939 4471 3004 4526 A.
3053 4470 3111 4525 S.
3143 4468 3246 4523 Th.
3296 4474 3353 4523 et
3382 4465 3444 4534 ν,
3473 4464 3573 4521 bu-

2003 4568 2223 4624 bulcus.
2247 4565 2413 4636 LXX,
2443 4568 2745 4638 caprarius.

2078 4658 2146 4712 H.
2171 4658 2238 4713 A.
2280 4666 2337 4711 et
2363 4665 2615 4712 scrutans
2642 4668 2980 4727 sycomoros.
3009 4650 3067 4707 8.
3095 4660 3149 4708 et
3180 4651 3385 4706 habens
3414 4662 3572 4719 syco-

2007 4762 2215 4803 moros.
2249 4745 2412 4811 LXX,
2437 4754 2492 4801 et
2535 4746 2739 4800 vellens
2782 4742 3080 4813 sycamina.
3123 4740 3227 4796 Th.
3256 4748 3311 4795 et
3342 4739 3571 4800 vallans,

2005 4840 2083 4894 vel
2108 4839 2251 4895 fossa
2283 4838 2535 4894 muniens
2595 4836 2894 4908 sycamina.
2929 4832 3055 4888 ναι.
3111 4832 3373 4888 vellicans
3413 4844 3571 4903 syco-

2006 4943 2344 5073 m‘irasoﬂeb.
2385 5016 2505 5073 Vul.
2534 5026 2587 5073 et
2616 5030 2724 5073 non
2761 5013 3019 5071 stillabis.
3054 5012 3112 5069 8.
3138 5022 3193 5071 et
3240 5028 3351 5069 non
3395 5014 3575 5070 incre-

2005 5109 2183 5182 pabis.
2216 5108 2380 5177 LXX,
2405 5118 2460 5165 et
2481 5124 2550 5165 ne
2588 5122 2882 5179 congreges
2905 5106 3112 5162 turbas.

2078 5203 2168 5257 1⁸1.
2192 5201 2328 5257 Heb.
2361 5199 2525 5268 LXX,
2558 5198 2680 5254 Vul.
2734 5197 3110 5254 fornieabitur.
3168 5193 3226 5251 S.
3261 5193 3578 5252 fornicatio-

2005 5308 2129 5350 nem
2154 5293 2410 5365 patietur.

1170 5403 1347 5465 Note)
1377 5407 1437 5463 et
1470 5400 1659 5464 varia:
1705 5400 2017 5470 lectiones
2040 5406 2120 5469 ad
2154 5424 2290 5486 cap.
2327 5407 2442 5469 VII
2476 5407 2695 5467 Amos.

499 5494 548 5572 _l.
578 5496 706 5572 _:A.,
732 5499 986 5572 βοράδων.
1023 5500 1371 5559 Barberinus.

400 5563 530 5619 ibid.
577 5563 844 5626 Hiero'nf:
884 5590 901 5623 r
930 5573 1068 5639 Quid
1104 5585 1283 5632 autem
1323 5574 1553 5633 voluerit
1591 5575 1785 5647 Aquila
1807 5576 1891 5634 di—

2002 5525 2125 5567 cere
2163 5527 2176 5563 :
2220 5527 2334 5565 ecce
2374 5512 2637 5565 serotinus
2682 5517 2796 5579 post
2843 5504 3001 5561 Gaza:
3040 5523 3250 5578 regem;
3280 5506 3572 5579 cumﬁaza

2003 5583 2167 5638 verbo
2197 5580 2459 5639 llehraico
2485 5580 2624 5636 ΑΖΔ
2663 5575 2978 5651 appelletur,
3003 5575 3112 5636 non
3142 5581 3276 5637 satis
3307 5575 3572 5642 intelligo.
