4032 6200
332 281 480 337 2977

326 407 595 459 ’τηε-πῃπῇ
637 397 699 449 15
777 399 838 450 Οἱ
871 399 1090 462 λοιποὶ,
1126 398 1563 468 ἁναθεματίσεις.
1603 397 1677 462 0⁸,
1710 391 1907 461 ἀναθή-

331 506 475 549 σεις.

327 588 497 642 mm
570 576 627 627 Σ.
663 576 723 629 τὸ
750 576 936 647 κέρδος
959 576 1156 628 αὐτῶν.
1182 575 1259 639 U',
1290 578 1351 629 τὸ
1378 575 1579 645 πλῆθος
1613 573 1813 631 αὐτῶν.
1834 569 1898 636 Θ,

326 668 404 719 τὰ
438 665 586 736 δῶρα
618 664 819 718 αὐτῶν.
856 666 987 735 Ε’,ή
1022 664 1274 733 ὠφέλεια.

1616 278 1921 334 ΜΙΩΗᾹΞΑΞ
1965 274 2195 332 CAPUT
2236 272 2298 326 ν.

3441 271 3581 330 2978

2089 391 2175 445 I3.
2207 387 2271 443 II.
2306 389 2800 444 anathematizabo.
2823 388 3053 457 Reliqui,
3079 386 3581 445 anathematizabis.

2015 478 2179 545 LXX,
2216 479 2583 535 consecrabis.
2607 477 2730 534 Vul.
2761 477 3072 533 interlicies.

2087 571 2153 625 II.
2176 571 2502 627 desiderium
2556 586 2767 627 eorum.
2813 572 2869 628 S.
2920 572 3128 626 lucrum
3168 584 3378 624 eorum.
3422 568 3585 628 LXX.

2015 662 2417 719 multitudinem
2446 679 2660 719 eorum.
2690 663 2793 717 Th.
2832 664 2973 717 dona
3000 676 3214 717 eorum.
3263 659 3327 727 ν,
3364 660 3585 716 utilitas.

2013 750 2137 807 Vul.
2169 756 2389 824 rapinas
2422 769 2636 809 eorum.

1174 870 1351 929 Notae
1389 872 1452 929 et
1485 868 1673 929 variat
1698 865 2004 928 lectiones
2041 868 2117 928 ad
2153 885 2287 947 cap.
2326 871 2407 930 IV
2440 868 2742 930 Michael».

418 969 480 1025 V.
512 972 565 1025 5.
597 972 832 1036 Ἄλλος,
862 968 1104 1033 ζιόύνας.
1138 967 1424 1025 Barberin.

413 1040 548 1094 lbid.
582 1043 662 1104 Σ..
698 1042 784 1101 8.,
819 1040 904 1092 ἐπ’
932 1040 1102 1101 ἔθνος.
1131 1038 1229 1094 Ms.
1256 1039 1368 1094 Jes.

415 1109 478 1162 V.
517 1110 570 1163 8.
610 1112 972 1181 Hieronymus
1006 1127 1020 1163 :
1071 1108 1190 1181 «Et
1225 1110 1334 1181 haec
1369 1119 1529 1162 tum:
1584 1107 1700 1181 ﬁlio
1745 1105 1906 1171 Sion;

335 1180 459 1233 sive
492 1189 549 1251 ut
587 1179 947 1251 Symmachus
980 1180 1154 1251 vertit,
1192 1181 1244 1232 in
1294 1180 1561 1251 Graecum,
1597 1188 1643 1231 et
1679 1179 1811 1251 ipsa_
1832 1185 1909 1229 est

336 1250 460 1317 filia
484 1244 644 1303 Sion:
677 1272 693 1301 ι
733 1248 863 1314 Quae
884 1249 1037 1317 haud
1068 1248 1231 1301 dubie
1259 1249 1446 1302 vitiata
1476 1249 1746 1317 videntur.
1778 1244 1909 1297 Bar-

337 1314 568 1375 Leriuus
600 1321 703 1386 ‘A.,
732 1316 1023 1388 σκοτώδης.
1059 1319 1142 1383 Σ.,
1174 1319 1483 1387 ἀπόκρυφος
1508 1333 1523 1383 ς
1547 1318 1630 1372 ba:
1666 1314 1911 1370 videntur

2008 982 2132 1023 esse
2162 984 2301 1023 verae
2330 969 2608 1024 lectiones.

2085 1037 2146 1123 Χ.
2303 1040 2385 1123 Σ..
2415 1039 2779 1123 ςυνήχθησαν.
2809 1038 3095 1123 Barberin.

2082 1105 2147 1179 _V.
2181 1109 2269 1163 15.
2311 1112 2375 1161 οι
2412 1105 2599 1173 λουῖξ,
2631 1105 3265 1179 ἁναθεματξσειςεριάεῐη.

2078 1175 2213 1250 Ibid_.
2240 1179 2333 1231 Hae
2365 1178 2624 1235 lectiones
2657 1175 2924 1250 prodeunt
2962 1192 3029 1233 ex
3055 1176 3383 1249 Hieronymo
3424 1184 3479 1233 et
3516 1188 3587 1231 es

2006 1246 2137 1300 edit.
2180 1247 2442 1302 Romana.

1582 1509 1940 1573 ΜΙΟΗᾸΞᾸΞ
1976 1512 2231 1574 CAPUT
2294 1512 2369 1569 V.

338 1606 1061 1671 'mrmmmmyt
1152 1607 1909 1666 Ἀ.Σ.Θ.Ε¹........

345 1702 430 1764 0',
465 1697 556 1751 νῦν
589 1696 1033 1767 ἐμφραχθήσεται
1059 1694 1304 1765 Θυγάτηρ
1326 1696 1663 1767 ὲμφραγμῷ.

344 1863 537 1937 5mm
590 1882 733 1932 iam
782 1884 863 1933 nn
918 1855 1153 1935 vn‘rr-Sv
1191 1881 1264 1931 ut
1353 1873 1430 1925 Ἀ.
1478 1872 1771 1944 πλήξουσιν
1822 1874 1917 1928 ἐπὶ

348 1964 579 2033 σιαγόνα
598 1962 687 2015 τὸν
716 1962 909 2033 κριτὴν
956 1962 1190 2031 Ἰσραήλ.
1221 1963 1280 2015 Σ.
1305 1960 1530 2031 τύψουσι
1556 1962 1698 2017 κατὰ
1736 1964 1917 2032 σιαγό-

347 2072 449 2116 νας
468 2054 559 2105 τὸν
586 2051 777 2122 κριτὴν
823 2051 1055 2122 Ἰσραήλ.
1083 2052 1159 2116 0',
1194 2049 1523 2117 πατάξουσιν
1543 2054 1635 2107 ἐπὶ
1670 2054 1918 2122 σιαγόνας

346 2144 450 2207 τὰς
485 2142 656 2211 φυλὰς
695 2141 932 2213 Ἰσραήλ.
958 2142 1022 2197 Θ.
1049 2142 1277 2205 πατάξει
1298 2142 1394 2197 ἐπὶ
1416 2141 1643 2214 σιαγόνα
1672 2141 1765 2197 τὸν
1799 2161 1919 2217 κρι-

346 2235 451 2304 τὴν
493 2232 727 2303 Ἰσραήλ.

348 2332 496 2382 Ὸεω
568 2323 631 2374 υἱ
655 2322 729 2387 Γ¹,
757 2320 847 2374 τὸν
878 2322 1090 2391 κριτήν.
1125 2320 1202 2387 0',
1225 2322 1323 2384 τὰς
1348 2318 1538 2390 φυλάς.

347 2420 511 2472 mn
546 2411 581 2464 4
654 2411 713 2464 Σ.
748 2451 763 2466 .
801 2450 816 2465 .
846 2450 860 2464 .
896 2453 909 2467 .
939 2410 1020 2478 0',
1059 2412 1382 2483 ὑπάρξουσι.

350 2592 475 2642 D‘TR
511 2591 652 2643 ’ἒὍὲ
683 2593 875 2643 rem
910 2594 1056 2649 εἰη
1094 2595 1258 2648 me:
1307 2585 1340 2640 5
1422 2584 1504 2638 Ἀ.
1542 2586 1681 2639 ἑπτὰ
1722 2588 1923 2656 νομεῖς,

352 2672 451 2725 καὶ
478 2672 623 2725 ὀκτὼ
656 2673 1098 2743 καθεσταμένους
1128 2674 1466 2743 ἀνθρώπους.
1489 2674 1549 2727 Σ.
1579 2674 1715 2727 ἑπτὰ
1740 2675 1931 2745 ποιμέ-

352 2780 473 2827 νας,
507 2763 601 2815 καὶ
629 2762 774 2815 ὀκτὼ
808 2764 1063 2833 χριστοὺς
1086 2762 1408 2833 ἀνθρώπων.
1449 2763 1527 2831 0',
1557 2763 1696 2817 ἑπτὰ
1734 2763 1928 2834 ποιμέ-

351 2870 467 2917 νες,
503 2854 595 2906 καὶ
633 2854 778 2907 όκτὼ
815 2854 1067 2924 δήγματα
1115 2851 1434 2925 ἀνθρώπων.
1474 2855 1537 2908 Θ.
1562 2856 1703 2909 ἑπτὰ
1733 2856 1926 2927 ποιμέ-

353 2962 474 3011 νας,
515 2945 611 2997 καὶ
637 2942 783 2997 ὀκτὼ
822 2944 1098 3015 ἀρχηγοὺς
1138 2944 1457 3015 ἀνθρώπων.
1488 2944 1548 2999 Θ.
1582 2945 1800 3012 ἄλλως,
1849 2947 1924 3012 E',

352 3033 615 3104 ἄρχοντες
635 3032 959 3105 ἀνθρώπων.

351 3149 527 3204 mn:
582 3152 848 3227 vas-nm
901 3154 1057 3205 nam
1115 3152 1272 3204 που
1334 3150 1580 3230 γήρα-ηις
1639 3154 1759 3210 1w
1824 3146 1857 3199 6

345 3245 577 3297 τιηπνεει
649 3237 709 3291 Σ.
745 3274 760 3290 .
797 3277 810 3290 .
850 3274 864 3289 .
900 3239 977 3302 0’,
1015 3237 1107 3289 καὶ
1132 3236 1459 3307 ποιμανοὼι
1482 3237 1572 3291 τὸν
1617 3239 1843 3307 Ἀσσοὺρ
1869 3240 1927 3292 ὲν

354 3329 626 3399 ῥομφαίᾳ,
654 3329 748 3381 καὶ
766 3328 864 3399 τὴν
898 3329 999 3397 γῆν
1036 3327 1131 3383 τοῦ
1160 3327 1389 3400 Νεϐρὼδ
1431 3330 1492 3382 ὲν
1514 3332 1579 3401 τῇ
1610 3330 1802 3401 τάφρῳ
1833 3330 1929 3383 αὐ-

348 3436 476 3491 τηςο

348 3670 575 3723 ητα-ωδ
659 3661 738 3714 ‘A.
769 3661 825 3713 ὲν
864 3701 876 3715 .
910 3703 922 3717 .
961 3702 975 3717 .
1013 3704 1024 3717 .
1053 3662 1109 3716 Σ.
1141 3663 1291 3726 ἰντδς
1322 3665 1503 3719 πυλῶν
1542 3667 1728 3737 αὐτῆς.
1763 3668 1839 3731 0',
1872 3667 1927 3719 ὲν

347 3755 430 3822 τῇ
461 3753 648 3822 τάφρῳ
671 3751 857 3822 αὐτῆς.
895 3752 956 3806 Θ.
997 3754 1054 3806 ἐν
1079 3753 1275 3819 πύλαις
1311 3756 1495 3826 αὐτῆς.
1533 3756 1609 3823 Ε’,
1660 3758 1719 3809 ἐν
1752 3773 1927 3826 παρα-

360 3843 575 3912 ξῑφεσιν
598 3845 790 3900 αὐτῶν.

357 3920 620 3999 ειυς-’ὃν
652 3945 885 3997 ωηιξη)
924 3938 955 3993 7
1038 3938 1116 3992 Ἀ.
1151 3938 1243 3992 καὶ
1277 3940 1353 4002 ὡς
1386 3940 1616 4009 ψεκάδες
1668 3942 1759 3995 ἐπὶ
1794 3942 1927 3996 πόαν

355 4030 461 4095 (αι.
494 4030 731 4099 σπόρον).
768 4033 845 4095 0⁸,
889 4031 980 4083 καὶ
1005 4029 1079 4094 ὡς
1108 4030 1270 4099 ἄρνες
1302 4031 1393 4083 ἐπὶ
1424 4030 1713 4101 ἄγρωστιν.
1748 4031 1808 4085 Θ.
1836 4035 1927 4086 καὶ

350 4118 494 4172 ὡσεὶ
532 4121 741 4188 νιφετὸς
782 4120 873 4173 ἐπὶ
907 4122 1117 4191 χόρτον.
1155 4122 1210 4173 Σ.
1246 4122 1337 4173 ἐπὶ
1363 4122 1573 4191 χόρτον.

351 4416 480 4465 mu
504 4391 622 4466 ἐπί)
655 4392 772 4468 5n"
804 4392 894 4467 κὸπ
934 4392 1084 4467 ω’κὸ
1128 4392 1363 4495 δην-κ’)
1394 4422 1525 4472 ’που
1610 4413 1688 4466 Ἀ.
1732 4414 1789 4478 ὃς
1833 4416 1931 4485 οὐχ

357 4496 622 4565 ὑπομενεῖ
652 4498 841 4567 ἄνδρα,
873 4498 966 4550 καὶ
1012 4497 1073 4549 οὑ
1121 4500 1248 4568 περὶ
1300 4500 1448 4563 υἱοὺς
1484 4502 1804 4573 ἀνθρώπων.
1850 4508 1926 4569 0’,

353 4586 508 4649 ὅπως
546 4587 619 4657 μὴ
647 4588 885 4657 συναχθῇ
914 4587 1123 4658 μηδεὶς,
1159 4588 1292 4657 μηδὲ
1328 4589 1532 4660 ὑποστῇ
1569 4592 1625 4642 ὲν
1663 4594 1798 4655 υἱοῖς
1834 4593 1928 4646 ἀν-

353 4674 613 4742 Θρώπων.
649 4676 711 4729 Θ.
739 4677 797 4739 ὂς
830 4677 889 4729 οὑ
926 4679 1078 4746 μενεῖ
1098 4677 1412 4747 ἄνθρωπον,
1460 4680 1554 4731 καὶ
1587 4682 1682 4733 οὐκ
1722 4682 1931 4735 ἐλπίσει

352 4766 456 4818 ἐπὶ
489 4766 620 4819 υἱῶν
650 4767 746 4821 ἀνθ
757 4767 972 4839 ρώπων.

353 5075 609 5129 suum
640 5066 705 5120 I2
788 5068 866 5120 Ἀ.
908 5068 997 5121 καὶ
1024 5067 1474 5140 κληδονιζόμενοι.
1495 5070 1550 5123 Σ.
1581 5072 1672 5123 καί
1707 5088 1926 5141 σημειοο

355 5162 742 5231 σκοπούμενοι.
782 5161 860 5227 0',
893 5163 984 5215 καὶ
1005 5163 1497 5233 ἁποφθεγγόμενοι.

2094 1610 2144 1664 ι.
2174 1609 2337 1664 Hebr.
2368 1624 2511 1662 nunc
2560 1608 2843 1661 turmatim
2885 1620 3175 1672 excurres,
3216 1604 3323 1660 lilia
3378 1615 3591 1663 turma.

2018 1704 2083 1757 A.
2120 1701 2178 1755 S.
2210 1700 2313 1755 Th.
2346 1698 2410 1764 V,
2479 1697 2605 1751 Vul.
2640 1714 2787 1753 nunc
2842 1698 3158 1763 vastaberis,
3195 1698 3305 1753 lilia
3346 1698 3593 1755 latronis.

2020 1790 2185 1856 LXX,
2228 1805 2375 1845 nunc
2408 1790 2721 1845 obstruetur
2750 1788 2861 1842 lilia
2890 1788 3281 1844 obstructione.

2088 1882 2155 1937 Il.
2197 1882 2262 1935 A.
2297 1881 2599 1951 percutient
2626 1895 2787 1950 super
2832 1880 3104 1933 maxillam
3140 1880 3379 1949 iudicem
3408 1878 3591 1935 Israel.

2020 1972 2077 2026 S.
2103 1970 2479 2041 percutientin
2499 1969 2748 2024 maxillas
2772 1970 3012 2039 iudicem
3039 1966 3223 2024 Israel.
3274 1968 3441 2034 LXX,
3478 1986 3597 2040 per-

2018 2060 2225 2117 cutient
2270 2060 2323 2113 in
2362 2060 2613 2113 maxillas
2668 2059 2841 2113 tribus
2870 2058 3053 2113 Israel.
3100 2056 3204 2111 Th.
3241 2060 3509 2128 percutiet
3539 2060 3595 2113 in

2022 2155 2296 2209 maxillam
2323 2152 2561 2221 iudicem
2620 2150 2806 2208 Israel.
2839 2150 3283 2222 Vul.percutient
3316 2152 3595 2207 maxillam

2018 2246 2217 2315 iudicis
2240 2243 2423 2299 Israel.
3300 2316 3303 2319 _

2094 2336 2258 2391 Hebr.
2281 2334 2414 2390 Tres
2439 2334 2725 2403 lnterpret.
2772 2330 2897 2387 ναι.
2918 2332 3176 2402 iudicem.
3209 2331 3369 2400 LXX,
3396 2334 3592 2393 tribus.

2094 2429 2148 2483 4.
2189 2426 2257 2481 II.
2289 2435 2343 2483 et
2380 2426 2695 2481 manebunt.
2718 2423 2775 2478 S.
2798 2433 2851 2480 et
2868 2424 3208 2479 habitabunt.
3231 2423 3392 2491 LXX,
3411 2436 3592 2482 erunt.

2026 2518 2151 2573 Vni.
2181 2528 2235 2573 et
2261 2526 2666 2573 convertentur.

2098 2610 2151 2665 5.
2184 2609 2248 2663 II.
2275 2609 2379 2663 Th.
2410 2618 2613 2678 septem
2645 2616 2914 2678 pastores,
2938 2617 2993 2662 et
3037 2619 3163 2663 octo
3194 2609 3466 2679 principes
3495 2610 3596 2664 ho-

2032 2702 2258 2757 minum.
2308 2702 2371 2753 ll.
2433 2707 2639 2768 septem
2700 2708 2968 2768 pastores,
3015 2708 3071 2753 et
3103 2708 3227 2752 octo
3270 2701 3596 2755 constitutos

2032 2791 2298 2847 homines.
2323 2789 2379 2843 S.
2409 2798 2611 2858 septem
2636 2798 2905 2859 pastores,
2930 2799 2985 2844 et
3010 2798 3131 2844 octo
3159 2790 3394 2845 christos
3418 2791 3595 2845 homi-

2031 2896 2182 2935 num.
2214 2878 2375 2942 LXX,
2404 2887 2606 2946 septem
2638 2887 2906 2947 pastores,
2937 2889 2989 2933 et
3012 2888 3137 2935 octo
3176 2895 3393 2936 morsus
3420 2880 3597 2935 homi-

2030 2987 2180 3026 num.
2201 2968 2301 3023 Th.
2327 2970 2502 3033 aliter,
2524 2968 2588 3034 V,
2617 2969 2891 3039 principes
2919 2969 3221 3025 hominum.
3251 2968 3373 3026 Vul.
3390 2981 3594 3041 septem

2030 3071 2299 3132 pastores,
2328 3072 2381 3115 et
2402 3070 2526 3115 octo
2556 3061 2817 3130 primates
2847 3061 3153 3115 hominum.

2100 3155 2152 3209 6.
2186 3153 2249 3208 II.
2286 3165 2337 3209 et
2388 3156 2683 3222 depaseeut
2753 3163 2953 3208 terram
3002 3157 3177 3210 Assur
3211 3154 3266 3209 in
3316 3153 3513 3225 gladio,
3543 3165 3598 3209 et

2031 3256 2226 3303 terram
2250 3243 2485 3301 Nemi-od
2506 3245 2643 3298 intra
2662 3256 2848 3314 portas
2872 3246 3009 3314 eius.
3032 3245 3150 3300 S.et
3175 3256 3397 3315 poscent
3424 3249 3598 3302 Assur

2028 3340 2082 3394 in
2107 3339 2300 3409 gladio,
2316 3347 2369 3391 et
2400 3346 2599 3391 terram
2629 3334 2865 3391 Nemrod
2894 3337 3033 3390 intra
3070 3342 3253 3404 portas
3283 3336 3593 3404 eius.LXX,

2027 3442 2079 3484 et
2111 3438 2334 3498 pascent
2373 3428 2543 3482 Assur
2598 3426 2652 3480 in
2683 3427 2881 3495 gladio,
2914 3437 2966 3479 et
3017 3434 3216 3480 terram
3266 3423 3483 3481 Nebrod
3539 3428 3597 3481 in

2029 3520 2180 3575 fovea
2211 3518 2482 3589 eius.\’ul.
2520 3525 2573 3572 et
2609 3528 2833 3587 pascent
2863 3526 3064 3573 terram
3100 3516 3271 3572 Assur
3306 3516 3362 3570 in
3393 3517 3595 3587 gladio.

2029 3620 2083 3666 et
2121 3620 2319 3666 terram
2350 3609 2582 3663 Nemrod
2604 3609 2657 3662 in
2684 3610 2886 3664 lanceis
2903 3608 3041 3678 eius.

2099 3698 2234 3753 Heb.
2264 3699 2317 3751 in
2347 3698 2519 3767 portis
2539 3697 2679 3766 eius.
2715 3698 2781 3750 Α.
2813 3696 2936 3751 Vul.
2967 3698 3019 3750 in
3043 3698 3246 3753 lanceis
3271 3697 3408 3766 eius.
3430 3697 3488 3752 S.
3515 3699 3597 3755 in-

2030 3803 2110 3846 tra
2142 3799 2327 3860 portas
2349 3788 2486 3857 eius.
2530 3786 2692 3853 LXX,
2727 3787 2781 3840 in
2814 3786 2965 3841 fovea
3012 3786 3151 3856 eius.
3180 3786 3281 3842 Th.
3336 3789 3390 3844 iu
3428 3792 3598 3861 portis

2028 3884 2168 3953 eius.
2202 3880 2266 3933 V.
2296 3881 2349 3933 in
2388 3881 2517 3935 sicis
2541 3894 2754 3934 eorum.

2101 3974 2153 4028 7.
2181 3975 2339 4030 Hebr.
2375 3982 2651 4043 tamquam
2692 3972 2896 4028 imbres
2948 3988 3111 4045 super
3159 3976 3403 4032 herbam.
3448 3981 3512 4035 Α.
3541 3992 3601 4038 ut

2031 4077 2194 4137 guttae
2226 4066 2365 4122 roris
2419 4082 2585 4136 super
2646 4066 2868 4124 herbam
2926 4068 3023 4137 (al.
3077 4072 3304 4140 semen).
3348 4070 3509 4135 LXX,
3542 4085 3597 4129 et

2031 4163 2171 4215 sicut
2197 4160 2319 4229 agni
2350 4174 2515 4228 super
2546 4174 2792 4229 gramen.
2840 4158 2943 4212 Th.
2975 4168 3028 4213 et
3069 4160 3211 4213 sicut
3237 4162 3395 4215 stillae
3434 4178 3601 4231 super

2030 4250 2260 4306 (mnum.
2287 4248 2345 4304 S.
2378 4264 2539 4318 super
2563 4248 2789 4303 faenum.
2824 4248 2942 4303 ναι.
2990 4257 3041 4303 et
3069 4250 3223 4317 quasi
3256 4251 3410 4306 stilla).
3439 4267 3601 4324 super

2030 4344 2276 4397 herbam.

2102 4432 2166 4487 II.
2193 4449 2314 4504 quae
2347 4448 2454 4488 non
2475 4432 2810 4502 exspectabit
2838 4434 3037 4498 virum,
3077 4449 3174 4487 nec
3202 4435 3600 4503 prmstolabitnr

2034 4524 2173 4579 ﬁlios
2206 4524 2463 4579 hominis.
2496 4524 2560 4577 A.
2602 4540 2725 4594 qua:
2754 4541 2861 4578 non
2898 4524 3235 4593 exspectabit
3269 4525 3462 4590 virum,
3499 4542 3598 4583 nec

2033 4618 2175 4672 circa
2204 4618 2345 4671 ﬁlios
2402 4616 2709 4670 hominum.
2764 4614 2927 4681 LXX,
2977 4626 3035 4671 ut
3089 4632 3196 4671 non
3244 4630 3600 4688 congregetur

2034 4709 2346 4779 quisquam,
2382 4722 2557 4777 neque
2581 4707 2652 4760 sit
2717 4708 2769 4760 in
2814 4707 2940 4761 ﬁliis
2991 4707 3295 4762 hominum.
3330 4708 3430 4762 Th.
3480 4726 3601 4780 quae

2035 4815 2143 4853 non
2175 4799 2507 4869 exspectabit
2532 4798 2827 4860 hominem,
2880 4812 3053 4867 neque
3082 4798 3323 4867 sperabit
3375 4799 3428 4853 iu
3459 4801 3597 4856 lilios

2038 4890 2341 4943 hominum.
2374 4887 2495 4941 Vul.
2553 4903 2672 4956 quae
2711 4903 2819 4941 non
2859 4896 3139 4957 exspectat
3177 4888 3376 4954 virum,
3404 4900 3457 4945 et
3489 4905 3596 4947 non

2036 4981 2379 5050 praestolatur
2411 4978 2551 5034 ﬁlios
2575 4977 2876 5033 hominum.

2112 5073 2198 5127 I2.
2235 5072 2297 5126 II.
2332 5082 2385 5127 et
2412 5070 2845 5141 praestigiatores.
2873 5071 2935 5125 Δ.
2961 5080 3015 5126 et
3053 5071 3404 5127 hariolantes.
3449 5072 3507 5127 S.
3547 5083 3602 5128 et

2035 5180 2292 5234 augures.
2326 5164 2491 5231 LXX,
2517 5175 2571 5221 et
2596 5165 2897 5235 loquentes.
2932 5161 3057 5217 Vul.
3090 5174 3140 5219 et
3167 5164 3549 5221 divinationes.

1228 5276 1401 5337 Nota
1432 5283 1491 5337 et
1525 5277 1715 5338 varim
1745 5276 2048 5341 lectiones
2095 5279 2170 5339 ad
2234 5296 2369 5356 cap.
2414 5281 2465 5338 V
2496 5277 2790 5340 Michaate.

430 5370 493 5423 ν.
531 5372 1313 5448 t_._'I_'rium__in_terpretatinnes
1351 5388 1416 5429 ex
1450 5378 1651 5448 eclogis
1696 5375 1921 5433 Joannis

356 5443 608 5497 mnnaehi
634 5444 784 5496 litera
808 5441 855 5497 Χ
888 5444 943 5497 in
962 5441 1082 5498 cod.
1119 5443 1343 5499 Coislin.

429 5512 562 5584 ibid.
600 5511 764 5584 I",
794 5513 885 5566 τὸν
924 5515 1133 5584 κριτήν.
1165 5512 1441 5568 Barberin.

431 5579 495 5635 ν.
529 5582 578 5635 4.
614 5582 831 5637 IIieron.
870 5598 880 5632 :
938 5579 972 5632 δ’
1004 5579 1080 5634 Et
1118 5594 1516 5645 convertentur;
1549 5584 1682 5645 Sive,
1720 5596 1777 5639 ut
1810 5603 1923 5642 me-

357 5651 467 5706 lius
538 5653 926 5722 interpretatus
990 5661 1072 5708 est
1131 5654 1527 5722 Symmachus,
1586 5656 1920 5711 habitabant.

2029 5377 2289 5435 JASUBU
2310 5380 2453 5434 enim
2485 5379 2705 5433 verbum
2732 5376 3052 5433 Hebraicum
3077 5384 3368 5445 utrumque
3399 5376 3600 5447 signiti-

2031 5459 2171 5503 σοι.»
2201 5450 2257 5503 In
2288 5450 2376 5503 illa
2412 5457 2591 5501 autem
2624 5448 2787 5515 huius
2824 5462 3020 5516 versus
3034 5446 3319 5516 verbagxat
3342 5446 3599 5516 στήοεται

2032 5518 2125 5569 καὶ
2150 5518 2358 5585 sie-rat,
2390 5525 2541 5571 notat
2571 5516 2635 5569 ad
2663 5514 2833 5583 marg.
2863 5517 2961 5571 Ms.
2994 5514 3129 5579 Jes.,
3156 5514 3224 5568 τὰ
3256 5514 3598 5585 ὠὸελιὰμένα

2032 5588 2108 5639 εἰς
2132 5590 2256 5649 τοὺς
2283 5588 2374 5639 δύο
2398 5587 2595 5648 τόπους
2628 5587 2687 5637 οὐ
2713 5590 2916 5640 κεῖνται
2948 5588 3005 5639 ἐν
3036 5585 3113 5654 τῷ
3137 5585 3442 5655 ἐξασελίδῳ.
3469 5588 3507 5641 I.
3542 5605 3592 5640 (ι.

2031 5672 2147 5725 qua:
2172 5658 2313 5709 obolo
2364 5666 2613 5710 notantur
2648 5657 2698 5709 in
2726 5656 2924 5711 duobus
2967 5658 3092 5711 locis
3148 5673 3248 5711 non
3285 5665 3487 5709 exstant
3537 5656 3591 5710 ἐκ
