4032 6200
303 323 398 376 293
410 324 426 378 I

1595 334 1843 390 NAHUM
1875 333 2106 392 CAPUT
2141 332 2230 390 111.

3398 341 3466 396 99
3474 343 3543 397 82

1087 447 1263 507 Nota
1293 461 1350 507 et
1410 453 1602 510 variae
1655 449 1978 512 lectiones
2013 449 2086 510 ad
2141 465 2275 525 cap.
2314 449 2364 508 V
2375 449 2428 510 1-1
2465 448 2763 510 Michaeaa.

377 540 432 596 ν.
460 544 513 598 Ξ.
548 548 614 598 Οἱ
639 548 828 608 λοιπ..
853 547 1182 602 ἐκλέλοιπεν.
1223 549 1573 606 Harbcrinus.

372 613 431 667 ν.
464 613 517 668 ci.
561 613 922 685 Hieronymus
957 635 970 671 :
1017 636 1035 669 ι
1083 616 1317 672 Vastatio
1350 629 1441 674 tua
1489 621 1671 675 venit:
1726 638 1862 675 nunc

305 685 641 754 eritvttstitas
681 701 883 750 eorum,
908 686 943 738 i.
977 702 1050 750 e.,
1079 687 1460 754 habitatorum,
1491 691 1604 746 sive
1637 692 1862 745 obsidio:

307 752 640 831 hlABUtlllA
667 755 823 808 enim
861 756 1032 824 magis
1083 757 1398 831 πολιορκίαν
1432 752 1486 813 et
1535 760 1860 831 φρούρησιν,

309 824 346 897 i._
370 838 437 897 e.,
471 821 792 876 obsidionem
821 834 913 897 ἐι
937 821 1253 897 custodiam,
1279 843 1440 897 quam
1479 821 1774 883 vastitaiem
1809 821 1862 884 in

307 892 525 947 Hebraeo
558 903 732 969 sonat.
769 911 786 943 ι
820 892 917 969 Ubi
951 895 1094 949 haud
1127 892 1557 969 tluhiefaliorum
1594 898 1865 969 Interpre-

306 973 412 1016 tum
448 963 750 1016 versionem
789 965 952 1018 tacito
999 967 1217 1020 nomine
1247 966 1441 1022 adfert.

377 1030 431 1085 V.
476 1032 559 1085 11.
592 1031 673 1097 S.,
711 1031 837 1100 Th.,
867 1035 1133 1106 ἐπιταγὴν
1161 1035 1256 1090 καὶ
1283 1037 1631 1108 πρόσταγμα.
1673 1037 1865 1094 Hieru-

303 1116 512 1170 nymus.

376 1170 428 1225 V.
462 1173 548 1231 12.
581 1171 802 1230 Hieron.
837 1192 852 1228 :
909 1192 926 1226 ι
968 1174 1200 1232 MASOR
1234 1178 1418 1248 :quod
1461 1178 1684 1236 verbum
1730 1178 1776 1234 si
1810 1177 1864 1231 in

2007 551 2407 622 rtepositionem
2459 550 2597 622 MA,
2635 562 2688 606 et
2721 567 2920 607 nomen
2950 551 3078 606 SOR
3104 595 3118 617 ,
3159 553 3450 616 dividatur,
3481 557 3546 609 dc

2018 621 2135 692 yro,
2167 622 2488 692 intelligitur
2521 621 2643 692 :Vsin
2678 632 2858 676 autem
2892 638 3030 676 unus
3061 638 3240 678 sermo
3265 624 3356 680 sit.
3379 627 3549 679 muni—

1973 689 2165 745 tionem
2201 689 2380 763 sonat.
2433 689 2671 763 Denique
2699 705 2919 763 omnes_
2939 692 3221 763 περιοχὴν,
3269 694 3546 763 aetatem—

1973 777 2227 831 φραγμα,
2261 760 2357 812 καὶ
2387 759 2722 831 πολιορκίαν,
2754 776 2859 815 non
2890 760 2957 814 de
2983 759 3231 831 Tyro,ut
3265 761 3431 824 LXX;
3451 759 3543 818 set!

1973 829 2318 882 munitionem
2341 837 2396 883 et
2416 829 2673 882 ambitum
2692 840 2914 884 muralia
2929 829 3072 882 urbis
3092 832 3376 885 transtulet
3392 841 3505 886 uut.
3522 852 3537 881 ι

1976 896 2078 952 Ubi
2108 899 2270 952 trium
2303 899 2446 951 haud
2478 899 2636 952 dubie
2664 899 2948 953 lectionem
2984 898 3188 953 adfert.

2045 967 2110 1021 V.
2142 967 2225 1020 18.
2263 970 2327 1021 Ol
2356 967 2574 1032 λοιποὶ,
2602 968 2774 1022 εἰσαει
2805 979 2910 1022 etc.
2939 967 3048 1023 Has
3079 969 3335 1025 lectiones
3365 986 3428 1024 ex
3448 986 3546 1025 co-

1974 1036 2096 1108 dice
2121 1036 2288 1108 Regio
2320 1045 2374 1090 et
2399 1051 2463 1090 ex
2497 1036 2826 1108 Hieronymo
2850 1047 3185 1093 mutuamur.

2008 1107 2107 1228 Inv.
2143 1106 2234 1162 20.
2276 1108 2528 1173 Ἄλλως,
2565 1106 2890 1179 ἔμπροσθεν.
2943 1107 3031 1164 Sic
3062 1107 3308 1179 quaedam
3359 1125 3547 1166 exem-

2065 1193 2164 1228 rta.

1971 1190 2164 1244 plana.

1432 1385 1722 1446 NAHUM
1755 1382 2013 1448 CAPUT
2057 1380 2398 1442 PRIMUM.

301 1481 500 1555 sunt
593 1481 671 1535 Ἀ.
713 1481 882 1553 ἀρμα.
915 1483 994 1549 0',
1020 1483 1229 1555 λῆμμα.

299 1582 422 1632 nm
454 1554 587 1636 5321
623 1571 660 1624 2
743 1573 824 1626 'A.
863 1571 924 1627 Θ.
961 1554 1227 1646 καὶέχων
1260 1574 1448 1647 θυμόν.
1482 1578 1562 1645 0',
1596 1578 1734 1649 μετά
1773 1577 1864 1631 Ου-

343 1679 419 1715 ου.

343 1679 419 1715 ου.

301 1679 452 1812 :27?“
489 1753 522 1807 5
605 1753 686 1808 Ἀ.
716 1754 813 1808 καὶ
852 1751 1091 1826 ἔφριξεν.
1132 1755 1191 1809 Σ.
1224 1757 1329 1811 καὶ
1365 1755 1611 1828 ἐκινήθη.
1649 1758 1726 1825 0',
1770 1755 1865 1810 καὶ

300 1843 578 1916 ἀνεστάλη.

300 2031 398 2082 ἐκ
428 2031 591 2110 ῙῚἾΠΞ
627 2032 759 2105 31p?
793 2033 887 2085 tm
922 2025 955 2080 6
1041 2028 1117 2080 Ἃ.
1147 2027 1228 2092 τίς
1246 2028 1628 2100 ἀντιστήσεται
1667 2072 1678 2085 .
1721 2071 1733 2084 .
1785 2069 1798 2086 .
1845 2075 1856 2086 .

301 2115 358 2166 Σ.
391 2155 402 2167 .
436 2155 447 2168 .
477 2156 490 2168 .
529 2157 542 2168 .
589 2159 600 2168 .
647 2157 660 2169 .
690 2117 766 2183 0’,
789 2116 882 2171 καὶ
910 2117 993 2182 τίς
1015 2118 1398 2191 ἀντιστήσεται
1428 2122 1486 2175 ὲν
1515 2121 1652 2194 ὀργῇ
1687 2121 1860 2194 θυμοῦ

300 2204 455 2258 αὑτοῦ
473 2218 492 2270 ;

296 2387 432 2436 nam
517 2378 597 2431 Ἃ.
631 2381 1025 2453 συνεχωνεύθη.
1071 2383 1127 2437 Σ.
1166 2383 1227 2437 Θ.
1259 2383 1500 2453 ἔσταξεν.
1533 2386 1610 2453 0',
1642 2389 1819 2458 τήκει.

298 2540 1272 2645 mammam-mquamst

298 2645 400 2698 ἀπὸ
436 2646 544 2700 τῶν
572 2649 961 2721 ἀνισταμένων.
997 2657 1072 2719 0’,
1109 2656 1203 2709 καὶ
1235 2656 1602 2727 κατακλυσμῷ
1633 2660 1858 2731 πορείας

299 2735 604 2792 συντέλειαν
631 2741 948 2812 ποιήσεται·
984 2745 1110 2808 τοὺς
1137 2747 1611 2819 ὲπεγειρομένους.
1653 2751 1714 2804 Θ.
1745 2791 1758 2804 .
1794 2793 1806 2804 .
1852 2791 1866 2805 .

299 2829 594 2883 Ε’......

298 2926 459 2972 eunte
537 2923 1068 2982 consummationem
1151 2924 1316 2983 faciet

303 3007 448 3063 tibus
471 3009 540 3064 ei.
1083 3011 1086 3015 ’

298 3115 414 3164 ππ
451 3116 647 3172 Dama
684 3099 948 3198 mpm-ub
981 3112 1014 3168 9
1087 3115 1145 3168 Σ.
1175 3156 1190 3169 .
1217 3158 1231 3169 .
1264 3156 1276 3170 .
1318 3160 1329 3170 .
1369 3157 1381 3170 .
1413 3123 1489 3186 U',
1524 3120 1624 3174 οὐκ
1657 3121 1872 3195 ἐκδική-

300 3216 379 3252 σει
405 3200 489 3264 ἃς
519 3201 808 3257 ὲπιτηυτὸ
837 3205 897 3258 ὲν
929 3205 1124 3276 Θλὶψει.
1166 3207 1227 3262 Θ.
1272 3250 1285 3262 .
1332 3251 1346 3263 .
1391 3251 1404 3264 .
1443 3252 1460 3265 .

2042 1481 2095 1535 1.
2134 1477 2272 1534 Heh.
2302 1482 2366 1534 A.
2398 1479 2521 1534 Vul.
2560 1494 2716 1535 onus.
2749 1477 2917 1546 LXX,
2955 1481 3279 1550 assumptio.

2037 1571 2092 1626 2.
2123 1571 2282 1625 llchr.
2335 1571 2403 1624 A.
2443 1570 2545 1625 Th.
2583 1571 2706 1626 ναι.
2739 1583 2794 1626 et
2843 1571 3050 1626 habens
3076 1571 3333 1627 furorem.
3385 1570 3548 1636 LXX,

1967 1679 2092 1719 cum
2122 1662 2328 1718 furore.

2037 1755 2092 1810 5.
2126 1752 2260 1809 ch.
2317 1762 2370 1808 et
2419 1752 2791 1823 conflagravit.
2833 1753 2897 1808 A.
2947 1763 3000 1809 et
3061 1755 3356 1812 inhorruit.
3411 1756 3465 1810 8.
3499 1766 3552 1811 et

1965 1855 2238 1903 commota
2268 1854 2368 1901 est.
2409 1843 2572 1910 LXX,
2614 1854 2666 1900 et
2695 1855 2977 1900 contracta
3028 1855 3129 1901 est.
3163 1845 3285 1901 Vul.
3323 1857 3377 1902 et
3419 1863 3550 1902 con-

1966 1937 2208 1994 tremuit.

2043 2028 2097 2084 6.
2130 2028 2265 2084 lleb.
2299 2038 2352 2085 ct
2381 2029 2506 2100 quis
2539 2028 2704 2085 stabit
2731 2028 2784 2084 in
2816 2029 2894 2082 ira
2929 2029 3130 2084 furoris
3159 2033 3317 2100 ejus?
3338 2032 3402 2086 Α.
3425 2033 3549 2102 quis

1966 2118 2204 2174 resistet.
2231 2159 2244 2171 .
2269 2160 2281 2173 .
2303 2159 2315 2172 .
2345 2161 2357 2172 .
2387 2117 2444 2174 S.
2477 2119 2674 2188 etquis
2692 2118 2984 2173 sustinebit
3009 2117 3146 2172 iram
3175 2119 3377 2175 furoris
3391 2121 3550 2189 ejus!

1969 2209 2129 2277 LXX,
2168 2208 2290 2264 Vul.
2325 2218 2379 2264 et
2403 2210 2527 2281 quis
2551 2210 2764 2266 resistet
2795 2209 2848 2263 in
2868 2209 2946 2264 ira
2969 2208 3173 2264 furoris
3199 2211 3362 2280 ejus?

1995 2385 1998 2388 ⁴
2035 2393 2170 2449 lleb.
2195 2393 2317 2448 Vul.
2349 2392 2517 2450 cli‘usa
2543 2404 2645 2450 est.
2673 2394 2737 2447 A.
2768 2393 3001 2450 conﬂata
3026 2404 3128 2450 cst.
3167 2394 3224 2449 S.
3254 2393 3356 2448 Th.
3378 2395 3548 2448 stilla-

1968 2486 2065 2541 vit.
2099 2484 2265 2551 LXX,
2291 2486 2585 2551 consumit,
2621 2485 2726 2538 sive
2751 2483 3054 2554 liquefacit.

2047 2575 2102 2632 8.
2132 2574 2266 2630 lleb.
2299 2584 2353 2630 et
2405 2575 2459 2629 in
2529 2575 2887 2630 inundatione
2936 2584 3254 2629 transeunte
3289 2589 3552 2628 consum-

1975 2667 2269 2722 mationem
2329 2666 2491 2721 faciet
2547 2665 2653 2721 loci
2705 2666 2843 2736 ejus.
2913 2665 2972 2720 S.
3015 2663 3134 2719 Vul.
3167 2675 3221 2720 et
3265 2665 3316 2718 in
3347 2663 3553 2718 diluvio

1978 2765 2339 2826 praetereunte
2418 2756 2946 2811 consummationem
3006 2755 3168 2812 faciet
3233 2755 3339 2810 loci
3409 2755 3550 2823 ejus.

1975 2849 2020 2901 A
2072 2889 2084 2901 .
2113 2888 2125 2902 .
2156 2889 2167 2901 .
2192 2863 2252 2902 .a
2278 2848 2751 2918 consurgentibus.
2785 2847 2949 2913 LXX,
2971 2857 3025 2903 et
3053 2849 3106 2903 in
3139 2847 3345 2904 diluvio
3375 2855 3556 2901 trans.

1386 2947 1398 2982 :
1472 2937 1835 2988 transeuntes.
1896 2934 2030 2990 Th..
2056 2976 2068 2989 .
2097 2976 2144 2990 ..
2197 2936 2651 3008 consurgentibus
2700 2937 2769 2991 ci.
2831 2935 2933 2992 V...
2963 2977 2975 2991 .
3005 2976 3018 2990 .
3050 2977 3083 2990 ._
3117 2952 3147 2991 a
3205 2950 3542 3006 consurgen-

2053 3125 2300 3181 7..ifebr.
2340 3141 2446 3180 non
2489 3125 2750 3181 consistet
2779 3125 2863 3181 his
2885 3126 3156 3196 angustia.
3189 3123 3246 3178 S.
3283 3136 3396 3178 non
3431 3139 3577 3178 sus»

1981 3217 2232 3273 tinebunt
2286 3218 2548 3287 impetum
2584 3216 2884 3272 secundum
2916 3217 3200 3288 angustiae.
3231 3215 3402 3281 LXX,
3444 3231 3556 3271 non

297 3295 600 3352 vindicabit
633 3296 720 3353 his
754 3298 810 3354 in
853 3298 1092 3372 idipsum
1147 3303 1202 3359 in
1257 3304 1628 3364 tribulatione.
1666 3305 1768 3364 Th.
1809 3323 1918 3366 non
1971 3318 2263 3383 consurget
2320 3308 2558 3366 secunda
2602 3309 2904 3366 tribulatio.
2967 3309 3087 3365 Vul.
3121 3325 3228 3364 non
3260 3321 3552 3380 consurget

295 3389 495 3458 duplex
531 3390 832 3448 tribulatio.

292 3470 456 3549 δ’ἔνθῖ
491 3496 596 3572 Vw?
635 3499 754 3554 mn
795 3491 852 3546 11
944 3493 1268 3545 Ἀμκακίανη
1299 3491 1685 3562 βουλευόμενος
1733 3494 1870 3546 ἁποιο

295 3582 515 3636 στασία.
541 3584 620 3649 0’,
656 3581 868 3654 πονηρά
902 3583 1288 3654 βουλευόμενος
1317 3583 1553 3637 ἐναντία.

297 3823 445 3925 11+)?
482 3848 535 3897 9:
574 3841 635 3894 M
702 3839 778 3908 0',
812 3841 894 3894 ὅτι
933 3841 1136 3912 ταχεῖς.
1171 3841 1245 3904 E',
1274 3840 1355 3894 ὅτι
1379 3838 1662 3910 ὑϐρίσοης.

2053 3493 2139 3546 11.
2169 3491 2336 3546 Hebr.
2380 3491 2579 3544 malum
2619 3490 2910 3545 consulens
2962 3489 3147 3546 Belial.
3199 3493 3264 3542 Α.
3296 3490 3556 3543 malitiam

1978 3584 2288 3639 tit-liberans
2350 3581 2646 3650 apostasia.
2683 3579 2847 3647 LXX,
2893 3579 3124 3650 pessima
3151 3582 3394 3650 cogitans
3426 3594 3557 3633 con-

1990 3671 2179 3724 traria.
2208 3668 2334 3723 \‘ul.
2370 3669 2631 3723 malitiam
2668 3688 2682 3724 :
2717 3678 2898 3723 mente
2927 3675 3266 3738 pertractans
3299 3668 3555 3738 prtevari-

1982 3761 2276 3817 cationem.

2053 3849 2140 3903 14.
2178 3846 2342 3902 Hebr.
2377 3848 2504 3917 quia
2538 3844 2827 3916 despectus
2856 3843 3036 3901 fuisti.
3067 3844 3207 3900 LXX
3262 3845 3390 3916 quia
3416 3845 3564 3901 velo-

1983 3955 2094 3995 ces.
2133 3938 2194 4006 V,
2224 3940 2351 4010 quia
2390 3938 2719 3994 contumelia
2747 3936 2972 3994 atl‘ectus
3003 3953 3083 3993 es.
3135 3937 3260 3993 Vul.
3302 3938 3429 4006 quia
3473 3938 3558 3992 in—

1980 4031 2283 4087 lionoratus
2317 4046 2400 4085 es.

1156 4152 1329 4211 Notae
1360 4156 1422 4211 et
1467 4147 1658 4210 variae
1694 4145 2004 4208 lectiones
2048 4144 2126 4207 ad
2161 4160 2298 4222 cap.
2343 4144 2365 4203 l
2400 4141 2670 4204 Nahum.

370 4270 444 4342 ἶ.
461 4271 512 4342 1.
570 4273 648 4323 Ἄ.
678 4311 691 4335 ,
731 4272 903 4342 ἀρμα.
963 4271 1183 4327 Hieron.
1245 4271 1476 4341 Prologo
1522 4269 1600 4342 in_
1633 4267 1868 4342 Nahum.

303 4362 322 4414 ι
360 4337 960 4414 LXX_interpre'tantur
992 4343 1206 4414 λῆμμα.
1245 4341 1336 4406 Α.,
1369 4337 1542 4412 ἅρμα.
1578 4340 1730 4410 Apud
1766 4337 1874 4393 lle-

294 4411 478 4464 braeos
507 4409 731 4464 MASSA
744 4455 756 4467 .
783 4430 797 4463 ι

571 4481 672 4546 Ἀ.,
701 4482 780 4543 Σ..
815 4483 908 4536 καὶ⁸
945 4481 1082 4550 ἔχων
1117 4482 1306 4550 Θυμόν.
1344 4480 1593 4534 Drusius.

379 4549 440 4623 Χ.
477 4549 530 4623 5.
573 4550 676 4623 ξᾼ..
713 4553 807 4605 καὶ
831 4549 1052 4623 ἔφριξεν
1072 4549 1599 4623 etc.’Theodoretus.

376 4617 441 4672 V.
480 4621 534 4674 6.
570 4617 978 4692 Hieronymus:
1020 4639 1037 4672 ι
1071 4622 1325 4692 Apertius
1372 4621 1756 4692 interpretatus
1795 4629 1884 4692 est.

297 4688 481 4760 Sym.,
533 4692 730 4760 etquis
774 4685 1059 4760 Sustinebit
1094 4685 1229 4745 iram
1270 4691 1465 4760 furoris
1497 4685 1690 4760 eius.)
1730 4685 1875 4760 Infra

294 4756 472 4813 \éro:
522 4777 540 4808 ι
589 4756 757 4814 Porro
779 4763 1004 4816 verbum
1041 4756 1366 4815 Hebraic'um
1409 4756 1704 4823 IACCUM,
1731 4756 1876 4825 quod

295 4838 352 4882 et
383 4830 445 4882 Α.
472 4838 526 4884 et
556 4828 696 4882 LXX
730 4832 1140 4895 transtulerunt,
1169 4832 1372 4883 resistet
1395 4838 1498 4884 etc.
1540 4847 1557 4879 ι

378 4899 512 4971 ibid.
555 4901 659 4971 Ἂν
688 4900 1059 4971 συνεχωνεύθη
1089 4899 1608 4971 οιαΗὶοτρῃγιῃρξ.

377 4967 443 5022 ν.
473 4970 530 5040 8.
569 4963 933 5040 Hieronymus
970 4990 983 5025 :
1026 4963 1059 5022 ι’
1095 4969 1331 5040 Verbum
1371 4963 1682 5040 ΜᾹΟΟΜᾼ,
1729 4963 1876 5040 quod

300 5054 409 5092 nos
468 5037 804 5108 interpretati
846 5057 1054 5106 sumus,
1107 5039 1211 5092 loci
1247 5040 1382 5108 ejus,
1419 5052 1610 5092 omnes
1640 5037 1692 5088 in
1741 5038 1878 5108 duas

299 5110 578 5164 orationis
603 5105 784 5179 partes
808 5105 1110 5167 diviserunt
1137 5126 1153 5176 ;
1183 5117 1244 5164 ut
1269 5105 1412 5172 ΜΛ,
1447 5108 1497 5161 in
1556 5105 1884 5176 praepositio-

1984 4281 2106 4321 nem
2156 4264 2240 4330 de,
2266 4263 2626 4328 verterent,.i.
2667 4277 2715 4318 e.
2747 4263 2876 4328 ἀπό,
2918 4261 3128 4325 (IOM'A,
3163 4271 3430 4331 surgentes
3475 4261 3555 4315 in-

1984 4344 2428 4405 terpretarentur.
2491 4333 2737 4404 Denique
2776 4332 3114 4405 Aquilaﬁﬁb
3155 4331 3553 4401 ἀνισταμένων,

1983 4400 2179 4476 inquit,
2212 4404 2248 4476 ἱ.
2282 4419 2331 4458 e.
2380 4421 2412 4456 a
2439 4400 3107 4476 consurgentibua;__LX_X,
3153 4400 3555 4476 consurgentes;

1985 4469 2304 4537 Theodotio,
2343 4469 2775 4542 consurgeniibus
2795 4473 2877 4537 ei;
2905 4469 2947 4525 ν
2978 4472 3089 4534 etl.,
3125 4487 3158 4525 a
3193 4469 3555 4539 consurgenti-

1986 4546 2080 4598 bus
2102 4544 2205 4596 illi.
2245 4542 2408 4614 Solus
2460 4541 2824 4614 Symmachus
2853 4557 2992 4614 cum
3014 4551 3198 4614 nostra
3237 4541 3558 4608 interpreta-

1985 4615 2134 4668 tione
2161 4611 2528 4676 consentiens,
2579 4614 2692 4667 ait:
2726 4611 2792 4664 Et
2828 4613 2882 4666 in
2915 4611 3110 4666 diluvio
3142 4619 3246 4663 etc.
3288 4629 3304 4660 ι

2055 4682 2120 4737 ν.
2152 4684 2206 4738 9.
2230 4682 2310 4749 S.,
2338 4683 2438 4736 Th.
2467 4681 2747 4736 Lectiones
2776 4683 2944 4735 adfert
2968 4680 3348 4748 Hieronymus,
3375 4687 3434 4731 ut
3461 4692 3558 4729 nos

1982 4753 2237 4876 edi‘iljulslo.
2287 4823 2390 4886 Ἀ.,
2427 4821 2626 4874 κακίαν
2661 4819 3044 4889 βουλευόμενος
3089 4832 3211 4889 εις.
3235 4816 3334 4889 his.
3373 4815 3484 4889 Jes.

2056 4890 2120 4944 V.
2160 4891 2245 4946 M.
2295 4885 2512 4945 llieron.
2548 4909 2562 4944 :
2606 4909 2624 4940 ι
2661 4885 2712 4942 ’ν
2757 4885 2945 4953 editio,
2977 4889 3059 4941 ὅτι
3089 4887 3374 4956 ὑϐρίσθης,
3415 4885 3558 4940 LXX

1984 4961 2426 5028 transtulerunt:
2463 4960 2590 5028 quia
2612 4959 2826 5025 veloces,
2857 4958 2999 5028 quod
3035 4959 3087 5011 in
3130 4957 3394 5012 llehraico
3426 4957 3558 5027 legi-

1985 5041 2072 5086 tur
2105 5029 2219 5088 CHl
2252 5027 2595 5085 CALLOTH.
2634 5048 2652 5079 ι

1572 5333 1854 5393 NAHUM
1892 5330 2146 5394 CAPUT
2171 5331 2280 5391 lll.

290 5416 472 5492 natle
667 5434 690 5486 1
783 5435 859 5488 Ἀ.
901 5434 1290 5506 ὲξαυχενισμοῦ
1318 5435 1551 5505 πλήρης.
1583 5435 1642 5487 Σ.
1668 5435 1718 5488 1.
1749 5435 1884 5489 ἀπο-

2064 5433 2118 5486 l.
2147 5431 2288 5485 llcb.
2310 5430 2617 5485 extorsione
2634 5427 2813 5499 plena.
2833 5425 2911 5496 ζΑ.
2930 5425 3362 5481 cxcervicatione
3381 5427 3559 5496 plena.

294 5516 757 5597 τομίαςπλήρης.
789 5528 846 5579 Σ.
875 5527 930 5580 2.
960 5527 1284 5598 μελοκοπῑας
1313 5525 1546 5597 πλήρης.
1572 5530 1626 5580 0'
1670 5525 1889 5588 ἀδικίας

1994 5521 2050 5577 8.
2095 5523 2146 5575 1.
2186 5520 2507 5576 crudelitate
2536 5521 2716 5589 plena.
2763 5519 2820 5574 S.
2869 5518 2921 5571 2.
2980 5516 3353 5572 membrorum
3384 5516 3565 5573 conci«

296 5613 552 5687 πλήρηςν

1991 5615 2145 5671 sione
2171 5614 2351 5684 plena.
2385 5611 2549 5680 LXX,
2581 5611 2871 5683 iniquitate
2925 5610 3102 5680 plena.
3143 5608 3265 5664 Vul.
3296 5608 3558 5664 dilacera-

1993 5706 2140 5762 tione
2166 5706 2339 5776 plena.
