4032 6200
484 280 624 339 2983

487 416 617 469 IT't't:
654 414 798 463 ωηεν
839 390 911 461 κθ
985 405 1043 457 Σ.
1080 445 1091 456 .
1134 446 1146 456 .
1190 447 1201 457 .
1250 445 1261 457 .
1308 445 1319 457 .
1366 447 1377 458 .
1426 448 1435 457 .
1485 446 1495 456 .
1541 447 1553 459 .
1598 408 1674 469 0',
1711 408 1768 458 οὗ
1810 405 2061 475 ψηλαφη-

490 496 711 567 οήσεται
752 496 910 566 θήρα.

490 674 689 725 DUM:
720 649 879 724 +32}?
918 667 950 721 ὅ
1024 667 1080 720 Σ.
1127 709 1139 720 .
1188 707 1200 720 .
1247 707 1260 721 .
1307 710 1318 722 ,
1364 707 1377 721 .
1420 670 1494 734 0’,
1548 670 1639 723 καὶ
1678 669 2062 739 ἀσθενήσωσι-ι

488 756 548 806 ὲν
570 757 679 818 τοῖς
717 755 963 825 σώμασιν
987 757 1185 811 αὐτῶν.

490 1038 681 1093 nam:
708 1014 860 1093 n'nm
896 1029 928 1083 4
1016 1029 1093 1082 Ἀ.
1128 1027 1187 1081 Σ.
1224 1068 1238 1083 .
1284 1069 1298 1082 .
1342 1069 1355 1082 .
1398 1070 1412 1083 .
1457 1072 1470 1085 .
1516 1071 1528 1085 .
1568 1071 1581 1083 .
1618 1072 1630 1083 .
1673 1036 1748 1096 0’,
1788 1033 2061 1105 ἡγουμένη

492 1122 817 1194 φαρμάκων.

489 1306 561 1385 ηρ
603 1307 739 1359 mnu
785 1308 941 1359 rma:
982 1308 1139 1361 nam
1183 1310 1326 1382 πρυ
1367 1309 1477 1360 πυ
1521 1286 1764 1385 Tm"):
1801 1310 1925 1361 mm
1962 1304 1993 1355 7

488 1375 559 1449 n5
591 1399 695 1450 'nav
770 1394 828 1445 Σ.
874 1432 887 1444 .
935 1431 949 1445 .
993 1432 1006 1445 .
1052 1435 1063 1447 .
1111 1432 1123 1443 .
1285 1431 1299 1444 .
1340 1431 1353 1444 .
1392 1395 1467 1456 0’,
1520 1375 1613 1445 κάξ
1667 1392 1839 1455 ἔσται,
1891 1395 1996 1456 πᾶς
2040 1395 2068 1445 ὁ

485 1484 627 1554 ὀρῶν
662 1501 721 1536 σε
746 1484 1115 1553 καταϐήσεται
1142 1483 1247 1537 ἀπὸ
1276 1482 1391 1545 σοῦ,
1420 1483 1513 1536 καὶ
1539 1485 1671 1553 ὲρεῐ,
1720 1482 1939 1537 Δειλαία
1971 1483 2069 1535 Νι-

484 1576 638 1647 νευὴ,
674 1576 756 1639 τίς
789 1576 1033 1640 στενάξει
1056 1576 1259 1646 αὐτήν;

1536 286 2010 341 HEXAPLORUM
2051 281 2219 350 QUAE
2264 281 2693 339 SUPERSUNT.

3594 282 3735 337 S985

2238 402 2373 455 Heb.
2404 415 2514 454 non
2534 402 2742 456 recedet
2781 401 2977 470 prada.
3006 400 3061 453 S.
3098 401 3185 453 ubi
3221 400 3536 453 indesinens
3559 401 3735 465 prtrda

2166 501 2266 546 cst.
2302 488 2466 554 LXX,
2524 506 2630 545 non
2684 490 3110 545 contrectabitur
3167 488 3402 543 venatio.
3467 485 3587 540 νηί.
3633 502 3737 538 nun

2169 581 2383 635 recedet
2424 594 2453 632 a
2497 589 2547 634 te
2582 581 2789 650 rapina.

2237 672 2288 725 5.
2326 669 2487 725 Hebr.
2550 672 2847 741 itnpingent
2902 672 2955 725 in
3007 684 3236 739 corpora
3294 683 3503 722 eorum.
3559 666 3616 719 S.
3685 677 3739 722 et

2170 761 2453 815 oﬂ‘endunt
2477 761 2531 814 in
2561 763 2919 817 cadaveribus
2961 770 3322 816 mortuorum.
3373 756 3534 819 LXX,
3568 768 3621 810 et
3654 760 3742 809 in-

2168 851 2525 909 lirntabuntur
2560 852 2612 904 in
2648 853 2965 920 corporibus
2989 866 3200 906 eorum.
3236 849 3360 903 \‘ul.
3400 856 3454 901 et
3483 856 3740 901 corruent

2168 943 2222 996 in
2254 942 2576 1012 corporibus
2622 943 2757 997 suis.

2239 1033 2293 1084 4.
2328 1031 2459 1086 lleb.
2495 1040 2737 1100 patrona:
2771 1032 3180 1086 maleﬁciorum.
3202 1032 3267 1082 Α.
3305 1029 3361 1081 S.
3392 1028 3601 1082 habens
3628 1043 3744 1080 ma-

2166 1125 2359 1180 leﬁcia.
2420 1123 2585 1189 LXX,
2656 1125 2766 1179 dux
2831 1123 3242 1179 maleﬁciorum.
3302 1120 3424 1174 Vul.
3490 1120 3741 1174 habentis

2167 1215 2453 1269 maleﬁcia.

2241 1303 2291 1354 7.
2327 1303 2458 1357 Heb.
2498 1303 2565 1357 Et
2590 1304 2693 1358 erit
2720 1303 2898 1359 omnis
2928 1303 3020 1372 qui
3056 1301 3249 1356 viderit
3285 1311 3337 1355 te
3389 1300 3676 1369 vagabitur
3714 1316 3742 1353 a

2167 1401 2240 1457 te,
2266 1404 2319 1448 et
2346 1394 2506 1459 dicet,
2545 1394 2765 1451 Vastata
2792 1405 2874 1451 est
2902 1396 3113 1460 Ninive,
3163 1396 3288 1465 quis
3327 1394 3642 1449 condolebit
3665 1394 3748 1448 ei?

2168 1484 2225 1538 S.
2266 1485 2328 1538 Et
2360 1487 2541 1541 omnis
2572 1488 2665 1555 qui
2716 1487 2911 1541 viderit
2964 1497 3016 1541 te
3067 1487 3279 1541 recedet
3305 1501 3335 1540 a
3391 1495 3463 1548 te,
3495 1496 3546 1539 et
3580 1486 3743 1547 dicet,

2169 1573 2439 1643 Dissipata
2464 1586 2549 1630 est
2580 1576 2793 1639 Ninive,
2823 1577 2947 1646 quis
2976 1576 3179 1644 lugebit
3206 1591 3329 1630 cum
3359 1577 3463 1630 ea?
3489 1575 3647 1639 LXX,
3677 1575 3744 1631 Et

486 1666 611 1731 erit,
638 1668 818 1724 omnis
839 1670 933 1738 qui
974 1669 1165 1723 viderit
1188 1677 1239 1722 te
1265 1667 1476 1722 recedet
1501 1684 1527 1721 a
1568 1676 1638 1729 te,
1677 1676 1729 1720 et
1776 1666 1937 1728 dicet,
2000 1663 2197 1719 Misera
2234 1664 2447 1733 Ninive,
2517 1668 2641 1737 quis
2678 1677 2854 1737 gemet
2898 1669 3055 1723 eam?
3112 1667 3238 1722 Vul.
3279 1678 3333 1723 et
3370 1669 3507 1721 erit:
3538 1669 3743 1733 omnis,

486 1762 579 1830 qui
606 1761 801 1817 viderit
834 1772 903 1828 te,
941 1763 1143 1823 resiliet
1169 1779 1198 1817 a
1224 1774 1294 1829 te,
1323 1764 1541 1818 etdicet
1572 1782 1586 1817 :
1618 1761 1839 1817 Vastata
1857 1769 1941 1815 est
1962 1759 2156 1815 Ninive
2188 1778 2199 1813 :
2242 1761 2365 1830 quis
2394 1764 2759 1818 commovebit
2784 1780 2947 1835 super
2981 1774 3031 1817 te
3064 1764 3268 1833 caput?

482 1858 657 1937 γιρω
696 1852 763 1907 18
847 1854 929 1906 Ἀ.
956 1855 1014 1908 Σ.
1035 1856 1095 1907 Θ.
1120 1856 1147 1907 ὁ
1184 1856 1451 1923 συνάγων.
1470 1858 1546 1920 0',
1574 1854 1949 1925 ἐκδεχόμενος.

2242 1854 2330 1908 18.
2367 1854 2502 1911 lleb.
2536 1858 2602 1912 A.
2647 1856 2704 1912 S.
2765 1856 2869 1912 Th.
2920 1857 3046 1913 Vul.
3075 1860 3167 1927 qui
3220 1867 3532 1927 congreget.
3582 1855 3744 1921 LXX,

2166 1944 2260 2012 qui
2295 1948 2587 2017 suscipiat.

1355 2057 1528 2117 Notas
1551 2062 1611 2116 et
1643 2054 1832 2118 variae
1881 2050 2190 2115 lectiones
2219 2057 2294 2119 ad
2326 2075 2461 2138 cap.
2497 2062 2586 2122 111
2619 2065 2888 2127 Nahum.

555 2152 618 2209 ν.
657 2154 711 2228 1.
753 2156 1148 2228 Hieronymus:
1198 2177 1217 2210 ι
1256 2157 1354 2211 Ubi
1388 2154 2061 2228 nosiposuimttsﬂlgggc-

486 2224 626 2277 tione
651 2225 828 2291 plena,
864 2227 915 2279 in
950 2221 1175 2283 Hebraeo
1226 2228 1454 2281 habetur
1493 2221 1763 2279 P'HEREC
1801 2221 2055 2284 MALEA,

483 2295 629 2361 quod
669 2295 1055 2362 interpretatus
1085 2296 1281 2366 estAr.
1317 2296 1706 2366 ἐξαυχενισμοῦ
1742 2292 1977 2366 πλήρης.
2019 2291 2054 2342 1.

484 2380 559 2435 e._,
591 2365 1002 2435 excervt'catione
1040 2364 1216 2432 plena.
1255 2364 1613 2435 Symmachus
1645 2374 1834 2435 autem,
1855 2365 2056 2435 dno-:0:

487 2432 616 2498 μίας
640 2431 881 2502 πλήρης,
910 2427 1053 2502 quod
1088 2427 1377 2502 possumus
1406 2436 1605 2497 dicere,
1635 2432 1947 2485 crudelitate
1976 2427 2061 2480 vcl

485 2501 770 2555 serert'tate
789 2501 969 2570 plena.
1010 2504 1069 2558 In
1090 2501 1275 2558 altera
1306 2505 1425 2574 ejus
1453 2505 1689 2560 editione
1722 2502 1927 2572 reperi,
1964 2513 2059 2569 με·

2163 2155 2426 2238 λφιοπίας
2460 2163 2693 2238 πλήρης,
2719 2167 2754 2219 i.
2790 2182 2864 2230 e.,
2897 2167 3214 2220 sectionibus
3247 2164 3524 2227 carnium,
3552 2178 3600 2217 et
3630 2164 3744 2232 (ru.

2163 2236 2273 2308 stis.
2290 2245 2385 2308 per
2405 2236 2915 2308 ntembracoucist‘s.
2946 2255 2963 2286 ι

2235 2296 2373 2375 ibid.
2404 2300 2483 2375 δέ,
2521 2306 2608 2357 ιιὑὶ
2641 2306 2935 2359 indesinens
2958 2313 3066 2375 etc.
3090 2304 3478 2375 Hieronymus.

2234 2366 2300 2443 Χ.
2339 2370 2392 2443 ζ).
2431 2366 2511 2435 5.,
2536 2383 2585 2443 et
2610 2376 2878 2442 o/fendunt
2902 2386 3002 2429 etc.
3036 2374 3262 2429 Drusius
3293 2366 3355 2428 ex
3394 2374 3747 2443 Hieronymo.

2239 2433 2302 2515 Υ.
2414 2433 2505 2515 ιλ..
2535 2441 2618 2507 8.,
2641 2433 2847 2497 ’ῖιαὺεηδ
2871 2446 3154 2512 maleﬁcia.
3192 2444 3579 2515 Hieronymus.

2242 2504 2304 2559 V.
2339 2509 2393 2560 7.
2423 2509 2507 2575 S.,
2542 2504 2803 2568 etlontnit
2842 2516 2932 2585 qui
2972 2504 3155 2568 viderit
3183 2524 3287 2568 etc.
3324 2504 3710 2583 llieronyntus.

1560 2687 1929 2752 HABA’CUC
1985 2684 2241 2747 CAPUT
2288 2691 2625 2756 PRIMUM.

485 2825 669 2875 nam
705 2815 727 2869 1
821 2817 903 2869 Ἀ.
930 2816 1106 2887 ἅρμα.
1138 2817 1195 2870 Σ.
1226 2816 1303 2880 0',
1327 2817 1391 2869 Θ.
1435 2816 1649 2886 λῆμμα.

485 2915 639 2965 om:
675 2914 776 2965 ΊΝἿ
811 2906 846 2960 5
928 2908 1007 2961 'A.
1044 2910 1102 2960 Σ.
1133 2908 1195 2961 Θ.
1236 2949 1248 2960 .
1296 2948 1307 2959 .
1354 2946 1366 2958 .
1408 2948 1420 2959 .
1468 2946 1481 2958 .
1522 2908 1598 2968 0',
1638 2904 1773 2957 ἴδετε
1808 2906 1857 2956 ot
1893 2918 2063 2955 κατα-

487 2996 754 3065 φρονηταε
813 2997 1056 3060 Ἄλλος,
1085 3035 1100 3048 .
1130 3035 1143 3049 .
1175 3036 1189 3050 .
1218 2998 1443 3061 Ἀλλος
1462 3039 1475 3060 ,
1528 3036 1540 3048 .
1578 3037 1589 3048 .

485 3181 718 3235 ποστ-νδ
750 3181 954 3234 uuam
989 3156 1060 3234 δι’)
1095 3181 1305 3234 unum
1340 3160 1449 3238 575
1484 3158 1680 3237 Bas-v3
1768 3174 1825 3227 Σ.
1868 3213 1881 3226 .
1927 3212 1940 3225 .
1986 3214 1997 3226 .
2044 3214 2056 3226 .

487 3269 565 3332 0’,
588 3267 723 3321 διότι
748 3266 907 3339 ἔργον
937 3266 1047 3336 ἐγὼ
1068 3266 1373 3338 ἐργάζομαι
1398 3268 1455 3319 ὲν
1483 3268 1603 3328 ταῖς
1626 3266 1858 3336 ἡμέραις
1884 3262 2057 3333 ὑμῶν,

486 3356 516 3411 ὃ
538 3358 597 3413 οὐ
638 3358 712 3429 μὴ
732 3357 1060 3428 πιστεύσητε
1086 3357 1180 3411 ὲάν
1209 3374 1293 3419 τις
1334 3356 1670 3427 ἐκδιηγῆται.

486 3768 587 3821 μιν
621 3766 799 3819 mm
836 3766 1051 3819 mam:
1083 3766 1236 3815 unt:
1271 3762 1370 3815 mn
1403 3753 1433 3806 7
1510 3753 1565 3806 Σ.
1593 3752 1751 3816 αὐτὸς
1775 3750 1950 3822 ἐαυτῷ
1983 3752 2059 3805 δι-

490 3851 670 3913 κάσει,
715 3850 810 3902 καὶ
860 3849 1036 3919 δόγμα
1065 3847 1126 3900 τὸ
1163 3846 1356 3901 ἑαυτοῦ
1404 3845 1835 3911 ἐπεξελεύσεται.
1873 3848 1947 3907 0',
1999 3843 2059 3907 ἐξ

491 3938 658 3994 αὑτοῦ
689 3940 748 3993 τὸ
777 3937 950 4011 κρίμα
980 3939 1142 3992 αὑτοῦ
1172 3939 1343 4006 ἔσται,
1371 3938 1468 3990 καὶ
1493 3936 1554 3990 τὸ
1583 3937 1775 4006 λῆμμα
1810 3934 1972 3988 αὑτοῦ
1999 3932 2058 3997 ἐξ

488 4030 654 4085 αὐτοξὶ
694 4031 1027 4097 ἐξελεύσεται
1039 4072 1053 4085 .

497 4238 674 4291 νω-υω
709 4237 843 4290 ταγεπ
877 4228 911 4281 8
983 4230 1041 4282 Σ.
1070 4270 1081 4281 .
1117 4267 1131 4280 .
1176 4266 1191 4281 .
1227 4267 1242 4281 .
1277 4267 1292 4281 .
1320 4226 1399 4290 0',
1450 4226 1539 4277 καὶ
1576 4223 1963 4289 ὲξιππάσονται
2013 4221 2062 4273 οι

502 4324 684 4385 ἱππεῖς
714 4320 898 4375 αὐτοῦ.

488 4528 605 4585 3'13?
642 4529 821 4580 vnum
902 4517 983 4569 Ἀ.
1034 4514 1185 4586 παρὰ
1237 4512 1529 4584 παρδάλεις
1570 4512 1669 4583 τῆς
1696 4512 1954 4582 ἑσπέρας.
1985 4513 2060 4575 0‘,

494 4611 635 4679 ὑπὲρ
662 4610 787 4672 τοὺς
815 4606 1012 4670 λύκους
1038 4604 1139 4675 τῆς
1184 4600 1463 4673 Ἀραϐίας.

492 4792 616 4843 mm
652 4768 815 4843 pm‘)
848 4765 950 4841 νὴ)
986 4779 1020 4834 9
1092 4780 1151 4832 Σ.
1206 4778 1383 4832 πάντα
1425 4779 1505 4840 εἰς
1565 4773 1875 4842 πλεονεξίαν
1922 4775 2059 4846 ἥξει.

493 4878 570 4939 0',
613 4873 891 4927 συντέλεια
913 4874 992 4935 εἰς
1019 4870 1235 4934 ἀσεϐεῖς
1269 4868 1408 4939 ἣξει.

493 5056 676 5134 ΠὩΊΊΡ
708 5056 879 5107 ΟΠἿΞΒ
924 5058 1097 5107 nm}:
1166 5049 1223 5100 Σ.
1260 5049 1292 5117 ἡ
1347 5048 1609 5117 πρόσοψις
1636 5047 1730 5100 τοῦ
1772 5046 2062 5119 προσώπου

494 5137 674 5191 αὐτῶν
700 5137 899 5206 ἄνεμος
924 5135 1159 5190 καύσων.
1193 5137 1269 5203 0',
1311 5136 1710 5208 ἀνθεστηκότας
1756 5138 2065 5207 προσώποις

494 5227 672 5282 αὐτῶν
696 5227 1018 5295 ἐξεναντίας.

496 5415 655 5467 mm
695 5406 755 5461 11
845 5407 925 5461 Ἀ.
967 5402 1025 5460 Σ.
1059 5407 1154 5459 καὶ
1187 5364 1586 5477 πλημμελήσει.
1627 5408 1704 5471 0',
1750 5407 1843 5459 καὶ
1886 5407 2062 5472 ὲξιλά-

496 5515 666 5553 σεται.

496 5592 671 5645 τνιω
706 5563 810 5643 N5
843 5588 994 5668 ﬁrm
1027 5565 1159 5639 v.15»
1197 5589 1351 5643 runt
1398 5592 1570 5668 ωτρω
1603 5594 1725 5642 mu
1762 5567 1893 5644 315.1
1934 5583 1999 5638 te

490 5682 650 5736 ’.η-τον
687 5655 877 5735 nua-t5
908 5655 1032 5731 nan
1061 5681 1228 5733 mmo
1277 5655 1499 5733 uitandi
1548 5683 1668 5734 πτ-ιτ
1754 5678 1832 5730 Ἀ.
1875 5720 1886 5731 .
1935 5718 1952 5731 .
1992 5719 2005 5731 .
2050 5720 2064 5734 .

555 5811 568 5823 .
616 5808 630 5821 .
678 5768 771 5822 καὶ
791 5765 1011 5837 στερεὸν
1039 5766 1118 5828 είς
1144 5766 1204 5817 τὸ
1225 5764 1469 5834 ἐλέγχειν
1492 5766 1860 5838 ἐθεμελίωσας
1882 5770 2062 5825 αὐτόν.

497 5854 2066 5933 Σ........ε1ςτὺκρίνειν......καὶκρα-

2238 2818 2289 2871 1.
2324 2817 2454 2875 lleb.
2494 2824 2560 2875 Α.
2599 2820 2721 2876 Vul.
2745 2837 2905 2877 onus.
2936 2824 2992 2876 S.
3022 2821 3180 2886 LXX,
3210 2822 3310 2876 Th.
3344 2819 3671 2891 assumptio.

2237 2912 2288 2965 5.
2323 2911 2454 2967 lleb.
2491 2912 2670 2968 videte
2698 2914 2750 2967 in
2786 2915 3059 2983 gentibus.
3084 2914 3149 2968 A.
3193 2912 3250 2967 S.
3301 2912 3403 2967 Th.
3450 2912 3575 2968 Vul.
3601 2916 3748 2986 aspi-

2164 3004 2269 3057 cite
2296 3004 2347 3055 in
2379 3003 2653 3072 gentibus.
2691 3004 2854 3069 LXX,
2885 3007 3064 3061 videte
3111 3016 3531 3075 contemptores.
3563 3008 3743 3068 Alius.

2164 3094 2415 3149 videbitis
2437 3096 2882 3152 Calumniatorcs.
2902 3097 3048 3150 Alius
3069 3138 3084 3162 ,
3112 3097 3742 3190 videbitisgeclinautes.

2233 3181 2300 3235 H.
2355 3182 2491 3248 Quia
2533 3198 2669 3253 opus
2717 3199 2951 3255 cperans
2994 3184 3046 3237 in
3112 3185 3306 3239 diebus
3354 3181 3571 3244 fcsuis,
3623 3197 3740 3233 non

2163 3275 2386 3330 creditis
2415 3291 2537 3329 cum
2571 3277 2911 3331 narrabitur.
2952 3275 3008 3329 S.
3039 3276 3163 3345 quia
3194 3291 3330 3345 opus
3354 3273 3441 3327 (iet
3462 3273 3516 3325 in
3548 3272 3748 3326 diebus

2161 3368 2373 3431 vestris,
2404 3368 2550 3437 quod
2577 3385 2736 3423 nemo
2757 3369 2940 3424 credet
2961 3384 3082 3423 cum
3109 3362 3745 3434 narrabitur.l.XX,quia

2160 3471 2298 3525 opus
2315 3471 2415 3526 ego
2439 3473 2634 3527 operor
2659 3458 2710 3511 iu
2740 3458 2931 3511 diebus
2958 3458 3156 3512 vestris
3181 3457 3324 3526 quod
3356 3472 3463 3510 non
3486 3456 3745 3518 credetis,

2160 3550 2205 3604 si
2236 3549 2359 3618 quis
2412 3549 2733 3602 narraverit.
2777 3546 2899 3602 Vul.
2943 3549 3068 3617 quia
3136 3563 3271 3618 opus
3304 3547 3508 3602 factum
3546 3558 3630 3602 est
3689 3549 3745 3599 in

2159 3639 2351 3693 diebus
2387 3640 2602 3702 vestris,
2636 3639 2781 3707 quod
2824 3655 2985 3694 nemo
3016 3639 3199 3694 credet
3228 3653 3349 3695 cum
3407 3638 3742 3692 narrabitur.

2195 3753 2245 3805 7.
2283 3750 2414 3806 lleb.
2451 3751 2566 3819 Ipsa
2597 3769 2661 3807 ex
2690 3752 2868 3820 scipsa
2901 3750 3164 3820 judicium
3215 3750 3352 3819 ejus,
3390 3759 3445 3804 et
3484 3749 3748 3803 exaltatio

2158 3841 2275 3912 ejus
2310 3844 2634 3912 egredietur.
2662 3843 2719 3897 S.
2750 3840 2867 3911 Ipsa
2898 3839 3294 3910 sibijudicabit,
3325 3853 3377 3893 et
3406 3841 3627 3894 decreto
3644 3853 3747 3891 suo

2158 3932 2483 4001 egredietur.
2530 3932 2695 3999 LXX,
2752 3952 2814 3990 ex
2860 3937 2974 4006 ipsa
3025 3933 3287 4004 judicium
3349 3930 3472 3997 ejus
3518 3932 3641 3992 erit,
3687 3939 3747 3982 et

2161 4027 2463 4094 assumptio
2504 4027 2623 4095 ejus
2651 4042 2714 4080 ex
2740 4042 2798 4081 se
2826 4027 3150 4097 egredietur.
3181 4022 3301 4076 Vul.
3334 4021 3407 4074 Ex
3447 4022 3744 4089 semetipsa

2160 4117 2445 4187 judicium,
2465 4127 2517 4172 et
2556 4133 2695 4173 onus
2720 4119 2837 4187 ejus
2855 4119 3178 4189 egredietur.

2233 4209 2284 4263 8.
2320 4208 2385 4262 H.
2418 4218 2470 4263 et
2493 4208 2597 4263 late
2624 4210 2885 4277 patebunt
2916 4208 3124 4277 equites
3153 4206 3287 4274 ejus.
3309 4204 3366 4258 S.
3398 4202 3747 4258 eﬂ‘undentur

2165 4299 2379 4368 equites
2405 4298 2546 4366 ejus.
2566 4295 2729 4361 LXX,
2751 4306 2805 4350 et
2833 4296 3153 4366 eqttitabunt
3186 4295 3397 4363 equites
3428 4292 3566 4361 ejus.
3613 4288 3744 4344 \‘ttl.

2164 4400 2218 4444 et
2264 4388 2635 4443 dit'iundentur
2667 4388 2877 4457 equites
2907 4387 3046 4455 ejus.

2237 4477 2401 4532 Hebr.
2428 4492 2535 4547 pra:
2568 4477 2710 4545 lupis
2738 4490 2993 4545 vesperae.
3031 4476 3092 4528 A.
3127 4488 3234 4545 pra'
3262 4472 3441 4544 pardis
3471 4484 3741 4538 vesperae.

2166 4570 2331 4637 LXX,
2434 4569 2575 4638 lupis
2651 4568 2885 4623 Arabiae.
2964 4566 3088 4621 \‘ul.
3184 4562 3529 4636 (velociores)
3595 4563 3743 4631 lupis

2168 4662 2514 4733 vespertinis.

2234 4757 2290 4811 9.
2324 4753 2387 4809 11.
2425 4764 2531 4809 tota
2565 4755 2680 4823 ipsa
2714 4752 2780 4806 ad
2835 4752 3078 4818 rapinam
3117 4749 3308 4803 veniet.
3372 4747 3429 4802 S.
3468 4747 3653 4799 omnia
3688 4747 3743 4800 in

2166 4848 2451 4904 avaritiam
2511 4846 2748 4900 venient.
2802 4841 2965 4908 LXX,
2998 4839 3396 4897 consummatio
3436 4838 3490 4891 in
3544 4836 3743 4909 impios

2167 4940 2369 4994 veniet.
2399 4936 2523 4991 Vul.
2557 4952 2748 4991 omnes
2777 4935 2844 4989 ad
2878 4934 3113 5004 prtcdam
3148 4932 3382 4985 venient.

2241 5029 2377 5086 lleb.
2425 5028 2697 5100 oppositio
2728 5027 2990 5081 facierum
3027 5040 3214 5079 eorum
3251 5024 3317 5077 ad
3355 5020 3643 5075 orientem.
3684 5018 3738 5071 S.

2170 5128 2423 5190 aspectus
2456 5119 2635 5173 vultus
2693 5132 2887 5172 eorum
2926 5123 3126 5169 ventus
3172 5128 3356 5167 urens.
3400 5109 3564 5169 LXX,
3608 5114 3741 5164 resto

2171 5222 2377 5268 stentes
2398 5211 2641 5266 {aciebus
2672 5211 2913 5280 ipsorum
2980 5223 3045 5262 ex
3105 5208 3355 5261 adverso.
3392 5204 3515 5258 ‘t'ul.
3571 5203 3738 5257 facies-

2168 5320 2355 5361 eorum
2382 5314 2578 5359 ventus
2614 5317 2797 5357 urens.

2238 5399 2326 5451 H.
2352 5396 2517 5451 Hebr.
2549 5398 2617 5451 A.
2645 5394 2703 5449 S.
2740 5403 2792 5449 ct
2819 5392 3118 5462 delinquet.
3155 5390 3317 5457 LXX,
3342 5400 3396 5447 et
3421 5389 3738 5463 propitiabi-

2172 5502 2275 5547 tur.
2308 5488 2433 5544 Vul.
2466 5499 2519 5543 et
2548 5496 2785 5544 corruet.

2244 5584 2332 5637 £2.
2363 5581 2430 5635 11.
2473 5580 2664 5634 Nonne
2688 5588 2744 5633 tu
2768 5594 2798 5633 a
2831 5576 3101 5647 principio
3123 5574 3392 5629 Dominus
3428 5574 3738 5628 Deusmens

2172 5684 2397 5731 sanctus
2438 5672 2636 5728 meus?
2696 5687 2804 5726 non
2861 5669 3182 5733 moriemur,
3220 5666 3473 5729 Domine,
3504 5666 3569 5719 ad
3599 5663 3736 5731 judi-

2170 5769 2316 5823 cium
2352 5764 2580 5835 pusuisti
2611 5778 2760 5831 eum,
2795 5771 2846 5818 et
2881 5769 3091 5833 petram
3111 5760 3180 5815 ad
3213 5756 3600 5826 increpandum
3623 5754 3735 5807 fun-

2171 5860 2308 5918 dasti
2342 5874 2490 5919 eum.
2701 5855 2991 5935 et_tirmum
3016 5853 3083 5911 ad
3123 5850 3467 5924 arguentium
3501 5847 3732 5904 fundasti
