4032 6200
468 262 605 320 9987

467 394 584 430 στει
617 376 793 447 ζήσει.
824 377 899 443 0’,
932 380 960 431 ὁ
994 376 1051 431 δὲ
1092 376 1295 442 δίκαιος
1345 379 1410 432 ὲκ
1446 379 1679 445 πίστεώς
1725 399 1826 453 μου
1876 382 2036 452 ζήσε-

465 483 574 520 ται.

462 567 571 618 m}!
606 542 697 618 RS1
733 559 767 613 5
839 560 896 612 Σ.
927 559 1022 613 καὶ
1059 561 1158 614 οὐκ
1183 561 1476 634 εὐπορήσει
1501 561 1596 635 (al.
1647 566 2028 636 εὐπραγήσει).

463 655 540 714 0',
570 650 728 704 οὐθὲν
752 651 824 721 μὴ
861 651 1090 723 περάνῃ.

456 836 602 914 ἸῙΡἺἹ
639 830 670 882 ’7
747 832 811 885 Oi
839 831 1062 898 λοιποὶ,
1117 835 1212 886 καὶ
1257 833 1758 904 ἐξυπισθὴσονται.
1809 836 1886 899 0',
1935 835 2029 888 καὶ

456 919 800 989 ἐκνήψουσιν.

457 1020 539 1070 ’ἸΠ
575 1012 608 1066 9
683 1011 740 1064 Σ.
774 1011 930 1065 Οὐαί.
967 1014 1044 1077 0‘,
1084 1006 1149 1066 ὦ.

455 1113 606 1166 ηυντ
643 1111 778 1188 vim
812 1111 966 1164 cum
1001 1108 1146 1189 pum
1181 1111 1336 1191 mpm
1369 1112 1560 1192 pta-3:
1599 1105 1654 1158 tt
1767 1106 2023 1170 Ἄλλος,

458 1194 1387 1259 ........⁹Αλλος,....
1435 1193 2026 1258 ...Ο’,διότιλίϐος

455 1281 518 1332 ὲκ
554 1278 734 1348 τοίχου
772 1279 1046 1350 βοήσεται,
1075 1283 1169 1335 καὶ
1205 1282 1474 1355 κάνθαρος
1496 1285 1558 1336 ὲκ
1595 1281 1749 1348 ξύλου
1791 1283 2021 1353 φθέγξε-

452 1387 542 1423 ται
567 1371 727 1424 αὐτά.

1522 266 1994 324 HEXAPLORUM
2033 265 2200 333 ρυλε
2238 261 2667 322 SUPERSUNT.

3565 256 3709 313 ἓξ)εό

2143 389 2320 436 autem
2377 395 2444 435 ex
2486 378 2590 432 fide
2647 388 2764 430 mea
2804 373 2963 428 vivet.
3006 369 3128 426 ναι.
3195 369 3379 440 justus
3440 379 3618 423 autem
3651 371 3707 424 in

2144 471 2248 527 ﬁde
2271 486 2370 526 sua
2397 470 2562 524 vivet.

2212 566 2266 620 5.
2294 562 2459 619 Hebr.
2496 571 2550 618 et
2585 577 2692 617 non
2728 556 3010 615 habitabit.
3057 557 3113 613 S.
3161 566 3214 611 et
3254 569 3362 609 non
3413 554 3708 610 abundabit

2145 656 2241 726 [αι.
2275 652 2664 725 prosperabit].
2697 651 2857 717 LXX,
2904 651 3040 706 nihil
3091 648 3350 718 perducet
3404 646 3468 700 ad
3501 647 3687 700 tinem.

2137 743 2262 799 Vul.
2296 759 2404 798 non
2443 744 2810 799 decorabitur.

2206 835 2259 888 7.
2297 833 2432 888 Heb.
2471 831 2632 898 LXX,
2671 842 2725 887 ct
2751 831 3105 902 evigilabunt.
3148 826 3391 898 Reliqui,
3417 833 3469 879 et
3513 839 3703 895 exper-

2135 923 2562 994 giscentur.Vul.
2595 931 2647 978 et
2679 922 3106 978 suscitabuntur.

2204 1015 2256 1068 9.
2302 1014 2462 1069 Hebr.
2509 1013 2567 1068 S.
2602 1013 2724 1068 Vul.
2761 1013 2871 1067 Vte.
2909 1009 3071 1075 LXX,
3095 1025 3147 1065 ο.

2207 1107 2294 1158 ii.
2321 1104 2496 1160 Hebr.‘
2518 1105 2645 1175 quia
2677 1103 2814 1172 lapis
2842 1117 2872 1157 e
2927 1101 3135 1171 pariete
3173 1099 3445 1168 clamabit,
3471 1110 3527 1157 et
3559 1102 3708 1157 trabs

2120 1197 2202 1252 'de
2233 1197 2380 1266 ligno
2416 1195 2765 1266 respondebit
2791 1195 2860 1250 ei.
2897 1194 3072 1262 Alius,
3099 1194 3225 1263 quia
3255 1194 3392 1263 lapis
3419 1194 3474 1246 in
3498 1193 3705 1262 pariete

2134 1288 2412 1355 clamabit,
2444 1287 2600 1358 quasi
2644 1286 2845 1342 vermis
2874 1286 2929 1339 in
2969 1286 3115 1355 ligno
3150 1286 3396 1354 loquens.
3430 1283 3707 1347 Alius,la-

2134 1377 2219 1447 pis
2248 1376 2390 1431 enim
2422 1376 2488 1430 de
2509 1376 2713 1446 pariete
2763 1373 3176 1439 vociferabitur,
3222 1382 3276 1427 et
3302 1372 3519 1443 σκώληξ
3544 1373 3612 1426 de
3639 1373 3705 1425 li-

453 1479 560 1533 gno
604 1465 854 1534 loquetur
903 1467 972 1521 ei.
1015 1465 1178 1530 LXX,
1239 1467 1498 1537 quoniam
1547 1468 1684 1537 lapis
1733 1469 1800 1524 de
1839 1469 2047 1538 pariete
2103 1468 2381 1533 clamabit,
2418 1476 2471 1521 ct
2508 1466 2802 1521 scarabeus
2831 1465 2899 1520 de
2950 1465 3099 1536 ligno
3150 1465 3402 1533 loquetur
3459 1479 3542 1518 ea.
3577 1461 3698 1516 Vul.

453 1557 579 1626 quia
633 1557 771 1626 lapis
819 1558 886 1613 de
916 1559 1116 1627 pariete
1176 1558 1432 1613 clamabit
1461 1578 1473 1614 :
1504 1568 1557 1613 et
1605 1561 1832 1631 lignum,
1860 1560 2005 1629 quod
2043 1560 2181 1614 inter
2209 1559 2496 1628 juncturas
2523 1556 2875 1612 aediﬁciorum
2907 1566 3010 1622 est,
3046 1555 3392 1626 respondebit
3428 1556 3498 1609 ei.

451 1659 601 1716 nam
634 1660 768 1739 Vm:
794 1657 948 1713 Dlm'l
1033 1655 1111 1706 ’A.
1141 1653 1236 1706 καὶ
1266 1653 1413 1724 μάζα
1454 1655 1519 1707 ὲκ
1561 1654 1717 1719 ξύλου
1761 1656 2018 1725 (ἀποκρι-

454 1742 718 1813 Οήσεται).
759 1745 815 1798 Σ.
847 1744 940 1798 καὶ
985 1743 1279 1815 σύνδεσμος
1322 1745 1607 1816 οἰκοδομῆς
1647 1745 1853 1809 ξύλινος
1887 1745 2022 1798 ἀπο-

454 1831 766 1899 φθέγξεται.
807 1833 868 1886 θ.
919 1835 993 1898 E’,
1047 1835 1140 1887 καὶ
1191 1834 1490 1905 σύνδεσμος
1533 1834 1690 1901 ξύλου
1727 1834 2019 1905 φθέγξεται

453 1923 610 1976 αὐτά.
651 1923 713 1977 Θ.
751 1924 969 1992 ἄλλως,
997 1925 1276 1999 ἔνδεσμος.
1298 1926 1650 1984 Barberinus.

452 2109 622 2181 171m
653 2109 824 2193 l'lDDD
848 2111 984 2168 'mh
1021 2114 1201 2193 mpm:
1237 2113 1318 2167 ’ἸΠ
1359 2107 1424 2162 15
1510 2109 1588 2161 Ἀ.
1611 2149 1624 2162 .
1649 2151 1653 2155 .
1681 2149 1694 2162 .
1725 2107 1786 2173 ἐξ
1819 2110 2020 2180 ἐκπέμ-

451 2193 620 2261 ψεως.
646 2192 867 2250 Barher.
905 2195 965 2260 ἐξ
989 2192 1320 2268 ἐπιτρίψεως
1355 2199 1510 2270 χόλου
1553 2217 1666 2254 σου.
1696 2203 1754 2253 Σ.
1786 2240 1798 2253 .
1827 2242 1839 2253 .
1873 2240 1886 2252 .
1928 2200 2021 2254 καὶ

453 2282 628 2352 ἀφιὼν
673 2285 912 2353 ἀκρίτως
956 2287 1047 2340 τὸν
1075 2288 1243 2358 θυμὸν
1279 2291 1495 2346 ἑαυτοῦ.
1522 2294 1597 2355 0',
1634 2287 1704 2343 ’Ὦ
1727 2293 1754 2344 ὁ
1786 2292 2021 2356 ποτίζων

451 2371 543 2424 τὸν
565 2371 790 2441 πλησίον
812 2373 975 2426 αὑτοῦ
1001 2375 1278 2447 ἀνατροπῇ
1311 2377 1522 2449 θολερᾷ.
1557 2381 1632 2444 E',
1672 2380 1730 2444 ἐξ
1753 2381 2020 2450 ἀπροσδο-

453 2461 620 2548 κήτου
645 2461 954 2535 ἀνατροπῆς
981 2465 1091 2548 τῆς.
1113 2465 1284 2536 ὀργῆς
1336 2485 1448 2523 σου.
1478 2469 1540 2522 Θ.
1578 2509 1590 2522 .
1629 2510 1642 2523 .
1673 2509 1686 2523 .
1723 2511 1735 2524 .
1769 2512 1781 2524 .
1821 2511 1834 2523 .
1877 2510 1889 2523 .
1913 2471 2021 2524 ἀπὸ

451 2546 665 2616 χύσεως
700 2550 872 2623 θυμοῦ
908 2569 1024 2609 σου.
1059 2546 1310 2624 Ἄλλος,
1365 2557 1487 2610 οὐαὶ
1517 2559 1594 2628 τῷ
1634 2559 1904 2622 ποτίζοντι
1930 2559 2020 2614 τὸν

453 2640 666 2713 ἑταῖρον
691 2645 856 2699 αὑτοῦ
884 2647 1084 2719 ἀέλλην
1115 2649 1439 2722 πετομένην.
1477 2652 1707 2718 Ἄλλος,
1741 2694 1753 2705 .
1796 2693 1807 2704 .
1857 2694 1868 2704 .
1906 2691 1918 2704 .
1956 2693 1968 2706 .
2000 2691 2015 2704 .

390 2739 392 2741 ’
453 2734 704 2790 ἔκστασιν
726 2737 883 2809 ὀχλου
892 2739 1078 2810 μένην.

451 3035 710 3093 animum
793 3030 872 3082 Ἀ.
896 3030 993 3101 τὴν
1022 3031 1298 3101 γύμνωσιν
1321 3031 1522 3085 αὐτῶν.
1557 3033 1612 3086 2.
1651 3031 1747 3103 τὴν
1773 3032 2017 3105 ἀσχημο-

453 3116 619 3188 σύνην
643 3118 842 3171 αὐτῶν.
878 3118 953 3183 0',
984 3118 1052 3172 τὰ
1077 3121 1316 3190 σπήλαια
1341 3121 1540 3176 αὐτῶν.

449 3192 619 3272 ιππνηπ
655 3210 727 3264 16
921 3212 1016 3265 καὶ
1051 3212 1350 3285 καρώθητι.
1383 3216 1460 3279 0',
1491 3214 1805 3288 σαλεύθητι.

447 3399 578 3451 Dﬁn
615 3389 677 3442 17
764 3391 843 3444 ’A.
879 3385 1038 3462 αἷμα.
1062 3392 1121 3446 Σ.
1151 3392 1453 3462 πλεονεξία.
1484 3397 1558 3461 θ’,
1594 3396 1837 3454 ἀσέϐεια.

447 3577 646 3628 mima.
670 3577 778 3628 'nm
861 3569 942 3624 Ἀ.
966 3569 1060 3624 καὶ
1088 3572 1336 3643 προνομὴ
1366 3573 1598 3645 κτηνῶν.
1633 3574 1692 3628 Σ.
1737 3574 2014 3646 διαρπαγὴ

447 3658 679 3727 κτηνῶν.
713 3660 789 3724 0’,
827 3659 1171 3730 ταλαιπωρία
1193 3660 1419 3732 θηρίων.

444 3751 590 3830 πῖπτε
679 3746 760 3800 Ἀ.
785 3749 1114 3818 καταπτήξει
1141 3749 1356 3815 αὐτούς.
1385 3753 1444 3805 Σ.
1470 3753 1713 3824 ήττήσει.
1748 3757 1823 3821 0’,
1853 3755 2017 3826 πτοή-

451 3852 532 3887 σει
558 3852 637 3887 σε.

447 3910 640 3984 ambat
674 3927 739 3982 18
813 3928 876 3982 Σ.
895 3927 1085 3983 ἄλαλα.
1127 3932 1205 3997 0',
1236 3933 1417 4003 κωφὰ.

445 4029 622 4107 τι-τρι
656 4030 741 4109 ΡΝ
773 4006 998 4084 nia-5:1
1030 4023 1095 4078 l9
1181 4025 1259 4078 ‘A.
1299 4065 1313 4080 .
1348 4064 1363 4079 .
1393 4064 1406 4080 .
1437 4065 1452 4080 .
1483 4025 1563 4093 0',
1592 4026 1685 4080 καὶ
1717 4027 1827 4082 πᾶν
1852 4026 2016 4083 πνεῦ-

450 4127 528 4180 μα
553 4113 652 4166 οὐκ
674 4112 818 4166 ἔστιν
843 4114 901 4168 ἐν
930 4113 1096 4185 αύτῷ.

2192 1652 2330 1707 lleb.
2362 1661 2417 1707 et
2443 1651 2589 1707 trabs
2624 1651 2689 1706 de
2718 1652 2864 1722 ligno
2887 1650 3320 1721 respondebitci.
3344 1649 3410 1702 A.
3435 1659 3489 1703 et
3519 1665 3696 1706 massa

2121 1746 2348 1816 deligno
2380 1743 2747 1813 respondebit.
2777 1740 2833 1796 S.
2869 1751 2924 1796 et
2969 1741 3250 1811 colligatio
3278 1740 3490 1794 aedilicii
3522 1739 3698 1810 lignea

2122 1853 2308 1893 vocem
2343 1836 2512 1891 dabit.
2541 1834 2703 1889 Th.V
2743 1834 2841 1890 Ed.
2875 1842 2930 1889 et
2976 1833 3250 1904 colligatio
3280 1833 3406 1903 ligni
3433 1832 3700 1887 voeil'era-

2119 1928 2268 1984 bitur
2297 1943 2380 1983 ea.
2413 1925 2536 1981 Vul.
2568 1935 2618 1982 et
2654 1926 2882 1996 lignum,
2925 1927 3067 1997 quod
3092 1925 3234 1980 inter
3256 1924 3547 1995 juncturas
3567 1924 3699 1979 aedi-

2121 2024 2365 2078 liciorum
2402 2031 2485 2078 est
2510 2021 2877 2091 respondebit.

2192 2115 2278 2168 l5.
2308 2113 2470 2181 Hebr.
2505 2113 2591 2168 Vae
2645 2109 2955 2181 propitianti
3005 2109 3158 2164 socio
3207 2123 3329 2176 suo,
3379 2108 3693 2180 adjungenti

2121 2222 2387 2262 venenum
2420 2216 2593 2260 tuum.
2621 2204 2684 2258 A.
2715 2243 2729 2258 .
2760 2245 2772 2258 .
2801 2243 2816 2257 .
2845 2245 2859 2257 .
2910 2219 2976 2259 ex
3005 2202 3317 2258 emissione.
3348 2201 3516 2256 Barb.
3543 2204 3698 2258 attri-

2121 2299 2268 2354 tione
2298 2297 2502 2352 furoris
2535 2297 2632 2352 tui.
2672 2296 2729 2350 S.
2761 2337 2774 2351 .
2807 2336 2820 2350 .
2851 2336 2864 2349 .
2889 2337 2901 2349 .
2927 2304 2981 2350 et
3019 2294 3273 2348 emittens
3315 2293 3524 2362 absque
3547 2295 3698 2363 judi-

2120 2390 2206 2444 cio
2234 2389 2473 2447 furorem
2507 2402 2688 2442 suum.
2717 2385 2879 2449 LXX,
2916 2384 2960 2440 Ο
2999 2385 3090 2454 (ιιιὶ
3142 2383 3394 2453 propinat
3444 2385 3697 2452 proximo

2121 2497 2224 2538 suo
2257 2481 2669 2538 subversiouem
2718 2479 3010 2534 turbidam.
3042 2476 3106 2542 V,
3140 2477 3208 2532 de
3258 2465 3535 2546 insperata
3569 2476 3697 2531 sub-

2121 2576 2369 2631 versione
2399 2575 2493 2628 irae
2515 2585 2640 2628 tuae.
2671 2571 2774 2626 Th.
2805 2614 2818 2626 .
2846 2611 2859 2623 .
2889 2613 2902 2625 .
2931 2611 2945 2624 .
2973 2570 3039 2625 de
3073 2569 3335 2624 effusione
3365 2566 3574 2624 furoris
3595 2570 3692 2624 tui.

2119 2668 2292 2732 Alius,
2329 2664 2419 2720 Vae
2457 2665 2549 2734 qui
2580 2673 2772 2735 potum
2812 2663 2905 2719 dat
2945 2660 3122 2717 amico
3160 2675 3260 2716 suo
3289 2657 3564 2713 turbinem
3603 2674 3702 2714 vo-

2118 2761 2342 2815 lantem.
2370 2757 2543 2822 Alius,
2571 2755 2663 2811 Vte
2691 2756 2781 2826 qui
2817 2763 3003 2825 potum
3032 2753 3125 2808 dat
3152 2752 3329 2806 amico
3352 2763 3454 2805 suo
3483 2751 3695 2805 extasin

2125 2851 2425 2907 turbidam.
2473 2848 2598 2902 ναι.
2628 2846 2720 2902 Vae
2745 2847 2838 2916 qui
2869 2853 3056 2916 potqu
3085 2843 3178 2899 dat
3209 2841 3387 2896 amico
3422 2856 3546 2904 suo,
3573 2841 3696 2896 mit-

2120 2952 2240 3000 tens
2277 2941 2346 2996 fel
2380 2954 2562 2994 suum.

2191 3031 2256 3084 ll.
2291 3029 2586 3084 uuditates.
2620 3029 2685 3081 A.
2717 3027 3017 3082 nuditatem
3047 3037 3260 3080 earum.
3313 3020 3370 3075 S.
3402 3019 3697 3087 turpitudi-

2119 3139 2242 3180 nem
2269 3137 2482 3179 eorum.
2510 3121 2674 3188 LXX,
2720 3119 3011 3192 speluncas
3043 3133 3256 3174 eorum.

2192 3213 2278 3268 l6.
2311 3211 2445 3268 ch.
2472 3221 2528 3267 et
2561 3212 2838 3268 deuudare
2865 3210 3216 3282 praeputium.
3247 3208 3314 3260 Α.
3346 3205 3687 3261 Vul.ctcon-

2120 3305 2320 3376 sopire.
2351 3303 2490 3358 LXX
2503 3343 2518 3370 ,
2549 3317 2913 3359 commovere.

2188 3397 2276 3450 17.
2303 3395 2437 3451 Heb.
2470 3395 2682 3466 rapina.
2733 3396 2799 3448 A.
2857 3394 3102 3464 sanguis.
3138 3392 3195 3447 S.
3237 3391 3487 3446 avaritia.
3525 3386 3687 3453 LXX,

2118 3490 2371 3559 impietas
2395 3487 2518 3542 Vul.
2539 3487 2814 3558 iniquitas.

2189 3576 2257 3632 Η.
2285 3578 2350 3632 Α.
2378 3586 2432 3632 et
2451 3575 2629 3647 praeda
2649 3575 3046 3646 jumentorum.
3066 3573 3124 3629 S.
3153 3573 3381 3643 direptio
3415 3572 3690 3642 jumento-

2118 3665 2429 3733 rum.LXX,
2450 3667 2666 3724 miseria
2690 3665 3311 3731 bestiartnn.V,vastitas
3342 3663 3683 3720 animalium.

2188 3756 2324 3813 Heb.
2359 3765 2607 3812 conteret
2649 3771 2765 3813 eas.
2806 3756 2871 3808 A.
2915 3755 3039 3810 Vul.
3099 3754 3395 3810 deterrebit
3449 3769 3566 3810 eos.
3624 3751 3684 3807 S.

2117 3848 2414 3918 superabit.
2440 3847 2605 3913 LXX,
2640 3847 2862 3903 terrebit
2885 3853 2958 3903 te.

2194 3937 2283 3992 18.
2320 3937 2486 3993 Hebr.
2517 3937 2574 3991 S.
2613 3936 2772 4001 LXX,
2809 3937 2935 3992 ναι.
2977 3944 3145 3991 muta.

2187 4027 2276 4082 19.
2305 4027 2469 4082 Hebr.
2509 4036 2565 4083 et
2597 4029 2776 4082 omnis
2806 4027 3028 4097 spiritus
3078 4041 3185 4081 non
3231 4026 3285 4079 in
3317 4025 3496 4082 medio
3544 4026 3681 4096 ejus.

2115 4118 2184 4172 A.
2225 4128 2281 4174 et
2321 4119 2544 4189 spiritus
2578 4119 2699 4188 ejus
2737 4134 2847 4175 non
2886 4126 2970 4174 est
3026 4119 3078 4172 in
3112 4117 3434 4182 visceribus,
3489 4120 3600 4174 sive
3627 4119 3678 4172 in

2116 4209 2296 4265 medio
2335 4209 2474 4280 ejus.
2531 4210 2695 4275 LXX,
2759 4218 2813 4264 et
2845 4209 3025 4265 omnis
3071 4209 3294 4278 spiritus
3343 4224 3452 4264 non
3510 4209 3680 4264 estin

2113 4315 2198 4356 eo.
2229 4299 2351 4356 Vul.
2376 4311 2430 4356 et
2452 4302 2632 4357 omnis
2657 4301 2885 4371 spiritus
2906 4315 3012 4355 non
3037 4309 3120 4355 est
3140 4301 3193 4354 in
3215 4301 3516 4356 visceribus
3541 4299 3676 4370 ejus.

1262 4400 1436 4460 Notae
1465 4405 1526 4460 et
1555 4402 1744 4463 varia;
1785 4402 2094 4471 lectiones
2127 4411 2207 4472 ad
2239 4428 2375 4489 cap.
2410 4413 2465 4472 Il
2497 4411 2810 4474 Habacuc.

512 4499 650 4574 Y.l.
677 4498 935 4574 S.,‘qttasi
955 4507 1132 4553 custos
1159 4507 1266 4574 etc.
1300 4499 1662 4574 Hieronymus
1678 4506 1768 4574 qui
1802 4508 2010 4564 subdit:

449 4592 472 4624 ι
495 4573 600 4627 Pro
639 4570 926 4624 munitione
957 4577 1011 4624 et
1039 4579 1208 4647 petra,
1238 4571 1486 4647 in_cu_j_us
1508 4570 1714 4628 'locutn
1748 4575 1898 4647 Sym.
1928 4579 2013 4632 in-

443 4649 774 4712 terpretatus
807 4649 907 4712 est,
944 4639 1268 4712 conclusum,
1299 4641 1351 4696 in
1385 4640 1608 4712 Hebraeo
1638 4639 1860 4712 ponitur
1888 4647 2012 4701 MA-

444 4711 600 4777 SUR,
635 4710 778 4780 quod
815 4709 941 4777 Th.,
976 4727 1181 4781 gyrum,
1213 4710 1277 4766 A.
1307 4721 1360 4766 ct
1393 4711 1431 4766 V
1477 4709 1674 4766 circum
1723 4718 2010 4773 transtule-

441 4791 589 4836 runt.
630 4800 649 4832 ι

515 4852 586 4926 Υ..
614 4851 820 4926 2.__’A.,
847 4853 1244 4926 opapaztauéy.
1280 4854 1662 4926 Hieronymus.

513 4919 647 4998 ibid.
683 4919 1289 4998 Hieronymusﬁlling
1322 4919 1517 4998 tabulis
1557 4937 1611 4983 et
1663 4928 1820 4992 buxo,
1869 4930 2012 4998 quod

441 4989 928 5066 Hebraiccndicitu'r
956 4989 1303 5066 XLLUQTH,
1324 4994 1380 5050 S.
1400 4998 1784 5065 interpretatus
1808 4989 1898 5050 est
1916 5016 2012 5066 pa-

440 5062 615 5130 ginas.
645 5078 663 5110 ι
701 5059 1128 5130 ιθριςις-σελίδας.
1157 5064 1351 5130 Aquila
1385 5080 1513 5119 vero
1543 5059 1756 5126 ῖπλάκας
1792 5059 2013 5120 verterit

439 5126 907 5202 de__n_tore_.ALXX,
936 5126 1414 5202 nu§iov,_fortasse
1441 5135 1688 5202 πυκτίον,
1717 5134 1938 5191 librum.

511 5197 646 5268 ibid.
690 5199 792 5268 ’11.,
829 5199 913 5258 Σ.,
943 5197 1129 5268 τρέχῃ.
1157 5200 1436 5256 Barbcrin.

513 5265 654 5321 v.3.
719 5267 820 5332 rA.,
856 5268 938 5330 Σ.,
983 5265 1174 5321 Stal-'09
1224 5270 1590 5338 διαψεύσεται.
1631 5273 1894 5328 Eusebius
1950 5275 2004 5328 in

441 5334 762 5409 Detnonstr.
792 5353 981 5407 evang.
1019 5352 1070 5406 p.
1105 5340 1230 5403 277,
1269 5334 1366 5394 soli
1418 5343 1646 5409 Aquilia,
1678 5342 2006 5399 Barberinus

439 5414 622 5480 autern
660 5405 954 5480 idiAquilai
972 5405 1026 5480 et
1063 5410 1390 5480 Symmacho
1428 5405 1633 5466 tribuit.

510 5475 648 5530 Ibid.
698 5475 937 5550 Ἀηξέὰν
971 5475 1303 5550 δὲῼμὲλλήσῃ
1345 5494 1449 5537 etc.
1479 5481 1557 5536 Ex
1581 5483 1770 5539 eodem
1808 5483 2007 5541 Euseb.

440 5543 522 5606 Σ.,
554 5544 1000 5613 στραγγεύσεται.
1035 5543 1312 5602 Βοώθιίὶιῖ.

511 5613 574 5671 ν.
611 5613 664 5671 ὂ.
712 5616 814 5682 Ἀ.,
855 5616 962 5669 ἰδοὺ
990 5617 1422 5689 νωχελευομένου
1462 5630 1565 5679 etc.
1604 5622 1679 5677 Ex
1712 5623 1902 5680 eodem
1947 5641 2001 5696 p.

2116 4513 2241 4579 278,
2278 4522 2412 4568 utet
2454 4515 2880 4580 sequentia-’A..
2917 4514 3011 4567 καὶ
3037 4514 3242 4578 δίκαιος
3281 4524 3382 4568 etc.
3423 4514 3511 4567 ubi
3558 4513 3690 4569 Hie-

2115 4599 2379 4654 ronymus
2411 4599 2424 4635 :
2468 4603 2486 4636 ι
2525 4585 2588 4638 Ει
2622 4586 2710 4638 ubi
2747 4583 2886 4636 LXX
2921 4595 3244 4653 posuerunt,
3289 4585 3467 4652 justus
3508 4595 3686 4636 autem

2113 4668 2178 4705 ea:
2211 4654 2313 4720 ﬁde
2345 4669 2459 4706 mea
2507 4655 2656 4715 viret,
2699 4669 2888 4708 omnes
2926 4654 3209 4723 tequalitcr
3245 4655 3681 4708 transtulerunt:

2113 4738 2178 4775 ex
2202 4724 2305 4791 ﬁde
2334 4740 2431 4776 sua
2455 4724 2606 4778 vivet.
2638 4723 2876 4790 Denique
2901 4723 3261 4792 Symmachus
3289 4723 3685 4792 signiticamius

2114 4792 2476 4862 interpretans
2513 4795 2588 4846 ait
2615 4812 2627 4845 :
2657 4791 2848 4862 Justus
2880 4791 3055 4846 autem
3097 4810 3188 4862 per
3217 4791 3373 4862 [idem
3411 4795 3681 4860 propriam

2112 4861 2269 4916 suam’
2311 4864 2442 4916 vivet
2470 4877 2488 4914 :
2528 4864 2670 4928 quod
2716 4861 2900 4916 Graece
2947 4861 3146 4917 dicitur
3176 4880 3188 4913 :
3220 4861 3250 4914 δ
3279 4863 3334 4915 δὲ
3369 4863 3576 4923 δίκαιος
3617 4866 3681 4931 τῇ

2114 4932 2306 4986 ἑαυτοῦ
2327 4932 2516 5003 πίστει
2550 4932 2723 5002 ζήσει.
2760 4931 2904 5003 (Haec
2931 4933 3222 5003 depravata
3265 4932 3681 5003 suntitreditis,

2112 5005 2205 5056 sed
2236 5017 2298 5055 ex
2325 5001 2558 5056 Eusebio
2594 5000 3008 5069 restituuntur.)
3029 5000 3500 5056 BAEMUNATHO
3524 5003 3684 5067 qui;:-

2151 5073 2367 5140 e._quod
2396 5073 2859 5140 interpretaturin
2907 5072 3010 5140 [ide
3043 5089 3169 5140 sua,
3203 5073 3246 5126 si
3308 5070 3419 5124 IOD
3477 5079 3529 5123 et
3577 5088 3680 5123 non

2112 5085 2200 5187 ge.
2266 5085 2367 5124 uou
2396 5085 2859 5140 interpretaturm
2907 5085 3010 5140 [tae
3043 5089 3161 5132 sua.
3203 5089 3246 5126 sn
3308 5085 3419 5124 IUU
3477 5085 3529 5123 et
3577 5088 3679 5123 non

2163 5087 2256 5191 Al?
2286 5140 2515 5193 litteram
2551 5141 2773 5210 haberet
2801 5142 2852 5194 in
2897 5143 3022 5204 line,
3057 5151 3113 5195 ut
3155 5131 3291 5194 LXX
3331 5148 3679 5210 putaverunt,

2111 5215 2165 5260 ct
2213 5209 2479 5276 legeretur
2519 5209 3002 5275 BAEMUNATHI,
3057 5221 3204 5266 recte
3251 5209 3680 5270 transtulissent,

2113 5277 2167 5328 in
2202 5277 2304 5344 ﬁde
2342 5295 2475 5332 mea.
2508 5299 2528 5330 ι

2187 5345 2248 5420 V.
2283 5348 2334 5402 5.
2370 5348 2451 5420 Σ.,
2483 5351 2577 5420 καὶ
2605 5351 2919 5420 εὐπορήσει,
2957 5351 2991 5403 i.
3037 5366 3112 5413 e.,
3141 5351 3194 5403 in
3223 5365 3398 5402 rerum
3447 5348 3680 5420 omnium

2113 5417 2225 5488 erit
2242 5417 2483 5485 penuria,
2521 5417 3093 5474 HieronIBarbeI-inus
3118 5420 3298 5480 habet,
3322 5419 3678 5488 εύπραγήσει.

2190 5484 2250 5539 V.
2289 5487 2342 5538 7.
2379 5489 2441 5538 Oi
2470 5489 2656 5549 λοιπ..
2683 5489 2777 5541 καὶ
2809 5488 2998 5552 ὲξυπνο
3015 5489 3362 5543 Barbcrinus.

2185 5555 2247 5607 ν.
2275 5555 2326 5608 9.
2371 5556 2451 5619 Σ.,
2492 5556 2631 5609 οὐαί.
2664 5557 2827 5611 Idem.

2187 5623 2250 5678 ν.
2288 5624 2370 5678 ll.
2400 5624 2522 5682 Haec
2543 5641 2608 5681 ex
2643 5625 2972 5698 Hieronymo
3005 5626 3296 5698 prodeunt,
3339 5626 3434 5696 qui
3477 5625 3558 5683 sic
3595 5626 3679 5679 ha.
