4032 6200
500 316 630 369 9991

497 416 552 487 Ί¹7
586 438 715 487 Τι’ἳὲ
748 436 922 515 ε’πρ
956 436 1097 487 rem
1133 436 1265 486 ’Ναὶ
1301 436 1417 487 3:31
1470 428 1504 481 ι
1600 432 1677 492 θ’,
1723 430 1816 483 καὶ
1868 430 2065 496 φέγγος

500 517 662 569 αὑτοῦ
685 518 760 578 ὼς
790 518 903 584 φῶς
936 516 1107 581 ἔσται,
1144 515 1351 586 κέρατα
1384 518 1442 570 ὲν
1475 518 1661 589 χερσὶν
1714 517 1898 570 αὑτοῦ.
1929 520 2069 570 Ἅλυι

497 613 626 675 λος,
651 607 963 676 διαύγαςμα
988 608 1162 677 φωτός
1192 606 1341 660 ἔσται
1374 608 1543 677 αὐτῷ,
1569 606 1776 679 κέρατα
1796 610 1858 659 ἐκ
1894 608 2073 677 χειρός

498 700 664 753 αὑτοῦ
699 700 936 769 ὑπάρχει
995 697 1161 768 αὐτῷ.
1222 700 1370 753 llanc
1406 708 1737 769 postremam
1788 700 2072 754 lectionem

452 852 453 855 η
497 794 607 853 τοῖς
630 789 685 844 0’
713 790 903 843 tribuit
936 790 1163 844 (Zoislin.
1193 790 1245 843 in
1274 792 1515 860 margine
1549 790 1805 859 positam.

496 917 598 971 my
632 915 779 993 pun
816 917 936 967 ειτῃπ
1019 908 1097 960 Ἀ.
1141 947 1154 961 .
1202 947 1215 960 .
1254 948 1267 961 .
1314 948 1328 961 .
1368 906 1466 961 .Σ.
1500 948 1511 960 .
1554 949 1567 963 .
1600 948 1613 961 .
1656 950 1668 961 .
1703 907 1779 970 0',
1811 907 1902 960 καὶ
1926 906 2074 959 ἔθετο

499 1002 777 1070 ἀγάπησιν
816 1001 1079 1071 κραταιὰν
1123 1000 1303 1071 ἰσχύος
1336 998 1522 1054 αὑτοῦ.
1570 1002 1807 1064 Ἄλλος,
1835 1000 1950 1050 ἐκεῖ
1980 1000 2075 1050 ἑπ-

498 1092 816 1161 εστήρικται
856 1093 887 1162 ὴ
919 1091 1147 1162 δύναμις
1170 1093 1269 1161 τῆς
1290 1091 1446 1160 δόξης
1468 1090 1654 1145 αὑτοῦ.
1999 1156 2005 1162 Α

498 1180 1171 1258 dilectionem.robustam
1226 1182 1566 1237 fortitudinis
1613 1197 1746 1235 suze.
1778 1180 1951 1244 Alius,
1993 1179 2072 1233 ibi

498 1283 611 1336 dita
650 1293 731 1337 est
764 1282 1023 1337 fortitudo
1048 1284 1189 1353 ejus.

497 1359 990 1450 ana-.‘r'ms‘vs

500 1468 575 1530 0',
606 1466 711 1534 πρὸ
750 1466 1041 1535 προσώπου
1086 1465 1249 1519 αὑτοῦ
1305 1463 1628 1534 πορεύσεται
1664 1463 1839 1529 λόγος.
1887 1461 1947 1515 Θ.
1985 1460 2074 1512 λό-

500 1575 612 1625 γος.
668 1561 914 1625 Ἀλλος,
975 1560 1081 1630 πρὸ
1134 1557 1425 1631 προσώπου
1478 1556 1640 1610 αὑτοῦ
1687 1553 2073 1626 προελεύσεται

500 1667 725 1712 πτωσις.

496 1806 675 1882 πιθα-εί)
710 1832 841 1909 qun
880 1832 1001 1881 sum
1092 1823 1173 1876 Ἀ.
1214 1864 1225 1876 .
1274 1860 1287 1874 .
1325 1863 1338 1875 .
1376 1858 1390 1874 .
1431 1822 1487 1875 Σ.
1523 1820 1583 1873 Θ.
1616 1821 1688 1873 E’.
1720 1861 1738 1909 ν.
1772 1857 1786 1872 .
1821 1857 1835 1873 .
1870 1823 1947 1882 0',
1981 1819 2074 1870 mi.

498 1912 835 1978 ἐξελεύσεται
868 1914 947 1974 εἰς
983 1911 1139 1963 πεδία
1190 1910 1334 1963 κατὰ
1385 1910 1550 1972 πόδας
1578 1908 1761 1962 αὑτοῦ.
1826 1910 2071 1975 Ἄλλος,

498 2004 637 2057 κατὰ
665 2005 829 2068 πόδας
853 2003 1019 2057 αὐτοῦ
1049 2002 1392 2075 ἀκολουθήσῃ
1417 2004 1482 2055 τὰ
1513 2001 1748 2072 μέγιστα
1768 2000 1876 2053 τῶν
1907 2019 2075 2071 πετη-

496 2113 624 2150 νων.

493 2281 671 2354 -ςι-ι-ιπ
707 2280 932 2354 strenu
967 2279 1085 2354 nua
1116 2278 1244 2328 anu
1279 2283 1396 2329 .‘lN‘t
1434 2278 1559 2354 v-m-
1585 2279 1746 2328 mu
1778 2285 1791 2321 ι
1822 2280 1941 2331 "tm
1971 2268 2003 2322 6

493 2348 547 2419 ιιι
586 2346 721 2420 ειιγιν
755 2345 946 2417 mmSn
982 2346 1121 2421 ἐπ’]
1156 2370 1322 2422 nam
1356 2345 1471 2419 ἸΠώ
1514 2370 1586 2421 'm
1659 2363 1734 2421 o',
1796 2358 1924 2429 ἔστη
1979 2361 2075 2412 και

494 2450 762 2517 ἐσαλεύθη
786 2453 815 2519 ἡ
845 2451 941 2517 γῆ,
971 2450 1234 2518 ὲπέὸλεψε
1264 2451 1355 2501 καὶ
1376 2449 1596 2519 διετάκη
1623 2449 1749 2519 ἔθνη
1767 2464 1780 2478 ⁸
1814 2449 2071 2521 διεθρύϐη

492 2541 561 2592 τὰ
594 2541 692 2613 ὅρη
726 2542 838 2613 βίᾳ,
878 2543 1153 2610 ὲτάχησαν
1192 2542 1372 2611 βουνοὶ
1418 2541 1624 2594 ultimo:
1666 2544 1887 2609 πορείας
1937 2544 2069 2596 αἰω-

492 2630 609 2696 νέας
640 2630 823 2683 αὑτοῦ.
859 2633 1103 2696 Ἀλλος,
1143 2632 1273 2693 στὰς
1303 2631 1627 2701 διεμέτρησε
1655 2629 1752 2700 τὴν
1775 2631 1879 2700 γῆν
1901 2647 1914 2662 ο
1961 2648 2062 2684 κα·

491 2723 764 2791 τανοήσας
814 2720 1060 2787 ὲξείκασε
1090 2722 1157 2774 τὰ
1214 2720 1340 2791 ἔθνη
1365 2736 1376 2747 ·
1408 2719 1688 2791 διεθρύδη,
1730 2721 1824 2774 καὶ
1854 2720 1920 2774 τὰ
1964 2720 2066 2791 ὅρη

493 2813 939 2884 θραυσθήσεται·
981 2811 1481 2883 ταπεινωθήσονται
1536 2814 1590 2863 αἱ
1646 2811 1813 2864 νάπαι
1862 2813 1927 2866 ἐκ
1973 2812 2065 2865 τοῦ

491 2905 708 2965 αἰῶνος,
737 2905 792 2956 αἱ
826 2903 934 2956 ὁδοὶ
976 2904 1031 2956 αἱ
1068 2903 1125 2968 ἐξ
1161 2902 1331 2972 ἀρχῆς
1364 2901 1841 2971 ἀλλοιωθήσονται·
1898 2902 2062 2956 αὑτοῦ

491 2992 655 3041 ἕνεκα
679 2990 1020 3059 σεισθήσεται
1050 2993 1079 3058 ὴ
1106 2992 1425 3059 οἰκουμένη.

490 3099 616 3152 qua:
652 3084 721 3138 ab
768 3084 924 3138 initio
992 3085 1425 3138 immutabuntur
1468 3101 1480 3135 :

1586 314 2066 374 HEXAPLORUM
2109 314 2272 382 QUAS
2316 313 2752 370 SL’PEllSUNT.

3607 309 3759 367 2992

2240 426 2292 478 ι.
2321 426 2453 480 lleh.
2495 436 2547 479 et
2572 425 2825 495 splendor
2857 435 2912 479 ιιι
2969 425 3054 477 lux
3080 432 3214 487 erat,
3244 438 3453 478 cornua
3482 424 3549 477 de
3586 439 3758 478 manu

2176 518 2297 586 ejus
2329 517 2399 569 ei.
2431 514 2594 579 LXX,
2627 526 2679 569 et
2714 514 2968 584 splendor
2996 514 3116 580 ejus
3148 521 3202 565 ιιι
3246 513 3335 565 lux
3366 511 3491 578 erit,
3546 526 3759 566 cornua

2177 602 2520 659 inmanibus
2574 603 2713 671 ejus.
2775 602 2941 665 Alius,
3003 601 3256 670 splendor
3313 600 3451 655 lucis
3507 602 3610 654 erit
3667 604 3757 654 ei:

2178 711 2383 749 cornua
2418 694 2485 747 de
2515 709 2676 746 manu
2718 692 2841 761 ejus
2869 700 2996 744 sunt
3036 690 3157 757 ipsi.
3196 686 3317 741 Vul.
3352 688 3603 757 splendor
3628 687 3760 755 ejus

2184 798 2244 842 ut
2276 788 2365 839 lux
2398 786 2501 840 erit
2534 804 2547 838 :
2580 799 2786 839 cornua
2820 784 2871 837 in
2905 783 3160 837 manibus
3190 782 3330 850 ejus.

2251 902 2386 956 ﬂcb.
2419 911 2472 956 et
2506 902 2575 956 ibi
2603 900 2892 956 absconsio
2918 900 3253 954 fortitudinis
3281 899 3420 969 ejus.
3466 901 3532 952 Δ.
3564 908 3616 954 et
3646 915 3758 967 po-

2183 995 2737 1051 suitabsconsionem
2794 992 3124 1047 fortitudinis
3184 1008 3314 1048 suae.
3381 991 3438 1046 S.
3482 1002 3535 1047 et
3572 994 3762 1061 posuit

2184 1087 2554 1144 absconditam
2608 1085 2979 1140 fortitudinem
3043 1099 3221 1138 suam.
3272 1082 3435 1145 LXX,
3474 1094 3527 1138 et
3573 1085 3762 1152 posuit

2171 1178 2382 1232 ﬁrmata
2415 1186 2499 1233 est
2546 1179 2720 1233 virtus
2776 1177 2961 1246 gloria:
3010 1176 3200 1246 ipsius.
3227 1174 3351 1231 Vul.
3406 1177 3479 1230 ibt
3520 1175 3757 1228 abscon-

2250 1362 2304 1415 5.
2346 1358 2411 1414 Η.
2450 1360 2514 1414 ad
2558 1360 2728 1415 facies
2752 1360 2869 1430 ejus
2915 1360 3012 1414 ibit
3043 1358 3228 1429 pestis.
3272 1360 3333 1413 A.
3380 1370 3506 1413 ante
3560 1360 3752 1417 faciem

2177 1452 2297 1521 ejus
2327 1451 2425 1504 ibit
2449 1450 2633 1519 pestis.
2657 1448 2715 1503 S.
2746 1458 2871 1504 ante
2902 1447 3094 1505 faciem
3127 1450 3246 1518 ejus
3281 1452 3551 1520 praecedet
3583 1468 3752 1508 mors.

2176 1540 2336 1605 LXX,
2363 1549 2489 1595 ante
2524 1538 2714 1593 faciem
2758 1540 2879 1609 ejus
2908 1540 3005 1593 ibit
3044 1540 3292 1593 verbum.
3340 1538 3443 1593 Th.
3487 1542 3739 1595 verbum.

2175 1632 2350 1695 Alius,
2392 1640 2519 1684 ante
2559 1630 2751 1683 iaciem
2801 1629 2922 1699 ejus
2976 1630 3189 1699 prmibit
3230 1631 3406 1684 ruina.
3462 1630 3582 1684 Vul.
3622 1642 3752 1687 ante

2176 1723 2367 1778 faciem
2396 1721 2514 1791 ejus
2545 1721 2643 1774 ibit
2671 1733 2843 1774 mors.

2247 1816 2382 1869 Heb.
2410 1826 2462 1868 et
2489 1813 2868 1883 egrediebatur
2907 1812 3074 1865 carbo
3099 1811 3163 1865 ad
3189 1812 3351 1880 pedes
3388 1812 3632 1882 ejus.A..

2174 1906 2413 1959 volatile.
2441 1904 2497 1957 S.
2523 1902 2626 1957 Th.
2664 1903 2724 1966 V,
2754 1904 3011 1957 volucris.
3050 1901 3214 1965 LXX,
3272 1911 3325 1955 ct
3361 1904 3669 1971 egredietur
3700 1907 3751 1957 in

2176 2011 2404 2065 campos
2436 1996 2502 2049 ad
2532 1996 2693 2064 pedes
2744 1996 2881 2062 ejus.
2924 1995 3096 2054 Alius,
3139 2004 3191 2048 et
3214 1993 3278 2047 ad
3328 1995 3492 2062 pedes
3511 1994 3630 2063 ejus
3668 2013 3753 2050 se-

2175 2088 2360 2158 queris
2389 2087 2625 2140 maxima
2664 2085 2988 2139 volucrium.
3024 2084 3147 2138 Vul.
3193 2094 3247 2137 et
3294 2086 3605 2153 egredietur
3629 2086 3754 2140 dia-

2180 2179 2339 2233 bolus
2379 2188 2503 2232 ante
2544 2176 2705 2245 pedes
2731 2176 2869 2244 ejus.

2243 2272 2297 2323 6.
2327 2267 2461 2322 lleb.
2490 2266 2652 2321 Stetit
2676 2276 2730 2321 et
2764 2281 2987 2319 mensus
3012 2273 3095 2318 est
3131 2274 3329 2318 terram
3360 2284 3372 2318 :
3406 2266 3535 2319 vidit
3576 2277 3629 2321 et
3654 2285 3750 2322 ex-

2174 2361 2320 2415 silire
2365 2360 2493 2415 fecit
2549 2367 2774 2428 gentes;
2829 2366 2884 2412 et
2938 2357 3158 2412 contriti
3216 2366 3345 2412 sunt
3383 2370 3599 2415 montes
3625 2376 3749 2429 ρει-ο

2177 2451 2477 2521 petuitatis,
2522 2451 2947 2503 incurvaverunt
3002 2464 3060 2502 se
3098 2448 3264 2502 colles
3316 2450 3523 2515 saeculi,
3555 2450 3749 2505 itinera

2176 2542 2356 2597 saeculi
2392 2542 2462 2595 ei.
2491 2539 2652 2605 LXX,
2704 2537 2863 2593 Stetit
2888 2548 2939 2593 et
2975 2550 3248 2594 commota
3275 2549 3359 2593 est
3398 2552 3540 2595 terra
3568 2560 3579 2593 :
3604 2558 3753 2609 aspe-

2175 2634 2253 2685 xit
2276 2641 2330 2686 et
2360 2632 2653 2686 tabuerunt
2691 2639 2877 2700 gentes
2910 2648 2922 2683 :
2958 2632 3173 2685 contriti
3215 2640 3345 2684 sunt
3392 2642 3608 2686 montes
3634 2633 3753 2685 vio-

2177 2723 2380 2777 lentia:
2413 2722 2709 2777 tabuernnt
2736 2730 2948 2776 montes
2986 2721 3324 2792 sempiterni,
3362 2722 3572 2777 itineris
3608 2738 3753 2777 sem-

2177 2814 2373 2885 piterni
2433 2813 2572 2882 ejus.
2636 2812 2825 2876 Alius,
2869 2813 3033 2867 Stans
3092 2828 3314 2868 mensus
3363 2823 3444 2868 est
3506 2825 3744 2869 terram:

2175 2907 2416 2976 cogitans
2454 2904 2655 2958 elIinxit
2682 2913 2902 2973 gentes:
2957 2905 3201 2959 contrita:
3242 2912 3410 2959 sunt:
3443 2915 3496 2959 et
3536 2920 3751 2961 montes

2169 2994 2579 3064 conti-ingeritur
2608 3009 2620 3047 :
2665 2992 3101 3047 humiliabuntur
3141 2995 3314 3050 saltus
3345 3011 3372 3049 a
3396 2998 3610 3062 saeculo,
3648 2998 3753 3050 via:

1547 3086 1667 3154 ejus
1712 3101 1875 3141 causa
1916 3090 2352 3144 commovebitur
2417 3087 2589 3142 orbis.
2633 3087 2758 3141 Vul.
2831 3085 2993 3142 Stetit
3028 3096 3078 3142 et
3120 3104 3343 3143 mensus
3378 3098 3459 3142 est
3506 3097 3747 3142 terram:

490 3179 705 3248 aspexit
741 3188 794 3232 et
836 3179 1083 3233 dissolvit
1138 3190 1344 3251 gentes,
1409 3191 1463 3235 et
1514 3183 1730 3236 contriti
1769 3193 1899 3237 sunt
1939 3195 2152 3240 montes
2186 3185 2395 3249 saeculi,
2451 3183 2719 3238 incurvati
2747 3192 2875 3236 sunt
2900 3184 3065 3238 colles
3103 3184 3291 3238 mundi
3340 3182 3403 3235 ab
3457 3182 3748 3237 itineribus

488 3273 814 3327 aeternitatis
846 3273 986 3342 ejus.

487 3375 618 3451 γ-ικ
668 3377 854 3459 mutat
904 3379 1065 3456 pum
1102 3380 1256 3459 pro
1285 3355 1417 3429 una
1466 3381 1629 3431 7mm
1680 3383 1765 3459 px
1811 3385 1932 3432 mn
1972 3375 2001 3425 7

488 3465 620 3539 rm
693 3459 768 3521 0',
803 3457 923 3510 ἀντὶ
980 3456 1163 3513 κόπων
1214 3456 1355 3514 εἶδον
1408 3456 1749 3531 σκηνώματα
1782 3461 2071 3526 Αἰθιόπων,

496 3549 897 3619 πτοηθήσονται
934 3552 1029 3605 καὶ
1065 3554 1118 3605 αἱ
1154 3554 1351 3622 σκηναὶ
1402 3554 1505 3623 γῆς
1540 3554 1785 3624 Μαδιάμ.
1823 3555 2069 3618 Ἄλλος,

492 3641 863 3710 κατανενόηκα
896 3642 994 3705 τὰς
1044 3644 1248 3713 σκηνὰς
1300 3644 1596 3709 Αἰθιόπων,
1629 3644 2067 3716 ταραχθήσονται

492 3733 544 3783 οἱ
582 3735 959 3799 κατοικοῦντες
988 3734 1084 3799 τὰς
1111 3736 1323 3807 δέρρεις
1347 3737 1591 3808 Μαδιάμ.

2249 3370 2387 3424 7.11.
2422 3368 2525 3425 Pro
2548 3370 2829 3440 iniquitate
2860 3370 2967 3425 vidi
3010 3372 3242 3425 tentoria
3283 3373 3529 3437 Chusan,
3554 3390 3748 3429 move-

2174 3473 2301 3517 runt
2328 3478 2385 3517 se
2407 3462 2631 3516 cortina:
2659 3471 2814 3517 terra:
2840 3462 3077 3517 Madian.
3122 3462 3285 3528 LXX,
3333 3463 3440 3520 Pro
3471 3467 3761 3524 laboribus

2172 3555 2279 3608 vidi
2316 3555 2545 3609 tentoria
2577 3553 2896 3623 Ethiopum
2939 3573 2951 3607 :
2987 3556 3263 3625 pavebunt
3302 3566 3355 3611 et
3395 3558 3744 3613 tabernacula

2171 3654 2328 3699 terrae
2360 3643 2614 3697 Madiam.
2656 3644 2830 3710 Alius,
2868 3642 3110 3713 Cogitavi
3149 3646 3497 3701 tabernacula
3535 3646 3748 3701 ᾸΞιΙιὶο-

2172 3749 2325 3803 pum,
2352 3735 2718 3789 turbabuntur
2759 3735 3130 3791 inhabitantes
3160 3738 3327 3807 pelles
3349 3738 3751 3794 Madiarn.Vul.

492 3822 600 3879 Pro
624 3826 907 3894 iniquitate
942 3828 1049 3881 vidi
1079 3829 1306 3883 tentoria
1332 3828 1623 3900 {Ethiopiae
1651 3850 1663 3885 :
1702 3830 2063 3885 turbabuntur
2118 3827 2287 3897 pelles
2345 3836 2501 3880 terra:
2532 3825 2763 3879 Madian.

488 3924 612 3995 13x
649 3926 981 3976 D’TEZ‘UR
1017 3930 1136 3978 mm
1175 3934 1291 3984 mn
1327 3932 1575 3984 marum
1611 3927 1643 3980 8
1716 3932 1790 3991 0',
1828 3926 1924 3982 καὶ
1953 3926 2058 3979 ἀλ-

487 4010 620 4071 λος,
662 4007 734 4078 μὴ
775 4010 832 4061 ὲν
862 4015 1119 4081 ποταμοῖς
1164 4015 1469 4087 ὠργίσθης,
1509 4020 1698 4093 Κύριε,
1738 4020 1770 4091 ἢ
1809 4024 1864 4074 ὲν
1897 4038 2063 4073 ποτα-

492 4101 616 4167 μοῖς
642 4100 669 4151 ό
704 4100 874 4171 θυμός
908 4120 1033 4170 σου;

491 4291 757 4360 ’ἷξτιξῃηξ
819 4271 1103 4365 Tom-Sy
1164 4301 1316 4348 :J'ln
1368 4300 1421 4349 Ὁ
1471 4302 1667 4371 ’ῙῙἾἾΞὩ
1715 4302 1990 4351 Emi-BR

486 4384 660 4438 πῖπωι
737 4382 812 4441 0’,
845 4378 876 4447 ἢ
913 4381 970 4430 ὲν
1004 4379 1249 4453 θαλάσσῃ
1273 4383 1332 4434 τὸ
1384 4384 1612 4453 ὅρμημά
1658 4401 1784 4447 σονς
1831 4386 1911 4437 ὅτι
1946 4386 2063 4436 ὲπι-

492 4466 640 4541 δήσῃ
664 4469 756 4522 ἐπὶ
777 4471 900 4531 τοὺς
936 4470 1135 4533 ἵππους
1172 4489 1287 4535 σου,
1314 4474 1407 4526 καὶ
1442 4476 1475 4543 ή
1500 4475 1733 4526 ἱππασία
1756 4491 1848 4527 σου
1886 4492 2059 4544 σωτη-

494 4560 608 4628 ρία.
644 4562 842 4626 "ALL,
877 4562 909 4633 ἢ
940 4565 996 4614 ἐν
1045 4562 1287 4634 θαλάσσῃ
1320 4565 1353 4634 ἡ
1389 4566 1523 4634 ὀργή
1550 4581 1676 4630 σονς
1732 4564 1929 4635 ἀνέδης
1968 4567 2062 4618 ἐπὶ

487 4652 558 4705 τὰ
585 4653 805 4725 ἅρματά
840 4672 931 4709 σου
958 4671 970 4683 ·
1004 4658 1036 4727 ἡ
1072 4657 1307 4710 ἱππασία
1336 4675 1426 4710 σου
1460 4658 1702 4729 σωτηρία
1737 4657 1765 4711 ὃ
1798 4657 2056 4728 προέὄης.

654 5026 817 5075 ΠἸὩῺ
846 5028 1036 5083 11Tle
1267 5031 1407 5087 nam
1441 5024 1640 5085 mare
1713 5030 1787 5088 0',
1812 5025 2060 5079 ἐντείνων

492 5104 760 5169 ἐνέτεινας
782 5107 933 5171 τόξον
951 5127 1042 5162 σου
1072 5112 1163 5163 ἐπὶ
1193 5104 1467 5185 σκῆπτρα,
1498 5114 1645 5182 λέγει
1678 5115 1897 5184 Κύριος.
1925 5120 2061 5169 Ἀλ-

489 5199 618 5260 λος,
655 5197 911 5269 ἐξεγέρθη
945 5199 1006 5252 τὸ
1031 5201 1180 5266 τόξον
1215 5219 1328 5269 σου,
1383 5207 1681 5275 ὲχόρτασας
1710 5206 1921 5275 βολίδας
1960 5211 2057 5277 τῆς

491 5288 765 5359 φαρέτρας
793 5290 976 5346 αὐτοῦ.

487 5531 597 5607 ΠῙὋ
682 5552 758 5603 ‘A.
800 5551 904 5603 ἀεί.
935 5556 1008 5618 0',
1051 5557 1294 5625 Ἀλλος,
1347 5560 1642 5632 διὰψαλμα.

486 5646 808 5724 γἼιὛΡΞΠ
844 5650 1011 5700 ΠΊἾΠΣ
1099 5645 1171 5709 Ο’,
1203 5650 1459 5719 ποταμῶν
1488 5654 1785 5721 ῥαγήσεται
1816 5656 1901 5724 γῆ.
1930 5657 2057 5711 Ἄλ-

2236 3920 2381 3976 8.11.
2408 3920 2679 3991 Numquid
2724 3922 2776 3975 in
2817 3921 3038 3977 flumina
3083 3925 3256 3983 iratus
3294 3937 3379 3983 est
3441 3926 3755 3984 Dominus?

2166 4010 2303 4066 Num
2338 4011 2391 4065 in
2439 4010 2657 4065 flumina
2694 4011 2847 4067 furor
2886 4016 3053 4069 tuus?
3087 4016 3247 4081 LXX,
3281 4028 3329 4071 ct
3361 4018 3539 4083 Alius,
3589 4018 3740 4090 Vulg.

2164 4100 2440 4171 Numquid
2470 4103 2524 4155 in
2566 4102 2885 4157 ﬂuminibus
2926 4106 3097 4161 iratus
3149 4122 3229 4171 es,
3272 4107 3522 4173 Domine,
3558 4122 3651 4164 aut
3690 4112 3748 4163 in

2164 4194 2486 4250 ﬂuminibus
2510 4193 2663 4248 furor
2686 4196 2842 4250 tuus?

2235 4285 2399 4340 llebr.
2437 4302 2562 4341 num
2605 4287 2656 4339 in
2690 4300 2840 4341 mare
2875 4286 2953 4340 ira
2994 4287 3125 4342 tua?
3160 4288 3289 4358 quia
3341 4289 3614 4357 equitabis
3656 4307 3741 4346 su-

2164 4392 2257 4446 per
2321 4392 2494 4448 equus
2519 4386 2662 4441 tuos,
2720 4378 3014 4448 quadrigas
3070 4388 3211 4444 tuas,
3270 4381 3520 4435 salutem.
3565 4380 3738 4446 LXX,

2164 4471 2247 4523 vel
2288 4468 2341 4523 in
2396 4485 2548 4523 mare
2590 4470 2828 4540 impetus
2867 4481 3035 4525 tuus:
3082 4471 3212 4540 quia
3274 4473 3535 4527 ascendes
3576 4489 3742 4542 super

2162 4576 2331 4630 equos
2370 4569 2513 4623 tuos.
2554 4570 2608 4614 et
2649 4562 2914 4632 equitatio
2956 4572 3048 4616 tua
3100 4564 3275 4617 salus.
3326 4564 3497 4624 Αιιω,
3555 4566 3737 4617 autin

2163 4651 2395 4707 mariira
2422 4661 2509 4706 tua
2542 4654 2867 4709 :asceudisti
2898 4670 3059 4723 super
3080 4669 3276 4709 currus
3300 4665 3437 4718 tuos,
3470 4656 3738 4725 equitatio

2163 4751 2253 4796 tua
2284 4742 2457 4806 salus,
2497 4743 2639 4813 quod
2678 4746 3028 4814 prmeessisti.
3074 4746 3199 4799 Vul.
3244 4747 3322 4799 vel
3348 4747 3399 4799 in
3432 4746 3569 4799 mari
3604 4747 3736 4799 indi-

2164 4835 2349 4906 gnatio
2372 4845 2487 4890 tua.
2520 4836 2624 4901 Qui
2664 4838 2927 4893 ascench
2963 4854 3126 4909 super
3158 4855 3327 4909 equos
3362 4848 3506 4904 tuos,
3526 4849 3575 4895 et
3599 4855 3734 4910 qua-

2160 4928 2326 4998 drigae
2365 4936 2471 4982 tua:
2509 4929 2756 4983 salvatio.

2227 5019 2279 5072 9.
2337 5020 2502 5073 Hebr.
2544 5018 2920 5076 Deuudatione
2966 5021 3335 5076 denudabitur
3380 5039 3542 5077 arcus
3583 5034 3728 5083 tuus.

2157 5110 2463 5179 jnramenta
2504 5112 2766 5179 tribuum,
2791 5113 3017 5169 dictum.
3044 5113 3203 5179 LXX,
3249 5114 3731 5170 Intendensinten—

2161 5200 2287 5255 disti
2316 5215 2503 5255 arcum
2561 5212 2713 5257 tuum
2755 5219 2918 5271 super
2971 5217 3183 5275 sceptra
3213 5206 3243 5269 ,’
3271 5207 3404 5262 dicit
3442 5206 3725 5261 Dominus.

2165 5291 2336 5357 Alius,
2369 5294 2635 5349 excitatus
2662 5303 2745 5349 est
2779 5311 2940 5351 arcus
2978 5304 3130 5364 tuus,
3162 5300 3369 5354 satiasti
3398 5298 3583 5367 jacula
3609 5299 3731 5369 phav

2166 5393 2323 5437 retra:
2360 5384 2499 5453 ejus.
2535 5384 2661 5440 Vul.
2705 5387 2988 5444 Suscitans
3011 5391 3305 5446 suscitabis
3341 5405 3530 5445 arcum
3556 5399 3728 5452 tuum,

2156 5474 2461 5540 iuramenta
2500 5477 2748 5535 tribubus
2785 5496 2905 5550 quat
2943 5481 3157 5537 locutus
3189 5497 3267 5538 es.

2230 5566 2398 5622 Hebr.
2422 5567 2555 5621 sela.
2581 5569 2645 5622 A.
2680 5585 2914 5640 semper.
2948 5570 3111 5635 LXX,
3156 5573 3333 5633 Alius.
3374 5572 3697 5641 diapsalma.

2243 5655 2377 5709 ch.
2417 5655 2535 5710 Vul.
2569 5658 2765 5713 ﬂuvios
2808 5660 3022 5717 scindes
3047 5670 3225 5715 terra.
3255 5658 3418 5727 LXX,
3444 5660 3726 5717 ﬂuviorum
