4032 6200
314 324 451 380 2903

312 448 442 509 λος,
477 445 750 512 ποταμοὺς
779 442 1167 505 διασκεδάσεις,
1204 442 1296 494 καὶ
1329 440 1432 507 γῆν
1461 438 1674 500 σώσεις.

309 628 488 675 cum
522 624 613 701 pa:
651 627 767 678 any
805 624 949 701 Fin:
995 626 1133 674 εει-ιτ
1167 621 1340 673 ειν-ππ
1388 597 1527 671 πίγηθ
1565 621 1706 689 11m
1750 610 1812 663 to

310 716 432 765 κω
467 688 607 765 τιέτν
646 715 753 762 DT't
788 688 902 782 151p
974 706 1049 768 θ’,
1080 703 1297 772 ὅψονταί
1333 719 1391 754 σε
1436 703 1529 755 καὶ
1564 700 1883 767 ὡδινήσουσι

309 797 450 859 λαοὶ,
478 794 787 864 σκορπίζων
824 794 991 848 ὕδατα
1030 794 1254 864 πορείας
1281 809 1295 823 ⁸
1333 792 1528 844 ἔδωκεν
1577 793 1609 860 ἡ
1654 790 1889 851 ἄϐυσσος

311 886 499 956 φωνὴν
536 886 726 955 αὐτῆς,
764 886 893 954 ὕψος
922 886 1219 953 φαντασίας
1242 883 1431 951 αὐτῆς.
1467 883 1702 946 Ἄλλος,
1728 882 1785 932 ἐν
1815 878 1887 947 τῷ

312 976 715 1047 ἀντοφθαλμεῖν
772 994 829 1029 σε
874 977 1308 1046 ταραχθήσονται
1334 974 1403 1026 τὰ
1428 974 1527 1043 ὅρη
1552 988 1564 1000 ’
1610 975 1667 1025 ἐν
1694 972 1772 1041 τῷ
1798 974 1888 1025 τὸν

310 1067 550 1133 ἐξαίσιόν
600 1083 693 1120 σου
746 1066 949 1137 ὄμϐρον
995 1066 1220 1120 διελθεῖν
1258 1066 1324 1118 δι’
1362 1065 1613 1133 αὑτῆς,ἡ
1655 1064 1889 1127 ἄϐυσσος

309 1158 627 1228 ἀνεφώνησε
656 1157 857 1221 μεῖζον.

1542 318 1858 376 IIABACUC
1885 312 2109 371 CAPUT
2155 312 2242 366 Ill.

3423 295 3563 350 “2996

1998 429 2278 485 scindetur
2304 438 2466 484 terra.
2504 427 2681 489 Alius,
2705 424 2901 479 llurios
2927 416 3242 487 dissipabis,
3268 421 3319 465 et
3360 419 3562 463 turam

1994 522 2252 577 salvahis.

2064 617 2151 670 10.
2188 614 2321 669 Heh.
2351 612 2615 666 Viderunt
2653 620 2724 670 te,
2756 609 3096 661 tremuerunt
3122 607 3366 659 montes;
3403 596 3564 647 imm-

1991 707 2139 761 datio
2152 721 2417 775 aquarum
2445 701 2678 756 transiit.
2708 697 2861 753 Dedit
2879 690 3354 764 abyssussouitum
3379 700 3563 746 suum,

1993 796 2221 850 altitudo
2257 808 2451 848 manus
2475 805 2604 847 suas
2638 786 2889 842 elevavit.
2920 780 3081 845 LXX,
3120 779 3388 833 Videbunt
3420 783 3488 836 te,
3511 781 3566 824 et

1992 888 2132 943 sicut
2164 886 2471 955 parturiens
2503 882 2764 937 dulebunt
2794 876 3011 947 populi:
3043 874 3362 941 dispergens
3392 880 3564 934 aquas

1991 979 2224 1032 itineris.
2265 975 2419 1030 Dedit
2447 974 2676 1043 abyssus
2702 984 2888 1023 vocem
2927 980 3106 1024 suam,
3131 960 3360 1015 altitudo
3390 957 3562 1024 phan-

1991 1068 2143 1123 tasi:e
2179 1068 2316 1137 ejus.
2351 1066 2533 1129 Alius,
2584 1064 2717 1117 Cum
2770 1067 2960 1114 contra
3022 1054 3344 1123 respexeris,
3381 1048 3564 1101 turba-

1993 1160 2197 1213 buntur
2227 1165 2443 1210 montes
2476 1173 2490 1208 :
2523 1168 2647 1207 eum
2682 1152 2874 1221 ingens
2920 1148 3091 1201 imber
3121 1153 3245 1197 tuus
3279 1147 3562 1210 pertrans-

312 1260 420 1304 tret
453 1268 548 1321 per
574 1267 691 1305 eam
751 1254 983 1324 abyssus
1033 1254 1207 1325 magis
1269 1252 1564 1308 rcsouavit.
1629 1249 1752 1305 Vul.
1817 1251 2079 1308 Viderunt
2145 1262 2218 1315 te,
2274 1263 2327 1306 et
2376 1250 2670 1304 doluerunt
2725 1253 2979 1300 montes:
3040 1253 3236 1310 gurges
3297 1246 3560 1303 aquarum

311 1347 549 1400 transiit.
577 1346 728 1400 Dedit
756 1348 986 1418 abyssus
1012 1365 1195 1403 vocem
1229 1364 1405 1410 suam,
1434 1348 1663 1401 altitudo
1682 1363 1880 1402 manus
1920 1363 2049 1402 suas
2077 1347 2295 1401 levavit.

307 1421 471 1497 r125
508 1420 652 1495 ’ῶτιν
689 1446 831 1513 ’ποίη
867 1423 1005 1498 ἠιιὸ
1046 1424 1215 1501 715:1
1257 1449 1378 1502 ἠας
1414 1447 1515 1498 την
1556 1448 1709 1497 tam:
1754 1439 1812 1493 tt

304 1536 485 1608 ἹΓῺΞΠ
515 1539 632 1613 ΡἾΞ
705 1532 781 1594 0’,
823 1530 1030 1602 ἐπήρθη
1083 1534 1111 1585 ὁ
1152 1532 1323 1601 ἣλιος,
1347 1532 1496 1602 καὶὴ
1529 1533 1725 1600 σελήνη
1760 1530 1887 1600 ἔστη

306 1620 370 1672 ἐν
394 1624 463 1691 τῇ
491 1621 640 1684 τάξει
667 1623 859 1692 αὐτῆς,
888 1626 967 1687 είς
996 1625 1110 1692 φῶς
1141 1623 1346 1694 βολίδες
1381 1642 1474 1677 σου
1508 1624 1886 1693 πορεύσονται,

305 1713 393 1774 είς
426 1712 626 1780 φέγγος
660 1713 950 1785 ἀστραπῆς
995 1716 1173 1769 ὃπλων
1218 1733 1331 1769 σου.
1375 1717 1630 1781 Ἀλλος,
1666 1714 1779 1782 φῶς
1830 1712 1889 1765 τὸ

304 1804 560 1875 λαμπρδν
582 1805 675 1858 τοῦ
711 1806 861 1876 ἡλίου
896 1809 1123 1877 ἐπέσχεν
1146 1823 1159 1837 ο
1194 1808 1254 1860 τὸ
1290 1808 1347 1860 δὲ
1376 1809 1575 1875 φέγγος
1604 1806 1701 1875 τῆς
1729 1804 1887 1875 σελή-

306 1914 407 1967 νης
427 1897 624 1966 ἐστάθη
649 1915 660 1927 ·
694 1902 835 1953 κατὰ
859 1900 917 1952 τὸ
946 1900 1148 1968 φέγγος
1168 1901 1277 1954 τῶν
1318 1900 1539 1968 βολίδων
1566 1917 1659 1952 σου
1687 1898 1887 1969 πορεύ-

305 2005 517 2049 σονται,
553 1990 695 2043 κατά
731 1992 792 2043 τὸ
823 1992 1026 2060 φέγγος
1062 1991 1353 2062 ἀστραπῆς
1389 1992 1663 2061 μαχαίρας
1699 2007 1810 2044 σου.

2064 1440 2148 1493 Η.
2184 1437 2319 1491 Ileb.
2382 1435 2499 1497 Sol,
2542 1434 2669 1488 luna
2722 1433 2872 1488 stetit
2931 1423 3282 1484 tabernaculo
3338 1433 3458 1477 suo.
3495 1417 3563 1469 ad

1990 1528 2161 1583 lucem
2191 1529 2510 1595 sagittarum
2550 1536 2767 1578 tuarum
2802 1524 2980 1583 ilmnt,
3014 1518 3078 1571 ad
3104 1508 3565 1584 splenduremful—

1988 1619 2138 1690 guris
2185 1619 2353 1671 hasta:
2412 1626 2537 1669 tum.
2570 1614 2737 1678 LXX,
2794 1612 3047 1665 Elevatus
3079 1616 3162 1660 est
3217 1606 3319 1667 sol,
3357 1611 3408 1654 et
3436 1600 3561 1652 luna

1989 1711 2137 1765 stetit
2176 1709 2227 1761 in
2260 1708 2452 1761 ordine
2479 1721 2600 1767 suo,
2649 1704 2699 1757 in
2758 1703 2877 1755 luce
2904 1699 3082 1769 jacula
3138 1704 3227 1748 tua
3290 1692 3463 1750 ibunt,
3508 1688 3562 1739 in

1991 1802 2279 1872 splendore
2319 1795 2716 1854 coruscationis
2773 1805 3050 1846 armorum
3112 1798 3350 1841 lucrum.
3385 1780 3564 1839 Alius,

1992 1895 2082 1948 lux
2118 1892 2402 1963 splsndida
2443 1889 2575 1943 solis
2602 1884 2896 1947 continuit,
2930 1880 3187 1951 splendor
3214 1885 3394 1928 autem
3421 1872 3565 1923 lunae

1993 1986 2163 2050 stetit,
2211 1981 2514 2038 secundum
2566 1974 2913 2046 splendorem
2976 1970 3283 2040 jaculorum
3344 1972 3562 2016 tuorum

307 2080 490 2147 ibunt,
552 2084 853 2136 secundum
917 2084 1259 2152 splendorem
1317 2085 1549 2154 fulguris
1588 2083 1751 2151 gladii
1787 2082 1885 2135 tui.
1931 2079 2056 2133 Vul.
2113 2076 2208 2130 Sol
2261 2085 2315 2128 et
2374 2074 2505 2127 luna
2563 2076 2827 2125 steterunt
2879 2068 2934 2119 in
2992 2058 3304 2114 babitaculo
3352 2068 3472 2116 suo,
3508 2050 3562 2103 in

308 2176 430 2229 luce
461 2177 786 2246 sagittarum
816 2187 1055 2239 tuarttm,
1110 2180 1267 2233 ibunt
1320 2179 1374 2232 in
1431 2180 1721 2248 splendore
1754 2174 2078 2247 fulgurantis
2115 2174 2283 2225 hasta:
2314 2180 2439 2223 tum.

304 2276 426 2329 σῃ
460 2279 611 2329 ωττῃ
647 2280 768 2355 ηκῃ,
797 2278 1111 2354 Vbist-13mm
1146 2281 1293 2335 Dm:
1330 2271 1397 2324 12
1473 2275 1550 2335 0’,
1586 2273 1642 2324 ἐν
1690 2270 1885 2340 ἀπειλῇ

306 2361 591 2428 ὀλιγώσεις
627 2366 750 2433 γῆν,
796 2365 889 2416 καὶ
915 2365 972 2416 ἐν
1002 2363 1158 2434 θυμῷ
1192 2363 1447 2428 κατάξεις
1474 2364 1622 2434 ἔθνη.
1649 2364 1884 2429 Ἄλλος,

312 2450 658 2598 μετάἕὲυμοῦ
688 2454 958 2524 ὲγερθήσῃ
995 2456 1087 2507 ἐπὶ
1121 2456 1220 2525 τὴν
1248 2456 1375 2525 γῆν,
1398 2456 1515 2525 μετ’
1538 2456 1708 2527 ὀργῆς
1729 2455 1891 2527 ἀλοή-

309 2561 423 2609 σεις
519 2564 603 2609 νη.

345 2561 423 2609 εις
455 2561 603 2616 ευνη.

312 2818 633 2891 Τίτθῃ-τηρ
669 2790 815 2871 mal)
852 2817 979 2887 my
1012 2792 1159 2872 ml)
1192 2816 1333 2867 mat
1376 2808 1457 2862 15-
1526 2808 1603 2862 'A.
1634 2807 1711 2873 E',
1742 2808 1892 2879 ἐξῆλ-

314 2902 404 2964 θες
432 2903 513 2964 είς
540 2900 816 2971 σωτηρίαν
847 2898 973 2953 λαοῦ
1002 2916 1115 2961 σου,
1144 2901 1224 2961 εἰς
1258 2899 1530 2967 σωτηρίαν
1553 2899 1649 2952 σὺν
1671 2900 1891 2971 Χριστῷ

315 3009 427 3045 σου.
463 2993 521 3045 Σ.
553 3031 567 3044 .
610 3030 626 3043 .
655 3030 669 3043 .
711 3030 726 3045 .
765 3030 780 3045 .
816 3030 831 3043 .
864 3030 879 3044 .
915 3032 927 3044 .
965 3028 981 3043 .
1007 2992 1082 3054 0’,
1112 2988 1333 3060 ἐξῆλθες
1352 2992 1432 3053 είς
1464 2990 1734 3061 σωτηρίαν
1761 2990 1891 3044 λαοῦ

319 3084 408 3135 σου
437 3081 532 3135 τοῦ
558 3081 727 3135 σῶσαι
760 3081 851 3133 τὸν
878 3081 1111 3150 Χριστόν
1145 3097 1258 3132 σου.
1289 3081 1350 3134 Θ.
1398 3118 1413 3132 .
1454 3119 1469 3133 .
1510 3121 1522 3135 .
1560 3119 1574 3132 .
1611 3083 1701 3147 ς’,
1739 3081 1893 3151 ἐξῆλ-

318 3174 406 3236 θες
435 3174 529 3226 τοῦ
566 3173 738 3225 σῶσαι
763 3173 854 3225 τὸν
881 3172 1007 3224 λαόν
1044 3188 1137 3223 σου
1167 3170 1253 3224 διὰ
1300 3172 1503 3241 Ἰησοῦν
1529 3172 1620 3223 τὸν
1658 3172 1892 3241 Χριστόν

317 3285 410 3320 σου
462 3268 532 3336 (Ι.
566 3266 654 3319 διὰ
691 3264 864 3336 Ἰησοῦ
913 3265 1005 3318 τοῦ
1059 3265 1294 3335 Χριστοῦ
1329 3267 1468 3335 σου).
1502 3267 1735 3329 Ἀλλος,
1769 3268 1894 3318 ἀνε-

317 3358 491 3427 φάνης
548 3358 642 3408 ἐπὶ
694 3357 938 3429 σωτηρίᾳ
991 3356 1084 3409 τοῦ
1137 3355 1265 3410 λαοῦ
1301 3374 1416 3421 σου,
1450 3356 1715 3425 ῥύσασθαι
1771 3358 1895 3419 τοὺς

317 3449 609 3510 ἐκλεκτούς
649 3466 762 3502 σου.

317 3528 425 3601 re:
458 3550 711 3603 -ικτι-οτ
745 3548 861 3599 πον
915 3550 1055 3602 nm
1098 3550 1227 3603 tam
1271 3548 1427 3599 τνσισ
1474 3549 1607 3600 tum
1656 3551 1827 3600 nm:

320 3638 398 3697 θ’,
429 3632 611 3701 βαλεῖς
640 3632 719 3693 είς
764 3630 1008 3698 κεφαλὰς
1041 3632 1260 3699 ἀνόμων
1299 3629 1525 3683 θάνατον
1552 3673 1565 3695 ,
1610 3630 1898 3700 ἐξήγειρας

321 3726 553 3796 δεσμοὺς
578 3725 684 3787 ἓως
708 3725 1001 3793 τραχήλου,
1033 3723 1331 3792 διάψαλμα.
1373 3723 1437 3775 Θ.
1478 3760 1491 3774 .
1529 3764 1541 3777 ,
1576 3760 1588 3773 .
1631 3762 1643 3775 .
1688 3761 1701 3774 .
1732 3761 1744 3773 .
1779 3762 1793 3775 .
1831 3760 1844 3774 .
1880 3762 1894 3775 .

326 3818 409 3872 E'.
442 3855 455 3869 .
486 3856 498 3869 .
534 3856 547 3869 .
581 3856 594 3871 .
626 3856 639 3869 .
679 3857 691 3869 .
735 3818 966 3882 Ἄλλος,
1000 3816 1390 3880 κατετόξευσας
1421 3813 1662 3881 κεφαλάς
1692 3810 1900 3879 ἀνθρώ-

330 3926 452 3962 πων
479 3909 852 3978 ὑπερηφάνων,
877 3907 980 3971 ἕως
1010 3909 1246 3962 ἀϐύσσου
1274 3907 1371 3978 τῆς
1424 3905 1696 3976 θαλάσσης
1730 3922 1898 3958 κατα-

326 4000 390 4054 δύ
401 4017 599 4052 σονται.

2067 2265 2155 2319 12.
2194 2262 2329 2317 Hel).
2365 2260 2417 2312 in
2452 2258 2529 2311 ira
2566 2256 2781 2309 incedes
2812 2261 3035 2309 terram,
3078 2250 3133 2297 et
3165 2242 3218 2292 in
3257 2236 3439 2289 furore
3466 2231 3565 2285 tri-

1994 2354 2206 2410 turabis
2234 2360 2441 2422 gentes.
2475 2344 2639 2411 LXX,
2695 2344 2749 2396 in
2805 2335 3229 2396 comminatione
3272 2325 3563 2381 imminue!

1994 2458 2217 2508 terram,
2254 2452 2307 2497 et
2345 2444 2397 2496 in
2434 2439 2619 2494 furore
2657 2436 2910 2490 detrahes
2951 2438 3158 2500 gentes.
3208 2422 3394 2482 Alius,
3440 2427 3565 2469 cum

1995 2538 2182 2592 furore
2215 2532 2539 2589 exeitaberis
2568 2543 2730 2597 super
2766 2537 2987 2582 terram,
3023 2533 3145 2574 eum
3180 2516 3258 2569 ira
3282 2509 3566 2565 triturabis

1996 2637 2204 2699 gentes.
2230 2624 2349 2677 Vul.
2379 2624 2430 2676 in
2470 2621 2684 2674 fremitu
2720 2611 3066 2671 coneulcabis
3119 2617 3357 2662 terram:
3399 2602 3452 2653 iu
3490 2597 3571 2651 fu-

1998 2735 2123 2775 rore
2148 2715 2550 2785 obstupefacies
2582 2720 2789 2781 gentes.

2070 2812 2157 2865 15.
2198 2809 2360 2864 llebr.
2394 2808 2458 2861 Α.
2484 2804 2551 2869 V,
2580 2804 2702 2857 Vul.
2736 2800 3003 2869 Egressus
3032 2809 3090 2847 es
3124 2792 3177 2844 in
3211 2788 3439 2844 salutem
3474 2797 3569 2851 po-

1997 2904 2109 2973 puli
2143 2902 2286 2956 tuiiu
2320 2900 2546 2952 salutem
2566 2910 2687 2949 cum
2713 2891 2932 2946 Christo
2962 2898 3075 2942 tuo.
3102 2886 3160 2939 S.
3194 2877 3569 2946 LXX,Egres-

1999 3009 2094 3049 sus
2123 3007 2182 3047 es
2219 2992 2273 3045 iu
2302 2990 2530 3043 salutem
2562 2981 2742 3053 populi
2772 2979 2869 3044 tui,
2906 2986 2965 3031 ut
3003 2976 3245 3030 salvares
3284 2968 3567 3023 Christum

2001 3095 2171 3141 tuum.
2200 3084 2305 3137 Th.
2340 3080 2605 3150 Egressus
2627 3090 2687 3130 es
2719 3074 2931 3128 salvarc
2958 3068 3215 3139 populum
3247 3072 3423 3120 tuum.
3463 3059 3579 3111 sal-

1997 3195 2126 3234 vare
2153 3176 2431 3232 Christum
2458 3181 2628 3226 tuum.
2676 3164 2742 3220 Vl
2796 3164 2895 3218 Ed.
2926 3162 3189 3232 Egressus
3234 3172 3293 3210 es
3362 3152 3577 3207 salvare

2000 3270 2260 3339 populum
2306 3274 2455 3319 tuum
2497 3277 2591 3332 per
2619 3259 2805 3314 Jesum
2848 3255 3125 3309 Christum
3169 3260 3344 3303 tuum.
3396 3243 3575 3303 Alius,

2004 3334 2316 3431 idpjiaruisti
2348 3369 2513 3425 super
2549 3351 2724 3409 salute
2756 3347 2942 3418 populi
2992 3344 3090 3407 tui,
3130 3340 3194 3393 ad
3230 3334 3570 3390 liberandum

2004 3456 2206 3509 electos
2246 3460 2387 3504 tuos.

2067 3545 2201 3598 lleb.
2237 3537 2555 3597 transfixisri
2593 3542 2754 3604 caput
2778 3532 2843 3586 de
2864 3528 3028 3583 domo
3058 3522 3229 3592 impii,
3250 3513 3573 3573 deuudando

1994 3636 2407 3689 fundamentum
2444 3641 2620 3695 usque
2654 3624 2719 3678 ad
2771 3620 2996 3681 collum,
3040 3614 3170 3669 scla.
3210 3604 3575 3670 LXX,.\littes

1998 3728 2050 3780 in
2078 3724 2259 3791 capita
2316 3721 2632 3788 iniquorum
2698 3722 2957 3771 mortem,
3021 3699 3299 3759 suscitasti
3352 3692 3574 3750 vincula

1996 3784 2170 3885 usque
2198 3812 2263 3866 ad
2288 3784 2510 3866 collum.
2542 3803 2869 3875 Diapsalma.
2896 3798 2997 3853 Th.
3027 3837 3038 3849 .
3063 3836 3076 3850 .
3105 3834 3119 3849 .
3141 3835 3155 3848 .
3183 3832 3196 3845 .
3221 3786 3424 3845 ornasti
3451 3784 3576 3837 fun-

2004 3877 2317 3963 dainentum
2348 3914 2520 3969 usque
2571 3898 2639 3951 ad
2691 3894 2911 3949 collum.
2961 3888 2997 3943 V
3054 3886 3151 3940 Ed.
3178 3927 3190 3939 .
3218 3924 3232 3938 .
3258 3922 3272 3937 .
3298 3922 3311 3935 .
3335 3923 3348 3935 .
3405 3877 3579 3931 denu-

2007 3997 2146 4054 dasti
2174 4039 2187 4063 ,
2210 3998 2312 4049 sive
2342 3990 2618 4049 evacuasti
2646 3986 3056 4043 fundamentum
3081 3993 3251 4049 usque
3268 3974 3333 4030 ad
3354 3971 3580 4032 collum,

328 4097 461 4149 sela.
500 4097 674 4158 Alius,
719 4094 945 4164 Sagittis
987 4092 1277 4148 confudisti
1327 4092 1501 4161 capita
1538 4092 1818 4148 hominum
1878 4095 2263 4164 superborum,
2317 4102 2491 4156 usque
2525 4085 2592 4138 ad
2659 4085 2915 4153 abyssum
2954 4075 3126 4130 maris
3173 4071 3579 4136 demergentur.

331 4187 457 4242 Vul.
492 4188 817 4243 PcrcussLli
847 4199 1006 4258 caput
1032 4188 1098 4242 de
1149 4188 1312 4242 domo
1350 4187 1532 4255 impii;
1576 4188 1864 4244 denudasti
1907 4189 2320 4245 fundamentum
2388 4182 2508 4249 ejus
2540 4194 2714 4249 usque
2742 4177 2807 4230 ad
2840 4174 3059 4230 collum.

331 4266 548 4341 cm"th
586 4266 808 4357 ’33:?an
840 4289 997 4343 mror
1029 4288 1154 4339 ἰτ-πε
1189 4288 1320 4338 ωτι-π
1357 4286 1541 4337 item:
1585 4290 1729 4357 mp:
1774 4280 1837 4332 t4

331 4382 541 4429 mam
574 4380 660 4432 ⁷ὶῖ
694 4355 972 4429 ΒεκΒ-πω)
1044 4375 1120 4433 U',
1151 4371 1404 4438 διέκοψας
1434 4372 1490 4422 ἐν
1535 4355 1786 4423 ἐκστάσει
1816 4388 1907 4423 κε-

338 4463 509 4532 φαλὰς
539 4462 838 4528 δυναστῶν,
870 4463 1242 4533 σειςθήσονται
1275 4464 1333 4514 ἐν
1376 4464 1535 4532 αὐτῇ,
1585 4462 1909 4526 διανοίξουσι

337 4557 588 4625 χαλινοὺς
625 4555 803 4609 αὐτῶν
833 4557 906 4618 ὡς
959 4555 1129 4608 ἔσθων
1174 4556 1387 4624 πτωχὸς
1437 4556 1630 4627 λάθρα.
1672 4557 1906 4621 Ἄλλος,

337 4647 654 4716 ἐξεδίκησας
688 4646 826 4714 μετὰ
873 4645 1154 4715 δυνάμεώς
1204 4663 1296 4698 σου
1336 4648 1459 4708 τοὺς
1490 4646 1763 4715 ἀρχηγοὺς
1800 4643 1908 4697 τῶν

340 4738 716 4809 ἁμαρτωλῶν·
762 4740 881 4800 τοὺς
922 4739 1243 4800 πεποιθότας
1275 4740 1367 4789 ἐπὶ
1415 4740 1479 4806 τῇ
1520 4737 1777 4807 αὐθαδείᾳ
1811 4738 1910 4789 αὑ·

339 4829 467 4891 τῶν,
504 4830 688 4883 ἕνεκεν
716 4829 809 4882 τοῦ
844 4833 1177 4897 καταφαγεῖν
1212 4830 1336 4891 τοὺς
1365 4828 1613 4897 πτωχοὺς
1642 4827 1835 4896 λάθρα.

2086 4278 2172 4330 Η.
2201 4277 2268 4331 Il.
2307 4271 2598 4329 Pet-fodisti
2639 4272 2692 4323 in
2724 4266 2933 4322 baculis
2977 4260 3098 4330 ejus
3152 4261 3314 4323 caput
3340 4258 3583 4317 pagano-

2015 4385 2135 4423 rum
2157 4368 2278 4438 ejus
2302 4385 2314 4419 :
2352 4376 2406 4421 tu
2418 4364 2714 4419 rhinabunt
2737 4359 2801 4413 ad
2824 4350 3239 4425 dispergendum
3258 4358 3340 4395 me
3359 4358 3371 4393 :
3396 4335 3582 4391 exsul.

2014 4462 2146 4517 tatio
2170 4474 2359 4515 eorum
2393 4456 2549 4526 quasi
2582 4456 2648 4508 ad
2672 4447 3063 4507 comedendum
3095 4439 3349 4494 afﬂictum
3375 4434 3426 4484 in
3455 4429 3586 4481 abs-

2016 4553 2256 4608 condito.
2285 4548 2448 4613 LXX,
2505 4544 2783 4601 Diseidisti
2832 4544 2884 4595 in
2921 4547 3141 4605 stupore
3194 4528 3365 4596 capita
3401 4530 3583 4591 ροιοηο

2016 4644 2149 4697 tium
2176 4661 2189 4697 :
2214 4639 2704 4698 commovebuntur
2738 4634 2791 4686 in
2825 4647 2889 4685 eo
2921 4646 2936 4682 :
2986 4623 3231 4693 aperient
3281 4616 3445 4669 flama
3484 4624 3583 4666 sua

2018 4736 2161 4791 sicut
2189 4734 2481 4790 comedens
2514 4742 2719 4800 pauper
2746 4725 2799 4778 in
2842 4716 3182 4774 abscondito.
3218 4710 3388 4770 Alius,
3425 4702 3585 4757 Ultus

2017 4842 2076 4881 es
2103 4844 2225 4881 cum
2255 4826 2455 4879 virtute
2497 4834 2585 4874 tua
2634 4820 2799 4871 duces
2835 4818 3202 4883 peccatorum,
3253 4798 3587 4884 confidentes

344 4921 396 4974 in
424 4924 743 4995 arrogantia
804 4937 901 4976 sua
943 4930 1001 4973 ut
1048 4920 1392 4975 comederent
1442 4932 1705 4986 pauperes
1748 4893 1923 4970 ‘clam.
1966 4914 2090 4971 Vul.
2153 4913 2480 4970 Maledixisti
2534 4910 2771 4979 sceptris
2828 4905 2987 4973 ejus,
3040 4897 3203 4968 capiti
3258 4893 3585 4947 bellatorum

344 5018 483 5086 ejus,
510 5018 853 5071 venientibus
894 5027 950 5071 ut
995 5016 1152 5070 tui-bu
1221 5014 1285 5068 ad
1346 5014 1763 5082 dispergendum
1817 5027 1923 5068 me.
1964 5012 2270 5068 Essultatio
2296 5025 2507 5073 eorum,
2551 5007 2693 5061 sicut
2720 5001 2839 5071 ejus
2880 4998 2973 5069 qui
3027 4996 3249 5050 devorat
3295 4981 3587 5059 pauperem

346 5111 400 5166 in
424 5112 768 5167 abscondito.

348 5218 553 5268 τοῦ.
590 5216 678 5270 ua
711 5189 1006 5266 θεώ-πε)
1022 5187 1237 5266 anaver
1275 5189 1493 5262 inrva
1580 5203 1656 5255 Ἀ.
1684 5200 1774 5255 τοῦ
1803 5201 1918 5253 δια-

353 5302 663 5373 σκορπίσαι,
710 5303 1059 5373 γαυριάματα
1104 5299 1283 5352 αὐτῶν
1314 5297 1404 5351 τοῦ
1445 5299 1637 5366 φαγεῖν
1681 5274 1917 5365 πένητας

352 5393 701 5464 ἁποκρύφως.
748 5394 807 5446 Σ.
859 5390 1182 5452 ἐπελθόντας
1228 5387 1518 5457 σκορπίσαι
1573 5384 1917 5454 γαυριῶντας

353 5478 490 5537 ὥστε
514 5485 852 5551 καταφαγεῖν
899 5480 1161 5552 κρυφίως.
1194 5477 1269 5542 Ο’,
1299 5475 1620 5542 διανοίξουσι
1668 5473 1917 5545 χαλινοὺς

352 5575 528 5632 αὐτῶν
562 5577 639 5642 ὡς
670 5575 841 5630 ἔσθων
869 5574 1077 5644 πτωχὸς
1102 5572 1293 5643 λάθρα.

2088 5196 2153 5250 ll.
2187 5195 2254 5250 ad
2288 5188 2711 5261 dispergendum
2739 5200 2828 5239 me
2856 5198 2869 5236 :
2905 5179 3200 5237 exsultatio
3221 5190 3408 5231 eorum
3433 5173 3589 5244 quasi

2017 5289 2083 5343 ad
2118 5286 2512 5342 comedendum
2568 5280 2823 5334 afﬂictum
2890 5277 2944 5329 in
2990 5271 3350 5327 abscondito.
3396 5267 3463 5320 Α.
3522 5264 3588 5317 ad

2015 5377 2457 5450 dispergendum:
2483 5370 2879 5429 exsultationes
2899 5380 3087 5421 eorum
3112 5362 3175 5415 ad
3194 5358 3587 5415 comedendum

2015 5484 2281 5541 pauperes
2313 5468 2473 5521 clam.
2505 5465 2563 5518 S.
2613 5464 2887 5517 irruentes
2928 5457 2992 5511 ad
3044 5453 3461 5523 dispergendum
3494 5462 3590 5501 eos

2016 5565 2107 5636 qui
2126 5560 2403 5618 exsultant
2428 5556 2759 5611 utdevorent
2788 5550 2950 5605 clam.
2971 5545 3132 5609 LXX,
3154 5545 3393 5615 aperient
3420 5540 3583 5595 frzena

2018 5672 2117 5713 sua
2153 5653 2293 5710 sicut
2322 5649 2614 5709 comedens
2648 5662 2850 5720 pauper
2891 5644 2945 5700 in
2979 5640 3313 5697 abscondito.
