4032 6200
477 253 620 309 2999

479 346 734 424 ἓιὲττηῆῡ
773 362 803 417 9
882 364 937 414 Σ.
975 362 1374 420 ἐπιϐαίνοντας.
1406 358 1465 411 In
1496 359 1549 411 0'
1582 371 1753 412 uacat.

474 660 692 710 umnam
736 648 793 700 II
887 648 965 700 Ἀ.
991 646 1071 708 εἰς
1104 645 1192 697 τὸν
1217 644 1404 713 ὅλμον.
1459 643 1682 697 Barber.
1743 644 1823 695 Ἃ.
1867 643 1924 696 Σ.
1956 642 2063 695 τῶν

480 740 683 810 όλμῶν,
723 742 798 804 0',
821 738 919 807 τὴν
950 735 1458 805 κατακεκομμένην.
1491 733 1555 788 Θ.
1596 736 1653 787 ἐν
1681 733 1758 804 τῷ
1781 732 1955 803 βάθει.

476 928 648 979 manu
688 915 755 969 12
830 911 1134 976 Οὶλοιποὶ,
1170 910 1460 980 ἐκδικήσω.
1491 910 1567 974 0',
1594 907 1955 979 ὲξερεννήσω.

478 1104 594 1155 Π-ᾓτ
634 1094 701 1147 15
786 1092 864 1146 Ἀ.
902 1088 1295 1161 ταλαιπωρίας.
1348 1093 1426 1153 0',
1459 1087 1710 1156 θλίψεως.

477 1279 703 1327 ΠκτιυῺἸ
738 1278 869 1328 nata
907 1277 992 1325 ῦῚτ
1082 1268 1160 1320 ‘A.
1206 1266 1392 1335 ἡμέρα
1446 1263 1731 1333 συμφορᾶς
1780 1261 1874 1314 καὶ
1905 1262 2061 1332 ἄτης.

479 1362 557 1424 0⁸,
585 1360 767 1429 ἡμέρα
792 1359 999 1429 ἀωρὶας
1026 1358 1121 1411 καὶ
1146 1353 1479 1425 ἀφανισμοῦ.

475 1541 771 1637 715:1ij
811 1554 877 1607 18
963 1555 1043 1606 Ἀ.
1092 1552 1603 1621 κατασπουδασμόν.
1646 1553 1705 1606 Σ.
1744 1552 1881 1621 μετὰ
1914 1552 2064 1604 ἐπεί-

481 1645 632 1709 ξεως.
668 1652 746 1709 U’,
779 1646 871 1697 καὶ
908 1645 1164 1714 σπονδήν.

1502 243 1977 298 HEXAPLOHUM
2018 245 2185 311 ρυλε
2229 243 2658 300 SUPERSUNT.

3605 241 3759 297 ὅθοο

2242 361 2391 416 9.11.
2422 375 2639 415 omnem
2687 356 3105 413 transilientem.
3146 354 3203 408 8.
3244 352 3623 409 ascendentes.
3681 352 3762 406 In

2169 452 2313 506 LXX
2365 461 2540 506 vacat.
2576 450 2696 506 Vul.
2731 464 2973 512 omnem,
3007 446 3100 517 qui
3157 454 3477 514 arroganter
3509 443 3761 514 ingredi-

2234 563 2278 599 l'.

2234 563 2278 599 r.

2170 558 2327 691 mil.
2362 635 2526 689 Hebr.
2559 633 2858 687 Machthes.
2886 632 2953 686 Α.
2994 630 3048 683 in
3089 628 3447 683 mortarium.
3482 624 3645 705 Berl).
3678 629 3758 680 Α.

2169 729 2227 783 8.
2254 729 2666 782 mortariorum.
2697 724 2857 791 LXX,
2881 724 3181 779 concisam.
3217 719 3321 776 Th.
3360 720 3416 773 in
3454 720 3759 788 profundo.

2171 821 2297 875 νηὶ.
2335 821 2480 890 pilte.

2246 914 2334 968 12.
2392 911 2527 966 Ileb.
2586 909 2709 965 Vul.
2773 906 3082 962 scrutabor.
3130 903 3381 973 Reliqui,
3432 903 3751 959 vindicabo.

2171 1004 2336 1071 LXX,
2382 1002 2743 1071 investigabo.

2240 1098 2327 1151 15.
2360 1096 2497 1162 ch.
2534 1092 2832 1165 Augustine.
2869 1098 2934 1145 Α.
2984 1088 3240 1145 miseriae.
3285 1084 3452 1149 LXX,
3492 1084 3619 1140 Vul.
3649 1086 3757 1141 tri-

2166 1185 2483 1243 bulationis.

2240 1279 2402 1334 Hebr.
2425 1280 2543 1334 dies
2563 1277 2830 1333 tumultus
2856 1283 2911 1329 et
2934 1270 3305 1334 desolationis.
3351 1270 3417 1323 Δ.
3456 1269 3575 1325 dies
3606 1270 3755 1324 cala-

2166 1367 2375 1421 mitatis
2411 1374 2465 1420 et
2521 1365 2832 1420 infortunii.
2883 1361 3048 1424 LXX,
3095 1362 3212 1416 dies
3248 1360 3664 1416 immaturitatis
3695 1369 3752 1414 et

2169 1459 2509 1530 perditionis.
2544 1456 2663 1511 Vul.
2694 1456 2813 1513 dies
2853 1453 3182 1511 calamitatis
3205 1461 3257 1507 et
3276 1452 3531 1507 miserim.

2239 1557 2335 1613 18.
2396 1554 2460 1608 11.
2532 1552 2779 1622 profecto
2837 1548 3171 1604 festinatam.
3230 1543 3297 1597 Α.
3340 1542 3744 1598 festinationem

2169 1648 2263 1720 (al.
2289 1641 2759 1711 sollicitudinem).
2782 1640 2841 1696 8.
2877 1638 3000 1692 Vul.
3040 1652 3164 1692 cum
3190 1632 3554 1691 festinatione.
3573 1631 3739 1696 LXX,

2168 1757 2219 1799 et
2264 1741 2695 1798 festinationem.

1335 1846 1509 1906 Nottn
1532 1850 1592 1904 et
1626 1845 1816 1905 νει-ἰῶ
1850 1843 2160 1905 lectiones
2191 1840 2269 1902 ad
2309 1856 2447 1915 cap.
2482 1837 2506 1895 l
2541 1830 2905 1909 Sophoniaa.

555 1977 616 2030 ν.
645 1980 699 2033 3.
728 1978 947 2033 Hieron.
976 1993 989 2030 :
1030 1998 1047 2028 ‹
1083 1976 1196 2031 Hoc
1227 1977 1369 2046 quod
1405 1979 1694 2047 posuimus
1734 1977 1786 2031 in
1814 1977 1977 2042 LXX,
2005 1986 2053 2030 et

479 2049 893 2118 iuﬁrmabuntur
944 2049 1118 2117 impii,
1157 2049 1241 2118 _de
1286 2046 1675 2103 Thendntionis
1704 2048 2059 2102 translatione

481 2116 721 2189 additum
751 2128 858 2172 est:
898 2134 994 2189 pro
1023 2134 1132 2187 quo
1153 2116 1209 2171 8.
1237 2118 1622 2187 interpretatus
1650 2128 1819 2189 est,et
1841 2118 2064 2170 scanda-

480 2188 539 2242 la
565 2206 681 2241 cum
710 2188 907 2257 impiis,
942 2200 999 2242 ut
1023 2189 1398 2252 subaudiatur,
1434 2188 1907 2257 congregabantur,
1942 2189 2057 2241 sive

479 2258 741 2326 deﬁcient.
790 2257 826 2311 ν
859 2270 1037 2312 autem
1068 2258 1178 2327 ed.,
1210 2268 1257 2311 et
1283 2258 1568 2327 infirmitas
1608 2273 1723 2310 cum
1762 2259 1938 2326 impiis
1965 2258 2056 2309 dc-

481 2328 640 2395 ﬁcict.
684 2348 699 2378 ι
735 2327 916 2381 Grzeca
945 2327 1121 2381 adfert
1144 2326 1493 2381 Barheriuus.

559 2398 615 2465 δῖ.
651 2399 703 2450 5.
737 2400 952 2462 Ἄλλος
976 2437 989 2459 ,
1016 2396 1159 2448 κατὰ
1201 2397 1295 2449 τοῦ
1330 2396 1527 2465 Μολόχ.
1565 2396 1913 2450 Barberinus.

554 2462 616 2517 ν.
650 2470 701 2520 9.
736 2467 819 2530 Σ.,
853 2466 1250 2529 ἐπιϐαίνοντας.
1284 2462 1505 2519 Barber.

2245 1972 2305 2024 V.
2342 1971 2427 2023 11.
2480 1967 2702 2021 Hieron.
2739 1984 2755 2021 :
2802 1982 2820 2014 ι
2870 1962 2985 2015 Pila
3008 2002 3024 2025 ,
3060 1973 3182 2028 quae
3232 1954 3499 2028 Hebraice
3533 1955 3746 2028 dicitur

2171 2038 2567 2104 MACH'I‘IIES,
2591 2048 2644 2093 et
2674 2037 2741 2089 ab
2771 2034 2963 2104 Aquila
2987 2026 3141 2104 uersa
3164 2036 3267 2104 est,
3297 2029 3377 2104 sic
3406 2026 3500 2078 τὸν
3525 2026 3741 2098 ὄλμον.»

2171 2097 2564 2168 Theodotionis
2596 2097 2879 2160 lectionem
2915 2101 3073 2156 habet
3109 2097 3457 2168 Barherinus.

2242 2181 2306 2235 ν.
2343 2180 2429 2234 12.
2472 2182 2534 2232 Ol
2564 2182 2750 2239 λοισι,
2789 2173 3081 2241 ἐκδικήσω.
3121 2166 3402 2223 Barbarin.

2239 2251 2305 2304 V.
2336 2252 2421 2305 I5.
2464 2250 2568 2312 Ἀ..
2601 2240 2994 2313 ταλαιπωρίας.
3022 2240 3187 2313 Idem.

2239 2304 2385 2375 Ibid.
2425 2322 2527 2381 Ἄ..
2557 2304 2742 2387 ἡμέρα
2772 2304 3057 2387 συμφορᾶς
3082 2310 3187 2387 ,καὶ
3214 2308 3373 2375 ἄτης.
3411 2304 3579 2362 Idem.

2240 2390 2302 2443 V.
2337 2390 2423 2444 I8.
2470 2378 2549 2443 Ἀ.
2575 2378 2872 2453 ξ’κατασπὶ
2898 2378 3002 2438 etc.
3045 2378 3211 2433 Idem.

1676 2649 2104 2711 SOPHONIJE
2165 2645 2424 2709 CAPUT
2465 2642 2544 2703 II.

480 2779 640 2859 Mp'l
680 2772 700 2824 1
785 2772 841 2825 Σ.
877 2770 970 2823 καὶ
993 2769 1306 2840 συλλεγῆτε.
1341 2774 1418 2836 0’,
1455 2774 1549 2825 καὶ
1570 2772 1884 2843 συνδέθητε.

480 2953 642 3004 nam:
679 2941 711 2993 4
780 2944 842 2993 Ol
868 2942 1087 3005 Jom’ol,
1122 2942 1682 3013 ἐγκαταλελειμμένη.
1718 2949 1794 3008 U’,
1828 2945 2061 3016 διηρπα-

484 3032 679 3100 σμένη.

370 3128 377 3139 ’
481 3134 666 3184 ῦἾΊὋ
706 3132 778 3181 νιλ
814 3122 847 3176 5
931 3124 1009 3177 Ἀ.
1044 3123 1120 3187 E',
1160 3123 1311 3187 ἔθνος
1363 3124 1623 3196 ὀλέθριον.
1678 3126 1735 3180 Σ.
1767 3125 1918 3188 ἔθνος
1944 3128 2062 3180 ὀλε-

482 3216 828 3287 θρευόμενον.
862 3214 939 3279 Ο’,
971 3216 1225 3285 πάροικοι
1256 3217 1508 3286 Κρητῶν.
1532 3218 1595 3270 Θ.
1622 3217 1769 3281 ἔθνος
1792 3217 2060 3288 ὀλεθρίας.

483 3394 1464 3478 ειητπιπηοηυῠντιὸεηττηήπϐ

483 3507 544 3560 τὺ
576 3506 867 3576 σχοινισμα
896 3506 995 3574 τῆς
1021 3506 1357 3575 ὡραιότητος
1385 3544 1397 3558 .
1444 3546 1456 3557 .
1497 3546 1509 3559 .
1551 3547 1564 3560 .
1600 3544 1615 3560 .
1651 3507 1708 3558 Σ.
1742 3544 1755 3558 .
1793 3547 1804 3558 .
1845 3548 1855 3559 .
1904 3546 1914 3558 .
1947 3547 1959 3560 .

482 3597 814 3668 περίμετρον
857 3597 918 3650 τὸ
953 3596 1234 3667 παράλιον.
1268 3638 1281 3650 .
1317 3636 1331 3650 .
1363 3638 1375 3650 .
1407 3638 1420 3651 .
1458 3637 1469 3651 .
1516 3637 1528 3651 .
1558 3636 1573 3650 .
1611 3639 1623 3653 .
1659 3638 1672 3650 .
1710 3636 1723 3650 .
1764 3638 1777 3650 .
1822 3641 1834 3653 .
1861 3636 1874 3649 .
1906 3638 1919 3651 .
1950 3640 1964 3653 .
1995 3638 2010 3652 .
2044 3636 2059 3651 .

484 3695 560 3752 U',
593 3688 685 3741 καὶ
714 3688 862 3741 ἔσται
885 3689 1075 3759 Κρήτη
1100 3688 1238 3759 νομὴ
1264 3689 1551 3759 ποιμνίων,
1575 3687 1667 3741 καὶ
1698 3688 1906 3759 μάνδρο.
1926 3705 2062 3758 ’προ⁶

484 3781 681 3833 ϐάτων.

481 3880 605 3929 ma
646 3870 711 3923 14
795 3870 872 3921 Ἀ.
917 3869 1225 3925 πελεκᾶνοι.
1271 3870 1348 3937 0',
1397 3870 1805 3941 χαμαιλέοντες.
1860 3870 1921 3925 Θ.
1964 3873 2063 3924 κύ-

484 3974 623 4010 κνοι.

2237 2772 2288 2824 1.
2326 2768 2490 2823 Hebr.
2539 2766 2595 2821 S.
2627 2776 2680 2820 et
2726 2760 3150 2832 congregamini.
3205 2757 3369 2822 LXX,
3416 2770 3469 2813 et
3521 2761 3744 2829 colliga-

2166 2862 2322 2916 mini.
2352 2860 2479 2914 Vul.
2517 2855 2947 2928 congregamini.

2234 2955 2287 3008 4.
2326 2952 2461 3006 Heb.
2496 2950 2722 3020 Reliqui,
2751 2947 3029 3003 derelicta.
3058 2943 3222 3009 LXX,
3244 2944 3477 3013 direpta.
3506 2942 3630 2998 ναι.
3650 2943 3745 2996 de-

2166 3054 2393 3100 structa.

2241 3137 2294 3191 5.
2332 3133 2493 3188 Hebr.
2525 3132 2670 3203 genti
2698 3129 2994 3186 Cerethim.
3028 3129 3093 3183 A.
3130 3127 3195 3193 V,
3249 3141 3373 3197 gens
3401 3127 3739 3195 perniciosa.

2169 3229 2225 3284 S.
2270 3243 2401 3300 gens
2441 3226 2670 3294 perdita.
2722 3222 2888 3287 LXX,
2941 3221 3161 3276 advenae
3222 3218 3578 3275 Cretensium.
3626 3217 3735 3272 Th.

2166 3331 2299 3384 gens
2327 3313 2607 3384 perniciei.
2642 3311 2763 3366 Vul.
2802 3326 2936 3381 gens
2964 3309 3324 3379 perditorum.

2237 3404 2288 3461 6.
2322 3403 2386 3458 H.
2429 3413 2482 3458 et
2512 3404 2615 3457 erit
2647 3412 2840 3472 portus
2876 3401 3065 3465 maris,
3104 3400 3417 3455 habitacula
3459 3399 3741 3453 caularum

2046 3551 2059 3564 _
2165 3506 2467 3566 pastorum.
2502 3497 2567 3549 Α.
2591 3536 2604 3549 .
2627 3534 2641 3547 .
2672 3534 2684 3548 .
2714 3538 2725 3548 .
2779 3492 3057 3547 funiculus
3089 3492 3312 3562 speciei.
3339 3532 3352 3545 .
3376 3532 3391 3544 .
3416 3530 3431 3544 .
3460 3531 3474 3546 .
3519 3492 3578 3545 S.
3608 3531 3622 3544 .
3649 3532 3661 3544 .
3683 3532 3695 3543 .
3724 3531 3736 3543 .

2165 3602 2421 3642 mensura
2456 3586 2745 3640 maritima.
2770 3625 2783 3639 .
2812 3626 2824 3638 .
2846 3625 2859 3638 .
2888 3622 2902 3636 .
2933 3582 3095 3649 LXX,
3130 3594 3183 3637 et
3214 3585 3319 3637 erit.
3356 3583 3516 3639 Creta
3543 3597 3740 3653 pascua

2163 3693 2411 3749 gregum,
2443 3686 2498 3731 et
2545 3676 2686 3730 Ovile
2730 3690 3007 3744 pecorum.
3043 3672 3163 3727 Vul.
3222 3684 3275 3729 ct
3313 3674 3417 3729 erit
3466 3673 3739 3729 funiculus

2166 3770 2337 3825 maris
2366 3770 2583 3838 requies
2603 3776 2909 3837 pastorum.

2237 3864 2320 3917 14.
2370 3861 2534 3915 Hebr.
2575 3860 2874 3930 pelicanus.
2909 3859 2974 3913 Α.
3013 3857 3268 3928 pelicani.
3293 3857 3458 3923 LXX,
3500 3859 3736 3914 chama-

2164 3954 2369 4008 leoncs.
2404 3953 2506 4006 Th.
2533 3951 2711 4022 cycni.
2745 3949 2866 4003 Vul.
2905 3948 3277 4005 onocrotalus.

1332 4074 1509 4134 Notae
1544 4080 1603 4133 et
1640 4072 1830 4133 varitn
1871 4070 2181 4132 lectiones
2211 4069 2289 4130 ad
2326 4082 2461 4144 cap.
2497 4067 2554 4127 11
2587 4063 2949 4142 Ξορὴοηὶω.

648 4186 699 4259 1.
737 4186 816 4247 Σ..
841 4188 933 4240 καὶ
969 4189 1281 4259 συλλεγῆτε.
1314 4189 1597 4247 Barberin.

825 4260 1010 4322 Jama,
1043 4255 1600 4331 ἐγκαλεᾳᾉελειμμένη.
1631 4261 1795 4317 Idem.

550 4326 622 4406 V_.
645 4328 697 4381 5.
727 4325 1134 4406 Hieronymus}
1172 4327 1327 4406 τιυὺὶ
1371 4325 1467 4385 nos
1502 4325 1900 4406 transtulimus,
1926 4349 2046 4402 gens

477 4398 822 4468 perditorum.
839 4396 1141 4468 _illi_(LXX)
1161 4399 1435 4463 dixerunt,
1460 4402 1672 4454 advena:
1695 4396 2043 4465 Cretensium,

476 4465 531 4522 et
577 4465 720 4535 quod
760 4466 1017 4520 chraicc
1060 4467 1320 4535 scriptum
1352 4477 1436 4521 cst
1462 4469 1575 4523 GOI
1613 4470 2043 4535 CIIORETIIIM,

478 4552 576 4605 pro
599 4534 737 4600 (iOI,
768 4536 804 4589 i.
844 4551 915 4597 e.,
944 4547 1109 4599 gente,
1145 4534 1390 4603 legerunt
1423 4537 1584 4596 ΕΑΒ.
1621 4540 1724 4594 hoc
1752 4550 1854 4601 est,
1895 4534 2051 4595 adre-4

478 4623 600 4659 uani
630 4623 647 4659 :
681 4616 734 4660 et
772 4622 869 4675 pro
894 4605 1326 4679 ACHORETIIIM,
1362 4609 1507 4676 quod
1542 4609 1773 4674 dicitur,
1816 4613 2049 4679 perdito-

479 4694 618 4751 rum,
651 4692 848 4751 [nomen
878 4677 1050 4731 Creta:
1085 4677 1277 4751 insula:
1312 4688 1660 4751 putaverunt.
1712 4677 1955 4751 Denique
1995 4693 2049 4735 et

575 4757 628 4799 et
660 4746 804 4819 Vued.
838 4748 1171 4819 interpretati
1200 4760 1326 4801 sunt
1357 4747 1506 4811 ἔθνος
1531 4749 1804 4819 ὀλέθριον;
1836 4746 1890 4805 et
1917 4751 2044 4816 Th.,

476 4815 627 4880 ἔθνος
675 4815 955 4896 ὀλεθρίαςς
1088 4834 1327 4896 quoque,
1386 4819 1536 4883 ἔθνος
1589 4815 2044 4896 ὀλέθρεθόμενοῂ

476 4901 600 4963 quin
620 4890 798 4938 omnia
834 4890 1447 4963 cuminterpretatione
1475 4899 1657 4963 nostra
1688 4890 1918 4963 faciunt.
1943 4911 1959 4942 ι
1991 4891 2044 4945 In

477 4956 634 5007 editis
666 4964 818 5009 antea
856 4956 1228 5026 legebatur'ad
1270 4959 1517 5028 singulos
1550 4959 1704 5028 γένος
1738 4977 1836 5030 pro
1872 4961 2041 5024 ἔθνος,

2154 4191 2247 4244 sed
2292 4188 2442 4251 ἔθνος
2475 4186 2711 4242 restituit
2763 4185 3131 4248 Martianmus,
3192 4195 3251 4239 ut
3300 4185 3503 4242 habent
3545 4190 3734 4260 optimi

2156 4277 2287 4315 DISS.

2230 4329 2289 4383 V.
2320 4328 2370 4382 6.
2399 4327 2800 4396 Hieronymus:
2841 4345 2859 4376 ι
2888 4325 3151 4390 Rursum,
3191 4326 3281 4381 ubi
3316 4341 3415 4381 nos
3446 4327 3682 4382 diximus
3715 4348 3728 4383 :

2158 4398 2225 4455 Et
2250 4400 2350 4452 erit
2378 4398 2644 4467 funiculus
2689 4397 2849 4467 maris
2884 4398 3083 4467 requies
3114 4408 3419 4464 pastorum,
3457 4406 3512 4451 et
3541 4414 3731 4452 omnes

2156 4473 2482 4536 Interpretes
2513 4467 2639 4520 huic
2668 4466 3008 4536 translationi
3040 4476 3407 4536 congruerunt
3429 4484 3442 4530 ;
3468 4469 3732 4521 scribitur

2157 4540 2209 4593 in
2239 4535 2402 4600 LXX,
2442 4537 2507 4589 Et
2536 4537 2634 4589 erit
2662 4535 2818 4591 Creta
2855 4553 3051 4603 pascua
3092 4538 3265 4606 gregis
3288 4577 3303 4601 ,
3336 4546 3383 4589 et
3417 4535 3546 4588 urile
3574 4553 3730 4605 peco-

2157 4626 2295 4662 rum.
2340 4628 2358 4659 ι
2404 4606 2479 4661 Ita
2529 4607 2895 4676 Hieronymus
2943 4607 3037 4675 qui
3086 4609 3259 4676 magis
3308 4621 3526 4660 sensum
3563 4624 3727 4675 quam

2157 4680 2317 4733 verba
2359 4677 2600 4747 respicit.
2640 4675 2969 4731 Barberinus
2995 4692 3124 4730 vero
3146 4675 3357 4745 Aquilae
3396 4690 3451 4730 et
3478 4676 3729 4746 Symma-

2155 4751 2240 4804 chi
2274 4748 2534 4803 lectiones
2563 4747 2725 4800 habet
2753 4748 2942 4815 qualcs
2968 4747 3272 4800 attulimus.

2230 4817 2413 4873 v.14.
2467 4818 2571 4881 ’A.,
2616 4816 2922 4869 πελεκᾶνοι.
2985 4816 3071 4877 Θ..
3114 4818 3321 4880 κύκνοι,
3375 4814 3721 4870 Barbcrinus.

2154 4886 2280 4943 Haec
2329 4903 2456 4942 vero
2504 4888 2807 4956 respiciunt
2837 4900 3026 4940 vocem
3053 4887 3271 4956 manu
3318 4887 3723 4955 χαμαιλέοντες.

2154 4974 2261 5013 non
2299 4954 2638 5028 sequentem,
2669 4966 2729 5011 ut
2752 4965 2970 5011 notatur
2990 4957 3128 5026 apud
3161 4954 3496 5011 Waltonum.

1648 5164 2077 5227 SOPHONIIE
2127 5161 2383 5226 CAPUT
2441 5162 2552 5223 III.

475 5290 668 5343 nihil:
703 5289 784 5341 ’ῚΠ
826 5283 846 5337 1
926 5284 1001 5350 0',
1033 5279 1142 5357 ὦή
1184 5288 1472 5361 ἐπιφανής.
1534 5291 1791 5355 Ἄλλος,
1838 5291 1959 5344 οὐαὶ
2013 5291 2044 5359 ἡ

477 5380 761 5434 dles-rauca.

470 5482 621 5535 rem
694 5476 751 5529 Σ.
781 5476 1027 5547 ἀνόητος.
1051 5480 1186 5548 θ’,ὴ
1226 5481 1542 5552 περιστερά.

475 5572 667 5625 mnu:
703 5566 735 5619 4
821 5569 898 5621 Ἀ.
936 5569 1257 5637 θαμϐευται.
1282 5572 1356 5635 0',
1382 5572 1839 5643 πνευματοςρύροι.

2227 5290 2277 5343 1.
2317 5286 2450 5343 Heb.
2478 5285 2571 5342 Vae
2602 5285 2828 5341 fmdataz.
2858 5284 3019 5347 LXX,
3066 5284 3111 5339 Ο
3157 5284 3401 5340 illustris.
3434 5286 3599 5349 Alius,
3636 5285 3718 5337 \‘te

2150 5389 2525 5433 contemnens.
2563 5376 2687 5431 Vul.
2712 5376 2806 5432 Va:
2830 5376 3196 5448 provocatrix.

2230 5472 2363 5526 Heb.
2398 5470 2682 5526 columbae.
2718 5467 2775 5522 S.
2810 5469 2991 5523 stulta.
3024 5466 3187 5531 LXX,
3228 5464 3345 5519 Vul.
3378 5466 3651 5521 columba.

2223 5566 2276 5619 ι.
2308 5562 2470 5620 Hebr.
2499 5565 2664 5619 leves.
2689 5562 2754 5616 A.
2782 5571 3079 5631 stupentes.
3107 5556 3271 5624 LXX,
3310 5568 3590 5630 portantes
3614 5555 3715 5626 spi-

2151 5658 2314 5712 ritum
2351 5657 2408 5727 (i.
2435 5672 2479 5711 e.
2509 5656 2700 5726 spiritu
2734 5656 2877 5711 malo
2900 5653 3182 5723 correpti).
3214 5652 3336 5708 Vul.
3370 5651 3580 5709 vesani.
