4032 6200
326 310 459 367 3007
485 305 558 363 bis

324 428 521 517 αὑεῇςὲ
552 429 625 517 AL,
655 430 1034 517 ἐξαναρίζωσις
1061 439 1470 517 αέσῆςηῦιιλωι.

400 497 463 550 ν.
488 499 541 551 8.
574 502 657 564 Σ.,
699 497 921 556 κωλῦών
948 497 1049 560 etc.
1080 497 1471 565 Tlieodoretus.

398 565 462 644 Υ.
497 569 568 644 9.-
605 570 702 644 ξΑη
737 575 1096 644 αὑτὸςγπραῢς
1129 589 1232 631 etc.
1276 580 1384 635 llas
1415 597 1603 635 omnes
1636 582 1894 637 lectiones

328 636 504 691 adfert
531 639 789 706 Origenes
821 643 871 695 in
897 636 1223 702 Mattliatum.

502 711 582 761 10.
726 713 1009 788 Ἐᾷραῖοὲςρ
1055 718 1147 769 καὶ
1182 718 1289 788 ὰπὸ
1323 720 1581 788 ποταμῶν
1634 729 1740 774 etc.
1786 720 1892 775 llas

326 776 590 835 lectiones
617 780 767 835 etTert
802 776 1068 841 Eusebius
1110 788 1162 840 in
1212 776 1517 844 Demonstr.
1546 805 1739 861 evang.
1769 806 1887 860 pag.

1558 326 1927 379 ZACllAerE
1960 322 2191 379 CXPUT
2235 324 2319 376 XI.

1920 916 1989 932 _

3334 316 3471 373 5008
3496 323 3569 375 bis

2004 444 2131 503 458,
2165 452 2228 513 et
2280 442 2331 513 in
2388 440 2633 513 Psalmos
2688 456 2809 511 pag.
2852 443 2974 496 571.
3011 443 3090 512 [ln
3142 442 3452 513 Sym._luco
3476 447 3573 511 τῆς

2002 513 2124 580 γῆς,
2164 510 2348 564 Lamb.
2404 512 2506 564 Bos
2551 510 2665 571 dat,
2691 513 2789 579 τῆς
2819 510 3270 581 οἰκουμένηςᾙ-
3299 511 3460 565 Barb.
3514 510 3569 565 in

2004 618 2175 670 marg.
2212 617 2223 650 :
2263 582 2309 669 ᾗ,
2349 603 2439 653 καὶ
2463 602 2686 671 λαλήσει
2716 604 2938 672 εἰρήνην
2978 606 3035 657 ὲν
3080 603 3275 656 ἔθνεσι.
3310 602 3542 674 Dmcu.]

2072 691 2135 743 γ.
2176 693 2260 744 Π.
2307 692 2524 746 llicron.
2558 711 2571 745 :
2608 712 2627 744 ‹
2665 694 2768 745 Pro
2803 696 2939 757 vino,
2968 695 3108 761 quod
3146 693 3409 747 llcbraice
3439 694 3573 746 dici-

2003 772 2091 815 tur
2130 761 2400 823 TIIIROS,
2426 763 2617 825 Aquila
2647 764 2816 814 oiviav
2850 767 3234 831 interpretatus
3266 773 3346 813 est
3379 781 3391 815 :
3426 764 3571 831 quod

1999 840 2049 885 et
2082 833 2256 895 ipsum
2280 832 2346 884 ad
2386 833 2686 885 ubertatem
2714 833 2997 885 vindemia:
3033 832 3218 885 referri
3246 841 3441 900 potest.
3476 851 3495 880 ι

1473 986 1900 1046 ZACHARl/E
1942 986 2196 1047 CAPUT
2239 986 2317 1046 Χ.

323 1084 458 1133 tam
491 1076 525 1128 4
613 1076 689 1129 Ἀ.
723 1078 1087 1148 εἰσπράσσων.
1115 1083 1191 1144 0',
1223 1082 1543 1147 ἐξελαύνων.

327 1151 638 1225 D’ITET'NL)
670 1177 833 1225 -πιιίω
870 1178 973 1227 ῬΠἸ
1006 1170 1039 1224 6
1111 1173 1168 1226 Σ.
1201 1176 1291 1227 καὶ
1317 1173 1525 1227 ἔσονται
1558 1174 1631 1237 ὡς
1660 1174 1725 1226 ἂν
1748 1174 1796 1225 εἰ
1821 1173 1894 1244 μὴ

326 1256 636 1325 ἀπωσάμην
682 1260 899 1323 αὐτούς.
948 1264 1023 1327 0',
1066 1266 1159 1316 καὶ
1192 1265 1404 1318 ἔσονται
1461 1266 1519 1318 ὃν
1567 1265 1765 1334 τρόπον
1794 1267 1894 1317 οὐκ

325 1344 758 1421 άπεστρεψάμην
788 1352 1002 1416 αὐτούς.

2074 1084 2128 1137 4.
2170 1083 2333 1138 Hebr.
2364 1083 2430 1138 A.
2465 1082 2588 1137 Vni.
2626 1095 2864 1140 exactor.
2900 1084 3062 1149 LXX,
3094 1086 3183 1153 qui
3215 1085 3383 1154 abigit

2073 1173 2125 1228 6.
2170 1174 2232 1227 ll.
2262 1184 2315 1228 et
2339 1185 2495 1230 erunt
2524 1176 2664 1230 sicut
2692 1178 2910 1245 quando
2943 1192 3047 1229 non
3088 1177 3468 1245 elongavieos.
3509 1177 3566 1233 S.

2000 1274 2054 1320 et
2085 1275 2245 1319 erunt
2277 1277 2333 1320 ut
2360 1267 2405 1321 si
2440 1283 2545 1321 non
2578 1268 2896 1341 repulissem
2946 1283 3060 1322 eos.
3112 1266 3274 1333 LXX,
3309 1277 3363 1322 et
3412 1277 3568 1323 erunt

2002 1372 2064 1411 ac
2100 1358 2146 1411 si
2174 1372 2279 1411 non
2321 1360 2637 1413 avertissem
2679 1375 2795 1414 eos.
2840 1357 2964 1412 Vul.
2992 1371 3045 1414 et
3092 1368 3253 1415 erunt
3282 1361 3421 1415 sicut
3450 1360 3567 1416 fue-

2002 1457 2130 1501 runt
2164 1452 2382 1517 quando
2413 1466 2522 1504 non
2552 1452 2882 1519 projeceram
2910 1467 3024 1506 eos.

1114 1558 1291 1617 Notae
1323 1566 1382 1618 et
1420 1558 1608 1619 vat-ire
1641 1558 1947 1620 lectiones
1985 1558 2059 1618 ad
2126 1575 2259 1634 cap.
2292 1563 2351 1619 X
2386 1562 2723 1623 Zzicharim.

399 1648 549 1726 γρᾷ.
577 1649 973 1726 Hieronymus:
1009 1672 1026 1704 ι
1084 1653 1142 1708 ln
1198 1655 1458 1711 Hebraico
1512 1660 1767 1726 scriptum
1808 1668 1889 1712 est

320 1719 572 1787 NOGES,
599 1731 651 1775 et
679 1719 873 1793 Aquila
913 1724 1300 1794 interpretatus
1325 1737 1409 1781 est
1435 1719 1802 1799 εἰσπράσσων.
1840 1747 1858 1779 ο

2070 1656 2133 1711 ν.
2167 1658 2217 1712 6.
2251 1660 2331 1723 Σ.,
2375 1662 2465 1712 καὶ
2498 1661 2709 1716 ἔσονται
2738 1672 2840 1719 etc.
2869 1662 3261 1726 Theodoretus.

1514 1929 1943 1991 ZACHARUE
1985 1935 2240 1995 CAPUT
2287 1938 2400 1996 XI.

322 2008 512 2109 m’vpn
547 2032 647 2080 πω
684 2024 716 2075 7
794 2026 1039 2090 Ἄλλος,
1074 2025 1166 2077 δύο
1209 2026 1500 2089 σκυτάλας.
1547 2030 1623 2091 Ο,’
1667 2027 1758 2081 δύο
1802 2031 1899 2099 ῥά-

326 2117 502 2179 ὁδους.

320 2194 501 2268 cruri
542 2216 723 2293 in.wa
758 2190 926 2268 ’ππκῇ
950 2218 1057 2272 DY:
1096 2215 1279 2295 ἠδτ-πρ
1314 2193 1460 2269 ’τι-τώ
1542 2209 1619 2262 Ἀ.
1642 2210 1739 2281 τὴν
1774 2213 1898 2282 μίαν

324 2299 560 2352 ἐκάλεσα
592 2300 943 2369 εὐπρέπειαν,
971 2300 1061 2352 καὶ
1092 2299 1189 2371 τὴν
1217 2300 1410 2370 ἑτέραν
1436 2301 1670 2353 ἐκάλεσα
1704 2303 1900 2371 σχοξνι-

327 2408 459 2460 σμα.
493 2391 551 2442 Σ.
580 2390 678 2460 τὴν
735 2389 833 2460 μὲν
875 2391 1111 2443 ἐκάλεσα
1142 2391 1494 2460 εὐπρέπειαν,
1546 2392 1645 2462 τὴν
1678 2391 1733 2444 δὲ
1772 2393 1899 2461 μίαν

324 2484 558 2536 ἐκάλεσα
586 2484 892 2553 σχοίνισμα.
926 2486 1000 2545 0',
1027 2483 1124 2551 τὴν
1154 2484 1283 2552 μίαν
1306 2484 1538 2537 ἐκάλεσα
1570 2485 1784 2553 κάλλος,
1805 2486 1899 2539 καὶ

324 2578 422 2646 τὴν
451 2576 645 2643 ἑτέραν
672 2576 905 2629 ἐκάλεσα
930 2576 1234 2646 σχοίνισμα.

324 2764 447 2812 an:
484 2763 621 2814 nam
662 2765 845 2841 13pm
883 2756 914 2811 8
1000 2756 1079 2807 Ἀ.
1122 2756 1217 2809 καὶ
1240 2755 1543 2827 ὲκολοόώθη
1576 2756 1670 2826 (al.
1703 2757 1899 2828 ἐφοϐή-

326 2845 413 2914 θη)
448 2844 650 2915 ἡψυχὴ
698 2864 798 2913 μου
821 2848 905 2898 ἐπ’
930 2846 1141 2909 αὐτούς.
1187 2848 1243 2899 Σ.
1280 2848 1371 2900 καὶ
1404 2848 1791 2917 ὠλιγοψύχησα
1841 2850 1898 2901 ὲν

326 2939 529 2998 αὐτοῖς.
564 2940 639 3000 0',
674 2939 767 2989 καὶ
791 2936 1193 3009 βαρυνθήσεται
1224 2938 1417 3009 quam
1447 2956 1545 3009 μου
1572 2941 1656 2991 ἐπ’
1678 2939 1893 3002 αὐτούς.

327 3026 387 3081 Θ.
423 3029 517 3079 καὶ
539 3027 1007 3100 ὠλιγοψύχησενή
1043 3029 1186 3101 ψυχή
1220 3047 1319 3100 μου
1348 3032 1434 3083 ἐπ’
1467 3030 1682 3094 αὐτούς.

324 3216 385 3267 ’3
418 3190 568 3268 τύπω
604 3214 901 3268 amna-mi
985 3206 1065 3259 Ἀ.
1092 3208 1249 3275 καίγε
1276 3209 1307 3277 ἡ
1341 3207 1486 3278 ψυχὴ
1526 3206 1704 3260 αὐτῶν
1734 3206 1893 3275 ἐπέρ-

325 3318 492 3354 κασεν
516 3304 572 3353 ὲν
594 3299 737 3370 ἐμοὶ.
764 3301 820 3351 Σ.
849 3299 941 3351 καὶ
971 3300 1003 3368 ὴ
1028 3298 1174 3370 ψυχὴ
1196 3300 1375 3352 αὐτῶν
1396 3300 1643 3370 ἤκμασεν
1672 3302 1729 3352 ὲν
1752 3298 1893 3368 ἐμοί.

326 3392 399 3459 ω’,
428 3394 524 3446 καὶ
549 3394 657 3462 γὰρ
690 3394 745 3444 αἱ
776 3389 945 3461 ψυχαὶ
976 3390 1154 3445 αὐτῶν
1184 3390 1493 3465 ἐπωρύοντο
1516 3392 1601 3443 ἐπ’
1631 3390 1753 3461 ἐμέ.

316 3699 430 3749 1m
458 3698 626 3754 1mm
662 3699 890 3751 ενδ-ΠΝ
927 3672 1190 3774 ’ὅρη-ηδε
1226 3698 1368 3775 npm
1408 3689 1471 3743 to
1558 3691 1635 3741 Ἀ.
1664 3690 1755 3742 καὶ
1777 3689 1899 3743 ἕλα-

332 3785 427 3835 6ον
462 3783 559 3851 τὴν
590 3782 779 3852 ῥάϐδον
822 3799 923 3849 μου
956 3783 1053 3851 τὴν
1089 3782 1442 3853 εὐπρέπειαν,
1472 3783 1565 3835 καὶ
1600 3782 1900 3852 περιέκοψα

336 3876 527 3943 αὐτὴν,
579 3877 653 3938 0',
682 3876 774 3928 καὶ
801 3874 1041 3944 λήψομαι
1074 3873 1170 3945 τὴν
1221 3873 1413 3944 ῥάϐδον
1455 3890 1555 3944 μου
1578 3873 1675 3945 τὴν
1706 3874 1895 3943 καλὴν,

336 3967 434 4018 καὶ
461 3966 741 4035 ἀπορρίψω
770 3967 959 4037 αὑτήν.

329 4150 435 4199 ’ΠΝ
469 4150 715 4199 nam
740 4148 882 4225 3mm
914 4148 1022 4205 "33
1055 4141 1116 4195 11
1194 4142 1273 4194 Ἀ.
1294 4142 1499 4211 πτωχοὶ
1528 4142 1621 4195 τοῦ
1650 4143 1898 4210 ποιμνίου

331 4252 437 4304 μου
470 4236 517 4287 οἱ
547 4234 943 4304 φυλασσόμενοί
969 4251 1055 4303 με.
1089 4235 1167 4301 0’,
1202 4235 1249 4287 οἱ
1280 4235 1572 4289 Χαναναῖοι
1600 4236 1667 4289 τὰ
1695 4235 1899 4305 πρόϐα·-

325 4344 398 4381 τά
422 4330 492 4380 τά
521 4327 905 4397 φυλασσόμενά
936 4344 1046 4393 μοι.

326 4518 441 4594 qua
477 4515 681 4566 ww
706 4514 967 4564 mam-na
996 4486 1184 4592 ὺρωνπ
1216 4507 1280 4560 ta
1355 4507 1433 4559 ’A.
1453 4486 1541 4571 οι,
1566 4508 1902 4579 καὶέστησαν

324 4600 421 4652 τὸν
459 4598 649 4666 μισθόν
679 4614 778 4667 μου
809 4597 1105 4669 τριάκοντα
1128 4599 1422 4670 ἀργυροῦς.
1444 4600 1500 4651 Σ.
1533 4599 1901 4669 καὶὲστάθμιο

326 4712 432 4747 σαν
459 4694 551 4747 τὸν
578 4694 765 4762 μισθόν
800 4710 900 4762 μου
932 4692 1222 4763 τριάκοντα
1254 4693 1547 4766 ἀργυροῦς.

323 4797 462 4870 ante
487 4795 631 4870 -φνη
654 4795 768 4843 -ττκ
802 4768 1072 4844 narrt-‘7»:
1107 4770 1345 4845 mrum
1374 4769 1469 4844 ﬁt:
1504 4790 1621 4843 mm
1656 4795 1833 4845 ηωκη

324 4862 560 4939 ενιτῆπῄ
592 4885 754 4962 tmpt
841 4877 920 4930 Ἀ.
948 4879 1042 4931 καὶ
1062 4872 1182 4931 εἷπε
1211 4876 1413 4947 Κύριος
1448 4876 1583 4947 πρὸς
1603 4877 1690 4947 μὲ,
1720 4878 1901 4947 Ῥξψον

326 4971 467 5025 αὐτὰ
495 4969 632 5040 πρὸς
662 4970 751 5022 τὸν
776 4970 1020 5041 πλάστην
1040 4987 1053 5000 ’
1085 4970 1469 5040 ὑπερμεγέθης
1496 4971 1528 5039 ἡ
1551 4968 1685 5039 τιμὴ
1712 4971 1777 5040 ἣν
1803 4970 1909 5023 ἐτι-

330 5063 515 5136 μήϐην
542 5064 632 5114 ὑπ’
656 5062 855 5116 αὐτῶν.
880 5065 957 5128 0’,
989 5062 1081 5115 καὶ
1107 5057 1227 5114 εἷπε
1273 5060 1474 5131 Κύριος
1507 5060 1643 5131 πρὸς
1670 5062 1756 5129 μὲ,
1789 5064 1905 5116 Κά-

327 5156 423 5218 Os;
451 5156 648 5217 αὐτοὺς
674 5156 751 5215 εἰς
782 5154 842 5206 τὸ
877 5154 1262 5223 χωνευτήριον,
1304 5153 1399 5206 καὶ
1424 5150 1697 5223 σκέψομαι
1731 5156 1778 5206 εἰ
1818 5154 1905 5207 δό-

329 5246 495 5314 κιμόν
521 5249 690 5311 ἐστιν,
715 5248 773 5300 ὃν
800 5247 997 5316 τρόπον
1023 5244 1382 5316 ἐδοκιμάσθην
1406 5245 1545 5317 ὑπὲρ
1574 5245 1774 5299 αὐτῶν.

2080 2034 2128 2086 7.
2159 2034 2290 2089 lleb.
2328 2035 2492 2101 LXX,
2526 2035 2647 2091 Vul.
2677 2039 2811 2093 duas
2842 2040 3035 2110 virgas.
3070 2042 3243 2107 Alius,
3284 2042 3419 2099 duas
3451 2057 3570 2113 scy-

2002 2123 2157 2177 lalas.

2072 2213 2206 2268 lleb.
2251 2232 2412 2270 unam
2455 2221 2642 2273 vocavi
2673 2219 2868 2287 Noam,
2904 2233 2959 2277 et
3011 2240 3175 2278 unam
3231 2228 3415 2281 vocavi
3463 2225 3569 2281 Ho-

2000 2306 2189 2362 bclim.
2221 2310 2284 2362 A.
2326 2310 2447 2365 Vul.
2482 2327 2643 2365 unam
2694 2315 2881 2368 vocavi
2928 2316 3200 2381 decorem,
3239 2327 3291 2372 ct
3347 2320 3566 2374 alteram

2002 2399 2190 2451 vocavi
2249 2398 2573 2454 funiculum.
2620 2402 2677 2456 S.
2717 2404 2942 2458 alteram
2984 2407 3203 2474 quidem
3251 2408 3439 2462 vocavi
3478 2409 3577 2463 de-

2001 2504 2205 2551 corem,
2251 2506 2413 2543 unam
2465 2507 2591 2546 vero
2624 2495 2809 2548 vocari
2860 2494 3185 2551 funiculum.
3212 2498 3373 2563 LXX,
3408 2515 3571 2554 unam

2011 2581 2196 2633 vocavi
2239 2582 2718 2652 pulchritudinem,
2769 2596 2820 2641 et
2865 2588 3089 2643 alteram
3137 2592 3323 2645 vocavi
3355 2591 3573 2647 funicu-

2000 2671 2133 2723 lum.

2069 2764 2121 2815 8.
2167 2763 2297 2818 lleb.
2332 2774 2385 2819 et
2412 2766 2723 2821 abbreviata
2750 2780 2832 2824 est
2862 2772 3042 2825 anima
3072 2789 3189 2828 mea
3220 2776 3273 2828 in
3304 2775 3403 2830 eis.
3436 2780 3499 2829 A.
3520 2786 3573 2830 et

1998 2854 2316 2909 abbreviata
2350 2866 2432 2912 est
2465 2859 2561 2927 (al.
2589 2859 2785 2929 timuit)
2820 2863 2999 2917 anima
3050 2881 3164 2919 mea
3201 2867 3251 2920 in
3292 2870 3391 2922 eis.
3428 2869 3485 2922 S.
3518 2879 3574 2923 et

2000 2945 2182 3000 animo
2213 2945 2382 3001 deieci
2410 2948 2460 3001 in
2498 2949 2596 3003 eis.
2634 2950 2794 3014 LXX,
2827 2955 3229 3024 etingravescet
3255 2959 3571 3015 animamea

2000 3051 2166 3103 super
2197 3052 2312 3092 eos.
2347 3037 2445 3092 Th.
2468 3048 2519 3093 et
2540 3040 2725 3094 animo
2750 3041 2950 3096 defecit
2983 3045 3163 3099 anima
3215 3063 3333 3101 mea
3372 3048 3425 3102 in
3471 3051 3570 3104 eis.

2002 3124 2125 3180 Vul.
2156 3136 2210 3182 et
2235 3138 2514 3184 contracta
2542 3140 2624 3185 est
2652 3132 2831 3186 anima
2865 3149 2983 3189 mea
3009 3136 3061 3189 in
3084 3136 3183 3191 eis.

2076 3218 2139 3271 ll.
2179 3228 2231 3274 et
2266 3222 2427 3275 etiam
2462 3223 2644 3276 anima
2678 3239 2866 3278 eorum
2900 3228 3181 3281 nauseavit
3218 3228 3270 3281 in
3302 3230 3488 3284 me.A.
3516 3240 3570 3286 et

2001 3310 2221 3378 quidem
2252 3314 2433 3367 anima
2464 3329 2653 3369 eorum
2688 3317 2953 3370 maturuit
2983 3318 3035 3369 in
3079 3334 3184 3372 me.
3217 3319 3273 3372 S.
3306 3330 3359 3374 et
3388 3323 3569 3377 anima

1998 3417 2188 3457 eorum
2222 3404 2406 3460 ﬂoruit
2429 3408 2481 3460 in
2518 3424 2622 3462 me.
2669 3407 2829 3471 LXX,
2861 3409 3129 3478 siquidem
3168 3419 3222 3463 et
3254 3413 3448 3466 animre
3476 3428 3572 3467 eo-

2001 3510 2120 3549 rum
2150 3498 2437 3567 rugiebant
2468 3516 2631 3569 super
2678 3516 2784 3553 me.
2826 3497 2950 3553 Vul.
3004 3500 3269 3570 siquidem
3304 3512 3358 3557 et
3389 3504 3569 3560 anima

2000 3604 2188 3641 eorum
2228 3592 2458 3645 variavit
2487 3593 2540 3645 in
2570 3608 2673 3647 me.

2072 3682 2160 3736 10.
2204 3681 2270 3736 Η.
2315 3692 2368 3737 et
2420 3686 2516 3737 tuli
2559 3686 2767 3754 virgam
2818 3701 2989 3739 meam
3030 3683 3220 3749 Noam,
3276 3695 3329 3741 et
3362 3688 3569 3743 abscidi

2000 3790 2142 3829 eam.
2172 3779 2235 3829 Α.
2255 3785 2308 3830 et
2326 3777 2509 3845 accepi
2537 3778 2741 3846 virgam
2772 3793 2944 3831 meam
2968 3778 3243 3843 decorem,
3262 3788 3317 3833 et
3336 3780 3567 3834 circum—

2002 3867 2105 3921 cidi
2130 3882 2270 3920 eam.
2299 3866 2461 3932 LXX,
2477 3878 2530 3922 et
2553 3883 2826 3922 assumam
2845 3869 3047 3938 virgam
3066 3884 3243 3924 meam
3266 3870 3567 3939 pulchram,

2003 3966 2056 4012 et
2086 3959 2367 4028 projiciam
2398 3974 2539 4013 eam.
2584 3957 2708 4013 Vul.
2744 3970 2797 4013 et
2835 3961 2931 4014 tuli
2964 3960 3172 4031 virgam
3214 3977 3411 4029 meam,
3448 3978 3569 4032 quae

2004 4052 2299 4104 vocabatur
2331 4049 2517 4114 decor,
2547 4060 2604 4105 et
2637 4050 2841 4104 abscidi
2867 4065 3007 4105 eam.

2077 4142 2163 4195 Η.
2192 4141 2357 4196 Hebr.
2396 4142 2579 4197 amicti
2612 4143 2825 4211 pecoris
2845 4143 3211 4197 custodientes
3236 4158 3341 4198 me.
3359 4143 3424 4198 Α.
3442 4158 3575 4211 pau-

2004 4248 2162 4302 peres
2189 4233 2350 4287 ovilis
2381 4232 2485 4286 mei
2536 4232 2904 4286 custodientes
2932 4246 3035 4285 me.
3084 4228 3246 4295 LXX,
3280 4230 3572 4285 Chanantei

2006 4341 2135 4379 oves
2174 4325 2459 4378 custoditze
2480 4323 2634 4378 milii.
2685 4321 2809 4377 Vul.
2844 4338 3107 4392 pauperes
3148 4322 3325 4393 gregis
3360 4322 3453 4393 qui
3479 4335 3573 4375 cu—

2007 4420 2251 4473 stodiunt
2282 4416 2436 4470 mihi.

2082 4512 2167 4565 12.
2213 4510 2343 4565 lleb.
2377 4510 2435 4564 S.
2459 4508 2579 4565 Vul.
2610 4517 2662 4563 et
2686 4509 3059 4579 appenderunt
3081 4510 3378 4564 mercedem
3399 4522 3573 4561 meam

2011 4606 2227 4675 triginta
2258 4612 2564 4673 argenteos.
2584 4602 2647 4657 A.
2674 4601 2838 4666 LXX,
2861 4612 2914 4655 et
2944 4610 3251 4655 statuerunt
3273 4601 3571 4655 mercedem

2008 4710 2185 4749 meam
2213 4695 2429 4763 triginta
2459 4701 2763 4763 argenteos.

2080 4789 2167 4843 15.
2215 4787 2378 4840 Hebr.
2409 4795 2463 4839 et
2489 4785 2564 4837 ait
2614 4783 2877 4837 Dominus
2910 4782 2976 4835 ad
3033 4795 3120 4836 me
3155 4799 3167 4833 :
3200 4779 3412 4849 Projice
3445 4779 3575 4833 illud

2008 4882 2072 4936 ad
2111 4881 2356 4951 ﬁgulum,
2385 4877 2836 4946 magniﬁcentiam
2872 4873 3078 4943 glorite,
3118 4889 3224 4942 qua
3244 4874 3575 4941 appretiatus

2007 4988 2127 5027 sum
2160 4972 2394 5038 desuper
2425 4970 2523 5023 eis.
2554 4970 2617 5020 A.
2651 4976 2705 5020 ct
2733 4965 2867 5019 dixit
2906 4963 3171 5017 Dominus
3193 4965 3257 5017 ad
3294 4980 3412 5017 me:
3442 4962 3579 5016 Pro-

2002 5064 2112 5134 jice
2143 5079 2205 5117 ea
2262 5064 2326 5115 ad
2372 5060 2632 5131 ﬁgulum;
2681 5057 3105 5125 grandissimum
3150 5057 3414 5125 pretium,
3468 5071 3579 5123 quo

2006 5153 2309 5206 aestimatus
2333 5165 2450 5203 sum
2488 5147 2557 5201 ab
2583 5146 2682 5200 eis.
2719 5144 2882 5207 LXX,
2909 5155 2962 5199 et
2982 5145 3056 5197 ait
3084 5145 3344 5200 Dominus
3369 5145 3433 5199 ad
3458 5162 3576 5199 me:

2005 5245 2225 5313 Depone
2253 5256 2347 5296 eos
2371 5242 2423 5295 in
2455 5238 2831 5295 conﬂatorium
2859 5255 2872 5291 :
2899 5246 2951 5291 et
2981 5238 3355 5299 considerabo,
3384 5239 3431 5293 si
3456 5254 3583 5307 pro-

331 5340 521 5393 batum
546 5349 649 5406 est,
684 5341 824 5395 sicut
844 5342 1101 5411 probatus
1124 5354 1244 5393 sum
1264 5353 1363 5408 pro
1386 5340 1487 5393 eis.
1518 5337 1643 5393 Vul.
1686 5344 1740 5392 et
1785 5341 1922 5395 dixit
1974 5339 2239 5394 Dominus
2302 5335 2368 5389 ad
2406 5348 2491 5387 me
2521 5352 2535 5388 :
2567 5331 2776 5400 Projice
2815 5329 2944 5384 illud
2972 5331 3039 5383 ad
3089 5334 3441 5397 statuarium,
3490 5335 3583 5388 dc-

330 5451 521 5489 corum
562 5436 793 5503 pretium
824 5449 933 5504 quo
962 5437 1294 5504 apprctiatus
1319 5449 1436 5489 sum
1469 5437 1537 5489 ab
1559 5436 1657 5490 eis.

330 5516 609 5592 ’τμη-ΒΝ
645 5542 764 5591 mm
795 5541 899 5592 W3
933 5540 1038 5593 int:
1069 5515 1276 5612 'l’b'tDN'l
1340 5534 1419 5587 ’A.
1446 5534 1540 5586 καὶ
1561 5532 1759 5603 ἔρῤιψα
1782 5532 1913 5585 αὐτὸ

336 5630 394 5681 ὲν
422 5626 554 5696 οἴκῳ
590 5625 794 5696 Κυρίου
831 5624 964 5694 πρὸς
1014 5626 1102 5678 τὸν
1153 5625 1415 5695 πλάστην.
1473 5626 1529 5677 Σ.
1582 5625 1675 5677 καὶ
1710 5624 1911 5698 ἔρριψα

335 5719 471 5773 αὐτὸ
496 5720 575 5781 εις
595 5719 686 5772 τὸν
709 5713 855 5771 οἷκον
888 5718 1091 5787 Κυρίου
1121 5719 1197 5779 εἰς
1226 5717 1284 5770 τὸ
1315 5718 1691 5788 χριινευτῆριον.
1718 5718 1791 5779 0',
1819 5719 1909 5771 καὶ

2084 5528 2245 5582 Hebr.
2300 5526 2366 5581 A.
2410 5533 2463 5580 ct
2510 5522 2715 5593 proieci
2756 5522 2884 5577 illud
2919 5523 2972 5576 in
3006 5523 3225 5577 domum
3273 5524 3484 5579 Domini
3515 5528 3582 5579 ac!

2013 5625 2258 5690 ligulum.
2295 5618 2351 5672 S.
2383 5628 2436 5672 et
2473 5616 2675 5686 projeci
2722 5614 2854 5671 illud
2895 5617 2947 5669 iu
2994 5616 3216 5669 domum
3260 5615 3472 5670 Domini
3523 5610 3575 5664 in

2011 5708 2418 5766 conﬂatorinm.
2454 5706 2614 5769 LXX,
2676 5715 2724 5760 et
2768 5706 2925 5777 inieci
2969 5721 3062 5759 eos
3119 5706 3169 5758 in
3207 5705 3422 5757 domum
3464 5700 3560 5755 Do-
