4032 6200
397 269 538 337 301)

1859 266 2226 329 ORIGENIS

3535 269 3664 334 3020

400 381 748 445 modestiam,
788 397 960 451 neque
992 384 1142 451 pensi
1186 382 1387 436 habere
1420 381 1585 437 Deum
1622 382 1983 452 longanimem

2101 404 2247 439 κειαν
2302 387 2437 457 μηδὲ
2476 388 2517 419 ’³
2563 386 2971 457 λογιζομένους,
3020 386 3097 449 ὡς
3136 385 3269 448 Θεὸς
3328 383 3670 455 μακροθυμεῖ

401 491 524 531 esse
558 474 624 527 ab
665 474 810 541 ipsis
867 475 1107 537 irrisum,
1148 485 1205 527 ιιι
1263 483 1353 528 aut
1407 490 1515 543 prae
1550 476 1753 543 pudore
1802 484 2009 527 mutent.

402 572 663 628 mentem,
713 572 805 615 aut
855 563 901 616 si
952 564 1005 615 in
1066 578 1257 618 errore
1291 564 1612 633 perstabunt
1664 564 1810 633 justc
1846 564 1993 631 judio

404 672 621 720 centur,
695 665 917 709 coactus
988 658 1324 724 progredior,
1397 666 1714 711 ostensurus
1790 672 1989 711 arcana

404 766 591 803 eorum
622 749 899 817 mysteria,
934 764 1051 817 qurc
1098 750 1324 801 initiatis
1372 764 1564 815 magna
1623 765 1744 802 cum
1801 748 1990 801 fiducia

404 843 650 905 tradunt,
684 856 786 893 non
816 842 963 908 prius
991 840 1247 901 confessi.
1275 841 1373 894 nisi
1404 841 1587 907 talem,
1618 840 1705 893 ulti
1734 856 1831 909 per
1863 852 1995 894 tem-

406 950 509 1003 pus
570 934 621 987 in
670 948 933 1001 suspenso
995 946 1216 987 tenuere
1262 934 1817 1002 contumeliosumque
1866 949 1993 1003 erga

408 1043 599 1081 verum
639 1028 802 1080 Deum
838 1027 1138 1091 reddidere,
1176 1028 1228 1081 in
1259 1026 1575 1081 servitutem
1607 1027 1912 1095 redegerint
1939 1036 1992 1081 et

410 1122 705 1191 Cupiditate
748 1120 1065 1190 flagrantem
1107 1124 1496 1192 promissorum
1533 1124 1784 1177 viderint.
1820 1123 1996 1189 Atque

413 1226 523 1267 tum
582 1230 701 1267 cum
757 1216 1096 1283 exploratum
1156 1214 1354 1269 habent
1388 1215 1618 1268 vinculis
1650 1216 1855 1283 peccati
1893 1212 1994 1265 illi-

410 1315 591 1372 gatqu
626 1321 767 1371 esse,
805 1307 1023 1359 initiaut
1059 1306 1357 1374 perfectum
1394 1306 1654 1360 malorum
1694 1307 1990 1372 tradentes,

410 1411 695 1469 postquam
743 1399 1071 1466 juramentis
1102 1400 1408 1466 vinxerunt,
1456 1417 1515 1455 se
1556 1417 1731 1471 neque
1763 1401 1997 1469 evulga—

408 1500 562 1544 turos
620 1506 797 1559 neque
846 1507 969 1544 cum
1024 1492 1266 1560 quolibet
1327 1492 1851 1553 communicaturos,
1891 1492 1994 1545 nisi

411 1584 617 1651 pariter
662 1583 975 1635 servitutem
1033 1582 1244 1650 subeat,
1293 1598 1400 1651 quo
1448 1582 1767 1650 simpliciter
1803 1583 1997 1637 tradito

413 1691 517 1727 non
572 1674 683 1742 jam
729 1675 1096 1744 juramentum
1147 1676 1513 1728 necessarium
1536 1685 1672 1728 erat.
1728 1674 1859 1728 Nam
1904 1674 1994 1743 qui

2096 482 2187 532 ὑπ’
2233 480 2411 534 αὐτῶν
2464 480 2977 551 βλασφημούμενος,
3042 480 3191 540 ὅπως
3239 478 3273 548 ἢ
3331 477 3673 541 αἰδεσθέντες

2098 574 2507 643 μετανοήσωσιν
2563 573 2595 642 ἦ
2650 572 3031 642 ἐπιμείναντες
3112 569 3332 631 δικαίως
3396 570 3668 639 κριθῶσι,

2097 665 2344 735 βιασθεὶς
2369 666 2592 735 πρόειμι
2625 664 2811 730 δείξων
2833 663 3011 716 αὐτῶν
3043 661 3111 713 τὰ
3156 662 3442 730 ἀπόρρητα
3471 661 3675 732 μυστὴ-

2098 775 2207 827 ρια,
2245 757 2279 809 ἃ
2312 760 2421 819 τοῖς
2485 758 2811 826 μυουμένοις
2867 755 3004 824 μετὰ
3062 753 3303 823 μεγάλης
3335 753 3674 816 ἀξιοπιστίας

2097 848 2487 919 παραδιδόασιν
2513 850 2572 900 ού
2603 848 2866 917 πρότερον
2910 847 3367 915 ὁμολογήσαντες,
3404 846 3453 895 εἰ
3494 850 3566 913 μὴ
3614 844 3676 897 τὸ

2095 940 2334 993 τοιοῦτον
2362 940 2735 992 δουλὼσωνται
2759 940 2933 1009 χρόνῳ
2976 939 3018 969 ’⁸
3068 938 3556 1005 ἀνακρεμάσαντες
3586 937 3680 987 καὶ

2099 1032 2419 1102 βλάσφημον
2468 1032 2603 1101 πρὸς
2657 1032 2747 1083 τὸν
2799 1031 2966 1092 ὅντως
3002 1029 3137 1081 Θεὸν
3165 1029 3680 1091 κατασκευάσαντες

2097 1123 2191 1176 καὶ
2218 1125 2508 1195 περιεργίᾳ
2539 1124 2581 1154 ⁸⁸
2610 1124 2930 1192 γλιχόμενον
2978 1120 3078 1189 τῆς
3126 1121 3463 1188 ἐπαγγελίας
3507 1122 3679 1174 ἴδωσι.

2096 1215 2209 1268 Καὶ
2231 1215 2350 1267 τότε
2374 1215 2770 1285 δοκιμάσαντες
2796 1215 3014 1282 δέσμιον
3047 1214 3088 1244 ¹⁶
3113 1211 3249 1265 εἶναι
3283 1216 3379 1281 τῆς
3403 1214 3684 1283 ἁμαρτίας

2101 1307 2294 1376 μυοῦσι
2324 1308 2385 1360 τὸ
2415 1307 2619 1359 τέλειον
2662 1305 2771 1358 τῶν
2830 1307 3017 1358 κακῶν
3051 1305 3462 1373 παραδιδόντες,
3496 1307 3683 1376 ὅρκοις

2096 1399 2358 1467 δήσαντες
2384 1400 2521 1468 μήτε
2558 1399 2597 1429 ⁸⁷
2629 1397 2861 1461 ἐξειπεῖν
2905 1403 3040 1466 μήτε
3070 1396 3148 1467 τῷ
3172 1398 3386 1466 τυχόντι
3417 1398 3684 1467 μεταδοῦ-

2097 1509 2205 1556 ναι,
2237 1494 2283 1544 εί
2335 1490 2409 1561 μὴ
2452 1491 2654 1560 ὁμοίως
2711 1490 3024 1560 δουλωθείη,
3080 1485 3139 1542 οὗ
3177 1491 3335 1559 μόνον
3373 1492 3416 1521 ¹⁸
3448 1492 3687 1560 παραδο-

2100 1580 2302 1642 θέντος,
2333 1582 2433 1632 ούκ
2462 1580 2541 1631 ἔτι
2570 1580 2729 1649 ὅρκος
2760 1580 3053 1646 ἀναγκαῖος
3074 1574 3161 1648 ἦν.
3180 1578 3237 1631 Ὀ
3259 1579 3365 1648 γὰρ
3385 1580 3685 1648 ὑπομείνας

2104 1673 2299 1725 παθεῖν
2323 1672 2364 1702 ¹⁹
2394 1672 2487 1723 καὶ
2519 1671 2854 1742 παραλαϐεῖν
2883 1670 2951 1722 τὰ
2981 1670 3161 1722 τέλεια
3191 1670 3370 1722 αὐτῶν
3406 1672 3686 1740 μυστήρια

411 1768 666 1821 sustinuit
701 1767 809 1837 pati
848 1776 901 1821 et
942 1768 1190 1835 accipere
1221 1768 1458 1836 perfecta
1495 1783 1680 1819 eorum
1718 1769 1994 1837 mysteria,

2106 1766 2306 1824 ἱκανῶς
2337 1765 2381 1794 ²⁰
2410 1764 2557 1830 αύτῷ
2583 1763 2661 1832 τῷ
2707 1762 2852 1833 ἔργῳ
2879 1763 3015 1833 πρός
3048 1780 3106 1814 τε
3137 1764 3235 1832 τὴν
3265 1762 3403 1814 ἰδίαν
3440 1763 3688 1835 συνείδη-

412 1858 544 1913 satis
580 1860 690 1927 ipsa
744 1875 802 1913 re
846 1868 900 1912 et
955 1860 1021 1912 ad
1062 1860 1451 1913 conscientiam
1481 1873 1631 1913 suam
1685 1867 1737 1912 et
1782 1873 1849 1911 ne
1880 1857 1999 1911 aliis

410 1954 603 2019 prodat
646 1952 752 2006 erit
793 1952 1029 2006 vinctus.
1071 1952 1204 2006 Nam
1256 1954 1299 2006 si
1341 1953 1533 2019 prodat
1586 1952 1743 2005 alicui
1795 1949 1998 2005 homini

416 2042 525 2097 tale
552 2042 725 2109 nefas,
757 2058 930 2112 neque
985 2043 1037 2097 in
1092 2044 1403 2097 hominibus
1456 2044 1765 2096 censebitur
1827 2055 2000 2112 neque

416 2136 510 2202 qui
551 2135 725 2191 lucem
760 2145 946 2189 cernat
978 2136 1171 2204 dignus
1208 2136 1512 2201 habebitur,
1554 2136 1596 2188 si
1652 2136 1871 2205 quidem
1929 2136 2011 2191 vel

416 2230 628 2282 ratione
686 2228 929 2283 carentia
986 2228 1090 2281 tale
1141 2226 1293 2281 nefas
1339 2243 1445 2281 non
1500 2237 1788 2291 conantur,
1843 2226 2000 2279 sicuti

412 2321 530 2373 suis
554 2321 684 2373 locis
718 2320 983 2376 dicemus.
1011 2318 1116 2372 Sed
1147 2319 1401 2386 quoniam
1446 2334 1542 2373 nos
1594 2318 1738 2385 cogit
1777 2316 1914 2369 ratio
1946 2318 1999 2369 in

418 2423 669 2475 maguum
727 2408 1051 2475 profundum
1105 2407 1436 2461 narrationis
1481 2408 1833 2470 descendere,
1894 2422 1998 2460 non

418 2499 703 2554 tacendum
744 2500 1094 2565 arbitramur,
1133 2500 1225 2553 sed
1271 2501 1512 2552 omnium
1568 2499 1783 2567 placitis
1816 2500 2002 2567 singu-

418 2591 569 2645 latim
602 2592 871 2645 enarratis
919 2591 1050 2645 nihil
1108 2592 1406 2647 silebimus.
1458 2592 1642 2646 Visum
1678 2601 1854 2645 autem
1892 2601 1999 2654 est,

417 2683 627 2738 etiamsi
658 2686 865 2754 longior
894 2686 999 2738 erit
1023 2700 1226 2748 sermo,
1261 2701 1364 2740 non
1404 2686 1651 2739 deiicere.
1685 2683 1803 2737 Non
1856 2683 1998 2736 enim

417 2775 670 2845 exiguum
709 2777 975 2846 quoddam
1012 2777 1311 2830 subsidium
1351 2778 1475 2829 vitae
1520 2776 1801 2829 hominum
1838 2776 1999 2829 relin-

417 2882 646 2935 quemus
672 2870 737 2921 ad
763 2884 975 2922 errores
1004 2870 1054 2921 in
1094 2881 1367 2936 posterum
1403 2870 1693 2931 cavendus,
1724 2885 1844 2923 cum
1882 2884 1999 2922 ma-

420 2958 619 3011 nifesto
652 2975 839 3011 omnes
864 2960 1123 3012 videbunt
1146 2959 1476 3012 clandestina
1508 2973 1693 3011 eorum
1723 2968 1775 3012 et
1804 2973 1999 3010 arcana

418 3048 595 3117 orgia,
619 3062 736 3114 quae
770 3056 1024 3114 tanquam
1060 3049 1231 3116 promi
1266 3048 1423 3100 coodi
1478 3048 1607 3101 solis
1660 3049 1846 3119 mystis
1889 3057 1999 3101 tra—

420 3138 578 3193 dunt.
630 3138 752 3191 llzec
804 3146 980 3190 autem
1027 3138 1163 3191 alius
1217 3155 1321 3192 non
1358 3138 1615 3193 refutabit
1647 3141 1745 3193 nisi
1800 3139 1889 3209 qui
1949 3142 2001 3192 in

424 3228 664 3282 Ecclesia
721 3228 948 3280 traditur
997 3227 1232 3296 Spiritus
1283 3239 1526 3291 sanctus,
1575 3245 1736 3298 quem
1798 3231 2005 3299 priores

424 3319 565 3373 nacti
596 3318 824 3387 apostoli
858 3318 1273 3387 impertiverunt
1295 3329 1494 3373 rectam
1527 3320 1685 3376 {idem
1723 3322 2003 3390 professis,

423 3424 654 3479 quorum
712 3425 809 3462 nos
863 3409 953 3478 qui
1006 3424 1351 3464 successores
1415 3427 1601 3466 sumus
1657 3422 1711 3467 et
1762 3414 2002 3477 ejusdem

421 3500 613 3569 gratia:
647 3500 939 3569 participes
984 3509 1037 3553 et
1083 3502 1278 3555 summi
1305 3503 1595 3556 sacerdotii
1630 3515 1679 3558 et
1708 3505 2004 3574 magisterii

423 3601 477 3646 et
504 3592 756 3645 custodes
784 3591 1027 3646 ecclesiae
1058 3594 1314 3648 aestimati
1345 3610 1449 3649 non
1476 3597 1631 3649 oculo
1652 3600 2005 3653 eouuivemus

426 3696 600 3751 neque
629 3692 830 3737 rectam
858 3684 1159 3737 doctrinam
1196 3684 1450 3751 silemus;
1478 3686 1616 3757 6-7
1644 3690 1736 3740 sed
1770 3702 1837 3741 ne
1860 3688 2002 3741 omni

423 3774 643 3840 quidem
678 3774 861 3826 animo
896 3785 1057 3841 atque
1089 3790 1316 3844 corpore
1357 3775 1664 3831 laborantes
1725 3779 2005 3833 deficimus

427 3864 587 3931 digna
636 3863 795 3933 digne
817 3863 927 3917 Deo
961 3866 1203 3920 beuetico
1228 3876 1415 3923 nostro
1449 3868 1672 3923 reddere
1705 3871 1910 3934 conati,
1950 3880 2004 3924 ct

424 3968 497 4006 ne
535 3954 611 4006 sic
633 3955 847 4021 quidem
889 3970 985 4023 pro
1014 3959 1206 4011 merito
1238 3971 1665 4023 remunerantes,
1714 3961 1813 4015 nisi
1864 3963 2005 4030 quod

428 4042 484 4095 iu
532 4045 613 4096 eis
664 4058 782 4110 qua:
814 4044 968 4099 nobis
1007 4048 1316 4101 concredita
1376 4058 1501 4101 sunt
1532 4066 1636 4102 non
1669 4050 2002 4113 dcticiamus,

422 4133 520 4185 sed
568 4141 765 4186 nostra:
814 4135 1236 4202 opportunitatis
1287 4138 1501 4189 modum
1556 4139 1897 4206 impleamus,
1953 4151 2005 4195 et

421 4224 684 4293 quidquid
727 4227 981 4291 prmbebit
1025 4238 1244 4281 sanctus
1290 4226 1523 4296 Spiritus
1579 4246 1700 4283 cum
1756 4233 2005 4287 omnibus

419 4314 559 4367 citra
610 4314 865 4368 invidiam
908 4319 1413 4384 coummnicemus;
1453 4335 1557 4372 non
1600 4322 1774 4374 solum
1829 4323 2000 4377 aliena

2106 1871 2188 1906 σιν
2210 1854 2306 1906 καὶ
2342 1854 2476 1925 πρὸς
2508 1854 2568 1905 τὸ
2593 1854 2800 1923 ἑτέροις
2844 1854 2917 1923 μὴ
2942 1854 3176 1918 ἐξειπεῖν
3208 1853 3357 1905 ἔσται
3379 1853 3683 1923 δεδεμένος.

2103 1947 2165 1997 Ei
2199 1946 2307 2016 γὰρ
2343 1946 2545 2010 ἐξείποι
2578 1946 2686 1998 τινὶ
2717 1944 3016 2012 ἀνθρώπων
3036 1945 3093 1997 τὸ
3120 1945 3360 1997 τοιοῦτον
3400 1947 3685 2016 ἀνόμημα,

2102 2039 2223 2091 οὔτε
2260 2041 2316 2091 έν
2346 2038 2653 2107 ἀνθρώποις
2698 2037 3105 2107 λογισθήσεται,
3138 2035 3261 2089 οὔτε
3292 2037 3354 2089 τὸ
3401 2036 3522 2104 φῶς
3554 2038 3682 2108 όρᾷν

2102 2128 2251 2192 ἄξιος
2282 2129 2640 2199 ὴγηθήσεται,
2678 2131 2724 2180 εἰ
2753 2129 2796 2159 ²¹
2828 2128 2920 2181 καὶ
2944 2129 3112 2195 ἄλογα
3144 2128 3272 2180 ὄντα
3297 2129 3543 2181 τοιοῦτον
3568 2128 3690 2181 ἀνό-

2106 2236 2263 2289 μημα
2281 2221 2381 2272 οὐκ
2414 2221 2698 2289 ἐπιχειρεῖ,
2733 2218 2914 2281 καθὼς
2945 2221 2999 2271 ὲν
3028 2219 3140 2280 τοῖς
3186 2218 3373 2281 τόποις
3400 2220 3689 2286 γενόμενοι

2103 2311 2359 2381 ἐροῦμεν.
2388 2311 2528 2362 Ἀλλ’
2556 2312 2677 2363 ἐπεὶ
2723 2311 3022 2378 ἀναγκάζει
3050 2312 3196 2381 ἡμᾶς
3222 2313 3249 2363 ὀ
3283 2312 3443 2379 λόγος
3485 2315 3567 2375 είς
3592 2312 3691 2382 μέ-

2102 2419 2203 2470 γαν
2236 2403 2395 2471 βυθὸν
2424 2403 2733 2473 διηγήσεως
2759 2402 3014 2469 ἐπιϐῆναι
3052 2405 3117 2467 ",
3159 2403 3255 2471 οὐχ
3282 2403 3573 2472 ἡγούμεθα
3606 2419 3688 2455 σι-

2102 2499 2225 2567 γᾷν,
2256 2494 2390 2548 ἀλλὰ
2424 2496 2491 2547 τὰ
2527 2496 2741 2547 πάντων
2774 2494 3021 2563 δόγματα
3061 2495 3199 2548 κατά
3229 2494 3424 2547 λεπτὸν
3459 2495 3690 2565 ἐκθέμε-

2102 2607 2179 2641 νοι
2206 2589 2358 2641 οὐδὲν
2388 2590 2770 2658 σιωπήσομεν.
2824 2590 2979 2639 Δοκεῖ
3009 2588 3087 2649 δε,
3135 2590 3181 2639 εἰ
3212 2588 3309 2639 καὶ
3348 2588 3691 2657 μακρότερος

2103 2680 2254 2732 ἔσται
2281 2680 2458 2748 λόγος,
2502 2680 2574 2749 μὴ
2637 2679 2853 2745 καμεῖν.
2885 2676 3019 2728 Οὐδὲ
3051 2676 3159 2744 γὰρ
3194 2678 3398 2746 μικράν
3420 2694 3545 2729 τινα
3569 2677 3692 2746 βοήο

2103 2772 2254 2825 θειαν
2281 2772 2358 2841 τῷ
2392 2772 2499 2824 τῶν
2537 2768 2835 2839 ἀνθρώπων
2890 2767 2990 2838 βίῳ
3022 2767 3425 2837 καταλείψομεν
3458 2769 3599 2838 προς
3636 2768 3687 2820 τὸ

2107 2863 2303 2932 μηκέτι
2364 2860 2691 2924 πλανᾶσθαι,
2748 2858 2996 2927 φανερῶς
3046 2859 3261 2911 πάντων
3316 2857 3572 2928 δρώντων
3630 2859 3694 2910 τὰ

2102 2954 2307 3023 κρύφια
2333 2952 2509 3004 αὐτῶν
2541 2952 2633 3003 καὶ
2663 2951 2875 3021 ἄρρητα
2906 2951 3086 3021 ¹Βργιοι,
3114 2952 3148 3001 ἂ.
3183 2948 3573 3017 ταμιευόμενοι
3601 2947 3694 3017 μό-

2030 3069 2069 3122 C
2103 3062 2214 3108 νοις
2246 3047 2357 3105 τοῖς
2384 3044 2613 3113 μύσταις
2634 3041 3041 3112 παραδιδόασιν.
3077 3040 3261 3093 Ταῦτα
3296 3039 3349 3092 δὲ
3375 3040 3563 3108 ἔτερος
3584 3040 3687 3091 ούκ

2108 3135 2455 3203 έλὲγξει,ἢίτδ
2493 3137 2549 3186 ὲν
2602 3133 2900 3204 Ἐκκλησία
2934 3132 3240 3201 παραδοθὲν
3273 3130 3680 3198 ἂγιονΠνεύμα,

2106 3222 2166 3281 οὗ
2193 3228 2445 3298 τυχόντες
2491 3226 2744 3297 πρότεροι
2796 3226 2844 3277 οἱ
2899 3224 3187 3279 ἀπόστολοι
3248 3223 3534 3292 μετέδοσαν
3568 3224 3686 3286 τοῖς

2105 3320 2282 3392 ὀρθῶς
2300 3317 2721 3372 πεπιστευκόσιν
2744 3333 2756 3347 ο
2788 3313 2861 3369 ὧν
2885 3318 3043 3386 ἡμεῖς
3066 3315 3299 3383 διάδοχοι
3324 3314 3688 3383 τυγχάνοντες

2105 3412 2203 3481 τῆς
2241 3428 2299 3465 τε
2338 3412 2508 3480 αὐτῆς
2563 3410 2785 3479 χάριτος
2836 3405 3153 3477 μετέχοντες
3205 3404 3597 3474 ἀρχιερατείας
3628 3420 3689 3456 τε

2107 3505 2199 3557 καὶ
2251 3501 2599 3563 διδασκαλίας
2644 3501 2738 3553 καὶ
2773 3497 3002 3569 φρουροὶ
3034 3496 3131 3566 τῆς
3163 3494 3500 3565 Ἑκκλησίας
3537 3495 3693 3548 λελο-

2106 3596 2356 3665 γισμένοι
2396 3597 2495 3647 οὐκ
2539 3592 2803 3661 ὀφθαλμῷ
2858 3590 3195 3659 νυστάζομεν
3227 3588 3309 3653 ³³,
3361 3587 3485 3640 οὐδὲ
3532 3588 3693 3654 λόγον

2106 3691 2266 3761 ὀρθὸν
2294 3691 2340 3721 ’⁸
2364 3688 2677 3757 σιωπῶμεν,
2703 3686 2821 3739 ἀλλ’
2843 3685 2963 3738 οὐδὲ
2990 3686 3139 3755 πάσῃ
3162 3681 3239 3753 [ρ.
3259 3681 3312 3744 ι,
3337 3680 3393 3752 5]
3426 3682 3572 3752 ψυχῇ
3598 3684 3690 3735 καὶ

2110 3780 2321 3851 σώματι
2348 3779 2703 3851 ἐργαζόμενοι
2728 3776 3007 3846 κάμνομεν
3027 3775 3152 3841 ἄξια
3173 3774 3336 3838 ἀξίως
3361 3772 3484 3843 Θεῷ
3507 3774 3586 3843 τῷ
3605 3774 3695 3825 εύ-

2108 3874 2306 3943 εργέτῃ
2328 3871 2736 3925 ἀνταποδιδόναι
2754 3867 3107 3937 πειρώμενοι,
3124 3866 3216 3919 καὶ
3237 3866 3353 3918 οὐδὲ
3370 3866 3549 3928 οὓτως
3567 3881 3667 3918 κατ
3686 3864 3701 3885 ³

2107 3966 2262 4030 ἀξίαν
2304 3962 2759 4033 ἁνταμειϐόμενοι
2785 3962 2850 4024 ³⁵,
2900 3959 3039 4031 πλὴν
3077 3961 3132 4010 ἐν
3162 3953 3242 4019 οἷς
3272 3956 3691 4025 πεπιστεύμεθα

2111 4059 2185 4128 μὴ
2206 4057 2549 4118 ἀτονοῦντες,
2565 4054 2698 4110 ἀλλά
2717 4054 2811 4107 τοῦ
2839 4052 2969 4105 ἰδίου
2993 4051 3185 4121 καιροῦ
3208 4051 3273 4102 τὰ
3304 4051 3479 4118 μέτρα
3502 4051 3691 4101 ἐπιτε-

2107 4150 2343 4213 λοῦντες,
2360 4150 2455 4201 καὶ
2480 4149 2579 4202 ὅσα
2597 4147 2823 4218 παρέξει
2841 4146 2900 4198 τὸ
2923 4146 3073 4212 ἆγιον
3093 4142 3313 4211 Πνεῦμα
3335 4144 3499 4192 πᾶσιν
3521 4139 3692 4207 ἀφθό-

2110 4261 2216 4306 νως
2250 4240 2636 4302 κοινωνοῦντες
2655 4256 2668 4271 ·
2699 4240 2760 4291 οὑ
2807 4237 2965 4308 μόνον
2998 4235 3253 4303 ἀλλότρια
3279 4234 3345 4286 δι’
3388 4233 3612 4300 ἐλέγχου
3643 4231 3689 4262 ⁸⁸

2109 4333 2187 4394 είς
2222 4330 2455 4400 φανερὸν
2481 4330 2525 4359 ’⁷
2562 4328 2803 4395 ἄγοντες,
2842 4324 2976 4378 ἀλλὰ
3016 4324 3109 4375 καὶ
3141 4321 3294 4388 δσαὴ
3325 4319 3552 4388 ἀλήθεια
3581 4315 3687 4368 ὑπὸ

404 4407 993 4462 confutaudotulucem
1026 4408 1383 4476 proferentes,
1428 4414 1520 4465 sed
1550 4413 1709 4465 etiam
1744 4404 1999 4483 quidquid

2108 4422 2204 4491 τῆς
2234 4419 2327 4472 τοῦ
2362 4418 2571 4489 Πατρὸς
2602 4418 2647 4449 ⁸⁸
2697 4419 2917 4487 χάριτος
2960 4411 3354 4485 παραλαϐοῦσα
3375 4407 3688 4479 ἀνθρώποις

421 4496 624 4550 veritas
653 4512 748 4565 per
785 4497 966 4553 Patris
990 4499 1218 4569 gratiam
1251 4510 1531 4571 acceptum
1567 4504 1874 4559 hominibus
1905 4508 2004 4560 mi-

422 4587 687 4653 nistravit,
722 4589 836 4643 haec
876 4600 928 4643 et
962 4606 1055 4657 per
1089 4605 1395 4646 sermonem
1435 4593 1801 4662 signiﬁcantes
1824 4606 1876 4651 et
1906 4612 2000 4665 per

421 4678 633 4733 litteras
662 4682 1014 4737 testificantes
1066 4684 1184 4737 sine
1228 4685 1424 4740 rubore
1477 4688 1850 4755 praedicamus.
1882 4688 1999 4756 Quo

419 4770 608 4839 igitur,
639 4773 779 4827 sicut
814 4789 971 4843 supra
998 4777 1256 4843 diximus,
1285 4778 1475 4833 atheos
1502 4779 1621 4834 illos
1654 4783 1999 4838 ostendamus

419 4873 476 4914 et
501 4864 565 4917 ad
598 4867 919 4920 sententiam
946 4877 998 4921 et
1030 4870 1096 4921 ad
1126 4885 1304 4924 mores
1338 4880 1393 4924 et
1436 4871 1501 4925 ad
1534 4886 1719 4940 opera,
1750 4881 1803 4926 et
1858 4874 1997 4930 unde

422 4962 650 5009 conatus
689 4972 876 5012 eorum
903 4958 1128 5026 profecti
1182 4963 1311 5025 sint,
1364 4977 1462 5017 nec
1490 4964 1779 5033 quidquam
1807 4982 1901 5022 eos
1930 4983 1992 5022 ex

2111 4511 2420 4581 διηκόνησε,
2453 4508 2626 4561 ταῦτα
2673 4508 2767 4561 καὶ
2812 4508 2897 4559 διὰ
2950 4506 3113 4573 λόγου
3157 4502 3543 4573 σημειούμενοι
3590 4501 3691 4553 καὶ

2106 4601 2194 4655 διὰ
2236 4599 2581 4670 γραμμάτων
2635 4598 2967 4667 ὲμμάρτυρα
3000 4594 3314 4662 ποιούμενοι
3353 4594 3397 4623 ⁸⁸
3452 4594 3679 4645 ἀνεπαι-

2108 4691 2351 4762 σχύντως
2383 4688 2755 4763 κηρύσσομεν.
2782 4689 2900 4742 Ἵνα
2947 4683 3060 4748 οὖν,
3094 4684 3275 4748 καθὼς
3306 4684 3611 4752 φθάσαντες
3636 4680 3680 4711 ³⁸

2106 4785 2351 4853 εἴπομεν,
2388 4782 2578 4843 ἀθέους
2626 4781 2819 4841 αὐτοὺς
2848 4780 3201 4849 ἐπιδείξωμεν
3241 4779 3335 4831 καὶ
3373 4776 3513 4829 κατὰ
3541 4774 3674 4843 γνὼ-

2110 4894 2217 4946 μην
2254 4877 2347 4928 καὶ
2399 4874 2538 4927 κατὰ
2584 4873 2785 4943 τρόπον
2825 4872 2918 4925 καὶ
2976 4871 3116 4924 κατὰ
3162 4870 3343 4941 ἔργον,
3373 4868 3498 4921 ὅθεν
3526 4884 3585 4919 τε
3612 4867 3677 4919 τὰ

2104 4969 2509 5038 ἐπιχειρήματα
2567 4967 2749 5028 αὐτοῖς
2797 4964 3110 5033 γεγένηται,
3164 4965 3259 5016 καὶ
3301 4964 3384 5015 δτι
3427 4961 3594 5031 μηθὲν
3620 4958 3675 5025 ἐξ

1663 5140 1891 5198 ἾΛΒΙΛΕ
1925 5144 2332 5201 LECTIONES.

487 5250 701 5329 "M15
738 5253 915 5329 νιιιϐοε
997 5256 1251 5329 ίὶχρόγον
1278 5259 1339 5314 L-

422 5318 464 5391 f
498 5318 637 5389 μήτε
679 5321 719 5374 ι
752 5338 768 5378 :
828 5318 976 5378 τοίτε
1150 5328 1213 5382 Ο.

414 5389 456 5442 Τ
486 5406 501 5446 :
547 5391 705 5444 ἱκανὰ
738 5392 802 5447 Ο.

1453 5261 1494 5333 ξ’
1528 5262 1824 5333 περιεργίᾳ
1858 5261 1902 5315 Τ

1323 5331 1366 5362 ⁸⁸
1402 5332 1565 5397 μόνον

879 5397 923 5428 ⁸⁸
953 5397 1002 5449 εί
1036 5396 1316 5466 Roeperus
1346 5420 1359 5455 :
1400 5396 1436 5453 ἀ
1485 5402 1641 5469 vulgo

1950 5281 1963 5316 :
2002 5268 2323 5335 περιεργείᾳ
2349 5263 2409 5330 Β,
2442 5268 2482 5317 0
2517 5282 2529 5317 :
2560 5265 2877 5333 περιεργίαν
2907 5262 3160 5319 Wolfius.

1643 5348 1869 5403 oepctus
1916 5350 1930 5385 :
1968 5335 2129 5403 μόνου
2162 5337 2339 5403 vulgo.

1691 5418 1703 5452 :
1746 5402 1827 5455 ὅτι
1870 5402 2207 5457 Saucroftus.

3247 5265 3290 5295 ³⁸
3318 5262 3571 5329 δεόμενον
3613 5259 3672 5312 ι..

3325 5333 3369 5362 ²⁰
3400 5333 3584 5385 ἱκανὸν
3617 5331 3673 5389 ll,

2420 5336 2461 5367 "
2492 5336 2703 5388 παθεῖν.
2735 5336 2927 5404 μαθεῖν
2952 5335 3246 5397 Roeperus.
3325 5335 3369 5362 ²⁰
3400 5335 3584 5385 ἱκανὸν
3617 5335 3647 5381 ll

2420 5406 2600 5451 ιϐἰναι
2629 5405 2707 5451 vel
2742 5407 3008 5451 ἀναϐῆναι
3046 5406 3339 5451 Rhenanis-
3418 5403 3464 5435 ⁸³
3480 5401 3647 5451 word

3480 5420 3540 5454 νυ
3549 5418 3676 5452 σταο

2301 5406 2344 5437 ¹¹
2366 5406 2600 5475 ἐμϐῆναι
2629 5405 2707 5460 vel
2742 5407 3008 5474 ἀναϐῆναι
3046 5406 3339 5471 Rocperus.

414 5457 583 5546 ζομεξι³
600 5460 907 5546 'Rit-hterns:
926 5457 1263 5546 νυστάξομεν
1290 5472 1465 5546 vulgo.
1491 5542 1510 5546 _
1530 5457 1954 5546 ’ἀλόγῳ-ὀρθὸν
1985 5474 2053 5528 B:
2077 5475 2234 5541 λόγου
2266 5457 2425 5544 ὄρους
2452 5457 2516 5538 θ’,
2621 5457 2645 5530 ιν
2668 5457 2827 5546 λόγου
2857 5457 3085 5546 ὀργάνῳί
3110 5457 3406 5546 lluuperus.
3482 5474 3527 5503 "
3554 5474 3677 5546 ἅντε

416 5530 773 5599 αμειὸόμενοι
836 5530 1151 5591 Sancroltus

413 5601 586 5677 φορὰν
627 5601 688 5655 Τ.
770 5604 817 5677 ’ξ
837 5601 931 5657 τοῦ
967 5607 1283 5677 Πνεύματος
1314 5612 1375 5663 Τ.

1206 5561 1217 5594 :
1278 5541 1696 5615 ἀναμειδόμενοι
1756 5541 2058 5615 Gronovius
2092 5541 2483 5615 ιάμειῦόμενοι
2517 5546 2575 5608 Β,
2608 5548 2670 5607 0,
2704 5541 2768 5600 Τ.

1454 5614 1498 5643 ²⁹
1537 5614 1865 5683 ὲμμάρτυρα
1898 5613 2211 5683 ποιούμενοι
2242 5613 2555 5669 Saneroftus
2596 5634 2608 5668 :

413 5669 971 5747 ἐμμαρτυρησάμενοι
1015 5669 1194 5732 Morus
1228 5669 1297 5733 cf.
1337 5669 1632 5749 lioepcrtim
1670 5669 1720 5749 ρ’.
1751 5669 1852 5738 Siti
1885 5699 1967 5754 Sq,
2048 5669 2093 5717 ἑο
2122 5684 2369 5755 καθάπερ
2400 5686 2626 5754 φθάντες
2657 5669 2718 5739 ἰ).

2873 5540 3168 5616 "Var-{xcv
3195 5540 3258 5598 Ε.
3365 5545 3408 5575 ³⁷
3441 5540 3674 5616 φανερὸν

2658 5616 2988 5689 ξμμάρτυρα
3039 5614 3422 5687 σημειούμενοι
3472 5614 3629 5684 vulgo
3654 5626 3668 5663 :
