4032 6200
313 279 457 347 3033

1437 284 1732 344 CONTRA
1771 271 2137 341 HERESES
2176 276 2320 336 LIB.
2356 271 2405 337 Ι.

3433 274 3571 338 3034

312 398 375 449 τὸ
416 394 578 464 ξηρὸν
615 397 710 447 καὶ
740 395 798 447 τὸ
847 396 1047 463 κοῦφον
1076 395 1153 456 εἰς
1208 393 1266 447 τὸ
1299 395 1487 464 πρόσω
1540 394 1635 448 τοῦ
1676 394 1894 462 αἰθέρος

2000 389 2234 444 calidum
2269 398 2321 441 et
2364 386 2568 442 clarum
2618 392 2670 439 et
2716 385 2924 440 aridum
2973 393 3026 441 et
3070 385 3184 441 leve
3220 385 3271 439 in
3320 385 3569 441 ulteriora

310 486 575 557 ὁρμῆσαι.
608 485 719 556 Τὴν
753 485 809 538 δέ
863 486 968 555 γῆν
1007 486 1086 555 τῷ
1142 485 1379 556 σχήματι
1423 484 1689 538 πλατεῖαν
1747 480 1891 537 εἶναι

314 577 411 631 καὶ
458 573 640 644 μένειν
693 576 965 645 μετέωρον
1026 575 1111 628 διά
1149 574 1210 627 τὺ
1271 574 1502 644 μέγεθος
1553 576 1649 629 καὶ
1692 574 1780 628 διὰ
1833 575 1894 627 τὸ

316 665 487 736 μηδὲν
517 659 657 716 εἶναι
699 665 851 717 κενδν
876 665 969 717 καὶ
989 663 1077 717 διὰ
1125 663 1186 717 τὸ
1229 665 1318 718 τὸν
1364 664 1499 735 ἀέρα
1534 665 1892 736 ίσχυρότατον

311 758 445 809 ὄντα
480 753 667 824 φέρειν
723 753 1090 823 ἐποχουμένην
1145 752 1242 823 τὴν
1291 755 1413 823 γῆν.
1451 752 1571 805 Τῶν
1598 752 1639 805 δ’
1673 754 1763 805 ἐπὶ
1787 754 1891 824 γῆς

312 846 498 917 ὑγρῶν
539 845 638 915 τὴν
685 845 783 913 μὲν
850 845 1123 898 θάλασσαν
1153 845 1412 914 ὑπάρξαι,
1441 846 1508 898 τά
1551 862 1609 897 τε
1646 846 1703 897 ἐν
1748 846 1885 916 αὑτῇ

312 934 485 990 ὕδατα
538 936 936 1002 ἐξατμισθέντα
970 937 1127 990 ³⁸η...
1175 937 1485 989 ὑποστάντα
1512 935 1684 999 οὕτως
1724 952 1885 1004 γεγο-

309 1025 461 1081 νέναι
499 1027 593 1077 καὶ
619 1025 727 1077 ἀπὸ
748 1024 855 1077 τῶν
900 1025 1396 1096 καταρρευσάντων
1444 1024 1722 1092 ποταμῶν.
1753 1025 1891 1087 Τοὺς

309 1116 371 1170 δὲ
409 1116 687 1186 ποταμοὺς
734 1117 828 1168 καὶ
870 1117 979 1168 ἀπὸ
1026 1116 1133 1168 τῶν
1196 1116 1416 1186 δμὸρων
1461 1115 1761 1185 λαμϐάνειν
1790 1116 1890 1187 τὴν

312 1209 615 1263 ὑπόστασιν
664 1208 757 1261 καὶ
810 1210 868 1275 ἐξ
906 1210 1113 1262 ὑδάτων
1141 1208 1185 1239 ³⁷
1230 1208 1338 1261 τῶν
1372 1210 1429 1260 ἐν
1481 1210 1546 1278 τῇ
1598 1211 1689 1279 γῇ.
1730 1204 1887 1262 Εῐναι

314 1298 425 1368 γὰρ
453 1298 625 1367 αὑτὴν
648 1297 725 1369 [ρ.
767 1298 854 1359 14,
885 1298 949 1352 15
978 1297 997 1370 ]
1028 1299 1212 1368 κοίλην
1239 1299 1330 1351 καὶ
1366 1297 1509 1367 ἔχειν
1533 1297 1674 1371 ὕδωρ
1706 1301 1891 1363 ἐντοῖς

314 1389 668 1459 κοιλώμασιν.
703 1390 805 1442 Τὸν
841 1389 900 1441 δὲ
929 1389 1118 1442 Νεῖλον
1148 1389 1406 1454 αὑξεσθαι
1454 1392 1595 1443 κατὰ
1633 1392 1694 1442 τὸ
1734 1389 1891 1460 Θέρος

315 1479 778 1549 καταφερομένων
807 1481 886 1542 είς
933 1479 1094 1531 αὑτὸν
1133 1478 1340 1532 ὑδάτων
1389 1479 1498 1532 ἀπὸ
1521 1478 1629 1531 τῶν
1681 1482 1739 1532 ἐν
1772 1482 1884 1541 τοῖς

314 1570 647 1633 ἀντοίκοις³⁸
713 1573 927 1640 χιόνων.
983 1571 1170 1624 ’Ἥλιον
1221 1570 1280 1623 δέ
1328 1570 1422 1624 καὶ
1492 1570 1720 1640 σελήνην
1793 1570 1890 1623 καὶ

314 1662 495 1717 πάντα
551 1661 621 1713 τὰ
680 1662 857 1731 ἄστρα
923 1661 1107 1724 λίθους
1159 1658 1299 1714 εἶναι
1369 1659 1648 1730 ἐμπύρους
1678 1678 1887 1731 συμπε-

1994 477 2221 535 aetheris
2278 475 2392 533 nisa
2440 493 2579 536 esse.
2635 476 2859 532 Terram
2906 486 3084 532 autem
3140 478 3309 547 llgura
3360 476 3572 545 planam

1991 589 2111 629 esse
2162 582 2215 626 et
2266 587 2485 627 manere
2528 571 2812 641 pendulam
2866 580 3087 639 prepter
3124 569 3569 639 magnitudinem,

1992 672 2048 719 et
2076 672 2369 732 propterea
2412 664 2556 731 quod
2590 661 2793 715 nullum
2821 661 2964 716 adsit
2998 662 3158 715 inane
3200 668 3255 714 et
3297 661 3423 728 quia
3456 674 3572 728 aer,

1994 755 2087 824 qui
2114 755 2181 809 sit
2208 755 2638 819 robustissimus,
2662 753 2801 807 ferat
2829 754 3100 808 invectam
3129 764 3350 807 terram.
3383 752 3572 805 Humi-

1993 847 2181 901 dorum
2234 856 2410 899 autem
2477 846 2528 899 in
2593 856 2733 900 terra
2781 850 3011 914 primmn
3074 861 3225 899 mare
3294 845 3573 900 exstitisse

1993 952 2265 1006 aquasque
2294 938 2344 990 in
2374 952 2438 991 eo
2468 938 2899 992 exsiccatas..."
2938 938 3250 991 substitisse
3284 947 3336 989 et
3366 938 3442 991 sic
3473 953 3571 990 na-

1993 1037 2105 1081 tum
2139 1041 2260 1080 esse
2287 1035 2339 1079 et
2367 1026 2433 1079 ab
2466 1026 2719 1080 amnibus
2754 1025 2846 1094 qui
2884 1025 2939 1078 in
2986 1026 3037 1077 id
3064 1023 3404 1078 deduxerint.
3440 1025 3571 1075 Am-

1993 1135 2089 1174 nes
2125 1129 2303 1173 autem
2348 1129 2401 1173 et
2440 1122 2507 1173 ab
2561 1118 2822 1172 imbribus
2858 1119 3109 1187 accipere
3161 1116 3570 1171 subsistentiam

1992 1210 2250 1281 22—23
2282 1219 2336 1264 et
2370 1226 2433 1264 ex
2472 1211 2627 1278 aquis
2668 1211 2718 1263 in
2758 1219 2942 1277 terra;
2988 1224 3107 1263 esse
3144 1210 3285 1262 enim
3325 1223 3443 1262 eam
3474 1222 3568 1260 ca-

1991 1319 2112 1357 vam
2146 1312 2198 1357 ct
2229 1303 2511 1357 continere
2539 1316 2732 1369 aquam
2770 1302 2822 1355 in
2853 1302 3121 1356 cavernis.
3165 1300 3341 1354 Nilum
3384 1307 3563 1353 autem

1992 1408 2284 1462 augescere
2340 1409 2435 1461 per
2485 1402 2753 1457 mstatem,
2809 1409 2930 1446 cum
2981 1392 3296 1445 deferantur
3343 1390 3396 1443 in
3446 1405 3569 1443 eum

1992 1498 2151 1551 aqua:
2178 1498 2207 1536 a
2238 1483 2451 1537 nivibus
2484 1486 2623 1551 apud
2655 1494 2933 1540 anteocos.
2975 1482 3153 1536 Solem
3196 1492 3375 1535 autem
3407 1490 3461 1535 et
3492 1481 3572 1533 lu-

1994 1589 2117 1630 nam
2146 1588 2444 1641 omnesque
2471 1575 2656 1627 stellas
2689 1574 2895 1642 lapides
2935 1590 3055 1629 esse
3096 1576 3293 1644 iguitos
3334 1575 3569 1629 circum-

1993 1666 2208 1721 volutos
2232 1680 2336 1719 una
2367 1666 2434 1719 ab
2455 1666 2675 1719 aetheris
2707 1668 2991 1720 rotatione.
3023 1666 3155 1720 Esse
3182 1677 3360 1721 autem
3384 1666 3570 1720 subter

322 1752 685 1824 ριληφθέντας
740 1753 845 1805 ὑπὸ
895 1753 994 1822 τῆς
1026 1752 1070 1784 ³³
1111 1751 1327 1822 αίθέρος
1369 1752 1692 1821 περιφορᾶς.
1737 1746 1886 1803 Εἶναι

1996 1759 2177 1814 Stellas
2212 1758 2379 1812 solem
2411 1766 2465 1810 et
2492 1756 2672 1809 lunam
2702 1766 2757 1809 et
2795 1772 3023 1824 corpora
3053 1759 3297 1825 qumdam
3327 1774 3428 1810 una
3460 1758 3569 1810 clr-

314 1846 359 1897 6‘
415 1845 674 1898 ὑποκάτω
735 1844 842 1897 τῶν
904 1845 1121 1915 ἄστρων
1172 1844 1324 1915 ἥλιον
1377 1843 1472 1896 καὶ
1531 1843 1764 1913 σελήνην
1820 1844 1889 1905 ⁸ος

317 1938 411 1989 καὶ
444 1936 671 2006 σώματά
691 1934 734 1966 ⁸⁸
778 1953 898 1989 τινα
949 1935 1471 2005 συμπεριφερόμενα
1509 1936 1642 2004 ἡμῖν
1680 1934 1892 2005 ἀόρατα

315 2028 413 2096 τῆς
443 2028 499 2080 δὲ
529 2027 863 2100 θερμότητος
898 2028 971 2096 μὴ
1022 2027 1379 2080 αἰσθάνεσθαι
1420 2026 1529 2079 τῶν
1562 2027 1776 2097 ἄστρων
1806 2025 1894 2079 διὰ

315 2119 375 2171 τὸ
398 2119 617 2188 μακρὰν
647 2115 785 2171 εἶναι
823 2116 943 2191 [καὶ⁵
969 2117 1077 2191 διὰ]
1099 2118 1144 2151 δ’
1177 2119 1274 2189 τὴν
1298 2119 1603 2173 ἀπόστασιν
1638 2120 1738 2188 τῆς
1766 2121 1891 2189 γῆς’

314 2206 396 2259 ἔτι
426 2206 485 2260 δὲ
517 2207 615 2277 οὑχ
638 2208 838 2277 ὁμοίως
859 2208 1036 2279 Θερμά
1061 2209 1138 2278 τῷ
1171 2209 1309 2278 ἡλίῳ
1332 2209 1418 2263 διὰ
1452 2209 1512 2261 τὸ
1534 2208 1719 2279 χώραν
1750 2209 1894 2279 ἔχειν

316 2302 680 2372 ψυχροτέραν.
738 2297 893 2354 Εἶναι
948 2302 1005 2355 δὲ
1050 2302 1149 2372 τὴν
1198 2300 1429 2373 σελήνην
1460 2300 1754 2371 κατωτέρω
1802 2299 1895 2353 τοῦ

315 2395 466 2461 ἡλίου
500 2390 873 2462 πλησιὼτερον
932 2391 1110 2462 ἡμῶν.
1154 2391 1476 2461 ’Υπερέχειν
1521 2391 1578 2443 δὲ
1627 2390 1716 2443 τὸν
1744 2391 1895 2460 ἥλιον

319 2484 537 2554 μεγέθει
572 2484 669 2555 τὴν
714 2482 1143 2552 Πελοπόννησον.
1173 2483 1245 2536 Τὸ
1274 2482 1330 2535 δὲ
1382 2483 1498 2551 φῶς
1531 2483 1628 2551 τὴν
1664 2482 1896 2552 σελήνην

321 2577 395 2647 μὴ
456 2578 586 2630 [διον
636 2577 803 2647 ἔχειν,
864 2576 980 2630 ἀλλ’
1009 2576 1115 2629 ἀπὸ
1166 2575 1262 2628 τοῦ
1316 2574 1492 2645 ἡλίου.
1544 2574 1654 2643 Τὴν
1694 2574 1750 2627 δέ
1786 2575 1894 2627 τῶν

314 2669 533 2738 ἄστρων
577 2668 878 2739 περιφορὰν
931 2667 1035 2720 ὑπὸ
1064 2666 1169 2735 γῆν
1195 2665 1464 2734 γίνεσθαι,
1499 2665 1806 2718 Ἐκλείπειν
1839 2665 1895 2717 δὲ

314 2759 412 2830 τὴν
441 2759 670 2830 σελήνην
694 2759 795 2828 γῆς
830 2758 1321 2829 ἀντιφραττούσης,
1374 2757 1544 2810 ἐνίοτε
1576 2755 1631 2809 δέ
1658 2756 1751 2808 καὶ
1789 2755 1897 2809 τῶν

316 2851 576 2905 ὑποκάτω
596 2854 695 2921 τῆς
747 2850 995 2921 σελήνης,
1020 2850 1110 2903 τὸν
1139 2850 1193 2903 δὲ
1247 2849 1397 2919 ἥλιον
1428 2852 1546 2911 ταῖς
1576 2848 1896 2917 νουμηνίαις

317 2940 550 3008 σελήνης
591 2940 1078 3009 ἀντιφραττούσης.
1117 2938 1337 3007 Τροπάς
1382 2936 1440 2989 δὲ
1486 2936 1754 2989 ποιείσυαι
1804 2936 1899 2993 καλ

315 3028 465 3098 ἥλιον
520 3028 616 3081 καὶ
674 3027 903 3097 σελήνην
958 3026 1381 3095 ἀπωθουμένους
1406 3024 1510 3077 ὑπὸ
1558 3024 1652 3077 τοῦ
1703 3023 1893 3094 ἀέρος..

314 3086 555 3193 έελήνην
576 3119 633 3172 δὲ
668 3086 926 3181 πολλάκις
960 3086 1260 3187 τρέπεσόαι
1296 3086 1476 3174 διάγτὸ
1522 3115 1596 3186 μὴ
1627 3086 1891 3169 δύνασθαι
1923 3086 1964 3143 C

315 3215 539 3284 κρατεῖν
564 3211 657 3263 τοῦ
690 3208 921 3279 ψυχροῦ.
954 3203 1119 3271 Οὗτος
1146 3206 1391 3277 ἀφώρισε
1424 3207 1640 3277 πρῶτος
1666 3207 1735 3259 τὰ
1765 3208 1894 3277 περὶ

314 3306 410 3367 τὰς
456 3303 729 3371 ἐκλείψεις
765 3302 859 3357 καὶ
897 3299 1230 3369 φωτισμούς.
1263 3299 1407 3367 Ἔφη
1440 3298 1496 3349 δὲ
1520 3299 1718 3367 γηῒνην
1750 3293 1892 3351 εἶναι

314 3397 410 3465 τὴν
445 3396 691 3465 σελήνην
712 3393 856 3462 ἔχειν
886 3408 945 3444 τε
994 3392 1052 3443 ἐν
1083 3390 1219 3460 αὑτῇ
1266 3388 1425 3440 πεδία
1454 3388 1550 3440 καὶ
1575 3390 1889 3458 φάραγγας.

315 3488 417 3546 Ἰζὸν
459 3487 516 3540 δὲ
544 3488 590 3518 ’⁸³
622 3484 885 3553 γαλαξίαν
922 3482 1219 3537 ἀνάκλασιν
1266 3477 1405 3533 εἶναι
1446 3479 1541 3532 τοῦ
1581 3479 1759 3548 φωτὸς
1786 3479 1895 3532 τῶν

314 3580 531 3649 ἄστρων
560 3577 669 3629 τῶν
695 3576 771 3646 μὴ
801 3571 1369 3643 καταλαμδανομένων
1402 3571 1448 3601 ’⁸⁸
1470 3571 1575 3623 ὑπὸ
1602 3569 1696 3622 τοῦ
1719 3570 1893 3640 ήλίου.

314 3669 454 3730 Τοὺς
504 3668 560 3720 δέ
633 3667 1057 3737 μεταϐαίνοντας
1110 3664 1348 3734 ἀστέρας
1411 3662 1543 3715 ὡσεὶ
1594 3662 1895 3732 σπινθῆρας

316 3762 727 3831 ἀφαλλομένους
761 3758 1014 3828 γίνεσθαι
1036 3759 1100 3811 ἐκ
1140 3756 1237 3826 τῆς
1272 3756 1542 3824 κινήσεως
1570 3753 1664 3805 τοὺ
1699 3753 1885 3808 πόλου.

333 3855 593 3923 Ἀνέμους
624 3854 677 3906 δὲ
721 3851 965 3921 γίνεσθαι
1024 3849 1426 3916 λεπτυνομένου
1463 3845 1556 3899 τοῦ
1598 3845 1758 3917 ἀέρος
1790 3844 1895 3898 ὑπὸ

316 3944 415 4004 τοῦ
469 3944 618 4014 ήλέου
669 3944 760 3998 κα)⁵
816 3944 923 3997 τῶν
977 3940 1349 4010 ἐκκαιομένων
1410 3939 1544 4006 πρὸς
1593 3938 1683 3991 τὸν
1735 3938 1895 3992 πόλον

317 4035 748 4107 ὑποχωρούντων
788 4035 880 4087 καὶ
910 4032 1359 4102 ἀποφερομένων.
1397 4030 1633 4100 Βροντάς
1656 4029 1711 4082 δὲ
1736 4029 1780 4061 ’⁵⁵
1805 4032 1897 4084 καὶ

318 4126 610 4197 ἀστραπὰς
647 4124 751 4177 ἀπὸ
782 4123 986 4194 θερμοῦ
1047 4122 1292 4191 γίνεσθαι
1324 4122 1689 4191 ἐμπίπτοντος
1720 4124 1799 4184 είς
1830 4122 1899 4175 τὰ

318 4218 481 4287 νέφη.
514 4218 781 4286 Σεισμοὺς
839 4216 894 4269 δὲ
932 4214 1176 4284 γίνεσθαι
1227 4213 1319 4266 τοῦ
1375 4212 1580 4266 ἄνωθεν
1609 4214 1771 4283 ἀέρος
1818 4216 1896 4276 είς

316 4309 406 4361 τὸν
434 4308 541 4362 ὑπὸ
570 4309 672 4377 γῆν
699 4309 1060 4378 ἐμπίπτοντος
1084 4306 1149 4339 ⁸⁸·
1199 4306 1390 4358 τούτου
1420 4305 1527 4375 γὰρ
1578 4305 1895 4376 κινουμένου

319 4402 412 4456 καὶ
442 4399 538 4471 τὴν
583 4399 883 4469 ὀχουμένην
913 4400 1015 4467 γῆν
1049 4396 1140 4450 ὑπ’
1168 4394 1332 4450 αὑτοῦ
1382 4393 1728 4448 σαλεύεσθαι.
1770 4396 1893 4449 Ζῶα

317 4492 373 4545 δὲ
403 4493 504 4562 τὴν
535 4492 632 4559 μὲν
656 4492 828 4561 ἀρχὴν
860 4492 916 4543 ἐν
971 4488 1124 4560 ὑγρῷ
1164 4488 1417 4556 γενέσθαι
1444 4486 1509 4551 ⁸⁷,
1556 4487 1695 4555 μετά
1721 4487 1894 4542 ταῦτα

317 4582 374 4639 δὲ
398 4583 457 4647 ἐξ
490 4584 756 4654 ἀλλήλων,
795 4584 888 4635 καὶ
911 4583 1144 4653 ἄρρενας
1203 4582 1301 4651 μὲν
1337 4580 1606 4648 γίνεσθαι,
1635 4582 1760 4634 ὅταν
1788 4580 1895 4639 ἀπὸ

317 4674 426 4731 τῶν
455 4675 645 4739 δεξιῶν
673 4676 855 4745 μερῶν
896 4673 1192 4745 ἀποκριθὲν
1215 4673 1274 4728 τὸ
1314 4674 1533 4741 σπέρμα
1568 4675 1679 4733 τοῖς
1702 4672 1895 4738 δεξιοῖς

1995 1858 2292 1903 cumrotata
2317 1836 2469 1901 nobis
2492 1862 2595 1901 non
2628 1858 2915 1917 conspecta
2941 1864 2957 1914 ;
2989 1848 3223 1901 calorem
3257 1858 3434 1902 autem
3463 1863 3569 1901 non

1995 1941 2186 1997 sentiri
2218 1940 2518 2005 stellarum,
2554 1941 2807 2009 quoniam
2843 1942 3053 2010 longius
3091 1940 3291 1995 distent
3338 1956 3365 1993 a
3393 1949 3565 2005 terra;

1994 2039 2258 2101 praeterea
2290 2045 2419 2084 vero
2448 2045 2552 2082 non
2588 2045 2771 2096 parem
2800 2030 3162 2083 soli'calorem
3192 2029 3415 2093 habere,
3441 2028 3569 2095 quia

1996 2121 2171 2176 locum
2195 2121 2478 2175 obtineant
2508 2120 2866 2191 frigidiorem.
2898 2121 3027 2175 Esse
3056 2130 3236 2174 autem
3277 2120 3457 2173 lunam
3484 2119 3567 2173 in-

1995 2211 2248 2267 feriorem
2301 2213 2415 2266 sole
2471 2213 2777 2281 prepiorem
2836 2211 3009 2265 nobis.
3068 2210 3337 2280 Snperare
3388 2221 3570 2264 autem

1998 2302 2367 2371 magnitudine
2414 2302 2581 2357 solem
2635 2301 3088 2371 Peloponnesum.
3128 2303 3332 2356 Lumen
3389 2311 3570 2355 autem

1999 2411 2101 2450 non
2156 2396 2354 2450 habere
2402 2411 2557 2449 suum
2600 2396 2806 2462 lunam,
2850 2399 2943 2452 sed
2994 2412 3023 2450 a
3085 2397 3219 2452 sole.
3279 2396 3572 2450 Stellarum

1999 2498 2179 2541 autem
2214 2489 2624 2541 conversionem
2660 2490 2759 2542 sub
2787 2502 2990 2543 terram
3029 2490 3165 2544 fieri.
3203 2488 3444 2543 Deﬁcere
3473 2502 3573 2539 au-

2001 2590 2105 2634 tem
2137 2580 2318 2633 lunam
2355 2589 2496 2633 terra
2538 2578 2829 2642 ollicicnte,
2869 2579 3139 2633 interdum
3194 2588 3373 2631 autem
3406 2576 3570 2629 etiam

1999 2674 2065 2728 iis
2097 2688 2214 2741 qua:
2244 2681 2367 2726 sunt
2400 2673 2537 2725 iul'ra
2575 2671 2791 2736 lunam,
2843 2672 3008 2727 solem
3047 2683 3224 2725 autem
3280 2667 3571 2724 noviluniil

2000 2758 2122 2812 luna
2158 2758 2449 2814 efﬁciente.
2479 2760 2793 2813 Glinamina
2816 2770 2995 2815 autem
3027 2760 3207 2814 facere
3241 2767 3295 2812 et
3325 2757 3489 2811 solem
3517 2766 3573 2811 et

2001 2849 2206 2914 lunam,
2239 2852 2453 2918 repulsa
2496 2851 2565 2905 ab
2596 2866 2761 2919 aere;
2805 2852 2988 2907 lunam
3022 2862 3199 2905 autem
3227 2865 3367 2915 saepe
3395 2848 3574 2902 decli—

2001 2957 2132 2996 nare
2184 2954 2466 3013 propterea
2518 2941 2660 3011 quod
2723 2952 2953 3012 nequeat
3007 2956 3264 3010 superare
3298 2941 3570 3009 lrigidum.

2005 3031 2103 3085 llic
2137 3031 2383 3084 deﬁnivit
2417 3031 2624 3098 primus
2656 3031 2953 3084 doctrinam
2987 3027 3356 3083 defectienum
3374 3026 3575 3079 et'illtt‘

2001 3122 2376 3175 minatioumu.
2449 3121 2591 3177 Dixit
2643 3131 2821 3175 autem
2882 3131 3153 3175 terrenam
3215 3134 3335 3173 esse
3392 3117 3572 3172 lunam

1998 3215 2306 3281 li-nlnereque
2338 3214 2390 3266 in
2427 3228 2487 3267 se
2518 3227 2739 3281 campos
2773 3211 3051 3266 et-saltus.
3082 3212 3355 3266 Circnlum
3389 3223 3569 3263 autem

1996 3304 2225 3358 lacteum
2268 3305 2733 3371 repercussionem
2778 3316 2899 3355 esse
2946 3303 3085 3356 lucis
3146 3303 3421 3356 stellarum
3467 3314 3571 3352 non

1995 3402 2367 3463 superatorum
2397 3408 2426 3445 a
2458 3393 2605 3459 sole;-
2639 3392 3008 3445 discurreutes
3037 3400 3213 3444 autem
3242 3390 3424 3444 stellas
3450 3398 3574 3443 tan-

1996 3500 2155 3554 quam
2188 3485 2453 3538 scintillas
2487 3484 2811 3538 resultantes
2839 3484 2968 3537 oriri
2993 3498 3057 3537 ex
3087 3493 3231 3535 motu
3266 3482 3393 3551 poli.
3423 3479 3571 3535 Ven-

1958 3634 1964 3641 ,
1998 3589 2079 3631 tos
2102 3585 2281 3628 autem
2314 3574 2487 3639 nasci,
2508 3589 2631 3627 cum
2650 3583 2976 3627 extenuetur
3001 3588 3095 3625 aer
3117 3589 3144 3625 a
3173 3572 3285 3625 sole
3311 3580 3364 3625 et
3391 3583 3572 3638 partes

1996 3675 2200 3722 exusta:
2234 3666 2299 3717 ad
2335 3666 2517 3730 polum
2562 3666 2792 3719 subeant
2838 3674 2892 3718 et
2926 3666 3258 3719 deferantur.
3308 3662 3570 3718 Touitrua

1997 3767 2176 3811 autem
2198 3765 2247 3809 et
2274 3754 2484 3823 fulgura
2513 3770 2541 3808 a
2565 3755 2740 3808 calido
2764 3756 2878 3808 ﬁeri
2904 3756 3045 3824 quod
3071 3755 3273 3808 incidat
3300 3755 3351 3808 iu
3377 3755 3567 3808 nubes.

1998 3847 2174 3902 Motus
2203 3858 2383 3902 autem
2421 3854 2577 3901 terrae
2623 3846 2737 3900 ﬁeri
2785 3864 2906 3900 cum
2958 3848 3204 3914 superior
3233 3862 3326 3899 aer
3371 3845 3572 3900 incidat

2001 3942 2052 3995 in
2081 3939 2539 4003 subterraneum;
2578 3940 2677 3991 hoc
2710 3941 2855 3991 enim
2905 3950 3051 3993 moto
3080 3940 3243 3992 etiam
3281 3951 3488 3993 vectam
3521 3938 3573 3990 in

2000 4047 2064 4086 eo
2098 4041 2298 4084 terram
2338 4032 2405 4085 ab
2432 4045 2497 4083 co
2528 4034 2765 4084 concuti.
2803 4030 3074 4084 Animalia
3108 4041 3285 4084 autem
3333 4030 3486 4083 initie
3522 4030 3574 4082 iu

2002 4123 2226 4178 humido
2257 4133 2379 4176 nata
2405 4137 2544 4186 esse,
2577 4134 2693 4191 post
2725 4124 2812 4175 illa
2842 4134 3018 4177 autem
3051 4139 3115 4177 ex
3151 4138 3209 4176 se
3238 4122 3492 4183 invicem,
3521 4130 3577 4175 et

2004 4214 2300 4269 masculina
2332 4215 2550 4283 quidem
2582 4215 2696 4269 ﬁeri
2739 4230 2858 4269 cum
2890 4231 2919 4268 a
2961 4216 3166 4269 dextris
3210 4214 3452 4283 partibus
3486 4227 3577 4266 seo-

2003 4319 2212 4361 cretum
2265 4323 2447 4362 semen
2495 4308 2705 4362 dextris
2752 4310 2996 4376 partibus
3038 4308 3177 4361 uteri
3218 4306 3576 4369 adluerescat,

2004 4398 2262 4451 feminina
2297 4411 2477 4453 autem
2529 4415 2623 4467 per
2665 4402 3022 4454 centrarium.
3077 4398 3177 4452 Hic
3221 4396 3399 4451 ﬂoruit
3433 4411 3574 4449 anno

2008 4491 2183 4561 primo
2211 4492 2555 4560 Octogesimm
2587 4500 2793 4545 octava:
2820 4490 3175 4556 Ulyll’lpiﬂdis,
3202 4502 3310 4559 quo
3336 4498 3577 4552 tempore

2004 4593 2059 4637 et
2089 4581 2367 4636 Platonem
2401 4583 2592 4637 dicunt
2637 4592 2821 4636 natum
2864 4596 3006 4635 esse.
3055 4579 3215 4635 Hunc
3241 4579 3575 4633 aiuntetiam

2005 4690 2184 4729 rerum
2218 4675 2518 4728 futurarum
2556 4690 2851 4744 praesagum
2884 4674 3075 4727 fuisse.

322 4765 515 4835 μέρεσι
549 4767 650 4828 τῆς
689 4767 900 4835 μήτρας
934 4762 1190 4833 χολληθῇ,
1231 4762 1295 4815 τὰ
1324 4763 1381 4814 δὲ
1408 4762 1573 4831 θήλεα
1627 4763 1769 4818 κατὰ
1832 4763 2163 4824 τούναντίον.
2202 4762 2368 4830 Οὗτος
2407 4768 2657 4837 ἤκμασεν
2707 4765 2863 4828 ἔτους
2898 4766 3115 4836 πρώτου
3178 4765 3277 4835 τῆς
3313 4764 3575 4832 ὀγδοηκο-

324 4859 452 4926 στῆς
514 4856 708 4924 ὀγδόης
773 4855 1155 4925 Ὀλυμπιάδος,
1194 4854 1314 4911 καθ’
1344 4854 1403 4907 ὃν
1437 4854 1626 4926 καιρὸν
1667 4857 1761 4911 καὶ
1829 4857 2089 4913 Πλάτωνα
2155 4859 2371 4927 λέγουσι
2419 4856 2769 4927 γεγενῆσθαι.
2812 4856 3010 4910 Τοῦτον
3072 4858 3292 4927 λέγουσι
3329 4859 3422 4911 καὶ
3443 4873 3576 4928 προ-

326 4949 629 5017 γνωστικὸν
669 4949 973 5017 γεγονέναι.

390 5072 444 5128 9.
480 5070 559 5144 ip.
598 5071 685 5127 15.
718 5071 809 5145 16]
854 5072 1145 5146 Ἀρχέλαος
1181 5074 1240 5128 τὺ
1267 5066 1541 5145 μὲνγένος
1583 5074 1883 5145 Ἀθηναῖος,

2066 5078 2315 5151 24-25
2340 5073 2819 5144 Archelausstirpc
2847 5068 3195 5127 Atheniensis
3222 5069 3369 5127 illius
3397 5079 3575 5125 autem

1644 5238 1879 5295 VARIAZ
1922 5239 2336 5296 LECTIONES.

383 5346 429 5417 ἐ
461 5345 734 5409 "tim-neme
762 5365 814 5415 p.
846 5350 970 5404 ιιιθ.
1008 5350 1060 5403 ll
1088 5348 1299 5403 collatis
1332 5350 1555 5403 aliorum
1589 5352 1914 5417 scriptorum
1957 5350 2281 5406 testimoniis
2316 5349 2569 5404 lacunosa
2599 5348 2759 5401 verba
2792 5349 2864 5399 lla
2897 5344 3070 5417 reficit
3100 5359 3114 5397 :
3150 5344 3582 5417 ἐξατμισθέντων

324 5416 429 5489 ὑπο
465 5417 549 5472 .ιὺ
580 5419 728 5485 ἡλίου
755 5421 977 5473 ἐκείνων
1006 5420 1336 5472 ὑποστάντα.
1413 5420 1455 5452 ³⁷
1479 5420 1683 5472 ὑδάτων
1706 5415 1989 5489 Ruepems
2016 5438 2029 5473 :
2064 5420 2241 5475 αὑτῶν
2274 5424 2450 5489 vulgo.
2528 5420 2570 5449 ³⁸
2584 5419 2861 5489 ἀντοίκοις
2892 5416 3168 5489 Roeperth
3200 5434 3253 5486 p.
3280 5415 3539 5489 6li._6l2
3562 5436 3578 5489 _:

322 5486 544 5561 ἀρκτοῖς
571 5483 741 5561 κρίμα.
780 5560 783 5561 ν
822 5490 864 5521 ³⁹
898 5490 1016 5561 τῆς.
1041 5491 1137 5558 τῆς
1170 5489 1267 5561 τοὺ
1294 5489 1540 5544 Braudis.
1617 5492 1661 5519 ⁸⁰
1698 5483 1849 5561 ἡλίου
1879 5492 1973 5543 καὶ
2002 5492 2231 5561 σελήνης
2258 5491 2337 5542 vel
2366 5483 2469 5561 ξιαὶ
2504 5488 2653 5561 ήλίου
2684 5505 2754 5561 κ.
2789 5503 2839 5539 σ.
2872 5483 3090 5561 ουιιῇίοἰι
3124 5483 3339 5561 Rutilus.
3416 5485 3461 5518 ⁴¹
3491 5486 3585 5536 καὶ

324 5556 552 5628 σώματα
591 5558 818 5611 Brundis
855 5578 869 5616 :
914 5556 1140 5628 σώματα
1186 5560 1372 5622 vulgo;
1408 5561 1506 5613 alia
1565 5556 1735 5613 tentni
1791 5559 2085 5628 Bucperus.
2117 5556 2128 5561 ⁷
2161 5556 2205 5590 δ’
2243 5561 2335 5613 καὶ
2365 5558 2453 5611 διὰ
2505 5556 2728 5628 delenda
2759 5572 2879 5628 esse
2908 5556 3193 5626 tautologia
3222 5560 3582 5628 demonstrat.

321 5628 497 5699 ῥιιωι·
535 5627 831 5699 Βοοροτιιε
855 5646 907 5696 p.
948 5623 1071 5683 6H.
1148 5630 1192 5661 "
1236 5629 1338 5681 Τὸν
1387 5630 1441 5681 δὲ
1474 5629 1776 5696 Roeperus:
1812 5623 1918 5682 Τόν
1942 5647 2000 5683 τε
2041 5631 2221 5699 vulgo.
2298 5629 2342 5662 “
2374 5626 2943 5699 καταλαμϐανομένων
2979 5656 3049 5665 -
3078 5623 3584 5699 καταλαμπομένων

324 5688 665 5754 Gronovius:
729 5700 774 5730 "
817 5688 869 5752 δέ
909 5700 1182 5771 Roepcrus
1219 5716 1230 5751 :
1275 5716 1331 5753 τε
1379 5700 1549 5768 vulgo.
1590 5688 1602 5696 ’
1629 5699 1673 5728 ⁸⁸
1704 5699 2068 5768 ἐμπίπτοντος
2099 5688 2452 5756 δ’ὁιιιιιιιηειιε
2491 5688 2852 5760 ἐκπίπτοντος
2878 5698 3056 5769 vulgo.
3130 5696 3173 5728 "
3198 5688 3487 5763 γεννᾶσθαι
3519 5688 3581 5742 Β.
