4032 6200
447 267 586 332 3035
1891 259 2259 324 ORIGENIS
3573 263 3711 328 3036

450 375 782 446 Apollodori.
811 373 912 429 llic
938 374 1120 430 docuit
1143 375 1428 429 misturam
1459 373 1702 429 materiae
1734 372 2033 427 consimili-

2149 373 2246 436 ιὶδς
2277 373 2334 426 δὲ
2367 370 2786 444 ’Δπολλοδὼρον.
2813 367 2976 436 Οὗτος
3009 372 3111 444 ἔφη
3147 375 3244 444 τὴν
3274 375 3418 442 μῖξιν
3451 373 3550 444 τῆς
3583 373 3712 444 ωης

453 482 533 522 n-r
552 469 884 537 Anaxagora:
915 467 1289 536 principiaque
1311 467 1500 522 eodem
1530 465 1708 529 modo,
1736 464 1823 519 hic
1845 473 2025 519 autem

2149 466 2330 537 .poiw;
2382 465 2738 538 Ἀναξαγόρᾳ,
2773 466 2869 530 τάς
2908 484 2970 520 τε
3008 467 3185 538 ἀρχὰς
3217 467 3501 530 ὡσαύτως,
3559 459 3713 528 οὗτος

451 563 502 614 in
537 571 716 615 mente
746 562 923 615 inesse
955 561 1244 630 quamdam
1291 562 1472 614 statim
1517 559 1849 614 mistionem.
1895 557 2028 614 Esse

2149 559 2187 611 Ξὲ
2217 558 2294 627 τῷ
2343 557 2418 628 νῷ
2482 558 2810 629 ἐνυπάρχειν
2851 576 2901 611 τι
2958 558 3161 622 εὐθέως
3209 561 3411 628 μῖγμα.
3472 551 3629 610 Εἶναι
3666 557 3713 610 δ’

453 663 632 708 autem
667 653 994 723 principium
1042 664 1224 706 motus
1256 653 1613 708 sccretionem
1646 668 1673 705 a
1707 667 1764 708 se
1793 650 1950 705 calidi
1976 659 2032 705 et

453 745 654 815 frigidi,
689 755 744 800 et
771 746 1003 800 calidum
1041 747 1258 816 quidem
1299 745 1526 809 moveri,
1569 743 1822 816 frigidum
1853 752 2028 797 autem

451 840 755 910 quiescere.
795 837 1168 910 Liquefactam
1219 846 1396 894 autem
1449 853 1642 908 aquam
1693 838 1749 891 in
1798 836 2031 892 medium

454 933 748 1003 confluere,
782 934 834 988 in
869 948 976 1003 quo
1017 943 1267 988 exustam
1312 946 1494 987 aerem
1538 931 1655 986 ﬁeri
1697 939 1751 985 et
1797 940 2029 994 terram,

453 1038 684 1094 quorum
724 1023 957 1079 alterum
999 1039 1230 1094 superne
1251 1024 1403 1088 l'erri,
1431 1023 1666 1078 alterum
1695 1031 1876 1079 autem
1907 1022 2035 1078 sub.

455 1117 654 1172 sistere
686 1116 848 1171 intra.
887 1115 1112 1171 Terram
1161 1117 1328 1182 igitur
1360 1116 1648 1186 quiescere
1687 1124 1742 1169 et
1785 1114 2032 1185 frigidam

459 1207 766 1263 consistere
799 1208 868 1263 ob
914 1209 1011 1264 has
1056 1222 1272 1273 causas,
1301 1207 1486 1277 jacere
1528 1215 1709 1260 autem
1747 1205 1798 1258 in
1835 1205 2033 1269 medio,

456 1317 598 1371 quae,
643 1302 687 1356 si
735 1299 816 1356 fas
845 1301 915 1355 sit
941 1301 1144 1367 dicere,
1197 1300 1340 1354 nulla
1377 1300 1448 1355 sit
1480 1312 1608 1369 pars
1638 1295 1899 1361 universi,
1950 1310 2036 1362 res

458 1392 603 1448 cdita
641 1406 705 1448 ex
747 1392 1087 1460 incensione,
1130 1407 1162 1445 a
1201 1405 1305 1462 qua
1337 1391 1571 1460 primum
1620 1388 1809 1443 deusta
1851 1385 2036 1441 stella-

463 1501 581 1540 rum
637 1485 710 1540 sit
756 1494 972 1549 natura,
1023 1499 1254 1554 quarum
1314 1481 1552 1536 maxima
1600 1479 1672 1533 sit
1717 1477 1818 1542 sol,
1868 1476 2038 1531 altera

459 1587 640 1630 autem
673 1575 819 1639 luna,
868 1575 1199 1644 reliquarum
1237 1581 1418 1626 autem
1455 1571 1572 1624 alia:
1597 1572 1874 1636 minores,
1920 1567 2040 1624 alia:

463 1666 721 1736 majores.
769 1667 1014 1735 Desuper
1053 1676 1234 1720 autem
1269 1664 1588 1718 incumbere
1619 1660 1817 1715 coelum
1868 1659 1945 1714 ait
1987 1666 2042 1713 et

463 1763 536 1815 ita
588 1760 757 1816 solem
800 1761 854 1814 in
905 1769 1104 1814 terram
1154 1757 1384 1812 fundere
1418 1756 1592 1810 lucem
1643 1762 1807 1823 atque
1852 1765 2038 1806 aerem

463 1854 643 1907 facere
678 1850 1006 1921 pellucidum
1055 1859 1109 1904 et
1143 1857 1346 1904 terram
1378 1847 1606 1901 aridam.
1645 1843 1844 1898 Lacum
1891 1843 2036 1898 enim

461 1956 584 1998 esse
619 1941 881 2011 primum,
910 1942 1109 2010 quippe
1135 1953 1256 2010 qua:
1279 1939 1332 1992 in
1362 1937 1567 1992 ambitu
1603 1935 1674 1990 sit
1705 1934 1833 1998 alta,
1864 1933 2039 1988 media

464 2045 652 2091 autem
704 2048 858 2089 cava.
904 2031 1302 2089 Testimonium
1361 2039 1542 2084 autem
1599 2027 1705 2082 fert
1755 2024 2038 2091 cavitatis,

463 2125 611 2196 quod
641 2125 724 2181 sol
752 2140 860 2181 non
905 2124 1070 2180 simul
1116 2133 1171 2178 et
1209 2121 1419 2178 oriatur
1450 2130 1506 2175 et
1529 2118 1740 2174 occidat
1763 2117 2040 2180 omnibus,

465 2219 518 2273 id
565 2217 708 2286 quod
753 2217 986 2271 debebat
1031 2215 1293 2278 evenire,
1345 2212 1390 2268 si
1433 2221 1576 2267 esset
1619 2208 1922 2279 aequabilis.
1971 2208 2045 2264 De

465 2306 795 2362 animalibus
824 2318 1006 2359 autem
1035 2306 1185 2370 dicit,
1231 2304 1496 2359 calefacta
1541 2310 1685 2357 terra
1719 2300 1950 2370 primum
1989 2299 2042 2353 in

468 2399 730 2454 inferiore
781 2406 956 2466 parte,
1006 2396 1097 2450 ubi
1139 2394 1373 2449 calidum
1429 2402 1487 2448 et
1540 2392 1793 2462 frigidum
1845 2392 2044 2446 misce-

466 2493 654 2556 batur,
702 2489 1022 2562 apparuisse
1049 2497 1104 2545 ct
1137 2487 1342 2557 reliqua
1367 2485 1622 2542 animalia
1651 2484 1820 2540 multa
1862 2493 1917 2540 et
1947 2485 2046 2540 im-

467 2583 644 2653 paria,
682 2581 865 2637 omnia
899 2581 1089 2638 eodem
1130 2580 1276 2635 victu
1317 2577 1546 2645 utentia,
1597 2576 1847 2632 videlicet
1874 2591 1905 2633 e
1936 2578 2047 2632 luto

468 2675 696 2742 nutrita,
747 2674 916 2730 fuisse
955 2684 1136 2730 autem
1187 2674 1371 2730 brevis
1409 2674 1543 2740 arvi;
1594 2675 1822 2743 posthac
1867 2683 2046 2727 autem

468 2769 633 2825 etiam
662 2783 730 2824 ex
765 2775 940 2823 semet
972 2767 1206 2823 invicem
1245 2766 1654 2836 generationem
1681 2765 1960 2821 exstitisse
1994 2772 2050 2819 et

471 2863 738 2919 discretos
781 2875 902 2916 esse
952 2859 1201 2916 homines
1261 2874 1292 2912 a
1353 2857 1578 2926 reliquis
1623 2857 1949 2914 animalibus
1996 2865 2051 2912 et

472 2951 636 3006 duces
663 2959 719 3005 et
759 2951 904 3020 leges
935 2958 990 3005 et
1032 2959 1180 3004 artes
1231 2958 1286 3003 et
1327 2949 1525 3018 oppida
1568 2957 1624 3004 et
1672 2947 1874 3018 reliqua
1921 2963 2050 3003 con-

2131 651 2306 722 ἀρχὴν
2333 651 2376 682 ⁸⁸
2398 651 2500 720 τῆς
2531 652 2794 722 κινήσεως
2820 651 2882 705 το
2906 651 3301 722 ἀποκρίνεσθαι
3333 651 3377 684 δ’
3423 650 3517 705 ἀπ’
3546 649 3714 721 ἀλλήο

2133 744 2240 797 λων
2279 744 2341 797 τὸ
2387 743 2588 814 θερμὸν
2630 743 2726 798 καὶ
2767 744 2827 798 τὸ
2856 743 3086 818 ψυχρὸν,
3140 743 3326 798 καὶτὸ
3370 743 3468 813 μὲν
3505 742 3711 812 θερμόν

2137 835 2424 900 κινεῖσθαι,
2456 835 2519 886 τὸ
2561 833 2617 886 δὲ
2648 834 2853 906 ψυχρὸν
2900 837 3150 906 ἠρεμεῖν.
3202 834 3520 904 Τηκόμενον
3562 833 3618 886 δὲ
3652 834 3715 887 τὸ

2137 927 2279 998 ὓδωρ
2313 929 2392 990 είς
2455 927 2616 998 μέσον
2650 928 2786 998 ῥεῖν,
2822 929 2878 986 ὲν
2930 920 2974 994 ᾧ
3008 925 3446 995 κατακαιόμενον
3498 925 3544 955 ⁸⁶
3577 924 3716 995 ἂίἑρα

2137 1020 2381 1088 γίνεσθαι
2420 1021 2516 1074 καὶ
2542 1020 2668 1091 γῆν,
2708 1012 2782 1074 ὧν
2821 1019 2880 1074 τὸ
2925 1019 3024 1092 μὲν
3066 1019 3182 1074 ἂνω
3229 1019 3521 1089 φέρεσθαι,
3557 1019 3618 1071 ea
3660 1017 3717 1072 δὲ

2139 1111 2466 1181 ὑψίστασθαι
2501 1113 2672 1167 κάτω.
2708 1112 2826 1182 Τὴν
2853 1111 2949 1180 μὲν
2975 1107 3071 1166 οὖν
3097 1112 3199 1180 γῆν
3244 1113 3475 1182 ἠρεμεῖν
3506 1111 3604 1164 καὶ
3628 1127 3720 1179 γεο

2139 1204 2322 1258 νὲσθαι
2356 1203 2443 1257 διὰ
2471 1201 2668 1266 ταῦτα,
2708 1204 2920 1256 κεῖσθαι
2950 1203 2994 1257 δ’
3030 1205 3088 1257 ὲν
3111 1203 3261 1273 μέσῳ
3296 1203 3342 1234 ⁸⁸
3373 1201 3529 1254 οὐδὲν
3557 1201 3719 1271 μέρος

2140 1293 2324 1363 οὖσαν,
2353 1297 2426 1362 ὡς
2477 1296 2489 1368 |
2547 1298 2741 1360 εἰπεῖν,
2772 1296 2866 1350 τοῦ
2897 1295 3119 1361 παντὸς,
3147 1294 3502 1366 ὲκδεδομένον
3526 1296 3592 1346 ὲκ
3621 1293 3719 1364 τῆς

2141 1388 2459 1460 πυρώσεως,
2497 1388 2587 1456 ἀφ’
2624 1380 2683 1440 οὗ
2734 1387 2952 1458 πρῶτον
3009 1386 3412 1457 ἀποκαιομένου
3461 1386 3568 1456 τὴν
3614 1385 3724 1440 τῶν

2141 1481 2390 1551 ἀστέρων
2421 1475 2560 1533 εἶναι
2591 1479 2777 1548 φύσιν,
2810 1475 2884 1532 ὧν
2923 1479 3182 1548 μέγιστον
3221 1480 3321 1549 μὲν
3345 1478 3519 1548 ἥλιον,
3549 1478 3720 1531 orti-:3.

2147 1590 2238 1642 ρον
2271 1573 2329 1626 δὲ
2360 1571 2621 1643 σελήνην,
2651 1572 2762 1625 τῶν
2786 1571 2841 1624 δὲ
2880 1572 3057 1627 ἄλλων
3089 1571 3158 1624 τὰ
3188 1572 3286 1643 μὲν
3318 1571 3547 1636 ἐλάττω,
3577 1571 3644 1624 τὰ
3663 1570 3719 1624 δι

2149 1666 2342 1738 μείζω.
2387 1664 2836 1735 Ἑπικλιθῆναιδὲ
2867 1665 2957 1718 τὸν
2987 1664 3216 1736 οὐρανόν
3245 1680 3404 1734 φησι,
3427 1663 3521 1716 καὶ
3551 1662 3718 1726 οὕτως

2144 1760 2234 1813 τὸν
2259 1759 2412 1830 ἥλιον
2446 1758 2541 1812 ἐπὶ
2563 1758 2665 1829 τῆς
2698 1757 2802 1828 γῆς
2847 1757 3074 1827 ποιῆσαι
3106 1756 3220 1826 φῶς
3250 1755 3345 1810 καὶ
3376 1755 3466 1808 τόν
3496 1771 3559 1808 τε
3587 1753 3719 1824 ἀέρα

2143 1851 2369 1920 ποιῆσαι
2420 1848 2659 1918 διαφανῆ
2717 1848 2812 1900 καὶ
2847 1848 2944 1918 τὴν
2979 1848 3082 1917 γῆν
3133 1845 3570 1918 ξηράν.Δίμνην
3617 1844 3722 1916 γὰρ

2142 1938 2281 1996 εἶναι
2309 1942 2370 1995 τὸ
2408 1940 2648 2012 πρῶτον,
2685 1941 2780 1996 ἆτε
2808 1939 2995 2010 κύκλῳ
3031 1939 3128 2010 μὲν
3167 1935 3335 1993 οὖσαν
3362 1937 3600 2008 ὑψηλὴν,
3633 1937 3723 2008 μὲο

2145 2052 2236 2089 σον
2271 2035 2315 2067 ⁸⁸
2339 2033 2395 2086 δὲ
2433 2031 2642 2104 κοίλην.
2691 2033 2924 2102 Σημεῖον
2953 2031 3010 2084 δὲ
3050 2031 3205 2100 φέρει
3251 2033 3352 2101 τῆς
3389 2028 3725 2102 κοιλότητος,

2142 2128 2228 2181 ὅτι
2250 2130 2278 2180 ό
2299 2126 2450 2196 ἥλιος
2480 2126 2579 2196 οὐχ
2604 2124 2721 2194 ἅμα
2748 2123 3027 2178 ἀνατέλλει
3057 2140 3114 2176 τε
3166 2123 3256 2176 καὶ
3306 2121 3494 2175 δύεται
3531 2122 3717 2184 πᾶσιν,

2144 2221 2282 2290 ὅπερ
2305 2218 2414 2271 ἔδει
2449 2217 2791 2287 συμϐαίνειν,
2829 2215 2986 2286 εἴπερ
3014 2209 3080 2286 ἦν
3101 2215 3300 2286 ὁμαλή.
3326 2214 3462 2286 Περὶ
3483 2215 3544 2268 δὲ
3570 2213 3724 2278 ζώων

2147 2312 2311 2383 φησὶν
2338 2312 2421 2365 ὅτι
2453 2309 2892 2381 θερμαινομένης
2915 2310 3012 2380 τῆς
3055 2309 3160 2378 γῆς
3195 2308 3255 2360 τὸ
3295 2306 3515 2378 πρῶτον
3560 2307 3621 2362 ὲν
3651 2307 3722 2377 τᾷ

2147 2405 2298 2458 κάτω
2334 2403 2508 2474 μέρει,
2541 2403 2610 2465 ⁵⁸,
2636 2403 2768 2455 ὅπου
2793 2400 2856 2453 τὸ
2885 2400 3086 2472 θερμὸν
3125 2400 3221 2453 καὶ
3248 2400 3310 2452 τὸ
3333 2400 3542 2470 ψυχρὸν
3600 2399 3717 2471 ἑμί-

2149 2511 2330 2562 σγετο,
2366 2493 2683 2561 ἀνεφαίνετο
2705 2494 2772 2546 τά
2793 2509 2852 2545 τε
2881 2491 3014 2547 ἄλλα
3041 2490 3151 2556 ζῶα
3186 2491 3354 2544 πολλὰ
3377 2492 3475 2546 καὶ
3501 2490 3721 2562 ἀνόμοια

2149 2588 2328 2642 πάντα
2364 2585 2462 2658 τὴν
2489 2585 2658 2656 αὐτὴν
2681 2585 2893 2640 δίαιταν
2920 2585 3112 2652 ἔχοντα
3144 2587 3205 2638 ἐκ
3230 2585 3330 2654 τῆς
3363 2584 3509 2648 ἰλύος
3532 2584 3722 2656 τρεφό-

2154 2696 2313 2752 μενα,
2347 2673 2416 2749 ἦν
2452 2677 2508 2730 δὲ
2539 2677 2883 2748 ὀλιγοχρόνια
2904 2694 2919 2708 ο
2951 2677 3181 2748 ὕστερον
3217 2676 3276 2730 δὲ
3319 2679 3507 2741 αὐτοῖς
3552 2677 3646 2731 καὶ
3673 2675 3728 2743 ἐξ

2151 2771 2401 2842 ἀλλήλων
2432 2770 2645 2840 γένεσις
2676 2772 2876 2841 ἀνέστη
2908 2771 2976 2838 ⁸⁸,
3007 2772 3101 2825 καὶ
3133 2770 3491 2842 διεκρίθησαν
3519 2767 3726 2842 ἄνθρω-

2159 2881 2252 2918 ποι
2281 2863 2392 2917 ἀπὸ
2430 2862 2540 2916 τῶν
2571 2862 2770 2929 ἄλλων,
2801 2863 2897 2916 καὶ
2923 2863 3218 2934 ἡγεμόνας,
3257 2863 3354 2916 καὶ
3385 2861 3608 2933 νόμους,
3641 2859 3731 2915 καὶ

2155 2958 2372 3027 τέχνας,
2401 2955 2495 3010 καὶ
2545 2954 2748 3018 πόλεις,
2777 2955 2872 3008 καὶ
2905 2955 2972 3008 τὰ
3014 2955 3148 3008 ἄλλα
3191 2954 3547 3025 συνέστησαν.
3589 2951 3731 3006 Νοῦν

471 3043 740 3100 stituisse.
784 3041 1021 3097 Mentem
1066 3051 1246 3096 autem
1281 3040 1414 3096 dicit
1449 3041 1688 3095 innatam
1721 3053 1843 3096 esse
1871 3041 2044 3096 (nimi-

2154 3049 2210 3102 δὲ
2233 3047 2379 3115 λέγει
2411 3047 2579 3100 πᾶσιν
2623 3046 2929 3117 ἐμφύεσθαι
2966 3046 3126 3111 ζώοις
3152 3045 3367 3116 ὁμοίως.
3400 3043 3730 3115 Χρήσασθαι

471 3137 575 3192 bus
603 3134 928 3190 animalibus
960 3135 1198 3203 pariter;
1250 3132 1328 3210 uti
1378 3132 1522 3188 enim
1567 3133 1798 3203 quodvis
1851 3132 2052 3188 animal

474 3228 649 3283 instar
677 3237 731 3283 et
761 3241 1054 3296 corporum
1095 3235 1296 3291 mente,
1345 3225 1448 3280 nisi
1491 3225 1634 3295 quod
1672 3227 1877 3283 tardius
1923 3226 2050 3295 alla,

474 3322 578 3376 alia
613 3321 866 3378 celerius.

555 3413 787 3484 Physica
833 3414 1000 3482 igitur
1047 3412 1387 3483 philosophia
1435 3427 1464 3466 a
1508 3411 1736 3467 Thalete
1777 3427 1949 3483 usque
1987 3413 2054 3468 ad

475 3503 798 3558 Archelaum
834 3503 1069 3557 duravit.
1097 3501 1266 3572 llujus
1290 3501 1502 3556 exstitit
1526 3502 1784 3556 Socrates
1813 3503 2050 3557 auditor.

476 3597 614 3652 Sunt
662 3603 842 3651 autem
894 3597 1058 3650 etiam
1101 3595 1190 3648 alii
1234 3594 1453 3664 plurimi
1486 3595 1730 3650 diversas
1755 3597 2054 3651 sententias

478 3689 709 3759 professi
743 3690 918 3757 deque
943 3687 1128 3742 divino
1158 3686 1392 3742 Numine
1437 3687 1791 3757 universique
1837 3698 2050 3753 natura,

477 3795 710 3848 quorum
758 3780 802 3834 si
858 3793 1048 3834 omnes
1097 3779 1398 3834 sententias
1445 3780 1702 3834 vellemus
1745 3793 2052 3848 apponere,

477 3868 697 3924 multam
718 3866 962 3937 profecto
977 3868 1166 3921 silvam
1190 3869 1449 3923 librorum
1469 3879 1745 3938 oporteret
1761 3869 2052 3924 coniicere.

479 3959 586 4014 Sed
620 3957 893 4014 recordati
943 3957 1158 4012 illorum
1201 3975 1433 4027 quorum
1477 3961 1786 4029 oportebat,
1820 3962 2057 4016 maxime

477 4052 767 4109 illustrium
791 4065 1084 4120 eorumque
1107 4051 1352 4122 26-27
1379 4052 1495 4120 qui,
1522 4051 1566 4105 si
1597 4053 1667 4105 ita
1699 4053 1883 4108 dicere
1906 4054 2051 4119 licet,

477 4143 819 4214 antesignani
849 4143 1119 4198 universis
1153 4153 1274 4212 post
1303 4143 1422 4200 illos
1452 4144 1854 4213 philosophatis
1889 4148 2057 4201 exsti-

477 4250 682 4306 terunt,
719 4239 921 4309 quippe
956 4240 1048 4308 qui
1083 4238 1149 4292 ad
1188 4245 1418 4292 conatus
1445 4253 1575 4293 suos
1621 4239 1858 4310 reliquos
1893 4242 2052 4298 insti-

476 4335 746 4407 gaverinl,
783 4348 844 4388 ea
871 4348 990 4402 quae
1019 4339 1226 4385 restant
1257 4330 1657 4400 aggrediemur.

547 4427 758 4484 Etenim
794 4435 848 4481 et
881 4424 1239 4479 Parmenides
1277 4439 1442 4476 unum
1476 4425 1693 4492 quidem
1739 4429 2049 4484 universum

475 4522 629 4590 ponit
645 4531 1021 4589 aeternumque
1046 4525 1099 4572 et
1118 4530 1223 4570 non
1244 4525 1559 4584 generatum
1580 4528 1632 4571 et
1653 4520 2052 4588 sphzeriforme.

477 4613 557 4670 Ne
601 4614 716 4684 ipse
747 4612 970 4682 quidem
1001 4609 1269 4682 effugiens
1304 4608 1670 4666 multitudinis
1719 4613 2054 4682 opinionem,

479 4707 656 4776 ignem
679 4704 866 4759 dicens
889 4713 942 4757 et
965 4712 1166 4757 terram
1192 4703 1430 4758 universi
1453 4704 1742 4772 principia,
1772 4716 1825 4759 et
1853 4715 2054 4762 terram

480 4798 700 4867 quidem
735 4804 990 4866 tanquam
1019 4798 1325 4862 materiam,
1367 4796 1546 4865 ignem
1577 4806 1759 4851 autem
1799 4808 2055 4870 tanquam

479 4889 801 4945 ollicientem
831 4900 886 4943 et
919 4898 1256 4957 operantem,
1304 4891 1561 4942 mundum
1608 4889 1745 4944 dixit
1787 4893 2054 4958 consumi,

479 4995 586 5050 qua
614 4995 743 5034 vero
785 4981 994 5034 ratione
1027 4995 1132 5034 non
1163 4980 1315 5034 dixit.
1359 4977 1502 5034 ldem
1543 4990 1724 5036 autem
1753 4983 1889 5037 dixit
1914 4997 2059 5038 sem-

2155 3143 2263 3214 γὰρ
2315 3142 2550 3196 ἕκαστον
2601 3141 2699 3196 καὶ
2745 3141 2856 3196 τῶν
2908 3140 3177 3214 σωμάτων
3214 3141 3324 3212 ὅσῳ
3353 3136 3396 3171 ³⁸
3424 3137 3485 3192 τὸ
3533 3135 3634 3209 μὲν
3679 3136 3730 3168 ⁵⁸

2158 3233 2526 3308 βραδυτέρως,
2549 3235 2609 3288 τὸ
2640 3233 2696 3288 δὲ
2722 3233 3057 3307 ταχυτέρως.

2231 3424 2318 3479 10.
2367 3425 2431 3477 Ἦ
2467 3422 2566 3496 μὲν
2600 3419 2693 3478 οὗν
2741 3423 2943 3495 φυσικὴ
2997 3421 3284 3492 φιλοσοφία
3333 3419 3444 3474 ἀπὸ
3493 3418 3733 3490 Θάλητος

2156 3516 2261 3578 ἕως
2315 3514 2607 3585 Ἀρχελάου
2642 3513 2917 3583 διέμεινε·
2969 3513 3157 3567 τούτου
3185 3514 3392 3581 γίνεται
3438 3510 3730 3581 Σωκράτης

2156 3607 2456 3678 ἀκροατής.
2489 3604 2608 3658 Εἰσὶ
2631 3604 2688 3656 δὲ
2715 3604 2808 3657 καὶ
2831 3603 3009 3673 ἕτεροι
3042 3603 3288 3656 πλεῖστοι
3329 3600 3630 3672 διαφόρους
3649 3598 3730 3651 δό-

2158 3697 2255 3765 ξας
2295 3696 2762 3768 προενεγκάμενοι
2794 3696 2838 3728 ⁸⁷
2889 3696 3015 3765 περί
3061 3709 3120 3748 τε
3151 3693 3244 3747 τοῦ
3279 3693 3439 3746 Θείου
3491 3693 3586 3746 καὶ
3638 3689 3730 3759 τῆς

2158 3790 2252 3842 τοῦ
2290 3788 2492 3850 παντὸς
2520 3786 2759 3855 φύσεως.
2793 3780 2895 3839 Ὧν
2924 3789 2972 3839 εἰ
3002 3786 3181 3849 πάσας
3212 3784 3313 3848 τὰς
3341 3783 3502 3848 δόξας
3527 3781 3730 3836 ἐδουλόο

2161 3881 2298 3952 μεθα
2331 3878 2672 3950 παραθεῖναι.
2703 3875 2902 3945 πολλὴν
2946 3874 3014 3929 ἂν
3046 3875 3180 3945 ὓλην
3222 3872 3443 3943 βιϐλίων
3477 3871 3586 3925 ἔδει
3637 3887 3728 3924 κα-

2157 3973 2538 4035 τασκευάζειν.
2569 3962 2670 4021 Ὦν
2691 3968 2748 4020 δὲ
2773 3966 2880 4020 ἔδει
2918 3965 3152 4036 μάλιστα
3173 3967 3257 4019 ἐπ’
3275 3963 3542 4032 ὀνόματος
3569 3961 3728 4015 όντων

2159 4067 2252 4118 καὶ
2283 4064 2360 4127 ὡς
2386 4065 2557 4116 εἰπεῖν
2593 4059 2668 4133 [ιι.
2697 4060 2778 4113 17.
2813 4057 2899 4131 18]
2929 4058 3244 4129 κορυφαίων
3298 4058 3433 4110 πᾶσι
3468 4057 3581 4118 τοῖς
3611 4069 3729 4123 μετα

2160 4157 2353 4209 ἔπειτα
2379 4154 2778 4224 φιλοσοφήσασι
2815 4148 3124 4220 γενομένων
3150 4147 3403 4219 ἀφορμὰς
3429 4146 3729 4201 δεδωκότων

2162 4248 2297 4320 πρὸς
2330 4245 2397 4301 τὰ
2433 4243 2859 4316 ἐπιχειρούμενα
2892 4241 3332 4314 ὑπομνησθέντες
3366 4240 3459 4293 ἐπὶ
3506 4239 3572 4292 τὰ
3612 4236 3731 4306 ἑξῆς

2159 4339 2472 4411 όρμήσομεν
2498 4337 2565 4391 ⁵⁸.

2236 4430 2322 4484 Η.
2354 4427 2464 4480 Καὶ
2490 4426 2597 4496 γὰρ
2636 4427 2728 4478 καὶ
2762 4424 3102 4496 Παρμενίδης
3125 4423 3183 4477 ἓν
3228 4422 3328 4494 μὲν
3376 4421 3437 4475 τὸ
3473 4423 3582 4475 πᾶν
3611 4422 3734 4475 {meo

2163 4523 2371 4578 τίθεται
2425 4519 2595 4571 ἀΐδιόν
2627 4536 2684 4570 τε
2735 4519 2830 4571 καὶ
2880 4517 3174 4588 ἀγέννητον
3227 4516 3322 4568 καὶ
3373 4516 3728 4588 σφαιροειδές.

2164 4617 2300 4672 Οὐδὲ
2348 4612 2509 4676 αὐτὸς
2541 4609 2825 4679 ὲκφεύγων
2856 4609 2954 4678 τὴν
2980 4607 3087 4661 τῶν
3127 4607 3336 4662 πολλῶν
3388 4606 3571 4674 δόξαν,
3628 4605 3732 4676 πῦρ

2163 4711 2336 4778 λέγων
2368 4705 2461 4760 καὶ
2491 4703 2594 4772 γῆν
2624 4701 2720 4764 τὰς
2753 4699 2849 4752 τοῦ
2892 4699 3093 4763 παντὸς
3128 4699 3320 4772 ἀρχὰς.
3352 4698 3450 4769 τὴν
3503 4700 3602 4769 μὲν
3635 4698 3732 4768 γῆν

2166 4801 2239 4863 ὡς
2271 4797 2422 4866 ὓλην,
2461 4793 2520 4844 τδ
2544 4793 2599 4844 δὲ
2630 4790 2738 4861 πῦρ
2765 4789 2839 4853 ὡς
2860 4790 3030 4842 αἴτιον
3054 4791 3143 4842 καὶ
3180 4789 3386 4854 ποιοῦν,
3413 4789 3508 4841 τὸν
3538 4790 3734 4859 κόσμον

2147 4894 2249 4961 ἔφη
2315 4884 2666 4958 φθείρεσθαι,
2742 4875 2786 4950 ᾧ
2855 4881 2912 4934 δὲ
2977 4883 3205 4951 τρόπῳ,
3255 4882 3354 4934 οὐκ
3423 4878 3594 4935 εἶπεν.
3677 4881 3730 4932 Ὀ

2147 4985 2308 5048 αὐτὸς
2345 4983 2399 5036 δὲ
2448 4977 2599 5034 εἶπεν
2646 4980 2817 5033 ἀΐδιον
2869 4975 3007 5032 εἶναι
3071 4979 3133 5032 τὸ
3168 4981 3275 5031 πᾶν
3317 4977 3408 5031 καὶ
3437 4979 3500 5031 οὐ
3544 4978 3750 5047 γενόμε-

481 5074 750 5142 piternum
794 5087 918 5128 esse
943 5074 1256 5126 universum
1281 5081 1336 5128 et
1368 5087 1472 5126 non
1505 5083 1688 5127 natum
1725 5084 1782 5128 et
1829 5075 2044 5143 sphaeri-

2149 5093 2257 5140 νον,
2299 5076 2426 5129 ’καὶ
2472 5072 2828 5144 σφαιροειδὲς,
2875 5071 2970 5124 καὶ
3017 5071 3224 5140 ὅμοιον,
3287 5070 3386 5122 οὐκ
3431 5068 3554 5139 ἔχον
3601 5068 3654 5122 δὲ
3687 5067 3726 5102 ⁸³

1758 5208 1996 5266 VARI/Ii
2033 5208 2443 5266 LECTIONES.

567 5303 608 5332 ⁸⁸
634 5301 677 5354 δ’
713 5300 906 5374 ἀρχήν.
950 5298 1124 5374 ἀρχὴν
1171 5299 1452 5374 Βορβοτιιεν
1487 5317 1500 5352 :
1539 5303 1712 5373 ἀρχὰς
1762 5304 1937 5374 vulgo.

481 5371 528 5404 '°
559 5373 823 5442 κατακαιό
831 5388 990 5442 μενον

484 5442 652 5509 μέσου
699 5440 878 5508 vulgo.
978 5441 1024 5472 ⁸³
1053 5441 1204 5494 κάτω
1254 5441 1407 5509 μέρει
1450 5444 1517 5498 ﬂ.

484 5458 652 5528 μεσου
699 5458 878 5508 vntgo.
978 5458 1024 5472 ν·
1053 5458 1204 5526 κατω
1254 5458 1407 5563 page:
1450 5458 1496 5495 ﬂ

479 5509 804 5582 λρήσασθαι
849 5511 906 5563 δὲ
944 5510 1318 5582 ἕκαστον-κατ
1406 5510 1502 5582 τὴν

480 5599 534 5650 ν.
566 5582 690 5638 615.

483 5649 704 5709 Eleatic.
740 5667 791 5711 0.
832 5651 929 5705 146
960 5668 972 5704 :
1007 5649 1174 5701 τύπον
1211 5649 1386 5718 vulgo.

2043 5305 2087 5339 ⁸³
2115 5305 2174 5358 τὸ
2206 5306 2616 5378 ἀποκρίνεσθαι
2650 5305 2712 5358 ll.
2748 5305 2992 5378 Bittcrus
3038 5319 3050 5354 :

1070 5385 1343 5444 oeperus‘:
1375 5373 1468 5425 καὶ
1490 5371 1921 5443 κατακαιόμενον
1945 5375 2122 5444 vulgo.
2195 5377 2237 5408 '“
2266 5371 2444 5430 ῦπαρ
2469 5377 2567 5429 hoc
2606 5376 2724 5429 loco
2755 5377 3057 5444 Rocper.p.
3085 5374 3209 5429 6H.
3284 5371 3330 5402 δ’

1567 5444 1812 5516 Iiitterus
1841 5459 1863 5516 A:
1899 5443 2059 5516 κατᾲί
2077 5444 2242 5516 μέρος
2285 5446 2486 5516 vulgo.
2536 5445 2586 5476 ”
2619 5446 2850 5516 συνέστη
2872 5443 3041 5516 70,:1'.

1475 5529 1502 5584 ν
1548 5513 1654 5566 τῶν
1697 5514 1968 5584 σωμάτων
2009 5513 2274 5584 διαφορὰν
2329 5516 2389 5568 τὸ

782 5579 1360 5657 "capessat-peditatum
1402 5578 1577 5652 vulgo.
1655 5585 1701 5617 ⁵⁸
1733 5578 2050 5656 όρμήσομεν
2090 5578 2287 5643 τγόίίη
2331 5578 2659 5657 ὀρμῆςωμεν
2707 5587 2882 5654 vulgo.
2962 5587 3005 5616 "
3049 5586 3211 5637 τόπον
3259 5583 3484 5639 Brandis
3523 5578 3726 5634 Comm.

3111 5301 3502 5371 ἀποκρίνεσθαι
3554 5300 3726 5371 vulgo.

3363 5371 3528 5438 μέσον
3553 5369 3610 5426 Β.
3642 5369 3684 5424 Ο
3713 5385 3725 5419 ;

3133 5445 3178 5475 ⁵³
3211 5445 3308 5497 ὃσα
3343 5440 3402 5501 Β.
3434 5438 3500 5494 0.
3577 5439 3624 5470 ⁸⁸
3655 5440 3727 5491 An

2437 5515 2571 5584 μὲν,
2619 5531 2670 5566 κ.
2702 5533 2752 5567 τ.
2790 5509 2886 5568 λξῖ
2921 5513 3004 5568 Cf.
3059 5516 3126 5570 de
3177 5517 3275 5566 huc
3334 5511 3450 5584 loco
3503 5509 3724 5584 Rnnepetu
