4032 6200
305 266 452 328 3037

1446 278 1742 339 CONTRA
1782 279 2149 341 HERESES
2182 283 2333 342 ’LlB.
2368 287 2413 344 Ι.

3444 298 3587 363 3033

305 382 478 435 τόπον
522 382 579 433 ἐν
630 384 826 455 ἑαυτῷ,
864 394 956 443 καὶ
984 392 1241 465 ἀκίνητον
1297 399 1391 452 καὶ
1449 404 1887 474 πεπερασμένον.

2003 403 2172 460 forme
2201 416 2253 460 et
2282 406 2568 476 atquabile,
2601 421 2706 462 non
2740 415 2920 463 autem
2965 408 3170 465 habens
3204 410 3378 467 locum
3419 416 3469 469 in
3502 433 3581 486 se,

390 572 471 626 ιε.
507 574 824 639 Λεύκιππος
851 579 909 632 δὲ
952 582 1198 651 Ζήνωνος
1235 585 1447 655 ἑταῖρος
1478 588 1538 641 οὐ
1581 588 1679 659 τὴν
1725 590 1895 661 αὐτὴν

308 664 475 731 δόξαν
498 666 845 740 διετήρησεν,
880 672 1019 726 ἀλλὰ
1050 692 1217 745 φησιν
1260 675 1466 748 ἄπειρα
1500 674 1639 732 εἶναι
1684 680 1781 734 καὶ
1810 682 1895 734 ἀεὶ

312 757 613 829 κινούμενα
631 762 726 814 καὶ
752 762 966 831 γένεσιν
987 767 1080 819 καὶ
1112 768 1415 838 μεταϐολὴν
1444 770 1682 840 συνεχῶς
1703 768 1892 827 οὖσαν.

312 852 561 923 Στοιχεῖα
587 852 643 907 δὲ
672 853 820 923 λέγει
855 856 914 909 τὸ
963 858 1167 930 πλῆρες
1204 861 1296 913 καὶ
1326 861 1385 914 τδ
1430 863 1607 917 κενόν.
1643 865 1896 935 Κόσμους

315 943 378 996 δὲ
404 943 654 1012 γίνεσθαι
690 947 736 976 ⁸ο
763 946 911 1014 λέγει
943 948 1115 1014 οὕτως
1138 952 1179 982 ⁸³
1202 968 1213 981 ·
1249 952 1379 1005 ὅταν
1409 954 1488 1017 εἰς
1509 955 1651 1024 μέγα
1675 955 1829 1010 κενὸν
1853 958 1901 989 ⁶¹

314 1036 384 1088 ὲκ
437 1035 528 1088 τοῦ
583 1037 934 1107 περιέχοντος
988 1041 1250 1113 ἀθροισθῇ
1308 1045 1480 1098 πολλά
1518 1046 1748 1115 σώματα
1778 1037 1898 1101 ’καὶ

315 1129 567 1198 συρρυῇ,
615 1130 1024 1201 προσκρούοντα
1083 1135 1333 1206 ἀλλήλοις
1374 1138 1780 1208 συμπλέκεσθαι
1831 1142 1899 1194 τὰ

312 1216 723 1288 ὁμοιοσχήμονα
756 1220 851 1274 καὶ
877 1224 1241 1296 παραπλήσια
1274 1228 1373 1291 τάς
1410 1229 1647 1301 μορφὰς,
1678 1232 1772 1284 καὶ
1797 1249 1897 1285 πε-

319 1308 717 1379 ριπλεχθέντων
758 1310 803 1343 ⁸³
836 1313 917 1376 εἰς
954 1314 1117 1385 ἕτερα
1156 1316 1420 1385 γίνεσθαι,
1465 1317 1649 1383 αὔξειν
1700 1320 1756 1373 δὲ
1803 1322 1897 1376 καὶ

316 1400 526 1469 φθίνειν
557 1402 645 1456 διά
669 1420 788 1458 τινα
819 1404 863 1437 ⁸*
888 1406 1154 1480 ἀνάγκην.
1184 1410 1280 1475 Ti;
1312 1410 1356 1463 δ’
1382 1411 1448 1466 ἂν
1472 1411 1560 1484 εἴη
1594 1414 1626 1485 ἡ
1655 1414 1893 1486 ἀνάγκη,

317 1496 378 1549 οὐ
402 1494 672 1567 διώρισεν.

397 1682 489 1737 15.
534 1682 875 1755 Δημόκριτος
903 1686 961 1741 δὲ
1001 1688 1317 1744 Λευκίππου
1360 1691 1567 1759 γίνεται
1598 1692 1895 1765 γνώριμος.

319 1753 659 1846 Δημόκριτος
721 1753 1106 1849 Δαμασίππου,
1179 1753 1500 1855 Ἀϐδηρίτης
1557 1753 1626 1849 ⁸³,
1680 1753 1894 1852 πόλλοίς
1930 1753 1973 1808 Β

323 1864 619 1935 συμϐαλὼν
652 1873 1119 1938 γυμνοσοφισταίς
1175 1873 1234 1925 ὲν
1276 1872 1477 1938 Ἰνδοῖς,
1529 1875 1624 1928 καὶ
1659 1876 1897 1947 ἱερεῦσιν

315 1956 373 2007 ὲν
401 1955 687 2027 Αἰγύπτῳ,
730 1960 827 2013 καὶ
857 1960 1208 2033 ἀστρολόγοις
1238 1965 1330 2018 καὶ
1358 1967 1437 2018 ’ὲν
1474 1966 1754 2021 Βαϐυλῶνι
1794 1970 1896 2039 μά-

314 2059 455 2110 γοις.
512 2046 674 2115 Λέγει
725 2048 783 2101 δὲ
823 2050 1024 2120 ὁμοίως
1072 2053 1377 2126 Λευκίππῳ
1426 2057 1554 2127 περὶ
1590 2060 1893 2129 στοιχείων,

315 2136 557 2206 πλήρους
585 2138 677 2190 καὶ
713 2140 891 2202 κενοῦ.
919 2143 982 2196 τὸ
1020 2145 1121 2213 μὲν
1162 2147 1368 2217 πλῆρες
1399 2147 1573 2217 λέγων
1601 2149 1694 2213 ὃν,
1734 2151 1795 2204 τὸ
1839 2152 1895 2205 δὲ

315 2226 493 2289 κενὸν,
523 2229 637 2281 οὐκ
671 2229 742 2281 ὄν
767 2247 780 2262 ·
815 2232 969 2301 ἔλεγε
1005 2235 1059 2287 δὲ
1090 2236 1166 2299 ὡς
1194 2237 1283 2289 ἀεὶ
1312 2239 1647 2310 κινουμένων
1671 2243 1781 2297 τῶν
1809 2244 1894 2297 ὅν-

314 2334 421 2371 των
450 2319 603 2390 ἐντῷ
630 2322 776 2391 κενῷ
796 2339 807 2351 ·
825 2324 1088 2395 ἀπείρους
1116 2328 1172 2381 δὲ
1198 2323 1339 2382 εἶναι
1372 2329 1381 2399 Ι
1415 2330 1654 2402 κόσμους
1681 2334 1776 2387 καὶ
1799 2353 1897 2405 με-

314 2409 469 2475 γέθει
512 2410 892 2484 διαφέροντας,
937 2416 994 2469 έν
1030 2436 1151 2472 τισι
1174 2420 1229 2472 δὲ
1261 2420 1335 2491 μὴ
1366 2416 1507 2475 εἶναι
1548 2424 1701 2494 ἥλιον
1760 2428 1895 2498 μηδὲ

318 2500 573 2571 σελήνην,
609 2500 666 2554 ἐν
695 2520 806 2556 τισι
832 2504 888 2557 δὲ
911 2506 1085 2576 μείζω
1106 2507 1215 2563 τῶν
1244 2513 1376 2582 παρ’
1400 2513 1554 2583 ἡμῖν,
1591 2516 1684 2568 καὶ
1708 2516 1767 2571 εν
1785 2535 1894 2571 τισι

314 2591 509 2645 πλείω.
543 2589 700 2646 Εἶναι
729 2595 786 2648 δὲ
824 2597 934 2649 τῶν
962 2600 1184 2670 κόσμων
1217 2603 1380 2658 ἄνισα
1419 2606 1489 2661 τά
1525 2607 1892 2681 διαστήματα,

314 2683 412 2737 καὶ
442 2687 510 2754 τῇ
542 2685 646 2755 μὲν
684 2687 927 2753 πλείους,
962 2693 1029 2762 τῇ
1074 2692 1129 2746 δὲ
1179 2693 1456 2761 ἐλάττους,
1488 2698 1584 2751 καὶ
1626 2702 1754 2764 τοὺς
1795 2701 1895 2770 μὲν

313 2773 595 2843 αὔξεσθαι,
626 2777 754 2841 τοὺς
782 2778 841 2831 δὲ
871 2780 1168 2851 ἀκμάζειν,
1202 2786 1327 2848 τοὺς
1349 2786 1405 2839 δὲ
1441 2787 1670 2856 φθίνειν,
1703 2791 1797 2844 καὶ
1827 2793 1892 2863 τῇ

316 2865 414 2933 μὲν
444 2864 720 2932 γίνεσθαι,
752 2871 818 2939 τῇ
848 2869 906 2922 δὲ
933 2870 1140 2927 λείπειν
1165 2876 1231 2928 ⁸⁸.
1267 2876 1588 2948 Φθείρεσθαι
1614 2881 1671 2935 δὲ
1698 2883 1895 2949 αὐτοὺς

313 2953 405 3006 ὑπ’
430 2954 679 3027 ἀλλήλων
700 2961 1166 3029 προσπίπτοντας.
1192 2962 1344 3020 Εἶναι
1359 2967 1415 3019 δὲ
1461 2969 1636 3034 ἐνίους
1658 2972 1896 3044 κόσμους

316 3045 556 3117 ἐρήμους
588 3048 746 3113 ζώων
774 3052 869 3105 καὶ
907 3054 1092 3121 φυτῶν
1122 3058 1217 3111 καὶ
1254 3062 1452 3126 παντὸς
1479 3063 1668 3133 ὑγροῦ.
1698 3065 1806 3120 Τοῦ
1836 3068 1894 3123 δὲ

317 3137 445 3227 παρ’
470 3142 603 3209 ἡμῖν
637 3142 846 3213 κόσμου
877 3147 1144 3219 πρότερον
1172 3148 1253 3222 [ρ.
1287 3151 1373 3206 18.
1407 3153 1495 3225 19]
1527 3155 1625 3227 τὴν
1656 3158 1760 3227 γῆν
1787 3160 1896 3214 τῶν

316 3226 533 3299 ἄστρων
563 3234 841 3301 γενέσθαι,
888 3233 1031 3293 εἶναι
1059 3241 1116 3294 δὲ
1164 3242 1263 3314 τὴν
1297 3246 1395 3314 μὲν
1439 3226 1671 3319 σελήνην
1717 3226 1893 3320 ίκάτω,

318 3321 510 3376 ἔπειτα
540 3324 633 3378 τὸν
663 3326 835 3397 ἥλιον,
864 3327 981 3384 εἶτα
1010 3335 1136 3397 τοὺς
1170 3336 1434 3403 ἀπλανεῖς
1473 3341 1731 3412 ἀστέρας.
1757 3344 1897 3409 Τοὺς

315 3413 369 3466 δὲ
401 3413 682 3487 πλάνητας
718 3420 826 3470 οὐδ’
859 3422 1057 3487 αὐτοὺς
1081 3424 1226 3495 ἔχειν
1265 3429 1380 3482 ἴσον
1411 3429 1561 3499 ὕψος.
1602 3432 1896 3504 Ἀκμάζειν

315 3504 368 3599 δὲ
395 3507 625 3599 κόσμον,
656 3508 760 3599 ἕως
800 3513 866 3566 ἂν
894 3515 1093 3585 μηκέτι
1133 3518 1359 3591 δύνηται
1403 3522 1601 3589 ἔξωθέν
1627 3544 1680 3579 τι
1724 3544 1895 3599 προσ-

314 3597 641 3667 λαμϐάνειν.
675 3593 844 3667 Οὗτος
893 3606 1059 3674 ἐγέλα
1088 3610 1285 3676 πάντα,
1324 3614 1401 3677 ὡς
1438 3616 1676 3684 γέλωτος
1729 3620 1896 3686 ἀξίων

317 3691 539 3745 πάντων
573 3694 680 3748 τῶν
707 3697 765 3749 ὲν
789 3697 1116 3770 ἀνθρώποις.

399 3974 481 4028 Η.
512 3973 817 4052 Ξενοφάνης
846 3983 903 4036 δὲ
929 3984 958 4037 ό
988 3986 1330 4058 Κολοφώνιος
1371 3992 1728 4063 Ὀρθομένους
1757 3998 1889 4061 υἱός.

316 4059 491 4131 Οὗτος
520 4068 623 4132 ἕως
650 4072 836 4143 Κύρου
857 4075 1144 4145 διέμεινεν.
1180 4071 1352 4143 Οὗτος
1380 4059 1482 4153 ἔιρη
1510 4059 1725 4154 πρῶτος
1754 4059 1891 4143 ἀκα-

315 4160 586 4230 ταληψίαν
614 4159 754 4218 εἶναι
784 4166 1020 4234 πάντων,
1054 4170 1222 4224 εἰπὼν
1248 4170 1421 4237 οὕτως
1446 4191 1456 4202 ·

311 4383 375 4433 El
397 4383 505 4452 γὰρ
526 4384 627 4437 καὶ
648 4385 717 4439 τὰ
742 4388 1014 4454 μάλιστα
1042 4393 1197 4461 τύχῃ
1231 4397 1665 4466 τετελεσμένον
1684 4398 1888 4469 εἰπὼν,

312 4518 510 4586 Αὐτός
549 4520 704 4590 ὅμως
746 4525 857 4577 οὐκ
894 4523 1039 4591 οἶδε,
1071 4526 1251 4596 δόκος
1285 4531 1337 4583 δ’
1386 4533 1485 4586 ἐπὶ
1536 4534 1685 4675 Enim
1717 4538 1890 4639 6t1e‘tv-

1559 4622 1691 4659 κται
1768 4648 1781 4660 .

1559 4622 1691 4659 κται
1717 4622 1781 4660 °’.

314 4718 478 4787 Λέγει
508 4722 565 4775 δὲ
601 4724 681 4777 ὅτι
705 4726 855 4781 οὐδὲν
879 4729 1108 4796 γίνεται,
1143 4733 1262 4786 οὐδὲ
1308 4735 1609 4807 φθείρεται,
1652 4740 1773 4793 οὐδὲ
1805 4761 1887 4795 κι-

315 4814 507 4873 νεῖται,
535 4816 630 4867 καὶ
655 4817 737 4870 ὅτι
766 4819 823 4871 ἒν
856 4822 917 4873 τὸ
949 4824 1054 4875 πᾶν
1078 4825 1224 4877 ἐστιν
1252 4825 1354 4892 ἔξω
1391 4828 1714 4900 μεταϐολῆς.
1750 4835 1888 4904 Φησὶ

312 4904 368 4956 δὲ
426 4908 644 4960 καὶτὸν
688 4912 819 4963 θεὸν
853 4909 992 4966 εἶναι
1022 4915 1213 4983 ἀΐδιον,
1265 4921 1357 4971 καὶ
1407 4920 1522 4985 ἕνα,
1563 4924 1657 4976 καὶ
1706 4925 1888 4994 ὅμοιον

316 4996 517 5067 πάντη,
570 5001 665 5053 καὶ
707 5007 1122 5075 πεπερασμένον
1145 5009 1210 5071 ⁸⁸,
1254 5011 1346 5063 καὶ
1404 5014 1743 5083 σφαιροειδῆ,
1797 5018 1889 5069 καὶ

317 5089 452 5141 πᾶσι
483 5094 596 5155 τοῖς
636 5096 848 5165 μορίοις
884 5097 1222 5170 αἰσθητικόν.
1257 5101 1361 5154 Τὸν
1394 5103 1449 5155 δὲ
1487 5105 1640 5174 ἣλιον
1685 5109 1747 5159 ὲκ
1797 5126 1887 5177 μιο

1998 506 2053 552 ct
2082 499 2369 552 immotum
2398 509 2451 554 et
2486 499 2719 555 (initum.

2068 587 2377 658 Leucippus
2410 601 2589 643 autem
2625 589 2859 645 Zenonis
2895 591 3099 646 sodalis
3145 606 3251 646 nou
3299 593 3351 648 in
3395 593 3584 649 eadem

1999 682 2268 734 sententia
2319 682 2722 750 perseveravit,
2770 683 2864 737 sed
2915 682 3050 736 dicit
3099 683 3310 738 infinita
3358 698 3482 740 esse
3523 694 3581 739 et

1999 787 2214 843 semper
2242 774 2517 828 moventia
2552 783 2608 829 et
2635 774 3046 844 generationem
3075 776 3588 832 commutationem-

1999 881 2104 935 que
2151 868 2484 921 contiuuam.
2543 865 2820 922 Eleutenta
2865 876 3045 922 autem
3097 868 3227 923 dicit
3268 868 3485 936 plenum
3531 878 3585 923 ct

2002 958 2178 1014 inane.
2246 959 2475 1014 Mundus
2533 970 2709 1014 autem
2764 961 2912 1014 nasci
2965 961 3098 1016 dicit
3153 962 3231 1016 sic
3276 978 3290 1016 :
3348 977 3469 1016 cum
3527 961 3582 1016 in

2001 1066 2252 1123 magnum
2296 1053 2459 1107 inane
2510 1068 2576 1107 ex
2621 1053 2921 1108 continenti
2973 1064 3373 1109 coacervantur
3416 1054 3583 1110 multa

1998 1157 2228 1212 corpora
2260 1151 2315 1197 et
2345 1142 2640 1208 conﬂuant,
2676 1143 2939 1199 illidentia
2978 1144 3046 1199 ad
3079 1159 3138 1199 se
3169 1145 3403 1200 invicem
3434 1161 3585 1200 com-

2000 1235 2189 1307 plicari
2230 1250 2349 1305 quze
2394 1236 2504 1289 sint
2533 1236 2695 1290 simili
2750 1236 2931 1305 specie
2974 1246 3028 1290 et
3064 1236 3254 1292 formis
3282 1238 3581 1306 comparia,

1999 1341 2120 1393 quae
2160 1336 2341 1380 autem
2386 1342 2492 1382 non
2526 1326 2922 1396 complicentur
2951 1327 3214 1382 aliorsum
3252 1327 3401 1382 l'erri.
3431 1327 3585 1382 Mun—

2001 1418 2098 1473 dos
2124 1427 2304 1473 autem
2337 1431 2630 1489 augescere
2669 1427 2726 1472 et
2753 1417 2937 1487 perire
2964 1418 3261 1473 secundum
3290 1418 3582 1486 quamdam

2002 1511 2415 1578 necessitatem;
2468 1524 2724 1581 quasnam
2769 1518 2950 1565 autem
3008 1510 3078 1564 sit
3126 1509 3429 1565 necessitas
3477 1523 3583 1564 non

2001 1602 2267 1658 definivit.

2073 1694 2417 1751 Democritus
2463 1704 2642 1749 autem
2699 1696 2957 1766 Leucippi
3007 1696 3219 1752 exstitit
3279 1695 3582 1750 familiaris.

2004 1790 2345 1847 Democritus
2392 1789 2724 1859 Damasippi,
2774 1790 3059 1855 Abderita,
3088 1806 3209 1845 cum
3255 1790 3434 1845 multis
3460 1803 3578 1843 ver—

2004 1894 2156 1942 satus
2198 1883 2661 1955 gymn050phistis
2710 1883 2762 1937 in
2804 1881 2950 1936 indis
3000 1894 3057 1936 et
3108 1883 3486 1937 sacerdOtibns
3529 1880 3582 1935 in

2003 1977 2239 2049 Egypto
2277 1985 2331 2032 et
2358 1975 2642 2043 astrologis
2672 1984 2728 2030 et
2761 1973 3039 2044 Babylone
3071 1976 3265 2045 magis.
3312 1975 3453 2030 Dicit
3489 1988 3587 2027 au-

2006 2080 2110 2126 tem
2148 2069 2503 2126 consimiliter
2548 2067 2823 2138 Leucippo
2870 2068 2936 2122 de
2979 2066 3281 2133 elementis,
3340 2068 3498 2137 pleno
3528 2074 3586 2120 et

2004 2160 2172 2224 inani,
2206 2158 2258 2214 id
2283 2159 2423 2230 quod
2448 2158 2664 2228 plenum
2692 2166 2777 2212 est
2809 2157 3086 2227 appellans
3118 2159 3394 2222 exsistam,
3425 2158 3584 2212 inane

2003 2261 2183 2306 autem
2216 2267 2319 2306 non
2353 2252 2640 2315 exsistam;
2675 2250 2890 2305 dicebat
2923 2258 3128 2313 autem,
3159 2250 3415 2319 quoniam
3467 2265 3585 2303 mo-

2004 2349 2232 2395 veantur
2253 2354 2467 2409 semper
2496 2354 2582 2405 ea,
2619 2355 2738 2410 qua:
2768 2348 3002 2404 exstent,
3052 2339 3106 2393 iu
3137 2339 3303 2393 inani.
3338 2339 3585 2393 lnlinitos

2004 2441 2186 2486 autem
2219 2446 2341 2487 esse
2370 2432 2599 2487 mundos
2647 2440 2702 2485 et
2737 2431 3109 2501 magnitudine
3147 2431 3480 2495 dill'erentes,
3529 2431 3581 2484 in

2002 2523 2328 2592 quibusdam
2359 2534 2539 2579 autem
2572 2538 2677 2577 non
2708 2537 2830 2577 esse
2865 2522 3036 2578 solem
3071 2537 3245 2593 neque
3287 2523 3492 2586 lunam,
3528 2523 3581 2577 iu

2003 2617 2329 2687 quibusdam
2360 2625 2541 2671 autem
2572 2613 2807 2682 majores
2844 2614 3063 2678 nostris,
3094 2624 3147 2668 et
3174 2614 3225 2667 in
3260 2615 3581 2684 quibusdam

2006 2708 2211 2775 plures.
2242 2707 2375 2761 Esse
2401 2715 2581 2760 autem
2608 2707 2934 2760 mundorum
2963 2705 3254 2774 inaequales
3274 2705 3580 2768 distantias.

2003 2807 2058 2852 et
2096 2796 2301 2851 alicubi
2324 2797 2543 2865 quidem
2578 2810 2699 2850 esse
2729 2795 2912 2866 plures
2960 2797 3210 2859 mundos,
3252 2794 3446 2849 alicubi
3485 2809 3583 2849 au-

2005 2898 2112 2943 tem
2146 2889 2455 2958 pauciores,
2496 2896 2547 2942 et
2588 2887 2725 2941 alios
2756 2886 2975 2955 quidem
3023 2898 3293 2950 crescere,
3334 2885 3468 2939 alios
3500 2884 3583 2939 vi-

2003 2996 2148 3049 gere,
2166 2981 2300 3035 alios
2316 2980 2547 3049 denique
2565 2980 2764 3049 perire,
2786 2988 2839 3032 et
2856 2977 3051 3032 alicubi
3074 2977 3361 3037 exsistere,
3382 2975 3591 3029 alicubi.

2002 3073 2272 3140 deiicere;
2302 3072 2480 3140 perire
2529 3080 2709 3125 autem
2762 3085 2791 3123 a
2846 3084 2905 3124 se
2953 3069 3184 3123 invicem
3239 3069 3579 3123 collidentes.

1999 3162 2132 3218 Esse
2175 3174 2352 3216 autem
2394 3160 2658 3231 quosdam
2704 3159 2937 3215 mundos
2982 3158 3146 3215 orbos
3177 3159 3497 3213 animalibus
3528 3170 3581 3213 et

1998 3254 2199 3324 plantis
2245 3262 2300 3308 et
2358 3253 2550 3322 quovis
2610 3253 2853 3306 humido.
2922 3249 3105 3307 Nostri
3158 3260 3337 3305 autem
3396 3250 3578 3305 mundi

1998 3347 2149 3416 prius
2211 3354 2408 3399 terram
2460 3342 2714 3413 28-29
2759 3351 2943 3395 natam
2990 3356 3111 3396 esse
3163 3355 3325 3410 quam
3371 3341 3573 3401 stellas,

1997 3450 2118 3491 esse
2166 3444 2346 3490 autem
2395 3434 2578 3488 lunam
2630 3432 2792 3495 infra,
2841 3432 3036 3487 deinde
3078 3431 3271 3499 solem,
3323 3431 3577 3501 deinceps

1999 3528 2254 3582 immotas
2286 3525 2492 3581 stellas.
2545 3524 2809 3579 Errantes
2851 3531 3033 3578 autem
3083 3522 3268 3578 stellas
3301 3537 3399 3577 nec
3432 3523 3576 3593 ipsis

1998 3616 2199 3669 habere
2240 3600 2502 3682 aequalem
2539 3614 2901 3668 altitudinem.
2944 3613 3142 3684 Vigere
3187 3623 3366 3666 autem
3418 3628 3570 3665 mun-

2001 3704 2123 3757 dum
2156 3702 2327 3758 donec
2353 3704 2465 3773 jam
2508 3717 2614 3757 non
2667 3704 2838 3772 possit
2872 3702 3215 3757 extrinsecus
3257 3702 3460 3771 aliquid
3487 3719 3575 3756 as—

1997 3808 2231 3848 sumere.
2293 3791 2391 3847 llic
2437 3792 2646 3847 ridebat
2692 3793 2898 3857 oumia,
2938 3801 3195 3863 tanquam
3246 3793 3357 3848 risu
3405 3792 3577 3863 digna:

1998 3896 2182 3941 essent
2216 3901 2306 3942 res
2340 3887 2587 3940 humana:
2619 3900 2829 3939 omnes.

2068 3978 2428 4060 Xenophanes
2459 3985 2637 4031 autem
2694 3974 3062 4046 Colophonius
3110 3977 3462 4035 Ortltomenis
3514 3979 3575 4032 li-

1996 4069 2117 4124 lius.
2152 4069 2251 4123 llic
2278 4083 2448 4138 usque
2476 4069 2541 4121 ad
2575 4067 2775 4138 Cyrum
2804 4069 2955 4123 vixit.
3010 4068 3109 4125 llic
3171 4071 3381 4139 primus
3440 4072 3575 4125 dixit

1995 4177 2115 4218 esse
2147 4160 2849 4231 incomprehensibilitatem
2880 4160 3144 4228 omnium,
3179 4162 3264 4217 his
3297 4178 3425 4218 usus
3456 4177 3575 4217 ver-

1997 4256 2079 4311 bis
2108 4273 2124 4310 :

2068 4392 2278 4468 Etenim
2302 4394 2347 4448 si
2383 4392 2465 4447 vel
2498 4394 2733 4452 maxime
2778 4396 3018 4468 attigerit
3066 4394 3296 4451 dicendo
3327 4394 3379 4448 id
3434 4396 3577 4464 quod

1997 4465 2291 4536 perfectum
2313 4474 2415 4519 est.

2067 4535 2185 4609 Ipse
2211 4544 2391 4589 tamen
2428 4548 2533 4589 non
2600 4539 2765 4603 novit,
2804 4539 3045 4609 opinatio
3104 4546 3281 4592 autem
3327 4538 3573 4595 rebusin

1998 4605 2248 4659 omnibus
2267 4615 2465 4660 exstat.

1999 4743 2137 4798 Dicit
2170 4752 2347 4797 autem
2389 4745 2522 4799 nihil
2554 4746 2669 4798 ﬁeri
2699 4760 2871 4812 neque
2928 4747 3107 4813 perire
3137 4761 3311 4815 neque
3346 4748 3573 4811 moveri,

1998 4846 2051 4889 et
2077 4850 2239 4888 unum
2268 4849 2387 4888 esse
2418 4836 2728 4889 universum
2786 4837 2919 4888 citra
2971 4837 3398 4892 conversionem.
3436 4837 3579 4895 Dicit

1999 4939 2179 4982 autem
2210 4928 2371 4981 etiam
2394 4928 2562 4983 Deum
2592 4944 2713 4983 esse
2741 4938 3003 4984 aeternum
3028 4939 3083 4986 et
3113 4946 3276 4985 unum
3304 4940 3357 4986 et
3390 4946 3577 5001 aequa-

2001 5021 2161 5075 bilem
2193 5021 2262 5075 ab
2288 5022 2431 5077 omni
2463 5032 2614 5092 parte
2650 5031 2706 5078 et
2736 5024 3087 5078 terminatum
3116 5032 3172 5078 et
3209 5024 3575 5079 orbicularem

2000 5121 2053 5163 et
2074 5113 2251 5167 omnis
2301 5113 2580 5181 particulis
2644 5114 2975 5171 sensibilem.
3048 5115 3225 5172 Solem
3273 5126 3454 5173 autem
3508 5104 3623 5173 ex“

1620 5258 1856 5315 VARUS
1888 5261 2295 5319 LECTIONES.

383 5400 428 5432 so
459 5403 704 5482 γενεσραι
738 5406 1014 5482 Roeperus
1042 5428 1055 5463 :
1093 5409 1345 5482 γενέσθαι
1376 5413 1553 5482 vulgo.

1648 5417 1690 5493 ξι
1713 5415 2082 5493 οῆτωςςηὸταν
2114 5419 2399 5493 lloeperus
2433 5440 2444 5475 ε
2478 5422 2605 5477 ὅταν
2634 5423 2811 5493 vulgo.

2910 5427 2957 5455 θ’
2984 5428 3129 5502 μέγα
3163 5430 3317 5502 κενὸν
3369 5430 3575 5502 Roepc-

320 5484 410 5523 rus
445 5490 459 5525 :
496 5474 819 5542 μετάκοινον
848 5479 1022 5598 vulgo.
1103 5474 1146 5510 ⁸³
1182 5481 1322 5546 Quid
1366 5474 1556 5538 auctor
1604 5483 1798 5541 dixerit
1833 5474 2103 5557 colligitur
2132 5503 2196 5543 ex
2228 5474 2345 5543 ioco
2373 5474 2624 5561 Diogenis
2648 5474 2860 5547 Latentii
2895 5474 3575 5568 αδδ-1⁸ἶιιίιῖοσίῖοἷδεῗιῖς

320 5540 387 5593 τὰ
440 5541 497 5594 δὲ
534 5544 607 5598 μὴ
658 5546 927 5598 πεοιπλεγ
968 5547 1093 5598 έντα
1150 5552 1457 5598 susnicatnr
1486 5568 1539 5598 η-
1580 5552 1702 5598 617,
1803 5556 1847 5586 οδ
1881 5556 1970 5598 διά
2018 5576 2136 5598 τινα
2204 5559 2484 5598 Πηρηηι-ιις
2513 5576 2541 5598 ο
2580 5564 2814 5598 mman
2872 5564 2889 5598 l
2918 5569 3084 5598 ..ωιτη
3118 5583 3167 5598 η.
3222 5570 3289 5598 πω
3318 5589 3329 5598 .
3361 5570 3446 5598 ms.
3475 5571 3573 5598 -s...

316 5540 405 5616 τὰ-
440 5540 507 5594 at
534 5544 609 5616 μὴ
658 5546 929 5616 περιπλεχ

321 5610 498 5678 vulgo.

968 5547 1093 5622 év_1:_a
1150 5552 1457 5622 suspicatur
1486 5568 1541 5622 p.
1580 5552 1703 5607 617.

401 5652 498 5678 Ἦν.
693 5652 821 5668 ηυυι
848 5652 997 5686 γυνη,
1022 5652 1068 5671 ιιι
1124 5661 1135 5672 .
1184 5652 1216 5671 n

401 5680 463 5732 οὐ
511 5652 930 5755 πεπερασμένον
973 5686 1216 5745 Wollius.

590 5561 609 5613 π
658 5556 1093 5616 περιπλεχυεντα
1150 5556 1457 5619 suspicatur
1486 5568 1541 5622 p.
1580 5556 1703 5607 617.
1803 5556 1847 5586 ⁸³
1881 5556 1979 5609 διά
2018 5576 2140 5610 τινα
2204 5556 2542 5625 Βορρυιυυέε
2580 5564 2815 5630 Diogene
2871 5556 3085 5621 Laertio
3118 5583 3191 5633 rx,
3222 5570 3291 5624 52
3318 5589 3330 5623 :
3359 5556 3447 5624 6t3t
3475 5571 3573 5634 τὴν

590 5615 635 5645 ⁸⁸
677 5614 1069 5668 Ἀϐδηοίτ-ηςΜ
1124 5638 1135 5668 :
1184 5620 1492 5668 At’aBnnirrc
1543 5624 1720 5668 vniam-
1799 5627 1841 5655 6⁸
1863 5626 2133 5668 ἑνλε-ίπςμι
2166 5627 2227 5668 ll.
2264 5628 2502 5668 ilium-ne
2625 5632 2667 5662 IT
2700 5631 2928 5668 lignum.
3010 5638 3178 5668 ι’..ηηηι
3258 5656 3344 5668 -..α
3398 5654 3428 5668 ,κ
3484 5637 3538 5668 κι

806 5618 1087 5693 ηρίτης-ᾓί-
1114 5638 1135 5693 4:
1184 5618 1501 5693 Αὖδηρίτης
1543 5624 1721 5693 vulgo.
1799 5626 2133 5679 ⁶⁶ὲκλείπειν
2166 5627 2229 5681 11.
2264 5618 2524 5685 Ritterus.

2625 5632 2667 5662 ⁸⁷
2699 5631 2951 5689 Karsten.
3006 5631 3201 5706 fragm.
3258 5656 3344 5692 xiv
3396 5654 3447 5707 p.
3480 5631 3570 5691 5i.
