4032 6200
401 168 547 267 ξιοω

1530 212 1824 274 CONTRA
1865 216 2230 279 HJ‘ZRESES
2268 220 2411 279 LIB.
2445 220 2494 280 Ι.

3518 231 3662 295 3050

397 314 661 384 γενέσθαι
689 316 752 370 ἐκ
784 318 880 389 τῆς
910 320 1246 389 περιψύξεως
1268 320 1360 377 τοῦ
1389 323 1551 396 ἀέρος
1576 326 1669 380 τοῦ
1700 328 1954 398 περιέχον

2089 333 2370 400 psyeham.
2433 334 2789 389 Consentium
2840 345 3015 389 utem
3074 338 3232 391 etiam
3282 340 3654 408 migrationem

383 415 512 469 τος,
560 404 640 458 διὸ
688 407 779 460 καὶ
812 407 1091 463 καλεῖσθαι
1123 412 1321 484 ψυχήν.
1389 415 1737 485 Ὀμολογοῦσι
1784 419 1840 470 δὲ
1881 420 1976 473 καὶ

400 500 895 569 μετενσωμάτωσιν
923 504 1167 571 γίνεσθαι
1194 508 1513 579 ὡρισμένων
1538 512 1712 565 οὐσῶν
1737 513 1845 565 τῶν
1870 514 1974 583 ψυ-

395 586 528 657 χῶν.
551 589 943 661 Προσδέχονται
964 595 1017 647 δὲ
1033 597 1343 667 ἐκπύρωσιν
1362 598 1401 629 ³⁸
1425 598 1642 653 ἔσεσθαι
1661 602 1755 653 καὶ
1772 603 1977 675 κάθαρ-

397 695 483 732 σιν
510 680 603 732 τοῦ
627 681 833 749 κόσμου
868 685 1080 745 τούτου.
1113 690 1161 740 οἱ
1192 690 1291 757 μὲν
1323 691 1541 754 παντὸς,
1576 695 1623 745 οἱ
1651 695 1707 746 δὲ
1743 696 1968 767 μέρους,

397 772 492 825 καὶ
522 774 667 824 κατὰ
702 774 867 843 μέρος
891 775 947 827 δὲ
986 778 1146 830 αὐτὸν
1174 778 1533 849 καθαίρεσθαι
1564 782 1814 851 λέγουσιν
1836 802 1849 815 ·
1881 787 1976 839 κα)⁵

398 863 583 933 σχεδὸν
608 864 706 933 τὴν
744 865 949 936 φθορὰν
993 870 1086 921 καὶ
1115 870 1214 940 τὴν
1245 871 1432 942 ἐτέρου
1475 873 1533 937 ἐξ
1564 875 1731 945 αὐτῆς
1765 877 1975 943 γένεσιν

392 956 719 1022 κάθαρσιν³¹
746 957 1122 1026 ὀνομάζουσιν.
1149 961 1387 1032 mpm
1410 965 1463 1017 δὲ
1492 965 1668 1018 πάντα
1690 967 1972 1031 ὑπέθεντο,

391 1047 492 1098 καὶ
522 1046 681 1115 σῶμα
712 1047 801 1100 διὰ
828 1048 1080 1118 σώματος
1111 1051 1210 1120 μὲν
1240 1058 1434 1123 χωρεῖν
1458 1055 1523 1120 ³³,
1568 1055 1705 1108 ἀλλὰ
1736 1058 1972 1111 ἀνάκλα-

395 1154 485 1191 σιν
509 1138 554 1170 ⁸⁸
584 1133 723 1192 εἶναι
762 1141 855 1192 καὶ
884 1142 1280 1212 πεπληρῶσθαι
1316 1147 1493 1201 πάντα
1518 1148 1609 1201 καὶ
1639 1148 1803 1219 μηδὲν
1831 1146 1967 1203 εἶναι

390 1230 570 1285 κενόν.
607 1230 791 1282 Ταῦτα
822 1234 915 1284 καὶ
941 1234 989 1284 οἱ
1022 1233 1266 1289 Στωϊκοί.

462 1322 553 1376 Si.
610 1323 926 1395 Ἐπίκουρος
979 1326 1035 1378 δὲ
1098 1328 1282 1397 σχεδὸν
1336 1330 1584 1384 ἐναντίαν
1624 1334 1755 1386 πᾶσι
1812 1334 1970 1401 δόξαν

387 1411 564 1465 ἔθετο.
613 1413 811 1483 Ἀρχὰς
865 1414 967 1483 μὲν
1004 1416 1113 1469 τῶν
1164 1419 1300 1472 ὅλων
1342 1421 1570 1476 ὑπέθετο
1614 1425 1848 1495 ἀτόμους
1878 1428 1970 1479 καὶ

388 1500 573 1555 κενόν.
600 1502 767 1554 Κενὸν
812 1503 908 1573 μὲν
938 1499 1047 1557 οἷον
1073 1507 1238 1560 τόπον
1275 1510 1381 1563 τῶν
1409 1513 1701 1580 ἐσομένων,
1734 1516 1970 1585 ἀτόμους

386 1590 449 1642 δὲ
499 1592 596 1661 τὴν
640 1592 793 1663 ὓλην,
828 1594 887 1659 ἐξ
930 1590 997 1667 ἧς
1044 1597 1110 1650 τά
1142 1600 1340 1655 πάντα.
1389 1601 1483 1655 Ἐκ
1509 1604 1565 1657 δὲ
1611 1606 1718 1657 τῶν
1749 1607 1967 1677 ἀτόμων

2080 424 2381 476 animarum
2414 426 2699 493 exsistere,
2734 443 2855 481 cum
2881 428 3115 483 delinitur
3146 432 3255 484 sint
3307 433 3519 489 animas.
3557 436 3659 488 Su-

2080 523 2234 567 munt
2270 524 2452 567 autem
2500 516 2975 585 conﬂagrationcm
3025 520 3139 575 fore
3183 533 3235 575 et
3286 525 3655 590 purgationem

2081 606 2237 673 hujus
2268 608 2472 671 mumli,
2498 609 2585 660 alii
2619 613 2872 665 universi.
2918 614 3086 679 partis
3110 614 3195 665 alii
3225 625 3279 668 et
3319 633 3413 683 per
3445 627 3652 683 partem

2077 712 2200 749 eum
2238 699 2451 765 purgari
2504 700 2693 764 aiunt,
2725 711 2775 754 et
2822 719 2956 769 pene
2986 705 3261 757 interitum
3298 709 3543 777 aliusque
3586 724 3649 761 ex

2077 802 2141 839 eo
2188 790 2592 854 generationem
2648 794 3020 862 purgationem
3074 796 3362 863 appellant.
3410 800 3651 863 Corpora

2078 888 2257 932 autem
2290 882 2540 934 universa
2580 894 2783 950 ponunt
2813 895 2866 937 et
2894 901 3089 951 corpus
3115 897 3398 954 penetrare
3432 890 3650 957 quidem

2077 985 2174 1038 per
2215 987 2433 1040 corpus,
2472 974 2563 1027 Sed
2595 975 2971 1029 refractionem
3009 994 3146 1041 esse,
3190 989 3241 1030 et
3278 980 3493 1047 impleta
3531 995 3653 1035 esse

2076 1061 2258 1115 omnia
2289 1078 2389 1116 nec
2423 1066 2715 1133 quidquam
2748 1082 2872 1121 esse
2910 1083 3159 1122 vacuum.
3194 1067 3320 1123 Haac
3352 1070 3566 1138 quidem
3600 1079 3655 1124 et
3708 1108 3711 1111 ς

2076 1152 2266 1207 Stoici.

2143 1328 2405 1397 Epicurus
2435 1343 2612 1386 autem
2636 1347 2770 1402 pene
2802 1334 3130 1389 contrariam
3160 1335 3429 1389 universis
3452 1338 3652 1391 doctri-

2074 1436 2197 1472 nam
2234 1422 2516 1487 professus
2558 1435 2659 1478 est.
2712 1424 2984 1495 Principia
3019 1429 3259 1481 Omnium
3300 1428 3486 1481 statuit
3538 1437 3654 1482 ato-

2074 1527 2190 1566 mos
2208 1524 2260 1566 ct
2286 1514 2475 1566 inane:
2509 1516 2666 1569 inane
2682 1517 2901 1585 quidem
2930 1529 3182 1587 tauquam
3209 1520 3439 1588 spatium
3468 1534 3648 1573 rerum

2074 1603 2376 1659 futurarum
2410 1647 2425 1671 ,
2460 1616 2670 1663 atomos
2707 1620 2885 1664 autem
2919 1614 3243 1679 materiem,
3297 1629 3361 1666 ex
3391 1630 3493 1683 qua
3531 1615 3652 1667 uni-

390 1683 757 1736 συνελθόντων
791 1686 1043 1753 γενέσθαι
1089 1690 1183 1743 καὶ
1210 1691 1300 1743 τὸν
1322 1692 1476 1756 Θεὸν,
1518 1695 1612 1746 καὶ
1643 1695 1717 1767 [ρ.
1751 1698 1841 1752 9.7.
1872 1698 1957 1771 28]

2073 1709 2247 1749 versa.
2299 1694 2375 1749 Ex
2421 1699 2728 1766 congressis
2758 1710 2939 1751 autem
2976 1702 3170 1755 atomis
3206 1703 3479 1757 eXSlilisSE
3506 1702 3650 1774 42-

386 1775 460 1827 τὰ
491 1779 729 1845 στοιχεῖα
756 1777 801 1808 ⁸⁸
835 1779 1034 1843 πάντα,
1077 1782 1173 1834 καὶ
1198 1782 1268 1834 τὰ
1296 1785 1355 1835 ὲν
1384 1785 1569 1848 αὐτοῖς
1601 1788 1778 1841 πάντα
1809 1792 1900 1843 καὶ
1922 1792 1967 1822 ³⁸

388 1867 509 1933 ζῶα
537 1871 627 1923 καὶ
655 1870 811 1936 ἄλλα,
861 1874 934 1936 ὡς
983 1874 1149 1943 μηδὲν
1176 1875 1425 1942 γίνεσθαι
1456 1881 1592 1949 μήτε
1619 1882 1964 1948 συνεστάναι,

385 1958 439 2009 εί
470 1958 544 2026 μὴ
578 1958 640 2010 ἐκ
669 1958 777 2010 τῶν
807 1961 1025 2031 ἀτόμων
1054 1965 1167 2032 εἴη.
1197 1966 1307 2028 Ti;
1335 1967 1391 2020 δὲ
1423 1969 1658 2039 ἀτόμους
1685 1970 1745 2022 τὸ
1771 1972 1965 2026 λεπτο-

388 2048 725 2116 μερέστατον
754 2053 846 2103 καὶ
875 2053 957 2119 ἐφ’
989 2054 1032 2085 ³⁷
1058 2049 1117 2109 οὖ
1141 2056 1241 2109 οὐκ
1271 2057 1336 2110 ἂν
1362 2059 1572 2125 γένοιτο
1598 2062 1821 2131 κέντρον
1846 2064 1965 2118 οὐδὲ

386 2143 617 2208 σημεῖον
659 2141 811 2194 οὐδὲν
842 2143 961 2196 οὐδὲ
990 2145 1256 2219 διαίρεσις
1280 2150 1526 2220 οὐδεμία,
1557 2151 1659 2223 ἔφη
1694 2149 1853 2216 εἶναι,
1886 2155 1964 2208 διὸ

381 2232 485 2282 καὶ
524 2232 755 2301 ἀτόμους
788 2236 956 2298 αὐτὰς
983 2237 1252 2309 ὠνόμασε.
1293 2241 1396 2292 Τὸν
1434 2242 1489 2295 δὲ
1521 2242 1652 2297 θεὸν
1685 2246 1962 2314 ὁμολογῶν

380 2315 529 2373 εἶναι
555 2323 719 2376 ἀΐδιον
742 2327 835 2377 καὶ
863 2325 1138 2397 ἄφθαρτον
1156 2346 1289 2398 φησι
1317 2331 1543 2399 μηδενὸς
1566 2337 1835 2403 προνοεῖν,
1868 2336 1963 2387 καὶ

377 2412 525 2475 ὅλως
578 2417 830 2486 πρόνοιαν
891 2418 967 2489 μὴ
1012 2415 1152 2473 εἶναι
1216 2422 1351 2491 μηδὲ
1399 2424 1763 2494 εἱμαρμένην,
1825 2426 1962 2480 ἀλλά

375 2508 565 2560 πάντα
594 2509 735 2561 κατά
773 2510 1183 2581 αὐτοματισμὸν
1229 2513 1499 2581 γίνεσθαι.
1534 2516 1822 2586 Καθῆσθαι
1853 2517 1960 2589 γὰρ

374 2598 479 2652 τὸν
509 2599 645 2653 Θεὸν
670 2603 727 2653 ἐν
772 2605 881 2665 τοῖς
914 2606 1325 2675 μετακοσμίοις,
1355 2606 1498 2660 οὕτω
1537 2609 1891 2678 καλουμένοις
1914 2609 1960 2641 ³⁸

378 2691 480 2744 ὑπ’
512 2692 710 2746 αὐτοῦ’
754 2694 857 2760 ἔξω
888 2695 995 2765 γάρ
1041 2713 1095 2749 τι
1123 2697 1218 2749 τοῦ
1260 2702 1465 2768 κόσμου
1512 2702 1829 2771 οἰκητήριον
1863 2701 1957 2755 τοῦ

375 2784 518 2838 Θεοῦ
549 2785 701 2839 ἔθετο
729 2783 890 2851 εἶναι,
926 2789 1218 2859 λεγόμενον
1238 2789 1307 2843 τὰ
1339 2792 1704 2861 μετακόσμια,
1733 2794 1957 2864 ἥδεσθαί

370 2893 442 2929 τε
488 2878 585 2930 καὶ
624 2878 915 2948 ἡσυχάζειν
957 2880 1015 2932 ὲν
1069 2882 1132 2950 τῇ
1180 2880 1460 2954 ἀκροτάτῃ
1500 2883 1830 2955 εὐφροσύνῃ,
1862 2886 1957 2938 καὶ

380 2968 521 3038 μήτε
553 2969 713 3021 αὑτὸν
745 2971 1043 3041 πράγματα
1065 2971 1272 3041 δ’δὲχειν
1299 2974 1435 3043 μήτε
1462 2973 1641 3036 ἄλλοις
1671 2976 1952 3046 παρέχειν.

373 3054 476 3122 Οἷς
515 3061 804 3114 ἀκόλουθον
838 3064 939 3116 καὶ
968 3062 1057 3115 τὸν
1093 3065 1219 3134 περὶ
1256 3064 1366 3117 τῶν
1399 3065 1581 3134 σοφῶν
1608 3066 1817 3133 ἀνδρῶν
1848 3061 1953 3120 ἶπε-

374 3152 601 3221 ποίηται
647 3153 825 3221 λόγον,
860 3154 1033 3223 λέγων
1078 3155 1139 3207 τὸ
1183 3156 1335 3218 τέλος
1377 3158 1478 3226 τῆς
1527 3158 1719 3225 σοφίας
1739 3158 1786 3190 ⁸⁸)
1815 3153 1952 3212 εἶναι

367 3240 594 3312 ἡδονήν.
624 3242 808 3295 Ἄλλοι
844 3243 898 3295 δὲ
922 3244 1094 3307 άλλως
1132 3245 1193 3297 τὸ
1223 3246 1393 3315 ὄνομα
1421 3247 1518 3316 τῆς
1551 3247 1743 3318 ἡδονῆς
1771 3247 1953 3313 ἐξέλα-

372 3332 597 3399 ﬁmi-{oi
644 3334 741 3402 μὲν
770 3335 878 3405 γὰρ
922 3337 1256 3406 κατενόησαν
1290 3340 1333 3369 ⁸⁸
1375 3338 1474 3401 τὰς
1536 3339 1851 3409 ἐπιθυμίας,
1900 3342 1950 3394 ol

369 3426 555 3498 δὲτὴν
582 3427 673 3481 ἐπὶ
704 3431 769 3498 τῇ
816 3430 982 3499 ἀρετῇ
1020 3428 1232 3499 ἡδονήν.
1272 3429 1383 3491 Τὰς
1411 3429 1466 3481 δὲ
1499 3429 1677 3499 ψυχὰς
1705 3430 1812 3483 τῶν
1856 3432 1949 3485 ἀν-

365 3518 613 3589 θρώπων
647 3520 867 3572 λύεσθαι
910 3519 1025 3589 ἅμα
1050 3523 1162 3583 τοῖς
1192 3519 1458 3590 σώμασιν,
1492 3520 1681 3593 ῶσπερ
1706 3522 1798 3574 καὶ
1823 3537 1951 3589 συγ-

368 3611 668 3679 γεννᾶσθαι
711 3612 892 3673 αὑτοῖς
931 3610 1159 3663 τίθεται*
1192 3605 1330 3680 αἷμα
1359 3611 1467 3680 γὰρ
1497 3611 1667 3674 αὑτάς
1695 3607 1855 3675 εἶναι,
1888 3606 1948 3665 οὗ

369 3703 683 3768 ἐξελθόντος
727 3705 759 3774 ἢ
796 3704 1095 3774 τραπέντος
1126 3703 1456 3756 ἀπόλλυσθαι
1484 3704 1604 3756 ὅλον
1626 3704 1714 3757 τὸν
1736 3705 1947 3776 ἄνθρω-

369 3812 497 3862 πον,
532 3790 577 3865 ᾧ
608 3796 891 3849 ἀκολουθεῖ
918 3798 1051 3867 μήτε
1097 3796 1307 3868 κρίσεις
1349 3792 1486 3849 εἶναι
1520 3798 1578 3851 ἐν
1609 3796 1757 3869 ᾅδου,
1810 3799 1945 3867 μήτε

363 3888 720 3959 δικαστήρια,
744 3888 817 3951 ὡς
834 3889 879 3919 δ’
915 3890 943 3942 ὂ
970 3906 1021 3941 τι
1047 3887 1113 3941 ἂν
1138 3888 1314 3960 δράσῃ
1342 3906 1425 3951 τις
1453 3891 1508 3941 ἐν
1540 3887 1617 3958 τῷ
1645 3888 1745 3958 βίῳ
1770 3888 1947 3961 τούτῳ

360 3982 469 4033 καὶ
506 3980 732 4051 διαλάθῃ
769 3981 1059 4035 ἀνεύθυνον
1098 3976 1237 4034 εἶναι
1273 3979 1572 4044 παντελῶς.
1616 3980 1800 4043 Οὕτως
1852 3978 1945 4036 οὖν

360 4073 469 4126 καὶ
510 4073 728 4126 Ἐπίκου
738 4090 847 4143 ρος.

440 4162 530 4217 23.
578 4162 746 4231 ’Ἄλλη
778 4163 833 4214 δὲ
864 4162 1076 4231 αἵρεσις
1121 4161 1427 4230 φιλοσόφων
1470 4159 1673 4232 ἐκλήθη
1714 4162 1944 4233 Ἀκαδη-

363 4252 566 4324 μαϊκὴ,
594 4253 682 4306 διὰ
704 4254 762 4305 τὸ
787 4256 843 4306 ἐν
863 4256 926 4323 τῇ
972 4252 1276 4324 Ἀκαδημίᾳ
1306 4253 1404 4314 τὰς
1428 4251 1709 4323 διατριῦὰς
1747 4253 1944 4316 αὐτοὺς

2068 1784 2175 1857 43
2215 1788 2375 1839 etiam
2411 1785 2576 1839 Deum
2608 1796 2663 1841 et
2701 1787 2966 1841 elementa
3000 1788 3098 1861 [et
3144 1791 3417 1864 mundos]
3446 1805 3499 1847 et
3532 1803 3651 1862 qua!

2069 1885 2193 1931 sunt
2224 1880 2273 1930 in
2305 1880 2384 1932 eis
2410 1879 2590 1932 onmia
2624 1919 2638 1944 ,
2696 1890 2748 1933 et
2775 1881 3028 1933 animalia
3078 1892 3132 1935 et
3165 1883 3393 1953 reliqua,
3428 1892 3486 1939 ut
3518 1886 3651 1939 nihil

2070 1982 2245 2035 neque
2277 1967 2367 2020 fiat
2398 1982 2575 2036 neque
2627 1970 2934 2035 exstiterit,
2991 1971 3092 2025 nisi
3146 1974 3287 2040 quod
3338 1989 3402 2027 ex
3454 1976 3649 2029 atomis

2066 2067 2254 2112 natum
2288 2061 2375 2112 sit.
2430 2059 2658 2113 Atomos
2693 2069 2873 2115 autem
2920 2064 3293 2116 tennissinmm
3335 2074 3389 2117 et
3443 2063 3495 2116 in
3539 2078 3647 2133 quo

2066 2161 2187 2201 esse
2216 2158 2447 2216 nequeat
2486 2164 2658 2215 neque
2699 2162 2970 2216 centrum,
3008 2168 3184 2221 neque
3220 2154 3435 2223 signum
3468 2195 3484 2219 ,
3545 2170 3647 2209 nec

2066 2237 2297 2306 denique
2322 2238 2514 2291 divisio
2539 2239 2639 2291 ulla
2665 2240 2801 2293 dixit
2831 2256 2972 2307 esse,
3002 2258 3337 2314 quapropter
3357 2256 3409 2300 ct
3437 2256 3646 2302 atomos

2064 2339 2160 2381 eas
2192 2331 2423 2381 vocavit.
2472 2329 2635 2383 Deum
2662 2345 2840 2387 autem
2871 2350 3161 2403 perennem
3193 2348 3246 2389 et
3282 2338 3644 2394 immortalem

2064 2418 2347 2473 confessus
2391 2435 2512 2474 esse
2553 2422 2685 2474 dicit
2722 2423 2922 2478 nullius
2976 2426 3050 2479 rei
3101 2428 3491 2494 providentiam
3544 2429 3643 2482 ha-

2062 2509 2212 2574 bere,
2246 2524 2423 2579 neque
2456 2513 2677 2565 omnino
2713 2527 2832 2567 esse
2864 2516 3255 2584 providentiam
3300 2535 3399 2572 nec
3449 2519 3640 2584 fatum,

2061 2602 2155 2657 sed
2188 2606 2368 2655 omnia
2400 2601 2621 2657 fortuito
2656 2605 2795 2659 lieri.
2826 2605 3126 2663 Considere
3176 2613 3320 2663 enim
3366 2611 3532 2665 Deum
3585 2612 3640 2665 in

2061 2695 2218 2757 locis,
2256 2711 2375 2763 quae
2412 2696 2775 2749 intermundia
2811 2700 3079 2767 appellat;
3113 2712 3263 2754 extra
3297 2703 3441 2756 enim
3480 2720 3641 2758 num-

2060 2787 2182 2841 dmn
2221 2789 2489 2859 quoddam
2528 2787 2617 2841 Dei
2657 2788 3024 2844 habitaculum
3076 2807 3195 2847 esse
3239 2794 3427 2848 Statuit
3466 2810 3641 2865 eaque

2060 2878 2423 2933 intermundia
2446 2883 2652 2947 vocari,
2674 2883 2952 2952 la'tarique
2969 2893 3023 2937 et
3039 2886 3377 2952 requiescere
3396 2886 3448 2939 in
3468 2897 3643 2942 extre-

2060 2985 2145 3023 ma
2181 2970 2448 3024 hilaritate
2472 3013 2487 3037 ,
2525 2988 2700 3042 neque
2738 2975 2908 3041 ipsum
2945 2973 3027 3028 vel
3061 2975 3261 3029 habere
3303 2978 3515 3046 negotia
3551 2978 3639 3032 vel

2065 3059 2306 3131 praebere
2346 3062 2487 3115 aliis.
2534 3062 2741 3130 Quibus
2774 3077 3195 3122 consentaneum
3243 3077 3297 3122 et
3324 3070 3390 3123 de
3419 3071 3639 3139 sapien-

2064 3153 2206 3207 tibus
2265 3152 2576 3209 hmniuibus
2631 3155 2871 3210 instituit
2931 3158 3392 3226 disputationem,
3451 3161 3640 3217 dicens

2062 3242 2222 3297 linem
2262 3246 2544 3313 Sapientia:
2578 3261 2699 3300 esse
2728 3247 3081 3317 voluptatem.
3125 3249 3227 3302 Alii
3260 3260 3442 3303 autem
3481 3252 3640 3305 aliter

2058 3346 2245 3387 vocem
2282 3335 2572 3400 voluptatis
2604 3337 2939 3404 interpretati
2969 3344 3132 3401 sunt;
3166 3336 3256 3389 alii
3304 3338 3447 3389 enim
3482 3338 3641 3391 intel-

2057 3425 2308 3479 lexerunt
2358 3425 2720 3492 Cupiditates,
2771 3426 2862 3479 alii
2894 3436 3073 3479 autem
3114 3440 3233 3481 eam
3281 3425 3631 3493 voluptatem,

2058 3533 2219 3585 quam
2254 3517 2414 3571 habet
2457 3518 2650 3571 virtus.
2692 3518 2918 3570 Animas
2969 3527 3147 3571 autem
3184 3517 3461 3571 hominum
3497 3519 3633 3572 solvi

2056 3608 2353 3661 simulcum
2381 3609 2720 3676 corporibus,
2750 3609 2907 3662 sicuti
2930 3608 3091 3663 etiam
3120 3623 3224 3661 una
3251 3610 3392 3678 gigni
3418 3610 3630 3672 statuit,

2055 3699 2369 3767 sanguinem
2403 3700 2546 3752 enim
2579 3713 2672 3752 eas
2709 3715 2851 3763 esse,
2887 3715 2995 3768 quo
3026 3714 3243 3766 egresso
3274 3712 3369 3755 aut
3417 3713 3628 3756 mutato

2056 3790 2277 3844 interire
2312 3799 2480 3843 totum
2517 3790 2811 3856 hominem,
2834 3792 3333 3846 cuicoasectarium
3363 3795 3630 3863 est,quod

2054 3883 2197 3935 nulla
2237 3896 2361 3936 esse
2385 3880 2797 3949 statuitjudicia
2843 3883 2893 3935 iu
2933 3880 3076 3938 Orco
3114 3899 3291 3954 neque
3321 3885 3632 3949 tribunalia,

2056 3985 2134 4042 ut,
2167 3973 2431 4044 quidquid
2455 3973 2789 4028 commiserit
2816 3975 3085 4044 quispiam
3124 3978 3178 4029 in
3212 3979 3311 4032 hac
3340 3979 3447 4032 vita
3474 3989 3521 4033 et
3552 3979 3631 4034 la-

2056 4068 2238 4132 tuerit,
2271 4066 2428 4137 plane
2464 4066 2682 4136 impune
2727 4066 2799 4119 illi
2833 4067 2921 4119 sit.
2966 4066 3042 4119 Ita
3069 4068 3236 4135 igitur
3261 4076 3312 4121 et
3344 4069 3628 4138 Epicurus.

2124 4160 2249 4213 Alia
2281 4158 2463 4213 schola
2502 4158 2946 4227 philosophorum
2992 4168 3180 4210 vocata
3227 4166 3311 4211 est
3346 4159 3628 4213 Academi-

2050 4266 2261 4317 corum,
2294 4251 2418 4320 quia
2452 4249 2505 4303 in
2535 4247 2826 4303 Academia
2880 4249 3319 4303 conversationes
3346 4250 3630 4305 instituere

357 4343 659 4407 ποιεῖσθαι,
686 4336 957 4414 ὧνῗᾶρξας
988 4346 1015 4396 ό
1040 4343 1292 4413 Πύρρων,
1322 4342 1414 4409 ἀφ’
1448 4336 1508 4396 οὗ
1537 4341 1875 4413 Πυρρώνειοι
1898 4343 1941 4374 ⁸³

2062 4345 2343 4407 solebant,
2390 4357 2622 4413 quorum
2656 4343 2763 4395 dux
2796 4342 2886 4411 qui
2919 4343 3133 4397 exstitit
3172 4342 3379 4413 Pyrrho
3405 4384 3418 4408 ,
3450 4358 3477 4396 a
3520 4359 3628 4413 quo

356 4436 673 4506 ἐκλήθησαν
688 4435 987 4505 φιλόσοφοι,
1010 4436 1108 4507 τὴν
1125 4435 1503 4505 ἀκαταληψίαν
1521 4435 1777 4489 ἁπάντων
1791 4435 1942 4506 πρῶ·

354 4544 456 4591 τος
480 4530 788 4597 εἰσήγαγεν,
811 4528 885 4590 ὠς
909 4530 1205 4598 ἐπιχειρεῖν
1225 4529 1324 4597 μὲν
1346 4529 1425 4589 είς
1446 4528 1701 4598 ἑκάτερα,
1724 4526 1798 4598 μὴ
1823 4526 1944 4597 μέν·

350 4636 447 4673 τοι
461 4619 850 4688 ἀποφαίνεσθαι
875 4620 1059 4690 μηδὲν.
1081 4618 1247 4672 Οὐδὲν
1267 4620 1376 4689 γὰρ
1396 4614 1533 4672 εἶναι
1552 4618 1675 4671 οὔτε
1696 4610 1801 4671 τῶν
1822 4636 1945 4689 νοη-

344 4711 473 4765 ⁴τῶν
489 4710 608 4765 οὕτε
624 4712 733 4765 τῶν
748 4710 1017 4781 αἰσθητῶν
1030 4710 1247 4780 ἀληθὲς,
1265 4710 1401 4764 ἀλλὰ
1412 4709 1587 4763 δοκεῖν
1603 4713 1716 4774 τοῖς
1732 4709 1943 4781 ἀνθρὼ-

354 4820 490 4869 ποις
511 4804 681 4869 οὕτως
710 4805 874 4875 ἔχειν.
918 4803 1180 4873 Ῥευστήν
1205 4820 1265 4856 τε
1300 4799 1441 4857 εἶναι
1481 4803 1582 4872 τὴν
1620 4802 1811 4856 οὐσίαν
1835 4804 1939 4855 πᾶ-

355 4913 466 4949 σαν
490 4897 585 4950 καὶ
623 4896 988 4968 μεταϐλητὴν,
1020 4896 1114 4949 καὶ
1145 4895 1414 4967 μηδέποτε
1439 4897 1497 4949 ὲν
1528 4895 1607 4966 τῷ
1647 4892 1795 4965 αὐτῷ
1844 4895 1937 4966 μὲ-

350 5005 493 5043 νειν.
540 4992 601 5044 Ol
655 4993 753 5061 μὲν
814 4984 906 5043 οὖν
951 4988 1060 5043 τῶν
1117 4988 1542 5058 Ἀκαδημαϊκῶν
1591 4987 1808 5055 λέγουσι
1861 4986 1935 5057 μὴ

2051 4436 2349 4507 Pyrrhonei
2378 4437 2555 4489 vocati
2594 4443 2722 4489 sunt
2747 4434 3071 4504 pliilOSOphi,
3115 4436 3627 4502 incomprehensibi-

2052 4529 2257 4583 litatem
2286 4529 2526 4583 omnium
2558 4528 2767 4597 primus
2799 4528 3132 4589 introduxit,
3159 4536 3215 4580 ut
3241 4528 3628 4596 aggrediantur

2051 4621 2269 4691 quidem
2314 4621 2364 4675 in
2415 4629 2704 4690 utramque
2736 4630 2982 4687 partem,
3034 4634 3137 4673 non
3193 4634 3319 4673 vero
3363 4619 3627 4674 deliniant

2049 4714 2368 4785 quidquam.
2396 4712 2540 4766 Nihil
2563 4713 2704 4765 enim
2720 4725 2842 4766 esse
2865 4724 3038 4779 neque
3057 4710 3621 4778 comprehensibilium

2049 4819 2223 4873 neque
2250 4802 2587 4858 sensibilium
2628 4816 2838 4867 verum,
2880 4802 2975 4854 sed
3009 4800 3176 4854 videri
3210 4802 3522 4857 hominibus
3548 4803 3622 4857 ita

2045 4911 2185 4960 esse,
2221 4895 2549 4965 ﬂuidamque
2586 4909 2707 4949 esse
2734 4895 3018 4948 materiem
3045 4909 3258 4947 omnem
3289 4904 3341 4951 et
3388 4897 3624 4951 mutabi-

2045 4987 2148 5041 lem
2193 5003 2290 5042 nec
2326 5003 2561 5055 unquam
2618 4987 2670 5041 in
2727 4986 2915 5041 eodem
2970 4985 3086 5038 loco
3115 5001 3451 5055 permanere.
3502 4986 3620 5042 1am

1618 5152 1854 5208 VARUE
1898 5151 2309 5209 LECTIONES.

431 5266 474 5299 "
506 5267 824 5337 ὶμπύρωσιν
865 5266 929 5321 0.

348 5336 548 5393 κλασιν
590 5337 650 5391 ΙΙ.
697 5337 981 5403 Rittcrns;
1010 5338 1307 5391 ἀνάστασιν
1339 5339 1530 5405 vulgo;
1579 5336 1913 5392 ἀντίστοισιν⁷
1942 5336 2238 5393 δοιγὶηἱιῖδ.

346 5420 716 5475 caugruentcr
750 5408 1118 5489 itanscript-nm
1153 5407 1312 5489 'r‘nalit
1342 5424 1356 5460 :
1395 5407 1488 5461 καὶ
1518 5406 1869 5489 τάλστοιχεῖα,
1895 5411 1990 5489 και
2021 5411 2147 5489 τους
2179 5406 2560 5489 κόσμουςλκαὶ
2581 5409 2660 5489 τά-
2681 5406 2743 5463 ἐν
2762 5411 2944 5489 αὐτοῖς
2972 5408 3169 5489 πάντα.
3320 5429 3330 5489 ς

1945 5481 1989 5513 ⁸⁸
2025 5474 2384 5546 καλουμένοις
2426 5480 2763 5537 Gronovius:
2820 5478 3155 5548 καλουμένου
3209 5479 3354 5533 lihri.
3421 5478 3465 5511 ³⁸
3494 5474 3615 5548 οὐτε

347 5491 479 5533 ante
512 5477 626 5541 ζῶα
660 5494 768 5531 nm.
802 5476 865 5529 Τ.
945 5478 989 5509 ³⁷
1014 5477 1098 5547 ἐφ’
1153 5477 1465 5544 Roeperus;
1517 5477 1634 5545 μεθ’
1665 5476 1863 5547 _vulgn.

1016 5268 1062 5340 ν
1094 5266 1363 5340 κάθαρσιν
1395 5266 1711 5340 Boeperus;
1750 5269 2050 5340 καθάρσιον
2081 5269 2259 5340 vulgo.
2335 5270 2378 5300 ³³
2418 5269 2515 5339 μὲν
2558 5274 2774 5340 χωρεῖν.
2823 5269 2897 5339 μὴ
2944 5273 3139 5340 χωρεῖν
3186 5268 3361 5340 vulgo.

3442 5267 3514 5300 αὶ

2335 5270 2378 5300 ³³
2418 5270 2515 5339 μὲν
2558 5274 2774 5340 χωρεῖν.
2823 5270 2897 5339 μὴ
2944 5273 3139 5340 χωρεῖν
3186 5270 3361 5338 vulgo.
3442 5270 3623 5323 “évdt'

2319 5341 2362 5371 ³³
2394 5340 2671 5407 “(mperiis
2716 5358 2765 5407 p.
2817 5340 2922 5394 6‘26
2966 5344 3028 5391 ad
3064 5339 3364 5393 tiOCltinam
3404 5337 3617 5405 Epicuri

3245 5408 3289 5442 “
3325 5408 3501 5462 πάντα
3530 5409 3618 5460 καὶ

359 5546 524 5599 αὑτὸν
560 5550 791 5617 πρᾶγμα
820 5547 984 5616 ἔχειν,
1006 5541 1135 5621 piata
1165 5541 1307 5621 ἄλλο)
1336 5541 1594 5618 παρέχειν
1618 5568 1634 5621 Α·
1657 5541 1701 5615 ᾧ
1724 5541 2031 5621 ἀκόλουθον
2062 5549 2124 5601 Τ.
2174 5541 2224 5621 ξδ
2253 5550 2592 5621 τῆςσοφὶας,
2623 5551 2804 5612 αὐτοῖς
2949 5541 3358 5621 δί’κατενόησαν
3382 5577 3451 5589 —-
3473 5543 3614 5599 κατὰ

348 5614 485 5688 ἔθνη
516 5614 672 5688 vulgo
745 5614 880 5671 xui“
905 5616 1157 5687 αἴσθησιν
1212 5614 1507 5687 κοῦροι-ἠεξ

1613 5612 1777 5681 Wo;
1822 5618 2128 5688 llocperus;
2166 5612 2240 5673 ὧν
2295 5612 2469 5689 vulgo;

2576 5621 2621 5652 ⁵³
2656 5619 2962 5691 Πυρρώνιοι
3021 5621 3198 5690 vulgo.
