4032 6200
532 273 663 335 3061

1971 273 2337 333 ORIGENIS

3630 280 3776 342 3062

534 382 599 436 Ut
632 381 775 435 enim
821 381 919 434 hoc
946 380 1434 449 comprehendatur
1479 389 1692 450 oportet
1737 379 1970 450 primum
2010 395 2082 450 ge-

2209 382 2465 447 ποικίλως
2494 383 2609 438 ἔστι
2637 386 3055 443 διδάσκειν.”1να
3086 386 3191 458 γὰρ
3217 387 3375 440 τοῦτο
3409 385 3729 458 καταληφθῇ
3758 430 3771 452 ι

529 474 761 526 uituram
795 471 929 538 ejus,
962 473 1051 539 qui
1093 471 1236 525 cadit
1267 471 1365 525 sub
1395 470 1877 526 considerationem
1900 511 1913 536 ,
1950 479 2099 523 certo

527 564 800 617 definitam
832 578 983 627 esse;
1039 562 1232 618 deinde
1271 572 1449 616 autem
1494 562 1871 631 horoscopium
1898 601 1912 626 ,
1956 560 2097 629 quod

530 655 671 708 illaut
699 654 994 721 significet,
1033 668 1152 708 esse
1208 669 1312 707 non
1373 654 1530 707 fallax
1557 694 1571 717 ,
1608 664 1883 724 postremo
1916 662 2095 705 autem

527 745 898 799 ascensionem
950 746 1087 814 signi
1140 756 1394 801 accurate
1451 747 1790 802 observatam
1840 762 1983 805 esse.
2038 748 2093 801 ln

529 837 785 905 pariendo
844 840 988 893 enim
1052 840 1296 894 ascensio
1358 840 1496 910 signi
1563 841 1614 894 in
1672 842 1809 896 coelo
1874 842 2098 895 orientis

526 930 809 985 observata
879 930 1169 1001 54-55
1232 948 1349 987 esse
1424 932 1621 996 debet,
1685 933 1935 1001 quoniam
2003 933 2099 986 ho-

527 1022 733 1092 roscopi
769 1022 980 1092 signum
1026 1023 1345 1078 definientes
1396 1024 1630 1078 Chaldaei
1666 1040 1730 1078 ex
1782 1024 2097 1080 ascensione

523 1113 1005 1183 configurationem
1082 1114 1357 1169 stellarum
1448 1116 1775 1181 instituunt,
1850 1115 1900 1168 id
1950 1114 2093 1183 quod

524 1201 923 1268 dispositionem
976 1201 1283 1271 appellant,
1344 1217 1449 1269 qua
1513 1202 1683 1254 innixi
1720 1202 2095 1270 praedictiones

522 1295 781 1347 formant.
817 1293 1013 1348 Verum
1052 1309 1227 1362 neque
1259 1294 1560 1361 genituram
1588 1308 1809 1356 eorum,
1864 1292 1954 1361 qui
1994 1292 2094 1347 sub

520 1385 1004 1438 considerationem
1042 1385 1239 1438 cadunt
1264 1424 1278 1448 ,
1311 1384 1433 1438 licet
1485 1384 1699 1452 assequi
1730 1427 1745 1448 ,
1777 1393 1834 1436 ut
1866 1384 2090 1446 docebo,

520 1490 693 1543 neque
711 1477 1087 1544 horoscopium
1109 1476 1327 1529 infallax
1348 1486 1451 1537 est,
1471 1491 1642 1543 neque
1661 1477 1842 1531 oriens
1882 1476 2088 1546 signum

517 1566 652 1619 satis
682 1574 935 1619 accurate
966 1567 1464 1634 comprehenditur.
1517 1566 1633 1631 Qua
1687 1567 1897 1620 ratione
1932 1567 2091 1637 igitur

519 1655 696 1723 inepta
725 1656 795 1709 sit
820 1655 1194 1710 Chaldaeorum
1231 1672 1320 1710 ars
1352 1671 1493 1710 nunc
1519 1656 1887 1710 ostendamus.
1925 1655 2090 1724 Igitur

516 1746 822 1813 genituram
861 1759 1047 1800 eorum
1085 1746 1175 1815 qui
1222 1746 1321 1800 sub
1355 1747 1839 1801 considerationem
1894 1746 2088 1800 cadent

517 1837 664 1904 prius
695 1851 814 1890 cum
847 1836 1171 1891 definierunt
1200 1852 1466 1906 quaerere,
1497 1846 1590 1891 aut
1614 1852 1642 1890 a
1668 1836 1894 1891 seminis
1922 1837 2087 1905 depo-

515 1928 713 1983 sitione
751 1938 805 1982 et
832 1929 1183 1996 conceptione
1202 1930 1425 1994 ducunt,
1458 1938 1550 1983 aut
1574 1944 1601 1981 a
1628 1937 1805 1997 partu.
1842 1928 1903 1981 Et
1925 1943 2088 1997 quan-

515 2021 585 2075 do
610 2021 729 2090 quis
747 2036 775 2073 a
803 2020 1154 2088 conceptione
1175 2019 1373 2074 ducere
1392 2020 1804 2089 periclitabitur,
1829 2030 2083 2075 accurata

513 2116 705 2169 horum
743 2115 877 2169 ratio
911 2112 1297 2183 comprehendi
1328 2114 1536 2181 nequit,
1566 2112 1763 2181 quippe
1816 2127 1939 2166 cum
1988 2126 2082 2166 ce-

514 2207 698 2261 leriter
730 2206 1026 2262 transvolet
1058 2215 1271 2275 tempus
1299 2223 1313 2271 ;
1354 2213 1409 2258 et
1450 2205 1799 2274 probabiliter
1831 2204 2082 2272 quidem;

514 2314 618 2353 non
650 2299 793 2353 enim
835 2298 1098 2352 habemus
1123 2296 1326 2361 dicere,
1358 2307 1534 2349 utrum
1563 2312 1666 2350 una
1698 2311 1818 2351 cum
1853 2293 2079 2350 transfu-

512 2391 665 2446 sione
684 2390 907 2445 seminis
939 2389 1079 2443 facta
1105 2390 1175 2443 sit
1202 2387 1485 2456 conceptio
1510 2402 1706 2442 annon.
1738 2388 1919 2442 Potest
1938 2390 2080 2442 enim

512 2478 597 2533 vel
616 2488 888 2532 momento
910 2476 1253 2547 cogitationis
1274 2475 1375 2528 hoc
1401 2474 1737 2542 contingere,
1766 2473 1906 2528 sicut
1923 2471 2081 2526 etiam

508 2567 681 2623 farina
703 2582 839 2636 aqua
863 2568 1084 2622 subacta
1114 2565 1430 2621 ardentibus
1456 2564 1682 2619 clibanis
1705 2564 1947 2619 immissa
1974 2572 2083 2618 sta-

513 2660 607 2713 tim
636 2658 1079 2729 eonglutinatur;
1109 2666 1285 2727 potest
1312 2667 1488 2711 autem
1511 2656 1671 2711 etiam
1705 2665 1824 2725 post
1855 2664 2078 2723 tempus.

509 2752 697 2821 Spatio
728 2754 871 2807 enim
900 2751 1273 2807 intercedente
1305 2751 1372 2805 ab
1402 2764 1497 2805 ore
1529 2750 1666 2805 uteri
1693 2764 1858 2818 usque
1883 2750 1944 2803 ad
1970 2748 2083 2803 fun-

509 2842 632 2895 dum
658 2879 675 2906 ,
706 2841 795 2895 ubi
829 2850 883 2893 et
912 2840 1291 2909 conceptiones
1328 2839 1440 2892 fieri
1471 2838 1623 2891 aiunt
1652 2836 1879 2902 medici,
1937 2844 2082 2889 certe

508 2931 563 2984 in
596 2930 776 2998 aliquo
810 2938 1052 2998 tempore
1086 2929 1319 2996 spatium
1354 2928 1455 2981 hoc
1483 2934 1769 2995 penetrare
1800 2935 2081 2978 consenta-

505 3033 672 3073 neum
697 3027 781 3072 est
815 3020 1101 3072 demissam
1133 3027 1381 3070 naturam
1409 3017 1652 3069 seminis.
1682 3014 1948 3069 Tencntes
1984 3015 2081 3086 igi-

510 3119 597 3164 tur
626 3108 981 3176 quantitatem
1036 3106 1292 3174 temporis
1348 3104 1489 3158 haud
1542 3114 1793 3157 accurate
1842 3104 2075 3157 Chaldaei

509 3214 783 3268 nunquam
808 3197 1213 3267 conceptionem
1238 3195 1711 3263 comprehendent.
1740 3195 1870 3247 Cum
1896 3209 2077 3249 semen

508 3286 800 3357 aliquando
831 3295 973 3340 recta
1004 3284 1279 3355 injiciatur
1307 3290 1360 3337 et
1391 3282 1521 3350 ipsis
1553 3283 1756 3336 incidat
1796 3282 1953 3336 simul
1984 3298 2079 3350 op-

507 3391 738 3449 portune
787 3379 853 3431 ad
902 3376 1306 3445 conceptionem
1337 3373 1661 3441 comparatis
1715 3374 1852 3427 uteri
1888 3372 2075 3444 [Iocis,

508 3469 797 3539 aliquando
839 3476 1016 3521 autem
1050 3464 1396 3519 multifariam
1429 3462 1712 3531 disiectum
1744 3462 1972 3525 incidat,
2011 3464 2078 3517 ab

507 3563 620 3633 ipsa
653 3571 833 3615 autem
863 3574 982 3630 quae
1009 3559 1060 3612 in
1094 3565 1247 3612 utero
1276 3565 1359 3611 est
1384 3555 1433 3609 vi
1462 3560 1513 3609 in
1548 3570 1709 3610 unum
1739 3555 1913 3610 locmn
1946 3571 2075 3611 con-

506 3650 760 3724 gregari]
810 3650 1011 3721 possit:
1064 3648 1118 3703 in
1152 3647 1491 3717 ignoratione
1519 3656 1799 3711 versatur,
1859 3646 2076 3715 quando

505 3746 715 3799 accidat
747 3743 918 3813 prius,
951 3742 1167 3811 quando
1208 3739 1456 3807 alterum,
1491 3748 1546 3795 et
1575 3749 1834 3809 quantum
1866 3748 2075 3809 tempo-

508 3838 582 3890 ris
612 3836 663 3888 in
696 3836 839 3889 illam
870 3834 1276 3902 conceptionem
1307 3839 1655 3888 consumatur
1676 3870 1690 3896 ,
1726 3840 1781 3886 et
1806 3841 2068 3901 quantum

504 3928 558 3980 in
593 3927 752 3980 hanc.
786 3923 911 3977 Haec
939 3934 1115 3977 autem
1150 3939 1271 3978 cum
1297 3923 1647 3994 ignorentur,
1676 3922 1883 3977 sublata
1911 3932 1994 3978 est
2022 3932 2076 3977 et

504 4025 756 4073 accurata
788 4015 1201 4084 comprehensio
1236 4013 1628 4083 conceptionis.
1667 4011 1761 4067 Sin
1791 4028 1940 4081 vero,
1964 4014 2073 4069 sic-

500 4111 575 4163 uti
611 4107 824 4179 quidam
854 4107 1195 4178 physicorum
1242 4106 1524 4169 dixerunt,
1576 4114 1786 4159 coctum
1828 4105 1975 4173 prius
2020 4114 2076 4160 et

500 4212 624 4255 ante
642 4207 1027 4257 commutatum
1053 4200 1103 4253 in
1132 4206 1285 4253 utero
1311 4212 1494 4252 semen
1530 4206 1641 4250 tum
1671 4198 1883 4251 demum
1911 4197 2075 4249 intrat

500 4294 552 4347 in
588 4300 821 4347 reserata
871 4290 990 4357 ejus
1025 4305 1172 4353 vasa,
1205 4289 1364 4342 sicuti
1406 4290 1458 4341 in
1492 4296 1691 4342 terram
1723 4288 1927 4341 semina
1962 4296 2071 4342 ter-

2199 472 2282 524 δεῖ
2309 473 2526 543 πρῶτον
2562 476 2660 545 μὲν
2692 478 2793 547 τὴν
2830 478 3045 547 γένεσιν
3086 477 3178 531 τοῦ
3210 477 3506 539 πίπτοντος
3538 478 3641 529 ύπὸ
3673 480 3774 547 τὴν

2200 564 2485 634 ἐπίσκεψιν
2514 566 2746 637 βεϐαίως
2773 569 3163 640 κατειλῆφθαι,
3200 568 3452 639 δεύτερον
3500 568 3601 640 [δὲ]
3630 570 3677 602 ³³
3715 570 3774 622 se

2197 654 2547 726 διασημαῖνον
2606 660 2651 689 ’⁸
2704 660 2907 731 ταύτην
2973 659 3309 730 ὡροσκόπιον
3383 658 3667 731 [ἀπλανὲς]
3727 662 3770 691 ’⁷

2198 746 2481 817 ὑπάρχειν,
2505 749 2681 821 τρίτον
2708 750 2764 802 δὲ
2786 752 2882 820 τὴν
2904 751 3181 823 ἀναφορὰν
3208 751 3253 780 ’⁸
3290 749 3383 801 τοῦ
3415 747 3598 813 ζωδίω
3628 755 3773 821 πρὸς

2198 836 2484 907 ἀκρίϐειαν
2508 838 2803 907 συνῶφοαι.
2824 840 2946 892 Ἐπὶ
2964 841 3007 872 ³³
3030 840 3129 910 μὲν
3148 839 3257 910 γὰρ
3273 842 3373 909 τῆς
3390 839 3699 902 ἁποτέξεως
3727 841 3773 871 ³⁸⁸

2197 930 2506 999 ήάναφορά
2548 930 2589 960 ³¹
2638 930 2733 983 τοῦ
2776 932 2896 983 κατ’
2940 931 3168 1002 οὐρανὸν
3216 931 3534 1000 ἀνίσχοντος
3569 931 3763 994 ζωδίου

2195 1022 2512 1091 τετηρήσθω
2543 1023 2607 1088 ³²,
2645 1023 2766 1075 ἐπεὶ
2802 1024 2846 1054 ³³
2882 1023 2943 1075 τὸ
2982 1022 3331 1094 ὠροσκοποῦν
3359 1023 3679 1092 ὁρισάμενοι
3723 1024 3770 1075 οἱ

2194 1110 2271 1181 [ρ.
2304 1112 2485 1182 55-57]
2519 1113 2774 1165 Χαλδαῖοι
2837 1114 2928 1165 ἐπὶ
2971 1113 3069 1184 τὴν
3107 1112 3382 1183 ἀναφορὰν
3431 1113 3521 1164 τὸν
3566 1129 3768 1185 συσχη-

2194 1201 2463 1270 ματισμὸν
2496 1202 2574 1267 ³⁸,
2592 1202 2699 1254 τῶν
2747 1203 2961 1273 ἄστρων
3010 1202 3306 1264 ποιοῦνται,
3356 1204 3496 1273 ὅπερ
3538 1203 3768 1275 διάθεμα

2192 1292 2469 1356 καλοῦσιν,
2503 1293 2589 1361 ἐφ’
2708 1292 2807 1355 τὰς
2850 1293 3277 1364 προαγορεύσεις
3324 1293 3762 1362 δογματίζουσιν.

2190 1382 2326 1436 υύτε
2360 1385 2417 1437 δὲ
2441 1384 2538 1455 τὴν
2562 1385 2778 1452 γένεσιν
2804 1385 2907 1437 τῶν
2927 1386 3031 1437 ὑπὸ
3057 1384 3153 1455 τὴν
3178 1388 3220 1417 ³⁸
3244 1386 3533 1453 ἐπίσκεψιν
3550 1388 3768 1439 πιπτόνο

2187 1494 2293 1529 των
2323 1476 2622 1545 λαμϐάνειν
2648 1476 2873 1530 δυνατόν
2895 1477 3063 1541 ἐστιν,
3085 1476 3160 1539 ὡς
3195 1478 3537 1547 παραστήσω
3561 1479 3626 1541 ³⁸,
3649 1478 3764 1531 οὔτε

2186 1566 2247 1618 τὸ
2275 1566 2612 1636 ὡροσκόπιον
2646 1566 2885 1631 ἀπλανὲς
2919 1566 3283 1636 καθέστηκεν,
3312 1566 3434 1620 οὔτε
3462 1568 3521 1619 τὸ
3557 1568 3764 1638 ἀνίσχον

2192 1656 2379 1722 ζώδιον
2436 1658 2573 1728 πρὸς
2619 1658 2907 1728 ἀκρίϐειαν
2965 1658 3468 1728 καταλαμϐάνεται.
3526 1657 3648 1721 Πῶς
3677 1658 3761 1712 οὖν

2188 1751 2489 1813 ἀσύστατος
2526 1752 2570 1782 ³⁷
2630 1753 2662 1820 ἡ
2697 1750 2804 1804 τῶν
2857 1751 3142 1805 Χαλδαίων
3182 1749 3403 1821 μέθοδος
3456 1749 3555 1803 νῦν
3591 1752 3755 1820 λέγω-

2191 1859 2288 1913 μεν
2320 1844 2384 1894 ³⁸.
2408 1842 2518 1910 Τὴν
2552 1842 2615 1911 δὴ
2647 1842 2690 1874 ⁸⁸
2716 1841 2931 1910 γένεσιν
2988 1841 3097 1895 τῶν
3157 1840 3263 1894 ὑπὸ
3325 1841 3427 1911 τὴν
3481 1842 3758 1911 ἐπίσκεψιν

2188 1934 2539 2004 πεσουμένων
2595 1934 2858 2005 πρότερον
2913 1933 3197 2002 ὁρίσαντες
3244 1932 3288 1964 ⁸ο
3330 1933 3617 2001 ἐπιζητεῖν
3649 1934 3756 2003 ﬁte:

2187 2027 2295 2079 ἀπὸ
2318 2027 2417 2096 τῆς
2450 2025 2543 2078 τοῦ
2606 2026 2919 2096 σπέρματος
2965 2024 3273 2093 καταϐολῆς
3308 2024 3402 2077 καὶ
3445 2023 3757 2094 συλλήψεως

2185 2118 2553 2187 λαμϐάνουσιν
2605 2117 2637 2186 ἢ
2688 2116 2795 2169 ἀπὸ
2830 2115 2931 2184 τῆς
2964 2115 3249 2182 ὲκτέξεως.
3287 2115 3394 2168 Καὶ
3426 2117 3475 2168 εἰ
3518 2116 3621 2185 μὲν
3662 2116 3759 2169 ἀπὸ

2185 2208 2282 2277 τῆς
2313 2206 2623 2276 συλλήψεως
2662 2206 2958 2275 λαμϐάνειν
3004 2206 3344 2277 ἐπιχειρήσει
3386 2222 3495 2270 τις,
3524 2206 3757 2275 ἄληπτός

2185 2297 2333 2349 ἐστιν
2356 2298 2382 2349 ὁ
2410 2295 2642 2366 ἀκριϐὴς
2676 2294 2802 2365 περὶ
2841 2293 3030 2346 τούτου
3069 2293 3259 2362 λόγος,
3293 2293 3465 2363 ταχὺς
3503 2295 3758 2364 ὑπάρχων

2183 2384 2400 2453 χρόνος·
2458 2383 2555 2434 καὶ¹
2610 2378 2856 2444 εἰκότως.
2916 2381 2989 2432 Ού
3050 2380 3158 2451 γὰρ
3184 2380 3383 2451 ἔχομεν
3416 2380 3625 2448 λέγειν,
3658 2384 3756 2435 εἴτε

2184 2475 2301 2544 ἅμα
2332 2475 2396 2543 τῇ
2434 2472 2728 2543 ματαθέσει
2765 2471 2804 2501 ⁸¹
2840 2471 2932 2524 τοῦ
2969 2472 3279 2542 σπέρματος
3310 2472 3541 2540 γέγονεν
3562 2474 3608 2543 ,ἡ
3642 2472 3758 2526 σύλ-

2183 2564 2343 2635 ληψις
2390 2564 2499 2615 εἴτε
2530 2563 2623 2615 καὶ
2682 2562 2775 2632 μή.
2835 2561 3064 2615 Δύναται
3100 2561 3198 2632 μὲν
3220 2564 3331 2633 γὰρ
3363 2564 3459 2615 καλ⁸
3487 2564 3607 2633 ἅμα
3638 2564 3756 2634 νοήο

2186 2673 2316 2727 ματι
2367 2653 2525 2707 τοῦτο
2594 2653 2931 2723 συμϐαίνειν,
2980 2652 3168 2723 ὥσπερ
3200 2654 3293 2705 καὶ¹
3354 2654 3418 2706 τὸ
3453 2653 3755 2725 προσαχθὲν

2181 2750 2293 2810 τοῖς
2319 2745 2602 2815 διαπύροις
2636 2743 2743 2797 τῶν
2775 2743 3043 2797 κλιϐάνων
3076 2745 3242 2815 στέαρ
3276 2744 3441 2807 εὐθὺς
3479 2744 3753 2811 κολλᾶται,

2180 2840 2403 2894 δύναται
2433 2837 2489 2891 δὲ
2517 2836 2609 2890 καὶ
2650 2835 2787 2906 μετά
2812 2836 3023 2907 χρόνον.
3056 2837 3259 2907 Διαστή
3270 2852 3440 2905 ματος
3478 2836 3590 2906 γὰρ
3612 2837 3757 2900 ὄντος

2181 2933 2289 2985 ἀπὸ
2317 2931 2409 2984 τοῦ
2446 2928 2708 3000 στόματος
2757 2930 2854 2998 τῆς
2882 2928 3097 2999 μήτρας
3128 2926 3289 2998 μέχρι
3321 2927 3418 2980 τοῦ
3464 2927 3755 2998 πυθμένος,

2107 3042 2151 3104 C
2183 3022 2311 3075 ἔνθα
2366 3021 2460 3074 καὶ
2504 3020 2603 3082 τάς
2633 3019 2919 3090 συλλήψεις
2980 3018 3199 3088 λέγουσι
3258 3017 3507 3086 γίνεσθαι
3559 3019 3761 3091 ἰατροὶ.

2182 3114 2399 3173 πάντως
2431 3112 2488 3164 ὲν
2522 3112 2698 3182 χρόνῳ
2722 3112 2828 3163 τινὶ
2884 3108 2943 3162 τὸ
2965 3110 3239 3180 διάστημα
3281 3107 3437 3162 τοῦτο
3488 3109 3679 3161 ἀνύειν
3709 3110 3756 3141 ⁸³

2181 3205 2425 3273 πέφυκεν
2453 3204 2495 3235 ⁸³
2523 3207 2554 3274 ή
2580 3202 3025 3273 καταϐαλλομένη
3056 3202 3149 3255 τοῦ
3179 3202 3484 3271 σπέρματος
3501 3200 3547 3232 ⁸⁸
3562 3201 3752 3270 φύσις.

2192 3295 2533 3365 ’Λγνοοῦντες
2557 3291 2649 3349 οὖν
2711 3296 2809 3367 τὴν
2845 3294 3116 3365 ποσότητα
3164 3293 3256 3347 τοῦ
3284 3293 3473 3365 χρόνον
3513 3294 3657 3347 κατὰ
3694 3295 3758 3348 τδ

2178 3385 2401 3457 ἀκριϐὲς
2439 3388 2486 3438 οἱ
2516 3385 2768 3439 Χαλδαῖοι
2793 3383 3047 3438 οὐδέποτε
3081 3385 3181 3455 τήν
3223 3383 3485 3454 σύλληψιν
3512 3386 3755 3457 καταλή-

2177 3479 2388 3546 ψονται.
2420 3476 2526 3530 Τοῦ
2560 3478 2870 3548 σπέρματος
2896 3476 2983 3530 ὁτὲ
3039 3477 3137 3547 μὲν
3168 3476 3630 3546 εὐθυϐολουμένου
3660 3480 3754 3531 καὶ

2177 3572 2360 3633 αὐτοῖς
2404 3569 2838 3639 προσπίπτοντος
2885 3569 2930 3601 ’⁵⁸
2964 3568 3053 3639 ὑφ’
3081 3568 3137 3620 ἓν
3174 3571 3283 3631 τοῖς
3325 3568 3547 3636 εὐφυῶς
3572 3569 3752 3640 ἔχουσι

2179 3660 2314 3729 πρὸς
2353 3659 2613 3729 σύλληψιν
2635 3659 2732 3729 τῆς
2767 3660 2979 3730 μήτρας
3011 3657 3345 3731 [τόποις,ὁτὲ
3373 3657 3433 3709 δὲ
3472 3659 3750 3713 πολυσπό-

2180 3770 2286 3825 ρως
2308 3751 2689 3822 ἐμπίπτοντος,
2714 3751 2802 3803 ὑπ’
2823 3751 2991 3821 αὐτῆς
3006 3750 3063 3803 δὲ
3092 3751 3187 3821 τῆς
3212 3752 3268 3803 ὲν
3279 3752 3344 3819 τῇ
3376 3750 3560 3823 μήτρᾳ
3590 3752 3751 3807 δυνά-

2179 3862 2323 3915 μεως
2347 3845 2425 3907 είς
2448 3844 2542 3897 ἕνα
2569 3841 2733 3895 τόπον
2794 3841 3124 3910 συνάγεσθαι
3155 3839 3225 3912 ⁸⁵]
3274 3840 3607 3910 δυναμένου·
3644 3841 3750 3894 τῶν

2176 3936 2467 4004 ἀγνώστων
2503 3934 2565 3987 τὸ
2603 3933 2732 3987 πότε
2797 3934 2843 3965 ⁸⁷
2892 3933 3102 4001 γίνεται
3155 3932 3215 3985 τὸ
3250 3933 3463 4003 πρῶτον
3494 3933 3586 3985 καὶ
3622 3934 3749 3985 πότε

2174 4024 2519 4095 τὸδεύτερον,
2570 4023 2733 4086 πόσος
2784 4040 2844 4076 τε
2897 4024 2925 4074 ὁ
2971 4023 3052 4085 είς
3102 4022 3317 4091 ἐκείνην
3354 4022 3455 4092 τὴν
3489 4022 3753 4092 σύλληψιν

2176 4114 2602 4185 ἀναλισκόμενος
2634 4112 2823 4185 χρόνος
2874 4113 2967 4167 καὶ
3019 4112 3177 4176 πόσος
3216 4110 3288 4183 [ὁ]
3324 4112 3403 4173 εἰς
3434 4110 3641 4180 ταύτην
3674 4111 3748 4143 ιο.

2174 4206 2552 4275 ἀγνοουμένων
2567 4204 2625 4257 δὲ
2652 4203 2857 4257 τούτων
2879 4198 3042 4274 ἦρται
3072 4204 3115 4235 δ’
3142 4202 3235 4255 καὶ
3256 4203 3289 4271 ή
3308 4201 3444 4271 πρὸς
3460 4200 3753 4273 ἀκρίϐειαν

2174 4297 2269 4367 τῆς
2292 4294 2603 4364 συλλήψεως
2627 4291 2953 4363 κατάληψις.
2986 4292 3158 4361 Εἴπερ
3192 4308 3252 4343 τε
3277 4290 3345 4355 ⁵⁰,
3373 4289 3564 4359 ὥσπερ
3601 4290 3751 4352 τινὲς

498 4398 607 4439 rte:
641 4382 767 4435 hinc
796 4380 885 4444 qui
916 4378 1185 4448 56-57
1215 4379 1466 4444 ignorant
1490 4378 1845 4446 quantitatem
1871 4387 2070 4448 tempo-

2183 4386 2283 4439 τῶν
2339 4385 2581 4455 φυσικῶν
2637 4384 2942 4455 εἰρήκασιν,
3006 4382 3267 4452 ἑψόμενον
3319 4381 3361 4413 ⁸¹
3414 4380 3635 4450 πρῶτον
3661 4379 3753 4432 καὶ

498 4476 575 4527 ris
607 4472 672 4525 ad
702 4468 1056 4523 mutationem
1106 4469 1395 4522 necessarii
1431 4482 1496 4521 ue
1544 4470 1911 4536 conceptionis
1945 4471 2067 4539 qni-

498 4566 616 4616 deut
651 4572 859 4630 tempus
920 4558 1189 4629 cognitum
1253 4556 1548 4613 habebunt.
1618 4558 1888 4614 Praeterea
1940 4577 2067 4618 vero

497 4655 660 4708 etiam
697 4662 757 4708 ut
785 4653 849 4706 ad
901 4651 1136 4721 reliquas
1165 4661 1343 4720 partes
1374 4652 1616 4719 corporis
1641 4650 1894 4707 differunt
1945 4670 1973 4708 a
2004 4670 2065 4711 se

2174 4475 2755 4549 προμεταϐαλλόμενον
2810 4476 2855 4508 δ’
2894 4477 2952 4528 ὲν
3009 4476 3196 4546 μήτρᾳ.
3241 4473 3304 4526 τὸ
3343 4472 3563 4540 σπέρμα
3628 4471 3748 4523 τότε

2174 4566 2533 4639 προσέρχεται
2596 4567 2708 4629 τοῖς
2766 4562 3230 4633 ἀναστομωθεῖσιν
3273 4562 3440 4632 αὐτῆς
3474 4560 3745 4628 ἀγγείοις.

2171 4655 2420 4725 καθάπερ
2449 4654 2492 4686 ⁸³
2513 4656 2579 4725 τῇ
2614 4657 2684 4725 γῇ
2706 4654 2771 4708 τὰ
2793 4655 2891 4724 τῆς
2918 4654 3022 4724 γῆς
3070 4653 3389 4723 σπέρματα“
3440 4650 3676 4704 αὐτόθεν
3704 4649 3747 4680 ⁸⁸

1747 4765 1980 4821 VARUS
2014 4767 2418 4824 LECTIONES.

561 4863 607 4894 "
636 4862 693 4916 δὲ
718 4877 825 4915 om.
865 4863 925 4916 C.
1003 4864 1048 4893 ’⁸
1071 4857 1560 4928 διασημαινόμενον
1604 4856 1668 4928 (ξ,
1707 4855 1773 4909 Μ.

491 4932 536 4961 ³⁸
568 4932 690 4983 Ἐπὶ
710 4932 907 4986 Sextus
931 4931 1121 4997 ;,Ἀπὸ
1151 4925 1315 4989 C(M.
1396 4928 1441 4957 ³ο
1474 4925 1787 4997 ἀπςτάξεως
1814 4926 1853 4997 f3
1876 4940 1929 4982 et
1965 4928 2110 4997 Sexti
2149 4930 2331 4983 codd..
2358 4928 2419 4991 C,
2455 4925 2584 4991 S,V.
2662 4929 2702 4957 ³¹
2734 4930 2765 4997 ή

1881 4859 1923 4889 ’⁷
1952 4859 2189 4922 ἀπλανὲς
2236 4874 2346 4915 om.
2394 4857 2456 4913 C.
2535 4857 2579 4889 ’⁸
2623 4858 2900 4974 ἀναφορὰν
2956 4857 3183 4921 Sextus;
3234 4848 3496 4974 διαφιέρὰν
3538 4848 3617 4908 C,
3672 4848 3739 4901 Μ.

1881 4940 1929 4974 et
1965 4928 2110 4974 Sexti
2149 4930 2330 4974 codd.-
2358 4928 2417 4974 (ἶ-
2455 4925 2583 4974 S-V-
2662 4929 2702 4957 ³¹
2734 4930 2765 4974 ἤ
2831 4925 3340 4974 Lacaena—{movum
3415 4960 3428 4973 .
3508 4921 3553 4951 ³³
3582 4935 3739 4974 τετη-

2831 4925 3346 4995 ισιιρορὰ--ἴσχοντος⁸
3367 4921 3428 4974 C.
3508 4921 3567 4995 “_
3582 4935 3744 4995 τετῃ-

494 5000 694 5080 ρείσθω
742 4989 1390 5080 C;~16éﬁpntgtSe\itlS.
1468 4995 1521 5080 ³³,
1545 4996 1637 5047 ἐπὶ
1679 4995 1740 5077 C:
1794 4996 2024 5080 U‘l'te‘ritts.
2068 4996 2263 5080 Sextus
2296 4989 2427 5080 §M53
2463 4989 2843 5080 ._"l‘e'c'qpq€att,
2870 4989 3743 5080 ,καθάπερδιακόνω-

490 5057 721 5147 τήρησιν
768 5057 864 5147 τοῦ
906 5057 1223 5147 ὼρὸέκόπου
1270 5064 1635 5147 χρησαμένων
1669 5065 2136 5147 τῶνηΧαλδαίωνο
2179 5069 2269 5147 ἐπὶ
2296 5057 2383 5119 νδὲ
2437 5069 2502 5137 τῇ
2556 5057 2799 5147 ἀνάξρὸρᾷ
2950 5057 3529 5147 συσχηματισμὸςεῶν

487 5134 753 5223 ἀστέρων,
775 5139 913 5206 ὅπερ
948 5134 1182 5260 substet
1207 5134 1452 5196 καλοῦσι,
1493 5134 1587 5186 καὶ
1619 5135 1714 5187 ἐπὶ
1743 5134 1821 5204 τῷ
1865 5136 2151 5207 διαθέματι
2181 5139 2236 5190 αἱ
2297 5134 2738 5219 προαγορεύσεις,

487 5205 585 5260 τὴν
623 5210 821 5260 Sextus
849 5215 971 5260 ante
998 5206 1103 5260 Bek
1144 5221 1314 5259 erum.
1394 5204 1437 5235 ³⁸
1477 5205 1896 5260 παραστήσομεν
1924 5207 2140 5260 Sextus.
2218 5208 2261 5240 ’τ
2287 5206 2516 5260 ἀστατος
2534 5207 2593 5259 C.
2626 5206 2671 5237 ⁸⁸
2701 5222 2738 5259 Αε

487 5205 585 5275 τὴν
623 5205 821 5275 Sextus
849 5205 971 5261 ante
998 5206 1103 5261 Bek

487 5272 629 5347 Gen.
699 5273 744 5347 ³]
779 5275 889 5345 Τὴν
924 5275 987 5346 δὴ
1015 5276 1243 5347 Sextus;
1290 5274 1497 5347 Δεῖᾲτὴν
1539 5272 1599 5337 C,
1641 5272 1722 5326 Μ(
1786 5272 1831 5347 ξο
1861 5277 2144 5347 ὁρίσαντας
2174 5276 2343 5347 C,M.

1020 5336 1405 5430 ’δςιεξέφυκενή
1455 5336 1952 5430 ’δρχῑυεβιπέιρυὲιε
1989 5347 2049 5430 ρ,
2086 5336 2174 5430 Μία
2202 5345 2277 5430 ,⁸³
2307 5345 2401 5430 τοῦ
2452 5346 2763 5430 σπέρματος
2805 5336 3004 5430 δςδίὶιε
3054 5347 3112 5398 τὸ
3156 5341 3407 5430 σπέρμα.
3435 5340 3469 5408 ἡ
3504 5336 3732 5430 1:91)}:

488 5346 661 5395 ποιεῖν
707 5343 923 5400 Sextus.

1144 5221 1317 5291 erum;
1357 5204 1449 5291 ,³⁸1
1477 5205 1896 5291 παραστήσολμεν
1924 5204 2140 5291 Sextus.
2176 5204 2593 5291 n"_&.cim1:_o¢
2626 5206 2671 5237 ⁸⁸
2698 5204 3014 5291 λεγόμενα⁷
3048 5217 3101 5258 et

2818 5136 2863 5167 ³⁵
2891 5129 3273 5207 σχηματισμὸν
3290 5129 3355 5207 _C,
3413 5130 3518 5207 bl;
3564 5129 3610 5161 ³⁸
3648 5130 3740 5207 ἐπὶ

3196 5201 3303 5256 exti
3338 5198 3458 5254 cod.
3484 5198 3526 5252 Β
3556 5209 3609 5251 et
3647 5200 3735 5251 ed.

2423 5277 2463 5309 *ί
2500 5268 2667 5328 θέσει
2701 5268 2928 5342 Scitus;
2978 5292 3046 5331 an
3074 5269 3408 5342 καταθέσειῖ
3446 5340 3456 5342 ᾼ
3486 5268 3531 5299 δ’
3556 5268 3736 5342 ἀνύειν

488 5414 531 5443 ⁸⁸
552 5412 889 5483 προσπίπτος
908 5414 971 5468 C.
1014 5414 1090 5483 _“
1108 5405 1489 5469 Uncisiuclusa
1520 5412 1758 5483 suppleta
1781 5405 1845 5469 ei
1875 5405 2059 5469 Sexto.
2132 5415 2174 5446 ⁸⁷
2197 5414 2505 5482 δυνάμεων
2527 5405 2817 5483 ἀγνώστων
2846 5415 2901 5468 δὲ
2930 5415 3097 5469 όντων
3126 5415 3256 5467 πότε
3459 5405 3467 5408 ⁷

487 5483 565 5543 εἰς
585 5478 755 5555 essay
784 5483 878 5555 C._'
916 5485 959 5514 ⁸⁹
1011 5478 1177 5555 ἦρται
1215 5512 1285 5523 -
1309 5483 1511 5555 οῖχεται
1575 5480 1789 5555 Sextus.
1868 5484 1915 5516 ⁸ο
1938 5502 2023 5555 τε,
2057 5501 2121 5553 γε
2154 5484 2215 5538 C.
2293 5478 2345 5515 δί’
2367 5478 2628 5554 ἑψόμενον
2679 5485 2912 5551 Sextus;

1138 5553 1183 5625 ξ’
1231 5541 1481 5625 καθάπερ
1518 5580 1583 5625 τ
1615 5553 1940 5625 σπέρματα.
1984 5541 2128 5622 Haec,
2164 5570 2283 5624 qua:
2328 5541 2516 5623 parum
2561 5556 2626 5609 ad
2674 5570 2784 5610 rem
2817 5541 2991 5611 facere
3027 5541 3324 5614 'vi'dentui‘i
3358 5546 3563 5603 omissa
3594 5541 3730 5615 aliud

484 5550 819 5621 μεταϐάλλον
847 5550 1062 5607 Sextus.

495 5618 734 5683 Sextum.
812 5623 855 5653 “
882 5622 1104 5675 αὐτόθεν
1139 5621 1352 5686 Sextus;
1374 5618 1493 5673 ὅθεν
1519 5620 1579 5685 C,
1614 5618 1683 5675 M.

2994 5487 3231 5555 ὲμμὲνον
3262 5480 3325 5545 C,
3358 5477 3426 5532 Μ.
3455 5546 3469 5555 _
3501 5477 3548 5507 "
3600 5488 3733 5555 προς
