4032 6200
498 302 635 362 3069

1936 298 2299 359 ORIGENIS

3603 288 3749 347 3070

501 412 622 479 quis
648 412 760 479 ipse
786 410 837 464 in
869 422 1108 463 errorem
1140 408 1322 475 lapsus
1357 422 1383 459 a
1415 422 1539 461 vero
1563 405 1920 468 abet'raverit,
1948 415 2058 459 tan-

2179 405 2329 466 ιύτὸς
2355 402 2509 471 κακῷ
2543 403 2888 473 περιπαρεὶς,
2926 402 2985 452 οὐ
3025 400 3156 451 πᾶσι
3185 397 3395 465 γίνεται
3427 394 3749 451 διδάσκαλος

500 510 613 555 tum
641 501 814 562 abest,
847 505 903 552 ut
935 496 1179 565 exemplo
1212 512 1310 551 suo
1348 497 1583 565 reliquos
1618 496 1826 558 doceat,
1875 506 1931 547 ut
1955 495 2067 563 ipsa

501 590 715 659 repulsa
747 590 844 643 hos
887 588 1073 641 fallere
1123 590 1402 641 studentes
1446 588 1496 641 in
1545 586 1811 640 inﬁnitum
1861 595 2069 639 mentes

502 693 686 734 eorum
739 679 1055 748 perturbent
1099 677 1345 741 dicendo,
1402 692 1507 730 non
1562 676 1721 729 aliter
1758 674 2067 728 earumdem

504 770 784 825 stellarum
807 771 1292 838 conﬁgurationem
1325 771 1389 822 ad
1421 770 1561 823 idem
1597 768 1881 837 pervenire
1914 781 2069 836 posse

504 874 665 927 quam
712 875 806 928 per
850 859 1213 913 reversionem
1266 858 1447 927 magni
1493 858 1655 921 anni,
1712 870 1809 925 per
1864 865 2067 923 septem

503 948 671 1001 millia
716 964 982 1003 annorum
1016 958 1071 1003 et
1116 948 1492 1017 septingentos
1522 955 1575 1001 et
1609 947 1943 1015 septuaginta
1985 958 2072 997 se-

503 1048 668 1105 ptem.
704 1038 983 1105 Quomodo
1030 1039 1193 1108 igitur
1249 1038 1448 1107 poterit
1485 1037 1718 1093 humana
1765 1034 2071 1089 observatio

505 1142 804 1197 congruere
826 1142 947 1181 cum
983 1137 1059 1182 tot
1084 1126 1296 1181 saeculis
1330 1125 1384 1178 in
1424 1139 1531 1178 una
1575 1121 1867 1193 genitura?
1914 1121 2073 1188 idque

506 1230 611 1268 non
662 1215 862 1279 semel,
907 1219 1001 1269 sed
1049 1229 1257 1284 sche...
1315 1212 1565 1267 Pluribus
1608 1210 1872 1265 confutari
1912 1209 2071 1262 Cltal-

506 1306 744 1360 daeorum
773 1317 945 1360 artem
966 1305 1223 1376 oportuit,
1250 1317 1557 1373 quanquam
1584 1301 1653 1355 ob
1674 1299 1915 1372 64-65
1941 1299 2074 1352 alias

508 1410 597 1449 res
633 1395 981 1449 meminimus
1033 1396 1173 1463 ejus,
1230 1408 1335 1448 non
1371 1393 1585 1463 proprie
1628 1392 1698 1447 ob
1737 1391 1928 1458 ipsam.
1966 1389 2071 1443 Sed

507 1494 798 1555 postquam
837 1486 1174 1555 propositum
1204 1484 1306 1538 fuit
1335 1484 1465 1538 nihil
1491 1499 1555 1539 ex
1589 1482 1799 1554 placitis
1827 1481 2073 1536 ethnico-

508 1591 626 1629 rum
652 1578 905 1631 omittere
938 1585 1159 1646 propter
1190 1574 1536 1629 multisonam
1565 1574 1850 1628 hmresium
1881 1586 2072 1626 versu-

510 1667 664 1731 tiam,
692 1667 965 1721 videamus
998 1666 1127 1735 quid
1153 1666 1335 1719 dicant
1361 1665 1525 1718 etiam
1562 1664 1619 1729 ii,
1648 1664 1739 1732 qui
1765 1664 1831 1716 de
1862 1659 2074 1725 magni-

2170 496 2197 546 ὁ
2230 494 2470 563 βλαδεὶςν
2497 492 2589 555 οὓς
2615 492 2967 563 φρεναπατᾷν
3001 488 3311 559 βουλόμενοι
3338 488 3452 547 τοῖς
3476 485 3749 553 ἀποτεύγ-

2174 600 2339 653 μασιν
2386 584 2466 645 είς
2518 582 2742 653 ἄπειρον
2787 581 2880 633 τὸν
2909 578 3035 632 νοῦν
3080 576 3259 629 αὐτῶν
3314 573 3745 637 συνωθοῦντες⁶⁶

2170 674 2417 743 λέγουσιν
2442 674 2541 727 οὐκ
2564 672 2792 735 ἄλλωςδι
2814 672 2905 725 ἐπὶ
2927 671 2987 723 τὸ
3022 668 3155 721 αὐτὸ
3173 669 3217 697 δ’
3248 665 3503 719 δύνασθαι
3531 666 3624 718 τὸν
3650 682 3750 717 συ-

2174 764 2553 834 οχηματισμὸν
2573 764 2617 796 “
2647 763 2756 817 τῶν
2800 762 2981 815 αὐτῶν
3023 760 3271 830 ἀστέρων
3316 759 3557 827 γίνεσθαι
3596 760 3629 828 ἢ
3657 759 3750 812 διὰ

2170 856 2268 925 τῆς
2321 854 2820 917 ἀποκαταστάσεως
2888 852 2981 905 τοῦ
3058 851 3294 921 μεγάλου
3348 850 3623 915 ἐνιαυτοῦ,
3676 850 3746 901 δι’

2173 946 2595 1016 ἑπτακισχιλίων
2617 947 2660 978 ⁸⁵
2693 945 2827 998 ἐτῶν
2860 946 2954 998 καὶ
2985 943 3327 996 ἑπτακοσίων
3375 942 3745 1010 ἑϐδομήκοντα

2172 1037 2266 1089 καὶ
2294 1036 2450 1089 ἑπτά.
2478 1037 2603 1099 Πῶς
2633 1030 2725 1089 οὖν
2754 1035 2946 1102 φθάσει
2997 1032 3313 1103 ἀνθρωπίνη
3348 1034 3735 1101 παρατήρησις

2172 1130 2282 1190 τοῖς
2314 1127 2587 1189 τοσούτοις
2610 1127 2770 1179 αίῶσι
2794 1125 3115 1193 συνδραμεῖν
3147 1125 3240 1175 ἐπὶ
3271 1125 3402 1192 μιᾶς
3435 1124 3739 1189 γενέσεως;

2173 1217 2463 1271 καὶταῦτα
2513 1218 2611 1287 οὐχ
2658 1214 2805 1280 ἆπαξ
2855 1215 2991 1267 ἀλλά
3025 1214 3281 1275 πολλάκις
3303 1213 3349 1245 ⁸³
3395 1208 3576 1281 οἶμαι,
3617 1213 3741 1279 παρ’

2174 1308 2360 1360 ἐλπίδα
2379 1307 2636 1361 πλειόνων
2654 1304 2975 1375 ὲληλέγχοαι
2990 1303 3085 1374 τὴν
3102 1303 3407 1373 Χαλδαῖκὴν
3424 1302 3503 1373 ip.
3522 1302 3611 1355 44.
3630 1300 3740 1372 45.]

2172 1398 2366 1467 τέχνην
2389 1396 2495 1450 ἔδει
2517 1414 2529 1426 ⁸
2566 1398 2742 1450 καίτοι
2766 1396 2833 1448 δι’
2862 1396 3025 1465 ἔτερα
3069 1394 3237 1461 αὐτῆς
3274 1393 3433 1463 ἡμῶν
3488 1393 3741 1463 μνησθέν⁴

2172 1504 2300 1547 των,
2354 1487 2475 1555 οὐχὶ
2530 1486 2672 1548 ἰδίως
2708 1485 2775 1537 δι’
2825 1484 2994 1552 αὑτήν
3012 1483 3081 1535 ⁸⁸.
3135 1482 3276 1535 Ἀλλ’
3317 1483 3439 1535 ἐπεὶ
3498 1482 3739 1551 προῃρή-

2178 1579 2317 1649 μεθα
2339 1580 2380 1610 ’δ’
2423 1578 2589 1647 μηδὲν
2630 1578 2737 1631 τῶν
2796 1577 2927 1647 παρ’
2983 1576 3160 1629 ἔθνεσι
3191 1575 3480 1645 δογμάτων
3528 1574 3739 1626 καταλι-

2176 1672 2296 1721 πεῖν
2328 1667 2415 1722 διά
2442 1669 2540 1738 τὴν
2578 1667 2893 1735 πολύφωνον
2929 1666 3037 1719 τῶν
3079 1667 3344 1736 αἱρέσεων
3385 1665 3735 1735 πανουργίαν,

510 1758 786 1812 tudinihos
837 1757 1121 1826 periclitati
1179 1766 1304 1810 sunt
1359 1755 1576 1819 dicere,
1636 1754 1724 1823 qui
1789 1761 2072 1821 perspecto

2179 1761 2373 1829 [δωμεν
2402 1758 2453 1811 τί
2485 1758 2701 1826 λέγουσι
2737 1758 2827 1811 καὶ
2856 1759 2905 1810 οἱ
2938 1759 3069 1828 περ)⁸
3121 1757 3369 1827 μεγεθῶν
3411 1754 3736 1825 τετολμηκό-

510 1848 865 1916 plurimorum
899 1862 1038 1901 vano
1068 1846 1273 1908 labore,
1301 1860 1423 1899 cum
1468 1843 1604 1897 alius
1632 1843 1790 1895 aliter
1818 1840 2075 1893 mentitus

506 1950 561 1994 et
610 1940 979 1994 celebritatem
1025 1948 1220 1993 nactus
1275 1944 1438 1998 esset,
1495 1934 1668 2002 majus
1716 1933 1846 2001 quid
1890 1930 2072 1985 conati

506 2041 630 2085 sunt
654 2031 852 2099 eloqui,
889 2045 994 2098 quo
1026 2030 1092 2083 ab
1126 2029 1214 2095 iis,
1241 2029 1329 2097 qui
1358 2042 1521 2097 parva
1557 2026 1833 2079 mendacia
1869 2022 2077 2090 magni-

507 2121 626 2176 ﬁcis
658 2122 903 2175 laudibus
932 2120 1278 2183 extulissent,
1311 2117 1607 2185 majoribus
1638 2114 1979 2169 cﬂerrentur.
2011 2110 2072 2165 lli

506 2210 669 2264 orbes
701 2218 754 2263 et
781 2223 1071 2263 mensuras
1117 2207 1527 2276 triangulosque
1570 2215 1624 2258 et
1672 2200 2074 2271 quadrangulos

505 2306 772 2374 duplaque
800 2315 853 2359 et
884 2304 1039 2372 tripla
1074 2312 1297 2372 ponunt.
1339 2301 1748 2355 Multusantem
1782 2298 1846 2351 de
1878 2299 1979 2349 hac
2020 2310 2076 2349 re

506 2409 687 2448 sermo
713 2404 817 2457 est,
846 2394 938 2447 sed
970 2403 1025 2443 ut
1052 2394 1117 2445 ad
1162 2392 1492 2461 propositum
1545 2399 1787 2443 nostrum
1841 2400 1945 2440 non
2001 2384 2071 2437 sit

506 2484 868 2537 necessarius.

578 2575 630 2629 8.
694 2572 951 2629 Suﬂicere
997 2574 1160 2642 igitur
1218 2572 1455 2627 arbitror
1505 2585 1773 2641 exponere
1814 2584 1932 2638 qua:
1975 2568 2074 2635 ipsi

506 2675 754 2735 portenta
828 2666 1140 2735 loquuntur.
1198 2662 1561 2730 Quamobrem
1628 2677 1756 2715 usus
1824 2659 2077 2728 epitomis

507 2773 695 2813 eorum
744 2772 861 2827 qua:
888 2758 987 2826 ipsi
1021 2757 1217 2812 docent
1250 2756 1315 2810 ad
1350 2769 1413 2809 ea
1446 2768 1565 2821 qua:
1595 2753 1798 2821 reliqua
1838 2760 1960 2804 sunt
1994 2764 2077 2802 me

508 2858 843 2904 convertam.
877 2847 1082 2902 Docent
1114 2857 1291 2902 autem
1335 2846 1449 2899 haec
1482 2863 1495 2897 :
1534 2842 1902 2911 Principatum
1934 2841 2077 2894 dedit

509 2940 690 3009 opifex
722 2941 900 2992 mundi
925 2939 1161 3005 ejusdem
1190 2937 1359 3005 ipsius
1388 2934 1689 3000 similisque
1714 2932 2075 2996 conversioni;

2175 1868 2287 1916 τες,
2307 1851 2357 1902 οἳ
2390 1849 2700 1913 κατιδόντες
2730 1849 2829 1921 τὴν
2850 1848 2960 1901 τῶν
3003 1847 3265 1901 πλειόνων
3320 1845 3733 1915 ματαιοπονίαν,

2175 1943 2332 1996 ἄλλου
2377 1941 2552 2004 άλλως
2605 1940 3039 2011 διαψευσαμένου
3096 1942 3191 1991 καὶ
3260 1939 3735 2007 εὐδοκιμήσαντος,

2179 2034 2359 2104 μεῖζόν
2388 2052 2437 2087 τι
2472 2032 2774 2102 ἐτόλμησαν
2804 2032 3000 2092 εἰπεῖν,
3023 2030 3172 2092 ὅπως
3198 2028 3303 2082 ὑπὸ
3330 2028 3438 2081 τῶν
3461 2028 3533 2080 τὰ
3579 2026 3741 2097 μικρά

2174 2123 2462 2193 ψεύσματα
2503 2121 2750 2191 μεγάλως
2798 2119 3136 2186 δοξασάντων
3184 2116 3442 2188 μειζόνως
3475 2116 3737 2182 δοξασθῶι

2179 2230 2282 2267 σιν.
2316 2207 2474 2267 Οὗτοι
2507 2212 2741 2275 κύκλους
2784 2212 2879 2265 καὶ
2936 2211 3108 2281 μέτρα
3141 2209 3381 2279 τρίγωνά
3421 2225 3483 2260 τε
3540 2208 3637 2260 καὶ
3663 2223 3740 2259 τε·

2174 2306 2428 2375 τράγωνα
2466 2304 2722 2357 διπλάσιά
2758 2320 2815 2356 τε
2861 2302 2954 2355 καὶ
3010 2300 3307 2371 τριπλάσια
3360 2299 3737 2352 ὑποτίθενται⁸

2176 2395 2340 2458 πολὺς
2370 2395 2426 2448 δὲ
2450 2396 2478 2447 ὁ
2508 2396 2638 2465 περὶ
2667 2395 2857 2447 τούτου
2881 2394 3059 2462 λόγος,
3094 2393 3207 2446 ἀλλ’
3244 2393 3304 2447 ού
3342 2392 3481 2462 πρὸς
3515 2391 3578 2444 τὸ
3614 2405 3739 2459 προ-

2178 2486 2426 2555 κείμενον
2476 2486 2790 2553 ἀναγκαῖος.

2247 2578 2297 2632 8.
2337 2579 2541 2632 Ἱκανὸν
2581 2574 2674 2632 οὖν
2727 2579 3011 2650 λογίζομαι
3061 2577 3295 2641 ἐξειπεῖν
3324 2576 3392 2628 τὰ
3446 2575 3540 2628 ὑπ’
3573 2573 3744 2627 αὐτῶν

2194 2670 2715 2739 τερατολογούμενα.
2772 2672 2863 2723 Διὸ
2906 2674 3016 2735 τοῖς
3078 2668 3354 2736 ὲπιτὸμοις
3402 2666 3744 2736 χρησάμενος

2176 2754 2249 2814 ὧν
2283 2762 2327 2793 ⁸⁸
2364 2762 2517 2815 αὐτοὶ
2571 2762 2855 2829 λέγουσιν,
2905 2762 2998 2814 ἐπὶ
3040 2762 3107 2813 τὰ
3151 2760 3313 2829 ἕτερα
3366 2758 3743 2827 τραπήσομαι.

2179 2854 2409 2921 Λέγουσι
2438 2854 2495 2907 δὲ
2532 2853 2705 2906 ταῦτα
2726 2853 2789 2885 δ’·
2822 2852 3035 2922 Κράτος
3062 2852 3258 2904 ἔδωκεν
3281 2850 3309 2901 ὁ
3340 2848 3748 2917 δημιουργήσας

2178 2947 2246 3014 τῇ
2277 2944 2476 2996 ταὺτοῦ
2523 2945 2613 2996 καὶ
2658 2944 2843 3014 ὁμοίου
2895 2943 3203 3012 περιφορᾷ·
3256 2940 3382 3009 μίαν
3418 2938 3529 3007 γὰρ
3580 2937 3749 3005 αὐτὴν

511 3045 630 3084 eam
668 3044 902 3096 namque
941 3028 1109 3082 solam
1157 3026 1443 3079 indivisam
1489 3024 1728 3092 reliquit,
1766 3022 2075 3077 interiorem

2182 3035 2436 3105 ἄσχιστον
2468 3034 2639 3098 εἴασε,
2674 3034 2772 3103 τὴν
2796 3033 2852 3086 δὲ
2898 3032 3045 3095 ὲντδς
3090 3031 3279 3101 σχίσας
3326 3029 3485 3098 έξαχῆ
3505 3029 3553 3059 ⁵⁸
3603 3028 3750 3080 ἑπτὰ

513 3132 642 3173 vero
694 3133 817 3173 cum
873 3116 1053 3171 sexies
1100 3116 1393 3180 divisisset,
1430 3123 1742 3184 scptemque
1784 3113 1945 3169 orbes
1995 3113 2077 3167 in-

512 3208 743 3279 aequales
772 3207 920 3278 dupli
951 3216 1004 3262 et
1028 3206 1169 3277 tripli
1210 3205 1507 3260 intervallis
1532 3204 1817 3269 eﬂ'ecisset,
1847 3204 2077 3273 singula,

515 3314 636 3353 cum
667 3299 766 3352 tria
800 3299 907 3353 sint
934 3297 1234 3367 utriusque,
1262 3296 1554 3351 contrariis
1579 3297 1717 3351 inter
1746 3297 1812 3349 se'
1833 3295 2080 3349 cursibus

515 3395 677 3450 orbes
712 3407 971 3463 peragere
1012 3393 1176 3463 jussit
1214 3410 1229 3447 :
1275 3400 1331 3447 et
1367 3406 1430 3446 ex
1482 3402 1686 3461 septem
1735 3391 2082 3446 interioribus

517 3494 625 3538 tres
659 3484 873 3553 quidem
908 3483 1023 3553 pari
1068 3481 1365 3546 celeritate,
1408 3493 1640 3551 quatuor
1675 3496 1801 3537 vero
1831 3489 1886 3537 et
1916 3482 1981 3534 ad
2020 3495 2080 3535 se

513 3585 570 3630 et
599 3575 664 3629 ad
699 3576 937 3646 reliquos
969 3584 1079 3631 tres
1120 3575 1400 3631 celeritate
1440 3575 1655 3644 quidem
1678 3576 1897 3645 impari,
1937 3575 2082 3644 justa

516 3678 696 3722 tamen
732 3669 942 3722 ratione
989 3667 1252 3722 converti.
1305 3664 1671 3734 Principatum
1706 3666 1869 3735 igitur
1899 3667 2080 3720 datum

514 3772 635 3813 esse
661 3756 897 3825 ejusdem
928 3758 1096 3827 ipsius
1125 3758 1463 3813 conversioni
1495 3760 1590 3821 ait,
1618 3772 1722 3811 non
1751 3756 1923 3811 solum
1954 3771 2083 3825 quo-

516 3848 660 3900 niam
687 3848 926 3901 continct
956 3848 1178 3902 alterius
1206 3849 1634 3909 conversionem,
1667 3847 1769 3900 hoc
1788 3856 1870 3900 est
1900 3846 2084 3901 stellas

515 3936 798 4001 erraticas,
850 3937 942 3991 sed
987 3938 1111 4005 quia
1166 3940 1327 3993 etiam
1374 3948 1583 3993 tantum
1626 3938 2083 4006 babetprincipa-

519 4041 651 4095 tum,
697 4030 799 4084 hoc
827 4041 910 4086 est
953 4039 1157 4086 tantam
1180 4034 1311 4100 vim,
1348 4042 1405 4088 ιιι
1435 4033 1518 4088 vel
1564 4049 1683 4104 qua:
1716 4034 1768 4086 iu
1802 4032 2082 4087 adversam

518 4128 744 4188 partem,
791 4119 895 4175 hoc
939 4132 1021 4175 cst
1066 4123 1337 4187 erraticaa,
1372 4124 1438 4177 ab
1464 4137 1661 4177 occasu
1709 4122 1775 4176 ad
1819 4123 2081 4176 orientem

516 4218 801 4264 vertuntur
849 4211 992 4279 ipsas
1038 4211 1253 4280 propria
1292 4215 1527 4280 potentia
1573 4214 1774 4282 pariter
1810 4213 1970 4266 etiam
2018 4210 2084 4263 ab

518 4310 639 4355 ortu
671 4302 735 4354 ad
762 4316 1012 4356 occasum
1041 4317 1226 4356 secum
1256 4319 1358 4357 una
1390 4305 1741 4373 circumagat.
1776 4303 1951 4358 Unam
1986 4318 2083 4355 au-

2182 3125 2416 3187 κύκλους
2449 3125 2667 3187 ἀνίσους
2721 3124 2863 3177 κατά
2888 3123 2987 3194 τὴν
3039 3122 3131 3175 τοῦ
3166 3120 3435 3174 διπλασίου
3475 3118 3569 3170 καὶ
3623 3134 3749 3187 τρι-

2186 3214 2475 3267 πλασίου⁸¹
2554 3213 2832 3266 διάστασιν
2888 3212 3155 3280 ἑκάστην,
3210 3210 3381 3263 ούσῶν
3468 3205 3752 3274 ἑκατέρων

2180 3306 2373 3377 τριῶν,
2404 3305 2547 3359 κατά
2595 3305 2661 3358 τά
2716 3306 2934 3359 ἐναντία
2985 3306 3084 3375 μὲν
3128 3303 3374 3371 ἀλλήλοις
3421 3297 3756 3368 προσέταξεν

2190 3398 2330 3451 ίέναι
2369 3398 2497 3460 τοὺς
2527 3396 2778 3459 κύκλους,
2815 3396 2969 3465 τάχει
3002 3397 3058 3448 δὲ
3106 3396 3255 3465 τρεῖς
3307 3393 3406 3461 μὲν
3459 3390 3663 3459 ὁμοίως
3682 3390 3751 3448 ⁵³.

2182 3489 2306 3550 τοὺς
2330 3488 2385 3540 δὲ
2413 3491 2686 3558 τέσσαρας
2731 3486 2980 3557 ἀλλήλοις
3017 3503 3075 3538 τε
3113 3486 3205 3538 καὶ
3254 3486 3365 3545 τοῖς
3416 3484 3595 3553 τρισὶν
3634 3483 3753 3535 ἀνο-

2187 3580 2352 3641 μοίως
2372 3578 2439 3643 ”,
2468 3580 2522 3631 ἐν
2555 3578 2696 3647 λόγῳ
2720 3578 2772 3630 δὲ
2800 3575 3211 3648 φερομένουςδῆ
3241 3573 3459 3644 Κράτος
3494 3573 3593 3641 μὲν
3610 3569 3751 3623 δεδό-

2186 3669 2306 3722 σθαι
2339 3672 2402 3739 τῇ
2432 3669 2626 3722 ταὺτοῦ
2660 3670 2798 3740 φορᾷ
2831 3685 3019 3739 φησιν,
3055 3668 3114 3720 ού
3156 3666 3313 3735 μόνον
3351 3663 3540 3731 ἐπειδὴ
3573 3659 3751 3731 περιέ-

2184 3777 2267 3829 χει
2298 3761 2396 3828 τὴν
2426 3758 2652 3829 θατέρου
2682 3760 2873 3830 φορὰν,
2914 3760 3161 3811 τουτέστι
3188 3757 3313 3819 τοὺς
3347 3753 3749 3823 πλανωμένους,

2184 3852 2297 3905 ἀλλ’
2315 3852 2396 3904 ὅτι
2428 3852 2519 3903 καὶ
2552 3850 2801 3903 τοσοῦτον
2830 3850 2942 3920 ἔχει
2961 3850 3183 3920 κράτος,
3208 3847 3454 3901 τουτέστι
3483 3844 3749 3912 τοσαύτην

2183 3943 2433 4012 δύναμιν,
2463 3941 2603 3994 ὥστε
2642 3942 2735 3993 καὶ
2765 3941 2889 4003 τοὺς
2922 3940 3013 3993 ἐπὶ
3036 3940 3081 3972 ³⁵
3116 3938 3400 4001 τάναντία,
3447 3936 3576 3993 τοὺς
3616 3936 3747 3986 πλα-

2185 4034 2458 4103 νωμένους
2511 4033 2617 4085 ἀπὸ
2679 4031 2883 4095 δύσεως
2938 4033 3024 4083 ἐπ’
3081 4028 3345 4099 ἀνατολὴν
3414 4026 3751 4097 φερομένους

2184 4126 2379 4187 αὐτοὺς
2415 4127 2479 4195 τῇ
2506 4124 2679 4195 οἰκεία
2705 4125 2847 4194 ίσχύῖ
2883 4124 3083 4193 ὁμοίως
3118 4124 3212 4175 καὶ
3239 4122 3345 4175 ἀπὸ
3375 4119 3643 4189 ἀνατολῆς
3665 4119 3752 4171 ἐπὶ

2184 4216 2335 4270 δύσιν
2358 4214 2535 4284 ἑαυτῷ
2567 4216 2964 4286 συμπεριάγειν
2980 4214 3045 4266 ⁵⁸.
3088 4214 3231 4267 Μίαν
3275 4212 3331 4264 δὲ
3364 4212 3457 4265 καὶ
3500 4211 3751 4279 ἄσχιστον

2189 4303 2406 4356 εἰᾶσθαι
2439 4304 2482 4334 ⁸⁷
2519 4321 2651 4373 φησι
2692 4304 2892 4375 ταύτην
2940 4305 3038 4373 τὴν
3059 4305 3103 4334 ⁸³
3155 4303 3346 4373 φορὰν,
3385 4302 3600 4371 πρῶτον
3658 4300 3753 4369 μὲν

520 4403 626 4445 tem
656 4405 773 4444 eam
820 4400 873 4444 et
906 4391 1194 4445 indivisam
1228 4394 1471 4447 relictam
1504 4408 1622 4449 esse
1662 4394 1737 4449 ait
1767 4396 1905 4449 hanc
1953 4408 2075 4447 con-

2192 4394 2374 4464 έπειδὴ
2413 4395 2628 4447 πάντων
2652 4394 2762 4448 τῶν
2792 4394 3045 4448 ἀπλανῶν
3076 4394 3338 4465 ίσὸχρονοι
3369 4394 3423 4444 αἱ
3465 4390 3753 4463 περιφοραὶ

520 4478 845 4540 versionem,
879 4479 1109 4547 primum
1156 4482 1370 4549 quidem
1399 4482 1523 4550 quia
1563 4482 1801 4537 omnium
1853 4482 2079 4537 lixarum

520 4568 790 4622 stellarum
820 4570 934 4638 pari
974 4571 1233 4639 temporis
1282 4572 1566 4627 intervallo
1602 4572 1735 4625 ﬁunt
1770 4572 2084 4626 conversio-

2190 4485 2285 4538 καὶ
2318 4485 2376 4539 ού
2408 4485 2730 4557 διῃρημέναι
2764 4486 2904 4539 κατὰ
2946 4485 3163 4548 πλείους
3190 4485 3283 4537 καὶ
3329 4485 3584 4547 ἐλάττους
3628 4484 3750 4554 χρόα

2184 4592 2307 4639 νους
2329 4592 2341 4605 ’
2368 4576 2557 4629 ἔπειτα
2576 4578 2655 4629 ὅτι
2692 4578 2817 4647 μίαν
2857 4577 3055 4638 πάντες
3102 4575 3315 4644 ἔχουσιν
3336 4576 3380 4607 ³³
3428 4576 3751 4643 ἐπιφάνειαν

521 4675 617 4715 nes
641 4670 696 4715 et
730 4675 833 4714 non
875 4661 1125 4716 discretae
1156 4665 1449 4717 secundum
1492 4662 1722 4732 amplius
1768 4663 1849 4718 vel
1870 4662 2075 4718 brevius

2182 4667 2281 4735 τὴν
2310 4668 2410 4735 τῆς
2442 4667 2697 4731 ἐξωτάτω
2730 4670 2923 4739 φορᾶς,
2956 4670 3004 4720 οἱ
3046 4667 3104 4720 δὲ
3142 4665 3486 4737 πλανώμενοι
3535 4668 3629 4720 καὶ
3676 4667 3748 4728 είς

521 4761 755 4821 tempus,
786 4752 981 4809 deinde
1025 4755 1150 4823 quia
1179 4769 1368 4811 omnes
1404 4754 1605 4810 habent
1637 4756 1883 4809 eamdem
1925 4770 2075 4825 appa-

2184 4757 2407 4829 χρόνους
2442 4758 2689 4823 πλείονας
2718 4760 2811 4812 καὶ
2837 4758 3123 4829 διαφόρους
3150 4757 3546 4829 τῶν’κινήσεων
3567 4757 3750 4819 καλεῖς

520 4843 773 4911 rentiam,
815 4858 934 4913 qua:
984 4855 1069 4900 est
1114 4846 1330 4902 extima:
1387 4846 1779 4913 conversionis,
1835 4847 2075 4901 erratica

2185 4850 2515 4912 ἀποστάσεις
2554 4849 2661 4903 ἀπὸ
2689 4850 2790 4921 γῆς
2834 4849 3046 4913 ἀνίσους
3069 4849 3347 4920 διῄρηνται
3369 4865 3385 4880 “
3404 4848 3503 4919 τὴν
3524 4849 3582 4903 δὲ
3605 4847 3751 4903 Θατέο

1805 5024 2041 5080 ἾΑΒΙΑΞ
2074 5023 2479 5081 LECTIONES.

591 5171 1105 5255 ‘f‘aovweoﬁwa‘q.
1183 5174 1222 5255 ⁸]
1256 5176 1354 5228 οὑκ
1386 5178 1560 5255 άλλως
1679 5178 1768 5255 Fr:
1805 5177 2160 5255 Hermanutts.
2268 5181 2446 5255 καλῶς
2462 5182 2514 5255 Δ(3
2543 5182 2611 5238 Μ.
2690 5183 2733 5215 ⁸³
2764 5185 3054 5238 ἑπιτοαυτδ
3074 5186 3133 5240 C.
3212 5187 3255 5217 ⁵³
3286 5186 3671 5255 σχηματισμὸν
3696 5186 3754 5239 C.

520 5239 702 5326 ζῗέιζ
717 5240 1155 5326 ἒνγξακισχιλίῳν
1200 5226 1645 5326 ὲνᾳκρᾳῐῶψίῖιαῖ
1678 5226 3217 5326 aedessas:vasae:'§_ex._..s'§'i65.'ji3'55.
3287 5226 3759 5310 ἴθ’ίῖὖέἱῖἵέςξιιῖἶί

520 5308 1532 5396 [ειμι*πολλάκιςηίῂιιφάοιη’(Ιεδίειετιιτί
1566 5316 1744 5396 arguit
1785 5308 2005 5396 scitus.
2042 5319 2198 5396 idque
2220 5320 2455 5396 suspicio
2481 5336 2546 5396 ex
2592 5322 2724 5396 ipsis
2748 5308 2932 5396 verbis
2954 5308 3113 5396 ρίμαι
3136 5308 3269 5396 παρ’
3306 5308 3499 5379 ἐλπίδα
3532 5308 3560 5377 a
3589 5326 3759 5379 libra-

522 5379 604 5460 rio
620 5391 756 5460 esse
791 5379 1173 5460 signiﬁcatum.
1208 5380 1255 5434 Is
1290 5385 1435 5460 enim
1469 5379 2025 5460 ascripsissevidetur
2053 5379 2226 5460 οἶμαι,
2247 5379 2586 5460 *παραλείπει
2606 5379 2718 5446 sive
2748 5393 2867 5446 τινὰ
2894 5379 3165 5447 ἐλλείπει·
3195 5379 3304 5448 tum
3357 5408 3547 5449 auctor
3580 5409 3757 5460 perre—

522 5408 755 5475 ιιν.πθ.θσ
791 5408 1173 5447 διδιιιιιυίιιυιιιο
1210 5408 1255 5434 I3
1290 5408 1435 5439 Ullllu
1473 5408 1787 5483 a.scrtpstsse
1817 5408 2025 5440 VIUCHII'
2053 5408 2226 5456 οιμαι,
2259 5408 2586 5509 παραλειπει
2606 5408 2718 5446 51νο
2748 5408 2867 5446 τινα
2894 5408 3131 5447 ελλειπει
3153 5412 3165 5425 ⁸
3195 5408 3304 5448 [11111
3357 5408 3547 5449 Ωηε101⁹
3580 5409 3757 5460 ιιριτθ-

522 5447 1312 5546 3511':‘éiﬂf‘iw'd‘ﬂ:
1340 5452 1829 5546 ἔχὶημειεῖτιὲέί
1866 5455 1940 5546 ,2⁷
1963 5457 2308 5546 ξιικρίμιεῖρ
2467 5460 2512 5491 ⁸⁸
2541 5460 2680 5546 0:9.-
2755 5461 3222 5546 ⁸³..Ρμτιικτίιηλνι
3252 5465 3339 5546 δεῖς
3374 5466 3434 5545 β·
3514 5466 3561 5546 ἐξ
3595 5462 3757 5546 sine

521 5513 696 5603 alii}?!
727 5515 975 5603 ὲςαῦτῇς
995 5517 1093 5603 C.“
1145 5520 1205 5603 ¹¹.
1224 5522 1317 5603 καὶ
1338 5513 1835 5603 τριπλασίουξηιιιο
1860 5523 1932 5579 cf.
1963 5513 2183 5603 in'fra'p;
2330 5528 2461 5603 ini_t_:
2496 5513 2613 5603 oni:
2637 5530 2677 5603 (ξ
3255 5513 3339 5565 vi",
3366 5513 3753 5603 ὁῖύομοίοιξ

1048 5587 1094 5618 ⁵³
1123 5590 1233 5652 τοῖς
1267 5590 1360 5642 ἐπὶ
1381 5583 1464 5656 Ὀ,
1490 5591 1556 5646 Μ.
1645 5594 1692 5625 ⁵⁸
1734 5594 2098 5666 συμπεριάγει
2131 5583 2194 5663 13,
2245 5597 2312 5652 Μ.
2388 5583 2456 5630 "7
2479 5602 2524 5652 εἰ
2554 5599 2741 5654 ἐᾶσθαι
2769 5600 2829 5666 C,
2860 5583 3278 5673 ΜξΝάῚταῙύ-την
3693 5583 3753 5664 (ξ,

581 5691 592 5703 .
674 5654 718 5685 "
742 5654 931 5723 ἔχωσιν
964 5654 1027 5708 C.

3776 2494 3789 2535 ί
