4032 6200
419 229 559 292 3073

423 433 526 486 tias
557 430 722 501 igitur
753 442 808 486 et
841 431 1243 501 profunditates
1275 431 1610 500 sphwrarum
1637 433 1688 484 in
1712 431 1856 485 hunc
1889 445 2003 484 mo-

421 525 546 578 dum
578 525 932 580 Archimedes
961 524 1155 588 reddit,
1184 524 1341 579 aliter
1367 533 1546 578 autem
1579 525 1645 578 dc
1677 525 1742 577 iis
1777 521 2006 591 Hippar-

421 619 557 671 chus
596 618 732 670 dixit
757 627 809 669 et
841 617 1000 670 aliter
1020 615 1336 686 Apollonius
1372 617 1808 671 mathematicus.
1843 614 2005 670 Nuhis

423 720 602 762 autem
636 706 828 761 sul'licit
865 706 1200 763 Platonicam
1234 709 1540 764 doctrinam
1592 709 1794 762 secutis
1845 708 2002 776 dupla

423 811 477 851 r'l
508 800 661 869 tripla
693 801 1051 853 crraticarum
1103 815 1132 854 a
1182 815 1241 854 se
1286 800 1517 854 invicem
1563 798 1851 853 distantias
1893 809 2002 849 sta-

424 903 598 945 tuere.
633 890 1004 946 conservatur
1034 892 1181 946 enim
1217 891 1289 945 ita
1327 892 1567 946 doctrina
1599 930 1613 952 ,
1666 905 1732 943 ex
1780 905 1884 958 qua
1936 903 2000 942 cx

423 995 686 1038 concentu
720 985 991 1038 conditum
1017 985 1086 1039 sit
1108 985 1445 1048 universum,
1466 999 1531 1038 ex
1559 983 1857 1038 rationibus
1877 994 2000 1037 cnn-

425 1076 732 1129 cinentibus
767 1075 1064 1130 secundum
1103 1077 1199 1142 has
1226 1076 1531 1130 distantias.
1567 1075 1786 1130 Numeri
1822 1086 2002 1128 autem

423 1169 491 1222 ab
519 1169 843 1224 Archimede
892 1170 1122 1236 expositi
1178 1177 1232 1222 et
1279 1184 1307 1221 a
1360 1169 1583 1236 reliquis
1630 1169 1696 1220 de
1730 1167 2005 1221 distantiis

425 1263 651 1330 prodita:
668 1263 1078 1330 observationes
1101 1263 1143 1316 si
1173 1278 1279 1317 non
1307 1265 1358 1316 in
1381 1260 1794 1316 concinentibus
1823 1270 2004 1314 essent

428 1353 727 1408 rationibus
753 1394 766 1417 ,
804 1353 906 1408 hoc
943 1364 1023 1408 est
1051 1368 1079 1409 a
1121 1354 1345 1418 Platone
1372 1353 1592 1416 statutis
1620 1353 1797 1420 duptis
1827 1363 1879 1405 et
1910 1354 2007 1406 tri-

427 1448 551 1517 plis,
584 1459 736 1503 extra
771 1459 1066 1508 concentus
1099 1459 1276 1504 autem
1319 1458 1544 1517 reperta:
1569 1488 1582 1512 ,
1642 1464 1746 1502 non
1784 1463 2007 1504 conser—

426 1549 620 1592 varent
656 1539 802 1592 illam
833 1539 1132 1593 doctrinam
1154 1577 1169 1604 ,
1205 1554 1269 1593 ex
1317 1553 1417 1606 qua
1448 1538 1758 1590 universum
1786 1552 1849 1590 ex
1876 1551 2008 1589 con-

429 1642 584 1687 centu
619 1632 894 1685 conditum
924 1634 1014 1687 sit.
1042 1630 1159 1685 Non
1189 1632 1332 1686 enim
1360 1645 1534 1698 neque
1555 1630 1810 1684 credibile
1833 1643 2007 1699 neque

429 1725 707 1793 possibile,
737 1738 857 1778 csse
907 1739 1094 1778 eorum
1126 1725 1410 1778 distantias
1460 1732 1514 1775 ct
1567 1721 1905 1776 irrationales
1954 1731 2009 1775 et

430 1830 622 1869 carere
657 1825 922 1870 concentu
970 1815 1329 1884 congruisque
1377 1813 1680 1867 rationibus
1711 1853 1726 1878 ,
1783 1819 2010 1881 excepta

432 1906 664 1960 tortasse
697 1905 820 1970 lluua
852 1907 968 1964 sola
997 1917 1217 1978 propter
1249 1905 1490 1960 defectus
1520 1913 1573 1956 et
1619 1903 1864 1957 umbram
1899 1911 2010 1956 ter-

433 2013 530 2063 rte,
557 1999 622 2051 de
644 1997 798 2065 cujus
822 1998 990 2052 solius
1013 2005 1066 2052 et
1098 1998 1254 2050 ﬁdem
1292 1997 1558 2074 quispiam
1589 1995 1784 2049 habeat
1820 1993 2013 2053 Archi-

433 2092 575 2148 tucdi
603 2091 854 2147 distantia
882 2129 900 2156 ,
955 2091 1054 2144 hoc
1097 2098 1180 2143 est
1212 2088 1350 2143 luna:
1381 2103 1412 2152 a
1450 2096 1612 2142 terra.
1669 2085 1819 2152 Hanc
1853 2085 2014 2155 igitur

433 2185 640 2240 secutis
677 2184 728 2236 in
758 2182 902 2247 [acili
936 2182 1039 2238 crit
1067 2182 1362 2235 secundum
1400 2179 1528 2233 illud
1559 2177 1894 2239 Platonicum
1933 2177 2013 2244 ip-

432 2294 552 2332 sum
583 2293 648 2334 ex
673 2275 836 2344 duplo
877 2283 930 2330 et
965 2274 1157 2341 tripto,
1190 2275 1331 2328 sicut
1361 2271 1550 2326 statuit
1574 2271 1726 2329 Plato
1750 2310 1765 2334 ,
1802 2280 1856 2324 et
1887 2269 2014 2322 reli—

432 2383 572 2439 quas
601 2367 888 2421 distantias
938 2379 1162 2417 numero
1204 2363 1512 2433 complecti.
1564 2362 1619 2415 Si
1670 2362 1885 2430 quidem
1928 2375 2013 2414 se-

431 2459 666 2515 cundum
694 2455 1075 2521 Archimedem
1111 2469 1140 2508 a
1182 2453 1468 2522 superﬁcie
1511 2462 1668 2507 teme
1700 2451 1821 2505 luna
1853 2452 2018 2506 dismt

431 2556 728 2609 stadiorum
766 2551 1046 2613 55t4|30,
1095 2550 1253 2615 facile
1281 2559 1363 2604 est
1392 2549 1491 2603 hos
1515 2561 1773 2615 numeros
1815 2559 2018 2614 augen-

435 2660 540 2702 tem
562 2646 721 2715 duplo
741 2655 795 2700 et
822 2645 984 2712 triplo
1011 2653 1065 2696 et
1087 2643 1420 2712 reliquorum
1449 2640 1688 2710 reperire
1709 2639 2017 2709 distantias,_

434 2751 694 2813 tanquam
727 2753 832 2792 una
863 2748 1016 2807 parte
1063 2745 1274 2804 sumpta
1331 2750 1519 2789 eorum
1551 2748 1780 2788 numero
1809 2732 2017 2787 stadio—

435 2849 604 2896 rum,
657 2841 790 2901 quot
853 2829 974 2881 luna
1022 2829 1190 2882 distat
1238 2842 1266 2880 a
1315 2836 1482 2880 terra.
1531 2827 1790 2895 Reliquos
1838 2833 2015 2877 autem

436 2937 693 2977 numeros
746 2923 814 2975 ab
853 2919 1178 2983 Archimede
1235 2917 1301 2979 de
1355 2918 1609 2983 distantia
1662 2916 2015 2974 erraticarum

1869 229 2156 294 ORIGEN
2165 231 2233 293 IS

493 342 581 395 t0.
616 341 688 394 De
718 340 843 394 luna
877 347 1054 396 autem
1095 341 1300 396 dictum
1351 349 1434 396 est
1480 342 1750 413 superius.
1789 342 2000 396 Distan-
2032 347 2078 401 Α

2181 345 2268 400 10.
2307 348 2440 418 Περὶ
2464 350 2691 422 σελήνης
2732 352 2787 404 δὲ
2818 350 3014 422 ἐλέχθη
3045 349 3105 403 τὸ
3135 347 3424 420 πρότερον.
3466 350 3547 404 Τά
3589 354 3692 421 μὲν

2109 438 2200 495 οὖν
2240 442 2608 512 ἀποστήματα
2642 443 2735 496 καὶ
2766 441 2906 513 βάθη
2931 442 3040 495 τῶν
3071 441 3319 512 σῳαιρῶν
3345 440 3520 506 οὕτως
3564 444 3687 515 Ἀρ-

2109 535 2347 605 χιμήόης
2411 535 2755 601 ἀποδίδωσιν,
2814 535 3016 607 ἑτέρως
3061 534 3118 586 δὲ
3167 534 3308 604 ὑπὲρ
3337 535 3520 587 αὐτῶν
3580 535 3685 587 Ἰπ-

2109 631 2304 700 πάρχῳ
2339 630 2552 700 εἴρηται
2593 630 2687 682 καὶ
2726 629 2926 698 ἑτέρως
2980 627 3326 697 Ἀπολλωνίῳ
3380 627 3456 697 τῷ
3514 629 3688 699 μαθη-

2112 723 2344 792 ματικῷ.
2391 722 2628 790 Ἡμῖνδέ
2658 720 2878 790 ἐξαρκεῖ
2900 723 2965 790 τῇ
2989 721 3304 790 Πλατωνικῇ
3333 718 3516 790 δόξῃ⁶¹
3555 721 3685 773 ἐπο-

2111 813 2290 880 μένοις
2316 812 2572 866 διπλάσια
2615 813 2710 880 μὲν
2741 813 2835 865 καὶ
2864 813 3158 882 τριπλάσια
3183 810 3392 864 οἴεσθαι
3415 811 3524 864 τῶν
3548 813 3682 866 πλα-

2109 907 2366 976 νωμένων
2401 905 2467 958 τὰ
2493 905 2587 957 ἀπ’
2617 905 2860 974 ἀλλήλων
2880 903 3225 974 διαστήματα
3251 920 3265 933 ·
3303 902 3540 967 σώζεται
3577 904 3684 976 γὰρ

2106 997 2564 1064 οὖτωςηόλὸγος
2627 996 2720 1050 τοῦ
2769 996 2888 1048 καθ’
2932 995 3202 1065 ἁρμονίαν
3259 995 3584 1062 συγκεῖσθαι
3625 997 3684 1050 τδ

2109 1091 2215 1144 πᾶν
2239 1093 2297 1143 ἐν
2330 1087 2510 1154 λόγοις
2564 1085 2876 1156 συμφώνοις
2939 1086 3081 1139 κατὰ
3113 1085 3288 1138 ταῦτα
3330 1086 3399 1139 τὰ
3444 1087 3685 1157 ἀποστή-

2111 1198 2274 1251 ματα.
2305 1177 2364 1233 0⁸
2387 1180 2432 1233 δ’
2463 1180 2775 1242 ἐκτεθέντες
2803 1177 2908 1230 ὑπὸ
2945 1177 3314 1248 Ἀρχιμήδους
3347 1179 3575 1249 ἀριθμοὶ
3595 1181 3686 1234 καὶ

2109 1274 2212 1327 ὑπὸ
2248 1272 2358 1325 τῶν
2378 1269 2553 1325 ἄλλων
2583 1270 2843 1342 περὶτῶν
2872 1271 3280 1340 ἀποστημάτων
3310 1272 3356 1302 ⁸³
3389 1271 3679 1342 λεγόμενοι

2106 1367 2255 1433 λόγοι
2286 1365 2332 1417 εἰ
2367 1363 2435 1434 μὴ
2467 1365 2522 1416 ἐν
2560 1361 2876 1432 συμφώνοις
2914 1357 3026 1414 εἷεν
3056 1361 3257 1430 λόγοις,
3289 1362 3543 1417 τουτέστι
3574 1367 3682 1429 τοῖς

2111 1457 2212 1510 ὑπὸ
2239 1455 2522 1519 Πλάτωνος
2551 1456 2672 1522 είρη
2683 1453 2866 1521 μένοις
2885 1453 3189 1516 διπλασίοις
3207 1455 3301 1508 καὶ
3320 1455 3684 1529 τριπλασίοις,

2109 1551 2213 1616 ἔξω
2239 1550 2294 1603 δὲ
2325 1548 2656 1618 συμφωνιῶν
2687 1547 3090 1617 εὑρισκόμενοι,
3139 1548 3238 1600 οὐκ
3278 1547 3343 1601 ἄν
3385 1549 3611 1614 σώζοιεν
3631 1550 3689 1602 τὸ

2110 1643 2233 1696 καθ’
2282 1639 2617 1711 ἀρμονίανθθ
2675 1638 3116 1692 κατεσκευάσθαι
3172 1640 3235 1692 τὸ
3294 1642 3435 1694 πᾶν·
3489 1641 3553 1694 οὐ
3585 1642 3686 1713 γὰρ

2113 1734 2337 1789 πιθανὸν
2364 1734 2484 1787 οὐδὲ
2513 1732 2740 1786 δυνατὸν
2771 1731 2944 1798 ἇλογά
2995 1749 3054 1784 τε
3074 1732 3119 1763 ⁸⁵
3175 1733 3268 1784 καὶ
3303 1731 3409 1796 ἔξω
3463 1748 3689 1802 συμφω-

2112 1827 2242 1880 νιῶν
2273 1825 2368 1879 καὶ
2389 1822 2724 1895 ἐναρμονίων
2758 1821 2932 1890 λόγων
2960 1816 3099 1875 εἶναι
3141 1821 3318 1874 αὐτῶν
3334 1821 3403 1874 τά
3448 1823 3690 1893 ἀποστή-

2117 1937 2263 1990 ματα
2294 1919 2363 1984 ⁸⁸,
2395 1917 2533 1987 πλὴν
2569 1918 2697 1978 ἴσως
2727 1915 2956 1985 σελήνης
3006 1914 3172 1984 μόνης
3217 1915 3280 1966 ἐκ
3315 1913 3422 1967 τῶν
3465 1913 3692 1984 λείψεων

2116 2012 2212 2067 καὶ
2240 2015 2336 2082 τῆς
2364 2011 2523 2072 σκιᾶς
2545 2009 2646 2080 τῆς
2673 2008 2795 2078 γῆς,
2821 2006 2951 2078 περὶ
2980 2001 3048 2078 ἧς
3085 2007 3254 2075 μόνης
3283 2005 3377 2059 καὶ
3405 2005 3689 2059 πιστεύσαι

2114 2122 2198 2168 τις
2233 2101 2299 2157 ἂν
2339 2101 2644 2172 Ἀρχιμήδη
2697 2097 3077 2159 ἀποστάσεως,
3105 2095 3356 2150 τουτέστι
3405 2095 3510 2167 τῆς
3546 2095 3695 2167 σελη-

2116 2199 2311 2265 νιακῆς
2337 2195 2444 2248 ἀπὸ
2487 2194 2595 2264 γῆς
2620 2210 2633 2225 ·
2697 2191 2903 2261 ταύτην
2946 2190 3002 2241 δὲ
3038 2187 3269 2242 λαϐοῦσι
3317 2187 3502 2260 ῥᾴδιον
3538 2187 3689 2242 ἔσται

2118 2288 2260 2343 κατά
2288 2287 2348 2340 τὸ
2385 2286 2731 2342 Πλατωνικὸν
2775 2281 2909 2336 αὐτὸ
2951 2281 3020 2334 τά
3036 2281 3080 2313 ⁸⁷
3132 2280 3275 2335 κατά
3306 2280 3368 2335 τδ
3411 2281 3692 2336 διπλάσιον

2119 2381 2214 2435 καὶ
2243 2378 2584 2451 τριπλάσιον,
2645 2377 2721 2438 ὠς
2765 2374 2907 2438 ἀξιοί
2945 2373 3195 2438 Πλάτων,
3255 2374 3350 2426 καὶ
3405 2370 3475 2425 τὰ
3531 2371 3692 2426 λοιπὰ

2118 2468 2484 2538 ἀποστήματα
2500 2465 2546 2498 ⁸³
2574 2462 2792 2535 ἀριθμῷ
2818 2464 2862 2494 ⁸⁸
2886 2461 3219 2533 περιλαϐεῖν.
3246 2461 3310 2522 Εἰ
3345 2459 3412 2534 δὴ
3437 2459 3582 2522 κατά
3600 2460 3689 2514 τὸν

2133 2559 2468 2630 ’Λρχιμήδην
2497 2557 2604 2610 ἀπὸ
2633 2557 2730 2626 τῆς
2777 2554 3098 2624 ἐπιφανείας
3145 2554 3244 2624 τῆς
3278 2553 3383 2623 γῆς
3433 2554 3467 2622 ἡ
3497 2553 3690 2624 σελήνη

2120 2649 2395 2721 ἀφέστηκε
2418 2649 2644 2702 σταδίων
2665 2646 2885 2717 μυριάδ.
2906 2645 3055 2713 ⁴φνδ¹,
3072 2644 3321 2708 σταδίους
3338 2643 3488 2715 ,δνρλκ
3510 2643 3685 2716 ῥᾴδιον

2121 2743 2344 2807 τούτους
2369 2742 2494 2811 τοὺς
2533 2739 2801 2810 ἀριθμοὺς
2839 2736 3100 2801 αὔξοντας
3137 2736 3278 2790 κατά
3308 2737 3369 2790 τὸ
3415 2737 3691 2791 διπλάσιον

2123 2835 2216 2890 καὶ
2247 2833 2568 2904 τριπλάσιον
2627 2834 2722 2885 καὶ
2769 2830 2837 2883 τὰ
2893 2830 3001 2882 τῶν
3030 2829 3232 2882 λοιπῶν
3274 2829 3454 2901 εὑρεῖν
3475 2827 3692 2890 διαστή-

2127 2945 2291 2997 ματα,
2325 2925 2399 2988 ὼς
2431 2927 2558 2998 μιᾶς
2587 2922 2780 2994 μοίρας
2827 2921 3247 2992 λαμϐανομένης
3296 2919 3390 2972 τοῦ
3424 2919 3534 2973 τῶν
3563 2935 3688 2976 στα·

436 3015 716 3067 stellarum
749 3012 954 3082 positos
989 3026 1093 3063 non
1136 3011 1190 3064 in
1235 3011 1490 3078 congruis
1522 3009 1822 3063 rationibus
1863 3007 2015 3061 facile

2122 3021 2250 3073 δίων
2305 3015 2540 3088 ἀριθμοῦ
2595 3014 2689 3079 οὓς
2739 3017 2770 3084 ή
2814 3013 3009 3083 σελήνη
3070 3013 3169 3082 τῆς
3215 3011 3314 3081 γῆς
3357 3010 3690 3080 ἀφέστηκεν.

437 3115 520 3162 cst
550 3104 864 3168 intellectu,
899 3104 985 3156 ubi
1013 3102 1355 3171 perspexeris
1381 3142 1396 3166 ,
1437 3103 1713 3172 quomodo
1766 3103 1906 3157 inter
1959 3115 2019 3153 se

438 3198 752 3254 referantur
797 3204 852 3251 et
879 3195 1076 3265 quibus
1105 3195 1350 3249 nitantur
1396 3196 1448 3249 in
1503 3195 1825 3248 rationibus.
1883 3192 2018 3246 Illud

437 3304 618 3349 autem
641 3294 753 3348 fieri
776 3293 1052 3361 nequit,ut
1071 3306 1175 3352 non
1201 3290 1310 3344 sint
1330 3289 1381 3343 in
1397 3289 1639 3359 70-71
1665 3287 2024 3358 congruentia.

440 3396 493 3439 et
515 3393 778 3439 concentu
804 3384 906 3443 lue.
933 3398 1054 3452 quae
1077 3392 1202 3442 sunt
1227 3381 1277 3434 in
1298 3382 1650 3450 congruentia
1671 3379 2019 3434 consistentis

441 3477 626 3532 mundi
643 3487 841 3546 partes.
859 3455 1158 3546 lgiturcum
1174 3476 1382 3542 primus
1399 3488 1842 3540 numerus,quem
1858 3471 2022 3526 diStat

441 3570 521 3625 sol
557 3586 584 3622 a
623 3570 768 3633 luna,
789 3570 877 3638 qui
898 3570 967 3622 sit
985 3567 1254 3628 5544150,
1274 3567 1539 3630 secundus
1559 3578 1833 3626 numerus.
1860 3577 2020 3632 quem

442 3664 607 3718 distat
637 3660 716 3718 sol
757 3677 783 3714 a
813 3661 939 3724 luna
959 3701 972 3724 ,
1013 3661 1102 3728 qui
1143 3659 1212 3712 sit
1234 3655 1550 3719 5027:3065,
1580 3653 1783 3721 majore
1810 3661 2024 3708 constat

446 3754 654 3807 ratione
678 3768 839 3825 quam
864 3752 1117 3819 nonupla.
1152 3749 1231 3804 Ad
1259 3752 1399 3808 hunc
1428 3758 1607 3802 autem
1644 3746 1892 3814 superior
1925 3761 2022 3798 nu-

445 3858 648 3908 merus,
673 3844 767 3910 qui
789 3843 861 3896 sit
891 3842 1199 3909 20272065,
1221 3844 1431 3899 ratione
1458 3840 1767 3895 continetur
1788 3837 2024 3910 [minore

445 3949 607 4003 quam
649 3933 888 3991 dimidia.
921 3934 998 3988 Ad
1043 3934 1186 3988 hunc
1239 3942 1415 3992 autem
1469 3935 1716 4001 superior
1743 3945 2020 3992 tntiuerus,

445 4028 537 4096 qui
569 4027 640 4085 sit
662 4026 968 4092 50817163,
1003 4029 1214 4081 ratione
1247 4023 1592 4096 continetur]
1636 4024 1836 4093 majore
1863 4038 2023 4093 quam

445 4118 626 4188 dupla.
667 4117 747 4174 Ad
797 4118 941 4173 hunc
984 4130 1163 4192 autem
1219 4119 1468 4184 superior
1509 4124 1800 4182 numerus,
1831 4119 1919 4184 qui
1954 4117 2025 4170 sit

444 4209 749 4279 40341108,
781 4210 991 4267 ratione
1019 4209 1384 4264 continebitur
1409 4211 1618 4264 minore
1645 4224 1806 4278 quam
1838 4224 2027 4279 super-

445 4311 661 4369 quarta.
696 4301 775 4363 Ad
831 4301 974 4360 hunc
1035 4309 1216 4360 autem
1261 4301 1512 4366 superior
1543 4316 1800 4355 numerus
1831 4304 1922 4369 qui
1955 4304 2025 4356 sit

443 4392 753 4459 9.0275065,
791 4392 1000 4447 ratione
1027 4393 1338 4446 continetur
1365 4391 1566 4461 majore
1593 4407 1751 4459 quam
1780 4393 2021 4445 dimidia.

447 4490 529 4543 Ad
554 4489 698 4545 hunc
714 4499 894 4544 autem
921 4502 1205 4558 supremus
1222 4501 1501 4547 numerus,
1519 4488 1607 4556 qui
1629 4486 1698 4540 sit
1715 4487 2018 4556 40572065,

450 4580 660 4640 ratione
684 4581 994 4635 continetur
1024 4579 1234 4646 minore
1261 4594 1419 4646 quam
1449 4577 1626 4647 dupla.

2125 3109 2326 3163 Ὀτιδέ
2360 3111 2408 3162 οἱ
2459 3107 2634 3170 λοιποί
2659 3106 2886 3177 ἀριθμοὶ
2931 3108 2979 3157 οἱ
3018 3104 3108 3157 ὑπ’
3165 3101 3515 3174 Ἀρχιμήδους
3553 3101 3686 3171 περὶ

2120 3203 2219 3272 τῆς
2265 3201 2625 3264 ἀποστάσεως
2671 3198 2781 3259 τῶν
2834 3196 3209 3267 πλανωμένων
3263 3194 3540 3263 λεγόμενοι
3588 3191 3690 3244 οὐκ

2121 3292 2179 3343 ἐν
2234 3288 2545 3359 συμνρὼνοις
2595 3287 2795 3356 λόγοις,
2863 3287 3046 3357 ῥᾴδιον
3085 3285 3312 3354 γνῶναι,
3348 3285 3463 3346 πῶς
3513 3281 3694 3352 ἔχουσι

2123 3381 2257 3454 πρὸς
2285 3381 2547 3450 ἀλλήλους
2563 3379 2653 3433 καὶ
2676 3380 2734 3430 ἐν
2765 3380 2873 3431 τίσι
2890 3377 3071 3445 λόγοις
3097 3377 3202 3430 εἰσὶ
3225 3375 3690 3444 κατανοήσαντας·

2125 3474 2199 3546 μὴ
2229 3470 2367 3528 εἶναι
2400 3473 2458 3528 δὲ
2503 3475 2562 3525 ἐν
2610 3471 2847 3542 ἁρμονίᾳ
2903 3471 2996 3522 καὶ
3048 3467 3338 3540 συμφωνίᾳ
3395 3467 3572 3521 ταῦτα
3603 3463 3692 3519 τοῦ

2123 3573 2243 3628 καθ’
2284 3571 2552 3643 ἁρμονίαν
2630 3569 2963 3632 συνεστῶτος
3017 3567 3093 3640 [β.
3151 3567 3243 3621 48.
3298 3563 3432 3638 49.]
3493 3564 3692 3634 κόσμου

2123 3667 2251 3720 ὄντα
2285 3666 2427 3736 μέρη
2452 3663 2736 3717 ἀδύνατον.
2768 3661 2873 3713 Τοῦ
2908 3661 3003 3730 μὲν
3029 3660 3092 3730 δὴ
3128 3658 3346 3730 πρώτου
3374 3655 3610 3727 ἀριθμοῦ
3640 3652 3696 3705 ὃν

2124 3758 2433 3826 ἀφέστηκεν
2484 3758 2516 3826 ή
2568 3754 2765 3824 σελήνη
2817 3754 2916 3821 τῆς
2974 3752 3076 3821 γῆς
3125 3751 3274 3813 ὄντος
3331 3748 3554 3820 μυριάδ.
3592 3745 3696 3816 φνδ

2130 3853 2371 3924 μονάδων
2395 3849 2537 3919 ,δρλ’,
2561 3851 2588 3902 ὁ
2611 3847 2860 3916 δεύτερος
2882 3844 3112 3914 ἀριθμὸς
3134 3845 3193 3897 ὂν
3210 3843 3522 3912 ἀφέστηκεν
3553 3839 3697 3910 ἥλιος

2124 3947 2222 4017 τῆς
2247 3943 2478 4013 σελήνης
2496 3938 2571 3993 ὢν
2602 3938 2824 4009 μυριάδ.
2854 3938 2999 4004 ,εκςι
3032 3936 3277 4004 μονάδων
3306 3934 3450 4004 ,βξ-ε’,
3475 3934 3536 3994 ἐν
3561 3932 3699 4001 λόγῳ

2126 4038 2241 4091 ἐστὶ
2271 4033 2536 4088 πλείονι⁹⁰
2561 4032 2595 4101 ἢ
2633 4030 2858 4084 ἔλασσον
2881 4030 2947 4060 ⁹⁸·
2981 4029 3116 4097 πρὸς
3165 4027 3221 4079 δὲ
3257 4025 3444 4090 τοῦτον
3481 4027 3509 4079 ὁ
3557 4025 3697 4078 ἀνωο

2126 4131 2266 4200 τέρω
2289 4125 2520 4199 ἀριθμὸς
2549 4122 2624 4176 ὢν
2655 4122 2874 4192 μυριάδ.
2907 4120 3054 4188 ιβκζν,
3088 4119 3272 4188 μονάδ.
3296 4117 3442 4187 ’βξε’,
3477 4117 3536 4168 ἐν
3561 4114 3701 4184 λόγῳ

2128 4221 2244 4275 ἐστὶ
2273 4218 2538 4291 [ἐλάττονι
2560 4215 2607 4245 ⁸³
2625 4215 2658 4283 ή
2690 4214 2902 4283 ἡμίσει.
2929 4210 3072 4281 Πρὸς
3105 4210 3161 4262 δὲ
3185 4208 3373 4261 τοῦτον
3395 4209 3422 4261 ὁ
3447 4204 3702 4273 ἀνωτέρω

2129 4308 2358 4379 ἀριθμὸς
2380 4305 2452 4358 ὢν
2478 4304 2693 4374 μυριάδ.
2732 4320 2850 4365 ,επα
2873 4301 3113 4370 μονάδων
3137 4297 3293 4370 ,ζρξέ
3317 4300 3373 4350 ἐν
3389 4297 3531 4367 λόγῳ
3553 4291 3700 4364 ἔστη

2134 4399 2340 4452 πλείονι
2373 4396 2405 4467 ἢ
2445 4394 2732 4464 διπλασίῳ.
2783 4393 2927 4463 Πρὸς
2973 4391 3028 4443 δέ
3060 4389 3248 4444 τοῦτον
3289 4389 3334 4421 ⁸³
3375 4390 3402 4442 ὁ
3446 4384 3702 4456 ἀνωτέρω

2131 4491 2364 4561 ἀριθμὸς
2411 4487 2748 4558 ῶνημυριάδ.
2802 4486 2922 4550 ,δ-ιδ,
2977 4485 3221 4553 μονάδων
3271 4488 3433 4554 ,αρη’,
3475 4482 3533 4534 ἐν
3564 4480 3706 4548 λόγῳ

2133 4584 2286 4636 ἔσται
2304 4580 2545 4644 ἐλάττονι
2571 4578 2602 4647 ἢ
2625 4577 3042 4646 ἐπιτετὰρτῳθδ.
3067 4576 3207 4646 Πρὸς
3229 4575 3283 4627 δέ
3303 4574 3488 4627 τοῦτον
3519 4574 3548 4625 ὁ
3567 4573 3706 4629 ἀνως

445 4674 590 4744 τέρω
627 4674 858 4745 ἀριθμὸς
896 4673 971 4728 ὢν
1014 4673 1233 4746 μυριάδα
1265 4671 1394 4745 ,βκξ
1413 4673 1458 4704 ⁸⁸
1496 4674 1741 4742 μονάδων
1767 4674 1902 4740 ιεξεᾌ
1927 4679 1983 4730 ἐν
2004 4678 2149 4748 λόγῳ
2178 4676 2296 4729 ἐστὶ
2335 4670 2591 4741 πλείονιῆ
2620 4671 2826 4739 ἡμίσει.
2862 4669 3004 4740 Πρὸς
3030 4669 3084 4721 δέ
3121 4667 3308 4720 τοῦτον
3332 4667 3376 4698 ⁸⁸
3399 4668 3427 4718 ὁ
3450 4665 3708 4719 ἀνωτάτω

445 4767 676 4839 ἀριθμὸς
726 4767 801 4821 ὢν
843 4768 1062 4839 μυριὰδ.
1105 4767 1241 4831 ,δλζ’,
1288 4767 1470 4837 μονάδ.
1519 4765 1661 4836 ,βξε’,
1698 4770 1755 4820 ἐν
1790 4770 1931 4842 λόγῳ
1976 4774 2094 4826 ἐστὶ
2117 4771 2360 4826 ἐλάττονι
2399 4766 2749 4838 ἥδιπλασίῳ.

521 4861 607 4923 il.
642 4859 732 4919 Hm
761 4860 927 4928 igitur
975 4861 1213 4925 rationes
1244 4871 1296 4914 ct
1322 4859 1491 4926 major
1525 4875 1682 4928 quam
1717 4864 1950 4932 nonupla
1977 4875 2029 4917 et

451 4951 628 5004 minor
662 4965 820 5018 quam
851 4951 1068 5005 dimidia
1109 4960 1162 5005 et
1188 4951 1359 5021 major
1384 4966 1543 5021 quam
1577 4953 1734 5021 dupla
1771 4963 1823 5008 et
1855 4955 2029 5009 minor

449 5058 611 5110 quam
653 5053 1012 5111 superquarta
1046 5053 1100 5097 et
1129 5044 1304 5112 major
1326 5058 1489 5114 quam
1522 5044 1746 5113 dimidia
1774 5056 1828 5099 et
1851 5046 2027 5099 minor

451 5149 612 5201 quam
638 5135 797 5214 dupla
833 5143 984 5188 extra
1016 5149 1207 5190 omnes
1235 5145 1360 5189 sunt
1385 5143 1704 5199 concentus,
1736 5151 1801 5190 ex
1834 5136 2028 5204 quibus

2207 4863 2294 4916 Η.
2317 4853 2474 4927 Οὗτοι
2504 4859 2566 4929 δὴ
2598 4861 2646 4912 οί
2685 4859 2832 4927 λόγοι
2867 4861 2893 4912 ὃ
2941 4878 2997 4912 τε
3041 4859 3354 4929 πλείων’⁷ἣ
3399 4857 3709 4931 [ἐννεαπλά-

2137 4971 2251 5014 σιος
2277 4951 2447 5025 κα“ι]⁹⁸
2477 4951 2715 5006 ἐλάττων
2747 4952 2778 5021 ἦ
2812 4952 3013 5020 ήμισυς
3063 4953 3156 5004 καὶ
3194 4951 3395 5004 πλείων
3439 4951 3472 5020 ἦ
3520 4949 3709 5004 διπλά-

2136 5061 2248 5107 σιος
2273 5045 2368 5097 καὶ
2399 5043 2637 5097 ἐλάττων
2665 5042 3072 5114 ήέπιτέταρτος
3097 5043 3190 5096 καὶ
3218 5042 3418 5096 πλείων
3449 5044 3482 5112 ἦ
3510 5044 3712 5113 ἥμισυς

2134 5138 2230 5188 καὶ
2252 5136 2490 5189 ἐλάττων
2527 5134 2559 5204 ή
2589 5134 2872 5197 διπλάσιος
2905 5135 3008 5198 ἔξω
3048 5134 3238 5186 πασῶν
3275 5136 3378 5186 εἱσι
3411 5137 3454 5166 ’⁸
3492 5148 3712 5204 cupiam-

1731 5291 1966 5347 VARIE
2009 5291 2408 5352 LECTIONES.

524 5454 567 5524 εί
619 5451 768 5524 δόξαᾲ
812 5455 882 5524 (Σ.
949 5453 995 5486 ⁸¹
1030 5445 1219 5524 οὗτοςᾼ
1253 5453 1328 5524 (ξε
1367 5452 1836 5524 ⁸³ίάποστεμάτων
1900 5470 1981 5520 pr.
2028 5453 2091 5506 C.
2187 5451 2232 5524 εξ
2286 5452 2417 5524 κατξ
2457 5452 2721 5524 ᾁρᾼμονξαν
2751 5451 2828 5524 ⁸(Σ.

455 5523 706 5594 στέματα
729 5521 792 5577 C.
858 5523 912 5594 :7
936 5524 1025 5578 τά.
1055 5523 1156 5594 τὰς
1184 5522 1248 5588 C,
1279 5521 1349 5576 Μ.
1428 5523 1473 5594 ε⁸
1507 5521 1865 5594 ἀποστέματα
1890 5525 1951 5578 C.

2931 5452 2976 5481 ⁸³
3026 5451 3194 5518 ἄλογα
3247 5452 3303 5505 δὲ
3357 5451 3420 5506 C.
3487 5452 3534 5482 ⁸³
3589 5453 3717 5506 ἀπο-

2031 5525 2074 5554 ⁸⁹
2105 5521 2355 5592 ἀριθμῶν
2378 5519 2438 5578 C.
2483 5521 2582 5592 M_
2635 5522 2680 5553 ὀ
2705 5520 2894 5592 πλεῖον
2925 5521 2986 5576 C.
3067 5522 3115 5592 “7
3139 5521 3385 5576 ἔλασσον.
3413 5522 3502 5592 ίΑη
3536 5523 3723 5592 ἐννεα-

454 5589 712 5664 πλασίῳῖ
737 5662 749 5664 _
783 5594 828 5664 ’ξ
857 5590 1026 5664 lineis
1053 5592 1273 5664 inclusa
1293 5593 1588 5664 supplenda
1613 5589 1733 5664 esse
1765 5595 2040 5664 admonuit
2071 5589 2350 5664 ,Sternins.
2381 5661 2388 5664 _
2426 5591 2470 5664 δή
2501 5591 2659 5664 τοῦτο
2691 5591 2749 5648 C.
2828 5592 2874 5664 f"
2903 5591 3240 5664 ἐπιτετάρτῳ
3257 5593 3361 5664 ἐπὶ
3403 5591 3470 5661 δὴ
3503 5593 3628 5662 (sic)
3656 5589 3712 5658 ρ.

462 5663 504 5697 ’³
714 5661 841 5740 ,βκξ
873 5661 936 5729 C,
964 5658 1036 5717 Μ.
1110 5662 1158 5694 ⁹⁶
1181 5655 1413 5717 τοῦτον(
1437 5661 1610 5734 τούτῳ
1649 5661 1710 5718 C.
1787 5665 1829 5695 ’⁷
1857 5663 2024 5716 πλείω
2044 5663 2107 5717 (3.
2186 5663 2229 5693 θ’
2259 5660 2424 5714 {locis
2458 5656 2662 5716 inclusa
2692 5661 3076 5731 supplcrimtts.
3135 5655 3281 5714 ""5?
3297 5658 3357 5716 C.
