4032 6200
421 312 558 377 3077

1878 305 2245 366 ORIGENIS

3550 312 3696 373 3078

425 440 533 480 uno
562 432 741 477 autem
780 421 869 475 illo
900 420 1221 492 gloriantur.
1256 417 1332 472 Ne
1362 418 1553 473 borum
1598 417 1814 488 quidem
1866 417 1992 473 insi-

2112 420 2575 491 ἑγκομπάζοντες.
2606 420 2739 473 Οὐδὲ
2769 420 2975 473 τούτων
2997 419 3094 492 τὴν
3119 422 3318 490 ἄσοφον
3350 424 3545 492 σοφίαν
3583 444 3697 479 πα·-

425 515 662 582 pientem
696 512 1018 580 sapientiam
1053 508 1459 578 praetermittam
1490 546 1504 572 ,
1539 507 1630 562 sed
1655 546 1669 570 ,
1718 515 2004 576 postquam

424 620 728 673 exposuero
754 642 768 665 ,
802 618 894 655 eos
928 602 1016 671 qui
1053 616 1117 653 ex
1150 599 1234 654 his
1267 600 1577 669 religionem
1622 600 1840 653 deorum
1876 614 2006 653 con-

427 697 655 749 stituere
682 701 944 747 cenantur
980 705 1268 759 coarguam
1298 688 1525 742 infirma:
1555 688 1751 742 radicis
1787 696 1840 741 et
1868 687 2006 740 frau-

422 789 548 841 dum
584 786 753 853 plena:
787 798 909 839 esse
946 782 1257 852 discipulos.

491 877 576 930 14.
607 875 775 945 Igitur
802 875 875 928 illi
900 875 990 943 qui
1023 888 1115 943 per
1141 872 1381 927 calculos
1411 880 1463 924 et
1494 884 1745 924 numeros
1775 869 2006 923 elemen-

421 980 583 1037 taque
620 976 672 1020 et
712 967 928 1019 nomina
960 964 1244 1018 vaticinari
1276 963 1567 1031 epinantur
1610 960 1676 1015 ab
1719 961 1819 1013 hoc
1851 958 2002 1027 prin-

418 1058 559 1128 cipio
591 1056 817 1127 profecti
851 1066 1021 1109 artem
1049 1070 1202 1109 suam
1226 1057 1484 1117 condunt,
1520 1068 1639 1106 cum
1666 1052 1853 1105 dicunt
1882 1064 2002 1103 esse

420 1154 643 1206 fundum
678 1152 871 1220 singuli
904 1150 1166 1219 cujusque
1200 1150 1409 1203 numeri
1441 1149 1491 1201 in
1526 1145 1851 1202 cbiliadibns
1883 1144 2003 1210 qni-

418 1246 538 1299 dem
580 1252 661 1297 tot
692 1243 974 1305 mouades.
1024 1243 1165 1310 quod
1202 1241 1311 1295 sint
1336 1240 1619 1303 chiliades,
1661 1236 1823 1291 veluti
1852 1235 2000 1307 74-

418 1335 524 1405 75
547 1350 638 1389 sex
663 1335 886 1387 milliqu
911 1334 1107 1388 fundus
1124 1343 1205 1389 est
1227 1337 1476 1388 senarius
1496 1349 1771 1397 numerus,
1792 1344 1998 1403 septem

418 1428 650 1481 millium
695 1427 1058 1496 seplenarius,
1086 1435 1206 1479 octo
1234 1425 1459 1479 millium
1494 1424 1747 1479 monades
1768 1432 1918 1487 octo,
1946 1433 2000 1477 et

416 1519 470 1572 in
503 1518 726 1588 reliquis
759 1518 961 1587 pariter
986 1558 1000 1582 ,
1031 1516 1217 1571 eadem
1250 1517 1460 1569 ratione
1506 1524 1559 1569 et
1595 1516 1645 1568 in
1679 1516 1999 1569 becatonta-

418 1610 597 1673 dibus,
630 1621 761 1678 quot
792 1610 895 1664 sinl
926 1608 1332 1675 becatontades,
1361 1617 1436 1662 tot
1466 1607 1723 1661 monadcs
1762 1613 1843 1661 cst
1876 1606 1993 1659 l'un-

419 1701 519 1754 dus
551 1714 760 1763 earum,
792 1699 953 1753 veluti
988 1698 1458 1767 septingentorum
1500 1706 1707 1763 septem
1742 1706 1865 1749 sunt
1897 1696 1991 1749 lie-

2109 510 2500 581 ραπέμψομαι,
2541 510 2655 563 ἀλλ’
2684 510 2977 580 ἐκθέμενος
3006 512 3132 573 τοὺς
3161 512 3224 563 ὲκ
3248 512 3451 565 τούτων
3480 515 3695 584 ἐπιχει-

2111 596 2335 667 ροῦντας
2384 597 2695 650 θεοσέόειαν
2732 600 2989 669 συνιστᾷν
3020 598 3226 665 ἐλέγξω
3259 598 3415 669 ῥίζης
3450 601 3699 656 ἀσυστά-

2107 706 2199 741 του
2230 690 2325 744 καὶ
2353 690 2686 759 πανουργίας
2717 691 2759 723 ¹⁹
2783 691 3054 745 άναπλέου
3078 693 3127 723 ²⁶
3155 692 3315 755 ὄντας
3345 692 3616 764 μαθητάς.

2178 872 2262 925 Η.
2296 873 2358 925 Oi
2392 872 2490 942 μὲν
2529 869 2621 925 οὖν
2658 873 2744 927 διὰ
2783 874 2978 944 ψήφων
3012 892 3070 927 τε
3121 875 3216 926 καὶ
3253 875 3504 946 ἀριθμῶν
3542 893 3693 930 στοι-

2104 963 2267 1034 χείων
2297 981 2353 1015 τε
2385 964 2476 1017 καὶ
2500 965 2782 1034 ὀνομάτων
2816 964 3180 1035 μαντεύεσθαι
3215 964 3531 1036 νομίζοντες
3558 969 3696 1020 ταύ-

2101 1073 2200 1123 την
2238 1056 2411 1126 ἀρχὴν
2454 1058 2847 1127 ἐπιχειρήσεως
2894 1057 2987 1110 τοῦ
3034 1059 3155 1110 κατ’
3204 1057 3402 1121 αὐτοὺς
3428 1060 3471 1089 ²¹
3525 1058 3693 1127 λόγου

2103 1146 2417 1210 ποιοῦνται,
2467 1148 2769 1215 φάσκοντες
2805 1147 3053 1217 πυθμένα
3106 1143 3244 1200 εἶναι
3296 1147 3533 1200 ἑκάστου
3577 1149 3695 1202 τῶν

2100 1236 2366 1308 ἀριθμῶν,
2399 1238 2488 1289 ἐπὶ
2511 1238 2611 1307 μὲν
2634 1238 2740 1291 τῶν
2761 1238 3012 1308 χιλιάδων
3040 1238 3307 1300 τοσαύτας
3332 1237 3409 1309 [υ.
3444 1241 3532 1301 Si,
3561 1238 3689 1310 δί]

2104 1328 2355 1397 μονάδας,
2378 1328 2497 1381 ὅσαι
2524 1327 2587 1381 ἂν
2604 1322 2703 1382 ὦσι
2726 1330 2991 1398 χιλιάδες,
3025 1324 3135 1382 οἷον
3156 1330 3263 1383 τῶν
3298 1331 3692 1401 ἑξακισχιλίων

2100 1418 2127 1469 6
2146 1418 2363 1489 πυθμὴν
2384 1419 2607 1489 μονάδες
2621 1419 2699 1485 ἒξ,
2715 1420 2822 1472 τῶν
2841 1420 3259 1490 ἑπτακισχιλίων
3281 1422 3509 1490 μονάδες
3524 1422 3690 1485 ἑπτά,

2101 1512 2208 1565 τῶν
2230 1512 2650 1580 ὀκτακισχιλίων
2677 1513 2903 1581 μονάδες
2931 1512 3095 1576 ὀκτὼ,
3116 1514 3209 1566 καὶ
3233 1514 3324 1565 ἐπὶ
3356 1514 3465 1566 τῶν
3486 1513 3695 1567 λοιπῶν

2106 1603 2305 1673 ὁμοίως
2356 1602 2495 1655 κατὰ
2540 1603 2607 1655 τὰ
2651 1603 2828 1668 αὐτὰ,
2872 1606 2967 1656 καὶ
3009 1604 3101 1655 ἐπὶ
3136 1603 3242 1656 τῶν
3292 1604 3691 1670 ἑκατοντάδων,

2106 1697 2228 1749 ὅσαι
2262 1696 2327 1748 ἂν
2360 1689 2492 1747 ὦσιν
2528 1696 2582 1748 αἱ
2631 1695 2983 1757 ἑκατοντάδες
3010 1734 3024 1759 ,
3073 1693 3332 1747 τοσαῦται
3389 1696 3618 1765 μονάδες
3666 1700 3693 1749 6

418 1792 762 1855 catontadcs,
802 1790 998 1844 fundus
1027 1806 1213 1844 earum
1237 1798 1443 1859 septem
1474 1788 1750 1849 mouades.
1776 1799 1992 1839 sexcen-

2106 1786 2326 1857 πυθμήν
2356 1788 2503 1839 ἐστιν
2525 1786 2727 1852 αύτῶν,
2751 1782 2863 1839 οἷον
2885 1785 2990 1838 τῶν
3015 1786 3355 1839 ἑπτακοσίων
3386 1786 3529 1839 ἑπτά
3552 1789 3695 1839 εἰσιν

420 1890 595 1933 torum
615 1896 707 1934 sex
732 1883 1135 1945 bccatontades,
1160 1881 1354 1935 fundus
1386 1894 1572 1934 earum
1601 1894 1693 1933 sex
1715 1879 1993 1932 mouades.

416 1970 561 2025 Idem
598 1972 738 2025 valet
767 1981 818 2025 et
848 1972 897 2025 in
926 1972 1243 2035 decadibus,
1274 1970 1482 2023 muneri
1512 1968 1843 2037 oclogenarii
1880 1984 1998 2021 mo-

419 2064 582 2118 nades
606 2073 747 2127 octo,
778 2064 1112 2135 sexagenarii
1140 2064 1401 2118 monades
1432 2078 1548 2127 sex,
1580 2061 1993 2131 quadragenarii

418 2156 673 2209 monades
704 2164 953 2224 quatuor,
984 2155 1192 2208 denarii
1225 2168 1410 2208 monas
1445 2168 1568 2207 una.
1594 2151 1650 2207 ln
1679 2153 1996 2208 monadibus

416 2254 593 2299 autem
630 2262 726 2314 pro
755 2246 917 2300 fundo
953 2255 1080 2299 sunt
1125 2246 1251 2314 ipsa:
1286 2245 1545 2299 monades
1571 2282 1585 2309 ,
1630 2245 1792 2298 veluti
1827 2257 1993 2297 nove-

416 2337 560 2389 narii
608 2337 815 2390 numeri
846 2350 1059 2399 novem,
1109 2334 1371 2388 octonarii
1399 2342 1523 2387 octo
1544 2374 1557 2399 ,
1588 2334 1878 2402 septenarii
1915 2346 1995 2386 se-

416 2440 580 2495 piem.
611 2426 701 2479 Sic
731 2426 893 2494 igitur
916 2425 1078 2478 etiam
1105 2426 1154 2477 in
1180 2424 1480 2477 litterarum
1506 2422 1785 2477 elementis
1814 2434 1995 2476 leuen-

414 2521 541 2572 dutn
575 2527 677 2572 est.
735 2516 1077 2584 Unaqumque
1113 2516 1255 2569 enim
1317 2515 1491 2569 littera
1547 2529 1773 2569 numero
1832 2514 1989 2568 alicui

414 2610 726 2679 respondet,
782 2609 944 2663 veluti
986 2608 1165 2662 littera
1197 2607 1241 2660 v'
1272 2608 1662 2677 quinquaginta
1703 2608 1989 2661 monadum

414 2708 535 2765 est;
567 2700 955 2768 quinrptagiuta
996 2706 1175 2753 autem
1208 2701 1491 2753 monadum
1527 2699 1721 2755 fundus
1749 2710 1832 2754 est
1867 2699 1991 2769 qui-

414 2788 619 2853 narius,
653 2797 704 2841 et
731 2788 921 2842 littera:
950 2784 992 2839 v'
1020 2786 1217 2841 firmius
1243 2797 1329 2842 est
1360 2788 1663 2857 quinarius.
1698 2788 1810 2855 Age
1843 2804 1989 2855 vero,

413 2894 479 2933 ex
529 2879 708 2946 aliquo
754 2879 972 2932 nomine
1032 2877 1225 2931 [nitidos
1283 2876 1401 2943 ejus
1455 2893 1780 2932 sumamus:
1830 2877 1989 2932 veluti

416 2969 667 3031 nominis,
702 2971 841 3035 quod
874 2977 956 3021 est
993 2966 1376 3036 Ἀγαμέμνων,
1410 2978 1493 3023 est
1524 2968 1711 3022 littera:
1736 2974 1782 3020 at'
1806 2983 1990 3022 monas

414 3075 543 3122 una,
567 3066 615 3124 γ’
649 3068 829 3111 autem
862 3059 1121 3111 monades
1151 3066 1280 3119 tres,
1316 3057 1540 3113 alterius
1568 3066 1615 3111 α’
1645 3074 1833 3113 monas
1861 3076 1986 3123 una,

2104 1878 2479 1941 ἑκατοντάδες⁹
2529 1880 2557 1931 6
2588 1878 2805 1948 πυθμὴν
2847 1877 3026 1931 αὐτῶν
3072 1878 3211 1930 ἑπτά
3264 1878 3525 1947 μονάδεςο
3577 1880 3694 1931 τῶν

2105 1970 2400 2034 ἑξακοσίων
2427 1970 2485 2035 ἓξ
2511 1971 2946 2032 ἑκατοντάδεςυ·
2970 1970 2998 2021 ὁ
3020 1969 3239 2040 πυθμὴν
3266 1970 3446 2023 αὐτῶν
3468 1974 3615 2040 τρεῖς
3645 1974 3693 2003 ²³

2107 2063 2351 2134 μονάδες.
2403 2064 2477 2114 Τὸ
2523 2063 2707 2132 ὅμοιον
2744 2063 2839 2115 καί⁵
2874 2063 2964 2114 ἐπὶ
2995 2062 3104 2114 τῶν
3137 2062 3397 2132 δεκάδων·
3436 2063 3545 2115 τῶν
3588 2066 3693 2133 μὲν

2102 2155 2431 2223 ὀγδοήκοντα
2462 2155 2689 2225 μονάδες
2725 2154 2891 2219 ὀκτὼ,
2937 2154 3046 2206 τῶν
3074 2154 3130 2207 δὲ
3160 2154 3424 2225 ἑξήκοντα
3460 2156 3693 2224 μονάδες

2102 2243 2191 2309 ἒξ,
2228 2244 2336 2297 τῶν
2369 2243 2779 2315 τεσσαράκοντα
2816 2245 3045 2314 μονάδες
3080 2245 3375 2316 τέσσαρες,
3409 2246 3515 2298 τῶν
3552 2248 3689 2301 δέκα

2104 2337 2270 2406 μονάς
2303 2337 2420 2405 μία.
2461 2337 2583 2388 Ἐπὶ
2608 2336 2663 2388 δὲ
2688 2336 2797 2389 τῶν
2823 2336 3089 2407 μονάδων,
3122 2337 3341 2408 πυθμὴν
3364 2340 3523 2391 αὐταί
3550 2342 3691 2393 εἶσιν

2101 2428 2155 2479 αί
2211 2427 2475 2496 μονάδες,
2526 2421 2639 2479 οἷον
2672 2426 2766 2479 τοῦ
2814 2426 2971 2479 ἐννέα
3017 2428 3045 2479 6
3088 2428 3273 2491 ἐννέα,
3324 2429 3418 2481 τοῦ
3471 2430 3620 2482 ὀκτὼ
3664 2435 3693 2484 6

2099 2515 2263 2581 ὀκτὼ,
2292 2516 2385 2569 τοῦ
2414 2518 2555 2569 ἑπτὰ
2584 2519 2612 2569 6
2644 2516 2803 2569 ἑπτά.
2835 2517 3018 2579 Οὕτως
3040 2513 3132 2571 οὖν
3159 2520 3251 2570 καὶ
3281 2521 3372 2571 ἐπὶ
3401 2521 3508 2574 τῶν
3542 2540 3689 2574 στοι-

2099 2606 2260 2677 χείων
2304 2612 2481 2661 ποιεῖν
2512 2608 2612 2661 δεῖ·
2650 2608 2883 2661 ἕκαστον
2934 2609 3043 2679 γάρ
3087 2612 3350 2681 στοιχεῖον
3391 2614 3533 2665 κατά
3566 2630 3687 2666 τινα

2097 2701 2353 2755 τέτακται
2384 2700 2641 2772 ἀριθμὸν,
2664 2698 2774 2755 οἷον
2806 2702 2866 2754 τὺ
2902 2709 2946 2754 ν’
2985 2704 3323 2771 πεντήκοντα
3356 2705 3401 2735 ’⁸
3438 2708 3688 2775 μονάδων

2099 2793 2267 2845 ἐστίν’
2315 2792 2423 2846 τῶν
2466 2793 2518 2846 δὲ
2549 2795 2594 2825 ’⁸
2636 2795 2972 2863 πεντήκοντα
3008 2795 3249 2863 μονάδων
3281 2796 3500 2867 πυθμήν
3536 2801 3687 2852 ἐστιν

2097 2886 2125 2937 6
2153 2884 2335 2947 πέντε,
2362 2884 2571 2938 καὶτοῦ
2604 2892 2645 2938 ν’
2678 2886 2945 2954 στοιχείου
2980 2887 2989 2954 |
3024 2886 3245 2955 πυθμήν
3268 2888 3416 2939 ἐστιν
3444 2892 3471 2942 6
3496 2891 3681 2946 πέντε,

2101 2975 2281 3027 Ἔστω
2312 2975 2372 3027 ἐκ
2414 2993 2510 3027 του
2539 2976 2584 3006 ’⁸
2633 2975 2897 3045 ὀνόματος
2935 2976 3061 3037 τοὺς
3097 2977 3142 3009 ³⁷
3175 2975 3364 3030 τούτου
3398 2979 3684 3049 πυθμένας

2096 3063 2299 3117 λαϐεῖν.
2338 3059 2463 3117 Οἷον
2498 3065 2593 3117 τοῦ
2643 3064 3003 3134 Ἀγαμέμνων
3042 3065 3306 3135 ὀνόματος
3338 3067 3536 3133 γίνεται
3580 3072 3680 3123 τοῦ

418 3168 458 3219 μ
480 3148 739 3202 monades
762 3155 1015 3215 quatuor,
1035 3152 1074 3197 ε’
1097 3146 1352 3201 monades
1372 3150 1632 3215 quinque,
1660 3154 1711 3217 μ’
1731 3151 1989 3203 monades

2099 3155 2197 3225 μὲν
2228 3156 2274 3187 ’⁸
2308 3160 2356 3207 α’
2400 3156 2571 3225 μονὰς
2603 3121 2727 3228 μία,
2756 3121 2940 3209 τούδὲ
2992 3157 3039 3223 γ’
3074 3121 3300 3226 μονάδες
3340 3121 3519 3227 τρεῖς,
3555 3121 3673 3215 τού

414 3244 675 3305 quatuor,
708 3231 749 3286 v'
785 3233 1041 3288 monades
1084 3235 1351 3305 quinque,
1386 3242 1444 3288 ω’
1482 3237 1739 3291 monades
1773 3247 1913 3300 octo,
1949 3239 1989 3291 v'

416 3328 671 3381 tnonailes
715 3328 990 3397 quinque,
1023 3342 1143 3396 qua:
1189 3327 1242 3380 in
1288 3343 1451 3381 unum
1490 3328 1748 3383 subducta
1794 3339 1987 3384 erunt:

416 3420 469 3482 l,
501 3420 554 3485 5,
588 3420 639 3484 l,
672 3419 725 3483 4,
755 3418 809 3483 3,
835 3420 887 3483 4,
922 3418 978 3482 5,
1008 3419 1060 3483 8,
1088 3418 1160 3484 5;
1196 3419 1311 3473 haec
1343 3421 1571 3473 conﬂata
1608 3420 1845 3475 eﬂiciunt
1877 3436 1991 3476 mo-

415 3511 583 3563 nades
610 3508 695 3562 56.
724 3507 931 3563 Rursus
964 3510 1152 3563 horum
1185 3508 1379 3564 fundos
1410 3520 1628 3565 sumunt
1655 3523 1707 3564 et
1732 3512 1865 3565 ﬂunt
1894 3527 1991 3565 nu-

417 3600 552 3653 meri
587 3598 867 3652 tricenarii
901 3610 1032 3665 tres,
1085 3599 1283 3653 senarii
1329 3608 1509 3653 autem
1561 3600 1676 3667 ipse
1721 3600 1987 3665 senarius,

412 3686 641 3741 conﬂata
678 3687 837 3757 igitur
859 3698 967 3741 tres
992 3696 1044 3740 et
1069 3702 1161 3741 sex
1190 3686 1432 3742 efﬁciunt
1462 3702 1678 3751 novem,
1713 3689 1989 3743 novenarii

415 3787 593 3830 autem
635 3777 834 3830 futtdus
888 3778 1237 3832 novenarius.
1294 3779 1579 3849 Acquievit
1634 3779 1799 3850 igitur
1854 3782 1992 3850 Aga-

415 3870 723 3921 memnonis
769 3883 965 3922 nomen
1004 3870 1055 3922 in
1098 3869 1264 3924 fundo
1296 3871 1385 3939 qui
1422 3886 1610 3925 novem
1646 3879 1746 3925 est.
1784 3870 1992 3926 Licebit

417 3956 556 4008 idem
590 3955 753 4007 etiam
784 3956 837 4007 in
872 3957 979 4009 alio
1009 3959 1229 4013 nomine
1263 3968 1474 4014 tentare
1502 4001 1516 4025 ,
1552 3961 1696 4030 quod
1742 3966 1829 4014 est
1859 3960 1990 4014 Ἔκ-

415 4062 548 4115 τωρ.
575 4043 629 4098 ΙιΙ
654 4061 845 4101 nomen
872 4048 1031 4102 habet
1058 4049 1262 4104 litteras
1284 4068 1297 4103 :
1319 4058 1359 4103 ε’
1381 4061 1434 4105 et
1455 4059 1501 4103 κ’
1530 4061 1583 4105 et
1603 4051 1649 4104 τ’
1670 4061 1723 4105 et
1745 4050 1801 4104 ω’
1839 4061 1893 4105 et
1921 4058 1985 4121 ρ’.

417 4135 620 4189 llarum
671 4137 819 4191 fundi
854 4157 866 4193 :
901 4138 956 4204 5,
986 4139 1044 4205 ἓ,
1072 4139 1126 4205 5,
1160 4141 1213 4206 8,
1250 4142 1302 4206 1,
1338 4156 1455 4210 qua:
1488 4140 1716 4195 conﬂata
1748 4141 1990 4197 efﬁciunt

415 4230 672 4283 monades
727 4230 810 4284 l9.
845 4229 1054 4286 Rursus
1079 4232 1285 4286 denarii
1323 4232 1532 4286 numeri
1564 4233 1760 4287 fundus
1798 4247 1989 4288 monas

414 4329 518 4383 est,
552 4322 824 4375 novenarii
848 4322 1192 4386 novenarins,
1225 4336 1344 4389 quae
1372 4320 1598 4376 conﬂata
1621 4321 1866 4375 efﬁciunt
1893 4322 1987 4377 de-

413 4427 553 4475 cem,
584 4413 790 4467 denarii
823 4413 1027 4467 uuincri
1062 4412 1119 4466 iit
1142 4411 1340 4466 inuidus
1370 4426 1576 4466 monas.
1605 4411 1985 4481 Computatum

414 4503 580 4573 igitur
636 4519 831 4556 nomen
870 4501 1115 4556 Hectoris
1164 4501 1343 4556 eﬂecit
1402 4500 1625 4554 fundum
1679 4498 1986 4554 monadem.

413 4594 722 4664 Promptius
752 4604 929 4647 autem
966 4602 1047 4647 est
1077 4595 1125 4647 in
1166 4594 1307 4647 hunc
1334 4592 1549 4646 modum
1596 4607 1707 4646 rem
1742 4593 1982 4663 aggredi.

414 4686 631 4742 Fundos
678 4704 745 4741 ex
784 4688 1064 4743 elementis
1098 4695 1336 4757 repertos
1364 4727 1378 4751 ,
1430 4685 1507 4740 uti
1552 4700 1695 4740 nunc
1749 4685 1982 4739 nominis

415 4776 664 4831 llectoris
707 4778 1005 4847 reperimus
1040 4779 1299 4832 monades
1336 4775 1421 4843 19,
1463 4777 1513 4831 in
1560 4791 1752 4831 novem
1779 4790 1903 4831 seca
1929 4787 1985 4832 et

412 4870 556 4936 quod
588 4870 910 4936 relinquitur
955 4886 1052 4939 pro
1101 4869 1278 4924 fundis
1311 4869 1526 4926 habeto.
1562 4867 1739 4923 Veluti
1770 4882 1890 4922 cum
1923 4867 1985 4923 l9

414 4959 595 5012 divido
646 4961 701 5013 in
726 4976 935 5025 novem,
953 4962 1269 5031 relinquitur
1294 4979 1481 5031 unum,
1502 4964 1685 5020 novies
1712 4965 1854 5020 enim
1880 4966 1984 5021 duo

413 5047 655 5104 cfﬂciunt
718 5052 781 5104 t8
830 5060 883 5107 et
920 5053 1244 5123 relinquitur
1302 5055 1363 5122 l;
1418 5056 1462 5111 si
1499 5056 1642 5111 enim
1674 5058 1983 5112 subduxero

2096 3245 2255 3299 άλλου
2290 3253 2339 3298 α’
2375 3246 2543 3316 μονὰς
2573 3248 2671 3317 μία
2701 3247 2793 3301 τοῦ
2822 3255 2873 3318 μ’
2905 3248 3128 3317 μονάδες
3155 3251 3218 3313 δ’,
3252 3250 3347 3303 τοῦ
3376 3258 3414 3303 ε’
3450 3254 3673 3321 μονάδες

2093 3343 2154 3401 ε’,
2188 3336 2281 3389 τοῦ
2319 3344 2371 3407 μ’
2406 3338 2628 3407 μονάδες
2653 3339 2715 3401 δ’,
2770 3338 2865 3391 τοῦ
2903 3336 2943 3391 ν’
2991 3340 3221 3409 μονάδες
3254 3342 3418 3393 πέντε
3443 3382 3457 3405 ,
3499 3341 3595 3396 τοῦ
3632 3348 3697 3397 ω’

2096 3426 2322 3496 μονάδες
2344 3426 2414 3497 η’,
2441 3428 2534 3481 τοῦ
2559 3428 2601 3480 ν’
2630 3429 2856 3498 μονάδες
2892 3436 2952 3492 ε’,
2983 3430 3119 3500 ὁμοῦ
3151 3432 3241 3483 ἐπὶ
3273 3432 3335 3484 τὸ
3370 3434 3503 3485 αὐτὸ
3529 3435 3681 3488 ἔσον-

2091 3535 2180 3570 ται
2202 3516 2271 3580 α’,
2289 3518 2358 3586 γ’,
2380 3526 2450 3583 α’,
2470 3519 2519 3581 δ,
2543 3537 2591 3583 ε,
2609 3521 2670 3584 δ’,
2692 3518 2731 3572 ε’
2751 3528 2820 3592 η’,
2845 3528 2884 3573 ε’
2903 3524 2968 3554 ¹⁹⁶
2990 3523 3162 3577 ταῦτα
3189 3525 3512 3578 συντεθέντα
3538 3531 3683 3580 ποιεῖ

2096 3610 2329 3681 μονάδας
2370 3611 2465 3675 λς.
2508 3612 2679 3665 Πάλιν
2715 3614 2922 3666 τούτων
2977 3615 3260 3685 πυθμένας
3295 3616 3678 3687 λαμϐάνουσι,

2094 3700 2186 3752 καὶ
2224 3700 2466 3766 γίνονται
2495 3699 2603 3752 τῶν
2638 3700 2739 3769 μὲν
2775 3700 2805 3753 λ
2832 3705 2980 3771 τρεῖς
3001 3744 3014 3766 ,
3050 3702 3156 3755 τῶν
3177 3703 3233 3755 δὲ
3256 3703 3317 3767 ἒξ
3344 3705 3482 3756 αὐτὰ
3507 3707 3575 3758 τά
3598 3707 3675 3769 ἓξ·

2096 3789 2421 3842 συντεθέντα
2463 3785 2556 3843 οὖν
2589 3791 2656 3843 τὰ
2685 3793 2811 3861 τρία
2849 3793 2941 3845 καὶ
2969 3793 3036 3845 τὰ
3068 3793 3127 3857 ἒξ
3153 3795 3299 3847 ποιεῖ
3336 3796 3493 3848 ἐννέα
3516 3840 3531 3862 ,
3572 3797 3678 3849 τῶν

2091 3878 2147 3930 δὲ
2182 3878 2337 3931 ὲννέα
2374 3879 2597 3949 πυθμὴν
2626 3880 2654 3931 6
2701 3881 2874 3935 ἐννέα.
2920 3881 3229 3952 Κατέληξεν
3262 3880 3355 3936 οὖν
3390 3885 3451 3937 τὸ
3502 3888 3676 3953 Ἀγαε-

2095 3967 2313 4037 μέμνων
2333 3967 2504 4036 ὄνομα
2529 3970 2608 4031 είς
2636 3967 2726 4022 τὸν
2754 3969 2911 4023 ὲννέα
2942 3970 3213 4041 πυθμένα.
3244 3974 3425 4026 Ἔστω
3454 3974 3515 4026 τὸ
3545 3977 3679 4028 αὐτὸ

2091 4058 2187 4113 καὶ
2230 4060 2322 4110 ἐπὶ
2370 4058 2531 4113 ἄλλου
2582 4059 2843 4129 ὀνόματος
2895 4063 3116 4129 ποιῆσαι
3159 4062 3254 4116 τοῦ
3310 4066 3555 4137 Ἕκτωρ.
3605 4069 3678 4120 Τὸ

2093 4147 2314 4217 Ἕκτωρ
2338 4147 2507 4218 ὄνομα
2542 4148 2654 4217 ἔχει
2683 4151 2923 4219 στοιχεῖα
2950 4148 2989 4203 ε’
3016 4152 3059 4182 ³⁰
3094 4151 3186 4204 καὶ
3222 4151 3416 4204 κάππα
3448 4154 3544 4205 καὶ
3573 4154 3675 4206 ταῦ

2092 4240 2185 4292 καὶ
2199 4244 2256 4291 ω’
2273 4240 2367 4291 καὶ
2386 4236 2449 4309 ρ’.
2483 4238 2702 4292 Τούτων
2737 4241 3008 4310 πυθμένες
3025 4246 3087 4307 ε’,
3111 4240 3177 4310 β’,
3198 4248 3267 4309 γ’,
3287 4241 3361 4311 η’,
3382 4250 3431 4295 α’
3454 4262 3467 4274 ·
3497 4246 3675 4298 ταῦτα

2093 4329 2410 4383 συντεθέντα
2429 4332 2571 4382 ποιεῖ
2594 4330 2825 4400 μονάδας
2854 4331 2936 4384 ιθ⁸.
2966 4332 3136 4386 Πάλιν
3159 4333 3266 4385 τῶν
3290 4333 3423 4386 δέκα
3451 4336 3674 4407 πυθμὴν

2092 4415 2192 4484 εἷς,
2226 4419 2334 4473 τῶν
2368 4422 2523 4474 ἐννέα
2557 4416 2710 4474 ἐννέα
2734 4462 2748 4487 ,
2780 4422 2815 4476 ἃ
2848 4424 3169 4477 συντεθέντα
3216 4428 3360 4479 ποιεῖ
3388 4426 3541 4481 δέκα·
3577 4429 3673 4482 τοῦ

2091 4511 2221 4565 δέκα
2248 4512 2455 4580 γίνεται
2480 4512 2703 4583 πυθμὴν
2728 4516 2914 4585 μονάς.
2946 4516 3233 4586 Ψηφισθὲν
3255 4514 3347 4572 οὖν
3368 4518 3429 4572 τὸ
3452 4520 3674 4591 Ἕκτωρ

2092 4603 2263 4673 ὄνομα
2286 4605 2508 4674 ἐποίησε
2538 4605 2789 4676 πυθμένα
2819 4608 3041 4677 μονάδα.
3072 4608 3454 4681 Εὑκολὼτερον
3475 4611 3532 4663 δέ
3556 4612 3672 4664 ἐστι

2090 4696 2151 4749 τὸ
2182 4695 2354 4759 οὕτως
2383 4700 2576 4749 ποιεῖν·
2619 4699 2745 4762 τοὺς
2774 4700 3101 4769 εὑρεθέντας
3132 4702 3197 4754 ἐκ
3242 4703 3353 4755 τῶν
3388 4705 3671 4773 στοιχείων

2091 4787 2390 4858 πυθμένας,
2419 4789 2494 4851 ὠς
2515 4788 2610 4844 νῦν
2630 4792 2723 4842 ἐπὶ
2748 4792 2841 4845 τοῦ
2865 4793 3130 4864 Ἕκτορος
3153 4794 3416 4865 ὀνόματος
3436 4796 3670 4868 εὕρομεν

2093 4880 2329 4951 μονάδας
2360 4878 2444 4946 ιϐ’,
2477 4882 2556 4945 εἰς
2584 4883 2741 4934 ὲννέα
2771 4885 2962 4953 μέριζε
2990 4887 3084 4938 καὶ
3121 4887 3182 4939 τὸ
3211 4888 3667 4958 περιλειπόμενον

2091 4971 2370 5041 πυθμένας
2412 4972 2571 5040 λέγε·
2623 4968 2734 5026 οἷον
2770 4974 2838 5028 τά
2884 4976 2946 5028 ιθθ
2976 4976 3073 5029 ἐὰν
3107 4979 3188 5041 είς
3228 4979 3390 5033 ἐννέα
3424 4980 3653 5050 μερίζω,

2090 5058 2164 5131 [ρ.
2202 5060 2434 5133 52-54]
2465 5064 2837 5131 περιλείπεται
2871 5068 3058 5137 μονὰς,
3078 5068 3296 5133 ἐννάκις
3325 5069 3435 5140 γὰρ
3466 5071 3559 5123 δύο
3591 5088 3664 5140 ιη,

1712 5232 1950 5288 VARUE
1988 5233 2399 5292 LECTIONES.

485 5388 529 5461 ξ’
556 5388 650 5461 καὶ
692 5388 1044 5461 πανουργίας.
1102 5389 1449 5461 καινουργίας
1476 5389 1537 5461 β,
1586 5388 1907 5461 καινουργίᾳ
1952 5388 2022 5461 M_.

2100 5390 2144 5421 ²⁹
2168 5390 2443 5470 άναπλ.ἑου
2469 5394 2649 5470 ὄντας.
2700 5399 3069 5463 άναπλέοντας
3117 5401 3180 5464 C,
3226 5402 3660 5470 ἁναπτεροῦντας

414 5458 540 5542 τρὺξ
571 5459 639 5542 lii.
707 5461 748 5490 ²¹
787 5458 963 5542 ἀὐτὴν
1002 5461 1063 5513 (Σ.
1232 5458 1583 5542 έξῂκοντάδες
1613 5459 1675 5514 C.
1711 5460 1761 5542 ξ³
1784 5458 1960 5542 τρεῖς.
1992 5458 2136 5542 Legg
2168 5460 2249 5542 ἐξ,
2294 5461 2392 5542 nisi
2422 5458 2947 5542 exciderunteadem
2980 5458 3235 5542 verbaque
3261 5458 3569 5542 τριακδσιοι
3594 5458 3656 5524 ΜΣ

415 5528 463 5614 1:
480 5528 540 5581 τὸ
558 5530 1009 5614 ,ν’ρτεντῂκίονταη
1025 5530 1266 5614 μονάδων
1290 5528 1454 5614 εστίν.
1478 5530 1569 5614 τξν
1594 5528 1735 5610 κατὰ
1756 5529 2007 5614 ’μονάδων
2028 5531 2075 5598 η’
2099 5529 2160 5592 C,
2186 5531 2281 5583 ἐάν
2305 5530 2395 5582 τὸν
2431 5536 2570 5589 κατὰ
2602 5539 2846 5606 μονάδων
2872 5536 2943 5614 ᾖ’,
2990 5540 3057 5593 Μ.
3141 5541 3186 5571 ’⁵
3218 5528 3327 5593 τῶν
3353 5541 3428 5594 δέ,
3467 5544 3576 5594 τῶν
3595 5543 3656 5603 ο,

418 5596 489 5650 Μ.
558 5599 604 5630 ³⁸
626 5600 691 5652 ἐκ
715 5596 808 5651 τοῦ
838 5599 898 5655 C.
968 5596 1183 5661 ²⁷’τούς.
1206 5600 1324 5651 τινα
1356 5598 1416 5652 C.
1497 5599 1541 5631 ’⁸
1566 5600 1658 5652 τοῦ

416 5681 575 5735 perns
623 5685 635 5721 :
669 5671 904 5739 στοιχεῖα
949 5669 1110 5721 πέντε
1150 5670 1213 5731 (ἶ,
1250 5671 1484 5737 στοιχεῖα
1526 5668 1713 5733 πέντε,
1742 5677 1779 5720 ε’
1808 5670 1872 5723 Μ.

1703 5599 1910 5681 μέῘ¹ι.τδ
1944 5606 2042 5675 μὲν
2068 5606 2128 5670 Ca
2165 5607 2228 5663 Μ·
2288 5609 2335 5639 ἐ’
2366 5610 2426 5671 δ’,
2466 5612 2524 5671 ε’»
2556 5599 2626 5676 Vl":
2662 5616 2727 5663 σ’-
2763 5611 2823 5663 δ’.
2864 5599 2961 5665 fel.
2996 5611 3058 5665 C.
3099 5613 3141 5642 ³⁰
3182 5616 3417 5681 στοιχεῖα
3451 5610 3487 5662 :'
3528 5613 3579 5664 lii
3605 5599 3655 5664 c4
