4032 6200
437 274 583 336 3079

1519 279 1814 341 CONTRA
1852 283 2216 347 HERESES
2255 289 2397 348 LIB.
2439 290 2536 350 1V.

3544 285 3686 349 3080

441 391 539 439 καὶ
569 384 726 456 λοιπὴ
765 386 951 455 μονάς.
994 376 1119 442 Ἐάν
1161 379 1269 460 γάρ
1309 366 1491 461 ὑφέλω
1515 392 1556 424 ³⁸
1592 394 1699 446 τῶν
1731 396 1780 448 ιθ
1812 398 1880 450 τά
1913 397 1998 450 δε‹

2110 411 2351 482 76-77
2369 427 2432 465 ex
2457 410 2682 476 19—l8,
2702 408 2921 462 restabit
2947 409 2990 470 l,
3011 406 3081 459 ita
3108 415 3159 459 nt
3186 404 3430 459 llectoris
3453 409 3684 464 nominis

435 476 678 540 καοκτὼ,
725 477 884 549 λοιπὴ
930 479 1096 550 μονάς
1119 496 1132 510 ο
1169 481 1313 534 ὥστε
1350 482 1445 535 τοῦ
1487 484 1708 555 Ἕκτωρ
1746 488 2009 558 ὀνόματος

392 633 400 638 ,
435 569 659 638 πυθμὴν
679 568 832 622 ἔσται
863 571 1049 641 μονάς.
1084 571 1251 626 Πάλιν
1281 572 1378 626 τοῦ
1412 575 1724 648 Πάτροκλος
1748 579 2009 649 ὀνόματος

435 659 711 728 πυθμένες
727 661 865 714 εἰσιν
884 661 1106 733 ἀριθμοὶ
1127 657 1294 728 οὗτοι,
1311 661 1384 734 η’,
1402 672 1471 728 α’,
1495 672 1565 735 γ’,
1593 665 1658 734 ζ’,
1684 667 1750 739 β’,
1769 676 1838 738 γ’,
1858 669 1923 734 ζ’,
1942 669 2006 740 β”

436 750 825 822 συντεθέντεςι
869 753 1082 806 ποιοῦσι
1131 755 1366 822 μονάδας
1403 756 1497 810 λδ’.
1537 757 1754 811 Τούτων
1795 761 1856 812 τὸ
1903 761 2012 814 λοι-

437 840 540 893 πδν
569 839 613 870 ³¹
643 840 868 909 μονάδες
897 842 1034 895 ἑπτά
1059 882 1073 906 ,
1105 843 1213 895 τῶν
1241 844 1284 896 λ’
1315 847 1487 916 τρεῖς,
1518 845 1612 900 καὶ
1637 847 1747 899 τῶν
1773 849 1815 901 δ’
1849 848 2012 902 αὐταὶ

435 934 494 984 αἱ
521 929 584 985 δ’.
619 931 846 1003 Πυθμὴν
877 929 970 986 οὗν
1015 935 1120 988 εἰσι
1155 935 1248 989 τοῦ
1280 937 1590 1006 Πάτροκλος
1617 939 1880 1009 ὀνόματος
1913 957 2010 1010 μο-

436 1022 592 1084 νάδες
619 1019 662 1086 ζ’
670 1061 683 1074 .
707 1022 771 1073 Oi
807 1022 904 1092 μὲν
933 1018 1024 1076 οὖν
1048 1025 1189 1078 κατὰ
1209 1025 1299 1078 τὸν
1332 1028 1636 1082 ὲννεαδικδν
1670 1029 1873 1084 κανόνα
1899 1029 2006 1100 ψη-

434 1111 682 1180 φίζοντες
712 1110 817 1184 [τὸ]
842 1113 886 1144 ³³
913 1113 1132 1168 ἔννατον
1157 1116 1492 1186 λαμϐάνουσι
1515 1121 1606 1173 τοῦ
1633 1120 2008 1192 ἀθροισθέντος
2036 1157 2044 1164 -

433 1202 500 1253 ἐκ
532 1200 640 1254 τῶν
668 1200 958 1272 πυθμένων
988 1204 1246 1275 ἀριθμοῦ,
1278 1208 1371 1261 καὶ
1403 1209 1462 1262 τὸ
1497 1211 1841 1281 περιλειφθὲν
1873 1211 2010 1281 πλῆ-

435 1292 526 1357 θος
556 1293 667 1346 τῶν
699 1294 990 1365 πυθμένων
1015 1297 1306 1368 ὁρίζονται,
1331 1301 1379 1352 οἱ
1406 1300 1463 1353 δὲ
1490 1301 1629 1354 κατὰ
1658 1303 1748 1356 τὸν
1778 1303 2007 1374 έϐδομα·

433 1384 584 1436 τικὺν
623 1383 685 1438 τὸ
729 1385 982 1456 ἓϐδομοψ
1030 1383 1141 1442 οἷον
1178 1390 1374 1462 εὑρέθη
1417 1392 1509 1446 ἐπὶ
1557 1393 1651 1446 τοῦ
1697 1393 2010 1464 Πάτροκλος

433 1472 696 1544 ὀνόματος
717 1475 778 1528 τὸ
796 1477 887 1529 ἐπὶ
911 1477 1019 1530 τῶν
1049 1478 1338 1549 πυθμένων
1363 1481 1637 1553 ἄθροισμα
1663 1484 1889 1553 μονάδες
1911 1483 2004 1538 λδ¹⁶

430 1564 590 1618 τοῦτο
631 1568 884 1636 μερισθὲν
927 1570 1007 1632 είς
1051 1569 1353 1641 ἑϐδομάδας
1398 1576 1544 1626 ποιεῖ
1567 1574 1632 1638 δ,’
1674 1575 1702 1627 ὃ
1748 1577 1866 1627 ἐστι
1905 1591 2000 1644 κη’

431 1657 615 1712 λοιπαὶ
633 1659 856 1728 μονάδες
884 1659 961 1724 ἒξ·
989 1661 1135 1729 λέγει
1161 1663 1243 1715 ὅτι
1269 1663 1296 1714 6
1321 1662 1544 1735 πυθμὴν
1575 1664 1666 1717 τοῦ
1696 1665 2006 1736 Πάτροκλος

2116 499 2314 555 fundus
2331 501 2400 554 sit
2424 501 2684 555 Lilnrsus
2703 500 2931 553 nominis
2955 499 3095 568 quod
3115 508 3196 551 est
3212 497 3519 567 Πάτροκλος
3537 500 3682 555 fundi

2113 597 2239 643 sunt
2289 591 2493 644 muneri
2548 591 2598 643 hi
2641 607 2653 643 :
2695 591 2747 653 8,
2783 589 2830 652 l,
2856 590 2908 652 5,
2939 589 2991 650 l,
3017 589 3070 649 7,
3099 587 3152 654 Ξ,
3185 587 3238 648 5,
3268 589 3321 652 7,
3353 587 3420 651 2;
3471 587 3685 642 conﬂati

2110 678 2350 733 elliciunt
2382 681 2637 735 monades
2679 679 2768 733 54.
2797 679 2998 731 llornm
3029 679 3169 746 quod
3208 677 3532 746 relinquitur
3566 693 3685 730 mo-

2112 773 2277 826 nades
2312 771 2365 835 7,
2397 772 2672 826 tricenarii
2705 772 2914 825 numeri
2947 770 3213 824 ternarius
3263 778 3314 821 et
3353 768 3686 836 quaternarii

2111 863 2227 932 ipse
2258 864 2661 933 quaternarius.
2710 861 2928 916 Fundus
2977 861 3139 929 igitur
3177 858 3402 913 Patrocli
3453 857 3684 912 nominis

2111 955 2366 1010 monades
2403 957 2453 1012 7.
2481 954 2580 1022 Qui
2615 955 2780 1024 igitur
2811 953 3102 1008 secundum
3159 952 3503 1005 novenarlam
3557 964 3685 1002 nor-

2112 1059 2253 1097 mam
2281 1053 2613 1114 computant,
2656 1061 2850 1100 nonam
2897 1052 3103 1113 partem
3150 1049 3372 1096 sumunt
3420 1039 3536 1107 ejus
3585 1055 3682 1091 nu-

2111 1135 2264 1200 meri,
2299 1136 2388 1204 qui
2419 1150 2481 1189 ex
2522 1137 2698 1190 l‘undis
2720 1137 2978 1191 collectus
3009 1143 3112 1197 est,
3165 1142 3219 1186 et
3271 1132 3322 1184 id
3374 1132 3514 1199 quod
3558 1129 3684 1183 reii-

2109 1235 2252 1281 clum
2295 1237 2377 1281 est
2414 1243 2511 1296 pro
2547 1228 2888 1282 multitudine
2931 1227 3218 1279 fundorum
3255 1230 3562 1285 numerant,
3587 1223 3678 1290 qui

2109 1327 2287 1373 autem
2320 1320 2612 1373 secundum
2677 1319 3039 1388 septenariam
3091 1329 3360 1378 normam,
3395 1314 3678 1382 septimam

2109 1418 2316 1476 partem
2347 1427 2362 1464 :
2397 1409 2558 1463 veluti
2603 1419 2811 1478 reperta
2842 1418 2923 1464 est
2951 1409 3001 1462 in
3045 1406 3261 1460 nomine
3291 1402 3518 1456 Patrocli
3564 1403 3680 1455 l‘un-

2111 1501 2300 1553 dorurn
2349 1515 2559 1554 summa
2598 1501 2686 1565 54,
2731 1516 2848 1569 qua:
2895 1499 3065 1552 divisa
3100 1497 3150 1550 in
3200 1495 3458 1564 septimas
3505 1502 3681 1562 partes

2109 1589 2268 1645 ellicit
2303 1599 2553 1658 quatuor,
2597 1607 2704 1659 quo
2729 1590 3033 1646 efﬁciuntur
3053 1588 3159 1652 28;
3188 1594 3394 1640 restant
3426 1583 3682 1638 monades

2109 1696 2202 1736 sex
2247 1701 2258 1735 :
2297 1682 2372 1735 ait
2400 1683 2623 1736 fundum
2670 1683 2900 1736 Patrocli
2956 1683 3188 1736 nominis
3241 1694 3358 1734 esse
3407 1679 3679 1732 senarium

431 1749 693 1819 ὀνόματός
720 1753 855 1804 εἰσιν
884 1751 943 1816 ἒξ
972 1753 1110 1806 κατὰ
1144 1753 1234 1806 τὸν
1272 1753 1649 1823 έϐδοματικόν.
1682 1758 1746 1809 Ei
1774 1758 1831 1810 δὲ
1855 1757 1998 1810 ἔσται

2108 1785 2389 1826 numerum
2415 1773 2709 1826 secumlum
2736 1773 3097 1840 septenariam
3123 1787 3388 1824 normam.
3415 1770 3471 1824 Si
3502 1779 3678 1823 autem

435 1839 548 1911 μγ’,
576 1841 638 1894 τὸ
666 1842 896 1913 ἕϐδομον
933 1843 1080 1912 λέγει
1119 1844 1232 1914 μβ’,
1264 1846 1494 1909 ἑπτάκις
1525 1848 1632 1919 γάρ
1659 1847 1718 1914 ἒξ
1751 1849 1861 1918 μβδ
1901 1851 2000 1902 καὶ

431 1933 616 1986 λοιπὸν
648 1933 726 1986 ἓν.
764 1934 947 1997 Μονάς
989 1931 1082 1988 οὖν
1114 1936 1323 2004 γίνεται
1368 1938 1396 1990 6
1432 1937 1653 2009 πυθμὴν
1693 1941 1721 1992 6
1759 1941 1868 1992 ἀπὸ
1897 1939 2004 1992 τῶν

435 2037 512 2091 μγ
553 2022 694 2075 κατὰ
737 2023 827 2075 τὸν
868 2025 1242 2094 έϐδοματικόν.
1287 2027 1379 2078 Δεῖ
1418 2027 1474 2079 δὲ
1518 2028 1807 2099 προσέχειν
1850 2029 1944 2083 ἐὰν
1975 2031 2004 2082 6

429 2110 656 2182 ληφθεὶς
683 2112 728 2144 ³⁵
762 2112 995 2183 ἀριθμὸς
1026 2115 1383 2186 μεριζόμενος
1415 2116 1692 2188 ἀπαρτίσῃ
1716 2156 1730 2180 ,
1763 2110 1875 2169 οἷον
1909 2116 2002 2170 ἐὰν

429 2202 492 2255 ἐκ
527 2220 666 2265 τινος
705 2204 966 2273 ὀνόματος
1011 2206 1275 2270 συντιθεὶς
1306 2208 1350 2239 ³⁸
1397 2209 1522 2271 τοὺς
1551 2209 1827 2278 πυθμένας
1857 2208 2002 2278 εὕρω

429 2292 587 2360 λόγου
614 2291 773 2362 χάριν
797 2294 1028 2362 μονάδας
1048 2295 1157 2360 λς’.
1184 2297 1242 2348 '0
1260 2297 1315 2349 δὲ
1337 2295 1420 2361 ςλ¹
1447 2298 1800 2368 μεριζόμενος
1817 2299 1896 2360 εἰς
1912 2298 2001 2350 τὸν

428 2386 585 2437 ἐννέα
617 2385 644 2437 δ
685 2385 972 2456 ἀπαρτίζει
1008 2387 1262 2450 ὲννεάδας
1289 2388 1529 2459 (ἐννάκις
1558 2389 1666 2458 γάρ
1693 2390 1732 2442 δ’
1763 2390 1872 2456 λς’,
1905 2389 2000 2441 καὶ

426 2476 578 2528 οὐδὲν
612 2477 1044 2548 περιλείπεται)·
1081 2479 1174 2532 τὸν
1211 2479 1464 2550 πυθμένα
1491 2477 1585 2535 οὖν
1627 2481 1790 2535 αὐτὸν
1833 2481 1924 2535 τὸν
1954 2481 1998 2535 θ’

427 2566 586 2637 δῆλον
627 2563 785 2622 εἶναι.
831 2568 946 2622 Κᾶν
971 2570 1014 2601 ³⁸
1067 2571 1230 2625 πάλιν
1272 2572 1363 2625 τὸν
1398 2572 1804 2645 τεσσαράκοντα
1840 2575 1998 2626 πέντε

427 2656 659 2728 ἀριθμὸν
717 2657 1033 2730 μερίζοντες
1094 2660 1344 2732 εὕρωμεν
1399 2663 1770 2733 άπαρτίζοντα
1821 2665 1995 2718 ἐννέα·

427 2747 523 2801 καὶ
563 2748 672 2820 γὰρ
701 2750 918 2813 ἐννάκις
951 2752 1111 2804 πέντε
1146 2751 1259 2822 με’,
1293 2754 1387 2806 καὶ
1416 2753 1659 2807 λείπεται
1686 2755 1836 2807 οὐδέν
1858 2773 1870 2786 ·
1905 2755 1997 2808 ἐπὶ

425 2839 534 2894 τῶν
563 2841 818 2894 τοιούτων
841 2841 999 2895 αὐτὸν
1030 2843 1122 2896 τὸν
1158 2843 1311 2897 ὲννέα
1334 2843 1550 2911 λέγουσι
1586 2844 1852 2915 πυθμένα.
1890 2848 1998 2898 Καὶ

426 2932 521 2985 ἐπὶ
551 2932 646 2984 τοῦ
677 2931 1032 3002 ἑϐδοματικοῦ
1063 2935 1107 2964 ³⁷
1136 2934 1354 3004 ὁμοίως,
1401 2935 1496 2988 ἐὰν
1531 2936 1687 3004 λόγου
1721 2937 1880 3007 χάριν
1909 2938 1997 2989 τὸν

429 3021 513 3092 κη’
543 3025 621 3085 είς
660 3023 752 3076 τὸν
785 3024 924 3077 ἑπτὰ
975 3026 1290 3094 μερίζοντες
1327 3028 1718 3099 άπαρτίσωμεν
1749 3031 1998 3096 (ἑπτάκις

424 3114 534 3184 γὰρ
562 3113 603 3168 δ’
634 3115 744 3184 κη’,
778 3116 870 3168 καὶ
917 3117 1290 3184 περιλείπεται
1333 3119 1548 3186 οὐδὲν),
1581 3120 1673 3173 τὸν
1720 3121 1862 3174 ἑπτὰ
1908 3120 1995 3173 λέ-

423 3223 579 3274 γουσι
609 3207 877 3278 πυθμένα.
907 3209 1074 3262 Ὅταν
1108 3211 1291 3281 μέντοι
1320 3211 1530 3284 ψηφίζῃ
1551 3213 1620 3266 τά
1641 3214 1878 3284 ὀνόματα
1901 3213 1994 3267 καὶ

422 3298 650 3370 εὑρίσκῃ
682 3299 725 3329 ³⁸
767 3299 845 3362 δὶς
873 3300 934 3352 τὸ
962 3300 1091 3353 αὐτὸ
1121 3303 1376 3372 γράμμα,
1405 3303 1571 3370 ἅπαξ·
1603 3305 1733 3358 αὐτὸ
1765 3306 1776 3375 ι
1827 3304 1995 3375 ψηφί-

421 3386 525 3455 ζει,
558 3385 668 3443 οἷον
700 3390 761 3443 τὸ
791 3391 1102 3462 Πάτροκλος
1132 3393 1302 3464 ὄνομα
1323 3395 1368 3426 ³⁹
1401 3395 1496 3448 καὶ
1523 3396 1580 3449 τὸ
1611 3395 1662 3447 π’
1690 3397 1738 3448 α’
1776 3397 1854 3459 δὶς
1880 3398 1992 3468 ἔχει

425 3483 520 3535 καὶ
547 3481 605 3534 τὸ
635 3489 675 3534 o'
706 3483 804 3546 δὶς,
840 3482 987 3548 ἅπαξ
1015 3479 1106 3538 οὖν
1134 3485 1196 3536 τὸ
1225 3483 1273 3538 α’
1304 3486 1601 3557 ψηφίζουσι
1641 3490 1735 3542 καὶ
1763 3489 1908 3556 ἅπαξ
1933 3490 1994 3544 τὸ

419 3571 480 3626 ο’.
513 3572 670 3626 Κατὰ
698 3573 852 3626 τοῦτο
877 3569 969 3628 οὖν
1001 3575 1274 3646 πυθμένες
1304 3576 1517 3630 ἔσονται
1541 3596 1597 3649 η,
1631 3579 1700 3642 α’,
1727 3587 1797 3648 γ’,
1825 3587 1893 3646 α’,
1923 3581 1990 3648 ζ’,

422 3663 488 3733 β’,
511 3665 583 3732 γ’,
606 3663 673 3734 β’,
692 3666 786 3718 καὶ
815 3665 1161 3728 συντεθέντες
1192 3666 1402 3720 ποιοῦσι
1439 3669 1671 3738 μονάδας
1697 3669 1743 3702 ⁸ο
1770 3668 1870 3734 κζ’,
1897 3673 1994 3725 καὶ

424 3753 577 3808 ἔσται
608 3755 828 3828 πυθμὴν
858 3757 949 3809 τοῦ
980 3757 1242 3827 ὀνόματος
1273 3760 1412 3812 κατὰ
1441 3761 1536 3828 μὲν
1564 3761 1656 3814 τὸν
1684 3762 1992 3816 ὲννεαδικὺν

421 3846 584 3909 αὐτὸς
599 3849 627 3899 6
650 3848 825 3911 ἐννέα,
853 3848 994 3902 κατὰ
1011 3848 1066 3901 δὲ
1088 3848 1176 3902 τὸν
1199 3849 1554 3919 ἑϐδοματικὸν
1580 3852 1655 3918 ἒξ.
1695 3854 1925 3923 Ὁμοίως
1948 3855 1990 3887 ⁸⁸

420 3937 719 4008 Σαρπηδὼν
742 3939 1034 4009 omnes;
1078 3943 1220 3994 ποιεῖ
1249 3942 1481 4012 μονάδας
1511 3947 1650 3996 κατὰ
1679 3942 1755 4015 [ρ.
1781 3943 1869 3999 54.
1899 3943 1989 4017 55]

418 4029 509 4082 τὸν
538 4030 841 4083 ἐννεαδικὸν
866 4031 958 4084 δύο
988 4031 1254 4100 πυθμένα,
1283 4033 1593 4104 Πάτροκλος
1633 4035 1689 4088 δὲ
1724 4039 1868 4089 ποιεῖ
1893 4053 1990 4106 μο-

420 4121 582 4185 νάδας
609 4121 672 4173 θ’·
697 4124 822 4194 νικᾷ
857 4123 1182 4194 Πάτροκλος.
1215 4125 1384 4178 Ὅταν
1413 4130 1519 4197 γὰρ
1611 4128 1638 4180 6
1668 4129 1765 4198 μὲν
1791 4127 1868 4192 εἷς
1894 4146 1992 4182 πε-

422 4215 626 4284 ρισσὸς,
669 4216 697 4267 6
735 4215 791 4268 δὲ
834 4215 1019 4286 ἕτερος
1064 4217 1248 4289 ἄρτιος
1277 4258 1292 4283 ,
1339 4219 1367 4270 6
1413 4221 1672 4289 περισσὸς
1707 4224 1860 4293 νικᾷ,
1898 4224 1992 4276 ἐὰν

421 4307 627 4377 μείζων
783 4308 948 4362 Πάλιν
975 4309 1031 4361 δὲ
1062 4310 1158 4364 ἐὰν
1295 4311 1440 4365 ὀκτὼ
1467 4313 1653 4385 ἄρτιος
1704 4316 1796 4368 καὶ
1829 4316 1990 4368 πέντε

2105 1863 2208 1918 erit
2237 1863 2329 1928 45,
2368 1865 2568 1932 septies
2601 1873 2872 1933 sumptum
2909 1863 3039 1918 dicit
3067 1863 3156 1929 42,
3187 1862 3388 1931 septies
3421 1861 3560 1915 enim
3587 1876 3679 1914 sex

2104 1954 2262 2009 ellicit
2281 1955 2350 2008 42
2371 1966 2425 2009 et
2449 1963 2617 2010 restat
2646 1970 2832 2012 unum.
2858 1954 3043 2008 .‘llonas
3067 1954 3230 2021 igitur
3248 1954 3461 2008 exsistit
3489 1953 3683 2006 fundus

2103 2046 2314 2100 numeri
2331 2045 2400 2098 45
2418 2045 2708 2100 secundum
2729 2045 3085 2112 septenariam
3106 2059 3371 2098 normam.
3389 2042 3684 2097 Observan-

2103 2135 2227 2189 dum
2253 2144 2431 2188 autem
2459 2145 2563 2199 est,
2597 2149 2720 2188 cum
2752 2143 2998 2204 sumptus
3022 2149 3280 2187 numerus
3307 2133 3515 2186 divisus
3544 2131 3676 2185 nihil

2105 2223 2297 2291 reliqui
2330 2223 2510 2283 faciet,
2532 2222 2693 2276 veluti
2713 2237 2832 2277 cum
2851 2237 2914 2276 ex
2942 2223 3188 2291 quopiam
3217 2233 3440 2274 numero
3464 2234 3683 2287 compo-

2102 2329 2236 2370 nens
2257 2313 2450 2368 l'undos
2487 2315 2760 2379 invenero,
2784 2324 2840 2367 ut
2861 2314 3109 2382 exemplo
3135 2323 3278 2380 utar,
3301 2312 3554 2366 monades
3587 2313 3676 2366 56.

2102 2403 2368 2459 Numerus
2397 2412 2573 2458 autem
2610 2405 2679 2459 56
2709 2405 2915 2459 divisus
2939 2405 2992 2458 in
3019 2419 3206 2460 novem
3245 2411 3494 2457 accurate
3522 2403 3680 2457 ellicit

2101 2505 2330 2564 quatuor
2377 2497 2664 2559 enneades,
2723 2496 2909 2550 novies
2947 2495 3088 2548 enim
3124 2504 3359 2563 quatuor
3415 2492 3676 2548 ellicit56

2101 2603 2200 2644 nec
2224 2589 2517 2658 quidquam
2559 2589 2748 2658 reliqui
2788 2589 2868 2642 lit.
2898 2589 3154 2656 Apertum
3189 2589 3356 2657 igitur
3386 2597 3468 2641 est
3505 2589 3680 2657 ipsum

2102 2678 2322 2732 fundum
2346 2693 2464 2733 esse
2484 2679 2538 2733 9.
2561 2679 2624 2732 Et
2650 2681 2737 2732 uhi
2767 2694 2952 2733 rursus
2978 2692 3258 2732 numerum
3285 2678 3353 2731 45
3380 2678 3680 2733 dividentes

2101 2771 2432 2839 reperiemus
2464 2785 2744 2825 numerum
2804 2771 3151 2826 novenarium
3208 2771 3337 2824 nihil
3380 2771 3566 2839 reliqui
3605 2771 3680 2824 fa-

2099 2881 2220 2920 cere
2245 2864 2463 2937 (etenim
2491 2866 2677 2920 novies
2704 2866 2938 2935 quinque
2967 2865 3131 2919 ellicit
3159 2864 3227 2920 45
3254 2880 3349 2919 nec
3389 2863 3678 2933 quidquam

2101 2960 2314 3028 restat),
2350 2960 2401 3014 in
2450 2960 2648 3016 talibus
2687 2961 2872 3015 dicunt
2906 2960 3077 3030 ipsum
3110 2959 3464 3014 novenarium
3501 2973 3680 3012 nume-

2105 3067 2220 3105 rum
2244 3066 2364 3107 esse
2388 3052 2634 3107 fundum.
2669 3053 2734 3105 Et
2764 3052 2814 3105 in
2849 3051 3158 3120 septenario
3203 3051 3442 3120 pariter;
3477 3050 3592 3116 nhi,
3625 3059 3679 3104 ut

2103 3143 2405 3213 exemplum
2465 3158 2752 3212 ponamus,
2819 3159 3100 3198 numerum
3163 3143 3231 3198 28
3284 3145 3338 3197 ἰη
3400 3157 3676 3198 numerum

2101 3233 2464 3303 septenarium
2489 3234 2789 3289 dividentes
2822 3234 2952 3288 nihil
2983 3232 3174 3302 reliqui
3203 3231 3431 3287 facimus
3457 3232 3678 3303 (septies

2101 3326 2243 3381 enim
2273 3335 2506 3396 quatuor
2549 3325 2708 3381 ellicit
2744 3325 2834 3390 28,
2865 3339 2962 3380 nec
2991 3325 3281 3393 quidquam
3320 3315 3678 3392 relinquitur),

2101 3421 2464 3490 septenarium
2492 3420 2676 3474 dicunt
2703 3419 2947 3474 fundum.
2975 3417 3066 3472 ille
3109 3418 3273 3488 igitur
3309 3433 3431 3472 cum
3460 3433 3676 3485 compu-

2103 3520 2176 3565 tat
2209 3512 2422 3566 nomina
2448 3520 2502 3566 et
2531 3511 2729 3581 reperit
2761 3513 3004 3566 eamdem
3055 3510 3286 3563 litteram
3318 3510 3399 3563 his
3425 3509 3676 3577 positam,

2102 3603 2267 3656 semel
2303 3618 2422 3657 eam
2461 3612 2760 3672 computat,
2800 3602 2962 3658 veluti
2995 3599 3305 3672 Πάτροκλος
3334 3616 3525 3654 nomen
3552 3609 3604 3653 et
3640 3617 3676 3650 π

2099 3711 2133 3746 α
2163 3694 2372 3748 litteras
2411 3694 2494 3748 his
2529 3694 2690 3749 habet
2716 3704 2768 3748 et
2793 3712 2820 3748 ο
2849 3693 3084 3747 litteram
3122 3692 3242 3756 his;
3297 3691 3463 3745 semel
3517 3691 3676 3760 igitur

2100 3801 2135 3838 α
2164 3793 2495 3855 computant,
2530 3785 2695 3840 semel
2744 3803 2792 3839 ο.
2846 3784 3154 3839 Secundum
3189 3784 3290 3837 hoc
3330 3784 3494 3853 igitur
3527 3783 3674 3836 fundi

2099 3885 2299 3931 erunt:
2337 3876 2393 3943 8,
2422 3876 2475 3941 l,
2517 3877 2572 3941 5,
2631 3876 2680 3941 l,
2725 3877 2780 3941 Ἰ,
2827 3878 2880 3942 2,
2913 3877 2967 3940 5,
3009 3875 3065 3943 2,
3093 3887 3147 3931 et
3183 3875 3398 3930 conﬂati
3445 3873 3676 3929 elliciunt

2100 3968 2358 4024 monades
2390 3967 2482 4034 27,
2510 3977 2564 4023 et
2591 3970 2698 4023 erit
2728 3969 2927 4025 fundus
2973 3968 3206 4024 nominis
3248 3969 3543 4024 secundum
3578 3983 3674 4021 no-

2099 4060 2373 4116 venariam
2412 4077 2659 4116 normam
2687 4063 2801 4130 ipse
2829 4064 3156 4116 novenarius
3180 4076 3454 4126 numerus,
3484 4075 3678 4113 secun-

2101 4154 2224 4208 dum
2267 4153 2632 4222 septenariam
2668 4155 2916 4225 78-79
2966 4163 3144 4207 autem
3177 4153 3442 4206 senarius.
3471 4151 3678 4205 Pariter

2100 4243 2373 4315 Sarpedon
2417 4255 2755 4317 cornputatus
2786 4247 2945 4302 ellicit
2981 4245 3237 4300 monades
3267 4242 3556 4298 secundum
3583 4258 3678 4298 no-

2099 4339 2377 4392 venariam
2441 4355 2684 4394 normam
2719 4339 2991 4395 hinariurn
3030 4352 3311 4393 numerum
3359 4351 3454 4405 pro
3488 4334 3674 4400 fundo,

419 4399 710 4492 περισσὸς,
745 4402 775 4492 6
811 4399 982 4492 ὀκτω.
1009 4404 1154 4492 νικᾷ,
1211 4403 1414 4473 μείζων
1452 4407 1559 4477 γάρ
1605 4409 1774 4463 ἐστιν.
1817 4411 1881 4462 Ei
1936 4411 1992 4464 δέ

2102 4425 2380 4483 Patroclus
2407 4441 2584 4484 autem
2616 4427 2778 4484 ellicit
2807 4428 3060 4483 monades
3091 4427 3144 4490 9,
3181 4426 3344 4480 vincit
3373 4424 3672 4478 Patroclus.

419 4485 556 4535 εἰσιν
579 4483 622 4513 δ’
655 4485 878 4554 ἀριθμοὶ
924 4485 1017 4538 δύο
1052 4483 1161 4541 οἷον
1193 4489 1491 4564 ἀμφότεροι
1526 4493 1703 4564 ἄρτιοι
1748 4496 1780 4566 ἢ
1813 4496 1990 4565 ἀμφό-

415 4591 563 4644 τεροι
588 4579 856 4646 περισσοὶ,
877 4579 905 4630 ὁ
935 4578 1176 4633 ἐλάσσων
1200 4585 1344 4655 νικᾷ.
1374 4586 1495 4650 Πῶς
1517 4587 1573 4639 δὲ
1599 4590 1626 4640 ὁ
1655 4591 1988 4657 Σαρπηδὼν

417 4665 557 4718 κατά
586 4665 677 4720 τὸν
709 4668 1009 4724 ἐννεαδικὸν
1044 4671 1089 4703 ⁸³
1124 4677 1267 4727 ποιεῖ
1301 4677 1532 4746 μονάδας
1568 4679 1692 4743 δύος
1722 4682 1987 4753 Παραλεί-

418 4774 578 4812 πεται
605 4760 650 4790 ν’
677 4760 784 4828 γάρ
814 4763 873 4816 τὸ
911 4771 968 4816 ω’
1001 4769 1285 4836 στοιχεῖον·
1318 4770 1447 4823 ὅταν
1473 4773 1579 4844 γάρ
1676 4776 1734 4827 έν
1764 4775 1988 4845 ὀνόματι

418 4853 679 4920 στοιχεῖον
702 4870 746 4905 ω
769 4855 860 4907 καὶ
885 4861 954 4926 η’,
974 4859 1449 4929 παραλιμπάνουσι
1475 4865 1535 4917 τὸ
1551 4866 1608 4918 ω’
1637 4869 1717 4921 ἐνὶ
1741 4872 1988 4942 στοιχείῳ

415 4939 726 5033 χρώμενοι·
775 4943 1115 5016 ἰσοδυναμεῖν
1153 4948 1262 5021 γὰρ
1297 4950 1514 5020 λέγουσι
1557 4955 1624 5010 τὰ
1661 4939 1987 5033 ἀμφότερα-.

412 5032 492 5098 δὶς
519 5033 578 5088 δὲ
626 5035 688 5089 τὸ
737 5037 868 5092 αὐτὸ
899 5039 961 5092 οὐ
1012 5039 1342 5113 ψηφίζεται,
1391 5045 1467 5112 ὡς
1498 5049 1704 5104 ἄνωθεν
1750 5032 1988 5126 εἴρηται.

2093 4517 2225 4573 Nam
2261 4536 2381 4575 eum
2429 4529 2512 4575 est
2555 4520 2690 4576 alter
2720 4520 2912 4574 fundus
2945 4519 3138 4589 impar,
3173 4517 3308 4572 alter
3336 4524 3514 4569 autem
3554 4529 3672 4582 par,

2095 4612 2272 4682 impar
2297 4611 2482 4675 vincit,
2515 4612 2604 4666 ubi
2642 4610 2813 4680 major
2842 4619 2944 4666 est.
2981 4610 3186 4663 Rursus
3227 4617 3406 4661 autem
3439 4621 3560 4660 cum
3593 4614 3672 4658 est

2090 4698 2402 4752 oetOnarius
2430 4713 2524 4766 par
2569 4706 2624 4752 et
2657 4697 2939 4766 quinarius
2975 4697 3167 4764 impar,
3197 4693 3506 4748 octonarius
3553 4690 3667 4743 vin-

2091 4791 2184 4850 cit.
2229 4792 2398 4858 major
2440 4792 2583 4846 enim
2633 4800 2736 4845 est.
2796 4789 2889 4844 Sin
2942 4804 3070 4844 vero
3125 4797 3251 4843 sunt
3300 4784 3509 4840 numeri
3566 4783 3672 4838 duo

2093 4883 2254 4936 veluti
2287 4892 2514 4952 uterque
2543 4883 2716 4950 impar
2751 4882 2833 4936 vel
2872 4891 3097 4950 uterque
3127 4895 3246 4950 par,
3288 4877 3515 4934 inferior
3542 4875 3665 4929 vin-

2090 4973 2185 5027 cit.
2248 4972 2347 5039 Qui
2400 4983 2577 5027 autem
2635 4972 2912 5040 Sarpedon
2976 4972 3268 5027 secundum
3322 4967 3669 5024 noveuarianr

2095 5077 2340 5117 normam
2388 5061 2551 5118 ellicit
2599 5063 2858 5118 monades
2886 5064 3022 5119 duas
3049 5063 3073 5117 Ἰ
3103 5061 3307 5132 Nempe
3334 5060 3602 5118 omittitur
3626 5075 3673 5110 ω

1690 5227 1922 5284 VARUE
1960 5227 2364 5292 LECTIONES.

481 5383 520 5416 ³¹
554 5383 737 5452 ὑφέλω
763 5384 1037 5451 Roeperus
1092 5391 1214 5447 coli.
1267 5410 1320 5462 p.
1357 5397 1422 5453 79
1443 5440 1457 5463 ,
1488 5401 1576 5464 3i,
1611 5403 1794 5470 ἀφελῶ
1825 5405 1888 5465 C.
1922 5407 1991 5464 Μ.
2070 5409 2114 5440 ³³
2138 5411 2346 5464 λοιπόν.

487 5453 726 5522 λειφθεὶς
751 5457 813 5523 C,
848 5457 920 5514 M.
996 5462 1039 5492 ³⁸
1071 5464 1345 5524 συντεθεὶς
1379 5469 1442 5523 C.
1556 5471 1599 5502 ³⁸
1626 5473 1765 5524 Κάν.
1800 5477 1908 5524 Καὶ
1942 5479 1999 5524 C-
2034 5477 2105 5524 M.
2209 5481 2250 5511 ³⁷
2280 5499 2346 5524 τη

1283 5473 1345 5528 εὶς
1379 5473 1442 5523 (3.
1556 5473 1599 5502 ³⁸
1626 5473 1765 5529 Κάν.
1800 5477 1908 5529 Καὶ
1942 5479 2000 5540 C.
2033 5477 2105 5532 Μ.
2209 5481 2250 5511 ³⁷
2280 5482 2407 5543 τοὺς
2458 5473 2850 5552 έϐδοματὶκοὺς
2889 5484 2947 5547 C,
2983 5483 3052 5536 ill.
3156 5483 3200 5514 ³⁸
3226 5483 3466 5552 εὑρίσκει
3503 5481 3566 5532 (Ξ.
3623 5477 3666 5508 ³⁸

1283 5537 1754 5631 Finieram
1791 5543 1916 5631 072v
1948 5548 2009 5599 τδ
2053 5550 2364 5631 {Istrae-.0:
2400 5551 2573 5631 δν,ο.μα
2607 5552 2668 5631 εδ
2705 5553 3020 5631 ο-ᾇὶς,ἔκει’
3057 5551 3334 5631 avsa-3y.
3357 5553 3415 5602 τδ
3442 5546 3666 5631 aera!-

1993 5619 2197 5673 voluit?
2272 5621 2314 5650 ιο
2338 5621 2564 5690 μονάδες
2603 5623 2662 5678 c.
2745 5624 2784 5655 ιι
2832 5619 3082 5695 Ὁμοίως.
3119 5622 3357 5691 apage.
3441 5619 3485 5649 δ’
3520 5619 3667 5684 ἦσαν

487 5453 726 5528 λειφθείς
751 5457 813 5523 C,
848 5457 920 5514 M.
996 5462 1039 5492 ³⁸
1071 5451 1345 5528 συντεθεὶς

413 5520 535 5578 llznc
569 5520 725 5579 valde
757 5520 968 5582 turbata
999 5543 1142 5586 sunt.
1178 5534 1252 5586 Ex

413 5589 560 5675 ζρυσι
582 5609 596 5622 ο
630 5594 769 5675 κατὰ
791 5596 980 5675 τοῦτο.-
1001 5616 1139 5675 κητ.
1166 5601 1219 5675 λ.
1249 5603 1318 5666 Μ,
1345 5623 1410 5660 an
1445 5612 1542 5663 istc
1555 5589 1963 5675 Ἠσιὲάὶρᾌέλᾉέ

413 5660 474 5725 θ’
507 5660 576 5715 Μο
654 5664 698 5695 ’⁸³
719 5658 1023 5720 ἐννεατικδν
1051 5673 1110 5723 C.
1186 5673 1228 5704 "
1265 5658 1960 5743 πᾶράλ“ε”ί’τῖοξιῖτᾌιῖ“(ἱῗ”””’⁷

2398 5411 2618 5466 ἔλαττον
2651 5412 2713 5480 C,
2781 5413 2852 5468 ill.
2929 5415 2974 5446 ³³
3021 5413 3081 5466 τὸ
3110 5413 3234 5470 add.
3269 5412 3314 5466 Μ
3348 5412 3470 5468 coli.
3511 5411 3544 5464 i.
3577 5409 3666 5480 28.

2209 5481 2250 5511 ³⁷
2278 5482 2424 5552 τοὺς
2458 5477 2850 5552 έϐδοματὶκοὺς
2889 5484 2947 5547 C,
2983 5483 3052 5536 ill.
3156 5483 3200 5514 ³⁸
3226 5483 3466 5552 εθρίσκει
3503 5481 3566 5552 li.
3623 5477 3670 5552 τ’
