4032 6200
368 303 500 364 3081

1816 285 2180 348 ORIGENIS

3486 271 3637 335 3082

376 413 572 471 littera.
610 405 832 473 Quando
867 403 1007 457 enim
1044 409 1125 455 est
1156 400 1207 452 in
1254 397 1473 452 noniiue
1508 397 1684 451 littera
1725 413 1769 448 ω
1815 405 1869 449 et
1911 410 1947 462 η

2076 390 2222 442 ἰάλιν
2247 388 2379 450 Αἴας
2409 387 2552 440 ποιεῖ
2575 387 2806 456 μονάδας
2832 387 3104 456 τέσσαρας
3127 424 3141 448 ,
3169 382 3394 451 Ἕκτωρ
3416 380 3460 413 ⁵³
3487 382 3640 434 κατὰ

373 502 632 556 omittunt
657 514 720 562 ω,
754 511 854 549 una
888 495 1063 546 littera
1090 491 1192 556 usi,
1224 490 1336 560 pari
1367 489 1510 542 cnim
1542 494 1806 558 potestate
1829 499 1948 538 csse

377 593 563 644 dicunt
593 598 898 654 utramque,
932 583 1013 638 bis
1045 592 1221 636 autem
1264 582 1404 636 idem
1438 595 1540 633 non
1581 586 1948 646 computatur,

379 692 434 735 ut
473 681 721 748 superius
752 677 948 730 dirttnn
973 681 1076 728 est.
1109 674 1316 727 llursus
1348 670 1478 739 Ajax
1510 669 1672 724 ellicit
1694 668 1950 721 monades

381 783 643 838 quatuor,
673 769 873 823 llector
908 780 1085 820 autem
1119 764 1413 820 secundum
1451 764 1794 816 uovenariam
1827 778 1952 814 nor-

384 878 522 915 mam
555 861 680 913 facit
714 858 994 912 monadem
1025 865 1283 920 uuam,et
1315 863 1400 910 est
1445 855 1831 922 quaternarius
1862 869 1953 904 nu-

385 966 565 1005 merus
598 964 713 1018 par,
743 963 930 1000 monas
955 957 1132 1000 autem
1155 945 1348 1014 impar,
1377 945 1429 998 in
1465 945 1550 997 tali
1583 953 1760 995 autem
1790 957 1950 994 causa

384 1043 620 1093 diximus
671 1038 924 1107 majorem
986 1037 1232 1099 vincere,
1297 1035 1461 1088 vincit
1529 1034 1684 1102 Ajax.
1747 1031 1955 1085 Rursus

389 1131 693 1184 Alexander
730 1139 780 1182 et
814 1127 1105 1182 Menelaus.
1138 1126 1440 1180 Alexander
1468 1124 1740 1194 proprium
1797 1123 1955 1175 habet

391 1237 582 1274 nomen
607 1218 778 1282 Paris,
810 1219 960 1272 Paris
987 1227 1163 1271 autem
1195 1215 1353 1270 ellicit
1378 1216 1632 1268 monades
1659 1213 1953 1267 secundum

393 1313 736 1366 norenariam
775 1327 1016 1366 normam
1063 1310 1118 1369 4,
1154 1309 1421 1362 Menelaus
1451 1317 1629 1362 autem
1660 1307 1954 1360 secundum

395 1405 738 1456 novcnariam
773 1403 1029 1455 monades
1062 1401 1119 1464 9,
1145 1401 1364 1454 vincunt
1390 1409 1566 1452 autem
1607 1413 1797 1452 novem
1824 1411 1956 1464 qua-

397 1508 561 1559 tthl‘;
599 1494 799 1546 dictum
853 1495 994 1545 enim
1042 1502 1142 1556 est,
1190 1491 1404 1557 quando
1447 1489 1583 1543 alter
1637 1489 1812 1556 impar
1865 1488 1955 1552 sit,

397 1586 531 1639 alter
559 1596 733 1637 autem
767 1599 880 1652 par,
913 1583 1172 1650 majorem
1229 1583 1461 1645 vincere,
1517 1579 1732 1650 quando
1779 1589 1954 1634 autem

399 1683 625 1740 uterque
651 1688 747 1741 par
777 1680 862 1724 aut
899 1682 1125 1740 uterque
1161 1673 1355 1738 impar,
1387 1669 1717 1723 inferiorem.
1752 1668 1958 1724 Rursus

401 1765 630 1832 Amycus
653 1740 718 1816 iet
757 1761 1101 1831 Polydeuces.
1138 1761 1372 1832 Amycus
1403 1760 1618 1827 quidem
1669 1759 1794 1813 facit
1845 1775 1960 1813 mo-
1995 1740 2034 1792 Β

403 1853 569 1905 uades
603 1853 736 1905 duas
772 1851 1063 1904 secundum
1109 1850 1452 1902 novenariaut
1491 1863 1732 1903 normam
1780 1859 1834 1902 et
1861 1848 1964 1902 Po-

404 1941 651 2010 Iydences
699 1957 825 1995 vero
854 1950 1055 2010 septem
1102 1958 1115 1992 :
1159 1941 1324 1993 vincit
1365 1939 1710 2008 Polydeuccs.
1750 1939 1882 2008 Ajax
1914 1949 1969 1993 et

403 2030 671 2101 Odysseus
721 2031 1059 2086 luctabantor
1113 2032 1162 2084 iu
1214 2031 1508 2083 certamine
1559 2030 1793 2084 funebri.
1837 2028 1966 2096 Aiax

405 2119 561 2173 rllicit
617 2121 910 2176 secundum
983 2122 1330 2176 norenariatn
1408 2135 1648 2174 normam
1712 2123 1972 2175 monades

405 2219 654 2278 quatuor,
687 2210 958 2280 Odysseus
995 2220 1116 2264 octo
1143 2212 1436 2266 secundum
1481 2211 1847 2265 noveuariam.
1889 2211 1970 2264 An

407 2317 535 2357 vero
582 2302 805 2372 Odyssei
855 2318 1050 2355 nomen
1106 2303 1381 2369 epitheton
1439 2311 1492 2354 et
1537 2317 1641 2355 non
1696 2303 1970 2370 propriqu

406 2390 530 2444 est?
578 2389 717 2442 Vit-it
770 2390 934 2441 enim.
993 2387 1309 2455 Quanquam
1371 2390 1667 2441 scentulum
1722 2404 1976 2443 numeros

410 2479 575 2532 vincit
600 2479 757 2544 Ajax,
791 2477 1014 2532 historia
1040 2487 1219 2530 autem
1243 2476 1542 2546 Odysscum
1573 2477 1735 2529 tradit
1765 2476 1974 2530 vicisse.

411 2567 682 2624 Achilleus
719 2577 773 2622 et
815 2567 1028 2620 llector.
1072 2566 1348 2620 Achilleus
1397 2566 1690 2619 secundum
1745 2580 1979 2620 novena-

414 2661 544 2714 riam
577 2674 820 2713 normam
856 2658 984 2712 facit
1030 2667 1280 2727 quatuor,
1314 2656 1510 2711 llector
1543 2673 1702 2710 unam
1745 2675 1757 2711 :
1813 2657 1981 2710 vincit

412 2747 670 2804 Achilles.
699 2748 907 2802 llursns
935 2747 1206 2800 Achilleus
1230 2755 1284 2799 et
1319 2747 1688 2815 Asteropmus.
1706 2744 1981 2800 Achilleus

415 2841 546 2892 facit
593 2849 844 2908 quatuor,
899 2837 1240 2904 Asteropzeus
1287 2847 1397 2890 tres
1456 2855 1469 2891 :
1511 2838 1677 2890 vincit
1719 2837 1979 2892 Achilles.

415 2927 622 2984 Rursus
678 2928 951 2981 Menelaus
994 2937 1046 2980 et
1107 2927 1445 2994 Euphorbus.
1499 2926 1772 2980 Menelaus
1820 2928 1984 2982 habet

418 3017 672 3070 monades
709 3031 918 3080 novem,
943 3015 1262 3082 Euphorbus
1284 3023 1406 3069 Octo
1433 3031 1448 3069 :
1480 3017 1646 3071 vincit
1686 3016 1979 3073 Menelaus.

419 3107 647 3174 Quidam
678 3116 857 3159 autem
889 3107 1195 3172 septenaria
1218 3121 1403 3159 norma
1437 3109 1517 3160 usi
1545 3109 1675 3162 solis
1706 3110 1982 3163 vocalibus

420 3209 659 3258 utuntur.
693 3198 780 3251 alii
822 3209 999 3251 autem
1028 3213 1270 3252 seorsum
1303 3199 1570 3252 collocant
1608 3209 1660 3254 et
1693 3200 1906 3255 vocales
1931 3211 1985 3255 et

420 3293 770 3349 semivocales
826 3301 879 3347 ct
937 3303 1293 3348 c0nsonantes
1364 3306 1412 3348 et
1478 3295 1646 3350 tribus
1706 3296 1986 3351 ordinibus

421 3385 728 3440 conSIitntis
775 3398 991 3438 sumunt
1024 3385 1216 3439 fmulos
1253 3387 1496 3456 80~81
1540 3401 1781 3440 seorsum
1812 3399 1863 3441 et
1895 3403 1985 3441 ro-

423 3477 614 3529 calinm
648 3485 700 3530 et
729 3477 1126 3532 semivocalium
1158 3489 1212 3530 et
1237 3479 1649 3532 consonantium
1688 3489 1741 3532 et
1769 3494 1987 3547 compa-

425 3576 540 3618 rant
568 3581 809 3620 seorsum
845 3568 1279 3636 unumquodque.
1315 3567 1414 3621 Alii
1444 3579 1622 3622 autent
1657 3584 1720 3622 ue
1746 3570 1831 3623 his
1873 3570 1991 3638 qni-

425 3659 543 3710 dem
579 3659 852 3714 consuetis
880 3661 1115 3713 unmcris
1145 3671 1391 3720 utuntur,
1421 3661 1513 3713 scd
1545 3661 1686 3723 aliis,
1718 3661 1903 3726 veluti,
1935 3671 1993 3714 ut

427 3750 672 3817 exi-inplo
719 3760 859 3814 utar,
905 3769 946 3803 π
997 3751 1230 3806 litteram
1288 3761 1480 3818 negant
1531 3750 1749 3804 fumium
1795 3751 1994 3804 habere

431 3842 688 3892 monades
721 3853 865 3902 octo,
904 3843 994 3894 sed
1025 3842 1282 3908 quinque,
1314 3851 1366 3895 et
1411 3839 1439 3905 ξ
1482 3841 1715 3894 litteram
1771 3841 1991 3894 fundum

2049 481 2142 534 τὸν
2189 478 2493 532 ἐννεαδικὸν
2528 482 2672 532 ποιεῖ
2710 477 2912 549 μονάδα
2945 477 3094 548 μίαν.
3136 475 3246 528 Καὶ
3274 473 3420 526 ἐστιν
3454 474 3482 542 ἡ
3532 474 3642 543 μὲν

2051 574 2248 644 τετρὰς
2297 573 2482 642 ἄρτιος
2512 611 2526 634 ,
2562 571 2593 640 ἡ
2635 570 2801 640 μονάς
2841 569 2896 622 δὲ
2950 566 3208 638 περισσή.
3255 564 3381 616 Ἐπὶ
3425 562 3481 615 δὲ
3523 562 3645 614 τῶν

2052 665 2309 718 τοιούτων
2349 664 2438 716 τὸν
2489 662 2707 733 μείζονα
2742 662 3004 730 ἐλέγομεν
3044 659 3228 727 νικᾷν,
3263 657 3388 726 νικᾷ
3420 657 3448 708 6
3475 656 3639 717 Δίας.

2055 755 2222 807 Πάλιν
2262 754 2612 824 Ἀλέξανδρος
2659 754 2754 805 καὶ
2797 751 3098 814 Μενέλαος.
3151 747 3497 818 Ἀλέξανδρος
3535 746 3640 800 κύο

2058 864 2171 917 ριον
2205 846 2314 915 ἔχει
2354 847 2526 916 ὄνομα
2557 844 2779 918 [Πάριςι
2805 844 2872 896 ⁸⁸.
2909 845 3082 914 Πάρις
3117 842 3174 896 δὲ
3214 842 3359 894 ποιεῖ
3404 838 3641 909 μονάδας

2055 936 2194 988 κατᾶ
2241 937 2332 987 τὸν
2377 935 2680 989 ὲννεαδικὸν
2726 935 2769 966 ⁸⁷
2813 923 2868 998 δ,
2901 923 3296 997 Μενέλαος-δὲ
3359 931 3504 985 κατὰ
3547 930 3645 982 τὸν

2056 1028 2362 1080 ὲννεαδικδν
2395 1027 2628 1096 μονάδας
2653 1017 2704 1090 θ’,
2741 1027 2932 1080 νικῶσι
2963 1026 3020 1078 δὲ
3049 1029 3102 1079 αί
3131 1025 3287 1079 ὲννέα
3316 1025 3416 1088 τάς
3447 1023 3649 1076 τέσσα-

2057 1135 2178 1188 ρας·
2227 1119 2443 1188 εἴρηται
2493 1117 2623 1187 γάρ,
2675 1119 2875 1170 ὁπόταν
2906 1118 2933 1169 6
2987 1119 3086 1186 μὲν
3129 1115 3388 1184 περισσὸς
3421 1109 3480 1186 ᾖ.
3523 1116 3552 1166 6
3590 1113 3650 1166 δὲ

2056 1210 2263 1278 ἄρτιος,
2299 1211 2326 1262 6
2364 1208 2568 1279 μείζων
2603 1211 2766 1279 νικᾷ,
2802 1211 2928 1262 ὅταν
2961 1207 3016 1260 δὲ
3064 1208 3363 1276 ἀμφότεροι
3405 1205 3588 1274 ἄρτιοι
3615 1205 3647 1271 ἦ

2057 1300 2354 1370 ἀμφότεροι
2385 1301 2634 1369 περισσοὶ
2662 1340 2676 1364 ,
2706 1301 2735 1352 6
2771 1299 3031 1353 ἐλάσσων.
3071 1299 3239 1352 Πάλιν
3274 1299 3526 1368 Ἀμυκος
3557 1297 3652 1348 καὶ

2059 1391 2419 1459 Πολυδεύκης.
2453 1393 2698 1460 ’Ἄμυκος
2719 1392 2816 1459 μὲν
2841 1393 2982 1443 ποιεῖ
3013 1391 3245 1461 μονάδας
3267 1389 3360 1442 δύο
3385 1387 3537 1441 κατὰ
3561 1387 3652 1441 τὸν

2057 1481 2359 1534 ὲννεαδικδν
2375 1523 2388 1546 ,
2412 1483 2504 1534 καὶ
2526 1481 2865 1548 Πολυδεύκης
2881 1483 2936 1534 δὲ
2956 1482 3109 1535 ἑπτά
3135 1483 3260 1551 νικᾷ
3282 1478 3652 1548 Πολυδεύκης.

2059 1573 2192 1636 Αἴας
2223 1574 2317 1626 καὶ
2358 1573 2644 1635 Ὀδυσσεὺς
2665 1573 2966 1626 ὲπάλαισαν
3003 1575 3060 1624 ὲν
3087 1571 3163 1640 τῷ
3186 1570 3481 1639 ἐπιταφίῳ.
3515 1569 3654 1629 Αἴας

2060 1669 2202 1718 ποιεῖ
2229 1667 2369 1719 κατά
2396 1667 2485 1719 τὸν
2515 1666 2815 1719 ὲννεαδικόν
2841 1667 3070 1737 μονάδας
3106 1652 3161 1728 ’ἆ
3201 1667 3488 1728 Ὀδυσσεὺς
3511 1661 3655 1717 ὀκτὼ

2067 1757 2208 1810 κατὰ
2231 1758 2320 1810 τὸν
2341 1758 2644 1811 ὲννεαδικόν
2660 1759 2724 1789 ⁸⁸·
2753 1754 2860 1828 ἆρα
2884 1755 2973 1812 οὖν
3000 1761 3127 1830 μήτι
3144 1759 3202 1811 τὸ
3217 1757 3522 1819 Ὀδυσσέως
3543 1755 3657 1808 ὲπί’

2067 1845 2219 1898 θετον
2235 1847 2330 1898 καὶ
2345 1847 2404 1898 ού
2430 1845 2618 1916 κύριόν
2637 1847 2812 1907 ὲστιν;
2838 1847 3055 1916 ἐνίκησε
3073 1848 3202 1915 γάρ.
3227 1846 3384 1899 Κατὰ
3410 1845 3512 1915 μὲν
3531 1845 3656 1904 τοὺς

2066 1935 2331 2005 ἀριθμοὺς
2363 1938 2490 2005 νικᾷ
2523 1935 2678 2003 Αἴας,
2705 1937 2737 2006 ἠ
2770 1936 2812 1988 δ’
2845 1937 3057 2007 ἱστορία
3112 1937 3370 1990 Ὀδυσσέα
3417 1933 3654 2005 παραδί-

2067 2027 2248 2080 δωσιν.
2310 2026 2585 2095 Ἀχιλλεὺς
2630 2028 2724 2080 καὶ
2763 2028 3010 2096 Ἕκτωρ.
3061 2025 3341 2096 Ἀχιλλεὺς
3387 2024 3537 2078 κατὰ
3567 2023 3656 2075 τὸν

2070 2117 2374 2170 έννεαδικὸν
2399 2120 2544 2171 ποιεῖ
2569 2121 2862 2189 τέσσαρας,
2892 2118 3113 2188 Ἕκτωρ
3138 2119 3286 2187 μίαιν
3319 2117 3446 2186 νικᾷ
3481 2115 3658 2184 Ἀχιλ-

2071 2207 2215 2270 λεύς.
2251 2208 2422 2261 Πάλιν
2465 2208 2743 2278 Ἀχιλλεὺς
2775 2208 2872 2260 κα)⁸
2925 2210 3332 2279 Ἀστεροπαῖος.
3377 2207 3658 2275 Ἀχιλλεὺς

2076 2301 2218 2350 ποιεῖ
2249 2297 2537 2368 τέσσαρας,
2584 2299 2968 2368 Ἀστεροπαῖος
3014 2303 3161 2369 τρεῖς
3197 2299 3262 2352 ⁸⁸.
3295 2300 3421 2368 νικᾷ
3477 2297 3657 2364 Ἀχιλ-

2073 2386 2218 2448 λεύς.
2260 2387 2428 2440 Πάλιν
2455 2387 2726 2450 Μενέλαος
2762 2387 2855 2439 καὶ
2881 2385 3180 2458 Εὔφορϐος.
3231 2385 3506 2448 Μενέλαος
3547 2384 3658 2450 ἔχει

2081 2474 2313 2544 μονάδας
2352 2475 2526 2537 ἐννέα,
2560 2473 2841 2544 Εὔφορϐος
2870 2475 3042 2526 ὀκτώ’
3077 2476 3202 2545 νικᾷ
3228 2473 3528 2534 Μενέλαος.
3564 2473 3658 2523 Τι-

2076 2564 2164 2623 νὲς
2186 2564 2243 2616 δὲ
2278 2564 2420 2616 κατὰ
2448 2565 2538 2616 τὸν
2579 2564 2936 2634 ἑϐδοματικὸν
2989 2565 3168 2634 μόνοις
3196 2567 3308 2626 τοῖς
3349 2565 3593 2630 φωνήεσι
3615 2563 3660 2592 ⁵⁹

2081 2654 2359 2724 χρῶνται,
2401 2653 2551 2707 ἄλλοι
2606 2655 2663 2707 δὲ
2696 2655 3097 2709 διαστέλλουσιν
3148 2656 3253 2726 ἰδίᾳ
3291 2655 3388 2724 μὲν
3435 2655 3501 2705 τά
3551 2671 3662 2722 φω-

2081 2746 2276 2814 νήεντα
2304 2784 2318 2806 ,
2359 2745 2466 2814 ἰδίᾳ
2489 2746 2546 2798 δὲ
2578 2746 2648 2798 τά
2692 2746 2970 2816 ἡμίφωνα.
3007 2747 3112 2816 ἰδία
3141 2746 3196 2799 δὲ
3223 2746 3289 2799 τά
3320 2747 3532 2815 ἄφωνα.
3571 2746 3661 2797 καὶ

2081 2836 2230 2904 τρεῖς
2266 2835 2450 2902 τάξεις
2481 2837 2805 2907 ποιήσαντες
2840 2837 3181 2906 λαμϐάνουσι
3209 2837 3334 2899 τοὺς
3379 2835 3662 2904 πυθμένας

2087 2925 2194 2995 ίδίᾳ
2225 2926 2322 2995 μὲν
2349 2926 2458 2980 τῶν
2488 2929 2528 2959 ⁵¹
2581 2928 2926 2998 φωνηέντων,
2963 2928 3067 2998 ίδία
3097 2929 3154 2981 δὲ
3189 2927 3297 2980 τῶν
3339 2925 3660 2998 ἡμιφώνων,

2011 3067 2053 3124 C
2089 3015 2196 3086 ἰδία
2243 3015 2299 3068 δὲ
2345 3016 2453 3069 τῶν
2485 3018 2738 3085 ἀφώνων,
2786 3019 2878 3070 καὶ
2927 3018 3276 3088 συγκρίνουσι
3305 3017 3379 3089 [ρ.
3422 3015 3660 3085 55—57]

2089 3107 2257 3178 χωρίς
2299 3107 2548 3163 ἕκαστον.
2599 3109 2784 3161 Ἀλλοι
2815 3109 2871 3162 δέ
2904 3110 3024 3162 οὐδὲ
3053 3109 3266 3170 τούτοις
3307 3113 3411 3172 τοῖς
3439 3125 3655 3178 νενομι-

2092 3199 2310 3268 σμένοις
2340 3199 2592 3268 ἀριθμοῖς
2622 3200 2859 3270 χρῶνται
2879 3243 2893 3266 ,
2927 3201 3039 3255 ἀλλ’
3073 3201 3254 3264 ἄλλοις
3274 3243 3288 3266 ,
3313 3197 3422 3254 οἷον
3448 3199 3664 3252 ὑποδεί-

2091 3307 2298 3359 γματος
2327 3290 2490 3344 ἕνεκα
2523 3292 2585 3367 τὸ
2606 3279 2659 3344 ’σῖτ
2698 3294 2758 3346 οὑ
2791 3293 3003 3347 θέλουσι
3034 3296 3282 3366 πυθμένα
3325 3297 3472 3366 ἔχειν
3505 3295 3668 3367 μονά⁶

2091 3380 2187 3444 δας
2214 3381 2259 3412 ⁸⁸
2282 3371 2346 3451 ἢ,
2380 3373 2515 3432 ἀλλὰ
2547 3364 2594 3446 ξ,
2632 3384 2725 3436 καὶ
2757 3383 2818 3436 τὸ
2919 3364 3180 3454 στοιχεῖον
3217 3364 3473 3457 πυθμένα
3503 3364 3669 3454 μονά-

2092 3473 2188 3536 δας
2215 3463 2263 3535 δ’,
2307 3473 2400 3526 καὶ
2447 3474 2713 3537 παντοίως
2758 3476 3112 3545 στρεφόμενοι
3141 3478 3293 3532 οὐδὲν
3323 3480 3478 3546 ὑγιὲς
3525 3479 3671 3549 εὑρί-

2097 3581 2339 3618 σκουσιν.
2375 3566 2547 3617 ὐταν
2592 3566 2776 3635 μέντοι
2807 3567 3060 3636 δεύτερόν
3098 3585 3243 3632 τινες
3271 3570 3671 3638 ἀγωνίζονται,

2094 3659 2188 3727 ἀφ’
2228 3657 2490 3727 ἐκατέρου
2537 3657 2644 3710 τῶν
2697 3659 2975 3727 ὀνομάτων
3031 3660 3092 3712 τὸ
3145 3661 3359 3731 πρῶτον
3412 3668 3674 3732 στοιχεῖον

2101 3750 2444 3819 ἀφαιροῦσιν·
2472 3750 2597 3802 ὅταν
2639 3749 2695 3802 δὲ
2726 3751 2737 3819 Ι
2769 3750 2969 3821 τρίτον,
2988 3752 3055 3805 τά
3082 3752 3173 3805 δύο
3198 3753 3560 3825 ἑκατέρωθεν,
3583 3754 3674 3807 καὶ

2094 3842 2162 3894 τά
2195 3839 2359 3892 λοιπά
2390 3839 2728 3910 ψηφίσαντες
2769 3843 3175 3911 συγκρίνουσιν.

433 3930 688 3982 ιιιοιιαιίρε
728 3942 978 3996 quatuor,
1013 3943 1065 3983 rt
1105 3947 1291 3985 omnes
1329 3933 1379 3985 in
1433 3945 1615 4000 partes
1667 3935 1914 4002 quamvis
1975 3948 2034 3988 se
2108 3943 2340 3994 vertant,
2373 3932 2504 3985 nihil
2556 3932 2673 3986 sani
2731 3936 3050 3989 extunduut.
3105 3936 3419 4004 Quanquam
3454 3939 3543 3992 ubi
3587 3955 3678 3994 se.

432 4021 668 4074 cundum
703 4023 863 4089 aliqui
914 4034 1248 4089 concertant,
1277 4028 1342 4082 ab
1384 4035 1610 4094 utroque.
1644 4026 1860 4078 nomine
1890 4027 2116 4095 primam
2145 4027 2377 4078 litteram
2446 4025 2691 4088 demunt,
2741 4025 2957 4094 quando
3024 4037 3202 4079 autem
3237 4028 3477 4092 tertium,
3542 4031 3676 4084 dcas

434 4113 712 4180 utriusque
763 4116 1014 4181 nominis,
1059 4127 1112 4170 et
1159 4117 1378 4183 reliquis
1428 4119 1754 4186 computatis
1785 4128 2118 4188 comparant.

507 4205 589 4258 υἱ.
623 4206 872 4259 Arbitror
907 4216 1085 4261 autem
1121 4209 1400 4275 perspicue
1435 4209 1763 4263 declaratam
1797 4225 1916 4264 esse
1946 4218 2001 4263 et

2175 4209 2260 4263 15.
2313 4206 2480 4277 Οἶμαι
2526 4209 2581 4262 δὲ
2634 4209 2873 4278 ἐκδήλως
2917 4209 3253 4266 ἐκτεθεῖσθαι
3296 4214 3388 4266 καὶ
3432 4215 3532 4282 τὴν
3572 4215 3681 4269 τῶν

435 4296 901 4348 aritlnueticorum
934 4307 1165 4349 tuentem
1199 4312 1293 4362 per
1323 4311 1576 4350 utuueros
1593 4307 1647 4351 et
1673 4299 1889 4350 nomina
1924 4299 1971 4351 vi

2101 4299 2480 4371 ἀριθμητικῶν
2523 4300 2764 4353 ἐπίνοιαν
2801 4301 2867 4354 δι’
2899 4300 3146 4372 ἀριθμῶν
3188 4307 3280 4356 καὶ
3311 4305 3592 4375 ὀνομάτων
3621 4306 3681 4359 τὸ

437 4399 542 4440 tam
586 4389 890 4442 discernere
934 4387 1341 4439 iustitucntium.
1390 4385 1498 4440 llos
1539 4399 1716 4441 autem
1762 4388 1999 4458 intelligo

435 4479 666 4533 otiauti-s
693 4489 745 4532 et
777 4480 827 4532 iu
881 4478 1214 4531 tmmerando
1245 4477 1569 4532 exercitatos
1601 4481 1744 4532 uisos
1771 4494 1909 4538 esse.
1942 4488 2000 4534 ut

437 4585 532 4636 per
563 4581 732 4622 artem
758 4588 785 4621 ιι
816 4570 996 4638 pueris
1021 4569 1118 4622 sibi
1153 4569 1402 4622 traditam
1427 4569 1662 4624 illustres
1696 4571 1821 4624 facti
1849 4582 1998 4626 vates

439 4661 838 4729 appellarentur
876 4679 888 4714 :
925 4661 1014 4729 qui
1055 4676 1254 4727 susque
1306 4662 1475 4730 deque
1535 4661 1831 4715 litterarum
1885 4663 1997 4716 ele-

442 4763 616 4805 menta
649 4753 927 4804 metientes
959 4754 1010 4804 in
1036 4753 1260 4819 ineptias
1287 4751 1553 4805 abietum.
1597 4751 1823 4818 Quando
1853 4751 1997 4805 enim

441 4859 544 4896 non
578 4845 820 4911 contigit,
848 4843 1211 4899 difﬁcultatem
1247 4846 1320 4899 rei
1347 4845 1737 4914 praetendentes
1768 4845 1954 4897 dicunt
1982 4862 1995 4898 :

443 4934 690 4990 Forsitan
726 4937 825 4989 hoc
867 4953 1059 4990 nomen
1096 4939 1326 5005 patriqu
1363 4954 1466 4990 non
1517 4935 1698 5000 fuerit,
1736 4937 1830 4990 sed
1863 4936 1999 4989 asci-

445 5026 642 5088 titiuni,
677 5027 833 5078 reluti
866 5029 1026 5079 etiam
1055 5031 1104 5080 iu
1137 5029 1304 5083 Ulixis
1347 5038 1402 5081 et
1428 5027 1607 5093 Ajacis
1632 5026 1847 5079 nomine
1871 5025 2001 5093 lapsi

444 5117 842 5171 insimulabant.
871 5117 1002 5182 Quis
1025 5134 1088 5173 ex
1121 5119 1221 5174 hac
1253 5118 1477 5174 miriﬁca
1512 5117 1848 5188 philosophia
1881 5132 2004 5185 pro-

2102 4389 2200 4458 ζῆν
2229 4389 2526 4460 διακρίνειν
2547 4389 2895 4459 νομιζόντων.
2926 4389 3160 4454 Τούτους
3184 4392 3239 4444 δὲ
3272 4393 3522 4446 κατανοῶ
3560 4411 3682 4464 σχο-

2100 4481 2197 4550 λὴν
2227 4481 2456 4548 ἄγοντας
2487 4482 2579 4532 καὶ
2619 4481 2786 4549 ψήφῳ
2819 4483 3300 4551 γεγυμνασμένους
3327 4483 3681 4553 τεθεληκέναι

2097 4572 2185 4625 διὰ
2215 4574 2312 4640 τῆς
2333 4573 2378 4603 ⁵³
2400 4573 2800 4644 παραδοθείσης
2828 4575 3010 4636 αὐτοῖς
3039 4577 3101 4626 ἐκ
3132 4575 3332 4628 παίδων
3351 4576 3548 4645 τέχνης
3571 4576 3682 4648 [θέ-

2101 4661 2234 4734 λειν]
2266 4663 2313 4694 ⁸⁸
2355 4663 2778 4731 εὐδοκιμοῦντας
2813 4665 3032 4734 μάντεις
3073 4667 3582 4737 προσαγορεύεσθαι
3613 4669 3678 4723 ³⁸.

2105 4757 2155 4809 οἳ
2190 4757 2302 4810 ἄνω
2339 4756 2489 4810 κάτω
2520 4757 2586 4808 τά
2625 4759 2861 4827 στοιχεῖα
2901 4759 3378 4829 καταμετροῦντες
3407 4761 3486 4824 εἰς
3521 4760 3682 4831 λῆρον

2108 4849 2413 4921 ἐχώρησαν.
2456 4849 2625 4901 Ἐπάν
2649 4849 2758 4916 γάρ
2781 4851 3115 4920 άποτύχωσι,
3145 4851 3205 4904 τὸ
3229 4851 3431 4922 ἄπορον
3455 4853 3685 4922 προϐάλ-

2105 4939 2286 5002 λοντες
2313 4941 2356 4972 ⁸⁸
2377 4939 2626 5006 λέγουσι,
2664 4942 2794 5008 μήτι
2815 4940 2971 4993 τοῦτο
2993 4941 3163 5008 ὂνομα
3193 4943 3408 5008 γενικδν
3435 4943 3537 4994 οὐκ
3567 4942 3682 5009 ὲγέ-

2107 5046 2227 5085 νετο
2259 5031 2393 5084 ἀλλά
2425 5031 2692 5084 ἐπίθετον·
2721 5032 2798 5096 ὡς
2841 5032 2936 5084 καὶ
2970 5032 3063 5084 ἐπὶ
3107 5031 3199 5084 τοῦ
3247 5031 3552 5096 Ὀδυσσέως
3591 5033 3683 5085 καὶ

2110 5118 2335 5184 Αἴαντος
2368 5119 2687 5183 ἐκπεσόντες
2728 5120 3036 5174 ἐνεκάλουν.
3091 5121 3187 5184 Τίς
3232 5123 3296 5174 ὲκ
3336 5121 3544 5191 ταύτης
3592 5121 3683 5188 τῆς

1708 5345 1939 5399 VARle
1979 5343 2379 5400 LECTIONES.

524 5529 564 5560 “
589 5529 826 5598 Ἕκτωρ.
858 5529 1010 5582 ἕκτον
1045 5527 1106 5582 C.
1176 5529 1220 5560 “
1253 5527 1422 5597 Πάρις
1460 5527 1583 5598 ᾆξίδο
1624 5526 1692 5581 M-

451 5600 655 5653 ralrulo
711 5595 789 5650 Μ.
855 5598 898 5627 δ’
933 5598 1093 5652 Error
1125 5599 1175 5651 in
1223 5595 1430 5651 calculo
1462 5595 1528 5650 Μ.

452 5685 534 5738 pr.
559 5670 622 5724 C.
698 5669 741 5702 "
775 5666 947 5719 θέλειν
993 5669 1142 5719 uncis
1175 5667 1388 5720 inclusit
1414 5665 1484 5718 Μ.

1768 5526 1810 5557 ⁸⁷
1842 5523 1982 5579 κατὰ
2013 5525 2072 5578 τὸ
2104 5521 2408 5578 ὲννεαδικὸν
2439 5523 2524 5578 bis
2555 5523 2614 5578 C.

1607 5598 1652 5628 ⁵⁰
1677 5597 1891 5667 φωνήσε
1901 5612 1951 5648 σι

1563 5667 1607 5697 ⁸⁸
1639 5663 2100 5736 προαγορεύεσθαι
2127 5663 2185 5718 C.

2696 5523 2743 5557 ⁸⁸
2772 5525 2834 5578 τὸ
2879 5523 3182 5579 ὲννεαδικόν
3210 5523 3272 5578 (ἶ.
3310 5523 3404 5578 llic
3447 5537 3603 5577 error
3635 5523 3682 5575 in

2119 5595 2162 5664 ⁸νι
2201 5593 2303 5664 ἰδίᾳ
2334 5594 2565 5664 τῶνάφγ.
2601 5593 2664 5650 C.
2724 5595 2769 5627 "
2810 5596 3041 5664 μονάδας
3080 5596 3202 5648 add.
3234 5594 3302 5647 Μ.

2269 5663 2680 5729 σαπροϐαλόντες
2714 5665 2775 5725 C,
2813 5663 2876 5718 Μ.

3382 5595 3425 5624 ⁸³
3454 5595 3553 5661 τῆς
3581 5609 3681 5646 om.
