4032 6200
229 383 370 452 δοθι
833 342 844 358 ’
1361 379 1656 441 CONTRA
1687 379 1833 440 ωε]

1933 377 2050 438 SES
2087 377 2228 437 LIB.
2271 375 2367 435 Iv.
3345 371 3484 435 3092
3574 342 3577 345 ’

232 502 334 556 καὶ
394 498 693 568 τιθυμάλου
748 496 877 561 ὀπὸς
929 498 1024 552 καὶ
1079 496 1250 567 συκῆς
1297 499 1442 551 ποιεῖ
1501 497 1562 551 τὸ
1607 498 1810 569 ὅμοιον.

1941 495 2141 549 ntroire
2167 493 2322 562 jubet
2353 491 2444 560 qui
2487 489 2681 544 adsunt
2720 487 3013 544 instructos
3045 485 3208 542 ramis
3244 485 3381 544 lauri
3429 499 3486 545 et

246 589 478 661 Ἐπειδὴ
517 590 574 643 δὲ
628 589 797 660 ἔμαθε
843 590 943 661 τὴν
991 588 1259 660 ἐρώτησιν
1288 588 1482 652 οὕτως,
1516 587 1526 659 ι
1557 588 1678 642 τίνα
1711 591 1817 660 χρὴ

236 684 443 755 τρόπον
498 681 889 751 ἀποκρίνεσθαι
937 681 1256 756 προύνόησε.
1313 680 1421 734 Καὶ
1467 678 1650 732 λοιπὸν
1686 680 1818 732 εἴσω

241 775 540 845 παρελθεῖν
589 773 801 826 κελεύει
848 773 972 835 τοὺς
1035 771 1308 842 παρόντας
1356 770 1560 838 δάφνας
1603 769 1840 854 ἔχοντας’

241 869 340 922 καὶ
372 867 614 927 σείοντας
652 865 746 918 καὶ
792 863 1128 934 κεκραγότας
1176 862 1270 915 καὶ
1301 862 1392 913 τὸν
1432 862 1573 931 φρῆν
1626 863 1824 913 ἐπικαα
1853 863 1868 872 “

241 957 474 1018 λοῦντας
506 955 552 987 ⁸⁵
585 955 846 1023 δαίμονα*
904 953 998 1005 καὶ
1052 954 1161 1023 γάρ
1210 951 1485 1003 ἐπικαλεῖν
1525 952 1570 981 ⁵⁸
1614 950 1823 1011 τούτοις

243 1049 451 1116 πρέπει
481 1046 574 1098 καὶ
613 1045 770 1097 τοῦτο
805 1044 973 1096 αἰτεῖν
1004 1042 1154 1112 παρὰ
1185 1042 1455 1113 δαιμόνων
1503 1038 1651 1104 ἄξιον
1694 1040 1760 1101 ³⁵⁸,
1795 1037 1824 1089 ὃ

241 1138 312 1192 δι’
342 1135 524 1190 αὐτῶν
557 1135 601 1167 ⁸⁷
654 1133 914 1205 παρέχειν
963 1133 1024 1184 οὐ
1079 1131 1323 1183 θέλουσιν
1382 1127 1746 1188 ἀπολέσαντες
1775 1124 1821 1157 ⁸⁸

245 1231 347 1292 τὰς
385 1228 609 1296 φρένας.
661 1225 732 1276 Τὸ
760 1223 817 1276 δὲ
856 1224 1098 1293 ἄκοσμον
1131 1222 1228 1291 τῆς
1271 1221 1398 1291 βοῆς
1443 1221 1537 1272 καὶ
1575 1221 1603 1271 ό
1652 1217 1823 1287 ψόφος

243 1313 330 1383 οἷς
356 1321 413 1372 ἐν
444 1317 742 1388 ἀπορρήτῳ
764 1315 810 1346 δ’
831 1315 1185 1385 πεποιηκέναι
1208 1312 1551 1383 νομῐζεται·⁶⁰
1583 1325 1823 1380 παρακο-

243 1411 463 1463 λουθεῖν
509 1407 750 1460 ἐκώλυσε
775 1407 841 1459 ⁶¹.
879 1405 1009 1458 Τίνα
1038 1405 1094 1458 δὲ
1115 1404 1287 1457 ταῦτά
1328 1405 1466 1468 ἐστι,
1494 1401 1683 1472 καιρὸς
1716 1400 1825 1453 λοι-

250 1504 355 1558 πον
383 1501 585 1568 λέγειν.
623 1499 767 1551 Πολὺ
796 1499 892 1568 μὲν
922 1493 1014 1550 οὖν
1049 1496 1306 1566 τυγχάνει
1327 1496 1387 1548 τὸ
1418 1495 1628 1556 σκότος.
1662 1492 1822 1560 Λέγει

249 1592 362 1662 γάρ
390 1590 650 1644 ἀδύνατον
677 1590 749 1642 τὰ
779 1587 896 1640 θεῖα
917 1587 1048 1658 όρᾷν
1071 1585 1271 1657 θνητὴν
1295 1586 1474 1654 φύσιν·
1507 1583 1688 1636 ἱκανὸν
1715 1581 1824 1651 γὰρ

252 1684 312 1736 τὸ
347 1682 575 1753 ὁμιλεῖν.
607 1678 952 1738 Κατακλίνας
982 1677 1038 1728 δὲ
1060 1677 1150 1728 τὸν
1192 1676 1355 1728 παῖδα
1389 1674 1570 1746 πρηνῆ
1601 1673 1694 1726 καὶ
1732 1671 1826 1724 δύο

251 1774 364 1827 τῶν
418 1772 834 1842 γραμματιδίων
883 1768 1127 1831 ἐκείνων,
1181 1770 1324 1836 ᾶπερ
1377 1763 1445 1837 ἦν
1513 1767 1824 1834 ἐγγεγραμο

255 1865 394 1936 μένα
436 1865 480 1894 ⁸³
529 1863 833 1933 Ἑϐραϊκοῖς
866 1861 1026 1930 δῆθεν
1072 1861 1394 1930 γράμμασιν
1447 1859 1522 1923 ὡς
1560 1858 1826 1928 δαιμόνων

253 1958 522 2024 ὀνόματα,
566 1955 777 2024 πλευρᾷ
812 1953 1073 2023 παραθεὶς
1102 1951 1338 2022 ἑκατέρα
1367 1951 1413 1982 ⁸³
1436 1949 1506 2002 τά
1535 1947 1698 2002 λοιπὰ
1715 1951 1828 2011 τοῖς

255 2049 394 2102 ὠσὶν
416 2048 666 2118 ἐνθήσειν
697 2047 864 2114 λέγει.
905 2047 1059 2098 Ἔστι
1097 2044 1152 2097 δὲ
1172 2043 1329 2095 τοῦτο
1359 2042 1490 2095 αὐτὸ
1511 2043 1826 2110 ἀναγκαῖον,

258 2151 348 2204 ῐνα
375 2167 429 2202 τι
461 2149 678 2218 παραθῇ
731 2149 841 2208 τοῖς
874 2145 974 2197 ὡσὶ
1001 2144 1094 2197 τοῦ
1147 2142 1333 2204 παιδὸς
1375 2141 1628 2212 ὄργανον,
1673 2139 1741 2192 δι’
1769 2133 1829 2192 οὗ

258 2238 372 2290 πᾶν
397 2235 512 2289 ἔστι
544 2236 783 2305 σημᾶναι
811 2235 856 2264 ⁸⁸
903 2233 1154 2286 θέλονταο
1197 2231 1319 2300 ἠχεῖ
1347 2231 1487 2283 δὲτὸ
1529 2231 1574 2261 ⁸⁵
1612 2227 1828 2298 πρῶτον

262 2329 352 2380 ινα
375 2327 581 2398 φοόηθῇ
606 2329 632 2378 ὁ
662 2329 808 2390 παῖς,
834 2326 924 2378 καὶ
946 2324 1192 2394 δεύτερον
1225 2320 1514 2391 ἐπιϐομϐεῖ
1538 2322 1607 2382 ⁸⁸,
1640 2319 1828 2371 ἔπειτα

265 2423 329 2474 τὸ
363 2420 544 2491 τριτον
570 2418 716 2470 λαλεῖ
745 2417 832 2470 διά
853 2416 946 2469 τοῦ
987 2416 1239 2487 ὀργάνου,
1266 2414 1301 2467 ἃ
1337 2414 1516 2482 λέγειν
1545 2414 1634 2466 τὸν
1666 2411 1830 2463 παῖδα

264 2511 536 2584 βούλεται,
561 2510 653 2562 καὶ
675 2509 770 2579 τὴν
796 2507 1018 2561 ἔκϐασιν
1037 2506 1132 2560 τοῦ
1159 2507 1481 2576 πράγματος
1501 2505 1576 2569 ὡς
1595 2505 1739 2558 δοκεῖ
1761 2506 1826 2570 ⁸⁷,

263 2603 340 2675 [ρ.
370 2597 601 2670 64-66]
635 2594 750 2651 εἶτα
781 2600 904 2660 τοὺς
935 2598 1030 2667 μὲν
1063 2596 1334 2667 παρόντας
1362 2596 1649 2666 ἡσυχάζειν
1667 2597 1828 2657 ποιεῖ,

263 2695 354 2747 τὸν
370 2694 424 2746 δὲ
444 2692 482 2746 ἃ
498 2690 648 2762 παρὰ
667 2689 774 2744 τῶν
792 2689 1056 2759 δαιμόνων
1071 2688 1268 2758 ἤκουσε
1284 2687 1564 2757 σημαίνειν
1578 2685 1737 2750 άξιοῖ.
1759 2685 1832 2738 Τὸ

261 2786 320 2839 δὲ
352 2788 464 2847 τοῖς
486 2784 586 2836 ὠσὶ
610 2780 911 2850 παρατεθὲν
931 2781 1160 2851 ὄργανον
1182 2779 1296 2830 ἐστὶ
1324 2777 1548 2845 φυσικὸν
1580 2777 1828 2848 ὄργανον,

263 2876 374 2928 τῶν
411 2873 876 2946 μακροτραχήλων
904 2871 1149 2942 γεράνων
1175 2869 1206 2940 ἢ
1245 2868 1531 2938 πελαργῶν
1557 2869 1591 2939 ἢ
1622 2868 1832 2920 κύκνων

265 2965 544 3036 ἀρτηρεα’
575 2957 650 3015 ὧν
691 2965 738 3014 ει
787 2961 1075 3032 μηδέτερον
1114 2961 1292 3030 παρῇ,
1328 2959 1506 3012 ἕστι⁶⁸
1546 2961 1641 3012 καὶ
1673 2959 1833 3030 ἕτερα

266 3061 463 3129 τέχνης
508 3057 732 3126 ὄργανα.
769 3053 1059 3122 ιΔεῖιλῐσκοι
1117 3052 1224 3122 γάρ
1273 3068 1417 3114 τινες
1470 3051 1686 3121 χάλκεοι
1743 3051 1834 3102 τὸν

1921 586 2230 656 quatientes
2262 591 2318 638 et
2351 581 2712 637 vociferantes
2745 592 2800 635 et
2825 579 3001 635 Phren
3034 581 3348 638 invocantes
3377 582 3485 637 da:-

1921 694 2172 744 monem;
2197 678 2396 732 etenim
2430 675 2680 729 invocare
2714 673 2862 727 illum
2896 674 2994 728 hos
3025 673 3198 740 decet,
3234 683 3288 729 et
3324 675 3425 730 hoc
3452 689 3484 729 ι

1925 772 2262 827 daemonibus
2295 779 2477 838 petere
2503 767 2768 829 convenit,
2817 767 2956 835 quod
2983 781 3078 835 per
3122 781 3182 822 se
3219 766 3319 837 ipsi
3348 782 3484 837 prae-

1925 865 2054 918 bere
2106 870 2404 932 nequeunt,
2457 862 2652 929 quippe
2705 860 2794 927 qui
2846 859 2947 928 ipsi
3001 859 3299 929 phrenetici
3351 859 3479 914 sint.

1928 953 2221 1007 lmntodica
2258 960 2433 1005 autem
2469 949 2781 1004 vociferatio
2810 958 2863 1004 et
2893 952 3146 1019 strepitus
3173 949 3256 1015 iis,
3285 965 3401 1019 qua:
3431 951 3482 1004 in

1922 1053 2133 1099 secreto
2180 1041 2295 1096 ﬁeri
2344 1056 2460 1096 tuos
2493 1049 2594 1105 est,
2637 1048 2870 1094 mentem
2918 1040 3199 1094 advertere
3239 1040 3482 1110 impedit.

1926 1136 2056 1203 Quae
2087 1133 2268 1205 qualia
2315 1133 2423 1187 sint
2453 1133 2562 1201 jam
2605 1141 2816 1200 tempus
2851 1139 2932 1184 est
2969 1130 3186 1186 uberius
3214 1132 3481 1201 persequi.
3563 1117 3568 1124 ’

1924 1224 2114 1294 Magna
2145 1224 2361 1292 quidem
2401 1231 2486 1278 est
2525 1222 2849 1277 obscuritas.
2882 1219 3054 1291 Negat
3103 1223 3248 1276 enim
3292 1224 3486 1278 cadere

1925 1316 1979 1370 in
2012 1316 2306 1370 humanam
2337 1322 2586 1367 naturam
2619 1313 2796 1368 divina
2829 1313 3151 1382 perspicere,
3183 1315 3315 1368 satis
3340 1314 3483 1368 enim

1925 1421 2046 1462 esse
2078 1407 2129 1459 in
2157 1405 2542 1460 commercium
2575 1407 2797 1460 deorum
2835 1404 3036 1460 venire.
3071 1405 3353 1460 Reclinato
3387 1421 3486 1460 au-

1927 1508 2032 1552 tem
2061 1512 2226 1567 puero
2260 1497 2311 1550 in
2342 1511 2584 1566 praeceps
2609 1497 2926 1566 duabusque
2957 1496 3167 1551 tabellis
3196 1497 3336 1563 istis,
3371 1513 3491 1568 qua

1925 1599 2082 1645 erant
2126 1588 2409 1642 Hebraicis
2451 1589 2658 1644 scilicet
2702 1589 2897 1645 litteris
2930 1589 3225 1658 inscriptae,
3275 1592 3488 1660 utrique

1927 1681 2078 1736 lateri
2107 1679 2386 1749 appositis,
2406 1679 2612 1748 reliqua
2634 1681 2928 1736 daemonem
2943 1680 2997 1734 in
3018 1681 3492 1736 auresinsusurra-

1928 1785 2107 1828 turum
2139 1774 2292 1828 dicit.
2326 1773 2419 1827 Est
2456 1783 2634 1827 autem
2664 1772 2765 1826 hoc
2786 1773 3175 1839 necessarium,
3209 1778 3267 1827 iit
3289 1773 3489 1842 aliquid

1856 1845 1899 1900 Β
1930 1868 2275 1923 instrumenti
2314 1875 2549 1936 apponat
2582 1865 2650 1920 ad
2681 1880 2844 1919 aures
2876 1866 3049 1935 pueri,
3077 1882 3176 1936 per
3198 1868 3339 1937 quod
3367 1867 3493 1921 licet

1923 1959 2109 2013 omnia
2170 1955 2482 2027 signiﬁcare
2533 1971 2652 2025 quae
2709 1956 2832 2025 quis
2871 1956 3034 2010 volet.
3090 1955 3258 2011 Sonat
3309 1966 3487 2011 autem

1919 2053 2181 2119 primum,
2231 2059 2288 2103 ut
2334 2051 2386 2102 in
2427 2059 2690 2104 terrorem
2739 2049 3059 2118 conjiciatur
3090 2063 3247 2118 puer,
3299 2049 3493 2104 deinde

1931 2144 2148 2211 insuper
2201 2152 2511 2212 tympanum
2566 2150 2764 2204 movet,
2823 2137 3096 2210 postremo
3151 2143 3365 2196 tertium
3409 2143 3492 2197 lo-

1930 2235 2113 2303 quitur
2139 2249 2233 2302 per
2262 2235 2704 2298 instrumentum,
2732 2233 2873 2302 quod
2895 2247 3119 2302 puerum
3151 2233 3262 2287 vult
3287 2235 3489 2299 dicere.

1919 2335 1985 2379 et
2011 2326 2211 2379 exitum
2239 2317 2314 2380 rei
2339 2333 2635 2394 exspectat,
2659 2325 2853 2379 deinde
2875 2340 2969 2380 eos
2993 2325 3080 2395 qui
3110 2324 3308 2380 adsunt
3331 2326 3493 2382 silere

1925 2418 2107 2488 jubet,
2158 2417 2303 2472 illum
2339 2418 2588 2488 92-93
2622 2428 2799 2472 autem
2835 2434 2953 2488 quae
2983 2434 3008 2472 a
3036 2419 3372 2475 daemonibus
3401 2435 3491 2476 ac-

1932 2513 2137 2582 ceperit
2175 2513 2436 2582 proﬁteri.
2486 2512 2640 2578 Quod
2689 2522 2868 2566 autem
2919 2512 3142 2568 auribus
3189 2513 3492 2583 appositum

1930 2615 2014 2660 est
2045 2605 2484 2667 instrumentum,
2515 2614 2598 2657 est
2632 2603 2878 2657 naturate
2900 2604 3338 2669 instrumentum,
3370 2619 3496 2674 pro-

1932 2713 2056 2752 cero
2095 2697 2232 2752 collo
2273 2698 2656 2752 instructarum
2696 2711 2886 2766 gruum
2920 2695 3002 2750 vel
3049 2696 3376 2754 ciconiarum
3409 2700 3494 2754 vel

1933 2804 2228 2860 cygnorum
2271 2789 2495 2854 arteria,
2547 2803 2775 2858 quorum
2832 2789 2876 2844 si
2933 2788 3136 2845 nullum
3182 2791 3250 2845 ad
3304 2805 3495 2846 manus

1932 2885 2059 2947 erit,
2121 2890 2178 2935 et
2240 2879 2343 2934 alia
2394 2876 2460 2933 ex
2510 2890 2627 2932 arte
2669 2879 3025 2937 ittsttumenta
3081 2889 3224 2936 sunt.
3271 2879 3496 2935 Tibiolat

1934 2977 2077 3030 enim
2115 2976 2359 3045 quaedam
2390 2989 2549 3031 :eueae
2581 2991 2808 3031 numero
2847 2977 3032 3032 decem
3077 2977 3304 3031 invicem
3350 2975 3402 3030 in
3440 2990 3498 3030 se

1936 3077 2194 3120 coeuntes
2224 3065 2275 3118 in
2325 3079 2608 3136 angustum
2646 3066 2998 3120 terminantes
3030 3074 3167 3135 aptae
3213 3075 3360 3130 sunt,
3403 3079 3500 3134 per

266 3151 504 3221 ἀριθμὸν
521 3150 652 3201 δέκα
672 3149 748 3209 εἰς
778 3144 1033 3215 ἀλλήλους
1052 3143 1369 3215 χωροῦντες,
1396 3144 1473 3205 εἰς
1502 3143 1682 3195 στενὸν
1704 3144 1833 3196 ἀπο-

1937 3172 2075 3227 quas
2105 3153 2183 3213 ad
2216 3174 2373 3213 aures
2414 3172 2748 3227 quaecunque
2788 3157 2930 3212 volet
2976 3157 3244 3226 loquatur.
3275 3157 3341 3211 Et
3386 3159 3502 3212 haec

262 3243 524 3311 λήγοντες
547 3241 868 3310 εὐάρμοστοι
894 3237 1152 3305 γίνονται,
1176 3235 1242 3289 δι’
1268 3229 1342 3290 ὧν
1373 3235 1506 3306 πρὸς
1532 3234 1592 3286 τὸ
1614 3229 1708 3297 οὖς
1735 3233 1834 3286 ὅσα

263 3344 414 3397 θέλει
454 3341 766 3410 φθέγγεται.
802 3337 912 3390 Καὶ
952 3335 1124 3390 ταῦτα
1156 3336 1184 3388 ό
1217 3337 1342 3398 παῖς
1371 3333 1692 3389 κατακούων
1736 3334 1837 3406 ἐμ-

268 3435 451 3503 φόόως
493 3431 568 3494 ὡς
595 3429 699 3482 ὑπὸ
725 3426 992 3496 δαιμόνων
1021 3426 1327 3494 λαλούμενα
1356 3425 1659 3491 κελευσθεὶς
1704 3428 1840 3480 ἀπο-

268 3522 588 3592 φθέγγεται.
621 3517 752 3570 Εἰδὲ
775 3517 868 3569 καὶ
892 3515 1085 3584 σκύτος
1111 3534 1192 3582 τις
1207 3519 1382 3590 ῥάϐδῳ
1412 3519 1649 3588 περιθεὶς
1679 3518 1839 3588 ὑγρὸν

268 3614 510 3685 ξηράνας
534 3613 632 3668 καὶ
661 3610 982 3680 συναγαγὼν
1010 3611 1366 3680 προσαρμὸσῃ
1395 3608 1487 3661 καὶ
1518 3609 1560 3641 ⁸³
1589 3608 1839 3661 ἀποσπά-

271 3731 377 3778 σας
399 3713 497 3783 τὴν
526 3710 719 3784 ῥάϐδον
745 3710 1002 3763 αὐλίσκου
1033 3707 1186 3778 δίκην
1217 3707 1276 3759 τὸ
1305 3709 1496 3770 σκότος
1519 3707 1836 3777 ἐργάσηται,

278 3806 342 3858 τὸ
373 3805 550 3873 ὅμοιον
591 3805 752 3856 ποιεῖ.
790 3802 853 3854 Et
888 3800 944 3853 δέ
991 3817 1042 3853 τι
1083 3799 1285 3851 τούτων
1337 3798 1412 3869 μὴ
1448 3802 1623 3868 παρῇ,
1663 3796 1840 3866 βίϐλον

280 3893 466 3946 λαϐὼν
491 3892 919 3962 ἐπισπασάμενος
953 3889 1159 3943 ἔνδοθεν
1188 3891 1310 3942 ὅσον
1332 3889 1517 3960 χρῄζει
1551 3889 1643 3939 ἐπὶ
1669 3887 1840 3956 μῆκος

276 3984 547 4047 ἐκτείνας,
572 3985 636 4038 τὰ
662 3985 822 4054 ὃμοια
843 3983 1073 4053 ἐνεργεῖ.
1101 3983 1161 4034 El
1186 3981 1241 4034 δὲ
1261 3981 1306 4012 ⁷⁸
1331 3979 1602 4048 προειδείη
1633 3980 1776 4041 ὅστις
1794 3979 1836 4008 “

276 4078 509 4150 πάρεστι
548 4076 906 4144 πευσόμενος,
941 4072 1279 4143 ἑτοιμότερος
1315 4071 1450 4142 πρὸς
1487 4071 1663 4124 πάντα
1698 4072 1844 4139 γίνε-

273 4187 387 4224 ται.
420 4169 486 4222 Εἰ
509 4169 563 4221 δὲ
594 4168 685 4221 καὶ
714 4169 812 4234 τὴν
842 4165 1034 4218 πεῦσιν
1057 4163 1339 4235 προμάθῃ,
1371 4163 1568 4234 γράφει
1600 4163 1676 4234 τῷ
1706 4179 1844 4233 (pap-

269 4262 460 4328 μάχῳ,
492 4259 585 4311 καὶ
613 4258 689 4321 ὡς
719 4257 1134 4327 ἐμπαράσκευος
1163 4255 1486 4326 ἱκανώτερος
1505 4255 1842 4323 νομὶζεταιτί

278 4352 468 4421 σαφῶς
499 4349 715 4421 γράψας
739 4349 799 4401 τὺ
822 4345 1192 4418 ἐρωτώμενον.
1226 4347 1288 4399 Et
1316 4346 1372 4398 δὲ
1407 4348 1622 4414 ἀγνοεῖ,
1655 4347 1847 4399 ὑποτο-

277 4444 442 4506 πάζει
462 4443 509 4473 ⁷³
545 4443 637 4494 καὶ
667 4438 963 4509 ἀμφίϐολον
999 4440 1092 4491 καὶ
1124 4438 1372 4509 ποικίλην
1403 4437 1451 4470 ⁷⁸
1489 4438 1846 4507 ἀποφαίνεταί

1937 3265 2073 3321 puer
2101 3248 2412 3315 exaudiens,
2460 3257 2604 3300 metu
2647 3255 2934 3316 correptus
2975 3246 3128 3313 quasi
3180 3261 3212 3300 a
3243 3246 3503 3302 daemoni-

1939 3343 2040 3395 bus
2069 3341 2210 3395 dicta
2238 3355 2305 3394 ex
2333 3340 2486 3410 jussu
2524 3338 2887 3408 proloquitur.
2924 3336 3017 3391 Sin
3057 3339 3179 3406 quis
3206 3339 3368 3391 etiam
3409 3353 3499 3391 co-

1933 3432 2078 3486 rium
2123 3431 2539 3498 circumplicans
2593 3429 2823 3497 scipioni
2860 3428 3136 3482 humidum
3183 3428 3342 3497 idque
3375 3443 3498 3483 are-

1940 3523 2144 3577 factum
2195 3522 2526 3578 contralteus
2588 3529 2812 3576 consuet
2859 3529 2915 3572 et
2967 3522 3212 3573 detracto
3261 3521 3502 3589 scipione

1941 3618 2138 3673 tiniolte
2174 3619 2224 3671 in
2272 3618 2490 3672 modum
2521 3617 2727 3670 corium
2755 3615 3025 3680 conﬁciet,
3054 3616 3192 3670 idem
3223 3615 3372 3672 facit.
3406 3615 3501 3671 Sin

1939 3709 2070 3778 quid
2109 3711 2298 3762 borum
2343 3724 2448 3762 non
2489 3709 2683 3772 aderit,
2729 3707 2924 3761 librum
2957 3708 3121 3762 sumit
3148 3721 3382 3778 euntque
3409 3724 3501 3763 ett-

1941 3803 2104 3871 plicat
2126 3811 2180 3855 et
2209 3802 2260 3854 in
2294 3810 2551 3871 quantam
2593 3801 2737 3855 volet
2766 3815 3074 3855 mensuram
3098 3803 3361 3868 extendit,
3395 3817 3502 3872 quo

1941 3893 2086 3948 facto
2127 3894 2372 3948 eumdem
2419 3907 2573 3946 usum
2610 3901 2851 3960 praestat.
2897 3893 2992 3947 Sin
3038 3904 3217 3949 autem
3267 3896 3499 3958 noverit,

1941 3987 2064 4055 quis
2093 3985 2164 4040 sit
2191 3985 2235 4040 is
2263 3985 2352 4054 qui
2385 3983 2718 4039 sciscitatum
2747 3985 2922 4051 adsit,
2955 3987 3196 4055 paratior
3224 3988 3292 4040 ad
3319 3987 3501 4042 omnia

1946 4081 2024 4133 ﬁt.
2067 4078 2161 4132 Sin
2205 4087 2383 4130 autem
2422 4076 2502 4130 vel
2543 4077 3016 4148 interrogationem
3053 4089 3213 4133 antea
3257 4095 3504 4148 comper-

1947 4177 2055 4223 tam
2105 4168 2346 4233 ltabebit,
2398 4167 2590 4222 scribit
2632 4170 2943 4238 pharmace,
2987 4179 3044 4223 et
3089 4180 3146 4223 ut
3178 4180 3505 4239 praeparatus

1949 4269 2204 4329 tanquam
2234 4259 2485 4314 solertior
2505 4260 2828 4325 celebratur,
2856 4271 2913 4314 ut
2937 4262 3026 4330 qui
3055 4260 3200 4316 clare
3224 4263 3504 4330 scripserit

1948 4350 2092 4420 quod
2127 4354 2408 4420 quzesitum
2449 4362 2551 4407 est.
2582 4350 2676 4406 Sin
2705 4368 2832 4407 vero
2863 4353 3101 4421 ignorat,
3141 4353 3505 4423 conjecturam

1951 4443 2284 4512 periclitatur
2321 4452 2376 4496 et
2425 4443 2629 4511 aliquid
2680 4444 2892 4511 prodit,
2932 4444 3071 4510 quod
3112 4445 3398 4512 ancipitem
3453 4453 3510 4499 et

273 4553 328 4589 τι
361 4535 647 4604 δεχόμενον
677 4533 720 4564 ⁷⁸
757 4533 1114 4602 μετάφρασιν,
1149 4531 1236 4583 ἵνα
1262 4532 1359 4600 τὴν
1395 4530 1491 4601 μὲν
1513 4531 1684 4602 ἀρχὴν
1710 4531 1833 4599 ἄση·

1953 4533 2156 4586 variatn
2188 4532 2410 4601 recipiat
2443 4533 2961 4602 interpretationem,
2995 4546 3101 4601 quo
3133 4533 3444 4588 vaticinium
3477 4550 3507 4586 a
3590 4564 3592 4567 -

279 4641 381 4696 μσς
406 4621 541 4677 οὖσα
581 4625 614 4693 ὴ
649 4621 1010 4693 χρησμοδοσὲα
1050 4623 1127 4683 εἰς
1165 4620 1336 4674 πολλὰ
1365 4621 1515 4674 ἔσται
1535 4664 1548 4688 ,
1579 4624 1669 4675 ἐπὶ
1697 4622 1751 4674 δὲ
1775 4625 1842 4693 τῇ

278 4715 501 4770 ἐκϐάσει
531 4714 639 4768 τῶν
665 4713 1090 4783 συμϐησομένων
1120 4712 1254 4782 πρὸς
1279 4713 1338 4765 τὸ
1373 4712 1581 4782 συμϐὰν
1609 4714 1846 4784 πρόρρη-

279 4825 367 4871 σις
413 4806 721 4877 νομίζηται.
769 4801 902 4857 Εἶτα
949 4804 1178 4874 λεκάνην
1224 4803 1515 4874 πληρώσας
1553 4804 1742 4868 ὓδατος
1774 4806 1849 4864 ὡς

278 4898 529 4965 ἄγραφον
555 4896 643 4947 τὸν
668 4897 873 4966 χάρτην
901 4895 947 4926 ⁷⁸
976 4895 1195 4964 καθίησι
1229 4894 1580 4964 συνεμϐαλὼν
1615 4897 1846 4966 χάλκαν-

281 4989 395 5041 θον.
433 4986 619 5049 Οὕτως
647 4987 754 5054 γὰρ
797 4984 1072 5038 ἀνατέλλει
1108 4985 1172 5047 "’,
1208 4985 1305 5055 τὴν
1339 4986 1628 5056 ἀπόκρισιν
1671 4988 1848 5058 φέρων

280 5083 308 5133 ό
337 5081 570 5152 γραφεὶς
602 5079 824 5148 χάρτης.
855 5076 944 5146 Τῷ
976 5077 1072 5146 μὲν
1103 5076 1166 5147 δὴ
1203 5077 1395 5146 παιδίῳ
1430 5079 1521 5131 καὶ
1562 5079 1849 5146 φαντασίαι

1950 4625 2214 4693 principio
2240 4626 2548 4692 ambiguum
2586 4624 2638 4676 in
2673 4625 2914 4677 diversas
2936 4624 3105 4690 possit
3133 4633 3315 4692 partes
3348 4626 3508 4688 trahi,
3548 4685 3555 4693 ,

1950 4719 2004 4770 in
2042 4726 2240 4774 eventu
2293 4726 2471 4770 autent
2527 4716 2783 4784 quidquid
2833 4716 3092 4781 evenerit,
3149 4716 3216 4769 ad
3269 4716 3319 4770 id
3371 4725 3512 4786 quod

1950 4809 2243 4877 contigerit
2273 4808 2547 4878 praedictio
2579 4807 3032 4861 accommodetur.
3083 4806 3284 4860 Deinde
3313 4809 3510 4878 pelvim

1952 4900 2039 4953 ubi
2074 4900 2318 4968 implevit
2343 4914 2502 4967 aqua,
2540 4907 2791 4967 tauquam
2835 4898 3049 4952 inanem
3087 4900 3386 4952 chartulam
3423 4900 3517 4954 dc-
3566 4963 3570 4966 ,

1954 4992 2119 5044 tuittit
2168 5005 2272 5043 una
2326 4991 2568 5044 immisso
2618 4989 2958 5043 cbalcantbo.
3008 4988 3253 5044 ltaenim
3285 4993 3516 5062 emergit

1954 5098 2274 5151 responsqu
2315 5080 2494 5136 ferens
2541 5082 2737 5149 scripta
2796 5085 3007 5135 charta.
3053 5080 3225 5137 Puero
3255 5081 3418 5153 igitur
3465 5098 3519 5142 et

1542 5215 1776 5270 VARIA‘I
1817 5217 2220 5274 LECTIONES.

353 5332 400 5364 “
427 5331 906 5404 ἐπικαλοῦντεςγᾷ
1001 5333 1357 5388 ⁸⁸ἐπικαλεῖν.
1387 5335 1639 5404 ἐπιγελᾷν
1669 5335 1730 5395 C,
1754 5334 1823 5388 Μ.

281 5405 612 5474 ἀπορρήτως
799 5403 843 5433 ⁶⁰
877 5404 1088 5472 ἐνόμιζε
1120 5405 1180 5458 C.
1215 5404 1284 5458 Μ.
1359 5405 1399 5435 ⁸³
1430 5403 1632 5456 ἐκώλύε
1663 5405 1722 5467 C,
1761 5406 1830 5462 M.

280 5472 407 5527 sive
443 5476 561 5542 ὅσα
591 5472 732 5525 θέλει
757 5489 771 5501 ·
808 5477 1035 5542 κατηχεῖ
1076 5490 1134 5525 τε
1174 5475 1386 5542 πρῶτον
1430 5476 1568 5528 coni.
1603 5476 1672 5527 Μ.

277 5544 490 5596 δοκεύει
519 5541 587 5595 51.
665 5545 708 5572 ⁸⁸
743 5545 908 5612 παρῇ.
942 5541 1074 5596 ἐστι.
1110 5541 1334 5612 πάρεστι
1363 5545 1422 5598 C.

280 5681 599 5749 Roeperus,
647 5681 887 5734 ποικίλον
930 5681 993 5747 C,
1018 5681 1086 5734 Μ.

276 5752 326 5782 ⁸⁷
364 5750 645 5804 ἀνατέλλει
679 5750 975 5816 Itorperus,
1009 5750 1237 5803 ἀναπλεῖ
1267 5754 1325 5816 (Σ,
1364 5750 1429 5805 Μ.

606 5842 871 5902 Ριτιιοι..
917 5845 1030 5902 Gtt.
1077 5843 1239 5902 XVI.

1929 5337 1974 5368 "
2004 5336 2145 5403 ἀξιοῖ
2161 5337 2232 5390 Μ.
2298 5339 2342 5369 ⁸⁷
2374 5337 2550 5390 αὐτῶν
2572 5337 2632 5392 (Σ.

1925 5408 1968 5439 θ’
2000 5408 2423 5476 ἐγκεγραμμένα
2463 5408 2525 5462 C.

1779 5478 1822 5507 ⁸⁸
1862 5477 1985 5545 ius?
2015 5478 2069 5529 δὲ
2116 5479 2194 5529 τό.
2241 5477 2476 5544 ἠχοῦντα
2513 5478 2574 5531 C.

1501 5545 1547 5576 ⁸³
1579 5544 1670 5596 καὶ
1701 5555 1825 5599 ante
1868 5544 2070 5600 ἀποσπ.
2120 5547 2239 5598 :ultl.
2281 5546 2347 5599 Μ.

277 5614 324 5684 [³
354 5611 652 5682 νομίζεται.
690 5611 1105 5684 όνομάζετᾳαιᾲςὶ,
1139 5611 1212 5664 ὢν
1239 5613 1513 5677 δοξάζεται
1551 5615 1757 5684 γράψαι
1781 5633 1924 5681 susp.
1957 5617 2022 5669 Μ.

1181 5685 1305 5756 "dat
1338 5684 1642 5756 δεχόμενον.
1694 5685 2071 5756 ἐπιδεχόμενον
2105 5686 2166 5742 C.
2204 5685 2274 5740 Μ.

2737 5337 2783 5369 ⁸³
2815 5335 3190 5401 ἀπωλέσαντες
3215 5337 3275 5392 C.
3383 5337 3429 5370 ”
3461 5338 3519 5389 ἐν

2620 5407 2933 5480 θ’ᾲέκάτερα
3119 5408 3406 5480 “quae”;
3437 5407 3518 5480 [ἂι

2663 5478 2705 5508 ⁸⁸
2743 5480 2794 5529 τὶ
2839 5478 3010 5548 βομϐῇ
3047 5478 3109 5532 (Ι.
3185 5479 3226 5509 ⁸⁷
3254 5478 3327 5541 ὡς
3353 5478 3515 5548 δοκεῖ.

2425 5549 2468 5579 ⁷ο
2495 5549 2557 5599 Εἰ
2583 5547 2656 5600 δέ.
2702 5548 2821 5600 οὐδὲ
2851 5546 2915 5601 (2.⁷
2987 5550 3028 5580 ⁷¹
3070 5548 3216 5612 ὅστις
3239 5551 3320 5603 ὅτι
3352 5551 3410 5602 (ὲ.
3445 5546 3515 5597 Μ.

2167 5617 2497 5698 ὑποτοπάξει
2527 5618 2640 5671 καί.
2666 5618 3033 5684 ὑποπτάζεται
3065 5620 3125 5674 C.
3194 5621 3240 5652 ⁷⁸
3271 5617 3519 5698 ποικίλην

2361 5689 2405 5718 ⁷⁸
2445 5688 2518 5750 ὡς
2548 5719 2616 5729 —-
2648 5689 2871 5759 χάρτην.
2930 5692 3178 5760 ἀγράφου
3227 5690 3426 5756 χάρτου
3453 5684 3512 5737 C.
3599 5708 3602 5710 ·

3129 5845 3200 5906 98
