4044 6184
562 356 717 427 ’3033

2034 358 2397 417 ORIGENIS

3679 362 3818 425 δοοι

560 478 1013 535 terriculamenta
1049 475 1318 531 exsistunt
1359 490 1756 545 saepenumero.
1805 476 2016 530 Etenim
2052 476 2123 528 vel

2246 472 2473 542 φοϐεραὶ
2488 470 2725 539 γίνονται
2751 472 3007 533 πολλάκις
3032 487 3046 503 ο
3071 472 3165 525 καὶ
3190 472 3299 542 γὰρ
3323 472 3533 543 πληγὰς
3557 476 3817 545 ἐμϐάλλει

577 572 801 627 verbera
851 568 1042 621 incutit
1083 566 1355 621 interdum
1395 566 1591 635 quibus
1638 575 1934 621 exterreat.
1987 565 2137 620 Thus

574 664 714 716 enim
764 660 1008 729 injiciens
1062 659 1114 712 in
1158 660 1331 727 ignem
1379 674 1565 713 rursus
1607 669 1862 729 operatur
1892 659 1945 712 in
1993 657 2138 712 hunc

575 753 788 806 modum
834 769 846 803 :
894 750 1145 804 Frustum
1200 750 1332 804 salis
1383 752 1473 820 qui
1512 751 1709 803 dicitur
1756 749 1956 803 fossilis
2010 761 2135 802 cera

554 841 745 907 Tusca
776 840 1202 894 circutnvolvens
1230 839 1501 908 simulque
1538 840 1713 907 ipsum
1747 836 1980 891 frustum
2014 836 2135 888 titu-

573 935 643 987 ris
674 933 947 985 dissecaus
980 930 1153 998 injicit
1190 928 1317 982 salis
1348 944 1607 997 granum,
1660 937 1715 980 et
1760 941 1953 979 rursus
1983 925 2135 979 colli-

571 1039 700 1093 gans
730 1032 783 1076 et
816 1036 1082 1090 reponens
1128 1020 1182 1074 in
1232 1019 1544 1073 ardentibus
1589 1018 1776 1087 prunis
1826 1018 1974 1071 sinit.
2018 1016 2133 1081 Quo

570 1122 934 1178 concremato,
971 1113 1109 1165 sales
1166 1110 1477 1165 exsilientes
1526 1108 1811 1177 imaginem
1861 1107 2129 1170 reddunt,

569 1207 721 1275 quasi
770 1217 966 1256 novum
1018 1200 1381 1269 spectaculum
1424 1207 1479 1252 et
1527 1198 1721 1251 mirum
1757 1198 1867 1251 ﬂat.
1903 1198 2132 1267 Sangui-

570 1312 723 1351 neam
759 1305 934 1349 autem
965 1294 1140 1348 reddit
1168 1291 1437 1345 ﬂammam
1471 1290 1713 1344 Iudicum
1745 1300 1922 1343 atrum
1950 1298 2131 1359 utpote

568 1388 830 1443 inclusum
869 1388 920 1439 in
972 1386 1148 1449 thure,
1198 1384 1355 1438 sicuti
1395 1398 1553 1449 supra
1596 1382 1851 1435 diximus.
1895 1380 2129 1449 Sangui-

568 1499 726 1537 neum
752 1490 931 1535 autem
956 1479 1221 1548 liquorem
1251 1477 1381 1530 facit
1412 1492 1533 1529 cera
1566 1476 1817 1528 ancliusze
1845 1474 2125 1527 commista

566 1590 775 1642 eaque,
826 1583 884 1627 ut
937 1572 1085 1635 dixi,
1128 1584 1248 1624 cera
1300 1568 1535 1622 immista
1587 1568 1639 1621 in
1683 1565 1932 1637 94-95
1982 1572 2123 1619 tuus.

566 1668 772 1721 Prunas
796 1673 972 1719 autem
998 1660 1200 1715 moveri
1230 1661 1359 1713 facit
1390 1658 1668 1729 supposito
1691 1669 1840 1713 secto
1866 1658 2121 1721 alumine,

564 1774 669 1827 quo
703 1758 875 1812 soluto
909 1765 962 1811 et
1012 1754 1181 1807 instar
1214 1752 1480 1807 bullarum
1518 1750 1807 1806 ebullieute
1844 1758 2126 1804 moventur

565 1862 767 1917 primae.

632 1938 718 1993 29.
748 1936 860 1991 Ova
893 1947 1068 1989 autem
1096 1936 1305 1990 diversa
1326 1941 1596 1988 ostentant
1622 1934 1672 1986 in
1702 1933 1844 1986 hunc
1871 1932 2123 1987 modum:

564 2030 831 2085 Cacumen
863 2026 1147 2097 perforans
1178 2027 1244 2080 ab
1271 2036 1499 2094 utraque
1527 2033 1679 2093 parte
1712 2032 1766 2077 et
1792 2022 1969 2075 album
2002 2023 2127 2075 sub-

564 2124 786 2185 ducens,
819 2133 1006 2173 rursus
1039 2118 1362 2185 immergens
1398 2115 1603 2185 injicito
1636 2114 1789 2167 alteri
1829 2112 2003 2177 minii,
2035 2111 2129 2165 al-

563 2211 662 2265 teri
713 2218 890 2263 autem
944 2206 1217 2275 seriptorii
1268 2204 1584 2266 atramenti.
1637 2204 1900 2258 Obserato
1945 2211 2124 2255 autem

562 2298 826 2353 foramina
865 2304 1108 2350 ramento
1156 2308 1381 2349 'vorum
1424 2293 1651 2355 minuto,
1686 2304 1787 2359 ope
1820 2290 1965 2345 succi
1992 2289 2125 2345 ﬁcus

561 2390 828 2443 adlinens.

631 2477 721 2534 30.
747 2476 785 2530 li
811 2484 988 2529 autem
1016 2474 1106 2544 qui
1126 2488 1255 2529 oves
1282 2471 1383 2528 sibi
1406 2483 1688 2542 amputare
1712 2473 1887 2541 capita
1916 2471 2125 2529 faciunt

563 2572 702 2643 ipsa,
732 2570 834 2626 hac
854 2569 1064 2623 ratione
1094 2576 1316 2622 utuntur
1342 2584 1355 2619 :
1394 2565 1707 2623 Clanculum
1738 2566 1978 2620 caustico
2006 2579 2121 2618 me-

560 2665 867 2719 dicamento
914 2661 1130 2715 illinens
1165 2668 1350 2727 guttur
1391 2657 1649 2726 relinquit
1680 2657 1982 2725 appositum
2013 2655 2123 2726 gla-

560 2754 739 2817 dium;
773 2752 863 2805 illa
896 2760 1073 2804 autem
1106 2748 1292 2804 fricari
1322 2748 1544 2816 cupiens
1569 2748 1782 2800 irruens
1807 2745 1860 2797 in
1888 2744 2120 2813 gladium

562 2845 780 2905 terendo
811 2841 1089 2909 jugulatur
1130 2848 1183 2894 et
1232 2853 1418 2908 parum
1469 2838 1617 2891 abest
1665 2836 1792 2905 quin
1842 2842 2002 2903 caput
2032 2834 2123 2887 ab-

559 2933 791 2989 scindat.
815 2931 909 2984 Est
933 2941 1110 2984 autem
1133 2929 1580 2982 medicamentum
1608 2926 1827 2994 bryonia
1850 2934 1903 2978 et
1921 2924 2119 2977 adarca

558 3034 615 3079 et
645 3024 794 3079 scilla
820 3022 989 3090 aequis
1021 3021 1258 3089 partibus
1282 3019 1470 3073 mistzn.
1495 3016 1565 3071 Ut
1592 3027 1768 3070 autem
1801 3018 1963 3070 lateat
1999 3032 2119 3070 cum

562 3114 667 3168 fert
718 3114 1187 3175 medicamentum,
1240 3108 1340 3162 fert
1386 3107 1635 3177 pyxidem
1690 3108 1952 3175 duplicem
2001 3121 2119 3161 coro

559 3220 753 3269 neam,
802 3201 957 3271 cujus
1001 3201 1290 3269 conspicua
1331 3215 1457 3268 pars
1505 3199 1665 3252 habet
1712 3198 1857 3261 titus,
1888 3200 2118 3253 obscura

558 3305 737 3349 autem
765 3294 1237 3347 medicamentum.
1272 3288 1377 3343 Sed
1403 3289 1563 3343 etiam
1589 3289 1811 3342 auribus
1842 3288 2120 3342 moritura:

556 3388 729 3458 injicit
762 3387 1187 3458 ltydrargyrum;
1241 3392 1323 3439 est
1370 3391 1546 3436 autem
1580 3381 1914 3436 mortiferum
1952 3381 2120 3436 medi-

557 3490 883 3535 camentum.

624 3574 717 3628 51.
750 3572 1047 3642 Caprarum
1090 3578 1271 3624 autem
1324 3569 1412 3624 ubi
1456 3567 1576 3638 quis
1621 3566 1893 3622 obturavit
1937 3576 2120 3620 cerato

555 3680 735 3727 aures,
768 3666 955 3719 dicunt
994 3662 1173 3733 paullo
1218 3669 1338 3731 post
1381 3660 1537 3725 mori,
1587 3658 1839 3729 quoniam
1873 3658 2117 3727 spiritum

556 3764 753 3813 ducere
800 3755 1208 3825 prohibeantur.
1246 3751 1395 3806 Viam
1432 3752 1575 3806 enim
1608 3753 1747 3804 banc
1776 3749 1842 3803 iis
1870 3764 1994 3803 esse
2034 3748 2117 3803 di-

557 3857 689 3901 cunt
738 3844 970 3899 ducendi
1010 3859 1103 3911 per
1139 3843 1550 3912 respirationem
1594 3840 1834 3908 spiritus.
1879 3839 2116 3891 Arietem

556 3947 734 3990 autem
784 3935 918 3989 mori
964 3934 1183 3997 dicunt,
1225 3934 1270 3987 si
1321 3934 1441 4001 quis
1474 3931 1804 3986 exadversus
1845 3927 2120 3983 reﬂexerit

552 4029 741 4082 solem.
774 4026 998 4080 Domum
1026 4037 1205 4079 autem
1232 4024 1437 4079 faciunt
1470 4024 1804 4092 conllagrare
1832 4019 2113 4090 cujusdam

551 4137 613 4174 ex
642 4119 861 4173 marinis
876 4132 1038 4172 succo
1064 4118 1270 4181 illitam,
1297 4118 1385 4186 qui
1417 4116 1580 4187 piscis
1603 4126 1825 4170 vocatur
1848 4114 2112 4185 dactylus.

550 4212 819 4269 Praeterea
870 4220 923 4265 et
966 4211 1015 4264 id
1061 4212 1201 4279 quod
1244 4213 1301 4263 lit
1346 4225 1438 4279 per
1487 4224 1682 4279 aquam
1730 4208 1993 4262 marinam
2033 4216 2117 4262 est

556 4306 705 4360 valde
730 4303 879 4358 utile.
909 4303 1003 4357 Est
1033 4314 1210 4356 autem
1242 4317 1429 4371 spuma
1461 4304 1625 4356 maris
1659 4303 1708 4355 in
1742 4309 1977 4355 testacea
2008 4300 2113 4353 olla
2156 4357 2177 4364 _

549 4414 672 4453 cum
698 4394 945 4451 dulcibus
974 4404 1148 4455 cocta,
1190 4394 1273 4447 cui
1304 4392 1532 4447 ferventi
1566 4392 1652 4444 ubi
1694 4392 1876 4445 lumen
1924 4393 2113 4445 admo-

2240 563 2487 632 εὐπόρως
2535 562 2803 629 ἐκφοϐῶν.
2851 562 3081 615 Λίϐανον
3128 563 3235 631 γὰρ
3280 564 3361 625 είς
3408 564 3515 635 πῦρ
3562 568 3818 636 ἐμϐαλὼν

2238 653 2401 705 πάλιν
2438 654 2580 704 ποιεῖ
2626 652 2811 704 τοῦτον
2850 654 2939 705 τὸν
2971 653 3190 723 τρόπον.
3218 654 3396 706 Βῶλον
3419 654 3463 685 ⁷⁸
3506 656 3613 708 τῶν
3658 658 3819 729 λεγο-

2240 750 2414 819 μένων
2437 747 2682 818 ὀρυκτῶν
2709 748 2847 800 ἀλῶν
2873 748 3026 818 κηρῷ
3049 747 3371 817 Top-$quth
3400 753 3816 819 περιπεπάσας

2238 842 2329 894 καὶ
2362 841 2521 894 αὑτὸν
2555 840 2612 893 δὲ
2642 840 2857 893 λιϐάνου
2891 840 3059 909 βῶλον
3092 841 3138 871 τ’
3172 840 3535 909 διχοτομήσας
3564 845 3815 913 ἐντίθησι

2234 933 2328 986 τοῦ
2372 934 2565 996 ἆλατος
2618 933 2868 1002 χόνδρον,
2916 932 3007 983 καὶ
3058 932 3220 984 πάλιν
3270 934 3640 1003 συγκολλήσας
3672 938 3683 1005 |
3715 938 3817 990 ἐπὶ

2234 1021 2519 1089 ἀνθράκων
2549 1021 2851 1089 καιομένων
2871 1018 3035 1080 τιθεὶς
3054 1020 3137 1089 ἐᾷ.
3169 1020 3273 1071 Τοῦ
3298 1021 3353 1072 δὲ
3380 1023 3727 1087 συγκαέντος,
3761 1027 3813 1078 οἱ

2234 1109 2360 1171 ὄιλες
2398 1110 2781 1178 ἀναπηδῶντες
2828 1110 3127 1178 φαντασίαν
3173 1110 3581 1179 ἀπεργάζονται
3620 1112 3815 1184 ὥσπερ

2234 1198 2381 1264 ξένου
2407 1201 2678 1269 θεάματος
2706 1202 2987 1270 γινομένου
3010 1216 3023 1231 ⁸
3065 1201 3348 1271 αἱματώδη
3380 1202 3437 1254 δὲ
3464 1204 3639 1270 φλόγα
3667 1208 3817 1257 ποιεῖ

2230 1292 2290 1343 τὸ
2332 1292 2550 1344 Ἰνδικὸν
2611 1292 2777 1362 μέλαν
2829 1291 3041 1345 ἐντεθέν
3092 1292 3170 1361 τῷ
3220 1292 3501 1361 λιϐανωτῷ
3526 1294 3572 1324 ⁸⁸
3626 1295 3815 1359 καθὼς

2231 1382 2585 1453 προείπαμεν.
2648 1382 2940 1452 Αίματώδη
2998 1383 3054 1436 δὲ
3111 1384 3377 1453 ὑγρασίαν
3436 1388 3582 1436 ποιεῖ
3640 1387 3815 1456 κηρὸν

2230 1472 2471 1544 ἀγχούσῃ
2499 1475 2777 1542 ἀναμίξας.
2810 1476 2923 1536 καὶ,
2953 1475 3026 1537 ὡς
3054 1474 3210 1543 ἔφην,
3261 1475 3338 1544 τῷ
3391 1474 3674 1546 λιϐανωτῷ
3717 1478 3814 1530 τὸν

2228 1564 2394 1633 κηρὸν
2419 1564 2781 1634 ⁸¹ιένθέμενος·
2809 1565 3082 1636 ἄνθρακας
3106 1566 3162 1618 δὲ
3188 1566 3447 1619 κινεῖσθαι
3479 1564 3805 1640 [ρ.ϋὸ-67]

2228 1661 2374 1710 ποιεῖ
2406 1657 2628 1727 σχιστὴν
2669 1657 2888 1721 ὑποθεὶς
2919 1660 3254 1728 στυπτηρίαν
3276 1699 3289 1719 ,
3319 1653 3385 1729 ἧς
3414 1657 3678 1728 λυομένης
3711 1662 3811 1711 καὶ

2225 1747 2378 1818 δίκην
2409 1748 2769 1819 πομφολύγων
2795 1749 3093 1816 διοιδούσης
3122 1750 3394 1804 κινοῦνται
3422 1751 3467 1803 οἱ
3499 1750 3796 1821 ἄνθρακες.

2298 1929 2403 1983 xl)’.
2457 1932 2551 1984 Ὠἀ
2586 1932 2642 1984 δὲ
2671 1932 2898 2001 διάφορα
2950 1930 3348 1985 ἐπιδείκνυνται
3372 1933 3417 1965 ⁸³
3470 1932 3564 1985 τὸν
3601 1934 3804 2003 τρόπον

2227 2018 2376 2072 τόνδε
2398 2037 2411 2050 ’
2439 2022 2679 2093 κορυφὴν
2710 2025 2991 2092 τρυπήσας
3017 2022 3076 2086 ἐξ
3102 2024 3377 2095 ἑκατέρων
3393 2024 3439 2055 ⁸³
3469 2025 3566 2078 καὶ
3589 2025 3648 2077 τὸ
3679 2025 3801 2077 λευ-

2202 2110 2322 2163 ·κὸν
2356 2111 2715 2179 ὑπεξαγαγὼν
2750 2110 2903 2176 αὖθις
2950 2112 3126 2182 βάψας
3170 2113 3374 2182 ἔμϐαλε
3411 2116 3471 2166 τὸ
3508 2117 3607 2183 μὲν
3640 2119 3743 2185 τῆς
3760 2116 3801 2147 ⁸⁸

2228 2203 2548 2269 σινώττιδος,
2593 2206 2653 2258 τὸ
2692 2206 2747 2258 δὲ
2794 2205 2889 2258 τοῦ
2935 2206 3203 2276 γραφικοῦ
3221 2208 3267 2239 ⁸⁵
3318 2207 3569 2276 μέλανος.
3637 2208 3797 2261 Ἀπό-

2226 2309 2437 2362 φρασσε
2483 2294 2538 2347 δὲ
2570 2295 2666 2357 τὰς
2695 2295 2993 2364 τρυμαλιὰς
3027 2295 3252 2365 ξέσματι
3294 2296 3399 2349 τῶν
3437 2296 3562 2349 ὠῶν
3607 2296 3738 2366 λείῳ
3757 2298 3799 2328 ⁸⁸

2228 2387 2343 2455 μετ’
2370 2385 2501 2438 ὀποῦ
2532 2389 2699 2455 συκῆς
2730 2387 3034 2456 ἐμπλάσας.

2306 2474 2371 2529 λ’.
2413 2478 2536 2539 Τοῖς
2573 2480 2630 2531 δὲ
2658 2480 2859 2547 ἀμνοὺς
2887 2478 2931 2510 ⁸⁷
2983 2479 3383 2550 ἀποτέμνεσθαι
3415 2481 3514 2543 τὰς
3561 2482 3800 2549 κεφαλάς

2228 2569 2434 2622 ἑαυτῶν
2464 2569 2708 2624 ποιοῦσιν
2735 2564 2885 2633 οὗτος
2916 2573 2943 2623 ὁ
2967 2573 3183 2643 τρόπος.
3225 2572 3485 2643 Κρῦϐδην
3518 2575 3798 2644 καυστικῷ

2226 2663 2500 2733 φαρμάκῳ
2528 2664 2722 2733 χρίσας
2754 2664 2845 2716 τὸν
2874 2664 3129 2733 φάρυγγα
3167 2666 3229 2734 ἑᾷ
3260 2664 3526 2735 παραθεὶς
3550 2666 3592 2697 ⁸⁸
3628 2666 3691 2718 τδ
3717 2664 3797 2731 ξί-

2224 2770 2321 2821 φος
2343 2770 2356 2781 ’
2388 2756 2415 2805 ό
2443 2755 2499 2806 δέ
2524 2754 2568 2785 ⁸⁸⁹
2607 2756 2900 2825 κνήθεσθαι
2924 2757 2969 2787 ⁹⁰
3019 2756 3187 2809 θέλων
3233 2758 3563 2825 προσπεσὼν
3590 2762 3657 2829 τῇ
3697 2777 3799 2829 μα-

2223 2847 2390 2918 χαίρᾳ
2424 2847 2620 2899 θλίϐων
2654 2848 2916 2914 σφάζεται
2945 2850 3037 2900 καὶ
3065 2848 3262 2918 μικροῦ
3292 2849 3400 2901 δεῖν
3428 2851 3728 2919 ἀποτέμνει
3751 2852 3795 2882 ’⁸

2220 2938 2317 3007 τὴν
2352 2939 2612 3009 κεφαλήν.
2659 2939 2813 2990 Ἔστι
2863 2938 2918 2991 δέ
2962 2940 3021 2990 τὸ
3069 2940 3357 3008 φάρμακον
3410 2939 3651 3008 βρυωνία
3702 2942 3796 2993 καὶ

2221 3029 2431 3098 ἀδάρκη
2455 3030 2547 3081 καὶ
2573 3029 2759 3081 σκίλλα
2788 3030 2906 3081 κατ’
2936 3031 3047 3082 ἴσον
3078 3047 3143 3099 με
3153 3033 3406 3100 μιγμένα.
3436 3032 3551 3082 Ἵνα
3575 3031 3632 3083 δὲ
3656 3031 3800 3103 λάθῃ

2177 3170 2188 3188 ,
2222 3124 2402 3190 φέρων
2449 3120 2509 3173 τὸ
2543 3123 2863 3190 φάρμακον,
2901 3122 3051 3191 φέρει
3098 3121 3286 3185 πυξίδα
3326 3120 3518 3188 διπλῆν
3567 3124 3801 3191 κερατί-

2225 3228 2338 3280 νην,
2370 3206 2433 3281 ἧς
2463 3211 2521 3263 τὸ
2544 3212 2588 3242 ⁹¹
2627 3214 2856 3282 φανερὸν
2885 3213 3045 3283 μέρος
3081 3212 3195 3282 ἔχει
3230 3212 3510 3264 λιϐανωτὸν
3538 3212 3609 3277 ³³,
3639 3213 3706 3265 τὸ
3737 3214 3804 3267 δὲ

2221 3300 2423 3370 ἀφανὲς
2466 3302 2754 3371 φάρμακον
2779 3320 2791 3333 ο
2837 3304 2971 3356 ἀλλά
3009 3306 3100 3357 καὶ
3142 3307 3253 3367 τοῖς
3285 3306 3294 3372 |
3324 3304 3425 3357 dist
3459 3302 3556 3356 τοῦ
3593 3304 3803 3374 τεθνη-

2222 3392 2449 3462 ξομένου
2492 3394 2746 3462 ἐμϐάλλει
2778 3394 3113 3465 ὑδράργυρον
3140 3396 3218 3425 ’δ’
3251 3394 3366 3446 ἔστι
3395 3392 3453 3445 δὲ
3490 3392 3803 3465 θανατηφό-

2228 3502 2317 3553 ρον
2354 3486 2640 3555 φάρμακον

2290 3575 2389 3629 λα’.
2433 3576 2612 3643 Αἰγῶν
2651 3576 2707 3629 δὲ
2754 3575 2854 3629 κᾶν
2903 3575 3177 3646 ἐπιπλάσῃ
3198 3578 3242 3608 ⁸⁵
3288 3594 3371 3639 τις
3421 3580 3644 3647 κηρωτῇ
3702 3577 3797 3641 τὰς

2220 3667 2417 3730 ἀκοάς,
2454 3669 2586 3736 φασὶ
2624 3668 2874 3738 Θνήσκειν
2920 3669 3036 3738 μετ’
3069 3668 3243 3737 ὀλίγον
3283 3668 3543 3721 ἀναπνεῖν
3593 3669 3800 3722 κωλυο-

2223 3758 2421 3827 μένας·
2459 3759 2576 3811 ὁδὸν
2605 3759 2711 3829 γὰρ
2738 3760 2924 3823 αὑταῖς
2952 3758 3153 3828 ταύτην
3183 3756 3321 3812 εἶναι
3352 3760 3569 3827 λέγουσι
3602 3761 3703 3814 τοῦ
3736 3762 3797 3813 δι’

2223 3850 2499 3919 ἀναπνοῆς
2535 3850 2821 3920 ἑλκομένου
2863 3850 3190 3920 πνεύματος.
3237 3850 3403 3920 Κριὸν
3442 3852 3498 3903 δὲ
3540 3850 3797 3921 θνήσκειν

2220 3938 2412 4004 φασὶν,
2464 3938 2511 3989 εί
2556 3940 2677 3990 κατ’
2720 3938 2977 4007 ἄντικρύς
3026 3956 3110 4002 τις
3155 3940 3511 3993 ἀνακλάσειεν
3553 3940 3793 4010 ﬁlim)".

2219 4024 2377 4081 Οίκον
2400 4028 2454 4081 δὲ
2484 4028 2691 4082 ποιοῦσι
2721 4029 2967 4082 καίεσθαι
2993 4031 3098 4083 τῶν
3128 4029 3427 4084 θαλαττίων
3455 4033 3599 4093 τινὸς
3635 4033 3794 4101 ἰχῶρι

2216 4121 2503 4191 χριόμενον
2520 4122 2562 4153 ’⁷
2608 4120 2701 4173 τοῦ
2741 4121 3073 4191 καλουμένου
3108 4123 3394 4176 δακτύλου.
3446 4123 3559 4176 Καὶ⁸
3612 4125 3675 4177 τὸ
3712 4124 3792 4176 διὰ

2215 4217 2312 4284 τῆς
2343 4212 2519 4283 ἅλμης
2555 4212 2609 4264 δὲ
2658 4214 2789 4266 πάνυ
2818 4215 3106 4283 χρήσιμον.
3139 4215 3294 4266 Ἐστι
3315 4214 3370 4266 δὲ
3397 4214 3794 4284 ἀφρὸςθαλάς-

2218 4322 2316 4375 σης
2346 4306 2402 4357 ἐν
2436 4304 2736 4373 ὀστρακίνῳ
2754 4305 2972 4374 στάμνῳ
2993 4305 3127 4375 μετά
3142 4305 3386 4373 γλυκέων
3421 4306 3708 4375 ἡψημένος
3724 4307 3788 4367 ".

2213 4392 2256 4464 ᾧ
2286 4398 2502 4461 ζέσαντι
2536 4394 2725 4465 λύχνον
2757 4395 2851 4448 ἐάν
2880 4398 3162 4468 προσάγῃς
3189 4397 3497 4464 καιόμενον,
3533 4398 3792 4466 ἁρπάσαν

549 4488 698 4543 vehis
720 4488 1022 4551 incensum,
1055 4494 1271 4553 arrepto
1308 4484 1414 4553 igni
1453 4482 1760 4536 incenditur
1784 4494 1838 4537 et
1871 4483 2106 4537 infusum

2223 4490 2273 4541 τὸ
2321 4487 2432 4559 πῦρ
2463 4488 2789 4552 ἐξάπτεται,
2825 4489 2918 4539 καὶ
2964 4489 3260 4558 καταχυθὲν
3297 4487 3394 4555 τῆς
3438 4487 3688 4556 κεφαλῆς
3730 4488 3787 4540 οι)

546 4580 709 4651 capiti
738 4593 959 4647 prorsus
986 4592 1089 4631 non
1119 4576 1405 4631 comburit.
1437 4573 1530 4628 Sin
1562 4589 1692 4629 vero
1718 4574 1880 4628 etiam
1910 4617 1923 4631 .
1956 4616 1970 4630 .
2006 4614 2019 4628 .
2054 4614 2067 4628 .
2092 4614 2105 4627 .

544 4673 829 4742 insperges
858 4669 1112 4735 ferventi,
1135 4670 1304 4723 multo
1329 4670 1501 4735 magis
1532 4670 1857 4723 incenditur.
1890 4670 2110 4723 Rectius

543 4774 723 4818 autem
756 4763 895 4826 erit.
938 4763 985 4819 si
1015 4762 1135 4832 quis
1164 4762 1327 4815 etiam
1359 4761 1580 4813 sulfuris
1607 4760 1808 4828 aliquid
1846 4769 2105 4815 assumet.

612 4856 702 4909 δί.
745 4854 969 4908 Tonitru
1005 4854 1063 4907 lit
1104 4854 1347 4923 pluribus
1399 4853 1591 4906 modis.
1643 4852 1776 4907 Nam
1816 4863 1870 4906 et
1901 4852 2107 4922 lapides

541 4946 847 5015 complures
890 4958 944 5002 et
998 4946 1233 5015 majores
1286 4944 1590 5015 praecipites
1638 4944 1839 5012 dejecti
1891 4959 1985 5012 per
2026 4953 2105 4996 ta-

542 5036 693 5091 bulas
731 5034 935 5105 ligneas
976 5036 1218 5090 incidunt
1259 5032 1395 5088 infra
1457 5033 1509 5085 in
1552 5047 1727 5085 aeneas
1777 5031 2005 5085 laminas
2050 5038 2105 5083 et

2213 4578 2355 4631 καίει
2403 4578 2462 4631 τὸ
2510 4576 2747 4631 σύνολον.
2804 4578 2865 4629 Εἰ
2915 4576 2972 4628 δὲ
3021 4578 3115 4631 καὶ
3166 4579 3338 4646 μαννῇ
3367 4578 3411 4608 ⁹⁹
3462 4576 3787 4634 ἐπιπάσσεις

2212 4669 2384 4733 ζέοντι
2406 4672 2443 4733 ¹,
2479 4669 2656 4739 πολλῷ
2693 4667 2889 4739 μᾶλλον
2919 4668 3229 4732 ἐξάπτεται.
3270 4668 3558 4720 Βέλτιονδέ
3582 4668 3705 4739 δρᾷ,
3740 4668 3785 4718 si

2211 4764 2302 4812 καὶ
2334 4758 2474 4813 θείου
2514 4777 2567 4812 τι
2598 4760 2946 4830 προσλάϐοι².

2280 4852 2379 4921 λβ’.
2422 4852 2624 4923 Βροντὴ
2656 4853 2862 4919 γίνεται
2892 4850 3112 4922 τρόποις
3144 4849 3354 4903 πλείοσι
3376 4865 3387 4877 ⁸
3417 4848 3555 4901 λίθοι
3586 4867 3649 4902 τε
3676 4848 3779 4917 γὰρ

2211 4942 2452 5005 πλείονες
2486 4943 2577 4993 καὶ
2610 4943 2854 5009 μείζονες
2886 4942 3027 4995 κατά
3072 4940 3333 5013 κρημνῶν
3365 4940 3660 5010 φερόμενοι
3695 4939 3778 4993 διὰ

2213 5032 2436 5083 σανίδων
2493 5032 2990 5084 ἐπικαταπίπτουσι
3055 5032 3273 5102 χαλκοῖς
3323 5030 3638 5099 ὲλάσμασι³
3689 5027 3776 5081 καὶ

1782 5185 1865 5238 VA
1879 5183 2014 5237 ῐὶιᾸΞ
2054 5184 2464 5241 LECTIONES.

603 5306 649 5337 τε
685 5304 876 5357 Βὼλων
904 5288 993 5356 c.'
1036 5303 1080 5332 η
1110 5301 1322 5355 λιϐάνου
1366 5300 1552 5369 βῶλον.
1580 5298 1915 5352 λιϐανωτόνῖ)
1942 5297 2009 5369 at.

2088 5298 2131 5329 ⁸⁸
2163 5298 2362 5371 λιϐάνῳ
2395 5300 2472 5371 τῷ
2496 5302 2556 5355 C.

533 5393 624 5437 τες
753 5377 832 5457 ﬂ”
859 5374 916 5457 ἐξ
940 5374 1236 5457 ἐκατέραὲξ
1318 5367 1377 5457 ’ξε
1397 5372 1514 5457 τῆξ.
1535 5369 1639 5457 ’τοῦ
1664 5371 1738 5455 (3.⁹
1756 5367 1966 5457 Μεδιςτοῦ
1985 5369 2305 5457 αγραφΙικοξ,
2335 5367 2738 5441 τῆςγραφικῆς
2770 5373 2827 5426 C.

2635 5303 2675 5334 ⁸⁸
2710 5306 2797 5401 re?
2834 5303 3019 5401 κηρᾳόν.
3050 5301 3203 5373 κηρῷ
3232 5302 3292 5356 C.
3355 5304 3416 5401 Ιξί
3446 5301 3774 5401 ἐξιδξικνῦέζ

2640 5374 2738 5401 υζρ
2788 5373 2806 5387 ‘
2982 5373 3106 5401 ‘..-.'.,.
3168 5372 3324 5401 Ἱριιῗ...
3517 5375 3534 5401 7
3616 5374 3689 5401 ι’...

2931 5373 2949 5400 ⁸
2982 5370 3135 5439 λείῳ.
3168 5372 3324 5425 λειών
3355 5373 3416 5426 C.
3492 5374 3534 5405 ⁸⁷
3569 5374 3689 5425 Τῶν
3719 5370 3771 5423 δὲ

536 5447 719 5513 dp»th
748 5445 806 5498 (ἶ.
883 5442 927 5473 ⁸*
955 5438 1281 5513 παραδοθεὶς,
1453 5438 1497 5513 δέ
1525 5439 1654 5513 epse.
1688 5438 1805 5491 οὐδὲ
1848 5440 1908 5513 C.
1985 5439 2337 5513 '°__7.vi03sQat
2542 5438 2868 5510 ἀποτέμνειν
2897 5441 2959 5506 C,
2994 5456 3063 5495 an
3084 5438 3457 5511 ἀποτέμνεται
3488 5444 3573 5495 ἳ⁹¹
3605 5439 3673 5513 ἧς
3693 5443 3767 5492 τό.

558 5510 635 5577 είς
661 5516 719 5567 τὸ
743 5515 803 5568 C.
914 5515 960 5545 ”
987 5510 1284 5566 λιϐανωτοῦ
1304 5510 1364 5564 C.
1463 5511 1506 5543 "
1532 5510 1831 5580 ὑδάργυρον
1866 5511 1925 5560 (1.

529 5602 699 5654 marg.
778 5584 820 5615 ”
847 5583 1121 5653 ἡψημένος
1148 5583 1210 5637 C.

2031 5509 2435 5582 "ctrina'ta'qll,
2470 5510 2539 5567 Μ.
2575 5514 2620 5544 ⁸⁸
2645 5509 2797 5582 ἦλῑον
2835 5514 3127 5579 Ιὶοειιετυε-
3227 5514 3270 5543 ﬂ

1300 5582 1345 5612 ¹⁹
1370 5583 1495 5649 quid
1542 5578 1710 5650 μαννῇ
1742 5578 1861 5651 ίείιιὶ
1907 5578 2031 5631 velit
2086 5580 2294 5643 ignoro.
2328 5578 2589 5634 Fortasse
2624 5578 2903 5635 resinacea
2942 5578 3186 5651 quredam
3228 5578 3530 5637 suliétauiia
3574 5582 3769 5635 intelli-

3306 5516 3456 5584 χρειό
3464 5531 3625 5582 μενον
3652 5513 3767 5584 (lin

528 5650 709 5725 gitur,
744 5650 1101 5725 ctnn'rnutnna
1137 5652 1273 5725 apud
1304 5651 1534 5704 Plinium
1556 5650 1876 5725 _p_r_«_iprium__
1898 5651 2211 5725 vocabuluut
2246 5650 2317 5725 sit
2351 5666 2456 5725 quo
2500 5653 2841 5718 appellantur
2878 5650 3040 5719 grana
3077 5654 3245 5706 tlturis
3286 5664 3338 5709 et
3369 5656 3592 5707 aliarum
3638 5651 3768 5704 τεεί·

528 5721 713 5780 narum
744 5724 789 5777 Μ
890 5724 902 5754 ¹
944 5722 1112 5785 ξέοντι
1146 5721 1204 5775 C.

1284 5725 1303 5754 ³
1334 5738 1384 5773 τι
1414 5719 1705 5789 προσλάϐοι
1732 5722 1793 5773 A.
1832 5718 2143 5783 Meinekius,
2182 5720 2323 5782 τινὸς
2356 5720 2509 5773 λάϐοι
2542 5722 2602 5789 C,
2630 5724 2698 5780 Μ,
2733 5724 2751 5752 ⁸
2782 5718 3053 5792 θλάσμασι
3077 5722 3141 5776 C.
