4044 6184
277 306 422 372 3ίο3

1401 318 1696 378 CONTRA
1735 319 2100 380 HJERESES
2140 323 2282 380 LIB.
2326 323 2442 382 IV.’

3377 321 3518 385 3104

279 423 346 475 ἐκ
375 421 474 491 τῆς
506 424 709 494 χύτρας
739 427 816 486 είς
843 426 931 476 τὸν
961 426 1154 496 ὄροφον
1200 430 1291 481 καλ⁵
1331 431 1615 501 παρέχει⁹⁵
1650 449 1848 500 φαντα-

1954 434 2146 487 similis
2173 436 2222 487 in
2273 434 2510 487 lacunari
2551 441 2800 500 appareat
2836 430 3060 495 species.

280 512 403 565 σίαν
435 513 666 582 σελήνης
686 518 793 578 τοῖς
815 517 860 547 ⁸⁸
895 518 1184 587 παροῦσιν,
1219 521 1716 586 ἐπισκεπασθέντος
1747 523 1841 576 τοῦ
1884 524 2151 593 στόματος
2178 526 2277 594 τῆς
2296 515 2495 594 χύτρας
2530 521 2665 592 πρὸς
2694 522 2722 575 ὃ
2771 523 3019 575 ἀπαιτεῖν
3049 520 3075 571 ό
3137 514 3324 590 καιρὸς
3355 520 3520 582 δοκεῖ,

278 602 360 668 ὡς
409 606 664 675 μηνοειδῆ
731 607 1035 662 δείκνυσθαι
1071 613 1128 663 ἐν
1165 612 1242 681 τῷ
1272 613 1454 684 ὀρόφῳ
1505 615 1604 683 τὴν
1651 616 1974 682 φαντασίαν.

353 693 433 766 [p.
465 694 695 767 75—76]
717 697 820 767 λη’.
855 699 1116 770 Ἀστέρας
1140 703 1196 754 δὲ
1243 698 1380 756 εἶναι
1417 705 1592 756 δοκεῖν
1639 704 1850 757 ποιοῦσι

275 783 566 855 θρισσῶνῆ
598 786 862 858 ἱππούρου
877 790 919 820 ⁷⁷
945 791 1151 859 φολίδες
1177 792 1329 847 ὕδατι
1354 795 1488 863 μετὰ
1515 797 1773 864 κόμμεως
1796 795 1841 827 ⁸⁸

269 876 595 945 δεδευμέναι
639 879 730 931 καὶ
777 883 1300 953 προσπεπλασμέναι
1353 885 1428 956 τῷ
1475 888 1657 958 ὀρόφῳ
1699 887 1838 940 κατὰ

266 969 664 1039 διαλείμματα.

349 1061 449 1114 λθ’.
498 1064 730 1131 Σεισμοῦ
776 1065 831 1118 δέ
883 1068 1182 1136 φαντασίαν
1231 1069 1506 1136 ποιοῦσιν,
1553 1071 1627 1133 ὡς
1669 1070 1847 1124 δοκεῖν

272 1151 456 1204 πάντα
487 1155 773 1220 κινεῖσθαι,
807 1157 1008 1227 κόπρον
1042 1162 1352 1230 ίχνεύμονος
1383 1161 1499 1232 ἆμα
1543 1164 1608 1232 τῇ
1658 1161 1843 1231 σιδηρ-

272 1243 573 1315 αγωγούσῃ
621 1247 751 1316 λίθῳ
778 1249 862 1300 ἐπ’
897 1249 1184 1322 ἀνθράκων
1221 1251 1569 1322 πυρουμένην
1593 1253 1658 1305 ”.
1689 1292 1701 1304 .
1737 1293 1748 1304 .
1773 1292 1786 1305 .
1829 1291 1846 1306 .

350 1461 424 1524 μ’.
459 1447 654 1527 ΤΗπαρ
691 1458 746 1511 δέ
768 1459 958 1514 δοκοῦν
980 1461 995 1492 ¹
1013 1462 1464 1534 ἐγγεγραμμένον
1483 1463 1791 1517 δεικνύουσι
1825 1481 1838 1494 ·

269 1547 340 1615 τῇ
385 1546 485 1613 μὲν
531 1547 796 1620 ἀριστερᾷ
842 1551 984 1621 χειρὶ
1021 1553 1314 1622 ἐπιγράφει
1365 1553 1392 1605 ὃ
1431 1553 1678 1622 βούλεται
1709 1553 1844 1624 πρὸς

271 1635 374 1702 τὴν
414 1635 646 1689 πύστιν²
683 1639 1082 1710 ἁρμοσάμενος,
1131 1643 1199 1694 τὰ
1233 1643 1287 1694 δέ
1327 1643 1630 1713 γράμματα
1684 1645 1844 1713 κηκῖ-

272 1723 320 1775 δι
343 1725 363 1754 ³
395 1725 490 1777 καὶ
517 1725 626 1790 ὄξει
663 1727 882 1798 δριμεῖδ
912 1731 1207 1800 γράφεται.
1250 1731 1478 1784 Ἔπειτα
1527 1731 1850 1800 ἀνελόμενος

272 1819 334 1864 τὸ
368 1809 520 1886 ἧπαρ
573 1818 967 1882 ὲπαναπαύσας
1010 1821 1075 1892 τῇ
1122 1822 1387 1892 ἀριστερᾷ
1433 1821 1755 1890 ἐγχρονίζει,
1789 1821 1851 1875 τδ

273 1905 328 1958 δέ
372 1908 484 1978 σπᾷ
507 1907 597 1960 τὸν
629 1908 798 1960 τύπον
829 1910 922 1963 καὶ
960 1910 1035 1972 ὡς
1067 1911 1374 1984 γεγράφθαι
1406 1911 1706 1982 νομίζεται.

348 2118 465 2182 μα’.
495 2113 733 2183 Κρανίον
756 2114 812 2168 δέ
842 2115 1056 2168 λαλεῖν³
1085 2115 1178 2168 ἐπὶ
1202 2116 1306 2186 γῆς
1336 2116 1518 2179 θέντες
1547 2115 1849 2170 ἐπιτελοῦσι

273 2203 451 2272 τούτῳ
479 2204 556 2274 τῷ
600 2207 826 2276 τρόπῳ⁶
849 2226 861 2242 ·
900 2208 1040 2260 Αὐτὸ
1086 2209 1182 2278 μὲν
1216 2209 1504 2277 πεποίηται
1552 2208 1807 2262 ἐπιπλόου
1828 2209 1848 2240 ⁷

278 2295 479 2364 βοείου,
509 2298 885 2369 πεπλασμένον
1030 2301 1050 2331 ⁸
1067 2300 1218 2370 κηρῷ
1237 2301 1560 2372 Τυρρηνικῷ
1582 2302 1674 2354 καὶ
1695 2300 1851 2372 γύψῳ

275 2388 736 2462 ἀναπεποιημένῃ
790 2393 1164 2462 περιτεθέντος
1219 2393 1313 2446 τοῦ
1370 2395 1566 2464 ὑμένος
1613 2396 1850 2463 ἔμφασιν

274 2479 502 2548 κρανίου
537 2481 884 2548 ἐνδείκνυται,
912 2483 939 2534 ὅ
970 2485 1102 2535 πᾶσι
1133 2484 1152 2512 ⁹
1181 2484 1359 2536 λαλεῖν
1400 2485 1546 2536 δοκεῖ
1568 2482 1849 2552 ἐνεργούν-

274 2586 369 2633 to;
399 2569 492 2622 τοῦ
530 2573 792 2641 ὀργάνου,
834 2573 955 2626 καθ’
995 2575 1054 2626 ὃν
1095 2575 1291 2645 τρόπον
1322 2577 1414 2626 καὶ
1446 2575 1536 2626 ἐπὶ
1564 2577 1674 2635 τοῖς
1696 2574 1852 2626 παισὶ

273 2660 688 2730 διηγησάμεθα·
721 2665 952 2732 γεράνου
982 2665 1014 2734 ἦ
1057 2681 1202 2726 τινος
1240 2664 1481 2716 τοιούτου
1527 2680 1841 2734 μακροτρα-

274 2753 444 2821 χήλου
474 2752 610 2817 ζώου
629 2753 884 2824 φάρυγγα
914 2754 1206 2814 σκευάσας.
1231 2754 1485 2823 προσθεὶς
1521 2755 1598 2822 τῷ
1638 2752 1846 2822 κρανίῳ

273 2843 579 2914 λεληθότως
616 2849 644 2898 ό
715 2847 1064 2916 συμπαίνκτης
1106 2847 1141 2899 ἃ
1199 2845 1340 2898 θέλει
1393 2845 1712 2912 φθέγγεται.
1785 2843 1849 2894 Ὅ

273 2937 416 2990 ἐπὰν
444 2938 487 2968 ¹⁰
517 2939 719 3004 ἀφανὲς
761 2938 1014 3006 γενέσθαι
1068 2937 1196 3008 θέλῃ
1219 2939 1292 3001 ¹¹,
1326 2937 1612 3007 ἀνθράκων
1648 2934 1850 3003 πλῆθος

2030 705 2369 777 106107
2412 704 2498 759 58.
2555 703 2749 757 Stellae
2793 711 2971 755 autem
3021 712 3282 768 apparere
3317 694 3525 750 faciunt

1957 798 2279 851 thrissaruin
2337 796 2416 849 vel
2455 795 2670 864 hippuri
2706 808 2942 862 squama:
2973 807 3108 860 aqua
3155 805 3276 844 cum
3319 786 3521 858 gummi

1953 889 2134 958 rigata:
2161 897 2217 941 et
2263 886 2432 941 afﬁxa:
2468 887 2736 940 lacuneari
2779 900 2874 954 per
2901 882 3201 938 intervalla.

2022 1072 2112 1126 59.
2170 1072 2351 1126 Terra:
2406 1083 2581 1126 nmtus
2627 1082 2806 1125 autem
2853 1068 3084 1140 speciem
3135 1065 3394 1127 alliciunt,
3457 1071 3516 1117 ut

1953 1163 2240 1218 videantur
2292 1165 2471 1218 omnia
2530 1163 2773 1224 moveri.
2861 1171 3070 1216 stercus
3145 1155 3522 1212 ichneumonis

1952 1272 2073 1310 cum
2127 1255 2304 1324 lapide
2362 1255 2563 1309 ferrum
2615 1255 2924 1308 attrahente
2975 1252 3026 1306 in
3093 1248 3279 1319 prunis
3329 1249 3518 1301 incen-

1946 1359 2183 1398 sum.....

2022 1455 2112 1509 40.
2148 1454 2309 1510 Jecur
2339 1466 2515 1510 autem
2564 1457 2705 1525 quod
2739 1455 2986 1510 videatur
3030 1451 3349 1520 inscriptum
3401 1464 3522 1504 esse

1951 1544 2262 1597 ostendunt.
2323 1545 2570 1598 Sinistra:
2619 1543 2797 1598 manui
2851 1541 3097 1596 inscribit
3162 1540 3302 1607 quod
3369 1536 3520 1602 libet,

1952 1646 2190 1706 aptatum
2236 1637 2301 1690 ad
2342 1637 2393 1690 id
2436 1637 2577 1705 quod
2627 1638 2914 1706 quaesitum
2961 1645 3064 1699 est,
3108 1634 3297 1686 litterae
3341 1640 3520 1684 autem

1953 1728 2091 1796 galla
2122 1738 2174 1783 et
2201 1737 2354 1782 aceto
2382 1729 2492 1782 acri
2526 1729 2858 1782 scribuntur.
2895 1726 3098 1779 Deinde
3139 1725 3408 1778 sublatum
3437 1723 3521 1792 je-

1952 1838 2050 1877 cur
2103 1837 2199 1891 per
2251 1821 2466 1892 aliquod
2529 1830 2740 1888 tempus
2801 1820 2995 1872 retinet
3044 1818 3262 1872 sinistra
3333 1831 3518 1881 manu,

1950 1913 2080 1967 illud
2139 1921 2314 1966 autem
2376 1911 2540 1965 trahit
2597 1919 2782 1980 typum
2851 1918 2906 1961 ct
2964 1909 3119 1976 quasi
3201 1905 3518 1975 inscriptum

1949 2006 2180 2062 videtur.

2018 2118 2109 2172 4H.
2147 2117 2402 2172 Cranium
2423 2126 2604 2170 autem
2632 2115 2777 2185 loqui
2806 2114 3040 2183 positum
3061 2115 3113 2166 in
3147 2120 3288 2165 terra
3319 2109 3518 2164 faciunt

1951 2207 2004 2261 in
2056 2208 2201 2261 hunc
2250 2209 2466 2261 modum
2502 2205 2720 2275 :lpsum
2785 2205 3001 2275 quidem
3076 2203 3273 2257 factum
3325 2208 3406 2255 est
3451 2213 3516 2253 ex

1950 2307 2172 2355 οειιθιιιο
2226 2298 2459 2364 hovino,
2513 2298 2802 2366 figuratum
2847 2305 3024 2350 autem
3075 2309 3202 2349 cera
3251 2291 3425 2346 Tusca
3463 2297 3519 2345 et

1951 2408 2120 2463 gypso
2186 2402 2480 2461 apparata,
2549 2391 2941 2447 circumvoluto
3004 2389 3238 2459 tegmine
3286 2385 3516 2456 speciem

1950 2484 2118 2538 cranii
2146 2499 2255 2552 pra:
2281 2498 2340 2538 se
2365 2483 2490 2549 fert,
2522 2484 2664 2553 quod
2698 2483 2950 2537 omnibus
2981 2480 3126 2550 loqui
3155 2479 3366 2532 videtur
3385 2472 3518 2544 ope-

1951 2579 2107 2623 rante
2138 2571 2519 2634 instrumento,
2547 2570 3002 2639 quemadmodum
3034 2569 3197 2623 etiam
3239 2567 3304 2620 de
3339 2564 3519 2634 pueris

1949 2675 2109 2728 supra
2152 2663 2524 2730 exposuimus.
2571 2661 2738 2716 Grais
2765 2661 2849 2716 vel
2883 2661 3115 2729 alicujus
3149 2659 3270 2714 talis
3295 2671 3518 2726 procero

1947 2752 2087 2805 collo
2139 2754 2418 2808 instructae
2451 2754 2570 2808 avis
2597 2762 2815 2823 gutture
2843 2761 3101 2823 apparata
3143 2763 3314 2820 eoque
3348 2763 3517 2818 appo-

1948 2843 2050 2897 sito
2082 2844 2147 2897 ad
2179 2845 2422 2898 cranium
2451 2844 2683 2899 latenter
2709 2844 2946 2898 collusor
2975 2858 3094 2913 qua:
3118 2841 3229 2894 vult
3257 2839 3516 2909 loquitur.

1949 2933 2102 3000 Quod
2154 2936 2241 2989 ubi
2277 2951 2607 2992 evanescere
2646 2935 2779 3000 vult,
2830 2949 3125 3006 prunarum
3174 2947 3366 2987 acervo
3409 2931 3518 2984 cir-

272 3027 463 3098 κύκλῳ
512 3027 757 3097 περιθεὶς
814 3027 888 3091 ὡς
954 3027 1162 3098 θυμιῶν
1224 3027 1568 3097 ἐμφαίνεται,
1619 3017 1692 3077 ὧν
1748 3023 1848 3092 τῆς

1952 3028 2250 3096 etnnposito
2301 3038 2556 3098 tanquam
2610 3028 2931 3083 thuriiicans
2989 3034 3234 3095 apparet,
3285 3037 3516 3092 quarum

274 3116 490 3187 θέρμης
547 3120 574 3170 ὀ
632 3119 797 3187 κηρὸς
851 3118 1384 3189 ἀντιλαμϐανόμενος
1477 3117 1684 3182 λύεται,
1751 3114 1846 3166 καὶ

271 3207 448 3271 οὕτως
481 3209 687 3277 ἀφανὲς
715 3209 774 3261 τὸ
799 3209 1020 3279 κρανίον
1054 3209 1335 3277 γεγονέναι
1367 3209 1666 3280 νομίζεται.

354 3298 463 3368 μβν.
502 3299 686 3350 Ταῦτα
719 3300 906 3367 μάγων
958 3300 1093 3370 ἔργα
1125 3301 1220 3352 καὶ
1260 3299 1436 3352 τοιάδε
1480 3301 1668 3370 μυρία,
1715 3301 1750 3355 ἃ
1783 3303 1846 3372 τῇ

270 3385 383 3437 τῶν
422 3385 570 3438 ἐπῶν
601 3389 912 3459 συμμετρίᾳ
933 3390 1026 3441 καὶ
1069 3389 1177 3442 τῶν
1213 3389 1539 3454 ἀξιοπίστως
1568 3393 1609 3422 ¹¹
1639 3391 1850 3462 δρωμέ-

273 3496 383 3530 νων
407 3478 582 3549 ἔργων
619 3481 890 3550 φαντασία
961 3481 1138 3535 πείθει
1184 3484 1308 3546 τοὺς
1343 3483 1584 3552 ἄφρονας
1605 3501 1619 3514 ο
1645 3481 1720 3537 ὧν
1753 3484 1850 3554 τὴν

273 3571 472 3638 τέχνην
524 3572 967 3640 καταπλαγέντες
1013 3574 1060 3625 οί
1096 3574 1448 3643 αίρεσιάρχαι
1484 3575 1847 3644 ἐμιμήσαντο,

273 3661 339 3712 τὸ
390 3663 486 3731 μὲν
532 3663 588 3714 ἐν
643 3663 945 3734 ἀποκρύφῳ
974 3665 1069 3718 καὶ
1112 3664 1289 3735 σκότῳ
1350 3665 1735 3735 παραδιδόντες
1782 3665 1852 3717 τὰ

275 3751 600 3820 δοκούμενα,
659 3753 727 3806 τά
789 3754 846 3807 δὲ
904 3756 998 3807 καὶ
1067 3753 1516 3823 παραφράζοντες
1564 3755 1638 3818 ὡς
1704 3755 1846 3808 ίδια·

282 3840 476 3893 τούτου
529 3843 686 3914 χάριν
743 3845 1054 3914 ὑπομνῆσαι
1110 3844 1354 3906 θέλοντες
1433 3845 1560 3908 τοὺς
1623 3844 1852 3908 πολλοὺς

286 3935 689 4005 περιεργότεροι
714 3936 1048 4005 ἐγενήθημεν
1080 3936 1122 3967 ¹³
1167 3936 1299 4006 πρὸς
1323 3937 1383 3988 τὸ
1420 3937 1494 4006 μὴ
1532 3936 1852 3990 καταλιπεῖν

279 4039 406 4075 τινα
437 4027 592 4076 τόπον
617 4025 658 4056 ¹⁴⁵
686 4028 797 4089 τοῖς
827 4025 1068 4079 ἐθέλουσι
1097 4025 1400 4078 πλανᾶσθαι
1430 4042 1443 4055 ·
1465 4025 1852 4096 ἀπηνέχθημεν

277 4113 338 4167 δὲ
383 4115 482 4169 ούκ
535 4117 746 4184 ἀλόγως
790 4118 870 4181 είς
907 4135 1029 4170 τινα
1075 4117 1182 4170 τῶν
1241 4118 1433 4187 μάγων
1479 4117 1789 4189 ἀπόρρητα,
1816 4116 1851 4170 ἃ

280 4207 416 4277 πρὸς
453 4207 551 4274 μὲν
607 4207 668 4259 τὸ
729 4210 1091 4276 προκείμενον
1126 4209 1187 4260 ού
1249 4208 1390 4261 πάνυ
1444 4208 1720 4275 ἀναγκαῖα
1758 4205 1847 4277 ἦν,

280 4296 415 4365 πρὸς
441 4297 497 4348 δὲ
535 4297 594 4347 τὸ
628 4297 997 4364 φυλάσσεσθαι
1025 4297 1123 4368 τὴν
1175 4300 1282 4351 τῶν
1330 4298 1519 4368 μάγων
1545 4299 1851 4371 πανοῦργον

1951 3119 2182 3173 calorem
2219 3134 2340 3172 cum
2374 3119 2604 3189 arripuit
2635 3134 2760 3175 cera
2789 3119 3062 3189 liquescit,
3091 3127 3146 3173 et
3169 3116 3242 3171 ita
3272 3114 3519 3170 cranium

1950 3212 2236 3267 evanuisse
2263 3212 2520 3268 creditur.

2019 3299 2110 3355 42.
2166 3301 2291 3356 Haec
2331 3317 2608 3371 magorum
2642 3317 2806 3372 opera
2850 3311 2904 3356 et
2936 3300 3057 3354 talia
3086 3309 3363 3364 sexcenta,
3399 3311 3520 3366 qua

1949 3396 2237 3446 verborum
2268 3394 2618 3464 congruentia
2647 3405 2702 3447 et
2729 3408 2850 3447 cum
2882 3394 2984 3445 fide
3009 3391 3271 3444 factorum
3295 3402 3516 3457 operum

1951 3487 2130 3554 specie
2161 3486 2440 3542 deleniunt
2481 3484 2782 3554 imperitos.
2832 3482 3072 3549 Quorum
3109 3491 3279 3534 artem
3331 3478 3519 3532 obstu-

1951 3577 2143 3644 pefacti
2173 3576 2548 3631 haeresiarchze
2581 3573 2771 3627 imitati
2795 3581 2939 3639 sunt,
2961 3571 3153 3640 partim
3186 3571 3238 3622 in
3270 3570 3518 3624 abstruso

1951 3677 2006 3721 et
2036 3667 2272 3721 obscuro
2333 3668 2608 3720 tradentes
2657 3665 2875 3733 placita,
2923 3663 3117 3732 partim
3162 3662 3321 3715 etiam
3361 3673 3520 3713 exor-

1955 3767 2144 3810 nantes
2169 3767 2426 3826 tanquam
2461 3771 2578 3810 sua.
2609 3755 2778 3819 Quam
2802 3755 2871 3808 ob
2903 3767 3124 3808 causam
3155 3767 3259 3820 quo
3283 3764 3520 3805 commo-

1954 3847 2328 3901 nefaceremus
2373 3847 2564 3914 vulgus
2617 3845 2940 3900 laboriosius
2986 3845 3102 3898 lucc
3148 3842 3524 3911 exposuimus,

1955 3955 2020 3992 ne
2059 3939 2222 3992 ullum
2273 3938 2700 4006 relinqueremus
2739 3937 2938 4004 locum,
2988 3937 3031 3991 si
3064 3937 3154 4008 qui
3209 3936 3407 3990 vellent
3441 3949 3522 3988 se-

1953 4031 2097 4086 duci.
2139 4030 2308 4084 Delati
2341 4041 2521 4084 autem
2555 4044 2741 4083 sumus
2769 4043 2873 4083 non
2901 4029 3271 4096 imprudenter
3300 4028 3352 4080 in
3379 4039 3524 4094 qum-

1953 4119 2073 4171 dam
2107 4134 2385 4187 magorum
2409 4133 2630 4179 arcana,
2663 4133 2783 4186 quae
2814 4117 2866 4170 in
2899 4132 3014 4170 rem
3049 4117 3262 4183 quidem
3289 4128 3522 4183 praesen-

1957 4217 2064 4262 tem
2094 4224 2198 4263 non
2242 4210 2530 4262 admodum
2560 4209 2866 4264 necessaria
2914 4217 3088 4269 erant,
3124 4206 3188 4259 ad
3228 4202 3522 4258 cavendam

1955 4310 2134 4354 autem
2171 4315 2450 4370 magorum
2487 4299 2732 4355 fallacem
2771 4308 2826 4352 et
2869 4301 3104 4367 ineptam
3147 4307 3316 4350 artem
3372 4293 3522 4346 utilia

281 4388 373 4440 καὶ
415 4387 458 4418 ³⁵
513 4387 815 4440 ἀσύστατον
875 4389 1070 4459 τέχνην
1122 4388 1398 4462 εὔχρηστα
1460 4391 1738 4461 ἐνομίζετο
1784 4393 1848 4446 ¹⁶.

1958 4392 2298 4446 videbantur.
2350 4391 2640 4460 Postquam
2688 4392 2872 4462 igitur,
2938 4399 3002 4444 ut
3048 4390 3278 4451 videtur,
3325 4385 3523 4454 placita

280 4477 436 4531 Ἐπεὶ
489 4481 687 4545 τοίνυν,
729 4481 803 4543 ὼς
847 4481 1066 4534 εἰκάσαι
1099 4481 1235 4548 ἔστι,
1290 4482 1386 4545 τὰς
1443 4483 1661 4536 πάντων
1690 4483 1850 4548 δόξας

280 4567 611 4636 ἐξεθέμεθα,
666 4570 866 4639 πολλὴν
914 4571 1170 4643 φροντίδα
1224 4574 1544 4642 ποιήσαντες
1602 4573 1738 4644 πρὸς
1791 4573 1851 4627 τὸ

280 4658 598 4728 φανερῶσαι
659 4659 728 4712 τά
780 4661 854 4723 ὡς
911 4661 1037 4724 ξένα
1098 4663 1202 4714 ὑπὸ
1247 4663 1355 4715 τῶν
1386 4663 1426 4694 ¹⁷
1483 4665 1851 4735 αίρεσιαρχῶν

279 4749 684 4820 ἐπεισαγόμενα
705 4753 838 4823 πρὸς
852 4753 927 4825 [p.
944 4756 1030 4809 '76.
1051 4755 1139 4828 77]
1159 4755 1470 4808 θεοσέϐειαν
1485 4757 1616 4813 ὄντα
1643 4758 1850 4826 μάταια

279 4842 376 4894 καὶ
391 4841 544 4904 νόθα,
560 4844 680 4898 ούδέ
695 4847 750 4897 ἐν
767 4848 946 4910 αὐτοῖς
965 4846 1092 4911 ἴσως
1113 4849 1154 4879 ⁷⁸
1171 4848 1296 4914 ἄξια
1313 4848 1473 4915 λόγου
1489 4849 1848 4918 τυγχάνοντα,

279 4932 429 4985 δοκεῖ
476 4932 565 4986 διὰ
595 4937 858 5006 συντόμου
893 4937 1051 5006 λόγου
1091 4939 1506 5010 ὑπομνησθῆναι
1541 4941 1848 5009 κεφαλαιω-

278 5021 385 5087 δῶς
413 5024 481 5078 τά
506 5029 898 5098 προειρημένα.

354 5123 466 5187 μγ.
519 5118 658 5171 Ilia:
692 5123 802 5184 τοῖς
856 5122 994 5174 κατὰ
1040 5123 1139 5193 τὴν
1167 5123 1494 5192 οἰκουμένην
1545 5121 1855 5192 φιλοσόφοις

1957 4478 2331 4539 universorum
2379 4486 2754 4554 exposuimus,
2787 4483 2951 4538 multa
2998 4483 3236 4535 adhibita
3273 4495 3402 4542 cura
3458 4478 3524 4531 ad

1962 4575 2340 4650 illustrandum
2363 4591 2482 4630 esse
2509 4592 2594 4640 ea,
2632 4591 2752 4644 qua:
2782 4586 3034 4642 tanquam
3069 4587 3200 4625 nova
3243 4572 3310 4621 ah
3352 4571 3526 4622 h'ere-

1956 4667 2187 4720 siarcbis
2215 4666 2422 4719 invecta
2449 4677 2593 4731 sunt,
2625 4682 2759 4719 vana
2793 4666 2856 4718 ad
2891 4666 3140 4732 pietatem
3179 4660 3529 4730 108-109

1959 4767 2015 4811 et
2046 4757 2343 4811 adulterina
2377 4772 2605 4824 quasque
2636 4773 2701 4811 ne
2726 4759 2866 4811 inter
2891 4758 3035 4825 ipsos
3061 4757 3275 4824 quidem
3298 4753 3527 4804 fortasse

1963 4849 2014 4903 in
2050 4849 2230 4918 aliquo
2261 4849 2462 4903 honore
2501 4849 2824 4911 habeantur,
2873 4849 3047 4913 placet
3097 4845 3242 4900 brevi
3279 4859 3528 4898 sermone

1962 4939 2014 4992 in
2044 4953 2214 5008 pauca
2248 4937 2496 4993 conferre
2524 4954 2641 5007 qua:
2673 4954 2832 5008 supra
2868 4937 3011 4992 dicta
3045 4947 3186 4990 sum.

2036 5124 2124 5176 4'5.
2159 5123 2476 5193 Quicunque
2512 5123 2712 5192 ubique
2737 5121 2817 5176 vel
2847 5121 3149 5191 philosophi
3179 5119 3258 5173 vel
3295 5119 3527 5188 theologi

1565 5276 1797 5331 VARI/f3
1832 5276 2124 5330 LECTION
2137 5277 2237 5334 ES.

378 5392 424 5423 "
460 5392 727 5463 παρέχειν
762 5393 822 5446 C.
899 5393 944 5425 ³⁸
973 5396 1100 5464 τοῖς.
1137 5395 1232 5447 καὶ
1266 5397 1378 5456 τοῖς
1403 5394 1464 5448 C.
1507 5462 1520 5464 Α
1558 5394 1660 5464 ⁹⁷ῆ

284 5464 544 5516 t‘.0nnu|la
583 5464 898 5518 exciderunt
938 5462 1007 5518 M.

285 5533 306 5561 '
331 5533 517 5602 τρόπῳ
542 5534 673 5587 αὐτὸ
723 5535 819 5603 μὲν
849 5550 960 5588 om.
989 5549 1072 5602 pr.
1103 5535 1164 5589 C.

289 5604 530 5669 margine
570 5602 818 5658 CodaM.
935 5606 974 5636 “
1009 5605 1151 5659 θέλει
1196 5606 1258 5662 C.

288 5671 333 5703 "
365 5671 662 5743 ἐνομίζετο.
698 5673 900 5742 νομίζει
930 5673 991 5742 C,
1025 5675 1225 5745 νομίζω
1257 5676 1324 5734 Μ.

1276 5536 1293 5566 ⁷
1315 5534 1650 5598 ἐπίπλοοςϐ.

1339 5607 1380 5638 ¹¹
1422 5603 1749 5671 ἀξιοπίστων
1791 5605 1852 5660 C.

1404 5675 1443 5707 "
1475 5676 1563 5729 ἐπὶ
1587 5674 1692 5727 τῶν
1721 5675 1781 5731 C.

1690 5393 1854 5446 ίππού
1865 5411 1977 5463 ρου.
2016 5393 2281 5462 ίππούρου
2323 5390 2386 5444 C.

1090 5465 1104 5496 ¹
1145 5465 1318 5517 δοκεῖν
1355 5465 1396 5518 (ἆ
1421 5505 1434 5523 .
1472 5462 1544 5518 Μ.
1611 5462 1955 5532 ⁷πύστηνυ.
2035 5463 2071 5515 ³1

1103 5535 1164 5588 C.
1276 5536 1293 5566 ⁷
1315 5534 1650 5588 ἐπίπλοοεϐ.
1724 5535 1746 5566 ⁸
1776 5534 1832 5587 δέ
1855 5534 1977 5588 add.
2001 5532 2071 5586 Μ.

2464 5392 2508 5423 ’⁸
2539 5391 2750 5459 κόμεως
2777 5391 2836 5445 C.
2927 5391 2970 5423 ’τ’
3005 5390 3135 5460 Post
3181 5393 3530 5460 πυρουμένῃν

2035 5443 2224 5516 ³κικίδι
2254 5463 2314 5516 C.
2389 5464 2408 5492 ⁸
2440 5443 2622 5532 δριμεί
2659 5478 2768 5515 οιιι.
2804 5478 2884 5526 pr.
2921 5460 2982 5513 C.
3074 5464 3093 5490 ⁵
3129 5443 3320 5514 λαλοδν
3460 5443 3526 5514 ai.

2162 5533 2182 5563 ⁹
2215 5533 2369 5585 πᾶσι.
2396 5535 2527 5598 φασι
2558 5535 2619 5585 (Σ.
2701 5533 2742 5601 ¹9
2778 5533 2841 5582 Ὃ
2871 5533 3010 5582 ἐπαν
3041 5561 3100 5570 -
3144 5532 3422 5601 νομίζεται
3477 5534 3529 5583 in

1955 5605 1996 5635 ’³
2023 5601 2395 5673 ἐγεννήθημεν
2424 5603 2485 5657 C.
2569 5606 2608 5634 “
2643 5600 2841 5673 τρόπον
2867 5601 2942 5670 C,
2978 5601 3047 5656 Μ.
3129 5603 3169 5634 ⁸⁸
3203 5600 3294 5657 καὶ
3337 5601 3431 5672 τὴν
3464 5601 3530 5654 (3.

1859 5673 1900 5707 ³⁸
1936 5673 2082 5736 ἴσως.
2112 5673 2276 5736 οἴσεις
2294 5672 2357 5727 C.
