4044 6184
479 235 614 299 8117

1956 231 2320 292 ORIGENIS

3593 231 3742 296 ειη

482 352 539 405 δέ
571 353 719 404 ἐστιν
753 346 960 416 ἀσαφὲς
990 344 1132 400 κατὰ
1157 342 1337 410 τοῦτο,
1367 341 1434 396 δι’
1465 341 1628 413 ἄλλης
1658 339 1887 405 εἰκόνος,
1926 346 2114 411 φησιν,
2161 345 2385 416 ήκτίσις
2415 343 2654 397 διδάσκει
2694 343 3025 413 φιλοσοφεῖν,
3062 343 3188 415 περί
3224 337 3292 415 ἧς
3328 343 3358 396 ὁ
3385 343 3623 416 ’Δρατος
3651 346 3745 398 εζ-

485 461 650 515 ρηκεν
675 441 733 494 οὗ
745 457 870 502 τως’

595 558 776 624 Neque
800 555 962 623 igitur
988 551 1176 619 Cephei
1199 566 1359 620 genus
1386 565 1739 604 aerumnosum
1759 547 1978 600 Iasida‘.

557 672 647 727 49.
679 669 948 736 Cepheus,
981 666 1179 735 inquit,
1226 664 1295 718 ibi
1348 679 1515 733 prope
1562 665 1715 718 abest
1761 672 1812 716 et
1848 661 2060 716 Cassie-

484 779 584 832 pca
612 770 666 816 et
695 759 1034 813 Andromeda
1069 766 1122 811 et
1152 757 1401 822 Perseus,
1440 772 1631 823 magna
1657 765 1922 809 creaturae
1953 755 2060 808 ele-

485 865 666 909 menta
721 854 786 906 iis
816 853 905 920 qui
954 864 1178 904 cernere
1217 858 1462 918 pnssnnt.
1505 849 1776 916 Cepheum
1807 849 1950 901 enim
1987 848 2059 899 ait

485 960 607 998 esse
646 946 837 1000 Adam.
871 943 1217 1009 Cassicpeam
1249 939 1440 1002 Evam,
1483 939 1882 993 Andromedam
1934 939 2061 990 utri-

487 1051 657 1102 usque
694 1035 887 1087 horum
921 1033 1177 1091 animam,
1233 1029 1488 1088 Perseum
1519 1027 1720 1098 legum,
1745 1028 1938 1080 alutam
1967 1025 2061 1080 Jo-

484 1129 569 1180 vis
622 1127 847 1194 prolem,
897 1123 1087 1176 (letum
1129 1121 1472 1175 insidiantem
1510 1121 1763 1173 helluam.
1814 1120 1926 1172 Non
1983 1119 2050 1172 ad

489 1219 656 1272 alium
695 1216 1002 1284 quempiam
1037 1215 1254 1278 horum,
1287 1213 1381 1266 sed
1428 1212 1496 1264 ad
1543 1211 1710 1264 solam
1761 1210 2062 1264 Androme-

488 1312 612 1364 dam
648 1310 792 1361 vadit
829 1308 916 1376 qui
952 1305 1227 1359 interfecit
1257 1304 1514 1367 belluam,
1547 1317 1575 1354 a
1613 1319 1718 1372 qua
1751 1312 1806 1356 et
1843 1303 2060 1355 Andro-

490 1400 702 1451 medam
741 1396 840 1449 sibi
868 1394 1175 1456 vindicans,
1207 1409 1326 1462 quae
1373 1393 1618 1461 exposita
1664 1401 1782 1446 erat
1830 1393 2059 1448 vinculis

492 1489 790 1542 constricta
839 1485 1054 1549 bellum,
1113 1485 1287 1552 logus,
1326 1485 1520 1552 inquit,
1559 1484 1659 1536 hoc
1695 1493 1775 1537 est
1808 1483 2059 1547 Perseus,

491 1583 702 1634 liberat.
747 1578 976 1632 Perseus
1011 1585 1190 1631 autem
1240 1584 1324 1629 est
1358 1585 1588 1643 pennata
1626 1575 1743 1628 axis
1775 1586 2063 1644 penetrans

490 1683 782 1739 utrumque
830 1669 1006 1736 polmn
1059 1682 1154 1737 per
1200 1667 1432 1721 mediam
1483 1676 1681 1720 terram
1715 1675 1766 1718 et
1803 1676 2066 1735 torquens

494 1762 778 1815 mundum.
807 1761 904 1814 Est
936 1769 1113 1812 autem
1147 1757 1310 1812 etiam
1342 1756 1569 1824 spiritus
1594 1757 1684 1823 qui
1721 1765 1804 1810 est
1838 1759 1888 1809 in
1917 1773 2064 1808 mun-

493 1855 562 1906 do
600 1853 715 1905 avis
764 1851 978 1921 Cygnus
1011 1851 1152 1902 circa
1189 1847 1378 1910 Ursas,
1407 1849 1667 1901 musicum
1719 1847 1938 1911 animal,
1981 1847 2062 1900 di-

493 1945 604 1998 vini
647 1945 821 2010 imago
873 1941 1131 2010 Spiritus,
1177 1939 1301 2007 quia
1365 1938 1418 1991 iu
1479 1939 1606 2006 ipsis
1651 1938 1762 2007 jam
1817 1937 2062 1991 terminis

493 2035 851 2089 conStitutum
885 2035 1007 2086 vitae
1045 2039 1252 2084 tantum
1285 2043 1483 2083 canere
1518 2029 1705 2098 incipit
1751 2044 1872 2082 cum
1922 2030 2062 2083 bona

493 2139 589 2194 spc
621 2123 904 2179 discedens
933 2138 961 2174 a
983 2135 1147 2190 prava
1180 2127 1457 2181 creatura,
1484 2118 1713 2188 hymnos
1740 2119 1904 2174 edens
1932 2119 2059 2172 Deo.

493 2216 686 2272 Cancri
717 2225 896 2269 autem
931 2223 987 2267 et
1015 2213 1153 2266 tauri
1187 2222 1242 2266 et
1279 2211 1464 2266 leones
1495 2223 1548 2266 et
1575 2212 1778 2267 arietes
1807 2221 1862 2267 et
1889 2226 2064 2280 caprae

493 2319 549 2362 et
579 2308 710 2360 haedi
739 2316 794 2359 et
821 2313 1084 2373 quotquot
1107 2303 1211 2356 alia
1238 2303 1498 2356 animalia
1549 2318 1646 2372 per
1689 2312 1838 2356 astra
1893 2303 2065 2356 nomi-

496 2407 696 2450 nautur
731 2397 780 2448 in
813 2395 973 2459 cmlo,
1004 2393 1267 2462 imagines
1313 2393 1526 2446 scilicet
1574 2402 1719 2457 sunt,
1766 2394 1962 2463 inquit,
2009 2402 2064 2446 et

494 2487 764 2556 exempla,
801 2487 939 2539 unde
969 2485 1248 2539 nmtahilis
1272 2493 1522 2539 creatura
1553 2497 1711 2539 nacta
1746 2485 1961 2554 species
1993 2495 2066 2539 ta-

495 2579 635 2634 libus
663 2577 986 2634 animalibus
1014 2577 1288 2649 impletur.
1566 2570 1571 2576 ’

570 2895 766 2966 124ο
791 2895 947 2963 125
986 2894 1074 2948 50.
1114 2893 1207 2947 llis
1260 2893 1343 2947 usi
1394 2893 1736 2946 sermonibus
1773 2892 2067 2960 Opiuantur

496 2988 695 3042 multos
736 2988 1012 3051 decipere,
1043 2993 1305 3052 quotquot
1337 2983 1618 3050 operosius
1651 2981 1937 3050 astrologis
1973 2995 2066 3033 au-

497 3093 610 3130 rem
637 3076 898 3144 praahent,
923 3074 1048 3127 hinc
1073 3073 1229 3126 tidem
1254 3073 1348 3125 Dei
1378 3073 1705 3126 continuare
1728 3073 1922 3133 auuisi,
1949 3086 2067 3138 quae

495 3170 712 3238 quidem
742 3168 897 3234 longe
925 3164 1132 3220 abludit
1161 3163 1232 3219 ah
1262 3164 1454 3218 horum
1481 3163 1900 3232 Opinationibus.
1926 3163 2065 3228 Qua-

2088 535 2132 588 Α
2232 551 2371 604 Οὐδ’
2399 550 2510 618 ἄρα
2552 550 2796 619 Κηρῆος
2819 552 3071 620 μογερὸν
3100 549 3270 619 γένος
3307 549 3569 606 Ἰασίδαο
3593 552 3638 604 ⁸.

2237 659 2342 729 μο’.
2381 659 2441 710 '0
2475 660 2717 728 Κηφεὺς,
2750 661 2931 729 φησὶν,
2965 659 3128 712 αὐτοῦ
3167 661 3282 711 ἐστι
3310 659 3529 728 πλησίον
3565 663 3664 714 καὶ
3705 663 3746 732 ἡ

2159 751 2499 804 Κασσιέπεια
2529 753 2549 783 ⁹
2580 753 2671 804 κοιλ⁸
2705 752 3024 822 Ἀνδρομέδα
3054 753 3147 804 καὶ
3182 753 3209 804 ὁ
3237 753 3495 822 Περσεὺς,
3523 754 3751 822 μεγάλα

2161 843 2260 912 τῆς
2291 843 2302 915 ι
2336 844 2564 906 κτίσεως
2587 844 2886 914 γράμματα
2909 846 3018 906 τοῖς
3037 843 3162 895 ἰδεῖν
3187 843 3517 912 δυναμένοις.
3539 845 3752 914 Κηφέα

2159 936 2268 1003 γάρ
2300 953 2464 1005 φησιν
2482 930 2615 988 εἶναι
2638 936 2728 987 τὸν
2756 935 2942 1004 Ἀδὰμ,
2973 936 3070 1005 τὴν
3100 936 3468 987 Κασσιέπειαν
3495 936 3538 966 ‘°
3572 935 3746 1002 Εὕαν,

2157 1023 2256 1093 τὴν
2292 1024 2646 1095 Ἀνδρομέδαν
2671 1026 2768 1094 τὴν
2797 1026 3115 1095 ἀμφοτέρων
3138 1025 3179 1056 ¹¹
3197 1026 3400 1078 τούτων
3419 1027 3618 1096 ψυχὴν,
3652 1029 3750 1080 τὶν

2161 1116 2376 1187 Περσέα
2399 1118 2590 1184 Λόγον,
2612 1119 2888 1186 πτερωτὸν
2911 1118 3028 1180 Διὸς
3054 1121 3293 1186 ἔγγονον,
3322 1121 3381 1171 τὸ
3405 1121 3585 1188 Κῆτος
3611 1123 3658 1151 ’³
3686 1125 3748 1174 τὸ

2161 1209 2446 1263 ὲπίὄουλον
2470 1211 2675 1280 θηρίον.
2702 1213 2813 1264 Οὐκ
2841 1211 2925 1263 ἐπ’
2956 1210 3111 1264 ἄλλον
3135 1213 3255 1264 τινὰ
3287 1210 3490 1265 τούτων
3531 1214 3595 1277 ³³,
3625 1201 3746 1267 ἀλλ’

2163 1300 2255 1352 ἐπὶ
2295 1301 2462 1371 μόνην
2495 1302 2592 1371 τὴν
2634 1302 2990 1372 Ἀνδρομέδαν
3021 1302 3237 1373 ἔρχεται
3263 1307 3289 1356 ὁ
3314 1305 3646 1368 ἀποκτείνας
3683 1309 3747 1360 τὸ

2163 1391 2369 1463 Θηρίον,
2399 1389 2460 1446 οὗ
2496 1395 2591 1446 καὶ
2621 1395 2718 1464 τὴν
2759 1395 3118 1465 Ἀνδρομέδαν
3158 1396 3291 1465 πρὸς
3331 1397 3524 1448 ἑαυτὸν
3555 1395 3746 1448 λαϐὼν

2164 1485 2379 1538 ἔκδοτον
2409 1485 2698 1556 δεδεμένην
2729 1487 2806 1555 τῷ
2837 1487 3014 1558 θηρίῳ
3043 1488 3069 1538 ὁ
3099 1486 3290 1553 Λόγος,
3329 1488 3512 1555 φησὶν,
3539 1491 3567 1540 ό
3599 1489 3745 1560 Περ-

2166 1579 2291 1639 σεὺς
2324 1577 2530 1648 ῥύεται.
2572 1579 2812 1647 Περσεὺς
2849 1580 2905 1631 δέ
2955 1580 3102 1630 ἐστιν
3131 1581 3158 1630 ὁ
3192 1580 3491 1649 ὑπόπτερος
3517 1579 3678 1644 ἄξων,
3718 1584 3748 1634 6

2167 1669 2438 1738 περαίνων
2470 1670 2760 1739 ἑκατέρους
2790 1669 2912 1733 τοὺς
2939 1669 3136 1731 πόλους
3172 1669 3256 1721 διὰ
3290 1670 3461 1740 μέσης
3493 1671 3596 1739 τῆς
3632 1671 3743 1741 γῆς

2165 1763 2256 1814 καί
2290 1761 2536 1832 στρέφων
2562 1760 2652 1813 τὸν
2685 1761 2906 1830 κόσμον.
2939 1760 3097 1812 Ἔστι
3123 1760 3295 1813 δὲκαὶ
3329 1761 3389 1813 τὸ
3423 1761 3639 1830 πνεῦμα
3675 1760 3739 1814 τὸ

2167 1854 2224 1905 ὲν
2253 1851 2328 1922 τῷ
2358 1854 2546 1922 κόσμῳ
2565 1855 2592 1904 ὁ
2615 1853 2760 1922 ὅρνις
2791 1855 2819 1905 ὁ
2845 1851 3055 1916 Κύκνος
3082 1852 3126 1883 ί*
3156 1851 3303 1921 παρὰ
3326 1853 3423 1914 τὰς
3447 1850 3740 1922 Ἀρκτους,

2167 1944 2474 2019 [μουσῲιὺν
2508 1945 2667 2010 ζῶον,
2702 1945 2796 1999 τοῦ
2822 1945 2962 2000 θείου
2992 1945 3257 2016 σύμϐολον
3284 1945 3627 2015 [Ινεύματοςο
3657 1948 3741 2001 ὅτι

2165 2039 2302 2110 πρὸς
2329 2039 2510 2100 αὐτοῖς
2537 2037 2637 2108 ἤδη
2678 2041 2786 2101 τοῖς
2819 2037 3053 2108 τέρμασι
3084 2038 3128 2068 ¹⁵
3161 2037 3452 2106 γενόμενον
3481 2038 3574 2090 τοῦ
3626 2039 3741 2108 βίον

2168 2131 2326 2201 μόνον
2356 2129 2499 2201 ᾅδειν
2538 2129 2770 2197 πέφυκε,
2821 2130 2958 2199 μετᾶ
3001 2129 3213 2199 ἀγαθῆς
3245 2129 3460 2192 ἐλπίδος
3489 2128 3588 2200 τῆς
3621 2132 3737 2183 xti-

2166 2238 2304 2286 σεως
2363 2227 2461 2292 τῆς
2509 2223 2751 2293 πονηρᾶς
2804 2221 3284 2291 ἀπαλλασσόμενον
3341 2221 3546 2292 ὕμνους
3599 2225 3737 2277 ἀνα-

2165 2316 2382 2384 πέμπον
2412 2314 2455 2344 ¹⁸
2485 2313 2563 2381 τῷ
2597 2313 2734 2382 Θεῷ.
2768 2315 3030 2385 Καρκίνοι
3050 2314 3105 2366 δὲ
3137 2316 3230 2367 καὶ
3259 2298 3448 2387 ταῦροι
3480 2318 3568 2371 καὶ
3590 2317 3745 2370 λέον-

2163 2422 2254 2468 τες
2291 2405 2386 2458 καί⁹
2442 2403 2586 2475 κριοὶ
2630 2405 2726 2458 καὶ
2767 2401 2921 2474 αἶγες
2969 2406 3061 2458 καὶ
3093 2406 3293 2478 ἔριφοι,
3332 2409 3427 2461 καὶ
3461 2410 3552 2461 ὅσα
3595 2410 3740 2463 ἄλλα

2167 2499 2329 2569 Θηρία
2356 2499 2442 2551 διὰ
2468 2498 2573 2550 τῶν
2601 2497 2814 2568 ἄστρων
2843 2499 3168 2568 ὀνομάζεται
3199 2501 3340 2553 κατὰ
3370 2503 3459 2555 τὸν
3486 2502 3738 2571 οὐρανὸν.

2166 2593 2373 2655 εἰκόνες
2415 2593 2479 2664 δὴ
2515 2593 2580 2658 ⁸⁷,
2617 2594 2801 2664 φησὶν,
2852 2593 2960 2643 εἰσὶ
3005 2592 3099 2644 καὶ
3139 2593 3587 2663 παραδείγματα,
3645 2595 3743 2663 ἀφ’

2164 2677 2238 2736 ὧν
2273 2686 2305 2755 ή
2337 2684 2644 2755 μεταϐλητὴ
2671 2684 2844 2746 κτίσις
2872 2683 3225 2754 λαμϐάνουσα
3261 2685 3359 2748 τὰς
3397 2685 3538 2749 ἰδέας
3560 2685 3746 2739 τοιού-

2165 2793 2270 2828 των
2303 2777 2456 2838 ζώων
2482 2777 2688 2844 γίνεται
2719 2777 2953 2846 πλήρης.

2237 2887 2298 2942 ν’.
2336 2887 2410 2961 [p.
2443 2888 2673 2960 87—89]
2704 2887 2925 2951 Τούτοις
2953 2889 3223 2960 χρώμενοι
3251 2893 3359 2954 τοῖς
3387 2891 3568 2959 λόγοις
3591 2893 3747 2946 ἀπαε

2165 2982 2267 3052 τᾷν
2315 2981 2594 3047 νομίζουσι
2645 2981 2891 3044 πολλοὺς,
2927 2983 3042 3035 ὅσοι
3090 2983 3504 3053 περιεργότερον
3537 2984 3578 3014 ¹⁸
3625 2988 3750 3047 τοῖς

2168 3070 2518 3140 ἀστρολόγοις
2564 3072 2940 3142 προσέχουσιν,
2991 3072 3241 3124 ἐντεῦθεν
3279 3074 3371 3140 τὴν
3419 3073 3752 3127 θεοσέϐειαν

2171 3162 2424 3232 συνιστᾷν
2480 3161 2809 3231 πειρώμενοι
2867 3161 3085 3232 μακρὰν
3135 3162 3575 3231 ἁπεμφαίνουσαν
3631 3165 3752 3232 τῆς

497 3270 741 3331 propter,
759 3257 962 3322 dilecti,
992 3257 1258 3327 fugiamus
1277 3255 1420 3309 illam
1440 3270 1697 3309 vanorum
1724 3255 2063 3308 mirationem

2167 3253 2371 3306 τούτων
2402 3253 2742 3325 ὑπολήψεως.
2771 3254 2890 3319 Διὸ,
2920 3256 3213 3324 ἀγαπητοὶ,
3246 3255 3503 3324 φύγωμεν
3548 3256 3609 3307 τὸ
3652 3274 3752 3325 μια-

495 3351 612 3406 avis
636 3349 904 3416 bubonis;
931 3350 1043 3402 haec
1070 3347 1214 3402 enim
1238 3355 1291 3399 et
1311 3346 1678 3414 hujuscemodi
1714 3345 1816 3398 alia
1849 3344 2065 3401 saltatio

495 3453 620 3497 sunt
653 3452 710 3496 et
739 3455 844 3495 non
875 3440 1093 3494 veritas.
1135 3439 1346 3493 Etenim
1379 3437 1524 3492 nullo
1561 3447 1716 3506 pacto
1757 3437 1924 3490 stella:
1955 3437 2067 3490 haec

493 3533 824 3596 ostendunt,
883 3529 976 3584 sed
1021 3530 1089 3584 de
1121 3543 1220 3583 suo
1270 3529 1515 3583 homines
1554 3528 1620 3580 ad
1675 3528 2064 3582 accuratiorem

493 3622 847 3692 quarumdam
869 3620 1145 3676 stellarum
1168 3619 1582 3689 appellationem
1608 3622 1823 3674 nomina
1850 3621 1900 3673 in
1929 3619 2068 3674 hunc

496 3716 716 3768 modum
751 3721 1212 3780 composuerunt,
1253 3726 1360 3780 quo
1408 3712 1674 3766 notabiles
1707 3712 1809 3766 sibi
1854 3713 2065 3766 tierent.

496 3807 636 3872 Quid
669 3806 810 3856 enim
850 3820 990 3858 ursa:
1018 3814 1110 3856 aut
1140 3803 1312 3858 leonis
1348 3812 1441 3857 aut
1477 3802 1749 3857 haedorum
1785 3813 1876 3856 aut
1899 3818 2067 3872 aqua-

497 3895 565 3948 rii
595 3902 686 3946 aut
708 3891 908 3958 Cephei
942 3901 1030 3945 aut
1056 3893 1412 3946 Andromeda:
1446 3903 1536 3946 aut
1562 3905 1918 3962 spectrorum,
1949 3909 2068 3962 qua:

497 3983 841 4037 celebrantur
877 3982 930 4035 in
965 3981 1136 4048 Orco,
1177 3983 1352 4036 simile
1389 3982 1588 4035 habent
1612 3983 1781 4036 stella:
1811 3984 2067 4051 diSpersaa

499 4090 596 4146 per
622 4075 819 4130 cmlum
850 4113 866 4139 ,
913 4089 1035 4130 cum
1085 4074 1252 4128 multo
1283 4085 1401 4144 post
1431 4075 1539 4126 nati
1577 4075 1684 4127 sint
1737 4075 1790 4127 hi
1823 4075 2066 4128 homines

497 4166 824 4234 nominaque
864 4176 1149 4235 postquam
1205 4166 1480 4218 hominum
1517 4166 1726 4218 exstitit
1772 4176 1967 4218 ortus:
2009 4174 2066 4216 ut

495 4259 659 4312 etiam
687 4259 927 4314 haeretici
959 4258 1190 4328 perculsi
1223 4256 1528 4326 spectaculo
1561 4259 1631 4309 ita
1670 4257 1882 4309 demum
1913 4256 2066 4308 anni-

497 4359 683 4403 tantur
715 4364 808 4418 per
833 4349 968 4402 tales
997 4362 1279 4402 sermones
1313 4349 1636 4401 contirmare
1665 4361 1790 4400 suas
1827 4346 2062 4414 ipsorum

494 4441 768 4496 doctrinas
787 4440 809 4493 τ

567 4551 658 4606 51.
713 4551 817 4607 Sed
866 4550 1122 4621 quoniam
1170 4564 1306 4620 pene
1354 4549 1496 4604 nulla
1533 4563 1636 4604 non
1693 4549 1915 4603 hazreSIs
1967 4563 2062 4618 per

497 4642 893 4697 arithmeticam
928 4652 1100 4696 artem
1130 4641 1333 4695 invenit
1355 4641 1749 4697 hebdomadum
1781 4655 2061 4695 mensuras

494 4742 552 4787 et
581 4748 791 4787 a-onum
821 4734 1078 4804 quasdam
1109 4733 1430 4803 propagines
1456 4772 1472 4799 ,
1517 4748 1640 4788 cum
1671 4732 1762 4785 alii
1791 4732 1948 4786 aliter
1975 4745 2064 4785 ar-

496 4835 606 4878 tem
639 4825 1004 4879 distraherent
1023 4835 1078 4880 οι
1106 4826 1236 4880 solis
1269 4825 1579 4881 nominibus
1611 4825 1885 4879 variarent
1911 4864 1926 4889 ,
1964 4826 2064 4878 hu-

498 4931 618 4969 rurn
652 4925 828 4970 autem
856 4918 1112 4986 magister
1140 4918 1207 4972 iis
1232 4919 1438 4972 exstitit
1459 4916 1813 4988 Pythagoras,
1837 4919 1928 4986 qui
1959 4917 2068 4987 pri-

497 5023 619 5063 mus
649 5025 712 5064 ex
741 5007 968 5078 Egypto
997 5007 1298 5077 huiusmodi
1323 5024 1576 5063 numeros
1605 5009 1854 5063 tradidit:
1884 5009 2057 5076 placet

2169 3342 2582 3413 κροοοιύμαστον
2609 3343 2702 3396 τοῦ
2731 3343 2941 3412 ὄρνιθος
2967 3343 3059 3396 τοῦ
3094 3342 3233 3396 ὥτου
3253 3360 3264 3372 ·
3307 3344 3480 3397 ταῦτα
3504 3345 3612 3415 γὰρ
3650 3349 3752 3398 καὶ

2165 3436 2234 3489 τὰ
2277 3436 2451 3488 τοιάδε
2489 3436 2723 3506 ὄρχησίς
2764 3439 2880 3488 ἐστι
2927 3436 3021 3488 καὶ
3065 3436 3163 3489 ούκ
3207 3435 3454 3506 ἀλήθεια.
3485 3437 3651 3490 Οὐδὲν
3706 3439 3750 3469 ¹⁹

2166 3528 2274 3597 γὰρ
2297 3527 2471 3597 ἄστρα
2497 3527 2667 3580 ταῦτα
2689 3527 2856 3597 δηλοῖ,
2891 3527 3028 3580 ἀλλὰ
3056 3527 3199 3591 ἰδίως
3221 3529 3272 3580 οἱ
3300 3528 3577 3598 ἄνθρωποι
3606 3529 3750 3599 πρὸς

2167 3621 2329 3692 ὲπιση
2340 3620 2564 3690 μείωσίν
2598 3636 2758 3672 τινων
2791 3619 3005 3690 ἄστρων
3029 3619 3264 3690 ὀνόματα
3289 3619 3461 3681 οὕτως
3486 3621 3752 3673 ἐπεκάλει

2169 3729 2288 3778 σαν,
2348 3712 2434 3764 ἵνα
2477 3713 2658 3774 αὐτοῖς
2703 3712 2951 3781 ἐπίσημοι
3004 3712 3050 3743 ³ο
3193 3713 3258 3765 Τί
3293 3713 3401 3782 γὰρ
3441 3713 3674 3781 ἄρκτου,
3712 3715 3746 3784 ἢ

2166 3801 2395 3865 λέοντος,
2425 3801 2457 3872 ἧ
2487 3801 2710 3870 ἐρίφων,
2735 3800 2766 3870 ἢ
2797 3801 3070 3871 ὑδροχόον,
3100 3802 3132 3872 ἦ
3167 3803 3422 3871 Κηφέως,
3455 3802 3488 3870 ἦ
3535 3801 3749 3870 Ἀνδρο-

2170 3894 2404 3965 μέδας,ἥ
2431 3893 2537 3946 τῶν
2569 3895 2625 3945 έν
2650 3893 2835 3964 ’ᾼιδου
2864 3893 3275 3964 ὀνομαζομένων
3301 3892 3532 3945 εἰδώλων
3561 3895 3750 3961 ὅμοιον

2167 3985 2380 4053 ἔχουσιν
2424 3984 2652 4053 ἀστέρες
2715 3983 3102 4055 διεσπαρμένοι
3156 3983 3298 4036 κατὰ
3340 3983 3431 4036 τὸν
3486 3983 3746 4054 οὐρανὸν,

2166 4077 2301 4129 πολὺ
2361 4076 2835 4146 μεταγενεστέρων
2885 4076 3266 4144 γεγενημένων
3311 4076 3352 4105 ³¹
3390 4074 3595 4128 τούτων
3626 4074 3748 4126 τῶν

2166 4166 2467 4236 ἀνθρώπιον
2501 4169 2594 4220 καὶ
2627 4167 2735 4220 τῶν
2785 4168 3063 4236 ὀνομάτων
3111 4168 3143 4238 ἢ
3193 4169 3237 4199 ’⁸
3282 4167 3390 4220 τῶν
3435 4167 3747 4237 ἀνθρώπων

2169 4261 2468 4330 συνέστηκε
2500 4260 2787 4330 γέννησις·
2820 4259 2908 4314 ἵνα
2943 4261 3036 4313 καὶ
3063 4262 3113 4313 οἰ
3150 4261 3415 4331 αἱρετικοί
3448 4258 3747 4313 καταπλα-

2165 4353 2352 4420 γέντες
2394 4352 2454 4405 τὸ
2485 4351 2668 4422 θαῦμα
2719 4351 2890 4416 οὕτως
2945 4353 3347 4423 ἐξεργάσωνται
3388 4353 3479 4406 διὰ
3514 4353 3746 4407 τοιῶνδε

2165 4441 2336 4510 λόγων
2365 4443 2430 4495 τὰ
2461 4443 2565 4496 ἴδια
2584 4443 2826 4513 δόγματα
2857 4445 3140 4514 συνιστᾷν;

2235 4563 2334 4610 νοι’.
2384 4556 2522 4608 Ἀλλ’
2552 4556 2680 4609 ἐπεὶ
2732 4557 2916 4628 σχεδὸν
2954 4559 3104 4610 πᾶσα
3140 4557 3348 4628 αἵρεσις
3373 4557 3462 4611 διὰ
3490 4558 3590 4626 τῆς
3621 4558 3750 4627 dp:-

2167 4647 2437 4717 θμητικῆς
2459 4647 2652 4717 τέχνης
2682 4649 2914 4718 ἐφεῦρεν
2932 4648 3244 4717 ὲὸδομάδων
3273 4648 3449 4718 μέτρα
3482 4649 3577 4701 καὶ
3605 4647 3745 4701 αἰώ-

2169 4755 2276 4790 νων
2320 4737 2470 4800 τινὰς
2516 4737 2822 4808 προδολὰς,
2883 4739 3058 4793 ἄλλων
3101 4738 3278 4802 ἄλλως
3328 4741 3374 4771 ⁸³
3397 4740 3496 4809 τὴν
3541 4738 3744 4809 τέχνην

2169 4827 2524 4882 διασπώντων
2543 4830 2758 4892 καὶτοῖς
2781 4829 3009 4900 ὀνόμασι
3038 4831 3197 4901 μόνον
3224 4831 3657 4885 διαλλασσόντων
3672 4830 3742 4894 ³⁸,

2152 4918 2376 4972 ¹τούτων
2417 4920 2473 4973 δὲ
2523 4920 2706 4984 αὐτοῖς
2751 4920 3073 4984 διδάσκαλος
3117 4923 3324 4988 γίνεται
3376 4922 3740 4993 Πυθαγόρας.

2165 5008 2381 5080 πρῶτος
2414 5011 2492 5073 εἰς
2540 5009 2809 5081 Ἕλληνας
2845 5011 2940 5064 ἀπ’
2971 5011 3250 5078 Αἰγύπτου
3297 5014 3424 5074 τοὺς
3461 5014 3741 5076 τοιούτους

1756 5162 1983 5220 VARle
2021 5162 2420 5220 LECTIONES.

567 5278 587 5308 ⁸⁸
621 5279 701 5342 εἰς
728 5278 878 5331 ὰῖδαο
906 5277 967 5342 C,
999 5278 1071 5334 cf.
1112 5279 1266 5334 Arat.
1295 5297 1347 5340 v.
1395 5281 1496 5336 179
1597 5283 1618 5314 ⁸
1647 5281 1955 5337 Κασιέπεια
1973 5282 2035 5338 C.

498 5347 582 5424 Cf.
621 5352 770 5402 Arat.
809 5365 858 5402 ν.
889 5349 1001 5424 555Δ
1030 5365 1112 5419 sq.
1147 5368 1162 5403 :
1190 5351 1310 5424 Τὴν
1337 5353 1397 5424 δὲ
1436 5359 1531 5412 καὶ
1559 5353 1659 5406 οὐκ
1703 5353 1886 5424 όλίγον
1919 5364 2029 5424 περ

2144 5284 2186 5357 ‘_°
2219 5286 2559 5357 Κᾳσιέπειαν
2602 5288 2666 5342 υ.
2735 5287 2774 5319 ¹¹
2813 5286 2921 5340 τῶν
2950 5292 3093 5357 ἀμφ·
3137 5289 3200 5351 Co
3231 5287 3302 5342 Μ·

2064 5354 2336 5429 ἀπόπροθι
2380 5357 2730 5429 πξεπτηυίανι
2775 5354 3136 5429 Ἀνδρομέδην
3183 5359 3325 5426 μέγα
3362 5357 3546 5429 Κῆτος
3582 5354 3741 5429 ἐπερ-

3379 5289 3429 5358 ¹²ί
3455 5289 3517 5340 τὸ
3541 5290 3736 5358 Κῆτος.

502 5418 728 5500 χόμενον
778 5418 1123 5500 κατεπείγειἱ
1184 5422 1228 5453 ¹³
1258 5418 1448 5500 τούτου
1619 5424 1664 5500 ξδ
1801 5418 2080 5500 ξςιιυιίὶιι
2105 5418 2258 5478 Arai.
2295 5440 2346 5480 v.
2515 5418 2766 5500 ι’Τοῦτὸν
2803 5418 2914 5480 τὸν’
2934 5418 3297 5497 ὅρνινόἰμὲν
3329 5418 3582 5500 λέγουσιν
3614 5418 3738 5480 ὅντα

500 5491 699 5570 κύκνργ
721 5491 1224 5570 ,κατμαοτερισθῆναι
1255 5493 1333 5554 εἰς
1371 5495 1533 5570 τιμῂν
1554 5492 1646 5544 τοῦ
1681 5494 2026 5570 ὶΑπόλλωνος
2056 5494 2438 5570 ᾷτεᾷμουσικδν
2462 5496 2608 5550 ὄντα.
2673 5498 2714 5528 ³⁸
2734 5500 2847 5558 τοῖς
2887 5491 3167 5570 σπέρμασι
3189 5491 3249 5551 (ἒ.
3325 5499 3368 5530 ³⁸
3398 5491 3738 5570 ἀναπέμπων

500 5560 562 5611 (ἶ.
592 5559 679 5632 Δ,ξτ
715 5558 883 5632 agnas
907 5558 986 5632 (Σ,
1013 5562 1079 5632 Μ.
1118 5558 1134 5632 ξ
1159 5561 1206 5632 ”’_
1231 5558 1636 5632 περιεργότεροι
1675 5563 1736 5617 C.

503 5633 547 5662 ³³
577 5628 916 5693 eximet)»;
942 5629 1000 5684 C.
1044 5629 1088 5660 ’⁸
1111 5628 1501 5684 διαλασσόντων
1523 5628 1584 5685 (ἰ.

1814 5564 1856 5597 ¹⁹
1897 5565 2028 5618 Οὐδὲ
2060 5564 2121 5629 C,
2157 5563 2226 5619 Μ.
2297 5566 2342 5598 ’⁸
2371 5568 2681 5637 ἐπισημα·θῇ
2727 5569 2788 5622 C.

2867 5568 2908 5598 "
2961 5564 3373 5639 γεγεννημένων
3408 5565 3472 5622 C.
3544 5564 3594 5600 ’ί
3619 5564 3735 5636 ί)ίέ-
