4044 6184
360 330 509 396 3ἰ19

1492 335 1788 396 CONTRA
1824 336 2168 400 HERESES
2209 343 2352 401 LIB.
2392 344 2487 403 IV.

3470 356 3608 424 3120

362 447 637 517 ἀριθμοὺς
670 446 973 517 παραδούς·
1021 448 1168 501 δοκεῖ
1201 448 1335 517 μηδὲ
1384 448 1541 502 τοῦτο
1590 450 1920 520 παραλιπεῖν

2047 471 2113 510 ne
2139 456 2237 509 hoc
2260 458 2473 525 quidem
2503 460 2936 528 praetermittere,
2957 466 3072 529 sed,
3108 467 3194 521 ubi
3224 470 3407 538 paucis
3430 483 3609 525 osten-

361 538 504 592 ἀλλὰ
531 537 620 591 διὰ
638 538 903 607 συντόμου
922 538 1200 603 δείξαντας
1220 541 1311 593 ἐπὶ
1336 540 1433 609 τὴν
1461 541 1565 593 τῶν
1589 541 1937 611 ζητουμένων

361 628 641 694 ἀπόδειξιν
668 628 938 697 χωρῆσαι.
964 629 1257 697 Γεγόνασιν
1290 628 1647 699 ἀριθμητικοὶ
1678 630 1772 681 καὶ
1802 646 1937 695 γεω-

366 718 567 787 μέτραι
629 718 698 781 ”,
744 713 825 779 οἷς
868 717 1099 787 μάλιστα
1142 717 1242 780 τὰς
1297 718 1473 787 ἀρχὰς
1527 718 1937 787 παρεσχηκέναι

358 808 513 861 δοκεῖ
546 807 759 877 πρῶτος
790 807 1112 877 Πυθαγόρας
1138 824 1149 837 ο
1178 808 1272 859 καὶ
1306 804 1451 860 οὗτοι
1476 808 1521 838 ’⁸
1551 807 1657 859 τῶν
1686 806 1934 876 ἀριθμῶν

360 898 445 957 εἰς
471 897 699 966 ἄπειρον
732 896 818 947 ἀεὶ
861 898 1166 964 προχωρεῖν
1200 896 1510 964 δυναμένων
1548 895 1623 963 τῷ
1658 894 1933 947 πολυπλα-

362 986 587 1057 σιασμῷ
610 988 702 1038 καὶ¹
723 988 836 1046 τοῖς
860 985 1100 1055 σχήμασι
1122 986 1217 1048 τάς
1242 984 1462 1056 πρώτας
1480 986 1567 1038 ἔλα
1579 986 1668 1037 ϐον
1695 987 1867 1055 ἀρχὰς
1890 987 1932 1018 ³⁷

357 1080 527 1132 οἱονεὶ
568 1078 848 1147 θεωρητὰς
902 1080 1047 1147 μόνῳ
1088 1078 1166 1146 τῷ
1204 1078 1367 1148 λόγῳ.
1416 1078 1756 1149 Γεωμετρίας
1803 1078 1931 1147 γὰρ,

356 1168 441 1232 ὡς
473 1168 619 1221 ἔστιν
665 1169 878 1230 ἐνιδεῖν,
934 1169 1157 1238 σημεῖόν
1190 1171 1334 1221 ἐστιν
1369 1169 1511 1239 ἀρχὴ
1559 1171 1760 1241 ἀμερὲς
1785 1211 1798 1231 ,
1838 1172 1931 1223 ἀπ’

358 1260 576 1313 ἐκείνου
603 1258 657 1311 δὲ
691 1260 780 1311 τοῦ
812 1259 1037 1330 σημείου
1064 1263 1129 1330 τῇ
1158 1262 1372 1331 τέχνῃή
1403 1262 1510 1313 τῶν
1543 1262 1782 1333 ἀπείρων
1811 1281 1934 1333 σχη-

360 1356 551 1425 μάτων
579 1354 685 1407 ἁπο
724 1352 819 1406 τοῦ
866 1353 1091 1424 σημείου
1122 1355 1331 1420 γένεσις
1370 1354 1702 1425 εὑρίσκεται.
1773 1356 1930 1408 Ῥυὲν

354 1448 469 1518 γὰρ
496 1448 556 1499 τὸ
598 1448 820 1516 σημεῖον
882 1447 892 1516 1
953 1448 1045 1500 ἐπὶ
1078 1448 1249 1517 μῆκος
1286 1449 1494 1515 γίνεται
1538 1450 1767 1521 γραμμὴ
1798 1451 1931 1519 μετά

353 1539 457 1610 τὴν
488 1538 641 1609 ῥύσιν
669 1579 681 1601 ,
722 1538 891 1607 πέρας
930 1538 1126 1607 ἔχουσα
1160 1543 1402 1608 σημεῖον,
1455 1541 1683 1610 γραμμὴ
1736 1542 1791 1592 δὲ
1840 1542 1930 1592 ἐπί

356 1635 561 1695 πλάτος
602 1635 791 1701 ῥυεῖσα
839 1632 1093 1686 ἐπίπεδον
1133 1634 1315 1702 γεννᾷ,
1346 1632 1556 1701 πέρατα
1589 1633 1644 1683 δὲ
1678 1632 1771 1684 τοῦ
1807 1635 1927 1683 ἐπι-
1974 1653 2003 1665 η’

356 1724 522 1777 πέδου
550 1723 829 1796 γραμμαὶ,
867 1722 1121 1775 ἐπίπεδον
1152 1722 1206 1775 δὲ
1262 1723 1388 1791 ρυὲν
1424 1726 1499 1784 είς
1537 1721 1697 1788 βάθος
1725 1722 1927 1789 γίνεται

2042 548 2302 609 derimns,
2337 550 2403 601 ad
2450 566 2509 603 ea
2543 567 2662 619 qua:
2716 557 2995 610 consilium
3053 569 3134 613 est
3186 562 3607 619 demonstranda

2040 641 2307 707 progredi.
2342 640 2678 697 Exstiterunt
2710 646 3031 701 arithmetici
3065 658 3115 703 et
3144 664 3454 719 geometrm,
3492 656 3608 722 qui-

2040 731 2144 785 bus
2179 745 2371 797 praeter
2406 742 2630 787 cmteros
2661 735 2893 789 fomenta
2929 741 3222 805 przchnisse
3256 746 3467 798 videtur
3500 746 3610 814 pri-

2039 838 2158 876 mus
2192 823 2550 892 Pythagoras,
2582 826 2726 895 iique
2758 843 2785 881 a
2814 833 3071 893 numeris.
3107 835 3195 902 qui
3240 836 3290 888 in
3340 837 3603 891 inlinitum

2038 916 2445 984 multiplicando
2477 922 2723 989 progredi
2758 934 3002 990 possunt,
3034 927 3194 979 etiam
3222 927 3405 993 ﬁguris
3436 929 3603 996 prima

2035 1009 2297 1079 principia
2328 1022 2673 1081 sumpserunt
2734 1024 2988 1082 tanquam
3041 1018 3152 1070 sola
3215 1030 3393 1072 mente
3429 1021 3605 1086 perci-

2035 1094 2261 1166 pienda.
2285 1100 2606 1156 Geometrim
2640 1104 2780 1157 enim
2809 1144 2824 1169 ,
2857 1114 2913 1157 ut
2950 1106 3071 1159 licet
3099 1108 3313 1171 videre,
3350 1120 3599 1173 punctum

2036 1189 2323 1243 indivisum
2358 1202 2436 1244 est
2465 1193 2784 1261 principium
2813 1211 2826 1256 ;
2863 1196 2931 1248 ah
2963 1195 3050 1247 illo
3082 1205 3256 1248 autem
3288 1208 3480 1265 puncto
3510 1212 3602 1263 per

2034 1288 2204 1330 artem
2236 1280 2565 1334 infinitarum
2614 1282 2900 1349 ﬁgurarum
2943 1298 2969 1334 a
3014 1284 3211 1351 puncto
3238 1285 3481 1350 genitura
3520 1297 3602 1336 re-

2033 1372 2251 1439 petitur.
2276 1370 2375 1425 Uhi
2401 1373 2541 1425 enim
2566 1374 2824 1441 processit
2842 1384 3093 1442 punctum
3118 1375 3167 1427 in
3196 1375 3600 1441 longitudinem,

2033 1464 2246 1515 exsistit
2286 1464 2424 1516 linea
2456 1474 2579 1532 post
2607 1480 2945 1533 processum.
2977 1482 3094 1535 qua:
3124 1466 3407 1519 terminqu
3442 1466 3602 1519 habet

2032 1563 2324 1621 punctum;
2356 1556 2493 1606 linea
2523 1566 2699 1608 autem
2727 1572 2847 1610 cum
2879 1558 2929 1610 iu
2956 1556 3287 1609 latitudinem
3318 1558 3598 1621 processit,

2032 1644 2309 1712 planitiem
2340 1645 2529 1711 gignit,
2553 1645 2761 1697 termini
2787 1655 2965 1698 autem
2995 1646 3231 1714 planitiei
3261 1656 3382 1698 sunt
3408 1646 3596 1709 linem;

2030 1732 2278 1799 planities
2305 1743 2479 1785 autem
2502 1749 2620 1785 cum
2648 1737 2913 1799 processit
2932 1736 2981 1787 in
2998 1735 3356 1796 altitudinem,
3388 1734 3598 1788 exsistit

359 1813 524 1881 σῶμα
548 1830 560 1842 ·
598 1810 817 1881 στερεοῦ
858 1811 913 1863 δὲ
945 1810 1305 1881 ὑπάρξαντος,
1346 1809 1519 1873 οὕτως
1557 1812 1617 1874 ἐξ
1644 1812 1923 1880 ἐλαχίστου

2029 1836 2241 1889 corpus.
2284 1821 2381 1875 Uhi
2417 1832 2595 1875 autem
2633 1823 2843 1875 lirmum
2871 1839 3067 1893 corpus
3097 1827 3333 1884 exstitit,
3376 1825 3428 1877 in
3461 1828 3600 1879 hunc

358 1904 591 1972 σημείου
625 1902 900 1965 παντελῶς
944 1904 977 1973 ή
1026 1903 1119 1955 τοῦ
1154 1902 1385 1972 μεγάλου
1438 1901 1686 1972 σώματος
1718 1903 1920 1971 ὑπέστη

353 1997 540 2064 φύσις,
581 1996 673 2048 καὶ
719 1994 874 2046 τοῦτό
908 1996 1051 2047 ἐστιν
1082 1994 1110 2046 ὃ
1150 1992 1296 2061 λέγει
1332 1994 1510 2063 Σίμων
1541 1991 1709 2054 οὕτως
1744 1993 1809 2023 ⁸⁸·
1853 1992 1921 2044 Τὸ

348 2086 569 2156 μικρὸν
590 2085 741 2154 μέγα
765 2084 840 2155 [ρ.
874 2085 957 2141 89.
989 2084 1078 2155 90]
1106 2085 1271 2137 ἔσται
1288 2085 1461 2137 οἱονεὶ
1484 2083 1734 2151 σημεῖον
1748 2084 1839 2140 ὃν.
1854 2082 1920 2133 τὸ

350 2178 582 2247 ὃὲμέγα
598 2180 952 2245 ἀπέραντον,
974 2176 1386 2229 κατακολουθῶν
1408 2177 1472 2207 ’δ’
1488 2175 1565 2244 τῷ
1582 2192 1922 2244 γεωμετρου-

356 2270 506 2340 μὲνῳ
536 2270 745 2339 σημείῳ
768 2271 832 2320 ²⁹.
870 2268 982 2335 Τῆς
1015 2267 1071 2319 δὲ
1095 2266 1460 2337 ἀριθμητικῆς
1490 2267 1631 2319 κατὰ
1674 2266 1919 2317 σύνθεσιν

350 2362 585 2431 ἐχούσης
606 2362 703 2431 τὴν
724 2360 1041 2429 φιλοσοφίαν
1070 2359 1299 2429 ἀριθμὸς
1338 2361 1555 2428 γέγονεν
1588 2360 1750 2430 ἀρχὴ,
1787 2361 1921 2428 ὅπερ

350 2454 502 2505 ἐστὶν
532 2454 799 2521 ἀόριστον,
832 2452 1235 2521 ἀκατάληπτον,
1264 2450 1400 2519 ἔχων
1430 2453 1485 2503 ὲν
1518 2451 1695 2519 ἑαυτῷ
1716 2452 1921 2513 πάντας

347 2547 479 2608 τοὺς
510 2547 594 2597 ἐπ’
630 2545 852 2613 ἄπειρον
891 2544 1061 2596 ἐλθεῖν
1108 2544 1433 2613 δυναμένους
1482 2545 1745 2613 ἀριθμοὺς
1781 2545 1921 2597 κατὰ

348 2637 415 2689 τὸ
454 2636 675 2706 πλῆθος.
709 2636 830 2687 Τῶν
866 2635 920 2688 δὲ
954 2635 1204 2705 ἀριθμῶν
1240 2635 1380 2704 ἀρχὴ
1421 2635 1609 2703 γέγονε
1643 2634 1765 2687 καθ’
1789 2634 1919 2687 ὑπό-

349 2744 545 2780 στασιν
583 2729 615 2797 ἡ
656 2727 845 2798 πρώτη
886 2728 1071 2796 μονὰς,
1110 2726 1233 2796 ἣτις
1272 2727 1387 2778 ἐστὶ
1422 2727 1585 2795 μονάς
1617 2728 1789 2797 ἄρσην
1828 2728 1917 2791 ¹⁹’,

346 2820 599 2888 γεννῶσα
640 2819 918 2887 πατρικῶς
959 2819 1083 2882 τοὺς
1130 2820 1320 2881 ἄλλους
1374 2819 1579 2881 πάντας
1632 2819 1917 2888 ἀριθμούς.

347 2908 616 2979 Δεύτερον
650 2911 682 2978 ἡ
711 2909 842 2972 δυάς
874 2908 919 2941 ³⁰
969 2909 1132 2979 θῆλυς
1172 2909 1423 2980 ἀριθμὸς,
1456 2912 1483 2962 6
1532 2910 1587 2962 δὲ
1628 2909 1785 2972 αὐτὸς
1827 2911 1919 2963 καὶ

344 3001 538 3071 ἄρτιος
597 2999 699 3052 ὑπὸ
751 3000 858 3053 τῶν
908 3000 1285 3070 ἀριθμητικῶν
1327 2999 1592 3053 καλεῖται.
1650 3001 1841 3070 Τρίτον
1885 3002 1917 3070 ἡ

348 3092 510 3163 τριάς
542 3092 769 3162 ἀριθμὸς
799 3092 970 3162 ἄρσην
988 3093 1027 3123 ³⁸
1047 3110 1059 3123 ·
1093 3085 1246 3155 οὗτος
1271 3094 1363 3146 καὶ
1391 3092 1645 3162 περισσὸς
1676 3093 1780 3144 ὑπὸ
1813 3093 1918 3145 τῶν

346 3184 731 3255 ἀριθμητικῶν
785 3184 1202 3255 νενομοθέτηται
1252 3185 1549 3238 καλεῖσθαι.
1598 3185 1711 3253 Ἐφ’
1748 3184 1916 3237 ἅπασι

347 3284 409 3337 δὲ
432 3282 641 3346 τούτοις
666 3284 698 3351 ἠ
734 3282 932 3351 τετρὰς
958 3282 1123 3352 θῆλυς
1154 3282 1403 3351 ἀριθμὸς,
1434 3284 1461 3335 6
1488 3281 1543 3334 δὲ
1571 3281 1732 3344 αὐτὸς
1761 3275 1915 3344 οὗτος

347 3376 445 3429 καὶ
475 3375 661 3445 ἄρτιος
690 3373 971 3437 καλεῖται,
1017 3374 1099 3426 ὅτι
1137 3374 1304 3443 θῆλύς
1336 3376 1468 3426 ἐστι.
1507 3373 1795 3440 Γεγόνασιν
1824 3368 1916 3425 οὖν

345 3470 398 3519 οἱ
426 3471 628 3528 πάντες
655 3466 874 3535 ἀριθμοὶ
904 3464 1195 3535 ληφθέντες
1234 3463 1342 3517 ἀπὸ
1370 3464 1558 3530 γένους
1585 3464 1627 3495 ³⁸
1658 3462 1946 3533 τέσσαρες-η

349 3556 617 3627 (ἀριθμὸς
647 3557 701 3609 δὲ
732 3553 797 3627 ἦν
827 3557 886 3609 τὸ
915 3557 1069 3626 γένος
1096 3557 1371 3627 ἀόριστος)
1394 3595 1409 3618 ,
1440 3555 1530 3625 ἀφ’
1554 3549 1627 3608 ὧν
1658 3559 1686 3608 6
1714 3557 1917 3618 τέλειος

349 3650 534 3710 αὐτοῖς
564 3648 792 3717 ἀριθμὸς
822 3648 1149 3719 συνέστηκεν
1179 3651 1212 3717 η
1244 3648 1424 3710 δεκάς.
1459 3648 1530 3699 Τὸ
1557 3646 1663 3715 γάρ
1691 3647 1769 3709 ἓν,
1803 3646 1915 3711 δύο,

353 3740 502 3809 τρία,
550 3741 787 3812 τέσσαρα
824 3741 1030 3808 γίνεται
1076 3740 1227 3805 δέκα,
1282 3741 1357 3803 ὡς
1405 3740 1914 3811 προαποδέδεικται,

357 3831 456 3884 ἐὰν
484 3832 687 3902 ἑκάστῳ
727 3833 834 3885 τῶν
866 3832 875 3901 Ι
906 3832 1155 3902 ἀριθμῶν
1207 3832 1544 3901 φυλάττηται
1584 3832 1703 3885 κατ’
1732 3832 1915 3884 οὐσίαν

353 3920 527 3990 ὄνομα
562 3921 619 3973 τὸ
646 3924 845 3974 οἰκεῖον
887 3922 953 3973 ³³.
992 3920 1139 3992 Αὕτη
1182 3921 1328 3973 ἐστὶν
1358 3922 1390 3990 ἡ
1427 3920 1566 3973 κατά
1597 3920 1916 3991 Πυθαγόραν

352 4010 473 4080 ἱερά
500 4012 796 4081 τετρακτὺς
832 4013 1055 4067 ἀεννάου
1103 4012 1317 4082 φύσεως
1349 4011 1611 4081 ριζώματ’
1643 4012 1838 4081 ἔχουσα.
1860 4015 1917 4064 ἐν

347 4103 553 4172 ἑαυτῇ,
588 4102 836 4154 τουτέστι
887 4103 1016 4165 τοὺς
1050 4102 1243 4164 ἄλλους
1283 4101 1497 4165 ’πάντας
1535 4102 1801 4173 ἀριθμούς
1824 4118 1838 4133 ·
1888 4103 1917 4154 6

346 4192 458 4262 γάρ
514 4191 562 4223 ⁸⁸
595 4192 787 4245 ἕνδεκα
831 4194 925 4246 καὶ
974 4192 1179 4245 δώδεκα
1213 4194 1304 4245 καὶ
1335 4194 1384 4245 οἱ
1423 4193 1594 4246 λοιποὶ
1621 4195 1720 4265 τὴν
1746 4195 1917 4265 ἀρχὴν

346 4284 445 4353 τῆς
471 4284 738 4350 γενέσεως
764 4285 871 4338 ἀπὸ
898 4285 1006 4338 τῶν
1036 4286 1166 4338 δέκα
1202 4285 1555 4354 λαμϐάνουσι.
1583 4286 1797 4357 Ταύτης
1820 4288 1917 4357 τῆς

343 4374 588 4437 δεκάδος,
620 4374 713 4427 τοῦ
750 4374 953 4428 τελείου
986 4376 1241 4446 ἀριθμοῦ,
1277 4376 1345 4429 τὰ
1383 4378 1625 4448 τέσσαρα
1674 4379 1916 4431 καλεῖται

2032 1912 2244 1962 modum
2276 1926 2340 1964 ex
2392 1912 2615 1964 minimo
2651 1907 2851 1980 puncio
2885 1929 3104 1982 prorsus
3150 1916 3326 1983 magni
3355 1916 3598 1983 corporis

2031 2000 2245 2055 fundata
2272 2011 2353 2055 est
2380 2013 2568 2056 natura
2596 2042 2611 2065 ,
2665 2005 2823 2072 idque
2858 2014 2939 2058 est
2964 2007 3105 2073 quod
3134 2006 3317 2059 Simon
3366 2006 3417 2059 iu
3455 2009 3599 2059 huuc

2028 2094 2241 2143 modum
2272 2092 2465 2161 126-
2484 2093 2639 2161 127
2667 2094 2887 2147 eﬂatur:
2918 2094 3179 2164 Exiguum
3206 2112 3448 2164 magnum
3476 2098 3594 2160 erit,

2029 2191 2272 2251 tanquam
2304 2200 2550 2250 patuerunt
2568 2187 2705 2252 quod
2726 2195 2823 2250 est,
2846 2203 3090 2255 magnum
3110 2198 3282 2241 autem
3307 2189 3595 2254 inﬁnitum,

2029 2278 2222 2345 quippe
2253 2288 2466 2331 secutus
2489 2288 2742 2347 punctum
2764 2289 3185 2347 geometrarum.
3218 2282 3591 2335 Arithnteticze

2028 2380 2205 2423 autem
2240 2369 2567 2422 continentis
2593 2386 2687 2436 per
2714 2372 3162 2441 compositionem
3200 2373 3593 2442 philosophiam

2028 2476 2285 2516 numerus
2315 2462 2521 2514 exstitit
2554 2462 2876 2530 principium
2898 2505 2914 2527 ,
2948 2463 2997 2515 id
3026 2464 3163 2530 quod
3192 2474 3273 2516 est
3306 2465 3593 2525 inﬁnitum,

2029 2552 2536 2620 incomprehensum
2563 2591 2576 2614 .
2619 2552 2821 2606 haheus
2852 2553 2901 2605 in
2929 2569 2985 2607 se
3009 2569 3196 2607 omnes
3229 2556 3317 2622 qui
3373 2564 3595 2621 possnnt

2029 2645 2080 2696 in
2131 2643 2394 2695 inﬁnitum
2446 2658 2541 2711 per
2586 2644 2979 2697 multitudinem
3019 2647 3262 2714 progredi
3314 2660 3589 2700 numeros.

2026 2733 2383 2787 Numerorum
2412 2744 2589 2787 autem
2622 2735 2944 2804 principium
2974 2737 3184 2789 exstitit
3218 2753 3313 2801 per
3341 2738 3592 2791 substand

2028 2827 2155 2877 tiam
2191 2825 2362 2892 prima
2401 2840 2593 2878 monas
2619 2863 2633 2886 ,
2663 2840 2780 2892 qum
2824 2826 3037 2893 quidem
3072 2836 3156 2880 est
3189 2842 3373 2879 monas
3401 2827 3588 2889 virilis,

2026 2932 2317 2985 procreans
2351 2927 2574 2985 paterne
2616 2917 2849 2984 reliquos
2873 2932 3062 2972 omnes
3098 2934 3370 2972 numeros.
3411 2920 3593 2973 Altero

2025 3008 2141 3061 loco
2172 3009 2335 3078 dyas,
2392 3007 2654 3062 femineus
2689 3024 2948 3062 numerus
2970 3048 2985 3070 ,
3020 3009 3157 3062 idem
3192 3017 3367 3063 autem
3396 3020 3450 3064 et
3496 3025 3593 3079 par

2026 3100 2093 3152 ab
2129 3101 2488 3154 arithmeticis
2516 3100 2832 3169 appellatur.
2868 3101 3110 3155 Tertium
3148 3103 3298 3166 trias,
3336 3120 3592 3159 numerus

2023 3190 2238 3257 virilis;
2293 3191 2378 3245 hic
2418 3201 2470 3244 et
2520 3192 2693 3261 impar
2737 3194 2804 3246 ab
2835 3193 3193 3247 arithmeticis
3224 3196 3396 3248 vocari
3433 3196 3588 3250 solet.

2017 3281 2221 3336 Prwter
2251 3284 2346 3336 hos
2375 3296 2563 3337 omnes
2592 3291 2768 3337 autem
2798 3293 2983 3347 tetras,
3025 3284 3287 3337 fendneus
3316 3302 3591 3352 numerus,

2018 3373 2157 3428 idem
2189 3385 2365 3428 autem
2399 3375 2485 3428 hic
2526 3386 2580 3428 et
2608 3390 2706 3443 par
2738 3385 2994 3439 vocatur,
3047 3377 3138 3443 qui
3173 3376 3435 3430 {ciiiinens
3483 3388 3586 3431 est.

2019 3464 2158 3518 Sunt
2189 3466 2352 3535 igitur
2393 3464 2628 3519 universi
2663 3465 2871 3518 numeri
2904 3466 3103 3533 sumpti
3138 3466 3431 3533 generatim
3463 3480 3589 3533 qua.

2021 3565 2142 3609 tuor
2188 3556 2481 3622 (numerus
2521 3567 2701 3610 autem
2733 3565 2852 3610 erat
2898 3556 2962 3610 ad
2993 3570 3178 3610 sexum
3228 3556 3585 3624 indelinitus),

2021 3648 2162 3700 unde
2190 3647 2461 3715 perfectus
2494 3648 2596 3700 illis
2633 3662 2887 3701 numerus
2934 3648 3141 3701 exstitit
3187 3647 3364 3701 decas.
3410 3647 3584 3702 Unum

2018 3736 2183 3800 enim,
2225 3737 2353 3798 duo,
2385 3737 2484 3789 tria
2510 3776 2525 3800 ,
2558 3746 2787 3805 quatuor
2816 3736 3051 3792 eﬂiciunt
3078 3739 3293 3804 decem,
3336 3749 3392 3793 ut
3424 3755 3582 3808 supra

2019 3826 2451 3879 demonstratum
2480 3836 2583 3886 est,
2617 3840 2737 3878 cum
2771 3825 2994 3893 singulis
3025 3828 3261 3881 numeris
3292 3842 3584 3882 conserva-

2016 3918 2161 3973 bitur
2187 3932 2251 3972 ex
2278 3931 2334 3970 re
2362 3918 2711 3971 domesticum
2740 3932 2953 3979 nomen.
2990 3916 3115 3973 Haec
3155 3929 3236 3972 est
3270 3918 3357 3973 illa
3392 3918 3588 3990 Pytha-

2019 4024 2163 4079 gora:
2193 4024 2347 4063 sacra
2377 4018 2631 4079 tetractys
2660 4018 2932 4076 perpetua:
2968 4025 3175 4064 natura:
3205 4012 3489 4065 continens
3529 4012 3581 4065 in

2019 4113 2078 4152 se
2108 4099 2339 4163 radices,
2378 4099 2478 4153 hoc
2508 4109 2589 4152 est
2622 4098 2857 4166 reliquos
2883 4114 3071 4153 omnes
3097 4117 3383 4167 numeros;
3421 4104 3587 4157 unde-

2018 4191 2189 4243 cimus
2219 4190 2363 4243 enim
2388 4204 2642 4243 numerus
2668 4198 2720 4243 et
2755 4191 3104 4245 duodecimus
3134 4202 3186 4245 et
3218 4192 3405 4261 reliqui
3439 4196 3585 4261 prin-

2017 4280 2213 4347 cipium
2246 4279 2616 4348 generationis
2638 4294 2666 4332 a
2689 4295 2913 4334 numero
2931 4282 3020 4350 qui
3044 4292 3125 4336 est
3142 4286 3323 4336 decem
3344 4295 3583 4338 sumunt.

2018 4367 2195 4435 Hujus
2226 4370 2439 4424 decadis
2461 4408 2477 4435 ,
2507 4368 2733 4439 perfecti
2766 4371 3011 4435 numeri,
3061 4383 3293 4440 quatuor
3324 4382 3586 4427 vocantur

350 4464 510 4536 μέρη·
540 4466 791 4536 ἀριθμὸς,
822 4468 1008 4537 μονάς,
1034 4467 1282 4537 δύναμις,
1310 4469 1493 4532 κύϐος,
1520 4463 1601 4531 οἷς
1622 4469 1914 4522 ὲπιπλοκαὶ

2026 4470 2237 4529 partes:
2269 4474 2558 4523 numerus,
2590 4476 2808 4527 manas,
2849 4472 3121 4530 potestas,
3155 4463 3343 4526 cubus,
3389 4463 3585 4533 quibus

344 4554 443 4608 καὶ
474 4556 653 4625 μίξεις
688 4556 822 4625 πρὸς
857 4557 1069 4625 γένεσιν
1097 4558 1378 4626 αὐξήσεως
1405 4558 1447 4589 ³⁸
1473 4558 1737 4626 γίνονται,
1776 4558 1915 4611 κατὰ

346 4645 510 4714 φύσιν
549 4648 639 4699 τὸν
669 4648 891 4717 γόνιμον
938 4648 1170 4719 ἀριθμὸν
1211 4648 1583 4702 ἐπιτελοῦσαν
1632 4651 1760 4721 ὅταν
1806 4650 1915 4718 γάρ

343 4736 576 4807 δύναμις
612 4739 751 4807 αὑτὴ
798 4738 844 4769 ³⁸
892 4739 975 4806 ἐφ’
1016 4739 1211 4809 ἑαυτὴν
1250 4738 1637 4808 κυϐισθήσεται
1668 4782 1680 4806 ,
1727 4741 1915 4808 γέγονε

340 4828 805 4899 δυναμοδύναμις,
842 4830 970 4883 ὅταν
1007 4830 1063 4882 δὲ
1111 4831 1338 4899 δύναμις
1386 4830 1478 4883 ἐπὶ
1508 4831 1695 4893 κύϐον,
1725 4833 1915 4900 γέγονε

343 4917 739 4987 δυναμόκυϐος,
779 4920 906 4971 ὅταν
944 4919 999 4971 δὲ
1035 4919 1201 4983 κύϐος
1232 4920 1322 4971 ἐπὶ
1367 4918 1560 4979 κύϐον,
1588 4918 1778 4986 γέγονε
1814 4938 1913 4973 κυ-

346 5008 580 5072 ϐόκυϐος
606 5010 670 5042 "-
701 5011 774 5075 ὡς
800 5011 1043 5079 γίνεσθαι
1068 5014 1193 5073 τοὺς
1227 5010 1432 5073 πάντας
1456 5010 1721 5080 ἀριθμοὺς
1751 5011 1912 5077 ἑπτὰ,

345 5100 431 5154 ἕνα
458 5103 490 5172 ἡ
520 5102 628 5154 τῶν
665 5105 974 5173 γενομένων
1004 5104 1217 5171 γένεσις
1240 5103 1465 5173 γένηται
1509 5104 1566 5169 ἐξ
1599 5103 1909 5172 ἑϐδομάδος,

2020 4551 2372 4620 implexiones
2445 4559 2499 4607 et
2537 4554 2817 4607 mistiones
2870 4553 2937 4607 ad
2995 4554 3393 4622 generationem
3446 4570 3580 4622 aug-

2021 4644 2183 4696 menti
2217 4641 2371 4708 ﬁunt,
2405 4658 2471 4697 ex
2500 4653 2688 4696 natura
2728 4653 3094 4711 generatorem
3160 4660 3440 4699 numerum
3474 4644 3585 4699 elli-

2017 4734 2243 4789 cientes.
2278 4733 2378 4789 Ubi
2412 4735 2554 4787 enim
2597 4744 2832 4802 potestas
2879 4735 2991 4803 ipsa
3025 4735 3465 4805 multiplicabitur
3492 4750 3581 4790 se-

2019 4847 2141 4885 cum
2179 4833 2315 4900 ipsa,
2352 4831 2564 4886 exsistit
2601 4832 3117 4901 tlyuamodynamis,
3152 4832 3238 4886 ubi
3276 4845 3452 4888 autem
3490 4850 3583 4903 po.

2018 4932 2183 4977 testas
2210 4937 2330 4976 cum
2367 4922 2538 4987 cubo,
2565 4922 2773 4977 exstitit
2801 4923 3235 4993 dynamocubus,
3272 4926 3359 4980 ubi
3401 4937 3583 4981 autem

2016 5014 2187 5068 cubus
2210 5029 2333 5067 cum
2369 5014 2529 5077 cubo,
2560 5014 2775 5067 exsistit
2807 5015 3138 5079 cubocubus,
3172 5027 3224 5070 ut
3255 5033 3445 5072 onmes
3484 5035 3584 5072 nu-

2020 5104 2151 5158 meri
2183 5104 2310 5157 liant
2355 5112 2584 5175 septem,
2616 5119 2721 5173 quo
2761 5117 2971 5167 eorum,
3003 5121 3121 5175 qua:
3149 5117 3401 5177 generata
3433 5117 3579 5173 sunt,

1612 5239 1847 5296 V'ARUE
1890 5241 2289 5301 LECTIONES.

451 5376 497 5448 ξ’
532 5376 920 5448 ἀριθμητικαὶν
954 5376 1281 5448 γεωμετρία
1339 5376 1379 5430 C

1495 5372 1732 5430 "0310:.
1793 5378 1997 5431 τούτων
2038 5380 2099 5442 C,
2146 5379 2217 5433 cf.
2268 5380 2417 5433 Sext.
2470 5380 2621 5445 Emp.
2666 5396 2715 5447 p.
2756 5380 2858 5434 '5”
2894 5382 2963 5436 M.

3065 5382 3113 5417 "
3150 5398 3269 5447 sqq.
3316 5381 3399 5436 Cl‘.
3448 5383 3583 5435 infra

339 5443 377 5499 l.
415 5446 502 5506 Vl,
537 5443 701 5509 mea,
729 5443 791 5512 'p.
837 5443 1100 5509 178,179
1134 5443 1219 5500 ed.
1252 5446 1425 5501 Oxon.
1497 5448 1541 5478 ὀ
1575 5448 1658 5501 cr.
1715 5448 1850 5498 infra
1883 5451 1916 5503 l.
1955 5450 2050 5509 τι,
2079 5466 2127 5503 c.
2162 5451 2251 5511 ιι,
2284 5468 2335 5516 ρ.
2380 5450 2496 5509 un.
2534 5443 2591 5501 ll
2630 5443 2852 5509 4—163.
2888 5452 2957 5505 ιι
2987 5462 3039 5503 et
3065 5470 3112 5507 ο.
3143 5443 3304 5516 t7,'p.
3345 5451 3461 5508 172.
3490 5454 3579 5505 ευ.

339 5517 408 5549 ‘3'
448 5516 876 5570 κατακολουθοῧν
893 5518 953 5578 C,
981 5516 1049 5570 Μ.
1120 5518 1165 5549 ’θ
1197 5532 1315 5586 sqq.
1348 5516 1575 5570 Prorsus
1603 5517 1797 5569 similia
1830 5518 2076 5585 leguntur
2100 5534 2259 5586 supra
2299 5520 2332 5571 Ι.
2368 5520 2403 5579 Ι,
2436 5535 2482 5572 c.
2514 5520 2569 5580 2.
2591 5536 2641 5582 p.
2684 5521 2767 5584 ιυ,
2796 5520 3028 5583 ει-ιε,
3063 5525 3149 5577 5:2.

1290 5587 1332 5617 ³²
1360 5587 1467 5659 ᾲπὸ
1501 5588 1710 5651 γένους.
1759 5587 1873 5659 ἀπὸ
1900 5588 1991 5641 τοῦ
2034 5589 2222 5659 γένους
2248 5589 2307 5651 Gs
2350 5590 2419 5642 Μ·
2492 5590 2537 5620 ³³
2580 5590 2841 5659 ὀνόματος
2882 5595 3076 5645 οἰκεῖον
3101 5593 3162 5649 C'
3240 5592 3283 5623 Ἀ
3314 5594 3341 5643 ὁ
3371 5587 3494 5657 l’d'o'
3523 5590 3583 5639 τὸ

1697 5695 1709 5709 .
1744 5657 1919 5725 ήσεως
1944 5659 2004 5723 C,
2040 5658 2125 5722 M;
2162 5658 2231 5713 cf.
2268 5674 2425 5729 supra
2458 5676 2507 5731 p.
2542 5660 2627 5727 l0,
2656 5657 2742 5714 46.
2818 5661 2861 5692 "
2886 5665 3021 5733 αὕτη
3054 5665 3112 5717 (ἶ.
3183 5664 3226 5702 ³⁷
3263 5659 3581 5719 mea-mem.

344 5586 389 5617 ιο
417 5588 449 5654 ἡ
472 5586 600 5649 δυάς
643 5590 719 5641 his
747 5586 808 5641 c.
886 5588 929 5618 ιι
964 5587 1118 5655 ἄρσις
1151 5587 1211 5641 c.

341 5656 448 5727 γὰρ
473 5654 537 5727 C,
574 5656 641 5727 Μ.
718 5659 763 5727 ³ῗ
786 5654 1010 5724 γένεσιν
1034 5657 1333 5727 αὐξήσεως.
1366 5657 1559 5711 ἕνωσιν
1594 5696 1607 5711 .
1643 5696 1655 5710 .

340 5724 704 5795 δυναμόκυϐος
737 5726 794 5780 C.

3231 5525 3297 5555 ’³⁸
3333 5524 3489 5591 ἄρσις
3518 5522 3578 5591 (Ζ.
