4044 6184
350 222 504 292 3123

1475 228 1774 290 CONTRA
1810 229 2174 290 H/ERESES
2211 231 2356 290 LIB.
2392 234 2458 292 Υ..

3465 245 3604 310 ,3126

363 377 3604 411 www—

476 535 778 654 ΤΟΥ
851 539 1269 652 ΚΑΤΑ
1347 540 1865 654 ΠΑΣΩΝ
1937 541 2676 657 ΑΙΡΕΣΕΩΝ
2747 540 3466 668 ΕΛΕΓΧΟΥ

1669 759 2109 850 ΒΙΒΛΙΟΝ
2179 754 2294 848 E'.

674 1114 1734 1236 REFUTATIONIS
1830 1120 2400 1241 OMNIUM
2507 1125 3291 1241 HZERESIUM

1461 1358 1830 1450 LIBER
1901 1361 2472 1466 QUINTUS.

409 1694 482 1742 α’.
525 1687 604 1760 [p.
651 1689 740 1746 95.
782 1688 872 1764 94]
914 1691 1056 1745 Τάδε
1099 1691 1309 1748 ἔνεστιν
1343 1693 1403 1747 ὲν
1433 1697 1500 1766 τῇ
1554 1697 1782 1772 πέμπτῃ
1813 1699 1908 1753 τοῦ

2082 1703 2136 1757 1.
2171 1653 2522 1774 ιθο-ιθί
2543 1704 2670 1761 l-lazc
2703 1706 2888 1763 insunt
2913 1709 2965 1764 in
2994 1709 3184 1780 quinto
3213 1708 3354 1767 libro
3398 1711 3598 1770 refuta-

323 1780 486 1833 κατὰ
515 1780 705 1833 πασῶν
735 1783 999 1853 αἱρέσεων
1027 1783 1252 1854 ἐλέγχου
1275 1801 1292 1816 ⁸

413 1872 485 1942 β’.
515 1874 651 1927 Τίνα
680 1876 727 1926 οἱ
761 1875 1077 1945 Ναασσηνοὶ
1108 1878 1158 1909 ⁸ο
1187 1877 1436 1946 λέγουσιν
1458 1881 1506 1932 οἱ
1539 1880 1764 1946 ἑαυτοὺς
1785 1870 1926 1951 γνωέ

325 1964 559 2026 -σ-τικοὺς
591 1965 1018 2033 ἀποκαλοῦντες,
1044 1969 1140 2020 καὶ
1166 1969 1248 2020 ὃτι
1287 1971 1468 2022 ἐκεῖνα
1497 1970 1916 2041 δογματίζουσιν

325 2056 369 2109 ἃ
406 2057 672 2127 πρότερον
695 2058 746 2110 οἱ
783 2058 1054 2128 Ἑλλήνων
1096 2060 1376 2129 φιλόσοφοι
1415 2062 1781 2133 ὲδογμάτισαν
1810 2066 1907 2118 καὶ

331 2147 385 2198 οἱ
415 2147 458 2176 ⁵⁸
487 2147 556 2200 τὰ
601 2149 842 2217 μυστικὰ
873 2151 1231 2219 παραδόντες,
1273 2153 1364 2221 ἀφ’
1409 2146 1485 2207 ὧν
1532 2154 1632 2218 τὰς
1659 2156 1918 2226 ἀφορμὰς

329 2233 593 2297 λαϐόντες
613 2236 854 2305 αἱρέσεις
896 2240 1321 2309 συνεστήσαντο.

405 2325 475 2392 γ’.
501 2327 611 2381 Καὶ
632 2328 753 2380 τίνα
773 2328 841 2381 τὰ
861 2332 977 2393 τοῖς
1002 2331 1270 2401 Περάταις
1297 2332 1576 2400 δοκοῦντα,
1605 2335 1701 2387 καὶ
1727 2333 1810 2387 ὅτι
1839 2335 1915 2406 μὴ

331 2417 444 2470 ἀπὸ
475 2419 584 2471 τῶν
616 2421 784 2488 ἁγίων
812 2423 1044 2495 Γραφῶν
1067 2426 1128 2477 τὸ
1157 2425 1332 2495 δόγμα
1360 2427 1543 2490 αὐτοῖς
1576 2427 1914 2493 συνίσταται,

331 2509 472 2562 ἀλλὰ
499 2511 607 2564 ἀπὸ
633 2513 1048 2587 ἀστρολογικῆς.

404 2601 466 2658 δ’.
514 2604 610 2667 Τίς
653 2607 682 2657 ὁ
717 2606 862 2660 κατὰ
898 2609 1027 2670 τοὺς
1068 2607 1369 2679 Σηθιανοὺς
1411 2612 1458 2641 ⁸·
1489 2611 1683 2678 λόγος,
1714 2611 1808 2665 καὶ
1833 2612 1914 2664 ὅτι

325 2699 443 2752 ἀπὸ
464 2701 572 2753 τῶν
609 2700 731 2752 καθ’
753 2700 799 2730 ³³
833 2699 1102 2769 Ἕλληνας
1129 2700 1307 2769 σοφῶν
1346 2701 1841 2773 κλεψιλογήσαντες
1868 2702 1916 2734 ⁸⁵

325 2792 612 2846 ’Μουσαίου
641 2793 688 2824 ⁸⁵
707 2793 804 2845 καὶ
833 2791 994 2844 Λίνου
1013 2791 1108 2844 καὶ
1147 2792 1389 2864 Ὀρφέως
1410 2793 1469 2846 τὸ
1492 2792 1671 2864 δόγμα
1701 2794 1914 2847 ἑαυτῶν

331 2884 762 2938 πνεκάττυσαν.

405 2975 465 3029 ε’.
509 2977 643 3028 Τίνα
691 2977 759 3028 τὰ
812 2976 1084 3046 Ἰουστίνῳ
1127 2975 1387 3029 δοκοῦντα
1412 3019 1425 3041 ,
1457 2978 1550 3030 καὶ
1586 2978 1667 3030 ότι
1690 2978 1775 3048 ιμὴ
1807 2977 1914 3031 ἀπὸ

2024 1793 2184 1849 tionis
2212 1796 2454 1848 omnium
2501 1797 2784 1850 hmresium
2813 1812 2829 1850 :

2035 1896 2046 1905 ·
2091 1884 2145 1937 2.
2175 1882 2304 1950 Quae
2338 1881 2596 1939 Naasseni
2634 1886 2850 1952 dicant,
2873 1887 2965 1956 qui
3010 1903 3068 1944 se
3110 1891 3385 1957 gnosticos
3414 1893 3596 1963 appel-

2019 1973 2131 2027 lant
2157 1992 2170 2028 :
2207 1989 2344 2044 quos
2371 1975 2458 2030 illa
2503 1977 2740 2045 proliteri
2767 2016 2784 2042 ,
2812 1993 2930 2047 quae
2957 1979 3107 2047 prius
3133 1980 3445 2036 Grrecorum
3477 1984 3595 2052 phi-

2019 2066 2228 2134 losophi
2258 2076 2319 2134 et
2371 2068 2408 2121 ii
2443 2068 2534 2136 qui
2564 2069 2792 2138 mystica
2836 2070 3174 2125 tradiderunt
3205 2072 3434 2142 professi
3461 2075 3592 2139 sint.

2010 2169 2049 2208 a
2077 2156 2274 2225 quibus
2313 2157 2544 2226 proiecti
2579 2159 2812 2214 haereses
2843 2159 3202 2215 condiderint.

2087 2335 2141 2389 '5.
2187 2333 2255 2388 Et
2285 2348 2529 2403 quamam
2582 2337 2781 2404 placita
2816 2336 2926 2390 sint
2953 2335 3267 2393 Peratarum
3293 2381 3309 2407 ,
3360 2357 3589 2411 quorum

2021 2425 2217 2494 dOgma
2252 2441 2357 2480 non
2388 2426 2687 2480 manaverit
2740 2441 2770 2480 a
2813 2428 2987 2482 sacris
3029 2428 3357 2498 Scripturis,
3392 2435 3484 2488 sed
3522 2435 3590 2488 ab

2016 2517 2358 2586 astrologica.

2086 2607 2140 2661 4.
2173 2607 2303 2675 Quae
2337 2608 2578 2662 doctrina
2613 2608 2685 2663 sit
2720 2607 3122 2673 Sethianorum,
3187 2613 3302 2680 qui,
3338 2625 3586 2682 surrepta

2015 2697 2322 2754 Graecorum
2346 2701 2646 2768 sapientum
2669 2702 2934 2766 doctrina,
2959 2701 3165 2770 Musaei,
3191 2703 3336 2771 Lini,
3357 2703 3583 2775 Orphei,

2016 2804 2170 2844 suum
2206 2789 2398 2860 dogma
2430 2793 2950 2848 consarcinaverint.

2087 2975 2140 3029 5.
2174 2976 2303 3042 Quae
2327 2975 2440 3030 sint
2465 2976 2660 3046 placita
2687 2975 2908 3042 Justini,
2934 2977 3087 3046 cuius
3109 2981 3300 3048 dogma
3329 2995 3432 3034 non
3457 2996 3587 3051 pro-

327 3066 445 3119 τῶν
497 3068 669 3136 ἁγίων
712 3067 944 3139 Γραφῶν
980 3068 1041 3120 τὸ
1088 3069 1265 3138 δόγμα
1305 3067 1453 3138 αὐτῷ
1486 3069 1532 3099 ⁸⁸
1574 3046 1909 3132 συνίσταται,

2017 3065 2217 3121 fectum
2253 3065 2324 3120 sit
2356 3079 2386 3118 a
2421 3066 2595 3120 sacris
2613 3065 2930 3135 Scripturis,
2971 3068 3062 3122 sed
3094 3081 3163 3122 ex
3185 3046 3586 3123 Herodoti'mi-

327 3159 448 3211 ἀλλ’
473 3163 537 3213 ὲκ
576 3161 683 3213 τῶν
723 3159 1006 3231 Ἡροδότου
1043 3160 1086 3191 ³⁷
1119 3161 1213 3214 τοῦ
1275 3159 1706 3232 ἱστοριογράφου
1753 3176 1912 3230 τερα-

328 3251 622 3318 τολογιῶν.
675 3253 686 3322 ξ

407 3341 481 3407 ς’.
516 3343 665 3395 Πάνυ
698 3343 910 3412 νομίζω
946 3343 1347 3414 πεπονημένως
1391 3345 1460 3398 τὰ
1494 3344 1729 3410 δόξαντα
1768 3347 1909 3398 πᾶσι

327 3437 446 3497 τοῖς
487 3433 611 3488 καθ’
658 3433 705 3466 ⁵⁸
749 3434 1018 3504 Ἕλληνάς
1064 3452 1124 3488 τε
1172 3435 1265 3489 καὶ
1309 3435 1617 3507 βαρϐάρους
1671 3435 1912 3508 [φιλοσόο

330 3528 480 3600 φοις]
509 3530 554 3560 ⁸³
593 3529 723 3600 περί
774 3547 831 3581 τε
871 3526 965 3581 τοῦ
996 3528 1153 3582 Θείου
1192 3530 1286 3581 καὶ
1319 3529 1419 3598 τῆς
1441 3529 1535 3582 τοῦ
1580 3529 1787 3598 κόσμου
1821 3531 1909 3600 δη-

336 3620 631 3691 μιουργίας
666 3621 1002 3674 ἐκτεθεῖσθαι
1054 3624 1111 3673 ἐν
1155 3623 1278 3683 ταῖς
1318 3621 1362 3652 ⁸ο
1412 3621 1518 3692 πρὸ
1547 3620 1752 3691 ταύτης
1789 3621 1912 3673 τέσ-

333 3729 499 3783 σαρσι
523 3714 742 3783 βίϐλοις,
772 3706 846 3766 ὧν
873 3713 992 3767 οὐδὲ
1008 3712 1076 3766 τὰ
1099 3713 1370 3784 περίεργα
1401 3711 1743 3784 παραλείψας
1776 3712 1817 3742 ⁶¹
1850 3712 1910 3764 οὐ

331 3805 432 3856 τὸν
456 3806 680 3873 τυχόντα
710 3805 868 3856 πόνον
895 3804 1264 3874 ἀναδέδεγμαι
1294 3804 1338 3834 ⁸³
1356 3807 1467 3867 τοῖς
1495 3802 1906 3872 ἐντυγχάνουσι,

336 3898 778 3967 προτρεπόμενος
810 3897 1036 3960 πολλοὺς
1063 3897 1199 3967 πρὸς
1230 3896 1591 3966 φιλομάθειαν
1614 3897 1709 3948 καὶ
1734 3896 1910 3966 ἀσφάο

337 3989 494 4040 λειαν
525 3987 619 4056 τῆς
650 3989 779 4058 περὶ
804 3989 904 4057 τὴν
939 3987 1199 4058 ἀλήθειαν
1219 3985 1497 4055 γνώσεως.
1524 3985 1910 4057 Περιλείπεται

230 4127 237 4134 .
334 4079 514 4131 τοίνυν
549 4079 640 4131 ἐπὶ
675 4080 764 4132 τον
808 4079 916 4132 τῶν
944 4077 1212 4147 αἱρέσεων
1248 4077 1466 4146 ἔλεγχον
1505 4078 1706 4147 ὀρμᾴν,
1733 4067 1791 4128 οὗ
1817 4076 1914 4145 χά-

339 4188 426 4241 ριν
450 4171 494 4201 ⁶³
529 4170 625 4224 καὶ
644 4169 712 4221 τὰ
737 4169 1114 4240 προειρημένα
1137 4170 1270 4239 ἡμῖν
1300 4166 1688 4236 ὲκτεθείμεϐα,
1713 4167 1807 4234 ἀφ’
1838 4161 1913 4220 ὧν

337 4264 439 4324 τὰς
480 4261 746 4331 ἀφορμὰς
797 4260 1170 4331 μετασχόντες
1207 4260 1250 4291 ”
1295 4260 1344 4312 οἱ
1368 4259 1720 4330 αἱρεσιάρχαι
1758 4259 1913 4330 δίκην

336 4353 776 4424 παλαιορρἀων
822 4351 1347 4423 [συγκ]αττύσαντες
1382 4351 1426 4383 ⁸⁸
1481 4351 1617 4422 πρὸς
1645 4349 1736 4402 τὸν
1782 4351 1912 4404 ἱδιον

335 4446 464 4499 νοῦν
493 4447 564 4499 τὰ
610 4445 720 4498 τῶν
773 4443 1020 4496 παλαιῶν
1074 4443 1365 4512 σφάλματα
1395 4443 1472 4504 ὡς
1505 4443 1672 4495 καινὰ
1695 4443 1748 4472 ⁸⁸
1777 4458 1916 4511 παρ-

331 4537 530 4589 έθεσαν
559 4539 670 4598 τοῖς
711 4535 1014 4588 πλανᾶσθαι
1055 4533 1373 4604 δυναμένοις
1395 4575 1409 4599 ,
1440 4534 1516 4596 ὡς
1545 4535 1603 4586 ἐν
1636 4537 1750 4598 τοῖς
1794 4535 1916 4588 ἀκο-

334 4627 550 4688 λούθοις
568 4626 834 4696 δείξομεν.
863 4625 936 4677 Τὸ
953 4624 1140 4677 λοιπὸν
1166 4623 1523 4694 προκαλεῖται
1553 4625 1702 4695 ἡμᾶς
1727 4626 1755 4676 ό
1787 4623 1913 4693 χρό-

335 4735 424 4779 νος
463 4719 557 4770 ὲπὶ
577 4720 674 4788 τὴν
701 4716 809 4769 τῶν
835 4717 1218 4788 προκειμένων
1258 4715 1644 4788 πραγματείαν
1688 4717 1905 4786 χωρεῖν,

337 4809 673 4879 ἄρξασθαιδὲ
696 4809 802 4863 ἀπὸ
821 4810 930 4862 τῶν
948 4808 1359 4880 τετολμηκότων
1374 4809 1647 4860 τδναίτιον
1664 4810 1762 4878 τῆς
1777 4807 1907 4860 πλόι⁴

340 4917 435 4970 νης
488 4899 566 4972 [ρ.
619 4900 706 4954 94.
743 4899 834 4971 95]
870 4900 1161 4970 γενόμενον
1210 4899 1331 4968 ὅφιν
1385 4900 1574 4968 ὑμνεῖν
1624 4898 1711 4951 διά
1751 4915 1910 4951 τινων

2015 3155 2281 3212 raculosis
2312 3156 2737 3212 narrationibus.

2087 3357 2138 3412 6.
2183 3355 2331 3411 Satis
2366 3356 2556 3426 Opinor
2583 3364 2837 3411 accurate
2868 3370 2986 3424 quae
3010 3357 3315 3425 placuerint
3335 3359 3586 3414 omnibus

2012 3457 2067 3500 et
2101 3448 2240 3500 inter
2263 3445 2481 3501 Graecos
2520 3455 2575 3499 et
2605 3445 2745 3499 inter
2777 3445 3036 3499 barbaros
3069 3445 3401 3514 philosophis
3431 3457 3484 3500 et
3519 3449 3586 3501 de

2014 3537 2197 3592 divino
2234 3536 2453 3590 numine
2493 3545 2547 3590 et
2597 3535 2664 3590 de
2717 3534 2926 3588 fabrica
2973 3536 3157 3589 mundi
3186 3536 3430 3604 exposita
3461 3551 3584 3592 esse

2014 3627 2068 3681 in
2103 3637 2340 3696 quatuor
2374 3626 2526 3680 libris
2559 3626 2822 3696 proximis
2844 3624 3227 3693 superioribus,
3259 3641 3484 3695 quorum
3515 3642 3585 3683 ne

2013 3716 2300 3786 prmstigiis
2330 3715 2544 3784 quidem
2577 3714 2952 3783 praetermissis
2972 3730 3075 3768 non
3105 3715 3316 3768 inanem
3348 3716 3582 3771 laborem

2014 3808 2223 3877 suscepi
2259 3807 2500 3871 lecturis,
2534 3806 2767 3859 incitans
2802 3804 2998 3859 multos
3020 3805 3085 3859 ad
3115 3805 3352 3860 discendi
3379 3807 3587 3876 cupidi-

2017 3909 2176 3956 tatem
2201 3909 2253 3954 et
2289 3898 2354 3952 ad
2377 3906 2579 3952 certam
2605 3897 2968 3968 cognitionem
3000 3898 3266 3952 veritatis.
3303 3899 3586 3970 Relinqui-

2017 4001 2104 4045 tur
2148 4006 2277 4060 ergo
2326 3989 2704 4044 refutationem
2738 3988 3024 4042 haeresium
3066 3991 3330 4060 aggredi,
3366 4000 3587 4060 propter

2016 4097 2174 4154 quam
2204 4083 2368 4138 etiam
2401 4096 2561 4150 supra
2591 4096 2623 4135 a
2653 4081 2808 4134 nobis
2845 4079 2988 4133 dicta
3011 4081 3383 4150 exposuimus,
3414 4096 3442 4133 a
3473 4081 3598 4150 qui-

2017 4175 2116 4228 bus
2143 4173 2367 4243 profecti
2401 4172 2772 4227 hreresiarchaz
2809 4172 2982 4226 instar
3005 4171 3584 4225 veteramentariorum

2018 4259 2390 4314 consarcinata
2443 4259 2508 4313 ad
2540 4259 2778 4329 ipsorum
2809 4259 3111 4328 opinionem
3137 4266 3377 4312 veterum
3402 4268 3586 4313 errata

2019 4358 2272 4417 tanquam
2303 4364 2436 4402 nova
2474 4359 2866 4418 proposuerunt
2901 4352 2967 4404 iis
3007 4350 3099 4418 qui
3148 4349 3201 4403 in
3227 4363 3470 4403 errorem
3507 4349 3588 4403 in-

2022 4439 2142 4495 duci
2174 4450 2420 4509 pnssunt,
2459 4442 2588 4496 utin
2624 4440 2691 4496 iis
2714 4457 2832 4511 quae
2862 4452 3160 4512 sequuntur
3191 4442 3588 4496 demonstrabi-

2018 4544 2161 4585 mus.
2195 4527 2315 4583 Jam
2345 4539 2604 4599 provocat
2631 4545 2728 4586 nos
2751 4541 2959 4602 tempus
2986 4533 3052 4587 ad
3081 4547 3290 4597 eorum,
3317 4546 3434 4600 qua:
3464 4541 3589 4586 sunt

2016 4622 2188 4677 nostri
2216 4622 2416 4690 operis,
2461 4622 2833 4677 tractationem
2867 4624 3127 4678 accedere
3152 4662 3166 4684 ,
3209 4622 3364 4677 initio
3395 4623 3463 4676 ab
3507 4621 3587 4676 eis

2011 4715 2203 4780 ducto,
2238 4714 2330 4783 qui
2355 4714 2470 4767 ausi
2506 4723 2632 4769 sunt
2656 4714 2860 4770 erroris
2897 4714 3271 4786 132-133
3308 4723 3582 4769 auctorem

2010 4815 2316 4876 serpentem
2353 4807 2629 4862 celebrare
2672 4822 2768 4876 per
2810 4809 3074 4876 quasdam
3124 4810 3291 4878 ipsius
3322 4809 3583 4864 instinctu
3691 4809 3694 4811 λ

2021 4898 2268 4951 inventas
2298 4897 2581 4952 dictiones.
2642 4897 2808 4974 Igitur
2840 4898 3151 4953 sacerdotes
3207 4907 3260 4953 et
3315 4899 3588 4954 antistites

1594 5043 1832 5099 VARle
1869 5041 2272 5100 LECTIONES.

415 5204 460 5234 ⁸⁸
495 5202 771 5274 Νασσηνοὶ
814 5205 874 5263 C.
913 5206 989 5258 Μ.
1066 5210 1110 5240 ⁸¹
1141 5209 1236 5261 καὶ
1274 5209 1322 5260 οἱ
1372 5207 1466 5260 καὶ
1501 5208 1580 5259 ὅτι
1630 5205 1692 5266 C,
1729 5203 1798 5258 Μ.
1875 5205 1920 5238 ⁸²
1964 5203 2290 5274 Σηοειανοὺς
2334 5201 2397 5269 C,
2440 5203 2509 5267 Μ,

2549 5206 2690 5275 quod
2731 5205 2929 5272 ubique
2967 5206 3323 5261 correximus.
3399 5207 3447 5243 ³³
3470 5211 3594 5262 κατ’

342 5273 402 5346 C.
473 5274 1044 5346 ’δγκλεψολνλγήσαντες
1072 5278 1140 5342 C,
1167 5294 1330 5342 supra
1358 5295 1406 5346 p.
1442 5277 1560 5337 1‘28.
1595 5276 1665 5346 ΞΟ
1695 5276 1828 5326 dixit
1865 5285 2050 5326 auctor
2081 5274 2452 5346 κλεψιλόγους.
2481 5273 2620 5327 Idem
2657 5277 2706 5329 in
2748 5276 2882 5330 libro
2926 5277 3097 5346 primo
3128 5293 3181 5346 p.
3212 5277 3263 5341 6,
3296 5277 3364 5331 86
3389 5281 3594 5334 τούτων

341 5343 710 5432 ζίὰρσμὰλιστα
753 5343 1070 5432 γεγένηνται
1113 5343 1420 5432 Qad/{low
1454 5345 1642 5432 alia»)
1674 5346 1937 5432 arips'afpw
1977 5343 2561 5432 πρωτοστῇτήσαντεω
2601 5361 2717 5413 qua:
2753 5361 2930 5432 voces.
2959 5343 3211 5432 adtendat
3263 5349 3466 5412 lexicis,
3519 5348 3590 5404 Μ.

342 5417 387 5449 ⁸⁵
427 5415 671 5486 Μουσέου
701 5413 774 5473 (Σ.
835 5418 878 5449 ⁸⁸
913 5413 1092 5469 αὐτῶν
1122 5418 1183 5470 C.
1224 5413 1305 5449 ’⁸⁷
1353 5413 1752 5486 Ἠρωδότου-β.
1829 5415 1873 5445 ⁸³
1912 5431 2014 5466 κατ

2091 5415 2149 5468 C.
2227 5415 2272 5445 '°
2300 5414 2613 5482 φιλοσόφοις
2655 5431 2763 5468 om.
2794 5415 2856 5477 C,
2885 5414 2954 5467 Μ.
3031 5416 3076 5445 ⁰⁰
3107 5418 3244 5477 ταῖς.
3285 5420 3398 5480 τοῖς
3426 5419 3488 5480 (3,
3523 5420 3589 5472 Μ.

347 5486 390 5517 ⁸⁸
415 5485 774 5556 παραλείῲας.
815 5487 1170 5555 ἀποκαλύψας
1204 5488 1263 5550 C,
1295 5487 1362 5541 Μ.
1423 5481 1484 5518 ’⁸³
1509 5484 1886 5556 ἀναδέδειγμαι
1921 5485 2105 5556 ριἠϐ.
2183 5483 2227 5515 ⁸³
2263 5481 2322 5540 οὗ
2350 5481 2544 5556 χάριν.
2582 5483 2770 5537 τούτου
2803 5485 2962 5556 χάριν
2990 5483 3062 5549 Μ,
3085 5487 3177 5554 qui
3211 5485 3263 5556 in
3294 5489 3429 5542 Add.
3473 5503 3592 5540 vnn.

342 5553 531 5607 τούτου
561 5553 771 5611 litteras
812 5559 863 5610 in
894 5557 934 5611 C
975 5553 1194 5626 prorsus
1231 5562 1437 5610 ablatas
1483 5556 1632 5610 divit.
1713 5555 1757 5584 “
1776 5554 2169 5676 ιμετασχόντες.
2209 5553 2604 5624 μεταλαϐόντες
2633 5569 2781 5625 susp.
2823 5553 2891 5609 Μ.
2997 5556 3041 5586 ⁸⁸
3073 5553 3594 5629 [συγκμττύσαντις

348 5621 396 5675 Μ
431 5624 482 5676 in
509 5624 644 5676 Add.
682 5644 694 5676 :
728 5666 742 5676 .
771 5666 784 5676 .
822 5666 836 5676 .
879 5668 892 5676 .
929 5665 944 5676 .
972 5627 1368 5676 αταττύσαντες
1398 5628 1456 5676 (ἶ.
1536 5627 1579 5657 ⁶⁴
1612 5624 1740 5676 κενὰ
1821 5663 1833 5676 .

348 5621 396 5675 Μ
431 5624 482 5676 in
509 5624 644 5680 Add.
682 5644 694 5677 :
728 5666 742 5679 .
771 5666 784 5680 .
822 5666 836 5680 .
879 5668 892 5681 .
929 5665 944 5684 .
972 5621 1368 5690 αταττύσαντες
1398 5628 1456 5680 (ἶ.
1536 5627 1579 5657 ⁶⁴
1612 5624 1740 5678 κενὰ

683 5722 948 5782 ΡΑτιιοι.
996 5722 1109 5781 Gn.
1158 5720 1314 5781 XVI.

3257 5715 3331 5780 99
