4044 6184
333 292 474 363 τισι

1457 291 1753 353 CONTRA
1785 290 2148 351 H/ERESES
2184 291 2326 350 LIB.
2364 292 2429 353 ν.

3424 292 3566 358 3192

334 402 723 474 πραγματείαν
763 401 1006 473 βούλεται
1044 400 1257 475 μαθεῖν,
1314 401 1583 470 ἐντυχέτω
1630 399 1818 469 βιϐλίῳ
1854 396 1899 428 ’°
1930 447 1932 454 .

2022 402 2300 455 Ioctrinam
2335 401 2477 456 volet.
2521 413 2868 468 cognoscere,
2903 398 3154 468 inSpiciat
3214 400 3431 467 librum,
3474 407 3564 474 qui

335 494 764 567 ἐπιγραφομένῳ
805 495 960 565 Παρά
992 494 1001 564 |
1034 511 1232 565 φρασις
1272 492 1411 564 Σήθ·
1454 492 1631 546 πάντα
1690 490 1798 560 γὰρ
1834 488 1901 543 τὰ

335 586 627 657 ἀπόρρητα
656 585 833 639 αὐτῶν
855 587 970 639 ἐκεῖ
1002 586 1223 656 εὑρήσει
1248 583 1562 654 ἐγκείμενα.
1609 582 1749 634 Ἀλλ’
1773 582 1896 633 ἐπεὶ

291 715 299 727 .
335 675 409 731 τὰ
435 677 575 731 κατὰ
608 678 733 739 τοὺς
759 677 1049 745 Σηθιανοὺς
1083 674 1397 746 ἐξεθὲμεθα,
1429 675 1627 744 ἴδωμεν
1648 673 1766 725 τίνα
1787 672 1905 723 ἐστὶ

336 768 434 821 καὶ
466 767 534 820 τὰ
581 768 851 838 Ἰουστίνῳ
885 768 1163 821 δοκοῦντα.

407 866 517 929 κγ’.
557 860 842 921 Ἰουστίνος
871 860 1046 929 πάντη
1068 860 1311 922 ἐναντίος
1338 861 1405 929 τῇ
1427 858 1535 910 τῶν
1565 858 1733 925 ἁγίων
1765 857 1906 926 Γρα-

339 952 461 1022 φῶν
490 950 785 1020 γενόμενος
812 951 1018 1021 διδαχῇ,
1049 951 1269 1020 προσέτι
1293 950 1349 1003 δὲ
1378 951 1475 1003 καὶ
1500 953 1566 1020 τῇ
1594 950 1703 1003 τῶν
1731 967 1907 1019 μακα-

339 1043 473 1113 ρίων
508 1040 907 1109 εὐαγγελιστῶν
947 1042 1207 1111 ἐγγράφῳ
1234 1042 1275 1072 ν’
1305 1044 1479 1111 φωνῇ,
1510 1041 1585 1103 ὡς
1626 1040 1906 1092 ἐδίδασκεν

336 1134 366 1186 ὁ
399 1133 572 1200 Λόγος
599 1132 726 1195 τοὺς
776 1132 1022 1201 μαθητὰς
1054 1132 1225 1201 λέγων
1246 1150 1259 1163 ·
1291 1136 1393 1197 Εἰς
1443 1131 1586 1184 ὁδὸν
1608 1130 1798 1184 ἐθνῶν
1816 1130 1903 1198 μὴ

338 1224 641 1289 ἀπέλθητε
666 1224 733 1286 ",
764 1224 900 1292 ὅπερ
923 1223 1073 1291 δηλοί
1106 1223 1179 1292 μὴ
1199 1222 1484 1292 προσέχειν
1507 1224 1572 1290 τῇ
1593 1221 1699 1273 τῶν
1736 1220 1905 1273 ἐθνῶν

338 1315 550 1387 ματαίᾳ
599 1314 935 1384 διδασκαλίᾳ,
963 1305 1115 1377 οὗτος
1156 1315 1248 1365 ἐπὶ
1293 1312 1361 1365 τά
1398 1312 1564 1363 ἐθνῶν
1619 1310 1905 1381 τερατολο-

337 1406 583 1475 γούμενα
617 1404 711 1457 καὶ
742 1404 1104 1473 διδασκόμενοι
1147 1405 1441 1471 ἀναγαγεῖν
1496 1405 1754 1473 πειρᾶται
1784 1403 1909 1463 τοὺς

337 1496 744 1566 ἀκροωμένους,
764 1495 1038 1559 αὑτολεξεὶ
1060 1496 1128 1547 τά
1164 1496 1291 1565 παρ’
1314 1493 1537 1564 Ἕλλησι
1570 1493 1910 1563 μυθευόμενα

338 1584 715 1656 διηγούμενος,
763 1584 885 1637 οὔτε
916 1585 1181 1654 πρότερον
1212 1584 1427 1649 διδάξας
1480 1584 1603 1636 οὔτε
1634 1583 1909 1653 παραδοὺς

337 1677 402 1729 τὸ
437 1677 641 1729 τέλειον
674 1676 836 1729 αὑτοῦ
882 1680 1198 1746 μυστήριον,
1230 1680 1279 1729 εί
1327 1679 1402 1749 μὴ
1436 1678 1583 1747 ὅρκῳ
1639 1677 1776 1747 δήσῃ
1816 1675 1907 1726 τὸν

2008 491 2318 545 inscribitur
2375 491 2724 560 Paraphrasis
2766 491 2920 545 Setb.
2952 489 3146 546 Omnia
3196 493 3339 546 enim
3370 508 3572 548 arcana

2007 595 2191 635 eorum
2222 582 2292 635 ibi
2322 582 2558 637 inveniet
2600 582 2854 651 reposita.
2886 582 2989 637 Sed
3028 592 3309 652 postquam
3365 582 3574 638 Setbia-

2006 687 2199 725 normn
2253 675 2465 727 decreta
2512 672 2907 736 enarrat-imus,
2953 674 3234 727 videamus
3282 675 3446 730 etiam
3484 690 3572 739 ea,

2005 777 2125 829 quae
2151 761 2364 815 Justino
2392 762 2727 830 placuerunt.

2076 852 2434 909 25.1nstinus
2474 856 2540 909 ab
2566 855 2711 907 omni
2752 865 2900 923 parte
2941 870 3215 911 sacrarum
3262 856 3575 928 Scriptura-

2009 959 2126 997 rum
2184 945 2463 1009 doctrinae,
2515 955 2775 1013 praeterea
2828 956 3006 1000 autem
3069 950 3231 1001 etiam
3293 950 3572 1005 beatorum

2006 1035 2454 1105 evangelistarum
2507 1037 2819 1092 adversatus
2874 1039 3072 1105 scripto
3112 1050 3385 1106 concepte
3436 1043 3574 1105 voci,

2010 1135 2067 1180 ut
2102 1128 2330 1182 docebat
2384 1128 2558 1197 Lagus
2592 1128 2883 1196 discipulos
2919 1131 3139 1184 dicens:
3174 1130 3240 1185 In
3284 1133 3419 1185 riam
3453 1149 3580 1201 gen-

2008 1220 2137 1272 tium
2177 1235 2239 1272 ne
2286 1220 2541 1283 abici-itis,
2588 1222 2730 1288 quod
2771 1223 2985 1290 quidem
3035 1223 3328 1292 signiticat,
3362 1240 3427 1279 ne
3457 1225 3580 1293 quis

2011 1323 2168 1362 aures
2203 1312 2431 1378 prasbeat
2464 1312 2801 1365 ethnicorum
2834 1327 2982 1365 vana:
3008 1314 3372 1373 doctrinm.—
3398 1317 3481 1369 liic
3510 1317 3578 1368 ad

2009 1401 2348 1455 ethnicorum
2396 1403 2714 1457 miraculosa
2753 1414 3055 1458 commenta
3083 1414 3135 1458 et
3177 1406 3370 1472 placita
3410 1416 3581 1460 retra-

2012 1489 2142 1543 here
2178 1491 2365 1544 nititur
2392 1492 2779 1559 auscultantes,
2813 1494 2942 1561 ipsis
2974 1495 3148 1550 verbis
3186 1496 3323 1564 apud
3363 1494 3582 1549 Grzecos

2013 1578 2256 1635 fabulose
2288 1592 2504 1634 narrata
2549 1584 2881 1647 edissercns,
2950 1599 3122 1652 neque
3159 1586 3307 1653 prius
3359 1587 3579 1645 docens.

2013 1687 2185 1741 neque
2239 1674 2458 1728 tradens
2508 1674 2806 1741 perfectum
2878 1690 3033 1729 sumn
3084 1678 3422 1746 mysterium,
3476 1680 3581 1731 nisi

340 1765 715 1835 πλανώμενον.
766 1768 995 1821 Ἔπειτα
1036 1770 1159 1830 τοὺς
1207 1768 1406 1838 μύθους
1444 1767 1773 1838 παρατίθησι
1805 1767 1906 1835 ψυ-

2033 1764 2359 1831 urejurando
2399 1766 2717 1818 astrinxerit
2750 1767 3056 1820 seductum.
3108 1766 3313 1821 Deinde
3372 1768 3585 1820 fabulas

339 1859 621 1926 χαγωγίας
649 1858 831 1929 χάριν,
866 1860 1014 1921 ὅπως
1038 1861 1087 1911 οἱ
1121 1860 1546 1928 ἐντυγχάνοντες
1582 1862 1647 1929 τῇ
1694 1858 1801 1909 τῶν
1831 1857 1910 1926 βία

342 1948 488 2001 ὅλων
514 1949 801 2020 ἀναρίθμῳ
832 1951 1072 2020 φλυαρία
1124 1951 1471 2021 παραμύθιον
1513 1952 1674 2020 ἔχωσι
1705 1951 1772 2003 τὰ
1808 1968 1907 2020 μυ-

341 2040 611 2111 θευόμενα
652 2040 731 2107 (ὃν
758 2043 959 2111 τρόπον
998 2041 1052 2093 εἴ
1099 2060 1179 2106 τις
1226 2043 1342 2095 ὁδὸν
1391 2045 1608 2114 μακρὰν
1659 2042 1909 2112 βαδίζων,

346 2131 678 2202 παρατυχὼν
711 2132 1051 2202 καταλύματι
1079 2133 1124 2164 ⁸³
1156 2134 1531 2187 ἀναπαύεσθαι
1587 2134 1776 2197 δοκεῖ),
1818 2136 1913 2187 καὶ¹

340 2221 518 2285 οὕτως
548 2222 705 2275 πάλιν
739 2224 831 2275 ἐπὶ
876 2223 973 2292 τὴν
1002 2225 1109 2277 τῶν
1139 2225 1581 2292 ἀναγνωσμάτων
1614 2226 1915 2295 τραπέντες

342 2313 717 2383 πολυμάθειαν
767 2314 841 2385 μὴ
880 2316 1202 2386 μισήσωσιν,
1251 2316 1354 2378 ἕως
1386 2315 1476 2367 ἐπὶ
1518 2316 1575 2368 τὸ
1604 2316 1696 2367 ὑπ’
1749 2315 1912 2367 αὑτοῦ

342 2406 737 2476 τεχναζόμενον
785 2406 1041 2475 ἁνόμημα
1098 2406 1187 2459 διὰ
1249 2407 1508 2460 πλειόνων
1558 2405 1914 2475 ἐξηχηθέντες

346 2500 634 2567 ὁρμήσωσι
663 2499 1034 2565 τετυφωμένοι
1066 2498 1134 2561 ⁹δ,
1185 2496 1277 2560 οὓς
1310 2500 1555 2567 φρικτοῖς
1605 2499 1915 2568 καταδήσας

348 2587 617 2657 πρότερον
643 2587 823 2658 ὅρκοις
859 2587 994 2656 μήτε
1024 2587 1259 2650 ἐξειπεῖν
1289 2590 1424 2658 μήτε
1464 2588 1763 2655 ἀποστῆναι
1791 2591 1919 2657 ὁμο-

347 2673 533 2745 λογεῖν
572 2679 911 2745 ἀναγκάσας,
940 2676 1083 2729 οὕτω
1124 2679 1460 2746 παραδίδωσι
1493 2681 1561 2731 τά
1609 2678 1698 2731 ὑπ’
1749 2677 1914 2730 αὑτοῦ

348 2769 697 2839 ἐφευρημένα
726 2767 863 2837 μετὰ
894 2768 1150 2829 ἀσεϐείας
1185 2769 1479 2838 μυστήρια,
1517 2769 1591 2838 πῆ
1631 2768 1748 2838 μὲν,
1777 2767 1919 2821 καθὰ

347 2860 719 2931 προείπομεν,
800 2858 989 2927 μύθοις
1049 2859 1381 2928 Ἑλληνικοῖς
1430 2861 1794 2929 χρησάμενος,
1842 2859 1917 2929 πῆ

350 2947 436 3021 [ρ.
470 2948 772 3019 148-150]
813 2950 868 3000 δὲ
924 2951 1464 3019 παραπεποιημένοις
1506 2950 1727 3019 βιϐλίοις
1778 2951 1919 3003 κατά

2013 1863 2232 1928 apponit
2263 1862 2589 1916 delinimenti
2627 1862 2834 1930 gratia,
2868 1870 2943 1926 ut,
2985 1863 3076 1929 qui
3114 1863 3467 1928 cognoverint
3498 1862 3584 1916 in-

2015 1954 2221 2005 linitam
2262 1955 2521 2007 librorum
2556 1954 2899 2015 inanitatem,
2937 1953 3301 2007 solamentum
3328 1954 3589 2006 'ltabeant

2013 2044 2223 2096 falmlas
2248 2044 2719 2112 (quemadmodum
2740 2044 2782 2096 si
2801 2044 2921 2112 quis
2948 2044 3089 2096 viam
3113 2042 3325 2111 longam
3355 2043 3585 2106 faciens,

2014 2149 2136 2187 cum
2184 2135 2370 2188 incidit
2423 2134 2475 2187 in
2525 2134 2918 2199 diversorium,
2972 2134 3310 2201 requiescere
3366 2135 3418 2187 in
3467 2136 3588 2187 ani-

2014 2239 2158 2277 mum
2196 2225 2440 2292 inducit),
2474 2233 2527 2278 et
2563 2225 2634 2277 ita
2689 2238 2878 2277 rursus
2927 2224 2978 2276 in
3018 2223 3305 2277 lectionum
3335 2224 3587 2278 conversi

2015 2314 2260 2369 diﬂ'usam
2287 2316 2650 2385 cognitionem
2685 2330 2753 2370 ne
2788 2327 3163 2383 aspernentur,
3189 2317 3359 2370 donec
3391 2316 3458 2369 ad
3488 2316 3588 2369 do-

2016 2406 2128 2461 lose
2166 2407 2452 2460 contictmn
2491 2409 2606 2474 ejus
2652 2407 3065 2461 deliramentum
3115 2421 3210 2474 per
3266 2407 3417 2474 plura
3450 2406 3587 2477 (am-

2017 2499 2199 2568 bages)
2243 2499 2512 2553 excantati
2548 2507 2705 2552 ruant
2744 2496 2961 2561 sulllati,
3006 2514 3140 2564 quos
3177 2514 3300 2553 cum
3349 2499 3590 2554 horribi-

2017 2590 2159 2644 tibus
2188 2589 2684 2659 priusjuramcntis
2746 2590 3041 2643 obstrinxit
3092 2598 3147 2644 et
3189 2605 3365 2659 neque
3409 2589 3589 2659 eloqui

2019 2697 2192 2751 neque
2220 2683 2521 2737 desciscere
2573 2695 2693 2737 sese
2722 2683 2974 2737 addicere
3007 2686 3205 2753 coegit,
3228 2685 3306 2738 sic
3346 2684 3510 2737 tradit
3557 2700 3588 2737 a

2019 2788 2141 2827 sese
2191 2783 2399 2840 reperta
2442 2788 2536 2841 per
2580 2774 2911 2840 impietatem
2962 2790 3180 2839 arcana,
3219 2783 3351 2839 tum,
3382 2784 3435 2827 ut
3462 2789 3594 2844 pra:-

2021 2865 2277 2925 diximus,
2318 2865 2676 2935 216-217
2707 2866 2900 2919 fabulis
2931 2881 3062 2920 usus
3086 2865 3441 2929 Graecanicis,
3478 2875 3591 2920 tum

2022 2954 2380 3024 supposititiis
2417 2957 2570 3007 libris
2618 2955 2795 3022 aliqua
2840 2969 2904 3008 ex
2958 2964 3111 3022 parte
3170 2955 3583 3011 similitudinem

345 3052 407 3092 ’τι
432 3040 875 3109 παρεμφαίνουσι
919 3043 1037 3101 ταῖς
1070 3041 1493 3110 προειρημέναις
1528 3042 1823 3111 αἱρέσεσιν.
1857 3042 1918 3095 Ol

2026 3047 2385 3099 referentibus
2446 3045 2729 3098 ltatresium
2787 3060 2950 3112 supra
3008 3047 3295 3101 uictarum.
3340 3046 3593 3103 Universi

352 3132 556 3193 πάντες
584 3133 692 3201 γάρ
726 3132 805 3182 ἐνὶ
845 3130 1115 3199 πνεύματι
1150 3132 1543 3199 συνωθούμενοι
1572 3136 1649 3195 εἰς
1687 3132 1782 3184 ἕνα
1830 3132 1921 3202 βυ-

353 3223 447 3275 θὸν
483 3223 703 3292 ἀμάρας
753 3224 1089 3290 συνάγονται,
1138 3224 1286 3276 ἄλλοι
1328 3225 1501 3285 ἄλλως
1550 3225 1617 3276 τὰ
1659 3225 1798 3278 αὐτὰ
1844 3225 1922 3278 δι-

352 3314 651 3384 ηγούμενοι
683 3316 776 3367 καὶ
806 3314 1159 3384 μυθεύοντες·
1202 3310 1345 3368 οὗτοι
1379 3317 1436 3368 δὲ
1472 3316 1615 3378 ἰδίως
1649 3318 1695 3369 οί
1724 3318 1921 3379 πάντες

350 3406 688 3472 γνωστικοὺς
746 3406 968 3468 ἑαυτοὺς
1000 3408 1009 3473 l
1043 3407 1398 3472 ἀποκαλοῦσι,
1453 3408 1551 3479 τὴν
1617 3408 1923 3478 θαυμασίαν

350 3495 559 3563 γνῶσιν
616 3496 709 3549 τοῦ
748 3496 949 3550 τελείου
996 3498 1089 3550 καὶ
1142 3498 1346 3567 ἁγαθοῦ
1386 3500 1535 3569 μόνοι
1594 3517 1927 3552 καταπεπως

352 3586 514 3651 κότες
537 3587 603 3642 ’⁵.

429 3681 532 3735 κδ’.
557 3683 764 3752 Ὀμνυε
795 3683 871 3747 δὲ,
901 3686 1064 3755 φησὶν
1089 3684 1396 3749 ’ῐουστῖνος,
1425 3688 1473 3739 εἰ
1500 3679 1702 3755 γνῶναι
1733 3687 1926 3751 θέλεις,

359 3772 404 3827 ἆ
428 3774 727 3845 ὀφθαλμὸς
763 3777 809 3810 ³⁸
852 3780 961 3832 οὐκ
991 3777 1133 3838 εἶδε.
1186 3780 1283 3832 καί
1335 3775 1444 3844 οὖς
1491 3783 1601 3833 οὐκ
1636 3780 1926 3847 ἤκουσεν,

365 3864 514 3918 οὐδὲ
560 3866 651 3919 ἐπὶ
696 3869 949 3935 καρδίαν
997 3870 1312 3937 ἀνθρώπου
1349 3870 1556 3939 ἀνέϐη,
1602 3874 1690 3925 τὸν
1748 3874 1931 3925 ἐπάνω

365 3955 586 4011 πάντων
621 3960 841 4027 ἀγαθὸν,
868 3961 936 4027 ⁸⁷,
972 3962 1059 4014 τὸν
1102 3961 1393 4033 ἀνώτερον,
1444 3964 1658 4033 ἄρρητα
1699 3962 1929 4032 φυλάξαι

356 4044 434 4100 τὰ
459 4046 563 4116 τῆς
589 4047 935 4113 διδασκαλίας
968 4052 1245 4122 σιγώμενα
1267 4068 1283 4084 ο
1318 4054 1411 4105 καὶ
1434 4053 1542 4122 γὰρ
1563 4054 1653 4105 καὶ
1683 4056 1710 4106 ὁ
1748 4054 1930 4114 πατὴρ

357 4136 545 4206 ἡμῶν,
571 4137 697 4191 ἰδὼν
724 4139 816 4191 τὸν
839 4138 1040 4207 ἀγαθὸν
1074 4142 1166 4193 καὶ
1191 4140 1466 4204 τελεσθεὶς
1496 4143 1625 4213 παρ’
1661 4143 1830 4214 αύτῷ,
1861 4144 1933 4197 τὰ

356 4226 466 4296 τῆς
498 4227 655 4297 σιγῆς
687 4228 901 4297 ἄρρητα
949 4230 1201 4297 ἐφύλαξε,
1260 4229 1357 4283 καὶ
1388 4230 1569 4300 ὤμοσε
1623 4232 1803 4294 καθὼς
1836 4233 1931 4301 γέ-

360 4329 641 4385 γραπται⁹
678 4318 899 4383 Ὠμοσε
940 4320 1153 4387 Κύριος
1198 4320 1296 4372 καὶ
1336 4323 1407 4374 οὺ
1444 4322 1932 4390 μεταμεληθήσε-

2022 3138 2163 3190 enim
2200 3136 2515 3205 nnospiritu
2555 3137 2800 3189 concussi
2831 3135 2883 3189 in
2917 3152 3081 3189 unum
3111 3134 3331 3190 fundum
3366 3139 3595 3194 sentinae

2025 3230 2419 3291 conducuntur,
2444 3227 2533 3280 alii
2561 3228 2719 3280 aliter
2749 3228 2936 3281 eadem
2970 3229 3333 3282 edisserentes
3362 3240 3417 3282 et
3440 3230 3595 3285 [σιω.

2025 3316 2218 3371 lantes.
2258 3316 2321 3370 lli
2349 3327 2528 3369 autem
2553 3317 2901 3385 peculiariter
2930 3330 3121 3370 omnes
3155 3314 3445 3371 Guosticos
3474 3333 3595 3371 sese

2026 3408 2314 3478 appellant,
2363 3408 2561 3476 quippe
2602 3407 2693 3475 qni
2731 3404 3014 3459 miriﬁcam
3055 3407 3419 3476 cognitionem
3470 3422 3594 3476 per-

2027 3498 2149 3553 fecti
2182 3507 2235 3554 ct
2267 3499 2392 3553 boni
2416 3497 2517 3551 Soli
2548 3494 2931 3552 combiberint.

2096 3682 2185 3737 24.
2218 3681 2346 3736 Jura
2373 3690 2574 3745 autem,
2601 3680 2674 3734 ait
2699 3676 2967 3745 Justinus,
3007 3677 3051 3733 si
3080 3676 3399 3748 c0gnovisse
3428 3675 3593 3740 voles,

2025 3791 2142 3844 qua:
2192 3774 2370 3826 oculus
2406 3789 2509 3825 non
2549 3772 2694 3834 vidit,
2732 3787 2822 3824 nec
2852 3771 2996 3824 auris
3028 3770 3248 3836 audivit,
3286 3785 3377 3823 nec
3410 3770 3465 3822 in
3508 3785 3599 3823 cor

2030 3866 2249 3917 hominis
2269 3864 2635 3928 ascenderunt,
2657 3878 2777 3916 cum
2796 3861 2885 3931 qui
2905 3871 3160 3931 estsuper
3176 3863 3352 3917 omnia
3372 3863 3593 3926 bonum,

2032 3955 2388 4022 superiorem,
2428 3963 2479 4006 te
2508 3952 2706 4007 indicta
2740 3952 3139 4007 custoditurum
3174 3952 3471 4023 disciplinae
3518 3952 3599 4007 si-

2031 4045 2207 4100 lenda.
2240 4043 2451 4097 Etenim
2500 4052 2555 4096 et
2592 4052 2747 4112 pater
2781 4051 3003 4106 noster,
3048 4043 3135 4096 ubi
3168 4044 3450 4111 conspexit
3498 4042 3603 4098 Bo-

2032 4150 2158 4189 num
2196 4134 2440 4186 initiatus
2470 4132 2607 4199 apud
2643 4147 2786 4195 eum,
2819 4130 3023 4186 silenda
3056 4133 3345 4185 custodivit
3392 4133 3595 4186 indicta

2030 4235 2086 4279 et
2109 4224 2332 4294 juravit,
2353 4223 2510 4277 siculi
2536 4222 2796 4289 scriptum
2824 4231 2907 4275 est
2931 4236 2945 4274 :
2976 4218 3185 4273 Iuravit
3210 4218 3487 4286 Dominus,
3510 4237 3601 4275 nec

2032 4316 2294 4382 paenitebit
2319 4331 2458 4367 eum.
2490 4311 2616 4366 Hme
2642 4312 2802 4380 igitur
2825 4312 2877 4366 in
2911 4312 3053 4365 hunc
3072 4311 3285 4365 modum
3314 4319 3599 4380 postquam

363 4421 461 4457 ται
474 4405 540 4459 ⁸⁸.
564 4402 746 4459 Ταῦτα
762 4408 939 4460 τοίνυν
956 4407 1098 4461 οὕτω
1120 4410 1709 4480 κατασφραγισάμενος
1725 4412 1931 4465 πλείοσι

2036 4407 2360 4477 obsignavit,
2387 4404 2630 4474 pluribus
2653 4404 2847 4458 fabulis
2877 4402 3060 4457 delinit
3083 4416 3179 4473 per
3202 4400 3383 4470 plures
3415 4401 3603 4465 libros,

366 4495 563 4565 μύθοις
584 4498 905 4567 ψυχαγωγεῖ
934 4499 1021 4552 διὰ
1057 4501 1317 4553 πλειόνων
1363 4494 1601 4570 βιϐλίων,
1632 4505 1727 4557 καὶ
1765 4503 1937 4568 οὕτως

365 4589 468 4640 ἐπὶ
517 4591 609 4641 τὸν
664 4590 866 4657 ἀγαθὸν
909 4592 953 4623 ’³
996 4592 1138 4659 ἄγει,
1186 4592 1401 4645 τελειῶν
1450 4594 1575 4657 τοὺς
1612 4594 1821 4662 μύστας
1872 4597 1942 4649 τὰ

365 4677 544 4731 ἇλαλα
573 4680 589 4709 ¹
633 4682 928 4749 μυστήρια.
960 4682 1078 4733 Ἵνα
1108 4682 1165 4733 δὲ
1192 4682 1212 4712 ¹
1261 4683 1335 4751 μὴ
1370 4682 1457 4734 διὰ
1488 4683 1751 4737 πλειόνων
1790 4686 1941 4737 ὁδεύ-

368 4785 580 4836 σωμεν,
605 4771 669 4823 ἐκ
700 4772 828 4841 μιᾶς
852 4772 1014 4825 αὐτοῦ
1041 4771 1223 4841 βίϐλου
1248 4773 1315 4824 τὰ
1338 4773 1551 4844 ἇῤῥητα
1574 4774 1940 4842 ἐπιδείξομεν,

367 4859 539 4932 οΰσης
569 4861 750 4924 καθὼς
782 4864 989 4932 νομίζει
1029 4864 1260 4926 ἐνδόξου.
1293 4863 1441 4935 Αὕτη
1473 4865 1530 4917 δὲ
1565 4865 1933 4936 ἐπιγράφεται

370 4951 591 5021 Βαρούχ
618 4967 631 4981 ³
654 4953 712 5004 ἐν
800 4952 929 5021 μίαν
968 4952 1077 5005 τῶν
1120 4952 1328 5007 πολλῶν
1363 4954 1690 5023 μυθολογίαν
1723 4956 1935 5010 ἐκτιθε-

376 5040 549 5110 μένην
582 5042 672 5095 ὑπ’
702 5043 865 5097 αὐτοῦ
893 5043 1226 5113 δηλώσομεν,
1251 5042 1418 5098 οὖσαν
1460 5046 1610 5117 παρὰ
1646 5047 1933 5120 Ἡροδότῳ,

373 5132 446 5199 ἣν
463 5130 537 5194 ὡς
564 5132 747 5204 κοινὴν
776 5133 797 5163 ³
825 5137 933 5196 τοῖς
955 5134 1250 5206 ἀκροαταῖς
1269 5135 1629 5204 παραπλάσας
1646 5138 1936 5208 διηγεῖται,

2040 4510 2094 4556 et
2124 4502 2193 4555 ita
2226 4501 2292 4552 ad
2329 4497 2534 4553 Bonum
2564 4496 2711 4551 ducit
2757 4496 2975 4550 initiaus
3010 4502 3211 4564 mystas
3246 4490 3604 4546 inell‘abilibus

2045 4589 2337 4660 mysteriis.
2378 4587 2483 4641 Sed
2524 4602 2592 4642 ne
2625 4601 2719 4655 per
2742 4586 2890 4655 plura
2919 4597 3225 4653 pergamus,
3255 4596 3321 4637 ex
3356 4598 3462 4636 uno
3491 4580 3609 4649 ejus

2045 4684 2185 4737 libro
2220 4681 2506 4736 incll'abilia
2538 4679 2905 4741 ostendemus,
2940 4679 3028 4743 qui
3059 4687 3161 4741 est,
3190 4686 3249 4728 ut
3279 4676 3393 4744 ipse
3420 4675 3606 4744 opina-

2046 4782 2157 4837 tur,
2192 4772 2436 4825 illustris.
2466 4764 2566 4823 Hic
2596 4778 2772 4821 autem
2810 4765 3122 4820 inscribitur
3150 4764 3382 4831 Barucb,
3410 4766 3462 4819 in
3503 4780 3612 4835 quo

2050 4881 2208 4918 unam
2246 4864 2312 4919 de
2340 4863 2521 4917 multis
2558 4860 2859 4915 fabulosam
2908 4859 3270 4912 narrationem
3309 4858 3609 4928 expositam

2042 4958 2111 5011 ab
2136 4971 2201 5012 eo
2225 4954 2643 5015 declarabimus,
2670 4964 2789 5021 qua:
2814 4948 3048 5016 estapud
3074 4947 3423 5012 Herodotum,
3445 4962 3609 5017 quam

2049 5059 2303 5118 tanquam
2332 5060 2525 5100 novam
2553 5044 2887 5097 auditoribus
2918 5040 3135 5097 aliunde
3157 5042 3422 5095 detortam
3447 5053 3609 5094 enar-

2046 5151 2237 5203 rat.ex
2273 5139 2388 5204 ipsa
2418 5149 2631 5190 omnem
2660 5133 2845 5188 orbem
2871 5132 3131 5187 doctrinae
3155 5145 3265 5185 suae
3293 5128 3414 5185 duci
3444 5138 3612 5183 ratus.

375 5220 440 5283 ἐξ
465 5222 633 5291 αὐτῆς
668 5225 847 5277 πᾶσαν
889 5224 1144 5279 σύστασιν
1185 5224 1279 5278 τοῦ
1315 5227 1435 5281 κατ’
1473 5229 1635 5281 αὑτὸν
1679 5230 2052 5287 διδασκαλείου
2087 5234 2107 5263 ’⁵
2144 5229 2484 5300 ποιούμενος.

1613 5383 1840 5443 VARl/E
1877 5389 2287 5446 LECTlthES.

440 5496 484 5525 ⁹⁰
518 5499 685 5569 βίϐλῳ
720 5499 781 5554 C.

377 5568 426 5599 ’⁸
450 5568 824 5638 τετυπωμένοι
852 5568 915 5624 C.
991 5571 1038 5602 "
1064 5568 1559 5636 καταπεπτωκύτές
1585 5568 1644 5627 (ἒξ

377 5639 476 5711 ικαὶ
505 5640 599 5711 ἐπὶ
626 5639 855 5711 καρδίαν
903 5639 1189 5711 ἀνθρώπου
1220 5642 1318 5694 οὐκ
1370 5643 1555 5711 ἀνέϐη.

378 5702 604 5762 ³ᾶλαλα.
642 5702 776 5762 ἄλλα
806 5708 937 5776 (],τ’
968 5702 1101 5764 ἄλλα
1130 5727 1277 5780 susp.
1312 5712 1378 5765 Μ.
1456 5716 1474 5742 ¹
1509 5702 1584 5767 δὲ.
1616 5716 1707 5767 καὶ
1743 5702 1803 5771 C.

882 5496 926 5533 δ’
957 5499 1365 5569 εύαγγελιστῶν
1394 5504 1677 5574 ἐγγράφῳ.
1708 5506 2041 5574 εὐαγγελίων
2069 5510 2250 5626 qiapr
2281 5508 2313 5576 ἢ
2351 5505 2411 5565 C,
2443 5506 2512 5558 Μ.

882 5570 915 5624 Ζ.
991 5571 1038 5602 ⁸⁸
1064 5574 1559 5626 καταπεπτωκότα
1586 5575 1644 5626 C.
1724 5577 1768 5607 ’θ
1802 5576 1817 5626 Ι
1845 5578 1970 5626 Cor.
2001 5594 2061 5626 ιι-
2100 5615 2109 5626 .
2157 5595 2169 5626 :
2203 5580 2267 5626 "A
2300 5576 2512 5626 ὀωθαλμ

1633 5614 1644 5626 .
1724 5577 1768 5607 ’θ
1802 5576 1970 5633 lCor.
2001 5594 2061 5639 lt,
2096 5576 2169 5630 9:

1632 5646 1675 5675 ’⁷
1717 5646 1937 5712 ἀγαθῶν
1959 5647 2020 5705 C,
2066 5648 2129 5699 Μ.

1884 5719 1900 5745 ³
1933 5719 2145 5782 καινήν.
2184 5715 2337 5782 ξένην
2365 5714 2529 5780 0,.)1.

2592 5504 2636 5537 ’¹
2657 5503 2853 5576 Matth.
2886 5519 2938 5569 x,
2964 5505 3016 5558 5.
3093 5504 3142 5576 ’ξ
3162 5505 3449 5576 κατάλυμά
3470 5521 3523 5557 τι
3547 5502 3611 5558 C.

2203 5570 2267 5627 ’Ἃ
2300 5570 2573 5645 ὀφθαλμὸς
2615 5575 2715 5627 οὐκ
2749 5570 2931 5646 εἶδεν,
2963 5576 3057 5646 κα)
3085 5570 3175 5639 οὗς
3214 5575 3310 5646 οὐκ
3363 5570 3615 5646 ἤκουσεξν

2206 5646 2251 5678 ’⁸
2283 5640 2419 5699 Ρειιι.
2451 5640 2560 5707 οἰκ,
2592 5646 2643 5697 4.
2720 5644 2764 5676 ³⁵
2798 5644 2887 5695 τὸν
2913 5644 3131 5710 ἀγαθον.
3171 5645 3277 5699 τῶν
3307 5640 3524 5712 ἀγαθῶν
3551 5640 3615 5694 C.

2609 5717 2629 5745 δ
2660 5714 3000 5768 διδασκαλίου
3028 5715 3090 5768 C.
