3962 6210
264 304 422 372 3195

276 413 547 486 ’Δχαμῶθ
594 417 662 480 ",

278 505 598 569 ’Δδωναῑος,
632 507 874 562 Καυΐθιν
897 511 962 575 ⁸⁸,
995 511 1193 580 Φαραὼ
1215 513 1280 577 ’³,
1315 515 1714 586 Καρκαμενὼς.
1739 516 1848 568 Λά-

264 592 396 648 Θεν.
430 593 650 648 Τούτων
704 597 812 650 τῶν
869 603 1328 674 εἰκοσιτεσσάρων
1380 607 1625 674 ἀγγέλων
1665 609 1711 660 oi
1750 607 1846 676 μὲν

268 688 543 756 πατρικοὶ
573 687 651 758 τῷ
679 692 850 761 πατρὶ
877 695 1221 764 συναίρονται
1239 697 1286 728 ’δ
1315 698 1408 750 καὶ
1427 698 1602 750 πάντα.
1637 699 1849 752 ποιοῦσι

265 778 424 830 κατὰ
448 779 509 829 τὸ
533 779 743 849 θέλημα
773 781 852 853 [ιι.
887 785 1006 838 151.
1035 787 1159 858 152]
1186 788 1352 842 αὐτοῦ
1371 806 1383 821 ³
1415 792 1463 842 oi
1496 791 1552 843 δὲ
1589 795 1850 862 μητρικοὶ

263 872 345 938 τῇ
377 870 546 941 μητρὶ
592 871 754 943 Ἐδέμ
775 891 789 906 ·
825 874 1028 931 τούτων
1068 879 1124 931 δὲ
1147 880 1254 933 τῶν
1282 881 1530 949 ἀγγέλων
1547 883 1682 952 ὁμοῦ
1714 883 1851 936 πάν-

265 976 390 1012 των
417 961 477 1012 τὸ
523 960 728 1030 πλῆθος
752 965 782 1016 δ
811 967 1158 1035 παράδεισος,
1207 971 1389 1039 φησὶν,
1450 972 1586 1034 ἐστὶ,
1624 973 1750 1042 περὶ
1791 962 1851 1023 οὗ

267 1050 429 1119 λέγει
463 1053 696 1124 Μωσῆς·
746 1057 1110 1126 Ἐφύτευσεν
1149 1065 1181 1116 ό
1213 1062 1359 1128 Θεὸς
1402 1065 1446 1094 ⁸⁵
1481 1063 1852 1132 παράδεισον
1889 1133 1920 1145 η

265 1143 351 1196 ἐν
389 1145 564 1214 Ἐδὲμ
586 1148 738 1200 κατὰ
764 1149 1088 1217 ἀνατολὰς,
1119 1153 1364 1205 τουτέστι
1391 1154 1531 1206 κατὰ
1561 1156 1851 1224 πρόσωπον

265 1235 379 1304 τῆς
422 1236 607 1306 Ἐὁὲμ,
641 1239 728 1292 ἵνα
756 1240 926 1314 βλέπῃ
947 1243 1035 1296 τὸν
1065 1244 1445 1315 παράδεισονή
1484 1245 1666 1316 Ἐδὲμ,
1695 1263 1848 1298 rout-

269 1325 396 1379 ἐστι
441 1327 570 1391 τοὺς
603 1329 891 1398 ἀγγέλους,
923 1333 1012 1386 διὰ
1041 1336 1264 1400 παντός.
1302 1337 1504 1390 Τούτου
1534 1336 1627 1389 τοῦ
1673 1355 1851 1410 παρα-

266 1417 458 1471 δείσου
487 1418 868 1489 ἀλληγορικῶς
903 1426 956 1476 οἱ
988 1425 1213 1494 ἄγγελοι
1246 1427 1540 1497 κέκληνται
1573 1428 1726 1495 ξύλα,
1757 1431 1852 1482 καὶ

268 1507 392 1562 ἐστι
424 1508 482 1562 τὸ
511 1510 665 1575 ξύλον
694 1513 792 1583 τῆς
839 1513 983 1584 ζωῆς
1010 1519 1038 1568 ὁ
1073 1517 1257 1588 τρίτος
1285 1518 1393 1571 τῶν
1421 1521 1703 1589 πατρικῶν
1747 1523 1848 1588 ἀγ-

270 1599 452 1668 γέλων
481 1603 718 1674 Βσροὺχ,
747 1606 807 1658 τὸ
837 1606 895 1659 δὲ
917 1606 1072 1670 ξύλον
1101 1610 1194 1662 τοῦ
1228 1610 1426 1664 εἰδέναι
1459 1614 1658 1681 γνῶσιν
1683 1615 1850 1668 καλοῦ

272 1691 371 1743 καὶ
400 1693 636 1764 πονηροῦ
660 1696 688 1747 ὁ
704 1697 886 1766 τρίτος
911 1699 1021 1752 τῶν
1045 1702 1327 1772 μητρικῶν
1351 1704 1618 1772 ἀγγέλων,
1633 1708 1660 1758 ὁ
1678 1708 1846 1770 Νὲιας.

1403 314 1708 384 CONTRA
1736 314 2104 376 HIERESES
2145 317 2290 376 LIB.
2330 318 2392 377 V.

721 417 892 482 Νάας,
961 419 1093 491 Βὴλ,
1155 421 1366 489 Βελίας,
1423 427 1622 487 Σατὰν,
1683 426 1844 495 Σαὴλ,

1956 427 2243 493 Adomeus,
2273 427 2587 493 Leriathan,
2622 427 2850 490 Pharao,
2878 427 3259 482 Carcamenos,
3291 415 3519 469 Latiae".

3383 306 3520 366 3le

1956 515 2158 571 llurum
2201 517 2384 586 viginti
2415 527 2647 585 quatuor
2697 514 3006 585 angelorum
3058 507 3264 580 paterni
3317 514 3522 575 patrem

1953 609 2282 663 comitantur
2301 609 2653 679 220-221
2671 618 2721 661 et
2739 607 2914 660 omnia
2933 603 3215 676 perﬁciunt
3237 612 3300 652 ex
3331 596 3521 648 \‘nlun-

1955 711 2062 754 tate
2109 702 2224 769 ejus
2254 741 2268 767 ,
2330 702 2559 755 materni
2613 711 2791 754 autem
2839 709 3062 752 matrem
3101 695 3287 748 Edent.
3316 688 3521 743 Horum

1952 802 2132 847 autem
2157 793 2471 863 angelorum
2499 791 2656 847 simul
2680 792 2918 845 omnium
2939 786 3222 843 multitudo
3241 779 3524 851 paradisus

1950 893 2052 948 est,
2093 883 2265 954 inquit
2289 924 2302 946 ,
2333 886 2400 938 de
2433 899 2540 954 quo
2573 885 2644 938 ait
2683 883 2895 938 Moses:
2945 880 3214 934 Plantavit
3258 877 3393 930 Deus
3437 889 3525 938 pa-

1951 977 2187 1028 radisum
2226 976 2281 1028 in
2313 975 2481 1030 Edam
2526 979 2772 1030 orientem
2813 991 2986 1029 versus
3015 1014 3028 1038 ,
3065 972 3167 1026 hoc
3211 978 3292 1023 est
3336 981 3524 1018 VCI‘SIIS

1951 1064 2144 1117 faciem
2180 1065 2345 1118 Edem
2369 1107 2384 1132 ,
2419 1077 2473 1120 ut
2505 1049 2711 1136 spectet.
2743 1067 3044 1136 paradisum
3078 1062 3239 1116 Edem
3269 1099 3283 1122 ,
3316 1059 3416 1112 hoc
3441 1064 3523 1111 est

1949 1155 2206 1221 angelos.
2269 1156 2321 1210 in
2375 1167 2714 1226 perpetuum.
2766 1156 2936 1223 liuius
2973 1151 3205 1224 paradisi
3236 1147 3525 1218 allegorice

1950 1247 2125 1316 angeli
2161 1258 2424 1302 vocantur
2457 1249 2596 1318 ligna
2633 1289 2648 1313 ,
2711 1259 2763 1303 et
2823 1260 2904 1302 cst
2931 1249 3132 1316 lignum
3165 1244 3288 1298 vitae
3332 1239 3524 1294 tertius

1949 1351 2293 1408 paternorum
2327 1340 2658 1410 angelorum,
2688 1341 2928 1404 Baruch;
2963 1339 3164 1405 lignum
3206 1343 3386 1388 autem
3427 1330 3525 1384 ha-

1949 1430 2107 1485 bendi
2155 1432 2516 1502 cognitionem
2546 1432 2670 1485 boni
2697 1440 2750 1485 et
2776 1431 2897 1484 mali
2933 1429 3124 1482 tertius
3155 1432 3522 1480 maternorum

1949 1526 2302 1594 angelorum,
2345 1523 2508 1580 Naas.
2567 1525 2640 1580 ita
2680 1526 2824 1580 enim
2863 1523 2939 1577 ait
2965 1521 3127 1576 Mosis
3159 1517 3321 1572 verba
3357 1514 3526 1567 inter—

1951 1618 2208 1685 pretanda
2257 1633 2377 1672 esse
2428 1617 2653 1672 dicens:
2700 1611 3192 1682 Circumloquendo
3234 1621 3297 1662 ea
3327 1603 3523 1704 extulit

1951 1704 2158 1769 Muses,
2191 1705 2390 1774 quippe
2423 1720 2545 1758 cum
2578 1719 2683 1758 non
2719 1718 2909 1757 omnes
2940 1706 3299 1769 assequentur
3331 1702 3526 1749 verita-

273 1781 462 1847 Οὖτως
497 1786 542 1816 ⁸⁸
568 1787 679 1858 γὰρ
707 1786 859 1856 λέγει
891 1791 1000 1844 δεῖν
1039 1795 1082 1824 ³⁷
1109 1797 1176 1848 τὰ
1225 1796 1467 1860 Μωσέως
1501 1799 1844 1868 ἑρμηνεύειν,

1951 1807 2076 1852 tem.
2113 1796 2278 1851 Fuclt)
2307 1807 2484 1850 autem
2510 1837 2524 1860 ,
2570 1796 2742 1863 inquit
2769 1833 2783 1856 ,
2816 1793 3070 1860 paradiso
3100 1807 3164 1844 ex
3201 1785 3523 1855 complacita

271 1871 484 1941 λέγων·
538 1880 1024 1950 περιεσταλμένως
1061 1885 1105 1916 ’⁸
1137 1885 1277 1938 αὐτὰ
1331 1884 1484 1940 εἶπεν
1537 1891 1564 1942 ὁ
1607 1891 1847 1960 Μωΰσῆς

269 1964 364 2018 διὰ
393 1967 455 2018 τὸ
484 1967 558 2039 μὴ
595 1969 804 2034 πάντας
847 1978 1046 2046 χωρεῖν
1090 1978 1191 2048 τὴν
1234 1979 1512 2050 ἀλήθειαν.
1549 1983 1846 2054 Γενομένου

269 2055 353 2118 δὲ,
385 2059 538 2125 φησὶ,
587 2060 683 2113 τοῦ
733 2065 1060 2135 παραδείσου
1103 2069 1160 2133 ἐξ
1206 2071 1620 2142 εὐαρεστήσεως
1661 2076 1846 2145 κοινῆς

286 2147 524 2218 Ἐλωεὶμ
550 2152 646 2204 καὶ
681 2154 861 2225 Ἐδὲμ,
881 2160 928 2210 οἱ
953 2159 1048 2212 τοῦ
1079 2161 1313 2231 Ἐλωεὶμ
1335 2163 1556 2232 ἄγγελοι
1584 2165 1844 2232 λαϐόντες

268 2237 384 2292 ἀπὸ
416 2239 513 2308 τῆς
557 2242 848 2311 καλλίστης
885 2249 1007 2318 γῆς,
1039 2252 1319 2306 τουτέστιν
1365 2255 1465 2308 οὐκ
1496 2256 1602 2308 ἀπὸ
1628 2257 1723 2310 τοῦ
1755 2257 1848 2328 θη-

273 2329 502 2420 ριώδους
535 2335 736 2405 μέρους
789 2341 887 2409 τῆς
928 2339 1110 2412 Ἑδὲμ,
1155 2343 1289 2398 ἀλλὰ
1335 2345 1442 2398 ἀπὸ
1485 2348 1592 2400 τῶν
1633 2350 1769 2420 ὑπὲρ
1803 2353 1846 2384 ¹⁹

271 2418 522 2490 βουϐῶνα
581 2427 1000 2496 ἀνθρωποειδών
1046 2435 1142 2486 καὶ
1189 2435 1412 2506 ἡμέρων
1458 2440 1674 2510 χωρίων
1707 2441 1716 2510 |
1744 2418 1846 2509 τῆς

270 2513 380 2582 γῆς
431 2516 644 2571 ποιοῦσι
691 2518 781 2573 τὸν
829 2520 1136 2594 ἄνθρωπον.
1182 2528 1276 2580 Ἐκ
1304 2528 1359 2581 δὲ
1402 2530 1510 2582 τῶν
1566 2531 1847 2602 θηριωὸῶν

276 2606 484 2674 μερῶν,
523 2611 677 2679 φησὶ,
711 2612 955 2680 γίνονται
982 2615 1050 2668 τὰ
1077 2617 1241 2688 θηρία
1272 2621 1368 2672 καὶ
1407 2621 1475 2674 τὰ
1503 2623 1664 2677 λοιπὰ
1709 2624 1842 2688 ζῶα.

274 2693 384 2750 Τὸν
413 2697 697 2770 ἄνθρωπον
715 2699 807 2758 οὖν
835 2707 1096 2768 ἐποίησαν
1123 2710 1167 2740 ³⁸
1194 2710 1458 2780 σύμῦολον
1480 2715 1578 2784 τῆς
1601 2716 1848 2786 ἑνότητος

271 2787 453 2842 αὐτῶν
488 2791 581 2842 καὶ
628 2793 859 2860 εὐνοίας,
922 2798 1014 2850 καὶ
1065 2801 1445 2856 κατατίθενται
1489 2804 1586 2867 τὰς
1639 2807 1848 2860 ἑαυτῶν

272 2877 537 2948 δυνάμεις
566 2883 645 2945 είς
668 2885 830 2937 αὑτὸν
857 2887 925 2948 ³⁸,
953 2889 1111 2958 Ἐδὲμ
1141 2891 1237 2960 μὲν
1259 2893 1356 2961 τὴν
1376 2893 1574 2964 ψυχὴν,
1617 2896 1849 2966 Ἐλωεὶμ

274 2967 335 3020 δὲ
365 2970 425 3022 τὸ
457 2972 699 3044 πνεῦμα.
732 2977 838 3030 Καὶ
872 2980 1085 3046 γίνεται
1111 2983 1276 3036 οἱονεὶ
1315 2987 1549 3056 σφραγίς
1591 3004 1672 3052 τις
1706 2988 1844 3059 αὕτη

1946 1890 2221 1945 canuuuni
2243 1889 2450 1943 Elohim
2486 1899 2537 1942 et
2560 1888 2746 1948 Edem,
2785 1886 2990 1939 Elohim
3017 1882 3212 1954 angeli,
3247 1887 3522 1935 sumentes

1949 1997 1977 2035 a
2012 1981 2374 2049 pulcherrima
2415 1992 2557 2034 terra
2584 2017 2602 2045 ,
2633 1979 2733 2033 hoc
2783 1991 2867 2031 est
2901 1993 3006 2031 non
3042 1992 3070 2029 a
3116 1971 3324 2029 bestiali
3372 1980 3524 2040 parte

1948 2073 2137 2139 Elem,
2169 2075 2260 2128 sed
2291 2089 2354 2127 ex
2387 2074 2632 2145 partibus
2662 2087 2824 2140 supra
2854 2070 3068 2139 inguina
3097 2067 3298 2123 homini
3329 2061 3522 2118 simili-

1947 2167 2049 2221 bus
2079 2175 2133 2221 et
2163 2166 2438 2221 cicuribus
2468 2176 2622 2220 terrae
2651 2165 2856 2219 faciunt
2887 2160 3181 2216 hominem.
3216 2157 3288 2212 Ex
3323 2153 3522 2213 bestia-

1948 2259 2088 2312 libus
2127 2268 2305 2312 autem
2348 2259 2628 2326 partibus,
2667 2258 2875 2326 inquit,
2924 2257 3216 2322 gignuntur
3241 2247 3431 2303 bestia:
3465 2255 3522 2300 et

1951 2351 2152 2420 reliqua
2182 2349 2751 2405 animalia.llominem
2773 2350 2935 2418 igitur
2953 2347 3196 2400 fecerunt
3215 2339 3520 2408 exemplum

1951 2445 2168 2497 unitatis
2217 2459 2328 2498 sua:
2354 2452 2407 2497 et
2442 2443 2725 2496 charitatis
2756 2449 2808 2494 et
2833 2441 3106 2508 deponunt
3137 2450 3264 2490 suas
3293 2442 3522 2499 uterque

1950 2542 2247 2602 potestates
2286 2535 2336 2587 in
2367 2549 2452 2596 eo,
2503 2544 2556 2588 et
2586 2533 2750 2587 Edent
2785 2531 3002 2600 quidem
3022 2527 3284 2590 animum,
3311 2521 3518 2578 Elohim

1950 2637 2128 2680 autem
2171 2627 2441 2694 spiritmn.
2481 2623 2546 2678 Et
2577 2624 2788 2678 exsistit
2830 2623 2936 2676 hoc
2989 2631 3242 2688 tanquam
3286 2613 3518 2686 sigillum

1951 2719 2217 2786 quoddam
2248 2728 2298 2770 et
2323 2717 2522 2771 amoris
2557 2716 2944 2769 monimentum
2973 2724 3022 2767 ct
3047 2711 3348 2780 exemplum
3367 2716 3524 2761 arter-

1953 2823 2077 2861 uum
2132 2808 2432 2872 nuptiarum
2485 2807 2646 2860 Edem
2688 2815 2740 2859 et
2785 2804 2990 2858 Elohim
3021 2844 3033 2867 ,
3068 2805 3267 2864 homo,
3301 2799 3390 2869 qui
3441 2805 3524 2852 est

1949 2900 2140 2952 Adam.
2177 2899 2390 2952 Pariter
2420 2907 2596 2953 autem
2635 2900 2798 2952 etiam
2831 2901 2937 2953 Eva
2972 2899 3108 2951 facta
3143 2904 3222 2948 est
3250 2933 3264 2957 ,
3326 2891 3520 2960 inquii.

1951 3000 2006 3042 ut
2037 2990 2296 3057 scriptum
2329 2998 2410 3042 est
2437 2989 2595 3050 Mosi,
2629 2988 2808 3056 imago
2843 2997 2895 3040 et
2925 2983 3256 3053 exetnplum,
3288 2979 3520 3049 sigillum

273 3060 374 3112 καὶ
414 3063 597 3130 φιλίας
629 3067 930 3139 ὑπόμνημα
967 3073 1058 3124 κοιλ⁸
1086 3073 1352 3144 σύμέολον
1381 3079 1598 3131 αίὼνιον
1626 3079 1719 3134 τοῦ
1743 3081 1844 3148 γά-

1955 3083 2006 3136 in
2038 3091 2352 3150 perpetuum
2385 3081 2794 3134 custodiendum
2829 3081 2970 3134 illius
2999 3079 3187 3132 Edent.
3243 3072 3522 3143 Deposita-

277 3167 384 3245 μου
419 3155 518 3245 τῆς
546 3155 702 3223 Ἐὸὲμ
727 3161 822 3213 καὶ
851 3162 944 3214 τοῦ
999 3165 1228 3238 Ἐλωεὶμ
1257 3168 1560 3240 ἄνθρωπος,
1587 3174 1614 3225 ὁ
1651 3175 1844 3245 Ἀδάμ.

285 3242 519 3334 ’(λμοίως
551 3246 607 3300 δὲ
632 3251 725 3302 καὶ
757 3253 788 3320 ή
823 3253 938 3307 Εὕα
959 3255 1170 3324 γέγονε,
1206 3261 1390 3330 φησὶν,
1427 3262 1616 3334 ὥσπερ
1661 3242 1849 3318 Μωσεί

275 3329 609 3400 γέγραπται,
643 3339 807 3393 εἰκὼν
836 3346 930 3396 καὶ
963 3346 1254 3414 σύμϐολον,
1293 3353 1530 3421 σφραγὶς
1561 3329 1645 3418 είς
1672 3356 1847 3409 αίῶνα

272 3421 731 3515 φυᾼλαχθησομένη
778 3433 823 3465 ³³
868 3436 965 3504 τῆς
1001 3438 1188 3509 Ἐδέμ·
1239 3443 1504 3514 κατετέθη
1553 3462 1612 3498 τε
1642 3447 1844 3515 ὁμοίως

272 3512 370 3565 καὶ
387 3515 456 3608 έν
508 3521 572 3588 τῇ
609 3520 722 3594 Εὕα
752 3527 816 3595 τῇ
858 3527 1026 3580 εἰκόνι
1051 3529 1195 3602 ψυχὴ
1231 3532 1331 3601 μὲν
1372 3512 1606 3604 ἀπὺ-τῆς
1659 3512 1839 3608 Ἑδὲμ,

271 3604 496 3693 πνεῦμα
526 3608 584 3660 δὲ
618 3612 724 3665 ἀπὸ
749 3615 842 3666 τοῦ
887 3617 1137 3689 Ἐλωείμ.
1171 3622 1282 3673 Καὶ
1327 3623 1590 3693 ἐδόθησαν
1631 3604 1843 3680 ἐντολαὶ

269 3691 456 3756 αὐτοῖς
478 3710 492 3724 ο
520 3697 864 3762 Αῠξάνεσθε
886 3705 930 3736 ³³
964 3706 1061 3758 καὶ
1094 3691 1495 3774 πληθύνεσθε,
1529 3710 1626 3763 καί
1661 3728 1841 3766 κατα-

270 3787 767 3857 κληρογομήσατε
789 3793 906 3861 τὴν
934 3794 1069 3866 γῆν,
1094 3798 1340 3851 τουτέστι
1363 3799 1461 3870 τὴν
1488 3800 1668 3870 Ἐδὲμ,
1698 3801 1841 3856 οὕτω

269 3879 379 3948 γὰρ
408 3879 551 3934 θέλει
581 3887 908 3955 γεγράφθαι.
935 3889 1124 3942 Πᾶσαν
1141 3891 1249 3958 γὰρ
1273 3891 1368 3962 τὴν
1393 3893 1590 3963 ἑαυτῆς
1611 3894 1840 3964 δύναμιν

269 3966 576 4022 οίονείτινα
599 3973 785 4027 οὐσίαν
816 3977 874 4028 ἐν
899 3977 1061 4048 γάμῳ
1101 3981 1134 4050 ἡ
1179 3979 1338 4050 Ἐδὲμ
1378 3983 1723 4052 προσήνεγκε
1762 3984 1841 4055 τῷ

284 4059 734 4131 Ἐλωείμ.”()θεν,
758 4069 912 4137 φησὶ,
930 4071 1070 4122 κατὰ
1087 4071 1318 4140 μίμησιν
1346 4073 1552 4126 ἐκείνου
1575 4074 1666 4127 τοῦ
1690 4075 1840 4146 πρώ-

269 4167 364 4203 του
391 4153 572 4222 γάμου
606 4159 808 4226 προῖκα
855 4161 1224 4232 προσφέρουσι
1270 4163 1432 4234 μέχρι
1484 4167 1726 4236 σήμερον
1784 4170 1838 4222 αἱ

271 4245 526 4309 γυναῖκες
573 4250 686 4311 τοῖς
720 4250 981 4320 ἀνδράσι,
1033 4253 1162 4322 θείῳ
1205 4255 1312 4306 τινὶ
1360 4256 1403 4286 ³⁸
1442 4257 1539 4308 καὶ
1586 4259 1840 4330 πατρικῷ

269 4332 420 4403 νόμῳ
464 4338 784 4407 πειθόμεναι
826 4340 901 4410 τῷ
944 4345 1224 4414 γενομένῳ
1275 4345 1410 4416 πρὸς
1475 4347 1706 4419 Ἐλωεὶμ
1738 4351 1840 4422 τῆς

1955 3189 2060 3242 que
2084 3181 2164 3226 est
2201 3173 2405 3240 pariter
2449 3173 2610 3226 etiam
2652 3173 2703 3226 in
2736 3172 2865 3235 Eva,
2901 3169 3155 3238 imagine.
3189 3166 3368 3220 anima
3399 3163 3520 3232 qui-

1954 3264 2072 3316 dem
2100 3264 2166 3316 ab
2198 3264 2286 3316 illa
2316 3263 2518 3323 Edent.
2571 3263 2790 3331 spiritus
2837 3271 3014 3314 autem
3066 3260 3132 3312 ab
3179 3256 3422 3316 Eloltim,
3469 3263 3524 3306 et

1953 3354 2073 3406 data
2109 3363 2234 3407 sunt
2262 3355 2520 3420 imperata
2564 3353 2628 3405 iis
2654 3370 2666 3405 :
2694 3351 2970 3420 Augemiui
2995 3360 3040 3402 et
3069 3343 3514 3414 multiplicamini,

1952 3454 1996 3498 et
2029 3446 2286 3496 sortimini
2338 3455 2528 3496 terram
2555 3484 2568 3509 ,
2602 3443 2702 3496 hoc
2739 3453 2820 3496 est
2871 3441 3032 3494 iidem
3063 3456 3077 3504 ;
3127 3439 3204 3492 sic
3234 3436 3378 3492 enim
3412 3433 3522 3487 vult

1952 3537 2211 3600 scriptum
2243 3551 2384 3590 esse.
2419 3535 2642 3590 Omnem
2683 3534 2826 3587 enim
2854 3540 3168 3602 potestatem
3216 3543 3366 3583 suam
3397 3537 3517 3579 tan-

1951 3640 2111 3691 quam
2136 3625 2367 3692 aliquam
2394 3626 2572 3677 dotem
2597 3625 2648 3676 in
2677 3623 2878 3692 nuptiis
2900 3622 3060 3674 Edem
3087 3618 3263 3672 attulit
3284 3615 3514 3670 Elohim.

1953 3711 2124 3775 Unde,
2161 3712 2375 3780 inquit,
2415 3727 2509 3778 per
2547 3713 2903 3764 im'lationem
2963 3709 3255 3778 primarum
3306 3702 3522 3756 illarum

1951 3802 2259 3870 nuptiarum
2296 3803 2471 3856 dotem
2503 3800 2734 3854 aﬂ‘eruut
2786 3800 3050 3868 hodieque
3104 3796 3359 3851 mulieres
3389 3792 3519 3848 viris

1949 3894 2142 3946 divina:
2171 3894 2382 3946 cuidam
2441 3901 2495 3946 et
2534 3893 2719 3960 patriae
2757 3891 2858 3960 legi
2913 3891 3214 3952 obsecutm,
3269 3899 3389 3956 quae
3431 3883 3514 3938 lex

1949 3985 2157 4037 sancita
2191 3995 2270 4037 est
2322 3984 2462 4036 inter
2491 3983 2654 4036 Edem
2690 3991 2742 4036 et
2777 3982 3006 4034 Elohim.
3048 3979 3292 4034 Couditis
3334 3985 3514 4030 autem

1946 4071 2220 4134 munibus,
2272 4080 2330 4124 ut
2381 4071 2638 4140 scriptum
2673 4081 2754 4124 est
2799 4072 2937 4138 apud
2979 4069 3182 4132 Mosen,
3213 4078 3265 4122 et
3294 4066 3432 4122 caelo
3463 4076 3516 4120 et

1951 4170 2092 4215 terra
2139 4172 2191 4215 et
2239 4162 2324 4223 iis,
2371 4177 2490 4231 qua:
2534 4163 2584 4215 in
2621 4162 2701 4216 eis
2743 4162 2950 4226 insunt,
2991 4161 3042 4213 in
3091 4167 3320 4228 quatuor
3351 4159 3518 4225 impe-

1947 4251 2024 4305 ria
2055 4252 2211 4306 divisi
2241 4263 2364 4307 sunt
2393 4254 2674 4308 duodecim
2715 4250 3068 4323 222-223
3101 4249 3288 4304 matris
3318 4246 3516 4318 angeli,

1947 4351 2000 4396 et
2041 4353 2267 4397 vocatur
2307 4343 2498 4397 horum
2524 4344 2774 4413 quodque
2819 4345 3090 4411 quadrans
3119 4338 3292 4392 amnis
3318 4335 3538 4389 Phison.

282 4421 466 4493 Ἐδέμ.
493 4427 836 4483 Κτισθέντων
865 4433 922 4484 δὲ
964 4434 1201 4496 πάντων,
1249 4435 1323 4498 ὡς
1346 4437 1658 4508 γέγραπται
1687 4443 1838 4510 παρὰ

1949 4444 2001 4490 et
2043 4434 2228 4490 Gebou
2273 4447 2324 4490 et
2357 4435 2536 4507 Tigris
2574 4447 2626 4491 et
2663 4437 2984 4506 Euphrates,
3018 4443 3110 4499 ut,
3147 4430 3340 4500 inquit,
3388 4427 3517 4482 dicit

267 4511 346 4581 τῷ
369 4513 600 4588 Μωῦσῇ,
638 4520 867 4589 ούρανοῦ
897 4539 956 4574 τε
989 4523 1082 4575 καὶ
1105 4525 1208 4593 γῆς
1241 4527 1334 4578 καὶ
1368 4526 1478 4579 τῶν
1513 4529 1568 4581 ὲν
1604 4529 1742 4601 αὐτῇ
1774 4532 1841 4598 ³⁵,

268 4603 350 4665 είς
415 4604 683 4679 τέτταρας
735 4613 910 4682 ἀρχὰς
971 4615 1302 4687 διῃρέθησαν
1363 4621 1411 4672 oi
1473 4619 1678 4675 δώδεκα
1742 4624 1842 4694 τῆς

273 4697 478 4767 μητρὸς
504 4698 746 4770 ἄγγελοι,
775 4706 869 4757 καὶ¹
899 4708 1140 4760 καλεῖται
1165 4708 1368 4762 τούτων
1390 4710 1618 4766 ἕκαστον
1649 4731 1841 4784 τεταρ-

268 4788 532 4861 τημόριον
563 4791 640 4864 [ρ.
678 4796 975 4870 152-154]
1012 4800 1274 4870 ποταμὸς,
1313 4802 1520 4855 Φεισὼν
1551 4806 1644 4857 καὶ
1693 4805 1840 4858 Γεὼν

271 4881 364 4934 καὶ
394 4884 585 4956 Τίγρις
614 4887 707 4940 καὶ
736 4891 1046 4960 Εὐφράτης,
1083 4891 1178 4958 ὡς,
1213 4895 1367 4962 φησὶ,
1399 4895 1546 4962 λέγει
1574 4897 1835 4966 Μωΰσῆςο

269 4966 412 5024 οὗτοι
434 4975 948 5049 ὲμπεριέρχονταιπ
970 4983 1018 5033 οί
1036 4981 1239 5035 δώδεκα
1261 4983 1477 5052 ἄγγελοι
1499 4987 1578 5050 είς
1601 4987 1758 5040 τέττα
1769 5003 1835 5058 ρα

275 5061 412 5134 μέρη
445 5069 1050 5142 συμπεριπεπλεγμένοι
1085 5074 1176 5127 καὶ
1207 5073 1446 5128 διέπουσι
1490 5077 1580 5129 τὸν
1607 5078 1833 5148 κόσμον,

1947 4526 2143 4583 Moses.
2185 4527 2247 4582 lli
2277 4529 2756 4598 circumragantur
2779 4528 3057 4581 duodecim
3091 4522 3265 4594 angeli
3300 4521 3350 4575 in
3379 4535 3515 4590 qua-

1947 4626 2070 4672 tuor
2114 4629 2297 4688 partes
2336 4620 2476 4674 inter
2507 4635 2566 4674 se
2613 4619 2917 4690 complicati
2950 4628 3000 4671 et
3031 4615 3330 4686 gubernant
3362 4627 3515 4666 mun-

1949 4710 2074 4763 dmn
2103 4751 2116 4772 ,
2147 4712 2474 4780 satrapicam
2507 4712 2794 4781 quamdam
2826 4711 3134 4764 obtinentes
3169 4706 3218 4760 in
3257 4703 3528 4758 mundum-

1946 4801 2014 4856 ah
2040 4803 2202 4856 Edem
2233 4813 2505 4873 acceptam
2547 4812 2887 4868 potestatem.
2937 4799 3154 4854 Manent
3199 4807 3376 4852 autem
3408 4811 3513 4850 non

1944 4907 2159 4960 semper
2207 4893 2259 4947 in
2314 4894 2446 4948 locis
2487 4895 2694 4956 iisdem.
2725 4895 2816 4949 sed
2847 4904 3097 4962 tanquam
3137 4891 3187 4944 in
3219 4891 3386 4945 choro
3421 4904 3514 4960 ey-

1943 4985 2080 5038 clico
2108 4985 2620 5056 circumvagantur,
2671 4998 2939 5040 nuuantes
2988 4986 3160 5040 locum
3204 4999 3267 5039 ex
3301 4983 3416 5038 loco
3460 4992 3514 5036 et

1941 5075 2194 5131 cedentes
2222 5079 2386 5133 certis
2429 5079 2758 5148 temporibus
2807 5089 2859 5130 ct
2916 5078 3209 5130 intervallis
3263 5076 3374 5128 loca
3411 5072 3510 5127 sibi

1541 5253 1771 5308 VARI/ii
1802 5255 2202 5311 LECTIONES.

342 5402 909 5480 f‘_l_3365).axap£b;ﬂ(1,
931 5407 1139 5480 -Βὰϐελ,
1181 5409 1441 5480 κ’ᾼχαμῶς
1477 5410 1544 5480 Μ.

275 5472 365 5524 ⁷⁸1
399 5473 530 5531 Mos.
557 5471 716 5539 ιι,’8.”
809 5479 853 5509 ’⁸
888 5471 1054 5540 Οὗτος
1083 5477 1144 5539 C,
1179 5479 1246 5532 Μ.

271 5541 445 5620 ὑπέρ..
527 5546 573 5620 ’ξ
602 5547 824 5620 εποίησε
844 5547 896 5620 _C
916 5589 929 5612 ,
1129 5550 1171 5581 "
1206 5548 1387 5620 adadv.
1425 5541 1618 5604 ἑαυτόν
1646 5550 1708 5604 C.

1658 5412 1701 5442 "
1738 5412 2001 5466 Καυῖθαν.
2031 5405 2388 5464 Λευῖαθάνῖ²³
2406 5407 2636 5479 Φαραώθ
2676 5409 2735 5479 (Σ,
2773 5409 2841 5463 Μ.

1359 5481 1403 5510 ’⁷
1433 5479 1580 5549 λέγει
1607 5481 1734 5534 δεῖν·
1769 5481 1987 5548 λέγεται
2017 5483 2079 5542 C,
2116 5479 2183 5532 Μ.
2289 5480 2333 5512 ’³
2368 5495 2459 5549 πει

1359 5567 1387 5620 t.
1425 5551 1618 5604 ἑαυτόν
1646 5550 1708 5604 C.
1813 5552 1857 5583 ³⁸
1893 5549 2369 5620 φυλαχθησόμενος
2397 5549 2459 5604 C.

271 5567 429 5612 υπερ.
527 5567 572 5578 --
602 5567 824 5620 εποιησε
856 5567 929 5612 ιι,
961 5567 1032 5601 ιιι.
1129 5567 1171 5581 ··
1206 5567 1387 5603 αυτον.
1425 5567 1618 5604 εαυτον
1646 5567 1708 5604 υ.
1813 5567 1857 5583 ἰ
1893 5567 2369 5620 φυλαχυησομενος
2397 5567 2459 5604 υ.

271 5611 754 5691 πληθύνεσθε-καὶ
803 5616 1130 5691 πληρώσατε
1181 5619 1281 5691 τῂν
1327 5619 1431 5688 γῆν
1476 5622 1572 5673 καὶ
1623 5620 2090 5691 κατακυριεύᾼσατε
2118 5619 2384 5689 αὐτῆς,κ.
2421 5636 2471 5672 τ.
2504 5621 2555 5672 λέ

272 5663 322 5714 δέ
337 5663 1062 5760 έὶ-ἑέῇῖιῗδὲ’ὄιίιιξἙἹὲιῖῆᾗ
1076 5663 1132 5743 ’ὖ
1152 5729 1164 5753 ,
1191 5663 1274 5746 τις
1340 5663 1399 5720 53'
1414 5663 2012 5762 ὲμέἒριέᾗῖἦῖιέἳζῖιῐ

2956 5408 3000 5440 ³⁸
3039 5406 3416 5476 συναιρούνται
3442 5406 3504 5476 C.

2289 5480 2333 5512 "
2368 5475 2830 5549 περιεσταλμένος
2861 5478 2932 5549 C.
2957 5547 2968 5549 _
3000 5477 3046 5509 ²⁹
3069 5475 3379 5549 τῷνςύπέρ.
3415 5475 3508 5549 τὸν

2571 5547 2616 5579 ³³
2643 5545 2816 5602 ΙΜυε.
2844 5564 2880 5613 l,
2911 5547 2980 5602 28
3010 5566 3022 5601 :
3053 5545 3358 5611 Αὐξάνεσθε
3412 5545 3503 5600 καὶ

2669 5619 2712 5649 ³¹⁵
2747 5618 2875 5689 θείῳ
2904 5618 3009 5671 τινὶ
3060 5618 3139 5672 his
3179 5621 3231 5672 in
3267 5615 3385 5671 cod.
3425 5615 3492 5666 Μ.
