4044 6184
302 286 465 353 3315
1454 284 1751 345 CONTRA
1788 282 2152 345 H/ERESES
2189 282 2331 343 LIB.
2372 282 2469 342 VI.
3444 279 3585 339 θεισ

312 402 417 465 θὶς
440 398 475 469 ἠ
499 394 692 468 Γραφὴ
712 393 911 461 διδάξει
938 395 1029 447 ὅτι
1059 394 1209 463 λέγει
1228 411 1239 424 ·
1278 395 1419 463 Ἐγώ
1440 396 1556 464 ειμι
1575 396 1619 427 ﬂ
1644 397 1678 448 δ
1702 394 1898 448 πλάσ-

2012 393 2178 449 Moses
2209 401 2423 448 uterum
2450 392 2605 457 dixit,
2640 390 2903 459 siquidem
2936 391 3060 446 licet
3090 391 3211 460 logo
3243 390 3483 447 credere.
3524 396 3578 448 Si

308 506 454 551 σωκ
469 487 516 519 ⁸³
549 500 624 540 σε
674 486 745 539 ἐν
784 484 982 554 μήτρᾳ
1016 486 1241 553 μητρός
1271 499 1407 537 σου.
1453 486 1564 538 Καὶ
1601 484 1761 538 τοῦτο
1792 485 1901 555 γὰρ

2012 498 2132 537 vero
2156 482 2355 537 format
2382 482 2523 537 Deus
2556 484 2606 536 iu
2641 491 2796 537 utero
2827 483 3014 535 matris
3042 482 3339 547 hominem,
3373 483 3476 537 hoc
3506 492 3592 537 est

318 582 467 635 οὕτω
494 578 638 633 θέλει
664 576 998 645 γεγράφθαι.
1023 576 1128 629 Τὸν
1152 576 1500 645 παράδεισον,
1526 577 1712 647 φησὶν,
1737 577 1903 645 ἀλλη-

2012 575 2056 628 ὶη
2124 576 2395 644 paradiso,
2450 585 2507 629 ut
2557 575 2822 639 dicebam,
2874 583 2994 628 esto
3050 575 3333 641 paradisus
3374 585 3588 638 uterus,

322 672 504 743 γορῶν
535 673 563 724 6
590 671 797 739 Μωσῆς
826 669 924 737 τὴν
966 672 1179 739 μήτραν
1214 668 1469 738 εἴρηκεν,
1512 668 1671 738 εἴπερ
1704 668 1785 720 δεῖ
1825 667 1905 738 τῷ

324 765 472 833 λόγῳ
502 759 803 815 πιστεύειν.
837 761 900 812 El
926 760 983 812 δὲ
1020 758 1248 812 πλάσσει
1282 760 1310 811 6
1338 759 1471 822 Θεὸς
1490 761 1549 812 ἐν
1584 760 1767 830 μήτρᾳ
1803 776 1905 829 μη-

323 855 456 927 τρὸς
501 853 592 905 τδν
644 850 967 921 ἄνθρωπον,
1023 851 1301 903 τουτέστιν
1345 852 1403 901 ἐν
1449 850 1792 920 παραδείσῳ,
1830 850 1905 913 ὡς

332 949 469 1013 ἔφην
490 983 505 1007 ,
547 943 689 995 ἔστω
725 941 1052 1011 παράδεισος
1090 945 1123 1012 ὴ
1170 944 1351 1011 μήτρα
1374 982 1388 1004 ,
1435 943 1594 1011 Ἐδὲμ
1622 942 1678 993 δὲ
1710 942 1770 995 τὸ
1801 958 1906 1011 χω-

330 1033 469 1103 ρίον,
523 1030 788 1097 ποταμὸς
820 1031 1354 1098 ἐκπορευόμενοςεδ
1400 1032 1468 1093 ἐξ
1532 1030 1698 1098 Ἐὸὲμ
1746 1030 1907 1081 ποτί-

329 1122 451 1180 ζειν
470 1120 516 1151 ⁸⁸
549 1118 657 1171 τὸν
700 1117 1069 1184 παράδεισον
1105 1119 1133 1169 6
1170 1117 1433 1187 ὀμφαλός.
1466 1112 1630 1177 Οὗτος
1654 1156 1667 1176 ,
1703 1118 1867 1182 φησὶν
1890 1153 1904 1175 ,

326 1208 649 1278 ἀφορίζεται
673 1208 701 1259 6
728 1206 969 1275 ὀμφαλὸς
1003 1208 1082 1269 είς
1116 1206 1382 1276 τέσσαρας
1406 1206 1601 1276 ἀρχὰς.
1635 1204 1907 1273 ἑκατέρω-

328 1300 423 1352 Θεν
458 1298 568 1367 γάρ
600 1296 692 1350 τοῦ
726 1296 973 1365 ὀμφαλοῦ
1004 1296 1095 1349 δύο
1135 1298 1271 1349 εἰσίν
1300 1297 1560 1365 ἀρτηρίαι
1599 1311 1908 1365 παρατετα-

319 1388 493 1455 ,μέναι
511 1386 556 1416 ⁸⁸
579 1426 595 1451 ,
630 1385 806 1454 ὀχετοὶ
848 1385 1153 1453 πνεύματος
1174 1428 1187 1447 ,
1220 1387 1313 1437 καὶ
1346 1385 1439 1437 δύο
1468 1385 1695 1452 φλέϐες,
1729 1386 1909 1455 ὀχετοὶ

328 1477 582 1546 αἵματος.
630 1474 877 1527 Ἐπειδὰν
898 1475 939 1505 ⁸⁷
979 1474 1034 1526 δὲ
1058 1515 1071 1538 ,
1104 1475 1269 1542 φησιν
1290 1516 1304 1538 ,
1346 1474 1454 1526 ἀπὸ
1482 1474 1574 1527 τοῦ
1617 1476 1773 1544 Ἐδὲμ
1806 1494 1909 1545 χω-

322 1570 452 1639 ρίου
493 1567 925 1637 ἐκπορευόμενος
964 1568 991 1619 6
1026 1566 1270 1635 ὀμφαλὸς
1304 1567 1485 1636 ἐμφυῇ
1524 1565 1601 1635 τῷ
1634 1567 1909 1635 γενομένῳ

330 1659 472 1712 κατὰ
514 1658 574 1710 τὸ
606 1657 990 1726 ἐπιγάστριον,
1036 1655 1095 1708 ὃν
1134 1656 1331 1718 κοινῶς
1378 1656 1577 1717 πάντες
1628 1671 1909 1724 προσαγο-

328 1755 584 1827 ρεύουσιν
616 1754 858 1823 ὀμφαλὸν
890 1755 1024 1807 ⁸⁸....

326 1943 429 2005 τὰς
466 1940 808 2010 καλουμένας
840 1939 1015 2001 πύλας
1058 1938 1151 1991 τοῦ
1181 1941 1419 2009 ἥπατος,
1459 1942 1659 2002 αἵτινες
1688 1942 1748 1994 τὸ
1782 1960 1905 2011 γεν-

329 2032 573 2102 νώμενον
611 2031 896 2101 τρέφουσιν
919 2045 933 2060 °
964 2031 1021 2082 αἱ
1050 2030 1103 2082 δὲ
1130 2030 1387 2099 ἀρτηρίαι
1408 2073 1421 2095 ,
1448 2030 1509 2093 ἃς
1536 2030 1745 2101 ἔφημεν
1782 2036 1905 2102 ὀχε-

328 2127 457 2187 τοὺς
498 2119 639 2177 εἶναι
670 2122 979 2192 πνεύματος
1000 2161 1015 2185 ,
1048 2122 1389 2191 ἑκατέρωθεν
1438 2125 1826 2194 περιλαϐοῦσαι
1855 2127 1900 2157 ⁸⁸

329 2217 431 2287 τὴν
479 2216 668 2268 κύστιν
700 2214 839 2267 κατά
876 2214 937 2266 τὺ
973 2214 1145 2266 πλατὺ
1176 2213 1401 2276 ὀστοῦν,
1433 2216 1567 2283 πρὸς
1600 2216 1699 2285 τὴν
1739 2216 1906 2284 μεγά-

330 2307 433 2375 λην
469 2305 830 2357 συνάπτουσιν
863 2303 1129 2373 ἀρτηρίαν
1156 2343 1169 2365 ,
1202 2303 1302 2373 τὴν
1343 2305 1484 2355 κατά
1522 2306 1676 2373 ῥάχιν
1711 2305 1906 2358 καλου-

335 2395 505 2464 μένην
537 2390 771 2464 ἀορτὴν,
803 2392 898 2445 καὶ
935 2394 1106 2453 οὕτως
1149 2392 1236 2445 διὰ
1269 2391 1377 2443 τῶν
1431 2392 1765 2463 παραθῦρων
1810 2395 1904 2446 ἐπὶ

330 2484 433 2555 τὴν
466 2484 692 2553 καρδίαν
740 2481 963 2535 ὄδεῦσαν
995 2481 1055 2533 τὸ
1097 2481 1311 2550 πνεῦμα
1361 2482 1575 2552 κίνησιν
1616 2483 1906 2551 ἐργάζεται

330 2574 443 2625 τῶν
475 2571 749 2643 ἐμϐρύων.
803 2571 1176 2639 Πλαττόμενον
1220 2571 1328 2641 γάρ
1376 2572 1435 2623 τὸ
1475 2571 1672 2641 βρέφος
1723 2575 1779 2625 ἐν
1830 2574 1907 2644 τῷ

333 2664 653 2734 παραδείσῳ
680 2662 803 2715 οὔτε
832 2661 908 2731 τῷ
935 2662 1162 2731 στόματι
1189 2661 1393 2732 τροφὴν
1427 2663 1434 2729 |
1466 2662 1749 2732 λαμϐάνει,
1782 2664 1903 2718 οὔτε

332 2757 454 2818 ταῖς
488 2754 632 2824 ῥισὶν
662 2752 918 2805 ἀναπνέει
942 2770 955 2783 ο
996 2755 1053 2805 ἐν
1081 2753 1266 2822 ὑγροῖς
1295 2755 1402 2820 γὰρ
1434 2754 1730 2824 ὑπάρχοντι
1758 2756 1907 2825 αὐτῷ

2004 662 2167 717 Edent
2196 674 2373 717 autem
2414 664 2559 731 regio
2601 663 2709 725 illa,
2744 662 2937 714 ﬂuvius
2988 662 3271 731 egrediens
3309 677 3374 717 ex
3422 662 3589 717 Edent

2007 757 2069 809 ad
2118 755 2451 825 irrigaudum
2504 755 2811 823 paradisum
2854 754 3159 808 umbilicus.
3215 754 3338 817 Hic,
3394 754 3588 823 inquit,

2007 849 2259 901 dividitur
2304 847 2587 900 umbilicus
2633 847 2683 899 iu
2724 857 2954 914 quatuor
2992 847 3187 915 capita.
3226 846 3306 900 Ab
3364 855 3593 914 utraque

2011 941 2153 994 cnim
2188 950 2337 1005 parte
2366 938 2606 992 umbilici
2651 953 2771 1005 qua:
2803 946 2930 991 sunt
2965 938 3183 990 arteria:
3221 936 3375 1005 juxta
3404 948 3591 1002 tense,

2008 1031 2224 1084 canales
2268 1030 2509 1098 spiritus,
2548 1040 2601 1083 et
2650 1030 2767 1083 duae
2808 1044 2980 1091 venae,
3023 1029 3243 1083 canales
3288 1028 3589 1096 sanguinis.

2010 1122 2113 1176 Ubi
2157 1132 2357 1185 autem,
2393 1122 2587 1188 inquit,
2624 1136 2687 1173 ex
2721 1120 2883 1174 Edent
2915 1121 3133 1188 regione
3158 1120 3441 1189 egrediens
3471 1133 3589 1170 um-

2010 1211 2201 1265 bilicus
2249 1212 2515 1265 increscet
2553 1214 2789 1264 nascenti
2827 1212 2971 1265 circa
3019 1212 3393 1279 epigastriuni,
3432 1224 3592 1279 quem

2010 1302 2281 1355 communi
2316 1318 2411 1356 ustt
2442 1302 2676 1354 universi
2721 1302 2992 1370 appellant
3040 1302 3351 1355 umbilicum
3393 1340 3409 1354 .
3453 1338 3468 1355 .
3512 1340 3528 1356 .
3575 1340 3590 1353 .

2009 1395 2127 1450 dum
2159 1408 2339 1450 autem
2366 1397 2468 1450 illa:
2515 1411 2684 1460 veua’,
2716 1411 2811 1463 per
2850 1412 2983 1463 quas
3032 1394 3148 1448 ﬂuit
3206 1405 3260 1448 et
3317 1395 3485 1448 fertur
3526 1392 3594 1446 ab

2011 1485 2174 1541 Edent
2229 1488 2443 1554 regione
2496 1488 2714 1556 sanguis
2763 1502 2857 1554 per
2911 1495 3114 1554 portas,
3167 1500 3284 1553 qua!
3340 1485 3593 1539 dicuntur

2012 1577 2242 1644 bepatis,
2275 1592 2396 1646 qua:
2445 1592 2673 1632 nascens
2725 1577 2915 1643 alunt;
2970 1577 3186 1630 arterize
3236 1585 3416 1630 autem
3464 1575 3588 1637 illir.

2009 1681 2147 1735 quas
2195 1668 2429 1721 diximus
2473 1668 2688 1721 canales
2728 1681 2851 1721 esse
2897 1668 3194 1736 sanguinis,
3245 1668 3314 1721 ab
3362 1674 3591 1732 utraque

1064 1755 1120 1806 αἱ
1154 1753 1209 1806 δὲ
1240 1754 1332 1806 δύο
1364 1754 1578 1823 φλέϐες,
1611 1754 1678 1807 δι’
1718 1748 1791 1807 ὧν
1822 1756 1909 1822 ρεἵ

2012 1768 2161 1827 parte
2187 1759 2445 1826 amplexae
2472 1761 2703 1813 vesicam
2738 1760 2883 1812 circa
2935 1760 3125 1826 pelviin
3163 1772 3413 1828 magnam
3444 1769 3593 1812 arte-

327 1855 427 1909 καὶ
452 1854 674 1923 φέρεται
696 1853 803 1906 ἀπὸ
822 1852 914 1905 τοῦ
957 1853 1116 1922 Ἐδὲμ
1142 1852 1234 1905 τοῦ
1268 1854 1470 1923 χωρίου
1502 1854 1562 1906 τὸ
1596 1848 1735 1923 αἷμα
1762 1855 1933 1908 κατὰ.

2005 1850 2140 1904 riam
2169 1851 2504 1919 contingunt,
2534 1852 2633 1904 hoc
2684 1858 2767 1903 est
2811 1863 2929 1917 qua:
2962 1863 3055 1915 per
3082 1850 3297 1902 dorsum
3357 1858 3590 1903 vocatur

2007 1953 2234 2007 aortam,
2270 1952 2322 1996 et
2364 1943 2437 1995 ita
2489 1956 2585 2009 per
2628 1944 2761 1995 ostia
2816 1942 2868 1994 in
2918 1956 3012 1995 cor
3048 1954 3332 2009 permeans
3367 1940 3593 2008 spiritus

2009 2042 2210 2088 motum
2243 2033 2405 2087 efﬁcit
2450 2033 2802 2085 uteriuorum.
2845 2032 2975 2084 Dum
3011 2031 3154 2085 enim
3207 2030 3471 2084 formatur
3513 2029 3590 2080 iu-

2007 2125 2127 2180 l'ans
2188 2126 2238 2179 in
2285 2126 2555 2193 paradiso,
2608 2139 2781 2191 neque
2835 2138 2929 2177 ore
2985 2123 3299 2175 alimentqu
3362 2120 3588 2188 accipit,

2017 2234 2192 2286 neque
2235 2220 2456 2271 naribus
2502 2218 2767 2286 respirat;
2816 2216 2867 2269 in
2902 2214 3133 2268 lnuuidis
3172 2214 3317 2267 enim
3350 2211 3590 2266 versanti

2009 2319 2126 2363 erat
2195 2310 2241 2362 ei
2294 2320 2419 2363 ante
2472 2309 2633 2374 pedes
2690 2323 2836 2362 mors
2889 2308 2934 2360 si
2992 2306 3303 2373 respirarct,
3342 2302 3592 2357 duxisset

2010 2402 2153 2455 enim
2182 2414 2244 2453 ex
2282 2401 2516 2452 humidis
2559 2409 2615 2453 et
2657 2407 2964 2468 peremptus
3008 2406 3171 2450 esset.
3214 2395 3592 2448 Verumenim-

2010 2502 2137 2541 vero
2196 2489 2620 2543 circuntvnlutus
2669 2498 2749 2542 est
2802 2499 2945 2542 totus
3005 2486 3208 2549 tunica,
3263 2500 3384 2555 qua:
3444 2483 3594 2538 dici-

2012 2589 2098 2632 tur
2145 2581 2407 2642 auiniinn,
2452 2580 2615 2633 alitur
2672 2590 2851 2634 autem
2898 2594 2993 2647 per
3040 2577 3378 2639 umbilicum,
3407 2583 3460 2629 et
3490 2589 3588 2641 per

2012 2669 2305 2736 dorsaleni,
2331 2682 2391 2725 ut
2437 2673 2701 2737 dicebam,
2736 2673 2989 2727 arteriam
3034 2672 3162 2740 spiri
3194 2684 3255 2724 us
3301 2667 3587 2723 assentiam

2012 2764 2226 2831 accipit.

332 2850 486 2921 παρά
518 2848 683 2912 πέδας
722 2843 789 2918 ἦν
836 2849 863 2900 6
901 2847 1128 2907 θάνατος
1168 2849 1216 2899 εἰ
1256 2848 1586 2900 ἀνέπνευσεν
1609 2864 1621 2876 ·
1658 2850 2004 2906 ἐπεσπάσατο
2057 2858 2164 2926 γὰρ
2199 2858 2262 2910 ἂν
2319 2858 2428 2911 ἀπὸ
2486 2858 2593 2911 τῶν
2630 2856 2810 2927 ὑγρῶν
2879 2856 2973 2910 καὶ
3006 2855 3239 2925 ἐφοάρη.
3280 2852 3441 2905 Ἀλλὰ
3476 2850 3589 2920 γὰρ

331 2945 453 2996 ὅλον
504 2942 924 3010 περιέσφιγκται
966 2939 1044 3009 τῷ
1094 2939 1413 3009 καλουμένῳ
1462 2940 1647 3010 χιτῶνι
1685 2942 1899 3014 ἀμνίῳ,
1938 2947 2196 3017 τρέφεται
2259 2950 2315 3003 δὲ
2338 2950 2405 3003 δι’
2444 2950 2688 3019 ὀμφαλοῦ
2718 2949 2809 3001 καὶ
2833 2949 2923 3000 διὰ
2990 2949 3088 3017 τῆς
3122 2946 3260 3000 κατά
3292 2944 3483 3015 ῥάχιν,
3509 2944 3585 3001 ὡς

333 3035 493 3105 ἰφην,
524 3033 623 3102 τὴν
648 3031 741 3084 τοῦ
774 3031 1081 3103 πνεύματος
1110 3033 1298 3086 οὑσίαν
1325 3032 1607 3102 λαμϐάνει.

406 3146 483 3218 [β.
522 3145 639 3200 169.
676 3142 821 3215 ΠΟ]
857 3144 937 3196 ιε’.
987 3145 1043 3196 Ὀ
1084 3141 1175 3197 οῦν
1209 3147 1482 3216 ποταμὸς,
1532 3149 1731 3219 φησὶν,
1758 3150 1787 3203 ὁ
1820 3150 1908 3203 ἐκ·

2082 3152 2437 3226 246-247
2474 3153 2561 3207 15.
2602 3154 2820 3208 Flnvius
2848 3153 3042 3220 igitur,
3076 3151 3270 3219 inquit,
3304 3149 3589 3219 egrediens

336 3240 702 3311 πορευόμενος
736 3236 795 3300 ἐξ
836 3236 997 3306 Ἐδεμ
1034 3237 1113 3299 είς
1153 3237 1427 3309 τέσσαρας
1465 3240 1785 3309 ἀφορίζεται
1813 3241 1912 3308 ἀρ-

332 3329 457 3397 χὰς,
482 3327 703 3397 ὀχετοὺς
742 3326 1045 3398 τέσσαρας,
1091 3329 1369 3382 τουτέστιν
1402 3332 1481 3394 είς
1525 3334 1799 3401 τέσσαρας
1825 3333 1915 3384 ἀί-

336 3418 561 3488 σϐήσεις
584 3417 678 3470 τοῦ
706 3419 1064 3487 γεννωμένου,
1087 3420 1298 3489 ὅρασιν,
1332 3422 1500 3492 ἀκοὴν
1516 3422 1590 3484 ⁷ο,
1619 3422 1911 3493 ὄσφρησιν,

336 3508 528 3577 γεῦσιν
563 3509 659 3562 καὶ
691 3509 857 3579 ἁφήν.
886 3510 1099 3573 Ταύτας
1123 3512 1228 3580 γὰρ
1259 3511 1369 3580 ἔχει
1406 3512 1571 3580 μόνας
1596 3514 1691 3574 τὰς
1724 3514 1915 3583 αξσοήο

340 3612 454 3660 σεις
490 3596 547 3649 ἐν
580 3595 656 3665 τῷ
690 3597 999 3669 παραδείσῳ
1031 3598 1406 3667 πλασσόμενον
1441 3600 1500 3651 τὸ
1533 3600 1762 3655 παιδίον.
1808 3595 1912 3654 0'5-

338 3707 470 3753 τος,
523 3691 721 3759 φησὶν,
772 3692 919 3743 ἐστὶν
962 3694 989 3744 6
1022 3692 1213 3761 νόμος,
1256 3693 1315 3745 ὃν
1344 3693 1507 3763 ἔθηκε
1553 3696 1787 3765 Μωσῆς,
1822 3698 1913 3748 καὶ

349 3781 491 3850 πρὸς
520 3780 703 3833 τοῦτον
730 3782 891 3835 αὑτὸν
913 3783 1002 3835 τὸν
1034 3784 1195 3853 νόμον
1219 3784 1529 3855 γέγραπται
1558 3786 1664 3839 τῶν
1697 3786 1913 3854 βιϐλίων

347 3870 605 3931 ἕκαστον.
656 3873 730 3935 ὡς
774 3875 830 3925 al
872 3874 915 3903 τι
957 3876 1261 3945 ἐπιγραφαὶ
1306 3875 1545 3944 δηλοῦσι.
1587 3876 1659 3928 T6
1699 3876 1915 3945 πρῶτον

344 3960 545 4029 βιϐλίον
577 3961 819 4025 Γένεσις·
854 3965 1037 4033 ἤρκει,
1065 3966 1219 4034 φησι,
1248 3965 1385 4033 πρὸς
1419 3966 1621 4034 γνῶσιν
1650 3966 1755 4019 τῶν
1777 3967 1915 4020 ὅλων

339 4052 374 4119 ή
405 4052 685 4122 ἐπιγραφὴ
723 4052 817 4104 τοῦ
853 4054 1077 4121 βιϐλίου.
1123 4054 1268 4124 Αὕτη
1299 4054 1437 4125 γὰρ,
1479 4056 1674 4125 φησὶν,
1708 4056 1855 4108 ἐστὶν
1878 4058 1912 4126 ἡ

337 4140 558 4204 Γένεσις
591 4143 811 4213 ὅρασις,
844 4146 922 4207 είς
964 4145 1030 4214 ἢν
1065 4145 1380 4216 ἀφορίζεται
1436 4148 1683 4217 ποταμοῦ
1739 4147 1916 4219 σχέσις

336 4234 370 4299 ἠ
424 4232 540 4301 μία.
578 4234 807 4304 Ἐοεάθη
846 4238 953 4308 γὰρ
996 4240 1025 4289 6
1070 4238 1272 4307 κόσμος
1315 4241 1371 4291 ἐν
1422 4241 1631 4309 ὁράσει.
1686 4240 1749 4294 Ἡ
1793 4244 1913 4295 ἐπι-

336 4325 526 4395 γραφὴ
546 4324 589 4355 "
622 4324 825 4395 βιϐλίου
852 4328 1104 4400 δευτέρου
1132 4330 1372 4396 Ἔξοδος.
1410 4331 1555 4384 Ἔδει
1579 4331 1687 4402 γὰρ
1716 4332 1776 4385 τὸ
1793 4349 1915 4400 γεν-

339 4413 534 4484 νηθὲν,
564 4415 667 4486 τὴν
704 4416 971 4488 Ἐρυθρὰν
1002 4419 1279 4473 διοδεῦσαν
1319 4419 1596 4474 Θάλασσαν
1620 4422 1667 4454 ⁷³
1689 4460 1704 4483 ,
1739 4422 1914 4474 ἐλθεῖν

2015 3256 2079 3295 ex
2112 3244 2274 3297 Edent
2318 3247 2571 3299 dividitur
2614 3245 2671 3298 in
2702 3254 2933 3313 quatuor
2970 3244 3165 3311 capita,
3203 3242 3418 3294 canales
3449 3256 3587 3308 qua~

2014 3343 2158 3398 tuor,
2197 3336 2298 3389 huc
2336 3345 2418 3389 est
2450 3337 2500 3389 in
2530 3348 2765 3404 quatuor
2797 3349 2989 3388 sensus
3022 3334 3164 3395 nati,
3197 3333 3404 3393 visum,
3434 3332 3589 3383 audi-

2014 3440 2150 3494 tum,
2192 3430 2447 3484 olfactum
2481 3469 2495 3491 ,
2531 3440 2744 3496 gustum
2770 3437 2825 3481 et
2864 3435 3085 3480 tactum.
3123 3424 3229 3477 llos
3266 3423 3408 3478 enim
3441 3424 3588 3477 solos

2016 3521 2176 3573 habet
2212 3535 2406 3574 sensus
2440 3520 2490 3572 in
2518 3520 2769 3589 paradiso
2799 3518 3057 3586 ﬁguratus
3085 3513 3279 3567 infans.
3326 3512 3450 3567 Hatc
3481 3526 3583 3578 est,

2016 3607 2208 3675 inquit,
2244 3607 2322 3659 lex
2361 3623 2518 3675 quam
2555 3609 2728 3674 posuit
2756 3605 2927 3659 Moses
2961 3612 3015 3657 et
3049 3604 3113 3656 ad
3150 3604 3287 3656 bane
3315 3602 3483 3671 ipsam
3513 3604 3588 3656 le-

2015 3714 2134 3767 gem
2172 3698 2359 3765 scripti
2400 3709 2523 3752 sunt
2559 3698 2756 3765 singuli
2789 3696 2907 3749 libri
2932 3734 2947 3756 ,
2980 3704 3035 3747 ut
3080 3693 3460 3760 inscriptiones
3487 3692 3586 3745 de~

2014 3790 2243 3843 clarant.
2278 3787 2489 3842 Primus
2512 3787 2647 3841 liber
2666 3786 2908 3842 Genesis.
2937 3783 3265 3849 Sulliciebat,
3294 3783 3485 3852 inquit,
3519 3784 3587 3837 ad

2015 3880 2374 3949 cognitionem
2402 3880 2662 3932 universrc
2691 3877 2765 3931 rei
2796 3876 3071 3944 inscriptio
3093 3874 3236 3928 libri.
3265 3874 3387 3928 llaec
3415 3875 3583 3932 enim.

2017 3971 2210 4039 inquit,
2245 3980 2327 4025 est
2360 3968 2587 4023 Genesis
2626 3968 2802 4032 visus,
2851 3967 2902 4020 in
2934 3982 3093 4035 quem
3132 3967 3390 4020 dividitur
3439 3964 3587 4019 lluvil

2015 4060 2185 4114 sectio
2223 4074 2346 4112 una.
2374 4058 2706 4125 Conspectus
2740 4056 2882 4110 enim
2906 4065 2985 4108 est
3013 4056 3245 4108 mundus
3274 4069 3368 4121 per
3388 4055 3583 4107 visum.

2018 4149 2307 4219 Inscriptio
2348 4162 2535 4202 rursus
2582 4147 2804 4201 alterius
2862 4144 2981 4199 libri
3024 4144 3261 4199 Exodus.
3293 4142 3589 4210 Oportebat

2016 4240 2157 4295 enim
2187 4239 2235 4291 id
2257 4238 2398 4306 quod
2416 4246 2600 4290 uatum
2635 4244 2752 4291 erat
2782 4244 3058 4305 permeato
3087 4232 3225 4286 mari
3255 4231 3437 4285 llubro
3464 4244 3590 4298 per-

2016 4330 2202 4384 venire
2238 4330 2291 4384 in
2324 4331 2591 4383 desertum
2628 4327 2800 4398 (mare
2827 4324 3065 4380 Rubrum
3094 4334 3295 4386 autem,
3316 4321 3583 4390 inquiunt,

2014 4424 2148 4477 dicit
2170 4418 2524 4492 sanguinem)
2551 4428 2605 4475 et
2629 4428 2845 4489 gustare
2873 4431 3111 4471 amaram
3138 4428 3351 4483 aquam.
3387 4412 3583 4464 Ainara

338 4506 436 4561 ἐπὶ
459 4507 558 4578 τὴν
588 4508 790 4579 ἔρημον
814 4512 1110 4583 (Ἐρυθρὰν
1137 4513 1195 4565 δέ
1225 4514 1407 4583 λέγει,
1438 4516 1570 4583 φασὶ
1592 4557 1605 4579 ,
1636 4514 1697 4567 τὸ
1726 4510 1907 4584 αἷμα),

2012 4518 2177 4580 enim,
2214 4514 2404 4581 inquit.
2439 4522 2522 4567 est
2546 4527 2710 4581 aqua,
2735 4525 2854 4578 qum
2886 4517 2966 4563 est
2997 4517 3117 4577 post
3146 4518 3295 4559 mare
3318 4501 3583 4568 Rubrum,

340 4596 435 4650 καὶ
455 4597 753 4666 γεύσασθαι
787 4601 981 4671 πικρὸν
1006 4602 1168 4673 ὕδωρ.
1197 4606 1399 4676 Πικρὸν
1426 4607 1551 4677 γάρ,
1581 4606 1763 4675 φησιν,
1793 4607 1909 4659 ἐστὶ

337 4683 399 4738 τὸ
428 4683 573 4756 ὕδωρ
597 4687 659 4739 τὸ
689 4687 827 4758 μετά
859 4693 958 4760 τὴν
1001 4691 1268 4762 Ἐρυθρὰν
1301 4692 1604 4759 Θάλασσαν,
1633 4696 1771 4765 ὅπερ
1816 4697 1907 4747 ἐσ-

346 4778 421 4829 τὶν
450 4775 566 4841 ὁδὸς
601 4778 699 4847 τῆς
732 4781 873 4834 κατὰ
912 4784 1003 4834 τὸν
1043 4782 1155 4851 βίον
1188 4783 1438 4850 γνώσεως
1482 4786 1589 4838 τῶν
1634 4787 1906 4839 ἐπιπόνων

337 4868 633 4940 ὁδευομένη
662 4872 776 4941 έκαὶ
827 4873 1057 4943 πικρῶν.
1097 4874 1341 4945 Στραφὲν
1369 4875 1425 4929 δὲ
1469 4875 1573 4927 ὑπὸ
1624 4876 1863 4939 Μωσέως
1888 4916 1904 4943 ,

2015 4622 2135 4676 qua:
2174 4606 2390 4676 quidem
2431 4616 2511 4660 cst
2546 4604 2688 4673 quod
2717 4601 3000 4658 comicitur
3035 4600 3134 4653 iter
3176 4612 3267 4664 per
3300 4594 3463 4648 vitam
3494 4608 3592 4647 co—

2014 4696 2273 4764 gnitionis
2309 4706 2753 4750 aerumnosorum
2800 4700 2855 4744 et
2882 4703 3213 4743 amarorum.
3246 4686 3579 4740 Conversqu

2016 4796 2192 4842 autem
2225 4802 2254 4838 a
2282 4786 2447 4851 Mose,
2477 4786 2577 4839 hoc
2602 4792 2685 4839 est
2732 4795 2761 4835 a
2790 4781 2929 4850 logo,
2964 4796 3205 4833 amarum
3237 4778 3364 4832 illud
3390 4777 3581 4831 evadet

2016 4880 2192 4933 dulce.
2229 4877 2296 4931 Et
2324 4878 2437 4931 haec
2464 4876 2538 4931 ita
2565 4890 2625 4931 se
2654 4874 2857 4929 habere
2885 4872 3039 4941 vulgo
3067 4872 3191 4927 licet
3223 4870 3291 4924 ab
3320 4867 3586 4924 universis

1612 5072 1844 5128 VARlAi
1887 5072 2294 5130 LECTIONES.

416 5229 460 5312 ξ’
483 5228 759 5311 FOrt..rl'r.
786 5229 1051 5312 lere-n11},
1085 5230 1117 5283 ις
1150 5248 1162 5284 :
1197 5231 1311 5312 1.196
1335 5231 1432 5312 τοῦ
1457 5249 1524 5300 με
1546 5231 1747 5312 πλάσαι
1785 5250 1844 5285 σε
1871 5234 1928 5312 ἐν
1957 5227 2173 5312 κοιλίας
2219 5231 2639 5312 ηὑξιλάσωνα
2666 5300 2678 5312 υ
2714 5229 2759 5262 ⁸⁸
2786 5229 2867 5286 Cf.
2898 5228 3078 5312 I'MOS'.
3117 5243 3177 5293 tt,
3340 5227 3587 5312 "9‘51ka

340 5298 399 5373 δέ
427 5298 782 5371 ἐκπορεύεται
798 5301 869 5373 ⁸ἐξ
912 5300 1070 5373 Ἐδὲμ
1114 5298 1352 5373 ποτίζειν
1386 5298 1476 5354 τὸν
1502 5303 1829 5373 παράδεισον
1855 5319 1868 5333 ο
1902 5298 2119 5355 ἐκεῖθεν
2151 5302 2467 5373 ἀφορίζεται
2513 5304 2593 5364 εἰς
2621 5300 2890 5373 τέσσαρας
2920 5300 3114 5373 ἀρχάς.

3217 5299 3260 5329 ⁸⁸
3288 5296 3501 5361 ποτίζει
3519 5298 3584 5351 C.

342 5368 389 5447 ‘f
420 5368 989 5447 παρατεταγμέναιηυ,
1022 5372 1093 5436 Μ,
1170 5368 1839 5447 ⁶⁷Δξλ1σξπειταλέὲμφὺεται
1869 5375 2026 5447 ξικέιο
2056 5368 2663 5447 IaCunaEnuiissosusp.
2697 5368 2903 5447 Christ.
2936 5368 3208 5447 l‘etersen,
3232 5369 3354 5447 coll.
3381 5369 3587 5447 Caleno

346 5438 403 5489 in
436 5436 692 5506 "ippon.
718 5436 804 5491 De
835 5441 1099 5511 Alimenta
1125 5457 1178 5510 p.
1206 5440 1313 5511 290
1338 5444 1423 5495 ed.
1451 5436 1746 5511 (Ἀμεινίῃ,
1786 5458 1838 5507 p.
1868 5436 1968 5495 587
2000 5440 2181 5495 Milia.
2217 5456 2343 5511 sv.”
2384 5439 2429 5471 “
2461 5436 3081 5511 bigiiAzivitiiusdamnant
3110 5440 3216 5511 μου
3238 5440 3585 5511 potiusAlocit

346 5521 511 5573 quam
534 5518 662 5607 post
685 5509 1069 5593 ἐπιγάστριον,
1092 5509 1180 5564 ubi
1216 5509 1287 5562 M.

346 5582 458 5628 tus.
561 5576 583 5607 ⁸
615 5577 905 5628 Dclendum
950 5580 1138 5628 dxorv.
1190 5589 1287 5628 ult

372 5591 458 5627 ιιε.

1366 5511 1410 5541 ⁶⁹
1442 5509 1854 5579 περιλαϐοῦσαι.
1879 5512 1977 5581 μὲν
1998 5510 2283 5581 λαϐοῦσαι
2306 5510 2367 5575 C,
2398 5508 2757 5564 συλλαϐοῦσαι
2784 5509 2855 5573 Μ,

615 5577 917 5649 pclertdum
950 5578 1138 5647 ἀκοὴν,
1190 5589 1245 5632 ιιι
1273 5594 1333 5649 ex
1365 5577 1711 5649 sequentibus
1755 5577 1956 5648 liquido
1996 5590 2239 5649 apparet.
2274 5580 2315 5632 Μ
2344 5597 2357 5647 ;

349 5659 465 5701 om.
493 5642 559 5713 C,
588 5644 659 5699 Μ.
735 5647 780 5678 τ’
815 5648 878 5702 Ἡ
906 5642 1203 5720 ἐπιγραφή.
1228 5647 1301 5701 Δῦ
1332 5642 1513 5719 γραφὴ
1537 5650 1598 5714 C,
1631 5646 1703 5702 Λῦ
1730 5642 2005 5720 ἐπιγραφὴ
2031 5642 2182 5719 susp.
2218 5649 2284 5702 Μ.

2892 5505 3290 5579 μεταλαϐοῦσαι
3322 5508 3385 5562 Β.
3428 5505 3583 5579 δινωτ-

2397 5581 2537 5647 quod
2586 5594 2741 5632 secus
2768 5576 2903 5633 cstﬂ
2942 5579 2983 5608 "
3020 5580 3073 5631 αί
3102 5589 3225 5633 ante
3276 5576 3580 5647 ἐπιγραφαὶ

2367 5649 2411 5681 ⁷³
2446 5649 2525 5701 (ll.
2555 5664 2675 5704 cum
2718 5650 2796 5705 bis
2828 5649 2864 5703 ll
2898 5647 3031 5704 Mus.
3065 5665 3151 5711 xv,
3187 5647 3380 5701 22-96.
