4044 6184
259 271 408 344 3⁵219

1392 273 1693 334 CONTRA
1730 275 2092 335 HJEBESES
2129 275 2274 334 LIB.
2311 275 2412 335 VI.

3273 246 3498 340 am

262 383 624 453 ἑξεικονισθῇ.
661 383 819 453 Τρεῖς
848 356 986 452 γὰρ,
1025 381 1218 452 φησὶν,
1256 383 1392 435 εἰσὶν
1435 383 1669 446 ἑστῶτες
1693 423 1706 444 ,
1740 385 1834 436 καὶ

1957 385 2100 439 ›ἰιυι·.
2142 386 2279 439 Tres
2303 385 2446 438 enim
2481 389 2605 436 sunt
2629 421 2644 443 ,
2689 379 2882 450 inquit,
2916 381 3004 448 qui
3030 389 3195 446 stant,
3227 397 3343 446 nec,
3373 388 3529 478 quiti.

261 477 392 530 ἄνευ
423 474 517 526 τοῦ
551 476 700 544 τρεῖς
743 471 880 528 εἶναι
932 473 1171 536 ἑστῶτας
1213 474 1415 535 αἰῶνας
1449 475 1507 526 οὐ
1552 477 1835 543 κοσμεῖται

258 570 290 622 6
320 569 578 635 γέννητος
599 568 645 598 ⁸⁵
672 567 698 618 6
741 567 860 619 κατ’
900 567 1096 628 αὐτοὺς
1124 565 1216 618 ἐπὶ
1247 565 1342 617 τοῦ
1375 564 1564 628 ὕδατος
1600 566 1836 635 φερόμε-

260 677 383 722 νος,
419 661 446 712 6
473 659 595 712 καθ’
623 659 882 727 ὁμοίωσιν
903 658 1398 728 ἀναπεπλασμένος
1427 658 1630 720 τέλειος
1653 656 1839 727 £7102)-

261 750 510 822 ράνιοςῙ,
557 752 677 802 κατ’
728 751 980 818 οὐδεμίαν
999 749 1041 780 ⁸⁷
1091 750 1330 802 ἐπίνοιαν
1371 749 1708 817 ἐνδεέστερος
1741 749 1840 817 τῆς

261 843 561 909 ἀγεννήτου
593 841 877 908 δυνάμεως
925 841 1236 909 γενόμενος,
1277 839 1553 892 τουτέστιν
1601 839 1629 892 ὃ
1661 839 1840 906 λέγου-

261 951 352 984 σιν
377 948 391 962 ο
429 931 569 1000 Ἐγὼ
595 931 691 984 καὶ
719 933 783 985 σὺ
811 932 888 996 ἓν,
917 933 1022 1002 πρὸ
1044 932 1178 1002 ἐμοῦ
1205 932 1291 996 σὺ,
1313 932 1373 983 τὸ
1389 933 1432 964 ⁸³
1463 933 1598 1001 μετὰ
1625 932 1682 984 σὲ
1709 930 1838 999 ἐγώ.

258 1022 447 1090 Αὕτη,
497 1025 698 1092 φησιν,
749 1024 865 1075 ἐστὶ
905 1023 1134 1093 δύναμις
1181 1024 1307 1094 μία,
1361 1023 1661 1095 διῃρημένη
1694 1022 1839 1085 ἄνω,

261 1114 440 1177 κάτω,
493 1113 662 1183 αὐτὴν
701 1113 969 1180 γεννῶσα,
1006 1113 1173 1183 αὐτὴν
1210 1111 1468 1176 αὐξουσα.
1514 1112 1697 1178 Δαὐτὴν
1749 1108 1845 1177 ζη-

258 1208 454 1268 τοῦσα,
488 1207 660 1275 αὐτὴν
686 1205 1033 1275 εὐρίσκουσα,
1063 1205 1232 1273 αὐτῆς
1273 1204 1452 1273 μήτηρ
1489 1198 1643 1265 οὖσα,
1675 1200 1845 1268 αὐτῆς

262 1299 474 1368 πατὴρ,
513 1298 680 1366 αὐτῆς
715 1296 941 1365 ἀδελφὴ,
975 1295 1143 1364 αὐτῆς
1179 1293 1430 1362 σύζυγος,
1475 1291 1644 1360 αὐτῆς
1683 1291 1848 1358 θυγάο

261 1408 393 1461 τηρ,
421 1389 590 1458 αὐτῆς
621 1388 759 1451 υἱὸς,
788 1389 992 1458 μήτηρ,
1029 1387 1230 1456 πατὴρ,
1257 1384 1332 1448 ἒν,
1365 1380 1498 1436 οὖσα
1517 1383 1564 1415 ⁸9
1591 1383 1718 1453 ῥίζα
1742 1383 1848 1434 τῶν

263 1483 424 1534 ὅλων.
902 1480 904 1482 ’

340 1574 451 1624 Καὶ
477 1573 593 1634 ὃτι,
626 1571 792 1640 φησὶν
813 1613 826 1633 ,
868 1568 978 1622 ἀπὸ
1009 1568 1180 1639 πυρὸς
1211 1569 1243 1638 ὴ
1274 1567 1417 1638 ἀρχὴ
1449 1569 1546 1638 τῆς
1583 1567 1849 1635 γενέσεώς

266 1664 391 1715 ἐστι
431 1661 536 1712 τῶν
574 1659 649 1731 [p.
686 1657 1007 1728 171—175.]
1058 1658 1441 1728 γεννωμένων,
1479 1657 1720 1710 τοιοῦτον
1760 1673 1851 1710 κα-

1939 476 2041 531 εἰιιι
2101 487 2209 533 tres
2245 490 2423 530 aeones
2451 474 2542 543 qui
2578 480 2720 527 stant
2745 513 2760 538 ,
2796 475 3091 525 adornatur
3117 474 3528 554 generat_us_is.:
3565 525 3568 532 λ

1939 568 2028 635 qni
2061 568 2354 622 secundum
2385 566 2505 620 illos
2531 581 2696 634 super
2722 581 2914 634 aquam
2939 565 3132 630 fertur,
3160 545 3526 634 tanqu-aurati“

1940 659 2344 713 similitudinem
2374 658 2594 713 refictus
2624 657 2894 726 perfectus
2927 659 3164 714 cmlestis
3185 698 3198 719 ,
3241 657 3334 727 qui
3367 659 3509 711 nulla

1943 749 2150 803 ratione
2183 749 2407 804 inferior
2437 763 2595 816 quam
2625 763 2730 801 non
2773 758 3024 818 generata
3061 757 3296 817 potestas
3338 749 3513 803 factus

1943 849 2045 894 est.
2076 840 2188 894 Hoc
2215 850 2296 895 est
2327 842 2470 908 quod
2506 840 2696 894 aiunt:
2729 840 2839 909 Ego
2868 849 2922 894 et
2963 853 3016 893 tu
3052 857 3237 905 unum,
3273 853 3398 896 ante
3428 859 3512 896 me

1945 942 2022 995 tu,
2055 933 2106 986 id
2146 932 2290 1000 quod
2336 939 2454 997 post
2492 941 2544 986 te
2577 945 2695 1000 ego.
2729 931 2876 997 Ilaec,
2910 932 3081 1000 inquit
3109 926 3244 998 ,‘est
3275 943 3514 1003 potestas

1945 1039 2074 1087 una,
2102 1023 2296 1086 divisa,
2328 1038 2578 1090 superne,
2617 1023 2842 1088 inferne,
2872 1034 3042 1079 semet
3072 1027 3318 1096 gignens,
3343 1037 3516 1081 semet

1948 1116 2120 1179 alens,
2145 1125 2317 1169 semet
2345 1130 2616 1184 qumrens,
2661 1125 2834 1170 semet
2879 1117 3152 1185 reperiens
3177 1159 3191 1182 ,
3229 1119 3309 1172 sui
3349 1119 3516 1188 ipsius

1947 1214 2140 1268 mater,
2171 1207 2254 1260 sui
2294 1206 2461 1273 ipsius
2491 1215 2662 1274 pater,
2701 1208 2782 1261 sui
2817 1208 2984 1274 ipsius
3013 1224 3191 1272 soror.
3231 1211 3315 1265 sui
3349 1211 3518 1279 ipsius

1948 1295 2162 1363 conjux,
2202 1295 2283 1347 sui
2315 1293 2482 1362 ipsius
2512 1295 2640 1360 filia,
2677 1295 2759 1349 sui
2792 1297 2958 1364 ipsius
2987 1297 3149 1364 filius,
3193 1309 3388 1368 mater,
3421 1317 3517 1371 pa-

1950 1397 2053 1452 ter,
2083 1403 2268 1452 unum,
2308 1402 2427 1440 cum
2457 1386 2525 1441 sit
2571 1387 2722 1441 radix
2753 1387 3014 1442 omnium.

2022 1566 2088 1622 Et
2118 1583 2182 1620 ex
2231 1568 2352 1637 igne
2398 1568 2527 1622 oriri
2568 1569 2887 1638 principium
2938 1572 3298 1639 generationis
3331 1589 3519 1630 eorum

1953 1674 2072 1728 quae
2091 1668 2416 1728 generantur
2439 1659 2784 1729 250-251
2817 1663 2870 1715 in
2901 1662 3042 1716 hunc
3067 1661 3178 1717 fere
3202 1664 3386 1720 definit
3406 1683 3522 1720 mo-

262 1754 510 1806 τανὸειθο
544 1752 668 1804 τινὰ
695 1752 897 1822 τρόπον
960 1751 1217 1815 Πάντων,
1251 1751 1392 1802 ὅσων
1422 1750 1636 1818 γένεσίς
1675 1751 1848 1815 ἐστιν,

1957 1754 2110 1804 dum:
2139 1749 2412 1814 Omnium,
2445 1767 2889 1820 quoruntcunque
2919 1755 3192 1821 generatio
3227 1767 3423 1820 exstat,
3457 1761 3522 1810 ab

265 1845 382 1896 ἀπὸ
415 1844 581 1912 πυρὸς
608 1844 640 1910 ἡ
669 1844 812 1913 ἀρχὴ
845 1843 944 1911 τῆς
970 1840 1265 1910 ἐπιθυμίας
1288 1842 1386 1909 τῆς
1410 1839 1674 1908 γενέσεως
1695 1841 1735 1871 ⁹¹
1765 1839 1849 1906 γί-

267 1955 441 1990 νεται.
481 1934 781 2004 Τοιγαροῦν
832 1933 1137 2004 πυροῦσθαι
1177 1933 1235 1986 τὸ
1266 1932 1274 2003 |
1307 1933 1597 2002 ἐπιθυμεῖν
1623 1933 1721 2001 τῆς
1756 1949 1850 2000 με..

266 2028 546 2097 ταϐλητῆς
579 2026 848 2094 γενέσεως
884 2023 1230 2094 ὀνομάζεται.
1278 2022 1375 2077 Ἐν
1413 2024 1468 2076 δὲ
1490 2023 1610 2076 ὄνθ’
1641 2023 1702 2076 τὸ
1740 2023 1849 2094 πῦρ

266 2121 484 2189 τροπὰς
534 2117 823 2188 στρέφεται
857 2115 950 2168 δύο
973 2115 1038 2169 ⁸⁸.
1077 2115 1375 2184 Στρέφεται
1416 2115 1544 2184 γὰρ,
1576 2114 1762 2184 φησὶν,
1793 2115 1850 2167 ὲν

260 2211 350 2280 τῷ
382 2211 534 2281 ἀνδρὶ
569 2209 629 2261 τὸ
670 2205 839 2277 αἷμα,
888 2207 982 2260 καὶ
1013 2207 1215 2276 θερμὸν
1265 2207 1358 2260 καὶ¹
1395 2207 1587 2270 ξανθὸν
1617 2207 1692 2268 ὡς
1740 2206 1851 2277 πῦρ

267 2302 647 2370 τυπούμενον,
684 2301 764 2361 εἰς
814 2298 1056 2367 σπέρμα,
1098 2298 1156 2350 ἐν
1189 2297 1243 2349 δὲ
1272 2301 1336 2368 τῇ
1378 2297 1598 2364 γυναικὶ
1629 2297 1690 2349 τὺ
1720 2297 1851 2349 αὐτὸ

268 2393 432 2445 τοῦτο
465 2387 602 2460 αἷμα
646 2392 724 2450 είς
763 2389 924 2456 γάλα.
982 2390 1090 2442 Καὶ
1132 2387 1342 2454 γίνεται
1392 2390 1425 2458 ἡ
1481 2388 1574 2439 τοῦ
1624 2387 1853 2459 ἄρρενος

263 2487 452 2556 τροπὴ
484 2487 697 2552 γένεσις
717 2483 797 2546 ⁸⁸,
829 2484 862 2552 ή
901 2482 955 2534 δὲ
996 2481 1095 2552 τῆς
1135 2479 1355 2550 θηλείας
1393 2481 1566 2551 τροπὴ
1612 2481 1788 2551 τροφὴ
1807 2482 1853 2513 ⁹⁵

269 2577 351 2646 τῷ
383 2576 727 2646 γεννωμένῳ.
761 2573 931 2643 Α’ὐτη,
967 2573 1155 2642 φησὶν,
1186 2572 1332 2623 ἐστὶν
1362 2573 1399 2640 ἡ
1431 2572 1689 2640 gloria-71
1717 2573 1858 2638 ῥομ-

267 2667 488 2738 φαιάπ
526 2667 564 2732 ἡ
613 2663 986 2733 στρεφομένη
1023 2661 1371 2730 φυλάσσειν
1413 2661 1527 2728 τὴν
1573 2661 1718 2715 ὁδὸν
1749 2661 1856 2715 τοῦ

274 2761 470 2824 ξύλου
492 2758 600 2826 τῆς
621 2757 789 2826 ζωῆς.
819 2756 1117 2826 Στρέφεται
1145 2753 1255 2824 γὰρ
1277 2754 1336 2806 τὸ
1363 2749 1504 2823 αἷμα
1529 2756 1607 2816 εἰς
1635 2755 1856 2824 σπέρμα

273 2853 372 2903 καὶ
405 2850 562 2916 γάλα,
613 2849 706 2901 καὶ
749 2847 957 2915 γίνεται
997 2847 1030 2916 ἡ
1070 2845 1300 2913 δύναμις
1339 2844 1477 2915 αὐτη
1525 2845 1710 2915 μήτηρ
1762 2845 1858 2898 καὶ

274 2940 486 3012 πατὴρ,
541 2939 720 3009 πατὴρ
753 2937 860 2990 τῶν
881 2939 924 2968 ⁹⁷
960 2936 1294 3006 γινομένων,
1331 2935 1431 2988 καὶ
1487 2934 1717 3007 αὔξησις
1749 2936 1858 2991 τῶν

274 3031 650 3103 τρεφομένων,
693 3028 1018 3099 ἀπροσδεὴς,
1065 3025 1371 3097 αὐτάρκης.
1411 3025 1748 3079 Φυλάσσεται
1779 3027 1854 3092 δὲ,

275 3127 437 3196 φησὶ,
473 3125 533 3178 τὸ
565 3123 721 3187 ξύλον
759 3121 860 3190 τῆς
898 3119 1044 3188 ζωῆς
1074 3118 1164 3172 διὰ
1187 3118 1288 3186 τῆς
1323 3117 1697 3187 στρεφομένης
1728 3118 1855 3187 φλο-

276 3221 437 3289 γίνης
473 3216 768 3288 ῥομφαίας,
799 3213 874 3274 ὠς
903 3213 1225 3282 εἰρήκαμεν,
1260 3211 1292 3277 ή
1332 3208 1561 3277 δύναμις
1589 3209 1622 3277 ἡ
1654 3207 1856 3277 ἑϐδόμη

274 3318 308 3382 η
337 3313 398 3376 ἐξ
429 3311 620 3378 αὐτῆς,
657 3310 688 3378 ή
724 3308 928 3368 πάντας
963 3304 1180 3374 ἔχουσα,
1215 3303 1248 3374 η
1277 3302 1334 3353 ἐν
1364 3303 1481 3362 ταῖς
1515 3301 1576 3364 ἒξ
1612 3317 1859 3353 κατακει-

279 3404 417 3474 μένη
452 3400 763 3469 δυνάμεσιν.
818 3395 942 3447 Ἐὰν
973 3393 1080 3464 γὰρ
1116 3391 1190 3462 μὴ
1225 3390 1527 3461 στρέφηται
1558 3391 1590 3458 ἡ
1629 3389 1853 3459 φλογίνη

279 3491 545 3563 ῥομφαία,
577 3486 917 3556 φθαρήσεται
948 3483 1040 3534 καὶ
1069 3481 1347 3534 ἀπολεῖται
1379 3480 1441 3530 τὸ
1477 3477 1641 3530 καλὸν
1679 3480 1857 3529 ἐκεῖνο

280 3581 466 3644 ξύλον·
500 3578 593 3630 ἐὰν
631 3575 687 3628 δὲ
731 3571 1093 3643 στρέφηταιθδ
1139 3571 1219 3632 είς
1251 3567 1476 3638 σπέρμα
1516 3567 1609 3618 καὶ
1649 3566 1803 3632 γάλα,
1831 3567 1858 3617 6

279 3673 508 3740 δυνάμει
545 3672 600 3720 ὲν
625 3666 835 3727 τούτοις
876 3662 1270 3730 κατακείμενος
1297 3660 1456 3728 λόγου
1478 3659 1523 3689 9°
1556 3656 1649 3709 τοῦ
1695 3674 1859 3726 προσ-

282 3761 509 3829 ήκοντος
554 3755 640 3807 καὶ
697 3753 862 3805 τόπου
917 3750 1146 3820 Κυρίου,
1189 3751 1246 3800 ὲν
1281 3742 1324 3816 ᾧ
1381 3748 1637 3814 γεννᾶται
1679 3745 1854 3813 λόγος,

286 3845 519 3916 τυχὼνί,
564 3845 868 3915 ἀρξάμενος
908 3843 1020 3905 ὡς’
1053 3841 1160 3895 ἀπὸ
1201 3839 1496 3909 σπινθῆρος
1547 3839 1855 3908 ἐλαχίστου,

283 3937 564 3998 παντελεῖς
617 3934 1090 4005 μεγαλυνθήσεται
1139 3933 1235 3986 καὶ
1289 3931 1514 4001 αὐξήσει
1570 3934 1665 3984 καὶ
1708 3931 1859 3984 ἔσται

278 4030 510 4100 δύναμις
550 4029 881 4096 ἀπέραντος,
927 4025 1342 4096 ἀπαράλλακτος
1363 4064 1377 4087 ,
1402 4021 1519 4095 [ἴση
1550 4027 1644 4076 καὶ
1675 4021 1858 4093 ὁμοία]

278 4122 439 4175 αίῶνι
487 4118 938 4190 ἁπαραλλάκτῳ³
965 4117 1164 4188 μηκέτι
1202 4115 1470 4186 γινομένῳ
1506 4118 1585 4178 εἰς
1607 4118 1700 4169 τὸν
1736 4115 1861 4168 ἁπέ-

281 4232 476 4288 ραντον
502 4213 694 4265 αἰῶνα.

355 4312 442 4374 ιη’.
483 4303 710 4371 Γέγονεν
758 4297 854 4355 οὖν
891 4297 1339 4370 ὁμολογουμένως
1371 4299 1512 4352 κατὰ
1550 4297 1736 4351 τοῦτον
1772 4298 1860 4350 τὸν

277 4398 435 4465 λόγον
465 4399 574 4458 τοῖς
596 4397 843 4462 ἀνοήτοις
882 4392 1061 4461 Σίμων
1087 4389 1224 4454 θεὸς,
1250 4388 1439 4460 ὥσπερ
1468 4391 1496 4441 6
1521 4388 1690 4450 Λίϐυς
1716 4390 1860 4441 ἐκεῖ·

1952 1840 2074 1908 igne
2148 1842 2474 1909 principium
2526 1842 2796 1911 cupidinis
2857 1844 3226 1912 generationis
3284 1850 3520 1902 exsistit.

1953 1932 2160 2001 Quippe
2209 1933 2333 2002 igne
2377 1933 2574 2000 corripi
2613 1933 2910 2002 appellatur
2939 1934 2991 1987 id
3031 1937 3169 2002 quod
3199 1947 3280 1993 est
3318 1954 3523 1994 concu-

1954 2024 2164 2091 piscere
2189 2025 2624 2078 commutabilem
2648 2026 2969 2096 genituram.
3001 2026 3176 2081 Unttm
3201 2038 3378 2084 autem
3398 2046 3522 2086 cum

1953 2113 2023 2166 sit
2063 2112 2200 2181 ignis
2224 2153 2239 2178 ,
2273 2114 2656 2168 conversiones
2702 2116 2932 2168 vertitur
2967 2115 3122 2170 duas.
3181 2118 3525 2174 Convertit‘ur

1954 2205 2120 2269 enim,
2152 2205 2358 2272 inquit,
2387 2205 2438 2257 in
2472 2203 2587 2259 viro
2630 2207 2850 2274 sanguis
2873 2245 2891 2271 ,
2924 2216 2978 2260 et
3007 2208 3215 2263 calidus
3243 2220 3298 2263 et
3324 2209 3520 2275 fulvus,

1955 2299 2013 2344 ut
2042 2291 2176 2360 ignis
2202 2291 2495 2361 efﬁgiatus,
2524 2293 2575 2345 in
2593 2307 2797 2358 semen,
2825 2295 2878 2348 in
2909 2297 3132 2351 muliere
3159 2309 3344 2352 contra
3378 2300 3522 2354 idem

1957 2383 2044 2437 bic
2073 2383 2293 2449 sanguis
2333 2383 2384 2435 in
2417 2385 2514 2437 lac.
2550 2383 2616 2436 Et.
2644 2383 2702 2437 fit
2731 2386 2952 2439 masculi
2983 2390 3268 2444 conversio
3297 2406 3521 2459 genera-

1960 2475 2055 2539 tio,
2093 2472 2305 2528 feminte
2349 2483 2528 2528 autem
2575 2476 2858 2530 conversio
2905 2478 3130 2532 nutritio
3167 2480 3214 2534 ei
3243 2483 3386 2550 quod
3436 2499 3528 2553 ge-

1954 2573 2200 2620 neratur.
2240 2565 2340 2620 Hic
2365 2605 2380 2630 ,
2420 2566 2614 2635 inquit,
2641 2576 2721 2621 est
2752 2569 3027 2637 ﬂammeus
3055 2573 3214 2636 ensis,
3244 2575 3335 2642 qui
3360 2577 3530 2628 vibra-

1959 2667 2048 2711 tur
2095 2658 2164 2710 ad
2215 2657 2612 2711 custodiendam
2664 2659 2800 2712 viam
2836 2660 2965 2730 ligni
3004 2662 3139 2716 m’lw.
3183 2663 3530 2721 Convenitur

1957 2749 2100 2804 enim
2131 2750 2353 2818 sanguis
2381 2750 2435 2803 in
2466 2765 2651 2805 semen
2705 2759 2758 2804 et
2817 2752 2900 2806 lac
2947 2761 3001 2808 et
3053 2754 3113 2807 fit
3142 2756 3256 2810 litec
3290 2767 3531 2826 potestas

1959 2850 2131 2892 mater
2160 2850 2214 2893 et
2243 2849 2418 2909 pater,
2460 2848 2614 2910 pater
2639 2855 2826 2896 eorum
2857 2858 2977 2912 quae
3003 2856 3318 2913 nascuntur,
3353 2860 3406 2903 et
3431 2851 3532 2901 ali-

1961 2941 2082 2985 tura
2118 2946 2302 2986 eorum
2357 2947 2477 3000 quae
2525 2934 2876 2998 nutriuntur,
2941 2936 3140 2991 nullius
3174 2936 3395 3006 indiga,
3449 2942 3530 2995 sui

1962 3036 2202 3089 compos.
2236 3022 2548 3075 Custoditur
2578 3033 2784 3086 autem,
2817 3022 3009 3092 inquit,
3040 3023 3241 3092 lignum
3289 3027 3410 3081 vita:
3442 3044 3534 3096 per

1966 3114 2230 3166 vibratum
2266 3113 2576 3167 flammeum
2602 3129 2811 3181 ensem,
2846 3114 2987 3169 sicut
3013 3116 3268 3182 diximus,
3296 3131 3536 3188 potestas

1964 3205 2215 3273 septima,
2248 3219 2366 3272 qua:
2395 3215 2569 3260 estex
2605 3216 2778 3259 semet
2821 3216 3080 3275 prognata
3107 3247 3122 3272 ,
3182 3224 3298 3276 qua:
3347 3226 3536 3266 omm-s

1965 3297 2224 3361 continet,
2257 3311 2376 3364 qua:
2408 3297 2462 3349 in
2495 3311 2589 3351 sex
2615 3297 2847 3364 reposita
2883 3307 2964 3351 est
3001 3301 3374 3365 potestatibus.
3400 3302 3534 3356 Nam

1962 3404 2086 3442 cum
2121 3405 2222 3442 tton
2253 3389 2552 3442 vibrabitur
2602 3388 2880 3443 flammeus
2905 3391 3074 3454 ensis,
3100 3394 3534 3459 pessumdabitur

1965 3489 2016 3532 et
2038 3479 2278 3532 interibit
2305 3479 2588 3548 pulchrum
2612 3479 2738 3533 illud
2770 3478 3004 3546 lignum;
3037 3496 3159 3536 cum
3192 3492 3371 3536 autem
3404 3499 3535 3538 con-

1965 3577 2210 3621 vertetur
2242 3570 2294 3620 in
2327 3582 2511 3621 semen
2560 3580 2614 3622 et
2659 3568 2760 3633 lac,
2803 3569 2894 3638 qui
2942 3579 3209 3637 potestate
3242 3570 3294 3624 in
3338 3573 3422 3626 bis
3453 3590 3537 3626 re-

1967 3659 2175 3726 positus
2192 3667 2292 3723 est,
2314 3657 2750 3712 informationem
2775 3660 3019 3714 idoneam
3041 3670 3094 3714 et
3116 3661 3291 3714 locum
3307 3663 3532 3731 justum,

1969 3750 2020 3804 in
2060 3766 2163 3820 quo
2191 3759 2479 3820 generatur
2508 3751 2752 3817 verbum,
2794 3760 3006 3817 nactus,
3031 3761 3183 3808 ortus
3215 3763 3470 3824 tanquam
3505 3776 3533 3810 a

1966 3842 2202 3896 scintilla
2230 3842 2549 3896 tenuissima
2579 3859 2800 3912 prorsus
2826 3845 3142 3914 grandescet
3189 3856 3244 3902 et
3289 3861 3540 3918 angescet

1967 3941 2023 3987 et
2052 3933 2157 3986 erit
2185 3941 2423 4000 potestas
2445 3932 2654 3988 infinita
2679 3935 3050 4001 immutabilis,
3070 3935 3300 4010 [similis
3319 3948 3374 3994 et
3395 3957 3539 3995 com-

1968 4021 2102 4095 par]
2134 4039 2248 4078 acvo
2283 4023 2639 4091 immutabili,
2671 4027 2813 4097 quod
2843 4027 3072 4097 amplius
3100 4045 3204 4085 non
3237 4031 3299 4085 fit
3327 4031 3380 4085 in
3411 4033 3536 4087 infi-

1968 4122 2138 4164 ιιιιυιιι
2165 4127 2356 4168 ωιύιιι.

2042 4289 2128 4345 18.
2166 4288 2386 4344 Exstitit
2418 4289 2736 4359 igiturhaud
2765 4291 2923 4347 dubie
2949 4294 3246 4348 secundum
3280 4295 3418 4352 banc
3455 4313 3539 4352 ra-

1971 4383 2171 4437 tionem
2224 4380 2403 4436 stultis
2460 4381 2644 4438 Simon
2696 4384 2829 4440 deus
2875 4385 3012 4440 sicut
3044 4384 3205 4457 Libys
3239 4388 3363 4454 ille,
3417 4391 3538 4443 dico

276 4446 368 4548 vo;
399 4491 426 4541 6
449 4488 545 4538 καὶ
578 4483 832 4553 Ἀψεθος,
863 4480 1122 4549 γεννητὸς
1160 4479 1258 4549 μὲν
1289 4481 1384 4532 καὶ
1413 4479 1674 4548 παθητὸς,
1697 4479 1852 4532 ὃταν⁴

1966 4467 2285 4544 Alisetltutn,
2327 4487 2614 4546 generatus
2659 4478 2876 4547 quidem
2927 4489 2982 4535 et
3016 4446 3249 4550 patibilis
3276 4522 3292 4547 ,
3323 4483 3538 4552 quando

275 4576 311 4651 ᾗ
353 4581 410 4631 ὲν
439 4577 689 4647 δυνάμει,
727 4573 951 4642 ἀπαθὴς
990 4571 1045 4622 δὲ
1081 4573 1144 4622 ἐκ
1177 4568 1434 4638 γεννητοῦ
1455 4609 1470 4635 ,
1505 4571 1632 4622 ὅταν
1661 4569 1864 4635 ἐξεικο-

277 4670 436 4740 νισθῇ
467 4670 559 4722 καὶ
587 4667 712 4734 γενό
745 4667 754 4730 |
789 4681 953 4736 μενος
982 4661 1186 4722 τέλειος
1219 4659 1410 4730 ἐξέλθῃ
1446 4658 1550 4711 τῶν
1578 4660 1862 4730 δυνάμεων

275 4760 384 4813 τῶν
418 4757 650 4828 πρώτων
678 4756 793 4819 δύο,
829 4753 1114 4808 τουτέστιν
1145 4750 1375 4819 οὐρανοῦ
1407 4751 1501 4803 καὶ
1539 4751 1662 4820 γῆς.
1699 4751 1860 4818 Λέγει

277 4854 388 4921 γὰρ
425 4852 604 4920 Σίμων
632 4849 929 4920 διαρρήδην
966 4844 1100 4913 περὶ
1138 4843 1326 4895 τούτου
1358 4843 1414 4894 ἐν
1452 4845 1519 4912 τῇ
1566 4843 1861 4910 Ἀποφάσει

275 4945 482 5005 εἴπως’
556 4941 712 5010 ἠιῖν
757 4938 868 4995 οὖν
927 4938 1086 5007 λέγω
1139 4933 1177 4988 ἂ
1233 4934 1387 5001 λέγω
1439 4935 1534 4988 καὶ
1579 4934 1779 5002 πριὶφω
1827 4933 1865 4987 ἃ

1965 4569 2133 4623 estin
2168 4578 2475 4638 potestate,
2541 4571 2856 4640 impatibilis
2911 4582 3090 4627 autem
3142 4588 3207 4627 ex
3254 4584 3536 4645 generato,

1967 4661 2184 4729 quando
2216 4660 2476 4729 effigiatus
2505 4671 2664 4716 estet
2690 4663 2862 4718 factus
2887 4663 3157 4732 perfectus
3180 4681 3429 4735 egressus
3459 4678 3540 4721 est

1967 4760 2262 4820 potestates
2293 4752 2495 4820 primas
2530 4752 2663 4806 duas
2685 4793 2699 4817 ,
2733 4753 2834 4806 boc
2863 4763 2945 4808 est
2973 4755 3167 4809 coelum
3213 4767 3266 4810 et
3317 4767 3536 4811 terram.

1965 4843 2055 4894 Ait
2085 4844 2226 4896 enim
2247 4841 2430 4896 Simon
2457 4842 2786 4916 ipsis/verbis
2816 4844 2882 4897 de
2907 4845 3005 4899 hac
3035 4861 3091 4900 re
3123 4846 3172 4898 in
3194 4845 3542 4902 Revelatione

1975 4934 2026 4985 in
2049 4933 2192 4986 hunc
2212 4935 2424 4987 modum
2447 4953 2460 4987 :
2491 4931 2648 4986 Vobis
2671 4935 2832 5004 igitur
2853 4936 2991 5001 dico,
3012 4955 3127 5007 qua:
3151 4941 3267 4994 dico
3282 4953 3328 4994 et
3347 4941 3540 5008 scribo,

1558 5069 1790 5124 γΑιιιΑι]
1829 5069 2236 5125 LECTIONES.

341 5202 387 5234 ⁸⁸
411 5204 437 5253 ὁ
461 5203 738 5270 γέννητος.
772 5205 800 5255 ὁ
831 5202 1130 5270 ὰγέννητος
1160 5197 1218 5259 C,
1254 5196 1322 5249 Μ.
1355 5195 1436 5249 Cf.
1467 5194 1880 5270 supratpx‘flﬂ,
1911 5193 2102 5270 75-83.
2177 5192 2220 5222 ⁸⁷
2255 5193 2374 5270 κατ’
2406 5190 2694 5270 οὐδεμίανᾲ
2719 5190 3308 5270 κῌατὰηδὲλμίαζϐιρι.
3346 5192 3431 5270 ﬂ"
3463 5193 3538 5246 τό.

521 5273 565 5303 ⁸³
596 5268 675 5336 έν,
712 5269 870 5325 οὖσα.
903 5268 1096 5324 ἐνοῦσα
1135 5268 1198 5321 C.

273 5271 354 5342 τῷ
382 5272 443 5327 C.

1276 5268 1320 5298 ’°
1349 5265 1604 5318 κατανοεῖ
1636 5263 1695 5316 (1.
1729 5264 1771 5293 "
1804 5264 2100 5330 γεννέσεως
2133 5278 2275 5315 corr.
2311 5262 2372 5314 (3.

275 5330 385 5403 πᾶς
420 5330 713 5412 στρέφεται
743 5344 855 5394 δύο.
887 5346 1090 5410 τροφὰς
1124 5337 1411 5406 τρέφεται.
1443 5333 1618 5412 urbi),
1653 5334 1718 5412 ΜΪ
1785 5334 1831 5363 ⁸⁸
1865 5336 2105 5412 γέννεσις
2151 5349 2291 5384 νοντ’.
2332 5331 2399 5412 (3.,
2466 5330 2512 5362 ⁸⁵
2544 5331 2738 5412 τροφή.
2792 5332 3075 5412 τρυιφὴίξ.

2450 5261 2495 5291 °‘
2532 5260 2626 5312 Ἓν
2652 5260 2706 5312 δὲ
2743 5261 2818 5313 ὃν.
2862 5263 3068 5316 Ἐνδέον
3098 5259 3162 5325 C,
3197 5261 3268 5314 M.
3346 5261 3390 5292 ”
3420 5279 3543 5331 τρο-

2466 5330 2512 5362 ⁹⁵
2544 5331 2738 5382 moon.
2792 5333 2968 5382 rauci.
3015 5332 3075 5382 (Σ.
3154 5332 3199 5362 ’³
3238 5331 3251 5382 Ι
3288 5331 3422 5382 Mos.
3459 5348 3542 5382 ttt.

3183 5345 3199 5361 ’³
3238 5345 3251 5382 Ι
3288 5345 3422 5382 MOS.
3459 5348 3542 5388 111,

273 5414 344 5466 24
373 5400 387 5464 ξ
424 5400 532 5464 Κάι
557 5400 713 5478 ἔταξε
739 5413 807 5465 τὰ
834 5413 905 5465 Χε
915 5400 1114 5480 pou-61p.
1155 5400 1253 5459 itai-
1279 5409 1374 5474 τὴν
1403 5402 1669 5480 φλογί-θην
1693 5404 1969 5473 ῥομφαίαν
1998 5402 2094 5471 τὴν
2130 5400 2505 5480 στρεφομένην
2525 5400 3091 5480 ,φυ>.άσσε“ιντ¹ῂ;ιὁδὸν
3122 5401 3216 5452 τοῦ
3245 5401 3538 5480 Δςτῆᾼς

558 5482 604 5513 ³⁷
636 5475 819 5550 ττατὴρ
842 5475 971 5533 τῶν.
1015 5475 1309 5550 παρὰητῶν
1341 5475 1401 5550 C_,

315 5499 446 5534 ωης.

280 5482 446 5552 ζωῆς.
558 5482 604 5513 ³⁷
636 5484 819 5550 πατὴρ
842 5483 971 5533 τῶν.
1015 5482 1171 5550 παρὰ
1198 5482 1307 5528 τῶν
1341 5482 1401 5539 C,

280 5553 513 5612 ’τυιῷᾺ
546 5552 734 5612 ψυχῶν
761 5555 823 5612 Ο,
852 5551 918 5604 Μ.
997 5553 1016 5582 ³
1047 5552 1122 5612 ὡς
1168 5549 1243 5598 ὢν
1272 5546 1333 5611 C,
1371 5547 1437 5600 Μ.

273 5553 288 5580 ¹
313 5551 513 5620 τυχῶν.
546 5552 734 5622 ψυχῶν
761 5555 823 5612 0,
852 5551 918 5604 Μ.

1626 5473 1670 5503 ⁵⁸
1706 5476 1998 5526 στρέφεται
2029 5475 2090 5524 (Σ.

1627 5490 1670 5503 ἐ’
1706 5490 1998 5543 στρεφεται
2029 5490 2090 5524 ιι.
2193 5490 2234 5501 "
2265 5490 2440 5536 Λογου.
2482 5490 2634 5535 Λογος
2666 5490 2726 5531 ιλ,
2761 5490 2830 5526 tu.
2862 5490 2943 5523 ω.
2981 5490 3139 5538 supra
3173 5490 3222 5536 p.
3258 5490 3383 5531 24¢,
3413 5490 3464 5530 3.),
3491 5490 3543 5525 ο.

1522 5545 1542 5574 ³
1572 5544 2010 5611 ἀπαράλλακτος,
2041 5541 2127 5611 ἴση
2164 5540 2257 5611 καὶ
2301 5539 2463 5609 ὁμοία
2492 5539 2651 5611 αἰῶνι
2680 5540 3116 5611 ἀπαραλλάκτῳ.
3167 5541 3547 5611 ᾁτταρᾲλᾳκτος

2192 5473 2235 5501 '9
2263 5471 2440 5536 λόγου.
2481 5470 2634 5535 λόγος
2666 5473 2726 5531 (J,
2761 5469 2830 5526 Μ,
2862 5469 2943 5523 Cf.
2981 5487 3139 5538 supra
3173 5486 3222 5536 p.
3258 5470 3383 5531 248,
3413 5470 3464 5530 5,
3491 5471 3543 5525 6.

275 5595 923 5691 .z.:.!;.°.~'.;.;,:;{;,,;;,'c;
964 5595 1387 5690 ag;§s>.>.ax€o;
1438 5616 1592 5668 αἰῶνι
1629 5595 2036 5684 ἀέαραλλάκτίε)
2073 5595 2140 5662 Μ’.
2200 5609 2282 5663 Ct‘.
2320 5595 2480 5680 supra
2516 5623 2566 5677 p.
2626 5608 2754 5674 2.48,
2797 5595 2849 5676 ti,
2884 5610 2968 5675 to,
3004 5595 3135 5681 et'p.
3170 5595 3296 5669 sui
3327 5610 3420 5672 95,
3451 5607 3542 5662 9t.

263 5688 285 5718 ⁵
316 5691 399 5743 ὅτε
432 5691 495 5744 ἂν
523 5688 586 5745 ι).

655 5788 926 5846 Ριιτιιοι..
975 5785 1088 5846 (in.
1139 5781 1305 5844 )iVl.

3131 5769 3237 5831 102
