4044 6184
514 250 654 315 3225

1956 246 2321 308 ORIGENIS

3649 237 3803 305 3226

518 362 703 418 mundi
758 362 1117 419 fabricatores
1166 358 1427 429 quidquid
1472 358 1798 424 voluerunt,
1831 360 2094 429 ejusmoui

2204 362 2313 413 ἐστι
2342 361 2383 391 ⁸⁹
2408 358 2566 428 φύσει
2596 358 2850 425 κακὸν“,
2869 356 3006 411 ἀλλά
3026 356 3427 412 θέσει.Ἕθεντο
3449 354 3581 427 γὰρ,
3602 357 3803 427 φησιν,

518 457 677 511 dictis
711 455 915 525 opinati
944 454 995 506 in
1019 455 1336 506 servitutem
1378 452 1623 522 redigere
1656 453 1756 507 sibi
1790 452 2101 507 auscultan-

524 558 627 602 tes.
664 546 998 601 Solutionem
1031 554 1213 598 autem
1248 560 1439 599 rursus
1477 545 1671 599 docent
1704 548 1885 600 mundi
1931 548 1996 600 ad
2034 546 2099 600 li-

520 641 853 693 berationem
884 637 1158 706 privorum
1196 636 1475 689 hominum
1502 651 1743 690 suorum.

586 817 676 872 20.
714 816 883 885 lluius
931 814 1098 883 igitur
1137 813 1390 882 discipuli
1449 813 1737 883 prmstigiis
1785 821 2006 866 utuntur
2048 819 2101 865 et

520 906 981 961 incantationibus
1007 946 1022 971 ,
1054 907 1364 975 philtraque
1400 914 1453 957 et
1498 902 1778 956 illecebras
1808 910 1861 953 et
1892 900 1979 968 qui
2016 900 2099 953 di—

518 1007 715 1055 cuntur
744 998 951 1053 somnia
994 997 1325 1051 adducentes
1367 995 1639 1048 da-mones
1687 993 1982 1046 immittunt
2034 992 2100 1045 ad

522 1093 817 1146 irritandos
878 1104 1014 1159 quos
1077 1089 1282 1143 volunt.
1353 1085 1548 1140 Verum
1588 1088 1753 1139 etiam
1819 1084 2099 1153 paredros,

521 1201 657 1254 quos
688 1194 908 1249 vocant,
929 1191 1208 1243 exercent,
1227 1178 1878 1249 imaginemqueSimonis
1906 1178 2103 1230 habent

523 1279 575 1331 in
604 1276 752 1331 Juvis
788 1276 1011 1343 figuram
1042 1283 1095 1327 et
1130 1271 1346 1326 Helenae
1375 1272 1553 1341 eltigie
1583 1271 1858 1337 Minervae,
1896 1270 2102 1339 basque

522 1373 755 1425 adorant
785 1369 1013 1422 alterum
1049 1374 1304 1419 vocantes
1333 1364 1631 1429 dominum,
1664 1363 1936 1419 dominam
1969 1362 2104 1416 alte-

522 1480 657 1517 ram.
689 1462 744 1516 Si
777 1461 898 1531 quis
943 1469 1119 1512 autem
1158 1458 1375 1511 nomine
1404 1455 1618 1510 vocabit
1655 1458 1793 1526 apud
1838 1455 1955 1510 illos
1978 1469 2105 1509 con-

522 1552 763 1621 spicatus
836 1550 1097 1617 imagines
1138 1548 1259 1601 illas
1312 1548 1395 1601 vel
1445 1546 1685 1600 Simonis
1731 1544 1811 1599 vel
1866 1544 2100 1610 llelenze,

523 1643 839 1712 repudiatur
864 1650 919 1693 ut
951 1642 1039 1708 qui
1072 1640 1281 1706 ignoret
1310 1638 1589 1708 mysteria.
1630 1634 1729 1691 llic
1749 1636 1934 1691 Simon
1965 1636 2103 1690 mul—

2200 454 2249 505 οί
2286 452 2506 521 ἄγγελοι
2532 454 2581 504 οί
2606 452 2699 505 τὸν
2740 451 2943 521 κόσμον
2986 452 3313 520 ποιήσαντες
3348 450 3450 502 ὅσα
3482 446 3805 512 ἐϐούλοντο,

2200 545 2290 597 διὰ
2321 544 2429 596 τῶν
2462 543 2721 597 τοιούτων
2746 543 2916 611 λόγων
2940 542 3160 595 δουλοῦν
3188 540 3507 610 νομίζοντες
3535 540 3662 601 τοὺς
3694 541 3805 591 αὐ-

2202 636 2308 687 τῶν
2348 634 2670 697 ἀκούοντας.
2709 634 2874 687 Λύσιν
2905 633 2960 685 δὲ
2992 629 3149 695 αὖθις
3193 632 3237 662 ’ί
3266 630 3491 698 λέγουσι
3524 629 3617 681 τοῦ
3662 630 3807 682 κόσ-

2206 745 2308 799 μου
2347 728 2389 759 δ’
2429 729 2523 780 ἐπὶ
2550 726 2815 796 λυτρώσει
2848 727 2954 779 τῶν
2993 727 3138 779 ἰδίων
3168 723 3496 794 ἀνθρώπων.

2270 828 2341 875 κ’.
2388 822 2449 873 Οἱ
2483 816 2573 873 οὖν
2611 820 2804 872 τούτου
2850 819 3093 890 μαθηταὶ
3127 817 3363 887 μαγείας
3393 816 3707 869 ἐπιτελοῦσι
3749 818 3801 846 ⁵³

2204 916 2297 968 καὶ
2345 913 2601 975 ἐπαοιδὰς
2640 914 2706 975 ⁸⁷⁵,
2752 911 2949 982 φίλτρα
2980 928 3039 963 τε
3078 910 3174 963 καὶ
3223 908 3486 979 ἀγώγιμα
3518 908 3614 960 καὶ
3671 910 3812 968 τοὺς

2203 1006 2534 1077 λεγομένους
2594 1005 3028 1076 όνειροπόμπους
3087 1003 3353 1073 δαίμονας
3412 1002 3811 1071 ἐπιπέμπουσι

2204 1101 2339 1170 πρὸς
2372 1100 2433 1152 τὸ
2459 1099 2757 1170 ταράσσειν
2804 1099 2897 1160 οὓς
2952 1097 3234 1167 βούλονται
3263 1113 3275 1125 ’
3306 1096 3451 1149 ἀλλά
3475 1097 3585 1169 καὶ
3628 1096 3810 1165 παρέ-

2201 1190 2362 1259 δρους
2392 1192 2517 1253 τοὺς
2551 1190 2882 1259 λεγομένους
2915 1189 3196 1251 ἀσκοῦσιν,
3243 1187 3431 1240 εἰκόνα
3464 1202 3526 1238 τε
3576 1185 3677 1237 τοῦ
3714 1185 3809 1238 Σί-

2207 1299 2385 1353 μωνος
2415 1280 2635 1351 ἔχουσιν
2679 1284 2758 1344 είς
2790 1281 2910 1343 Διὸς
2947 1280 3177 1349 μορφὴν.
3202 1280 3300 1332 καὶ
3326 1279 3427 1348 τῆς
3470 1276 3706 1347 Ἑλένης
3745 1279 3805 1329 ἐν

2206 1371 2389 1441 μορφῇ
2438 1368 2689 1439 Ἀθηνᾶς,
2746 1370 2836 1421 καὶ
2875 1368 3080 1431 ταύτας
3110 1368 3515 1439 προσκυνοῦσι,
3560 1367 3657 1421 τὸν
3703 1369 3805 1437 μὲν

2206 1462 2498 1524 καλοῦντες
2524 1460 2736 1533 κύριον,
2770 1462 2867 1531 τὴν
2901 1463 2957 1513 δὲ
2991 1463 3209 1532 κυρίαν.
3250 1460 3313 1515 Ei
3348 1460 3405 1513 δέ
3442 1478 3529 1524 τις
3563 1459 3800 1529 ὀνόματι

2205 1554 2425 1608 καλέσει
2450 1555 2594 1624 παρ’
2626 1553 2809 1615 αὐτοῖς
2859 1551 2982 1604 ἰδὼν
3012 1553 3111 1614 τάς
3148 1552 3361 1614 εἰκόνας
3400 1551 3433 1621 ἢ
3477 1549 3732 1621 Σίμωνος
3766 1551 3797 1620 ἦ

2218 1643 2455 1714 Ἑλένης,
2497 1644 2803 1713 ἀπόϐλητος
2838 1644 3070 1710 γίνεται,
3107 1644 3183 1707 ὡς
3218 1642 3427 1710 ἀγνοῶν
3467 1642 3537 1696 τὰ
3589 1644 3799 1713 μυστή-

524 1746 607 1789 tos
638 1736 689 1787 in
724 1732 970 1786 Samaria
999 1730 1288 1800 prmstigiis
1318 1730 1368 1782 in
1402 1743 1639 1783 errorem
1675 1743 1841 1797 agens
1875 1729 1943 1780 ab
1972 1742 2099 1796 apu-

2208 1754 2319 1809 ρια.
2352 1732 2519 1799 Οὗτος
2542 1739 2569 1789 ὁ
2607 1736 2789 1806 Σίμων
2821 1736 3051 1799 πολλοὺς
3081 1735 3297 1789 πλανῶν
3324 1738 3380 1789 ἐν
3406 1738 3473 1805 τῇ
3500 1736 3795 1806 Σαμαρείᾳ

523 1823 677 1879 stolis
706 1822 984 1877 convictus
1023 1831 1108 1876 est
1144 1830 1199 1875 et
1233 1818 1699 1874 exsecrationibus
1724 1820 1968 1884 devotus,
1994 1819 2103 1873 sic-

523 1917 598 1969 uti
639 1915 692 1969 in
736 1915 885 1968 Actis
935 1913 1195 1981 scriptum
1228 1922 1341 1976 est,
1385 1923 1569 1981 postea
1632 1922 1811 1981 spreta
1857 1911 1960 1965 fide
1990 1912 2104 1965 bsec

523 2022 810 2079 aggressus
841 2016 945 2061 est.
988 2004 1189 2059 Verum
1243 2005 1323 2059 vel
1386 2020 1554 2074 usque
1608 2003 1944 2059 ad‘Romam
1977 2019 2103 2074 pro-

522 2114 740 2167 gressus
793 2097 981 2152 incidit
1032 2100 1087 2149 in
1140 2095 1449 2165 apostolos,
1503 2096 1589 2149 cui
1632 2095 1858 2148 multum
1911 2095 2104 2149 Petrus

520 2193 838 2246 adversatus
886 2198 969 2245 est
1033 2189 1323 2259 praestigiis
1393 2187 1673 2243 seducenti
1731 2186 1951 2243 multos.
2003 2186 2103 2241 llic

520 2279 1228 2352 258—259ipostremu
1262 2278 1474 2335 delatus
1522 2279 1573 2332 in
1637 2291 1650 2331 ς
1695 2314 1713 2331 .
1757 2317 1773 2333 .
1817 2316 1831 2330 .
1879 2318 1892 2333 .
1935 2317 1950 2331 .
2003 2276 2103 2331 sub

520 2374 736 2440 platano
784 2370 1072 2426 considens
1108 2369 1358 2423 docebat.
1402 2370 1468 2423 Et
1501 2384 1628 2423 vero
1682 2369 1749 2422 ad
1795 2378 2101 2423 extremum

519 2478 641 2517 cum
676 2463 729 2515 in
782 2476 848 2516 eo
899 2470 1040 2515 esset
1090 2468 1150 2515 ut
1208 2460 1366 2530 plane
1411 2463 1825 2516 convinceretur
1864 2469 2103 2530 propter

526 2555 921 2609 diuturniorem
951 2554 1473 2617 commorationem1
1512 2553 1653 2607 dixit
1703 2568 1782 2619 se,
1839 2554 1883 2608 si
1944 2554 2096 2609 vivus

518 2648 913 2717 cooperiretur,
966 2657 1333 2700 surrecturum
1367 2660 1487 2700 esse
1530 2645 1691 2699 tertio
1721 2645 1827 2699 die.
1863 2643 2103 2713 Denique

518 2737 722 2791 fossam
750 2746 1035 2806 postquam
1071 2734 1232 2804 jussit
1260 2735 1419 2789 effodi
1448 2750 1480 2789 a
1506 2734 1783 2805 discipulis
1812 2736 1924 2789 suis
1943 2735 2104 2801 jussit

516 2844 575 2885 sc
596 2832 885 2899 cooperiri.
914 2832 991 2885 llli
1014 2833 1175 2899 igitur
1200 2829 1566 2899 quodjussum
1585 2826 2099 2896 eratpert‘ecerunt,

518 2923 609 2977 ille
640 2934 819 2977 autem
871 2923 1043 2977 abfuit
1096 2923 1162 2975 ad
1222 2924 1366 2976 hunc
1412 2922 1596 2987 diem;
1640 2934 1747 2973 non
1800 2920 1943 2973 enim
1985 2928 2103 2974 erat

516 3014 787 3070 Christus.
820 3013 1012 3068 "acccc
1046 3024 1223 3067 autem
1264 3023 1318 3068 et
1364 3016 1429 3068 de
1459 3012 1680 3068 Simone
1708 3012 1885 3068 fabula
1912 3052 1925 3076 ,
1958 3012 2102 3067 unde

518 3106 836 3160 Valentinus
896 3105 1173 3175 profectus
1234 3104 1358 3160 aliis
1413 3105 1721 3159 nominibus
1800 3116 2097 3173 nuncupat.

517 3196 667 3251 Mens
696 3197 861 3250 enim
911 3208 965 3251 et
1000 3198 1192 3249 veritas
1246 3204 1297 3251 et
1338 3195 1485 3265 logus
1519 3206 1573 3249 et
1607 3196 1715 3249 vita
1754 3206 1807 3249 et
1843 3196 1998 3249 homo
2048 3206 2102 3251 et

515 3285 756 3345 ecclesia.
782 3283 1057 3338 Valentini
1084 3299 1264 3339 mones
1288 3324 1301 3348 ,
1352 3295 1537 3354 aperte
1574 3293 1698 3339 sunt
1726 3284 1965 3340 Simonis
2004 3303 2099 3341 sex

518 3375 762 3429 radices:
792 3392 960 3439 mens,
996 3375 1360 3445 intelligentia,
1386 3392 1504 3439 vox,
1525 3392 1731 3439 nomen,
1761 3377 2099 3432 ratiocinatio

514 3477 569 3521 et
598 3469 865 3538 cogitatio.
902 3468 1007 3523 Sed
1031 3467 1563 3538 quoniamvidemur
1590 3468 1743 3523 nobis
1773 3470 1906 3524 satis
1934 3485 2099 3541 expo-

515 3560 692 3614 suisse
717 3558 956 3615 Simonis
979 3570 1287 3616 commcnta
1322 3558 1645 3626 fabularum,
1676 3560 1951 3617 videamus
1973 3562 2098 3632 quid

513 3661 567 3706 et
598 3650 911 3707 Valentinus
943 3652 1110 3705 dicat.

582 3742 673 3796 2t.
702 3743 793 3796 Est
832 3752 1009 3797 autem
1046 3741 1311 3798 Valentini
1359 3754 1505 3799 secta
1553 3743 1623 3798 ita
1669 3754 2003 3814 comparata,
2044 3752 2102 3799 ut

512 3834 925 3904 Pythagoricam
973 3835 1172 3890 referat
1226 3847 1276 3892 et
1308 3834 1637 3891 Platonicam
1664 3836 1984 3891 doctrinam.
2010 3836 2101 3891 Et-

509 3925 655 3977 enim
676 3924 834 3978 Plato
868 3926 919 3978 in
942 3924 1138 3980 Timaeo
1163 3928 1375 3996 penitus
1402 3928 1666 3996 expressit
1695 3926 2053 3998 Pythagoram
2082 3944 2096 3993 ;

511 4017 636 4071 ideo
662 4017 898 4072 Timaeus
924 4027 977 4071 et
1005 4017 1121 4086 ipse
1154 4028 1236 4073 est
1258 4020 1305 4073 ei
1334 4020 1700 4089 Pythagoreus
1725 4019 1938 4088 hospes.
1959 4021 2100 4085 Qua-

510 4119 730 4177 propter
792 4108 969 4178 placet
1015 4111 1453 4165 commemoratis
1521 4111 1706 4178 paucis
1776 4111 2096 4179 quibusdam

510 4204 861 4274 Pythagoreas
905 4214 959 4260 et
986 4203 1277 4260 Platonica:
1312 4206 1569 4260 doctrinm
1601 4207 1666 4259 ad
1699 4204 1964 4261 Valentini
1993 4209 2099 4263 de-

450 4358 455 4363 ,
510 4306 655 4350 mela
712 4298 1028 4366 exponenda
1068 4299 1315 4353 transire.
1375 4298 1582 4353 Etenim
1640 4299 1852 4353 tametsi
1910 4300 1961 4354 in
2017 4302 2098 4356 eis

2209 1829 2465 1901 μαγείαις
2498 1828 2602 1881 ὑπὸ
2632 1828 2741 1881 τῶν
2756 1829 3070 1881 ἀποστόλων
3098 1828 3364 1898 ἠλέγχθη.
3397 1829 3491 1881 καὶ
3514 1828 3794 1898 ἐπάρατος

2205 1921 2499 1989 γενόμενος
2521 1959 2537 1984 ,
2570 1919 2754 1982 καθὼς
2792 1920 2849 1970 ἐν
2881 1922 3002 1980 ταῖς
3043 1918 3284 1989 Πράξεσι
3314 1919 3652 1989 γέγραπται,
3703 1918 3793 1972 iis.

2203 2030 2361 2083 τερον
2390 2012 2769 2081 ἀπευδοκήσας
2808 2011 2978 2064 ταῦτα
3010 2012 3372 2082 ἐπεχείρησεν
3399 2030 3412 2043 ·
3465 2012 3661 2083 huc!“
3701 2014 3793 2065 καὶ

2204 2100 2302 2169 τῆς
2351 2101 2570 2170 Ῥώμης
2599 2101 2941 2171 ἐπιδημήσας
2980 2102 3243 2153 ἁντέπεσε
3264 2100 3341 2173 [ρ.
3369 2101 3492 2165 176.
3519 2101 3648 2173 178]
3677 2105 3790 2164 τοῖς

2204 2191 2548 2255 ἀποστόλοις·
2614 2192 2751 2263 πρὸς
2816 2192 2874 2243 ὃν
2927 2192 3097 2245 πολλά
3165 2194 3375 2265 Πέτρος
3425 2194 3789 2262 ἀντικατέστη

2208 2285 2466 2357 μαγείαις
2491 2284 2776 2337 πλανῶντα
2820 2284 3065 2346 πολλούς.
3104 2279 3275 2347 Οὗτος
3309 2286 3400 2339 ἐπὶ
3431 2286 3574 2339 τέλει
3617 2284 3788 2339 ἐλθὼν

2204 2377 2263 2429 ἐν
2295 2395 2325 2429 τ
2356 2417 2369 2431 .
2410 2417 2421 2429 .
2455 2415 2467 2428 .
2499 2415 2512 2429 .
2537 2391 2629 2445 τη,
2663 2376 2768 2428 ὑπὸ
2801 2376 3071 2428 πλάτανον
3101 2375 3466 2446 καθεζόμενος
3504 2377 3777 2431 ἐδίδασκε.

2204 2468 2315 2520 Καὶ
2366 2466 2430 2538 δὴ
2495 2467 2681 2519 λοιπὸν
2737 2468 2903 2534 ἐγγὺς
2952 2467 3044 2518 τοῦ
3110 2465 3419 2537 ἐλέγχεσθαι
3479 2467 3775 2536 γινόμενος

2202 2558 2292 2611 διὰ
2318 2558 2361 2588 ⁸⁸
2392 2559 2453 2611 τὸ
2486 2557 2846 2629 ἐγχρονίζειν,
2876 2558 3004 2625 ἔφη,
3043 2559 3123 2610 ὅτι
3146 2560 3194 2609 εἰ
3217 2557 3442 2627 χωσθείη
3474 2556 3604 2622 ζῶν,
3635 2558 3768 2610 ἁνα-

2206 2650 2464 2719 στήσεται
2498 2653 2563 2720 τῇ
2593 2650 2752 2721 τρίτῃ
2797 2651 2999 2720 ἡμέρα,
3032 2651 3144 2702 Καὶ
3178 2649 3241 2719 δὴ
3282 2651 3485 2721 τάφρον
3514 2648 3774 2711 κελεύσας

2204 2743 2468 2812 ὀρυγῆναι
2498 2743 2604 2796 ὑπὸ
2651 2743 2760 2794 τῶν
2795 2742 3052 2812 μαθητῶν
3100 2743 3357 2796 ἐκέλευσε
3394 2743 3688 2813 χωσθῆναι.
3716 2745 3783 2795 ΟΞ

2207 2836 2304 2905 μέν
2331 2830 2424 2888 οὖν
2447 2835 2507 2887 τὸ
2538 2836 2881 2906 προσταχθὲν
2911 2836 3196 2905 ἐποίησαν,
3225 2838 3254 2888 ὁ
3283 2837 3339 2889 δὲ
3363 2836 3659 2907 ἀπέμεινεν
3679 2837 3786 2900 ἓως

2204 2928 2331 2981 νῦν·
2367 2930 2425 2981 οὐ
2454 2929 2563 3000 γὰρ
2588 2924 2656 2999 ἦν
2695 2931 2722 2982 ὁ
2755 2930 3016 2998 Χριστός.
3049 2921 3215 2992 Οὗτος
3256 2929 3320 2999 δὴ
3349 2932 3444 2983 καὶ
3465 2930 3493 2983 ὁ
3517 2929 3663 2982 κατά
3696 2930 3788 2981 τὸν

2205 3018 2425 3089 Σίμωνα
2467 3018 2637 3088 μῦθος
2664 3061 2677 3083 ,
2711 3019 2805 3087 ἀφ’
2848 3014 2908 3071 οὗ
2972 3020 3323 3082 Οὑαλεντῖνος
3374 3020 3475 3083 τὰς
3530 3020 3790 3090 ἀφορμὰς

2204 3110 2380 3163 λαϐὼν
2417 3110 2597 3174 ἀλλοις
2648 3111 2877 3181 ὀνόμασι
2915 3112 3091 3167 καλεῖ.
3154 3112 3212 3164 Ὀ
3264 3112 3372 3183 γὰρ
3423 3110 3569 3175 νοῦς
3612 3112 3712 3165 καὶ
3750 3112 3789 3179 ἠ

2200 3204 2453 3270 ἀλήθεια
2480 3205 2575 3256 καὶ
2604 3206 2788 3275 λόγος
2831 3206 2924 3259 καὶ
2954 3204 3065 3273 ζωὴ
3094 3208 3189 3259 καὶ
3214 3205 3531 3273 ἅνθρωπος
3565 3208 3663 3259 καὶ
3698 3206 3794 3259 ἑκ-

2203 3297 2451 3363 κλησία.
2479 3298 2527 3349 οἱ
2549 3296 2903 3350 Οὐαλεντίνου
2928 3297 3142 3361 αἰῶνες,
3164 3298 3617 3368 ὁμολογουμένως
3648 3298 3789 3352 εἰσὶν

2202 3390 2256 3442 ai
2308 3389 2353 3420 ⁵⁷
2400 3389 2644 3460 Σίμωνος
2697 3390 2758 3455 ἓξ
2802 3391 2970 3461 ῥίζαι,
3013 3390 3159 3456 νοῦς
3192 3432 3207 3458 ,
3243 3391 3520 3455 ἐπίνοια,
3572 3392 3789 3460 φωνὴ,

2202 3480 2410 3550 ὄνομα,
2430 3482 2725 3552 λογισμὸς
2746 3484 2841 3535 καὶ
2871 3483 3222 3551 ἐνθύμησις.
3267 3483 3406 3536 Ἀλλ’
3433 3484 3558 3536 ἐπεὶ
3586 3484 3791 3545 ἱκανῶς

2201 3574 2333 3644 ἡμῖν
2366 3574 2514 3628 δοκεί
2565 3575 2907 3629 ἐκτεθεῖσθαι
2959 3578 3059 3649 τὴν
3113 3577 3359 3645 Σίμωνος
3416 3575 3786 3646 μυθοποιίαν,

2206 3666 2410 3736 ἴδωμεν
2442 3666 2495 3719 τί
2526 3666 2675 3734 λέγει
2707 3668 2799 3720 καὶ
2834 3667 3205 3733 Οὑαλεντῖνος.

2274 3766 2379 3813 κα’.
2426 3760 2582 3812 Ἔστι
2626 3759 2723 3829 μὲν
2746 3756 2837 3812 οὖν
2874 3759 3290 3830 ἠούαλεντίνου
3344 3760 3561 3831 αἵρεσις
3600 3761 3785 3814 Πυθα-

2200 3851 2430 3922 γορικὴν
2463 3850 2661 3922 ἔχουσα
2700 3852 2797 3904 καὶ
2826 3852 3183 3922 Πλατωνικὴν
3213 3851 3313 3923 τὴν
3349 3852 3639 3908 ὑπόθεσιν.
3682 3854 3785 3907 Καὶ

2202 3941 2310 4012 γὰρ
2341 3941 2569 3996 Πλάτων
2609 3942 2744 4005 ὅλως
2772 3942 2817 3975 ⁵⁸
2849 3943 2908 3995 ἐν
2945 3942 3025 4009 τῷ
3073 3944 3287 4013 Τιμαίῳ
3316 3944 3407 3996 τὸν
3454 3944 3782 4017 Πυθαγόραν

2200 4032 2523 4103 ἀπεμάξατο
2554 4034 2598 4066 ⁸⁸
2620 4048 2634 4062 ⁸
2667 4033 2959 4104 τοιγαροῦν
2994 4035 3083 4087 καὶ
3118 4037 3146 4087 ὁ
3177 4035 3407 4105 Τίμαιος
3442 4035 3605 4096 αὐτος
3641 4038 3782 4089 ἐστιν.

2200 4123 2350 4193 αὐτῷ
2381 4123 2746 4195 Πυθαγόρειος
2769 4124 2937 4189 ξένος.
2979 4125 3070 4178 Διὸ
3096 4126 3245 4179 δοκεῖ
3280 4125 3437 4193 ὀλίγα
3462 4126 3567 4196 τῆς
3601 4126 3757 4181 Πυθα

2200 4217 2418 4288 γορείου
2452 4217 2547 4270 καὶ
2594 4217 2954 4287 Πλατωνικῆς
2994 4218 3039 4250 ⁸⁸
3081 4217 3533 4289 ὑπομνησθέντας
3578 4217 3779 4272 ὑποθέ-

2202 4324 2340 4370 σεως
2362 4305 2632 4378 ἄρξασθαι
2653 4308 2747 4360 καὶ
2771 4306 2839 4359 τά
2864 4308 3221 4361 Οὐαλεντίνου
3246 4308 3447 4377 λέγειν.
3485 4309 3548 4363 Εί
3574 4310 3699 4379 γὰρ
3728 4308 3769 4340 ⁸⁸

507 4402 643 4456 quos
686 4389 833 4458 prius
862 4386 1191 4443 confecimus
1235 4388 1387 4443 libris
1416 4389 1595 4443 insunt
1628 4397 1682 4443 et
1705 4389 2019 4460 Pythagora:
2041 4398 2093 4445 et

2204 4399 2295 4453 καὶ
2329 4402 2386 4452 ἐν
2424 4402 2535 4463 τοῖς
2580 4400 2846 4470 πρότερον
2898 4401 2989 4467 ὑφ’
3033 4399 3191 4470 ἡμῶν
3229 4401 3640 4470 πεπονημένοις
3689 4402 3777 4468 εγ·

509 4479 715 4534 l‘latoni
768 4495 886 4548 quae
940 4478 1281 4549 placuerunt,
1327 4490 1505 4533 tamen
1561 4480 1723 4534 etiam
1782 4498 1924 4535 nunc
1983 4499 2090 4538 non

505 4582 701 4640 praeter
729 4586 836 4625 rem
866 4574 1304 4626 commemorabo
1340 4587 1435 4641 per
1459 4572 1730 4642 epitomen
1765 4583 1823 4629 et
1848 4590 2085 4631 summa-

484 4666 599 4730 ..nm
637 4664 831 4733 placita
876 4678 1085 4729 eorum,
1114 4679 1220 4733 quo
1254 4664 1465 4720 facilius
1492 4677 1948 4736 recognoscantur
1972 4667 2092 4725 Va-

503 4756 692 4809 lentini
743 4757 959 4810 decreta
997 4772 1096 4827 per
1140 4758 1444 4826 propiorem
1500 4758 1979 4829 juxtapositionem
2038 4773 2092 4818 et

500 4848 1236 4919 parilemcomparationem,
1273 4865 1396 4906 cum
1450 4850 1524 4905 illi
1573 4852 1790 4920 quidem
1844 4854 1973 4909 olim
2026 4860 2093 4912 ab

2198 4510 2408 4546 κεινται
2440 4493 2533 4545 καὶ
2562 4491 2632 4544 τὰ
2674 4490 2972 4561 Πυθαγόρᾳ
3005 4491 3099 4543 καὶ
3134 4490 3382 4543 Πλάτωνι
3412 4491 3605 4561 δεδοκη
3619 4494 3772 4561 μένα,

2196 4585 2333 4639 ἀλλά
2373 4600 2436 4653 γε
2477 4584 2570 4635 καὶ
2616 4582 2713 4635 νῦν
2758 4583 2858 4635 οὐκ
2905 4582 3116 4649 ἀλόγως
3167 4584 3678 4655 ὐπομνησθήσομαι
3713 4584 3773 4636 δι’

2197 4676 2468 4745 ἐπιτομῆς
2496 4674 2591 4728 καὶ
2623 4674 3030 4744 κορυφαιότατα
3076 4673 3185 4725 τῶν
3230 4675 3414 4738 αὐτοῖς
3461 4676 3770 4747 ἀρεσκομέ-

2197 4786 2324 4833 νων,
2354 4768 2491 4838 πρὸς
2523 4768 2582 4819 τὸ
2626 4766 3006 4833 εὐεπίγνωστα
3038 4766 3291 4834 γενέσθαι
3322 4766 3393 4820 τὰ
3424 4768 3766 4837 Οὐαλεντίνῳ

2201 4859 2430 4925 δόξαντα
2467 4858 2557 4911 διὰ
2611 4859 2709 4929 τῆς
2759 4858 3003 4928 ἐγγίονος
3039 4858 3397 4928 παραθέσεως
3437 4860 3532 4914 καὶ
3582 4862 3767 4932 ὁμοίας

1813 4993 2046 5048 νΑιιιλιΕ
2088 4994 2487 5051 LECTIONES.

568 5120 612 5152 “
645 5122 782 5175 ἐστι.
844 5121 959 5174 ἐστί
1006 5140 1057 5174 τι
1106 5125 1410 5181 Bunsenius
1459 5126 1496 5181 1.
1562 5125 1597 5178 l.

1710 5126 1755 5156 “
1810 5126 1998 5180 κακόν.
2059 5128 2224 5191 κακὸς
2267 5128 2330 5190 C,
2392 5126 2463 5182 M.

2582 5128 2623 5158 “
2672 5128 2839 5181 Λύσιν
2913 5127 2970 5179 δὲ
3046 5121 3221 5189 αὖθις,
3284 5124 3449 5177 Φύσιν
3502 5124 3563 5177 δέ
3619 5116 3762 5186 αὖθις

499 5189 667 5268 (ΣηΜΑ,
694 5191 891 5268 ᾼύσειν
920 5192 1167 5268 δέᾼαύτδν
1210 5196 1511 5263 Βιιηειτιιίιιβ
1550 5197 1586 5251 Ι.
1624 5196 1659 5268 Ιν.
1696 5211 1750 5265 p.
1778 5196 1903 5251 554.
1979 5198 2025 5226 ⁸¹
2050 5197 2144 5250 τοῦ
2172 5189 2404 5268 κόσμου.
2438 5201 2529 5251 τὸν
2553 5202 2759 5267 κόσμον
2793 5198 2856 5260 C,
2891 5196 2971 5260 Μ,
3017 5197 3320 5268 Bunsenius
3358 5195 3390 5247 Ι.
3438 5194 3473 5248 Ι.
3550 5196 3596 5227 ⁸³
3629 5197 3754 5268 lreu.

502 5260 537 5337 l.
571 5260 602 5311 Ι.
632 5260 661 5332 §
689 5262 745 5315 4.
782 5258 945 5331 Igitur
976 5264 1165 5318 horum
1205 5268 1416 5337 mystici
1464 5258 1775 5321 sacerdoies
1803 5268 2089 5322 libidinose
2117 5258 2334 5336 quidem
2373 5273 2576 5333 vivunt,
2614 5258 2817 5335 niagias
2846 5258 3047 5320 autem
3085 5266 3391 5334 perficiunt,
3421 5267 3758 5334 quemadmo-

502 5333 625 5380 dum
658 5342 844 5404 potest
876 5333 1554 5403 unusquisqne'ipsorum.
1607 5338 1936 5392 Exnreismis
1964 5348 2017 5389 et
2074 5333 2537 5393 incantationibus
2582 5333 2826 5392 utuntur.
2862 5333 3139 5391 Amatoria
3188 5350 3403 5404 quoque
3436 5333 3487 5388 et
3526 5337 3755 5403 agogitna

498 5408 553 5478 et
576 5402 667 5466 qui
695 5402 1196 5479 dicunturﬁparedti
1226 5416 1281 5479 et
1307 5402 1647 5479 oniropompi
1684 5417 1737 5463 ct
1766 5424 2104 5479 quzecunqne
2135 5418 2262 5463 sunt
2291 5411 2392 5462 alia
2416 5410 2660 5479 perierga
2700 5408 2839 5476 apud
2865 5424 2965 5479 eos
2987 5402 3226 5461 studiose
3244 5402 3594 5479 exercentur.
3628 5408 3755 5459 Ima-

498 5475 677 5547 ginem
710 5486 921 5547 quoque
951 5475 1188 5547 Simonis
1224 5476 1419 5547 habent
1447 5475 1642 5529 factum
1670 5481 1734 5530 ad
1772 5483 1997 5547 ﬁguram
2024 5476 2196 5537 Juvis.
2232 5491 2285 5531 et
2323 5475 2535 5533 Ilelenze
2562 5475 2621 5533 in
2652 5475 2876 5545 ligurem
2917 5476 3131 5541 Martis,
3160 5486 3216 5531 et
3241 5478 3336 5547 has
3366 5476 3753 5547 adorant,cael.

499 5540 545 5609 εδ
574 5544 829 5609 μαγείαις
858 5570 924 5581 -
962 5545 1239 5608 ἐπαοιδαῖς
1270 5544 1331 5603 (1,
1365 5546 1434 5598 Μ.

498 5608 559 5663 C.
628 5612 674 5641 ⁸ο
701 5612 1058 5683 Πλατωνικὴν
1082 5631 1164 5682 pr.
1195 5617 1256 5680 tl,
1288 5617 1572 5679 Πλάτωνος
1598 5608 1738 5671 corr.
1775 5621 1835 5673 (Σ.

498 5694 549 5747 ιδ.
584 5681 677 5736 lii
706 5698 822 5751 sqq.
954 5708 965 5717 ο

498 5694 549 5747 ιδ.
584 5694 677 5736 l‘u
706 5698 822 5747 sqq.

1513 5546 1556 5576 "
1590 5548 1713 5609 ἓως.
1750 5546 1853 5611 ἓως
1885 5548 1979 5601 62s?
2056 5550 2100 5580 “
2127 5549 2243 5604 διά.·
2266 5550 2348 5612 δὶς
2375 5549 2437 5603 C.
2512 5550 2557 5580 ⁸⁷
2588 5550 2637 5601 οἱ
2658 5548 2726 5609 ‘C,
2758 5548 2829 5601 Μ.

1915 5620 1953 5649 ⁵⁸
1992 5620 2078 5675 Ct'.
2109 5636 2269 5689 supra
2302 5623 2335 5675 l.
2376 5638 2413 5685 ι,
2443 5637 2490 5677 c.
2521 5621 2575 5684 (ἓ,
2610 5636 2661 5688 p.
2696 5620 2727 5673 8
2764 5619 2866 5685 H;
2906 5635 2955 5675 c.
2990 5620 3072 5687 l9,
3192 5616 3396 5683 30-38;
3430 5616 3464 5669 Ι.
3494 5612 3645 5684 ινίε.
3673 5612 3751 5674 51.

2909 5550 2954 5581 ⁵⁸
2981 5547 3101 5610 ὅλος
3136 5563 3217 5616 pr.
3244 5546 3301 5602 C.
3384 5544 3428 5575 δ’
3455 5544 3753 5616 ἀπομάξατο
