  <div class='ocr_page' id='page_1' title='image "/cluster/home/n/w/nwhite01/storage/ocr_20150623/16:pt.3/hvd.32044073501223/446.png"; bbox 0 0 4044 6184; ppageno 0'>
   <div class='ocr_carea' id='block_1_1' title="bbox 353 323 496 418">
    <p class='ocr_par' dir='ltr' id='par_1_1' title="bbox 353 323 496 418">
     <span class='ocr_line' id='line_1_1' title="bbox 353 323 496 418; baseline -0.014 -28"><span class='ocrx_word' id='word_1_1' title='bbox 353 323 496 418; x_wconf 13' lang='grc'><strong>,3259</strong></span> 
     </span>
    </p>
   </div>
   <div class='ocr_carea' id='block_1_2' title="bbox 1439 325 2442 390">
    <p class='ocr_par' dir='ltr' id='par_1_2' title="bbox 1439 325 2442 390">
     <span class='ocr_line' id='line_1_2' title="bbox 1439 325 2442 390; baseline 0.002 -3"><span class='ocrx_word' id='word_1_2' title='bbox 1439 327 1736 388; x_wconf 77' lang='lat' dir='ltr'><strong>CONTRA</strong></span> <span class='ocrx_word' id='word_1_3' title='bbox 1773 325 2137 386; x_wconf 68' lang='lat' dir='ltr'><strong>I-HZRESES</strong></span> <span class='ocrx_word' id='word_1_4' title='bbox 2166 329 2309 386; x_wconf 82' lang='lat' dir='ltr'><strong>LIB.</strong></span> <span class='ocrx_word' id='word_1_5' title='bbox 2342 329 2442 390; x_wconf 88' lang='lat' dir='ltr'><strong>VI.</strong></span> 
     </span>
    </p>
   </div>
   <div class='ocr_carea' id='block_1_3' title="bbox 3463 330 3684 394">
    <p class='ocr_par' dir='ltr' id='par_1_3' title="bbox 3463 330 3684 394">
     <span class='ocr_line' id='line_1_3' title="bbox 3463 330 3684 394; baseline 0.009 -2"><span class='ocrx_word' id='word_1_6' title='bbox 3463 330 3604 394; x_wconf 70' lang='lat'><strong>3260</strong></span> <span class='ocrx_word' id='word_1_7' title='bbox 3672 365 3684 376; x_wconf 65' lang='grc' dir='ltr'><strong>ι</strong></span> 
     </span>
    </p>
   </div>
   <div class='ocr_carea' id='block_1_4' title="bbox 360 432 1947 510">
    <p class='ocr_par' dir='ltr' id='par_1_4' title="bbox 360 432 1937 510">
     <span class='ocr_line' id='line_1_4' title="bbox 360 432 1937 510; baseline 0.001 -20"><span class='ocrx_word' id='word_1_8' title='bbox 360 435 457 490; x_wconf 72' lang='grc' dir='ltr'><strong>καὶ</strong></span> <span class='ocrx_word' id='word_1_9' title='bbox 489 432 827 504; x_wconf 83' lang='grc' dir='ltr'>ἐπαναχέων,</span> <span class='ocrx_word' id='word_1_10' title='bbox 861 433 1225 504; x_wconf 84' lang='grc' dir='ltr'>άναλυομένου</span> <span class='ocrx_word' id='word_1_11' title='bbox 1267 434 1307 466; x_wconf 68' lang='grc'><strong>³⁷</strong></span> <span class='ocrx_word' id='word_1_12' title='bbox 1344 435 1438 488; x_wconf 78' lang='grc' dir='ltr'>τοῦ</span> <span class='ocrx_word' id='word_1_13' title='bbox 1487 439 1780 510; x_wconf 79' lang='grc' dir='ltr'><strong>φαρμάκου</strong></span> <span class='ocrx_word' id='word_1_14' title='bbox 1832 438 1937 492; x_wconf 79' lang='grc' dir='ltr'><strong>ὑπὸ</strong></span> 
     </span>
    </p>
   </div>
   <div class='ocr_carea' id='block_1_5' title="bbox 2051 432 3601 510">
    <p class='ocr_par' dir='ltr' id='par_1_5' title="bbox 2051 438 3601 510">
     <span class='ocr_line' id='line_1_5' title="bbox 2051 438 3601 510; baseline 0.003 -18"><span class='ocrx_word' id='word_1_15' title='bbox 2051 449 2324 510; x_wconf 84' lang='lat' dir='ltr'><strong>postquam</strong></span> <span class='ocrx_word' id='word_1_16' title='bbox 2362 438 2617 506; x_wconf 81' lang='lat' dir='ltr'><strong>sublevit,</strong></span> <span class='ocrx_word' id='word_1_17' title='bbox 2658 438 2818 508; x_wconf 83' lang='lat' dir='ltr'><strong>idque</strong></span> <span class='ocrx_word' id='word_1_18' title='bbox 2849 446 3100 508; x_wconf 76' lang='lat' dir='ltr'><strong>tanquam</strong></span> <span class='ocrx_word' id='word_1_19' title='bbox 3133 439 3264 494; x_wconf 81' lang='lat' dir='ltr'><strong>nihil</strong></span> <span class='ocrx_word' id='word_1_20' title='bbox 3290 440 3416 494; x_wconf 87' lang='lat' dir='ltr'><strong>insit</strong></span> <span class='ocrx_word' id='word_1_21' title='bbox 3447 459 3601 496; x_wconf 90' lang='lat' dir='ltr'><strong>mon-</strong></span> 
     </span>
    </p>
   </div>
   <div class='ocr_carea' id='block_1_6' title="bbox 359 524 1935 600">
    <p class='ocr_par' dir='ltr' id='par_1_6' title="bbox 359 524 1935 600">
     <span class='ocr_line' id='line_1_6' title="bbox 359 524 1935 600; baseline 0.002 -21"><span class='ocrx_word' id='word_1_22' title='bbox 359 529 462 595; x_wconf 82' lang='grc' dir='ltr'><strong>τῆς</strong></span> <span class='ocrx_word' id='word_1_23' title='bbox 493 524 588 577; x_wconf 81' lang='grc' dir='ltr'>τοῦ</span> <span class='ocrx_word' id='word_1_24' title='bbox 621 524 788 594; x_wconf 81' lang='grc' dir='ltr'>ύγροῦ</span> <span class='ocrx_word' id='word_1_25' title='bbox 815 525 1036 595; x_wconf 77' lang='grc' dir='ltr'>μίξεως,</span> <span class='ocrx_word' id='word_1_26' title='bbox 1061 526 1212 589; x_wconf 77' lang='grc' dir='ltr'>ὄντος</span> <span class='ocrx_word' id='word_1_27' title='bbox 1241 526 1519 595; x_wconf 88' lang='grc' dir='ltr'>φυσώδους</span> <span class='ocrx_word' id='word_1_28' title='bbox 1544 569 1559 592; x_wconf 94' lang='grc'><strong>,</strong></span> <span class='ocrx_word' id='word_1_29' title='bbox 1596 529 1935 600; x_wconf 78' lang='grc' dir='ltr'>πλεονασμὸς</span> 
     </span>
    </p>
   </div>
   <div class='ocr_carea' id='block_1_7' title="bbox 311 602 1934 692">
    <p class='ocr_par' dir='ltr' id='par_1_7' title="bbox 359 617 1934 692">
     <span class='ocr_line' id='line_1_7' title="bbox 359 617 1934 692; baseline 0.002 -21"><span class='ocrx_word' id='word_1_30' title='bbox 359 618 454 672; x_wconf 80' lang='grc' dir='ltr'>τοῦ</span> <span class='ocrx_word' id='word_1_31' title='bbox 490 617 836 688; x_wconf 79' lang='grc' dir='ltr'>κεράσματος</span> <span class='ocrx_word' id='word_1_32' title='bbox 871 619 1085 685; x_wconf 85' lang='grc' dir='ltr'>ἐγίνετο</span> <span class='ocrx_word' id='word_1_33' title='bbox 1127 619 1354 686; x_wconf 63' lang='grc' dir='ltr'>καὶέπὶ</span> <span class='ocrx_word' id='word_1_34' title='bbox 1385 619 1641 674; x_wconf 83' lang='grc' dir='ltr'>τοσοῦτον</span> <span class='ocrx_word' id='word_1_35' title='bbox 1684 621 1934 692; x_wconf 74' lang='grc' dir='ltr'>ηὔξανεν,</span> 
     </span>
    </p>
   </div>
   <div class='ocr_carea' id='block_1_8' title="bbox 359 707 1935 782">
    <p class='ocr_par' dir='ltr' id='par_1_8' title="bbox 359 707 1935 782">
     <span class='ocr_line' id='line_1_8' title="bbox 359 707 1935 782; baseline 0.003 -22"><span class='ocrx_word' id='word_1_36' title='bbox 359 707 418 771; x_wconf 81' lang='grc' dir='ltr'><strong>ἐς</strong></span> <span class='ocrx_word' id='word_1_37' title='bbox 462 707 586 760; x_wconf 84' lang='grc' dir='ltr'>ὅσον</span> <span class='ocrx_word' id='word_1_38' title='bbox 631 708 1101 778; x_wconf 85' lang='grc' dir='ltr'>ἐπαναχυνόμενον</span> <span class='ocrx_word' id='word_1_39' title='bbox 1150 710 1412 774; x_wconf 84' lang='grc' dir='ltr'>ἐκινεῖτο,</span> <span class='ocrx_word' id='word_1_40' title='bbox 1464 710 1722 780; x_wconf 84' lang='grc' dir='ltr'><strong>τοιαύτης</strong></span> <span class='ocrx_word' id='word_1_41' title='bbox 1768 711 1935 782; x_wconf 79' lang='grc' dir='ltr'>οὔσης</span> 
     </span>
    </p>
   </div>
   <div class='ocr_carea' id='block_1_9' title="bbox 361 797 1934 874">
    <p class='ocr_par' dir='ltr' id='par_1_9' title="bbox 361 797 1934 874">
     <span class='ocr_line' id='line_1_9' title="bbox 361 797 1934 874; baseline 0.005 -25"><span class='ocrx_word' id='word_1_42' title='bbox 361 799 461 868; x_wconf 81' lang='grc' dir='ltr'>τῆς</span> <span class='ocrx_word' id='word_1_43' title='bbox 486 797 579 850; x_wconf 80' lang='grc' dir='ltr'>τοῦ</span> <span class='ocrx_word' id='word_1_44' title='bbox 615 798 904 868; x_wconf 83' lang='grc' dir='ltr'>φαρμάκου</span> <span class='ocrx_word' id='word_1_45' title='bbox 942 799 1176 870; x_wconf 86' lang='grc' dir='ltr'>φύσεως·</span> <span class='ocrx_word' id='word_1_46' title='bbox 1204 800 1232 853; x_wconf 84' lang='grc' dir='ltr'><strong>ὃ</strong></span> <span class='ocrx_word' id='word_1_47' title='bbox 1266 803 1314 854; x_wconf 88' lang='grc' dir='ltr'><strong>εί</strong></span> <span class='ocrx_word' id='word_1_48' title='bbox 1338 801 1592 856; x_wconf 85' lang='grc' dir='ltr'>ἀπόθοιτό</span> <span class='ocrx_word' id='word_1_49' title='bbox 1621 803 1667 835; x_wconf 69' lang='grc'><strong>⁵⁸</strong></span> <span class='ocrx_word' id='word_1_50' title='bbox 1688 821 1772 867; x_wconf 87' lang='grc' dir='ltr'><strong>τις</strong></span> <span class='ocrx_word' id='word_1_51' title='bbox 1798 805 1934 874; x_wconf 88' lang='grc' dir='ltr'>πλη-</span> 
     </span>
    </p>
   </div>
   <div class='ocr_carea' id='block_1_10' title="bbox 365 888 1938 965">
    <p class='ocr_par' dir='ltr' id='par_1_10' title="bbox 365 888 1938 965">
     <span class='ocr_line' id='line_1_10' title="bbox 365 888 1938 965; baseline 0.005 -23"><span class='ocrx_word' id='word_1_52' title='bbox 365 888 558 960; x_wconf 84' lang='grc' dir='ltr'>ρωθὲν,</span> <span class='ocrx_word' id='word_1_53' title='bbox 593 889 710 958; x_wconf 84' lang='grc' dir='ltr'>μετ’</span> <span class='ocrx_word' id='word_1_54' title='bbox 734 889 797 942; x_wconf 87' lang='grc' dir='ltr'><strong>ού</strong></span> <span class='ocrx_word' id='word_1_55' title='bbox 827 890 960 944; x_wconf 86' lang='grc' dir='ltr'>πολὺ</span> <span class='ocrx_word' id='word_1_56' title='bbox 996 892 1076 954; x_wconf 85' lang='grc' dir='ltr'><strong>είς</strong></span> <span class='ocrx_word' id='word_1_57' title='bbox 1103 890 1163 944; x_wconf 83' lang='grc' dir='ltr'>τὸ</span> <span class='ocrx_word' id='word_1_58' title='bbox 1195 892 1336 945; x_wconf 85' lang='grc' dir='ltr'><strong>κατά</strong></span> <span class='ocrx_word' id='word_1_59' title='bbox 1361 893 1520 962; x_wconf 83' lang='grc' dir='ltr'>φύσιν</span> <span class='ocrx_word' id='word_1_60' title='bbox 1549 895 1744 965; x_wconf 74' lang='grc' dir='ltr'>μέτρον</span> <span class='ocrx_word' id='word_1_61' title='bbox 1775 897 1938 950; x_wconf 86' lang='grc' dir='ltr'>πάλιν</span> 
     </span>
    </p>
   </div>
   <div class='ocr_carea' id='block_1_11' title="bbox 362 982 1938 1058">
    <p class='ocr_par' dir='ltr' id='par_1_11' title="bbox 362 982 1938 1058">
     <span class='ocr_line' id='line_1_11' title="bbox 362 982 1938 1058; baseline 0.004 -24"><span class='ocrx_word' id='word_1_62' title='bbox 362 982 726 1051; x_wconf 78' lang='grc' dir='ltr'><strong>τραπήσεται,</strong></span> <span class='ocrx_word' id='word_1_63' title='bbox 747 982 848 1052; x_wconf 85' lang='grc' dir='ltr'>τῆς</span> <span class='ocrx_word' id='word_1_64' title='bbox 869 983 962 1035; x_wconf 80' lang='grc' dir='ltr'>τοῦ</span> <span class='ocrx_word' id='word_1_65' title='bbox 987 985 1280 1055; x_wconf 84' lang='grc' dir='ltr'>φαρμάκου</span> <span class='ocrx_word' id='word_1_66' title='bbox 1306 986 1588 1056; x_wconf 85' lang='grc' dir='ltr'>δυνάμεως</span> <span class='ocrx_word' id='word_1_67' title='bbox 1619 987 1938 1058; x_wconf 85' lang='grc' dir='ltr'>σϐεσθείσης</span> 
     </span>
    </p>
   </div>
   <div class='ocr_carea' id='block_1_12' title="bbox 361 1073 1939 1148">
    <p class='ocr_par' dir='ltr' id='par_1_12' title="bbox 361 1073 1939 1148">
     <span class='ocr_line' id='line_1_12' title="bbox 361 1073 1939 1148; baseline 0.003 -21"><span class='ocrx_word' id='word_1_68' title='bbox 361 1076 427 1143; x_wconf 86' lang='grc' dir='ltr'>τῇ</span> <span class='ocrx_word' id='word_1_69' title='bbox 454 1073 546 1126; x_wconf 76' lang='grc' dir='ltr'>τοῦ</span> <span class='ocrx_word' id='word_1_70' title='bbox 580 1073 749 1144; x_wconf 82' lang='grc' dir='ltr'>ὑγροῦ</span> <span class='ocrx_word' id='word_1_71' title='bbox 780 1079 1094 1146; x_wconf 81' lang='grc' dir='ltr'>παραμονῇ.</span> <span class='ocrx_word' id='word_1_72' title='bbox 1129 1077 1220 1130; x_wconf 87' lang='grc' dir='ltr'><strong>Διὸ</strong></span> <span class='ocrx_word' id='word_1_73' title='bbox 1255 1077 1392 1148; x_wconf 85' lang='grc' dir='ltr'><strong>μετά</strong></span> <span class='ocrx_word' id='word_1_74' title='bbox 1423 1079 1658 1148; x_wconf 79' lang='grc' dir='ltr'><strong>σπουδῆς</strong></span> <span class='ocrx_word' id='word_1_75' title='bbox 1687 1081 1800 1142; x_wconf 88' lang='grc' dir='ltr'>τοῖς</span> <span class='ocrx_word' id='word_1_76' title='bbox 1835 1096 1939 1131; x_wconf 90' lang='grc' dir='ltr'>πα-</span> 
     </span>
    </p>
   </div>
   <div class='ocr_carea' id='block_1_13' title="bbox 366 1162 1938 1240">
    <p class='ocr_par' dir='ltr' id='par_1_13' title="bbox 366 1162 1938 1240">
     <span class='ocr_line' id='line_1_13' title="bbox 366 1162 1938 1240; baseline 0.003 -25"><span class='ocrx_word' id='word_1_77' title='bbox 366 1162 519 1235; x_wconf 82' lang='grc' dir='ltr'>ροῦσι</span> <span class='ocrx_word' id='word_1_78' title='bbox 550 1163 864 1234; x_wconf 78' lang='grc' dir='ltr'>προσεδίδου</span> <span class='ocrx_word' id='word_1_79' title='bbox 902 1166 1095 1232; x_wconf 83' lang='grc' dir='ltr'>πίνειν,</span> <span class='ocrx_word' id='word_1_80' title='bbox 1144 1169 1191 1220; x_wconf 88' lang='grc' dir='ltr'><strong>οί</strong></span> <span class='ocrx_word' id='word_1_81' title='bbox 1236 1168 1291 1221; x_wconf 88' lang='grc' dir='ltr'><strong>δέ</strong></span> <span class='ocrx_word' id='word_1_82' title='bbox 1320 1167 1395 1230; x_wconf 84' lang='grc' dir='ltr'>ὡς</span> <span class='ocrx_word' id='word_1_83' title='bbox 1429 1168 1571 1222; x_wconf 84' lang='grc' dir='ltr'>θεῖόν</span> <span class='ocrx_word' id='word_1_84' title='bbox 1607 1187 1658 1222; x_wconf 89' lang='grc' dir='ltr'><strong>τι</strong></span> <span class='ocrx_word' id='word_1_85' title='bbox 1707 1171 1800 1222; x_wconf 66' lang='grc' dir='ltr'>καὶ</span> <span class='ocrx_word' id='word_1_86' title='bbox 1831 1170 1938 1240; x_wconf 84' lang='grc' dir='ltr'>θεῷ</span> 
     </span>
    </p>
   </div>
   <div class='ocr_carea' id='block_1_14' title="bbox 367 1256 1937 1330">
    <p class='ocr_par' dir='ltr' id='par_1_14' title="bbox 367 1256 1937 1330">
     <span class='ocr_line' id='line_1_14' title="bbox 367 1256 1937 1330; baseline 0.004 -22"><span class='ocrx_word' id='word_1_87' title='bbox 367 1256 806 1327; x_wconf 79' lang='grc' dir='ltr'>μεμελετημένον</span> <span class='ocrx_word' id='word_1_88' title='bbox 831 1257 1148 1328; x_wconf 87' lang='grc' dir='ltr'>φρίσσοντες</span> <span class='ocrx_word' id='word_1_89' title='bbox 1170 1259 1282 1330; x_wconf 85' lang='grc' dir='ltr'>ἆμα</span> <span class='ocrx_word' id='word_1_90' title='bbox 1323 1261 1430 1312; x_wconf 55' lang='lat' dir='ltr'><strong>mi</strong></span> <span class='ocrx_word' id='word_1_91' title='bbox 1457 1261 1775 1324; x_wconf 85' lang='grc' dir='ltr'>σπεύδοντες</span> <span class='ocrx_word' id='word_1_92' title='bbox 1816 1260 1937 1314; x_wconf 79' lang='grc' dir='ltr'>ἔπι-</span> 
     </span>
    </p>
   </div>
   <div class='ocr_carea' id='block_1_15' title="bbox 363 1364 473 1401">
    <p class='ocr_par' dir='ltr' id='par_1_15' title="bbox 363 1364 473 1401">
     <span class='ocr_line' id='line_1_15' title="bbox 363 1364 473 1401; baseline 0.009 -1"><span class='ocrx_word' id='word_1_93' title='bbox 363 1364 473 1401; x_wconf 90' lang='grc' dir='ltr'>νον.</span> 
     </span>
    </p>
   </div>
   <div class='ocr_carea' id='block_1_16' title="bbox 438 1438 1936 1514">
    <p class='ocr_par' dir='ltr' id='par_1_16' title="bbox 438 1438 1936 1514">
     <span class='ocr_line' id='line_1_16' title="bbox 438 1438 1936 1514; baseline 0.005 -24"><span class='ocrx_word' id='word_1_94' title='bbox 438 1438 515 1510; x_wconf 92' lang='lat' dir='ltr'><strong>[p.</strong></span> <span class='ocrx_word' id='word_1_95' title='bbox 553 1438 840 1510; x_wconf 66' lang='lat'><strong>201-205.]</strong></span> <span class='ocrx_word' id='word_1_96' title='bbox 865 1447 974 1509; x_wconf 82' lang='grc' dir='ltr'>μα’.</span> <span class='ocrx_word' id='word_1_97' title='bbox 994 1441 1232 1494; x_wconf 82' lang='grc' dir='ltr'>Τοιαῦτα</span> <span class='ocrx_word' id='word_1_98' title='bbox 1247 1441 1303 1494; x_wconf 83' lang='grc' dir='ltr'>δὲ</span> <span class='ocrx_word' id='word_1_99' title='bbox 1324 1443 1417 1495; x_wconf 75' lang='grc' dir='ltr'><strong>καὶ</strong></span> <span class='ocrx_word' id='word_1_100' title='bbox 1440 1442 1610 1514; x_wconf 75' lang='grc' dir='ltr'>ἔτερα</span> <span class='ocrx_word' id='word_1_101' title='bbox 1639 1443 1936 1514; x_wconf 75' lang='grc' dir='ltr'>ἐπεχείρει,</span> 
     </span>
    </p>
   </div>
   <div class='ocr_carea' id='block_1_17' title="bbox 366 1531 1936 1605">
    <p class='ocr_par' dir='ltr' id='par_1_17' title="bbox 366 1531 1936 1605">
     <span class='ocr_line' id='line_1_17' title="bbox 366 1531 1936 1605; baseline 0.002 -20"><span class='ocrx_word' id='word_1_102' title='bbox 366 1535 394 1585; x_wconf 90' lang='grc' dir='ltr'>ὁ</span> <span class='ocrx_word' id='word_1_103' title='bbox 421 1531 620 1595; x_wconf 83' lang='grc' dir='ltr'>πλάνος</span> <span class='ocrx_word' id='word_1_104' title='bbox 645 1535 840 1585; x_wconf 77' lang='grc' dir='ltr'>ποιεῖν’</span> <span class='ocrx_word' id='word_1_105' title='bbox 862 1533 942 1585; x_wconf 75' lang='grc' dir='ltr'><strong>διὸ</strong></span> <span class='ocrx_word' id='word_1_106' title='bbox 973 1531 1079 1584; x_wconf 80' lang='grc' dir='ltr'>ὑπὸ</span> <span class='ocrx_word' id='word_1_107' title='bbox 1097 1532 1206 1586; x_wconf 88' lang='grc' dir='ltr'><strong>τῶν</strong></span> <span class='ocrx_word' id='word_1_108' title='bbox 1233 1534 1610 1605; x_wconf 84' lang='grc' dir='ltr'>ἀπατωμένων</span> <span class='ocrx_word' id='word_1_109' title='bbox 1636 1535 1936 1600; x_wconf 78' lang='grc' dir='ltr'>ἐδοξάζετο,</span> 
     </span>
    </p>
   </div>
   <div class='ocr_carea' id='block_1_18' title="bbox 368 1623 1937 1695">
    <p class='ocr_par' dir='ltr' id='par_1_18' title="bbox 368 1623 1937 1695">
     <span class='ocr_line' id='line_1_18' title="bbox 368 1623 1937 1695; baseline 0.004 -21"><span class='ocrx_word' id='word_1_110' title='bbox 368 1624 462 1675; x_wconf 72' lang='grc' dir='ltr'>καὶ</span> <span class='ocrx_word' id='word_1_111' title='bbox 509 1623 640 1675; x_wconf 81' lang='grc' dir='ltr'>ποτὲ</span> <span class='ocrx_word' id='word_1_112' title='bbox 668 1624 711 1654; x_wconf 71' lang='grc'><strong>⁸⁹</strong></span> <span class='ocrx_word' id='word_1_113' title='bbox 750 1623 913 1686; x_wconf 74' lang='grc' dir='ltr'>αὐτὸς</span> <span class='ocrx_word' id='word_1_114' title='bbox 950 1623 1232 1694; x_wconf 76' lang='grc' dir='ltr'>ἐνομίζετο</span> <span class='ocrx_word' id='word_1_115' title='bbox 1266 1626 1653 1695; x_wconf 78' lang='grc' dir='ltr'>προφητεύειν,</span> <span class='ocrx_word' id='word_1_116' title='bbox 1701 1628 1831 1680; x_wconf 88' lang='grc' dir='ltr'><strong>ποτέ</strong></span> <span class='ocrx_word' id='word_1_117' title='bbox 1881 1627 1937 1680; x_wconf 82' lang='grc' dir='ltr'><strong>δὲ</strong></span> 
     </span>
    </p>
   </div>
   <div class='ocr_carea' id='block_1_19' title="bbox 367 1715 1938 1790">
    <p class='ocr_par' dir='ltr' id='par_1_19' title="bbox 367 1715 1938 1790">
     <span class='ocr_line' id='line_1_19' title="bbox 367 1715 1938 1790; baseline 0.004 -23"><span class='ocrx_word' id='word_1_118' title='bbox 367 1715 463 1768; x_wconf 77' lang='grc' dir='ltr'>καὶ</span> <span class='ocrx_word' id='word_1_119' title='bbox 489 1715 705 1785; x_wconf 83' lang='grc' dir='ltr'>ἐτέρους</span> <span class='ocrx_word' id='word_1_120' title='bbox 736 1715 944 1779; x_wconf 84' lang='grc' dir='ltr'>ἐποίει,</span> <span class='ocrx_word' id='word_1_121' title='bbox 981 1717 1068 1770; x_wconf 83' lang='grc' dir='ltr'><strong>ὅτε</strong></span> <span class='ocrx_word' id='word_1_122' title='bbox 1111 1717 1207 1786; x_wconf 78' lang='grc' dir='ltr'><strong>μὲν</strong></span> <span class='ocrx_word' id='word_1_123' title='bbox 1237 1718 1329 1771; x_wconf 74' lang='grc' dir='ltr'>καὶ</span> <span class='ocrx_word' id='word_1_124' title='bbox 1357 1718 1442 1772; x_wconf 85' lang='grc' dir='ltr'><strong>διά</strong></span> <span class='ocrx_word' id='word_1_125' title='bbox 1468 1720 1736 1790; x_wconf 86' lang='grc' dir='ltr'>δαιμόνων</span> <span class='ocrx_word' id='word_1_126' title='bbox 1768 1719 1938 1774; x_wconf 76' lang='grc' dir='ltr'>ταῦτα</span> 
     </span>
    </p>
   </div>
   <div class='ocr_carea' id='block_1_20' title="bbox 2041 529 3602 595">
    <p class='ocr_par' dir='ltr' id='par_1_20' title="bbox 2041 529 3602 595">
     <span class='ocr_line' id='line_1_20' title="bbox 2041 529 3602 595; baseline 0 -11"><span class='ocrx_word' id='word_1_127' title='bbox 2041 532 2254 594; x_wconf 96' lang='lat' dir='ltr'><strong>stravit,</strong></span> <span class='ocrx_word' id='word_1_128' title='bbox 2287 540 2340 584; x_wconf 86' lang='lat' dir='ltr'><strong>et</strong></span> <span class='ocrx_word' id='word_1_129' title='bbox 2381 529 2572 585; x_wconf 67' lang='lat' dir='ltr'><strong>alludit</strong></span> <span class='ocrx_word' id='word_1_130' title='bbox 2599 545 2664 585; x_wconf 81' lang='lat' dir='ltr'><strong>ex</strong></span> <span class='ocrx_word' id='word_1_131' title='bbox 2712 531 2921 585; x_wconf 90' lang='lat' dir='ltr'><strong>minore</strong></span> <span class='ocrx_word' id='word_1_132' title='bbox 2953 540 3006 585; x_wconf 88' lang='lat' dir='ltr'><strong>et</strong></span> <span class='ocrx_word' id='word_1_133' title='bbox 3043 547 3231 585; x_wconf 78' lang='lat' dir='ltr'><strong>rursus</strong></span> <span class='ocrx_word' id='word_1_134' title='bbox 3266 531 3475 595; x_wconf 76' lang='lat' dir='ltr'><strong>alludit,</strong></span> <span class='ocrx_word' id='word_1_135' title='bbox 3513 548 3602 585; x_wconf 86' lang='lat' dir='ltr'><strong>re-</strong></span> 
     </span>
    </p>
   </div>
   <div class='ocr_carea' id='block_1_21' title="bbox 2043 618 3607 689">
    <p class='ocr_par' dir='ltr' id='par_1_21' title="bbox 2043 618 3607 689">
     <span class='ocr_line' id='line_1_21' title="bbox 2043 618 3607 689; baseline 0.003 -18"><span class='ocrx_word' id='word_1_136' title='bbox 2043 618 2217 672; x_wconf 87' lang='lat' dir='ltr'><strong>soluto</strong></span> <span class='ocrx_word' id='word_1_137' title='bbox 2253 634 2350 687; x_wconf 92' lang='lat' dir='ltr'><strong>per</strong></span> <span class='ocrx_word' id='word_1_138' title='bbox 2398 619 2676 673; x_wconf 84' lang='lat' dir='ltr'><strong>misturatn</strong></span> <span class='ocrx_word' id='word_1_139' title='bbox 2734 619 2944 674; x_wconf 86' lang='lat' dir='ltr'><strong>humidi</strong></span> <span class='ocrx_word' id='word_1_140' title='bbox 2993 621 3390 675; x_wconf 86' lang='lat' dir='ltr'><strong>medicamento</strong></span> <span class='ocrx_word' id='word_1_141' title='bbox 3421 631 3607 689; x_wconf 88' lang='lat' dir='ltr'><strong>utpote</strong></span> 
     </span>
    </p>
   </div>
   <div class='ocr_carea' id='block_1_22' title="bbox 2040 709 3605 775">
    <p class='ocr_par' dir='ltr' id='par_1_22' title="bbox 2040 709 3605 775">
     <span class='ocr_line' id='line_1_22' title="bbox 2040 709 3605 775; baseline 0.001 -13"><span class='ocrx_word' id='word_1_142' title='bbox 2040 709 2313 766; x_wconf 83' lang='lat' dir='ltr'><strong>tlatuoso:</strong></span> <span class='ocrx_word' id='word_1_143' title='bbox 2365 711 2660 766; x_wconf 83' lang='lat' dir='ltr'><strong>abundavit</strong></span> <span class='ocrx_word' id='word_1_144' title='bbox 2705 711 2931 765; x_wconf 87' lang='lat' dir='ltr'><strong>mistura</strong></span> <span class='ocrx_word' id='word_1_145' title='bbox 2959 723 3013 765; x_wconf 90' lang='lat' dir='ltr'><strong>et</strong></span> <span class='ocrx_word' id='word_1_146' title='bbox 3061 712 3113 765; x_wconf 90' lang='lat' dir='ltr'><strong>in</strong></span> <span class='ocrx_word' id='word_1_147' title='bbox 3153 720 3358 765; x_wconf 90' lang='lat' dir='ltr'><strong>tantum</strong></span> <span class='ocrx_word' id='word_1_148' title='bbox 3409 712 3605 775; x_wconf 86' lang='lat' dir='ltr'><strong>crevit,</strong></span> 
     </span>
    </p>
   </div>
   <div class='ocr_carea' id='block_1_23' title="bbox 2042 801 3598 871">
    <p class='ocr_par' dir='ltr' id='par_1_23' title="bbox 2042 801 3598 871">
     <span class='ocr_line' id='line_1_23' title="bbox 2042 801 3598 871; baseline 0.001 -17"><span class='ocrx_word' id='word_1_149' title='bbox 2042 801 2094 854; x_wconf 88' lang='lat' dir='ltr'><strong>in</strong></span> <span class='ocrx_word' id='word_1_150' title='bbox 2117 812 2376 869; x_wconf 85' lang='lat' dir='ltr'><strong>quantum</strong></span> <span class='ocrx_word' id='word_1_151' title='bbox 2410 801 2461 855; x_wconf 88' lang='lat' dir='ltr'><strong>id</strong></span> <span class='ocrx_word' id='word_1_152' title='bbox 2495 802 2636 870; x_wconf 89' lang='lat' dir='ltr'><strong>quod</strong></span> <span class='ocrx_word' id='word_1_153' title='bbox 2674 801 2906 856; x_wconf 83' lang='lat' dir='ltr'><strong>aﬂ‘usum</strong></span> <span class='ocrx_word' id='word_1_154' title='bbox 2938 812 3023 858; x_wconf 91' lang='lat' dir='ltr'><strong>est</strong></span> <span class='ocrx_word' id='word_1_155' title='bbox 3054 804 3414 869; x_wconf 79' lang='lat' dir='ltr'><strong>movebatur,</strong></span> <span class='ocrx_word' id='word_1_156' title='bbox 3459 819 3598 871; x_wconf 88' lang='lat' dir='ltr'><strong>quo-</strong></span> 
     </span>
    </p>
   </div>
   <div class='ocr_carea' id='block_1_24' title="bbox 2042 893 3611 965">
    <p class='ocr_par' dir='ltr' id='par_1_24' title="bbox 2042 893 3611 965">
     <span class='ocr_line' id='line_1_24' title="bbox 2042 893 3611 965; baseline 0.002 -18"><span class='ocrx_word' id='word_1_157' title='bbox 2042 893 2186 947; x_wconf 89' lang='lat' dir='ltr'><strong>niam</strong></span> <span class='ocrx_word' id='word_1_158' title='bbox 2222 893 2323 948; x_wconf 87' lang='lat' dir='ltr'><strong>ista</strong></span> <span class='ocrx_word' id='word_1_159' title='bbox 2376 904 2460 949; x_wconf 91' lang='lat' dir='ltr'><strong>est</strong></span> <span class='ocrx_word' id='word_1_160' title='bbox 2518 894 2897 949; x_wconf 87' lang='lat' dir='ltr'><strong>medicamenti</strong></span> <span class='ocrx_word' id='word_1_161' title='bbox 2943 903 3154 948; x_wconf 89' lang='lat' dir='ltr'><strong>natura.</strong></span> <span class='ocrx_word' id='word_1_162' title='bbox 3203 894 3356 962; x_wconf 86' lang='lat' dir='ltr'><strong>Quod</strong></span> <span class='ocrx_word' id='word_1_163' title='bbox 3394 895 3437 948; x_wconf 91' lang='lat' dir='ltr'><strong>si</strong></span> <span class='ocrx_word' id='word_1_164' title='bbox 3485 894 3611 965; x_wconf 86' lang='lat' dir='ltr'><strong>quis</strong></span> 
     </span>
    </p>
   </div>
   <div class='ocr_carea' id='block_1_25' title="bbox 2040 986 3606 1056">
    <p class='ocr_par' dir='ltr' id='par_1_25' title="bbox 2040 986 3606 1056">
     <span class='ocr_line' id='line_1_25' title="bbox 2040 986 3606 1056; baseline -0.001 -18"><span class='ocrx_word' id='word_1_165' title='bbox 2040 995 2286 1053; x_wconf 88' lang='lat' dir='ltr'><strong>seponat,</strong></span> <span class='ocrx_word' id='word_1_166' title='bbox 2332 1003 2436 1041; x_wconf 91' lang='lat' dir='ltr'><strong>non</strong></span> <span class='ocrx_word' id='word_1_167' title='bbox 2485 987 2652 1042; x_wconf 90' lang='lat' dir='ltr'><strong>multo</strong></span> <span class='ocrx_word' id='word_1_168' title='bbox 2685 995 2805 1056; x_wconf 90' lang='lat' dir='ltr'><strong>post</strong></span> <span class='ocrx_word' id='word_1_169' title='bbox 2847 987 2899 1040; x_wconf 91' lang='lat' dir='ltr'><strong>in</strong></span> <span class='ocrx_word' id='word_1_170' title='bbox 2941 986 3241 1041; x_wconf 86' lang='lat' dir='ltr'><strong>naturalem</strong></span> <span class='ocrx_word' id='word_1_171' title='bbox 3295 1001 3606 1041; x_wconf 85' lang='lat' dir='ltr'><strong>mensuram</strong></span> 
     </span>
    </p>
   </div>
   <div class='ocr_carea' id='block_1_26' title="bbox 2041 1075 3611 1142">
    <p class='ocr_par' dir='ltr' id='par_1_26' title="bbox 2041 1075 3611 1142">
     <span class='ocr_line' id='line_1_26' title="bbox 2041 1075 3611 1142; baseline 0.002 -14"><span class='ocrx_word' id='word_1_172' title='bbox 2041 1089 2228 1129; x_wconf 89' lang='lat' dir='ltr'><strong>rursus</strong></span> <span class='ocrx_word' id='word_1_173' title='bbox 2255 1075 2444 1142; x_wconf 87' lang='lat' dir='ltr'><strong>abibit,</strong></span> <span class='ocrx_word' id='word_1_174' title='bbox 2471 1077 2850 1131; x_wconf 88' lang='lat' dir='ltr'><strong>medicamenti</strong></span> <span class='ocrx_word' id='word_1_175' title='bbox 2895 1077 2945 1130; x_wconf 92' lang='lat' dir='ltr'><strong>vi</strong></span> <span class='ocrx_word' id='word_1_176' title='bbox 2975 1078 3240 1132; x_wconf 83' lang='lat' dir='ltr'><strong>exstincta</strong></span> <span class='ocrx_word' id='word_1_177' title='bbox 3275 1078 3479 1131; x_wconf 82' lang='lat' dir='ltr'><strong>humidi</strong></span> <span class='ocrx_word' id='word_1_178' title='bbox 3526 1093 3611 1131; x_wconf 91' lang='lat' dir='ltr'><strong>re-</strong></span> 
     </span>
    </p>
   </div>
   <div class='ocr_carea' id='block_1_27' title="bbox 2043 1165 3612 1238">
    <p class='ocr_par' dir='ltr' id='par_1_27' title="bbox 2043 1165 3612 1238">
     <span class='ocr_line' id='line_1_27' title="bbox 2043 1165 3612 1238; baseline 0.004 -23"><span class='ocrx_word' id='word_1_179' title='bbox 2043 1165 2342 1220; x_wconf 82' lang='lat' dir='ltr'><strong>mansione.</strong></span> <span class='ocrx_word' id='word_1_180' title='bbox 2387 1166 2510 1222; x_wconf 86' lang='lat' dir='ltr'><strong>ideo</strong></span> <span class='ocrx_word' id='word_1_181' title='bbox 2543 1177 2900 1237; x_wconf 83' lang='lat' dir='ltr'><strong>properanter</strong></span> <span class='ocrx_word' id='word_1_182' title='bbox 2940 1169 3006 1223; x_wconf 90' lang='lat' dir='ltr'><strong>iis</strong></span> <span class='ocrx_word' id='word_1_183' title='bbox 3033 1169 3120 1236; x_wconf 87' lang='lat' dir='ltr'><strong>qui</strong></span> <span class='ocrx_word' id='word_1_184' title='bbox 3152 1169 3379 1222; x_wconf 86' lang='lat' dir='ltr'><strong>aderant</strong></span> <span class='ocrx_word' id='word_1_185' title='bbox 3406 1167 3612 1238; x_wconf 75' lang='lat' dir='ltr'><strong>przebe-</strong></span> 
     </span>
    </p>
   </div>
   <div class='ocr_carea' id='block_1_28' title="bbox 2043 1255 3614 1328">
    <p class='ocr_par' dir='ltr' id='par_1_28' title="bbox 2043 1255 3614 1328">
     <span class='ocr_line' id='line_1_28' title="bbox 2043 1255 3614 1328; baseline 0.004 -22"><span class='ocrx_word' id='word_1_186' title='bbox 2043 1255 2128 1307; x_wconf 87' lang='lat' dir='ltr'><strong>hat</strong></span> <span class='ocrx_word' id='word_1_187' title='bbox 2157 1266 2364 1324; x_wconf 91' lang='lat' dir='ltr'><strong>potum,</strong></span> <span class='ocrx_word' id='word_1_188' title='bbox 2403 1257 2477 1310; x_wconf 90' lang='lat' dir='ltr'><strong>illi</strong></span> <span class='ocrx_word' id='word_1_189' title='bbox 2501 1267 2676 1310; x_wconf 88' lang='lat' dir='ltr'><strong>autem</strong></span> <span class='ocrx_word' id='word_1_190' title='bbox 2720 1266 2974 1326; x_wconf 86' lang='lat' dir='ltr'><strong>tanquam</strong></span> <span class='ocrx_word' id='word_1_191' title='bbox 3002 1258 3242 1312; x_wconf 86' lang='lat' dir='ltr'><strong>divinum</strong></span> <span class='ocrx_word' id='word_1_192' title='bbox 3271 1259 3525 1328; x_wconf 89' lang='lat' dir='ltr'><strong>quiddam</strong></span> <span class='ocrx_word' id='word_1_193' title='bbox 3560 1269 3614 1312; x_wconf 89' lang='lat' dir='ltr'><strong>et</strong></span> 
     </span>
    </p>
   </div>
   <div class='ocr_carea' id='block_1_29' title="bbox 2041 1345 3603 1405">
    <p class='ocr_par' dir='ltr' id='par_1_29' title="bbox 2041 1345 3603 1405">
     <span class='ocr_line' id='line_1_29' title="bbox 2041 1345 3603 1405; baseline 0.002 -6"><span class='ocrx_word' id='word_1_194' title='bbox 2041 1345 2149 1400; x_wconf 78' lang='lat' dir='ltr'><strong>Deo</strong></span> <span class='ocrx_word' id='word_1_195' title='bbox 2177 1350 2490 1402; x_wconf 82' lang='lat' dir='ltr'><strong>meditatum</strong></span> <span class='ocrx_word' id='word_1_196' title='bbox 2520 1350 2804 1405; x_wconf 90' lang='lat' dir='ltr'><strong>horrentes</strong></span> <span class='ocrx_word' id='word_1_197' title='bbox 2827 1351 2986 1405; x_wconf 86' lang='lat' dir='ltr'><strong>simul</strong></span> <span class='ocrx_word' id='word_1_198' title='bbox 3005 1361 3056 1404; x_wconf 90' lang='lat' dir='ltr'><strong>ct</strong></span> <span class='ocrx_word' id='word_1_199' title='bbox 3079 1363 3300 1405; x_wconf 86' lang='lat' dir='ltr'><strong>aventes</strong></span> <span class='ocrx_word' id='word_1_200' title='bbox 3329 1351 3603 1404; x_wconf 84' lang='lat' dir='ltr'><strong>bibebant.</strong></span> 
     </span>
    </p>
   </div>
   <div class='ocr_carea' id='block_1_30' title="bbox 2109 1421 3616 1507">
    <p class='ocr_par' dir='ltr' id='par_1_30' title="bbox 2109 1421 3616 1507">
     <span class='ocr_line' id='line_1_30' title="bbox 2109 1421 3616 1507; baseline -0.003 -11"><span class='ocrx_word' id='word_1_201' title='bbox 2109 1435 2454 1507; x_wconf 80' lang='lat'><strong>300-301</strong></span> <span class='ocrx_word' id='word_1_202' title='bbox 2514 1440 2602 1491; x_wconf 73' lang='grc'>41.</span> <span class='ocrx_word' id='word_1_203' title='bbox 2656 1439 2805 1492; x_wconf 87' lang='lat' dir='ltr'><strong>Talia</strong></span> <span class='ocrx_word' id='word_1_204' title='bbox 2872 1453 2999 1492; x_wconf 89' lang='lat' dir='ltr'><strong>vero</strong></span> <span class='ocrx_word' id='word_1_205' title='bbox 3055 1448 3107 1493; x_wconf 92' lang='lat' dir='ltr'><strong>et</strong></span> <span class='ocrx_word' id='word_1_206' title='bbox 3161 1440 3263 1491; x_wconf 89' lang='lat' dir='ltr'><strong>alia</strong></span> <span class='ocrx_word' id='word_1_207' title='bbox 3315 1421 3616 1493; x_wconf 77' lang='lat' dir='ltr'><strong>conabatur</strong></span> 
     </span>
    </p>
   </div>
   <div class='ocr_carea' id='block_1_31' title="bbox 2039 1529 3617 1601">
    <p class='ocr_par' dir='ltr' id='par_1_31' title="bbox 2039 1529 3617 1601">
     <span class='ocr_line' id='line_1_31' title="bbox 2039 1529 3617 1601; baseline 0.002 -19"><span class='ocrx_word' id='word_1_208' title='bbox 2039 1530 2401 1598; x_wconf 76' lang='lat' dir='ltr'><strong>praestigiator</strong></span> <span class='ocrx_word' id='word_1_209' title='bbox 2437 1529 2525 1582; x_wconf 84' lang='lat' dir='ltr'><strong>ille</strong></span> <span class='ocrx_word' id='word_1_210' title='bbox 2577 1531 2774 1595; x_wconf 79' lang='lat' dir='ltr'><strong>facere,</strong></span> <span class='ocrx_word' id='word_1_211' title='bbox 2818 1542 3149 1601; x_wconf 84' lang='lat' dir='ltr'><strong>quapropter</strong></span> <span class='ocrx_word' id='word_1_212' title='bbox 3184 1531 3235 1584; x_wconf 89' lang='lat' dir='ltr'><strong>in</strong></span> <span class='ocrx_word' id='word_1_213' title='bbox 3264 1545 3449 1584; x_wconf 89' lang='lat' dir='ltr'><strong>eorum</strong></span> <span class='ocrx_word' id='word_1_214' title='bbox 3481 1544 3617 1599; x_wconf 87' lang='lat' dir='ltr'><strong>quos</strong></span> 
     </span>
    </p>
   </div>
   <div class='ocr_carea' id='block_1_32' title="bbox 2038 1619 3619 1693">
    <p class='ocr_par' dir='ltr' id='par_1_32' title="bbox 2038 1619 3619 1693">
     <span class='ocr_line' id='line_1_32' title="bbox 2038 1619 3619 1693; baseline 0.001 -20"><span class='ocrx_word' id='word_1_215' title='bbox 2038 1621 2247 1688; x_wconf 82' lang='lat' dir='ltr'><strong>decepit</strong></span> <span class='ocrx_word' id='word_1_216' title='bbox 2282 1619 2644 1674; x_wconf 80' lang='lat' dir='ltr'><strong>admiratione</strong></span> <span class='ocrx_word' id='word_1_217' title='bbox 2679 1631 2816 1688; x_wconf 92' lang='lat' dir='ltr'><strong>crat,</strong></span> <span class='ocrx_word' id='word_1_218' title='bbox 2862 1633 2915 1675; x_wconf 91' lang='lat' dir='ltr'><strong>et</strong></span> <span class='ocrx_word' id='word_1_219' title='bbox 2945 1623 3235 1693; x_wconf 83' lang='lat' dir='ltr'><strong>aliquando</strong></span> <span class='ocrx_word' id='word_1_220' title='bbox 3281 1622 3395 1689; x_wconf 90' lang='lat' dir='ltr'><strong>ipse</strong></span> <span class='ocrx_word' id='word_1_221' title='bbox 3429 1621 3619 1675; x_wconf 86' lang='lat' dir='ltr'><strong>crede-</strong></span> 
     </span>
    </p>
   </div>
   <div class='ocr_carea' id='block_1_33' title="bbox 2042 1711 3617 1780">
    <p class='ocr_par' dir='ltr' id='par_1_33' title="bbox 2042 1711 3617 1780">
     <span class='ocr_line' id='line_1_33' title="bbox 2042 1711 3617 1780; baseline 0 -16"><span class='ocrx_word' id='word_1_222' title='bbox 2042 1712 2202 1765; x_wconf 88' lang='lat' dir='ltr'><strong>batur</strong></span> <span class='ocrx_word' id='word_1_223' title='bbox 2246 1711 2552 1774; x_wconf 87' lang='lat' dir='ltr'><strong>vaticinari,</strong></span> <span class='ocrx_word' id='word_1_224' title='bbox 2611 1712 2900 1780; x_wconf 78' lang='lat' dir='ltr'><strong>aliquando</strong></span> <span class='ocrx_word' id='word_1_225' title='bbox 2952 1723 3130 1766; x_wconf 88' lang='lat' dir='ltr'><strong>autem</strong></span> <span class='ocrx_word' id='word_1_226' title='bbox 3177 1723 3230 1767; x_wconf 89' lang='lat' dir='ltr'><strong>et</strong></span> <span class='ocrx_word' id='word_1_227' title='bbox 3277 1711 3412 1766; x_wconf 89' lang='lat' dir='ltr'><strong>alios</strong></span> <span class='ocrx_word' id='word_1_228' title='bbox 3458 1711 3617 1766; x_wconf 88' lang='lat' dir='ltr'><strong>insti-</strong></span> 
     </span>
    </p>
   </div>
   <div class='ocr_carea' id='block_1_34' title="bbox 369 1796 1947 1879">
    <p class='ocr_par' dir='ltr' id='par_1_34' title="bbox 369 1805 1937 1879">
     <span class='ocr_line' id='line_1_34' title="bbox 369 1805 1937 1879; baseline 0.003 -22"><span class='ocrx_word' id='word_1_229' title='bbox 369 1805 629 1875; x_wconf 76' lang='grc' dir='ltr'>ἐνεργῶν,</span> <span class='ocrx_word' id='word_1_230' title='bbox 675 1806 764 1858; x_wconf 85' lang='grc' dir='ltr'>ὅτε</span> <span class='ocrx_word' id='word_1_231' title='bbox 812 1806 868 1857; x_wconf 85' lang='grc' dir='ltr'>δὲ</span> <span class='ocrx_word' id='word_1_232' title='bbox 918 1807 1012 1860; x_wconf 71' lang='grc' dir='ltr'><strong>καὶ</strong></span> <span class='ocrx_word' id='word_1_233' title='bbox 1045 1805 1329 1870; x_wconf 80' lang='grc' dir='ltr'>”κυϐεύων,</span> <span class='ocrx_word' id='word_1_234' title='bbox 1391 1808 1400 1878; x_wconf 95' lang='lat'>|</span> <span class='ocrx_word' id='word_1_235' title='bbox 1471 1808 1545 1871; x_wconf 86' lang='grc' dir='ltr'>ὡς</span> <span class='ocrx_word' id='word_1_236' title='bbox 1584 1809 1937 1879; x_wconf 84' lang='grc' dir='ltr'>προείπομεν.</span> 
     </span>
    </p>
   </div>
   <div class='ocr_carea' id='block_1_35' title="bbox 2051 1796 3616 1879">
    <p class='ocr_par' dir='ltr' id='par_1_35' title="bbox 2051 1803 3616 1873">
     <span class='ocr_line' id='line_1_35' title="bbox 2051 1803 3616 1873; baseline 0 -16"><span class='ocrx_word' id='word_1_237' title='bbox 2051 1804 2251 1868; x_wconf 79' lang='lat' dir='ltr'><strong>luebat,</strong></span> <span class='ocrx_word' id='word_1_238' title='bbox 2321 1819 2442 1857; x_wconf 90' lang='lat' dir='ltr'><strong>cum</strong></span> <span class='ocrx_word' id='word_1_239' title='bbox 2500 1811 2610 1856; x_wconf 90' lang='lat' dir='ltr'><strong>tum</strong></span> <span class='ocrx_word' id='word_1_240' title='bbox 2665 1819 2759 1871; x_wconf 85' lang='lat' dir='ltr'><strong>per</strong></span> <span class='ocrx_word' id='word_1_241' title='bbox 2807 1804 3077 1859; x_wconf 68' lang='lat' dir='ltr'><strong>dmmones</strong></span> <span class='ocrx_word' id='word_1_242' title='bbox 3129 1806 3242 1858; x_wconf 70' lang='lat' dir='ltr'><strong>hare</strong></span> <span class='ocrx_word' id='word_1_243' title='bbox 3307 1803 3616 1873; x_wconf 78' lang='lat' dir='ltr'><strong>peragebat,</strong></span> 
     </span>
    </p>
   </div>
   <div class='ocr_carea' id='block_1_36' title="bbox 368 1895 1942 1967">
    <p class='ocr_par' dir='ltr' id='par_1_36' title="bbox 368 1895 1942 1967">
     <span class='ocr_line' id='line_1_36' title="bbox 368 1895 1942 1967; baseline 0.003 -19"><span class='ocrx_word' id='word_1_244' title='bbox 368 1895 603 1959; x_wconf 77' lang='grc' dir='ltr'>Πολλοὺς</span> <span class='ocrx_word' id='word_1_245' title='bbox 633 1896 680 1928; x_wconf 78' lang='grc' dir='ltr'><strong><em>⁸ο</em></strong></span> <span class='ocrx_word' id='word_1_246' title='bbox 710 1896 886 1951; x_wconf 87' lang='grc' dir='ltr'>τοίνυν</span> <span class='ocrx_word' id='word_1_247' title='bbox 914 1897 1264 1967; x_wconf 80' lang='grc' dir='ltr'>ἐξαφανίσας,</span> <span class='ocrx_word' id='word_1_248' title='bbox 1290 1900 1384 1952; x_wconf 70' lang='grc' dir='ltr'>καὶ</span> <span class='ocrx_word' id='word_1_249' title='bbox 1414 1899 1641 1963; x_wconf 80' lang='grc' dir='ltr'>πολλοὺς</span> <span class='ocrx_word' id='word_1_250' title='bbox 1668 1900 1942 1964; x_wconf 79' lang='grc' dir='ltr'>τοιούτους</span> 
     </span>
    </p>
   </div>
   <div class='ocr_carea' id='block_1_37' title="bbox 373 1987 1944 2060">
    <p class='ocr_par' dir='ltr' id='par_1_37' title="bbox 373 1987 1944 2060">
     <span class='ocr_line' id='line_1_37' title="bbox 373 1987 1944 2060; baseline 0.004 -20"><span class='ocrx_word' id='word_1_251' title='bbox 373 1987 620 2058; x_wconf 75' lang='grc' dir='ltr'>μαθητάς</span> <span class='ocrx_word' id='word_1_252' title='bbox 686 1988 850 2041; x_wconf 77' lang='grc' dir='ltr'>αὐτοῦ</span> <span class='ocrx_word' id='word_1_253' title='bbox 903 1989 1228 2059; x_wconf 87' lang='grc' dir='ltr'>γενομένους</span> <span class='ocrx_word' id='word_1_254' title='bbox 1280 1990 1640 2060; x_wconf 83' lang='grc' dir='ltr'>προεϐίϐασεν</span> <span class='ocrx_word' id='word_1_255' title='bbox 1689 1992 1944 2056; x_wconf 77' lang='grc' dir='ltr'>εὐκόλους</span> 
     </span>
    </p>
   </div>
   <div class='ocr_carea' id='block_1_38' title="bbox 374 2075 1944 2152">
    <p class='ocr_par' dir='ltr' id='par_1_38' title="bbox 374 2075 1944 2152">
     <span class='ocr_line' id='line_1_38' title="bbox 374 2075 1944 2152; baseline 0.003 -20"><span class='ocrx_word' id='word_1_256' title='bbox 374 2079 472 2148; x_wconf 86' lang='grc' dir='ltr'><strong>μὲν</strong></span> <span class='ocrx_word' id='word_1_257' title='bbox 504 2075 644 2131; x_wconf 71' lang='grc' dir='ltr'>εἶναι</span> <span class='ocrx_word' id='word_1_258' title='bbox 687 2079 900 2142; x_wconf 79' lang='grc' dir='ltr'>διδάξας</span> <span class='ocrx_word' id='word_1_259' title='bbox 932 2081 1067 2151; x_wconf 87' lang='grc' dir='ltr'>πρὸς</span> <span class='ocrx_word' id='word_1_260' title='bbox 1115 2080 1174 2133; x_wconf 88' lang='lat' dir='ltr'><strong>rb</strong></span> <span class='ocrx_word' id='word_1_261' title='bbox 1217 2081 1572 2152; x_wconf 82' lang='grc' dir='ltr'>ἁμαρτάνειν,</span> <span class='ocrx_word' id='word_1_262' title='bbox 1628 2083 1944 2146; x_wconf 75' lang='grc' dir='ltr'>ἀκινδύνους</span> 
     </span>
    </p>
   </div>
   <div class='ocr_carea' id='block_1_39' title="bbox 370 2168 1943 2245">
    <p class='ocr_par' dir='ltr' id='par_1_39' title="bbox 370 2168 1943 2245">
     <span class='ocr_line' id='line_1_39' title="bbox 370 2168 1943 2245; baseline 0 -18"><span class='ocrx_word' id='word_1_263' title='bbox 370 2174 425 2227; x_wconf 80' lang='grc' dir='ltr'>δὲ</span> <span class='ocrx_word' id='word_1_264' title='bbox 457 2172 545 2225; x_wconf 87' lang='grc' dir='ltr'><strong>διά</strong></span> <span class='ocrx_word' id='word_1_265' title='bbox 576 2172 636 2224; x_wconf 84' lang='lat' dir='ltr'><strong>rb</strong></span> <span class='ocrx_word' id='word_1_266' title='bbox 659 2168 793 2225; x_wconf 75' lang='grc' dir='ltr'>εἶναι</span> <span class='ocrx_word' id='word_1_267' title='bbox 815 2172 859 2203; x_wconf 74' lang='grc'><strong>⁸⁸</strong></span> <span class='ocrx_word' id='word_1_268' title='bbox 891 2172 992 2240; x_wconf 80' lang='grc' dir='ltr'><strong>τῆς</strong></span> <span class='ocrx_word' id='word_1_269' title='bbox 1023 2172 1234 2234; x_wconf 84' lang='grc' dir='ltr'>τελείας</span> <span class='ocrx_word' id='word_1_270' title='bbox 1263 2173 1542 2244; x_wconf 76' lang='grc' dir='ltr'>δυνάμεως</span> <span class='ocrx_word' id='word_1_271' title='bbox 1569 2175 1663 2226; x_wconf 78' lang='grc' dir='ltr'><strong>καὶ</strong></span> <span class='ocrx_word' id='word_1_272' title='bbox 1700 2175 1943 2245; x_wconf 81' lang='grc' dir='ltr'>μετέχειν</span> 
     </span>
    </p>
   </div>
   <div class='ocr_carea' id='block_1_40' title="bbox 296 2256 1945 2332">
    <p class='ocr_par' dir='ltr' id='par_1_40' title="bbox 296 2256 1945 2332">
     <span class='ocr_line' id='line_1_40' title="bbox 296 2256 1945 2332; baseline 0 -18"><span class='ocrx_word' id='word_1_273' title='bbox 296 2289 300 2292; x_wconf 94' lang='grc'><strong><em>-</em></strong></span> <span class='ocrx_word' id='word_1_274' title='bbox 370 2265 468 2332; x_wconf 71' lang='grc' dir='ltr'><strong>τῆς</strong></span> <span class='ocrx_word' id='word_1_275' title='bbox 497 2263 814 2332; x_wconf 76' lang='grc' dir='ltr'>ἀνεννοήτου</span> <span class='ocrx_word' id='word_1_276' title='bbox 852 2261 1098 2326; x_wconf 77' lang='grc' dir='ltr'>ἐξουσίας</span> <span class='ocrx_word' id='word_1_277' title='bbox 1119 2279 1131 2292; x_wconf 88' lang='grc'><strong>·</strong></span> <span class='ocrx_word' id='word_1_278' title='bbox 1171 2256 1252 2324; x_wconf 74' lang='grc' dir='ltr'>οἷς</span> <span class='ocrx_word' id='word_1_279' title='bbox 1282 2262 1374 2314; x_wconf 76' lang='grc' dir='ltr'>καὶ</span> <span class='ocrx_word' id='word_1_280' title='bbox 1407 2263 1542 2331; x_wconf 84' lang='grc' dir='ltr'><strong>μετά</strong></span> <span class='ocrx_word' id='word_1_281' title='bbox 1568 2262 1630 2315; x_wconf 84' lang='lat' dir='ltr'><strong>rb</strong></span> <span class='ocrx_word' id='word_1_282' title='bbox 1662 2263 1945 2332; x_wconf 75' lang='grc' dir='ltr'>βάπτισμα</span> 
     </span>
    </p>
   </div>
   <div class='ocr_carea' id='block_1_41' title="bbox 371 2350 1941 2423">
    <p class='ocr_par' dir='ltr' id='par_1_41' title="bbox 371 2350 1941 2423">
     <span class='ocr_line' id='line_1_41' title="bbox 371 2350 1941 2423; baseline 0.002 -18"><span class='ocrx_word' id='word_1_283' title='bbox 371 2353 557 2423; x_wconf 72' lang='grc' dir='ltr'>ἓτερον</span> <span class='ocrx_word' id='word_1_284' title='bbox 603 2350 1058 2420; x_wconf 86' lang='grc' dir='ltr'>ἐπαγγέλλονται,</span> <span class='ocrx_word' id='word_1_285' title='bbox 1111 2351 1140 2404; x_wconf 84' lang='grc' dir='ltr'><strong>ὃ</strong></span> <span class='ocrx_word' id='word_1_286' title='bbox 1192 2352 1445 2406; x_wconf 72' lang='grc' dir='ltr'>καλοῦσιν</span> <span class='ocrx_word' id='word_1_287' title='bbox 1501 2354 1941 2421; x_wconf 82' lang='grc' dir='ltr'>ἀπολύτρωσιν,</span> 
     </span>
    </p>
   </div>
   <div class='ocr_carea' id='block_1_42' title="bbox 373 2442 1942 2513">
    <p class='ocr_par' dir='ltr' id='par_1_42' title="bbox 373 2442 1942 2513">
     <span class='ocr_line' id='line_1_42' title="bbox 373 2442 1942 2513; baseline 0.001 -16"><span class='ocrx_word' id='word_1_288' title='bbox 373 2447 467 2497; x_wconf 74' lang='grc' dir='ltr'>καὶ</span> <span class='ocrx_word' id='word_1_289' title='bbox 485 2447 541 2497; x_wconf 81' lang='grc' dir='ltr'><strong>ἐν</strong></span> <span class='ocrx_word' id='word_1_290' title='bbox 570 2442 1202 2513; x_wconf 78' lang='grc' dir='ltr'>τούτῳ-ἀναστρέφοντες</span> <span class='ocrx_word' id='word_1_291' title='bbox 1236 2443 1422 2507; x_wconf 84' lang='grc' dir='ltr'>κακῶς</span> <span class='ocrx_word' id='word_1_292' title='bbox 1450 2445 1574 2506; x_wconf 82' lang='grc' dir='ltr'>τοὺς</span> <span class='ocrx_word' id='word_1_293' title='bbox 1615 2444 1797 2507; x_wconf 79' lang='grc' dir='ltr'>αὐτοῖς</span> <span class='ocrx_word' id='word_1_294' title='bbox 1837 2462 1942 2498; x_wconf 87' lang='grc' dir='ltr'>πα-</span> 
     </span>
    </p>
   </div>
   <div class='ocr_carea' id='block_1_43' title="bbox 376 2534 1946 2613">
    <p class='ocr_par' dir='ltr' id='par_1_43' title="bbox 376 2534 1946 2613">
     <span class='ocr_line' id='line_1_43' title="bbox 376 2534 1946 2613; baseline 0.001 -25"><span class='ocrx_word' id='word_1_295' title='bbox 376 2537 705 2608; x_wconf 75' lang='grc' dir='ltr'>ραμένοντας</span> <span class='ocrx_word' id='word_1_296' title='bbox 737 2534 824 2587; x_wconf 81' lang='grc' dir='ltr'>ἐπ’</span> <span class='ocrx_word' id='word_1_297' title='bbox 854 2535 1028 2587; x_wconf 81' lang='grc' dir='ltr'>ἐλπίδι</span> <span class='ocrx_word' id='word_1_298' title='bbox 1066 2535 1162 2605; x_wconf 79' lang='grc' dir='ltr'>τῆς</span> <span class='ocrx_word' id='word_1_299' title='bbox 1189 2535 1641 2613; x_wconf 78' lang='grc' dir='ltr'>ἀπολυτρώσεως,</span> <span class='ocrx_word' id='word_1_300' title='bbox 1672 2535 1748 2599; x_wconf 83' lang='grc' dir='ltr'>ὡς</span> <span class='ocrx_word' id='word_1_301' title='bbox 1771 2537 1815 2569; x_wconf 74' lang='grc' dir='ltr'><strong>δ’</strong></span> <span class='ocrx_word' id='word_1_302' title='bbox 1853 2537 1946 2590; x_wconf 83' lang='grc' dir='ltr'>δυ-</span> 
     </span>
    </p>
   </div>
   <div class='ocr_carea' id='block_1_44' title="bbox 373 2627 1946 2698">
    <p class='ocr_par' dir='ltr' id='par_1_44' title="bbox 373 2627 1946 2698">
     <span class='ocr_line' id='line_1_44' title="bbox 373 2627 1946 2698; baseline 0 -16"><span class='ocrx_word' id='word_1_303' title='bbox 373 2629 640 2698; x_wconf 83' lang='grc' dir='ltr'>ναμένους</span> <span class='ocrx_word' id='word_1_304' title='bbox 690 2628 828 2698; x_wconf 89' lang='grc' dir='ltr'><strong>μετά</strong></span> <span class='ocrx_word' id='word_1_305' title='bbox 857 2627 919 2680; x_wconf 90' lang='lat' dir='ltr'><strong>rb</strong></span> <span class='ocrx_word' id='word_1_306' title='bbox 947 2627 1095 2693; x_wconf 74' lang='grc' dir='ltr'>ἅπαξ</span> <span class='ocrx_word' id='word_1_307' title='bbox 1141 2627 1535 2697; x_wconf 82' lang='grc' dir='ltr'>βαπτισθέντας</span> <span class='ocrx_word' id='word_1_308' title='bbox 1575 2628 1737 2683; x_wconf 88' lang='grc' dir='ltr'>πάλιν</span> <span class='ocrx_word' id='word_1_309' title='bbox 1768 2630 1814 2661; x_wconf 82' lang='grc'><strong>⁵³</strong></span> <span class='ocrx_word' id='word_1_310' title='bbox 1852 2647 1946 2683; x_wconf 91' lang='grc' dir='ltr'>τυ-</span> 
     </span>
    </p>
   </div>
   <div class='ocr_carea' id='block_1_45' title="bbox 377 2713 1947 2792">
    <p class='ocr_par' dir='ltr' id='par_1_45' title="bbox 377 2713 1947 2792">
     <span class='ocr_line' id='line_1_45' title="bbox 377 2713 1947 2792; baseline 0.003 -22"><span class='ocrx_word' id='word_1_311' title='bbox 377 2721 491 2788; x_wconf 84' lang='grc' dir='ltr'>χεῖν</span> <span class='ocrx_word' id='word_1_312' title='bbox 537 2720 801 2787; x_wconf 77' lang='grc' dir='ltr'>ἀφέσεως,</span> <span class='ocrx_word' id='word_1_313' title='bbox 853 2718 941 2772; x_wconf 86' lang='grc' dir='ltr'><strong>διὰ</strong></span> <span class='ocrx_word' id='word_1_314' title='bbox 987 2718 1081 2772; x_wconf 79' lang='grc' dir='ltr'>τοῦ</span> <span class='ocrx_word' id='word_1_315' title='bbox 1105 2720 1152 2751; x_wconf 69' lang='grc'><strong>⁸⁵</strong></span> <span class='ocrx_word' id='word_1_316' title='bbox 1198 2718 1440 2772; x_wconf 91' lang='grc' dir='ltr'>τοιούτου</span> <span class='ocrx_word' id='word_1_317' title='bbox 1487 2713 1947 2792; x_wconf 78' lang='grc' dir='ltr'>πανουργήματος</span> 
     </span>
    </p>
   </div>
   <div class='ocr_carea' id='block_1_46' title="bbox 380 2808 1947 2882">
    <p class='ocr_par' dir='ltr' id='par_1_46' title="bbox 380 2808 1947 2882">
     <span class='ocr_line' id='line_1_46' title="bbox 380 2808 1947 2882; baseline 0.004 -23"><span class='ocrx_word' id='word_1_318' title='bbox 380 2809 620 2878; x_wconf 85' lang='grc' dir='ltr'>συνέχειν</span> <span class='ocrx_word' id='word_1_319' title='bbox 649 2808 862 2862; x_wconf 81' lang='grc' dir='ltr'>δοκοῦσι</span> <span class='ocrx_word' id='word_1_320' title='bbox 895 2809 1020 2872; x_wconf 81' lang='grc' dir='ltr'>τοὺς</span> <span class='ocrx_word' id='word_1_321' title='bbox 1050 2810 1323 2880; x_wconf 79' lang='grc' dir='ltr'>ἀκροατὰς</span> <span class='ocrx_word' id='word_1_322' title='bbox 1343 2851 1356 2875; x_wconf 92' lang='grc'><strong>,</strong></span> <span class='ocrx_word' id='word_1_323' title='bbox 1387 2809 1476 2874; x_wconf 79' lang='grc' dir='ltr'><strong>οὓς</strong></span> <span class='ocrx_word' id='word_1_324' title='bbox 1515 2811 1650 2864; x_wconf 80' lang='grc' dir='ltr'>ἐπὰν</span> <span class='ocrx_word' id='word_1_325' title='bbox 1685 2811 1947 2882; x_wconf 85' lang='grc' dir='ltr'>νομίσωσι</span> 
     </span>
    </p>
   </div>
   <div class='ocr_carea' id='block_1_47' title="bbox 381 2899 1948 2970">
    <p class='ocr_par' dir='ltr' id='par_1_47' title="bbox 381 2899 1948 2970">
     <span class='ocr_line' id='line_1_47' title="bbox 381 2899 1948 2970; baseline 0.002 -19"><span class='ocrx_word' id='word_1_326' title='bbox 381 2899 756 2968; x_wconf 82' lang='grc' dir='ltr'>δεδοκιμάσθαι</span> <span class='ocrx_word' id='word_1_327' title='bbox 789 2900 881 2952; x_wconf 78' lang='grc' dir='ltr'><strong>καὶ</strong></span> <span class='ocrx_word' id='word_1_328' title='bbox 909 2900 1167 2953; x_wconf 87' lang='grc' dir='ltr'>δύνασθαι</span> <span class='ocrx_word' id='word_1_329' title='bbox 1213 2901 1506 2970; x_wconf 82' lang='grc' dir='ltr'>φυλάσσειν</span> <span class='ocrx_word' id='word_1_330' title='bbox 1544 2901 1725 2964; x_wconf 80' lang='grc' dir='ltr'>αὐτοῖς</span> <span class='ocrx_word' id='word_1_331' title='bbox 1757 2900 1828 2953; x_wconf 84' lang='grc' dir='ltr'>τὰ</span> <span class='ocrx_word' id='word_1_332' title='bbox 1858 2918 1948 2954; x_wconf 84' lang='grc' dir='ltr'>πι-</span> 
     </span>
    </p>
   </div>
   <div class='ocr_carea' id='block_1_48' title="bbox 383 2991 1964 3064">
    <p class='ocr_par' dir='ltr' id='par_1_48' title="bbox 383 2991 1964 3064">
     <span class='ocr_line' id='line_1_48' title="bbox 383 2991 1964 3064; baseline 0.001 -20"><span class='ocrx_word' id='word_1_333' title='bbox 383 2991 506 3057; x_wconf 76' lang='grc' dir='ltr'>στὰ,</span> <span class='ocrx_word' id='word_1_334' title='bbox 534 2992 650 3045; x_wconf 85' lang='grc' dir='ltr'>τότε</span> <span class='ocrx_word' id='word_1_335' title='bbox 682 2993 773 3045; x_wconf 78' lang='grc' dir='ltr'>ἐπὶ</span> <span class='ocrx_word' id='word_1_336' title='bbox 801 2992 958 3046; x_wconf 78' lang='grc' dir='ltr'>τοῦτο</span> <span class='ocrx_word' id='word_1_337' title='bbox 981 2993 1172 3062; x_wconf 77' lang='grc' dir='ltr'>ἄγουσι</span> <span class='ocrx_word' id='word_1_338' title='bbox 1203 2994 1336 3064; x_wconf 87' lang='grc' dir='ltr'><strong>μηδέ</strong></span> <span class='ocrx_word' id='word_1_339' title='bbox 1361 2993 1534 3063; x_wconf 79' lang='grc' dir='ltr'>τούτῳ</span> <span class='ocrx_word' id='word_1_340' title='bbox 1563 2994 1708 3064; x_wconf 79' lang='grc' dir='ltr'>μόνῳ</span> <span class='ocrx_word' id='word_1_341' title='bbox 1747 2992 1964 3062; x_wconf 59' lang='grc' dir='ltr'>ἀρκούι.</span> 
     </span>
    </p>
   </div>
   <div class='ocr_carea' id='block_1_49' title="bbox 381 3083 1950 3155">
    <p class='ocr_par' dir='ltr' id='par_1_49' title="bbox 381 3083 1950 3155">
     <span class='ocr_line' id='line_1_49' title="bbox 381 3083 1950 3155; baseline 0.002 -22"><span class='ocrx_word' id='word_1_342' title='bbox 381 3099 554 3152; x_wconf 85' lang='grc' dir='ltr'>μενοι,</span> <span class='ocrx_word' id='word_1_343' title='bbox 584 3083 720 3136; x_wconf 85' lang='grc' dir='ltr'><strong>ἀλλά</strong></span> <span class='ocrx_word' id='word_1_344' title='bbox 743 3084 836 3136; x_wconf 71' lang='grc' dir='ltr'><strong>καὶ</strong></span> <span class='ocrx_word' id='word_1_345' title='bbox 874 3084 1060 3153; x_wconf 81' lang='grc' dir='ltr'>ἐτερόν</span> <span class='ocrx_word' id='word_1_346' title='bbox 1084 3101 1137 3136; x_wconf 89' lang='grc' dir='ltr'><strong>τι</strong></span> <span class='ocrx_word' id='word_1_347' title='bbox 1167 3084 1626 3155; x_wconf 81' lang='grc' dir='ltr'>ἐπαγγελλόμενοι</span> <span class='ocrx_word' id='word_1_348' title='bbox 1654 3086 1700 3116; x_wconf 82' lang='grc'>⁸⁵</span> <span class='ocrx_word' id='word_1_349' title='bbox 1729 3085 1866 3154; x_wconf 81' lang='grc' dir='ltr'>πρὸς</span> <span class='ocrx_word' id='word_1_350' title='bbox 1890 3083 1950 3137; x_wconf 86' lang='lat' dir='ltr'><strong>rb</strong></span> 
     </span>
    </p>
   </div>
   <div class='ocr_carea' id='block_1_50' title="bbox 379 3170 1946 3248">
    <p class='ocr_par' dir='ltr' id='par_1_50' title="bbox 379 3170 1946 3248">
     <span class='ocr_line' id='line_1_50' title="bbox 379 3170 1946 3248; baseline 0.003 -23"><span class='ocrx_word' id='word_1_351' title='bbox 379 3175 706 3243; x_wconf 86' lang='grc' dir='ltr'>συγκρατεῖν</span> <span class='ocrx_word' id='word_1_352' title='bbox 737 3175 933 3236; x_wconf 78' lang='grc' dir='ltr'>αὐτοὺς</span> <span class='ocrx_word' id='word_1_353' title='bbox 971 3178 1038 3246; x_wconf 78' lang='grc' dir='ltr'>τῇ</span> <span class='ocrx_word' id='word_1_354' title='bbox 1077 3175 1283 3240; x_wconf 80' lang='grc' dir='ltr'>ἐλπίδι,</span> <span class='ocrx_word' id='word_1_355' title='bbox 1315 3177 1463 3239; x_wconf 78' lang='grc' dir='ltr'>ὅπως</span> <span class='ocrx_word' id='word_1_356' title='bbox 1503 3176 1794 3248; x_wconf 80' lang='grc' dir='ltr'>ἀχώριστοι</span> <span class='ocrx_word' id='word_1_357' title='bbox 1825 3170 1946 3230; x_wconf 76' lang='grc' dir='ltr'>ὦσι.</span> 
     </span>
    </p>
   </div>
   <div class='ocr_carea' id='block_1_51' title="bbox 377 3266 1952 3340">
    <p class='ocr_par' dir='ltr' id='par_1_51' title="bbox 377 3266 1952 3340">
     <span class='ocr_line' id='line_1_51' title="bbox 377 3266 1952 3340; baseline 0.001 -22"><span class='ocrx_word' id='word_1_358' title='bbox 377 3266 609 3334; x_wconf 76' lang='grc' dir='ltr'>Λέγουσι</span> <span class='ocrx_word' id='word_1_359' title='bbox 639 3267 746 3336; x_wconf 84' lang='grc' dir='ltr'><strong>γάρ</strong></span> <span class='ocrx_word' id='word_1_360' title='bbox 773 3284 825 3319; x_wconf 89' lang='grc' dir='ltr'><strong>τι</strong></span> <span class='ocrx_word' id='word_1_361' title='bbox 855 3269 1004 3338; x_wconf 80' lang='grc' dir='ltr'>φωνῇ</span> <span class='ocrx_word' id='word_1_362' title='bbox 1038 3269 1289 3339; x_wconf 75' lang='grc' dir='ltr'>ἀρρήτῳ,</span> <span class='ocrx_word' id='word_1_363' title='bbox 1320 3269 1650 3331; x_wconf 79' lang='grc' dir='ltr'>ἐπιτιθέντες</span> <span class='ocrx_word' id='word_1_364' title='bbox 1690 3272 1847 3339; x_wconf 87' lang='grc' dir='ltr'>χεῖρα</span> <span class='ocrx_word' id='word_1_365' title='bbox 1877 3269 1952 3340; x_wconf 80' lang='grc' dir='ltr'>τῷ</span> 
     </span>
    </p>
   </div>
   <div class='ocr_carea' id='block_1_52' title="bbox 375 3348 1952 3428">
    <p class='ocr_par' dir='ltr' id='par_1_52' title="bbox 375 3348 1952 3428">
     <span class='ocr_line' id='line_1_52' title="bbox 375 3348 1952 3428; baseline 0.003 -20"><span class='ocrx_word' id='word_1_366' title='bbox 375 3356 475 3425; x_wconf 77' lang='grc' dir='ltr'>τὴν</span> <span class='ocrx_word' id='word_1_367' title='bbox 504 3357 878 3427; x_wconf 82' lang='grc' dir='ltr'>ἀπολύτρωσιν</span> <span class='ocrx_word' id='word_1_368' title='bbox 906 3348 1146 3425; x_wconf 87' lang='grc' dir='ltr'>λαϐόντι,</span> <span class='ocrx_word' id='word_1_369' title='bbox 1189 3359 1216 3412; x_wconf 86' lang='grc' dir='ltr'>ὃ</span> <span class='ocrx_word' id='word_1_370' title='bbox 1256 3363 1558 3428; x_wconf 85' lang='grc' dir='ltr'>φάσκουσιν</span> <span class='ocrx_word' id='word_1_371' title='bbox 1583 3359 1818 3424; x_wconf 81' lang='grc' dir='ltr'>ἐξειπεῖν</span> <span class='ocrx_word' id='word_1_372' title='bbox 1861 3361 1952 3412; x_wconf 86' lang='grc' dir='ltr'>εύ-</span> 
     </span>
    </p>
   </div>
   <div class='ocr_carea' id='block_1_53' title="bbox 379 3446 1952 3522">
    <p class='ocr_par' dir='ltr' id='par_1_53' title="bbox 379 3446 1952 3522">
     <span class='ocr_line' id='line_1_53' title="bbox 379 3446 1952 3522; baseline 0.003 -24"><span class='ocrx_word' id='word_1_373' title='bbox 379 3446 549 3511; x_wconf 83' lang='grc' dir='ltr'>κόλως</span> <span class='ocrx_word' id='word_1_374' title='bbox 589 3447 662 3518; x_wconf 80' lang='grc' dir='ltr'>μὴ</span> <span class='ocrx_word' id='word_1_375' title='bbox 708 3447 962 3501; x_wconf 86' lang='grc' dir='ltr'>δύνασθαι</span> <span class='ocrx_word' id='word_1_376' title='bbox 988 3492 1002 3515; x_wconf 95' lang='grc'><strong>,</strong></span> <span class='ocrx_word' id='word_1_377' title='bbox 1033 3451 1081 3502; x_wconf 89' lang='grc' dir='ltr'><strong>εί</strong></span> <span class='ocrx_word' id='word_1_378' title='bbox 1118 3450 1190 3521; x_wconf 81' lang='grc' dir='ltr'>μή</span> <span class='ocrx_word' id='word_1_379' title='bbox 1234 3468 1318 3513; x_wconf 89' lang='grc' dir='ltr'><strong>τις</strong></span> <span class='ocrx_word' id='word_1_380' title='bbox 1350 3451 1436 3522; x_wconf 72' lang='grc' dir='ltr'>εἴη</span> <span class='ocrx_word' id='word_1_381' title='bbox 1483 3451 1883 3522; x_wconf 83' lang='grc' dir='ltr'>ύπερδόκιμος,</span> <span class='ocrx_word' id='word_1_382' title='bbox 1919 3450 1952 3519; x_wconf 81' lang='grc' dir='ltr'><strong>ἢ</strong></span> 
     </span>
    </p>
   </div>
   <div class='ocr_carea' id='block_1_54' title="bbox 378 3537 1949 3611">
    <p class='ocr_par' dir='ltr' id='par_1_54' title="bbox 378 3537 1949 3611">
     <span class='ocr_line' id='line_1_54' title="bbox 378 3537 1949 3611; baseline 0.001 -19"><span class='ocrx_word' id='word_1_383' title='bbox 378 3539 466 3594; x_wconf 84' lang='grc' dir='ltr'>ὅτε</span> <span class='ocrx_word' id='word_1_384' title='bbox 511 3540 737 3611; x_wconf 81' lang='grc' dir='ltr'>τελευτᾷ</span> <span class='ocrx_word' id='word_1_385' title='bbox 779 3540 914 3608; x_wconf 79' lang='grc' dir='ltr'>πρὸς</span> <span class='ocrx_word' id='word_1_386' title='bbox 944 3541 1004 3594; x_wconf 89' lang='lat' dir='ltr'><strong>rb</strong></span> <span class='ocrx_word' id='word_1_387' title='bbox 1043 3537 1135 3604; x_wconf 74' lang='grc' dir='ltr'><strong>οὖς</strong></span> <span class='ocrx_word' id='word_1_388' title='bbox 1177 3541 1347 3595; x_wconf 84' lang='grc' dir='ltr'>ἐλθὼν</span> <span class='ocrx_word' id='word_1_389' title='bbox 1385 3542 1592 3610; x_wconf 88' lang='grc' dir='ltr'>λέγειὸ</span> <span class='ocrx_word' id='word_1_390' title='bbox 1634 3543 1949 3604; x_wconf 77' lang='grc' dir='ltr'>ἐπίσκοπος.</span> 
     </span>
    </p>
   </div>
   <div class='ocr_carea' id='block_1_55' title="bbox 381 3629 1955 3703">
    <p class='ocr_par' dir='ltr' id='par_1_55' title="bbox 381 3629 1955 3703">
     <span class='ocr_line' id='line_1_55' title="bbox 381 3629 1955 3703; baseline 0.002 -22"><span class='ocrx_word' id='word_1_391' title='bbox 381 3629 491 3681; x_wconf 72' lang='grc' dir='ltr'>Καὶ</span> <span class='ocrx_word' id='word_1_392' title='bbox 525 3629 682 3683; x_wconf 78' lang='grc' dir='ltr'>τοῦτο</span> <span class='ocrx_word' id='word_1_393' title='bbox 712 3630 768 3683; x_wconf 84' lang='grc' dir='ltr'>δὲ</span> <span class='ocrx_word' id='word_1_394' title='bbox 803 3632 1168 3703; x_wconf 79' lang='grc' dir='ltr'>πανούργημα</span> <span class='ocrx_word' id='word_1_395' title='bbox 1208 3633 1344 3703; x_wconf 75' lang='grc' dir='ltr'>πρὸς</span> <span class='ocrx_word' id='word_1_396' title='bbox 1391 3633 1450 3685; x_wconf 88' lang='grc' dir='ltr'><strong>τὸ</strong></span> <span class='ocrx_word' id='word_1_397' title='bbox 1492 3632 1582 3685; x_wconf 67' lang='grc' dir='ltr'><strong>ἀεὶ</strong></span> <span class='ocrx_word' id='word_1_398' title='bbox 1619 3634 1955 3703; x_wconf 82' lang='grc' dir='ltr'>παραμένειν</span> 
     </span>
    </p>
   </div>
   <div class='ocr_carea' id='block_1_56' title="bbox 380 3721 1956 3794">
    <p class='ocr_par' dir='ltr' id='par_1_56' title="bbox 380 3721 1956 3794">
     <span class='ocr_line' id='line_1_56' title="bbox 380 3721 1956 3794; baseline 0.001 -21"><span class='ocrx_word' id='word_1_399' title='bbox 380 3722 507 3783; x_wconf 76' lang='grc' dir='ltr'>τοὺς</span> <span class='ocrx_word' id='word_1_400' title='bbox 553 3721 802 3792; x_wconf 77' lang='grc' dir='ltr'>μαθητάς</span> <span class='ocrx_word' id='word_1_401' title='bbox 833 3723 909 3794; x_wconf 80' lang='grc' dir='ltr'>τῷ</span> <span class='ocrx_word' id='word_1_402' title='bbox 942 3724 1246 3794; x_wconf 85' lang='grc' dir='ltr'>ἐπισκόπῳ,</span> <span class='ocrx_word' id='word_1_403' title='bbox 1281 3723 1638 3793; x_wconf 78' lang='grc' dir='ltr'>γλιχομένους</span> <span class='ocrx_word' id='word_1_404' title='bbox 1670 3724 1859 3793; x_wconf 85' lang='grc' dir='ltr'>μαθεῖν</span> <span class='ocrx_word' id='word_1_405' title='bbox 1900 3724 1956 3775; x_wconf 83' lang='grc' dir='ltr'><strong>τὸ</strong></span> 
     </span>
    </p>
   </div>
   <div class='ocr_carea' id='block_1_57' title="bbox 381 3808 1955 3885">
    <p class='ocr_par' dir='ltr' id='par_1_57' title="bbox 381 3808 1955 3885">
     <span class='ocr_line' id='line_1_57' title="bbox 381 3808 1955 3885; baseline 0.002 -21"><span class='ocrx_word' id='word_1_406' title='bbox 381 3812 433 3865; x_wconf 90' lang='grc' dir='ltr'><strong>τί</strong></span> <span class='ocrx_word' id='word_1_407' title='bbox 482 3831 612 3866; x_wconf 83' lang='grc' dir='ltr'>ποτε</span> <span class='ocrx_word' id='word_1_408' title='bbox 653 3814 737 3884; x_wconf 81' lang='grc' dir='ltr'><strong>εἴη</strong></span> <span class='ocrx_word' id='word_1_409' title='bbox 785 3813 942 3868; x_wconf 72' lang='grc' dir='ltr'>τοῦτο</span> <span class='ocrx_word' id='word_1_410' title='bbox 1007 3815 1094 3867; x_wconf 84' lang='grc' dir='ltr'>ἐπ’</span> <span class='ocrx_word' id='word_1_411' title='bbox 1133 3815 1374 3885; x_wconf 77' lang='grc' dir='ltr'>ἐσχάτων</span> <span class='ocrx_word' id='word_1_412' title='bbox 1425 3813 1740 3884; x_wconf 77' lang='grc' dir='ltr'>λεγόμενον,</span> <span class='ocrx_word' id='word_1_413' title='bbox 1789 3813 1857 3867; x_wconf 81' lang='grc' dir='ltr'>δι’</span> <span class='ocrx_word' id='word_1_414' title='bbox 1895 3808 1955 3868; x_wconf 74' lang='grc' dir='ltr'>οὗ</span> 
     </span>
    </p>
   </div>
   <div class='ocr_carea' id='block_1_58' title="bbox 385 3905 1957 3978">
    <p class='ocr_par' dir='ltr' id='par_1_58' title="bbox 385 3905 1957 3978">
     <span class='ocr_line' id='line_1_58' title="bbox 385 3905 1957 3978; baseline 0.001 -20"><span class='ocrx_word' id='word_1_415' title='bbox 385 3905 536 3978; x_wconf 84' lang='grc' dir='ltr'>[τῶν]</span> <span class='ocrx_word' id='word_1_416' title='bbox 569 3907 614 3938; x_wconf 67' lang='grc'>⁸⁸</span> <span class='ocrx_word' id='word_1_417' title='bbox 644 3907 864 3960; x_wconf 86' lang='grc' dir='ltr'>τελείων</span> <span class='ocrx_word' id='word_1_418' title='bbox 908 3907 1062 3960; x_wconf 74' lang='grc' dir='ltr'>ἔσται</span> <span class='ocrx_word' id='word_1_419' title='bbox 1095 3909 1123 3960; x_wconf 88' lang='grc' dir='ltr'><strong>ό</strong></span> <span class='ocrx_word' id='word_1_420' title='bbox 1159 3906 1464 3978; x_wconf 75' lang='grc' dir='ltr'>μανθάνων·</span> <span class='ocrx_word' id='word_1_421' title='bbox 1505 3905 1541 3959; x_wconf 79' lang='grc' dir='ltr'>ἃ.</span> <span class='ocrx_word' id='word_1_422' title='bbox 1568 3905 1759 3961; x_wconf 87' lang='grc' dir='ltr'>τούτου</span> <span class='ocrx_word' id='word_1_423' title='bbox 1799 3905 1957 3976; x_wconf 78' lang='grc' dir='ltr'>χάριν</span> 
     </span>
    </p>
   </div>
   <div class='ocr_carea' id='block_1_59' title="bbox 383 3994 1957 4067">
    <p class='ocr_par' dir='ltr' id='par_1_59' title="bbox 383 3994 1957 4067">
     <span class='ocr_line' id='line_1_59' title="bbox 383 3994 1957 4067; baseline 0.001 -20"><span class='ocrx_word' id='word_1_424' title='bbox 383 3995 686 4066; x_wconf 80' lang='grc' dir='ltr'>ἐσιώπησα,</span> <span class='ocrx_word' id='word_1_425' title='bbox 722 4000 796 4067; x_wconf 82' lang='grc' dir='ltr'>μή</span> <span class='ocrx_word' id='word_1_426' title='bbox 831 3997 963 4050; x_wconf 85' lang='grc' dir='ltr'>ποτέ</span> <span class='ocrx_word' id='word_1_427' title='bbox 996 4015 1080 4060; x_wconf 91' lang='grc' dir='ltr'><strong>τις</strong></span> <span class='ocrx_word' id='word_1_428' title='bbox 1125 3994 1546 4066; x_wconf 77' lang='grc' dir='ltr'>κακοηθίζεσθαί</span> <span class='ocrx_word' id='word_1_429' title='bbox 1571 3997 1613 4026; x_wconf 81' lang='grc'><strong>³⁷</strong></span> <span class='ocrx_word' id='word_1_430' title='bbox 1660 3996 1957 4065; x_wconf 79' lang='grc' dir='ltr'>με-αύτοὺς</span> 
     </span>
    </p>
   </div>
   <div class='ocr_carea' id='block_1_60' title="bbox 383 4087 1960 4162">
    <p class='ocr_par' dir='ltr' id='par_1_60' title="bbox 383 4087 1960 4162">
     <span class='ocr_line' id='line_1_60' title="bbox 383 4087 1960 4162; baseline -0.001 -22"><span class='ocrx_word' id='word_1_431' title='bbox 383 4089 612 4162; x_wconf 79' lang='grc' dir='ltr'>νομίσῃ,</span> <span class='ocrx_word' id='word_1_432' title='bbox 642 4090 736 4142; x_wconf 76' lang='grc' dir='ltr'><strong>καὶ</strong></span> <span class='ocrx_word' id='word_1_433' title='bbox 767 4091 874 4160; x_wconf 73' lang='grc' dir='ltr'><strong>γὰρ</strong></span> <span class='ocrx_word' id='word_1_434' title='bbox 907 4090 966 4141; x_wconf 76' lang='grc' dir='ltr'>οὖ</span> <span class='ocrx_word' id='word_1_435' title='bbox 999 4089 1156 4142; x_wconf 78' lang='grc' dir='ltr'>τοῦτο</span> <span class='ocrx_word' id='word_1_436' title='bbox 1181 4091 1310 4159; x_wconf 77' lang='grc' dir='ltr'>ἡμῖν</span> <span class='ocrx_word' id='word_1_437' title='bbox 1339 4088 1654 4160; x_wconf 81' lang='grc' dir='ltr'>πρόκειται,</span> <span class='ocrx_word' id='word_1_438' title='bbox 1693 4087 1806 4140; x_wconf 87' lang='grc' dir='ltr'>ἀλλ’</span> <span class='ocrx_word' id='word_1_439' title='bbox 1835 4087 1868 4157; x_wconf 80' lang='grc' dir='ltr'>ἦ</span> <span class='ocrx_word' id='word_1_440' title='bbox 1901 4087 1960 4140; x_wconf 86' lang='grc' dir='ltr'><strong>τὸ</strong></span> 
     </span>
    </p>
   </div>
   <div class='ocr_carea' id='block_1_61' title="bbox 383 4179 1962 4253">
    <p class='ocr_par' dir='ltr' id='par_1_61' title="bbox 383 4179 1962 4253">
     <span class='ocr_line' id='line_1_61' title="bbox 383 4179 1962 4253; baseline -0.001 -19"><span class='ocrx_word' id='word_1_441' title='bbox 383 4180 585 4247; x_wconf 84' lang='grc' dir='ltr'>δεῖξαι,</span> <span class='ocrx_word' id='word_1_442' title='bbox 617 4181 738 4238; x_wconf 78' lang='grc' dir='ltr'>ὅθεν</span> <span class='ocrx_word' id='word_1_443' title='bbox 759 4181 856 4246; x_wconf 75' lang='grc' dir='ltr'><strong>τὰς</strong></span> <span class='ocrx_word' id='word_1_444' title='bbox 882 4182 1136 4253; x_wconf 77' lang='grc' dir='ltr'>ἀφορμὰς</span> <span class='ocrx_word' id='word_1_445' title='bbox 1162 4181 1416 4243; x_wconf 78' lang='grc' dir='ltr'>λαϐόντες</span> <span class='ocrx_word' id='word_1_446' title='bbox 1442 4181 1621 4244; x_wconf 72' lang='grc' dir='ltr'>αὐτοῖς</span> <span class='ocrx_word' id='word_1_447' title='bbox 1644 4179 1711 4232; x_wconf 85' lang='grc' dir='ltr'><strong>τά</strong></span> <span class='ocrx_word' id='word_1_448' title='bbox 1737 4179 1962 4246; x_wconf 74' lang='grc' dir='ltr'>δόξαντα</span> 
     </span>
    </p>
   </div>
   <div class='ocr_carea' id='block_1_62' title="bbox 387 4271 1496 4344">
    <p class='ocr_par' dir='ltr' id='par_1_62' title="bbox 387 4271 1496 4344">
     <span class='ocr_line' id='line_1_62' title="bbox 387 4271 1496 4344; baseline 0.004 -20"><span class='ocrx_word' id='word_1_449' title='bbox 387 4272 754 4344; x_wconf 78' lang='grc' dir='ltr'>ἐνεστήσαντο</span> <span class='ocrx_word' id='word_1_450' title='bbox 781 4274 846 4327; x_wconf 75' lang='grc'><strong>⁵³.</strong></span> <span class='ocrx_word' id='word_1_451' title='bbox 1494 4271 1496 4273; x_wconf 58' lang='grc'><em>’</em></span> 
     </span>
    </p>
   </div>
   <div class='ocr_carea' id='block_1_63' title="bbox 453 4450 1957 4525">
    <p class='ocr_par' dir='ltr' id='par_1_63' title="bbox 453 4450 1957 4525">
     <span class='ocr_line' id='line_1_63' title="bbox 453 4450 1957 4525; baseline -0.005 -17"><span class='ocrx_word' id='word_1_452' title='bbox 453 4454 556 4525; x_wconf 63' lang='grc' dir='ltr'>λξί.</span> <span class='ocrx_word' id='word_1_453' title='bbox 593 4455 705 4507; x_wconf 71' lang='grc' dir='ltr'><strong>Καὶ</strong></span> <span class='ocrx_word' id='word_1_454' title='bbox 747 4453 854 4522; x_wconf 73' lang='grc' dir='ltr'><strong>γὰρ</strong></span> <span class='ocrx_word' id='word_1_455' title='bbox 888 4451 984 4505; x_wconf 73' lang='grc' dir='ltr'>καὶ</span> <span class='ocrx_word' id='word_1_456' title='bbox 1011 4452 1038 4503; x_wconf 87' lang='grc' dir='ltr'>ὁ</span> <span class='ocrx_word' id='word_1_457' title='bbox 1071 4450 1336 4522; x_wconf 86' lang='grc' dir='ltr'>μακάριος</span> <span class='ocrx_word' id='word_1_458' title='bbox 1380 4450 1748 4521; x_wconf 81' lang='grc' dir='ltr'>πρεσϐύτερος</span> <span class='ocrx_word' id='word_1_459' title='bbox 1792 4451 1957 4521; x_wconf 84' lang='grc' dir='ltr'>Εἰρη-</span> 
     </span>
    </p>
   </div>
   <div class='ocr_carea' id='block_1_64' title="bbox 2048 1895 3618 1966">
    <p class='ocr_par' dir='ltr' id='par_1_64' title="bbox 2048 1895 3618 1966">
     <span class='ocr_line' id='line_1_64' title="bbox 2048 1895 3618 1966; baseline -0.001 -18"><span class='ocrx_word' id='word_1_460' title='bbox 2048 1906 2160 1949; x_wconf 91' lang='lat' dir='ltr'><strong>tum</strong></span> <span class='ocrx_word' id='word_1_461' title='bbox 2214 1910 2342 1949; x_wconf 88' lang='lat' dir='ltr'><strong>vero</strong></span> <span class='ocrx_word' id='word_1_462' title='bbox 2394 1904 2448 1948; x_wconf 84' lang='lat' dir='ltr'><strong>et</strong></span> <span class='ocrx_word' id='word_1_463' title='bbox 2495 1895 2806 1966; x_wconf 65' lang='lat' dir='ltr'><strong>praestigiis,</strong></span> <span class='ocrx_word' id='word_1_464' title='bbox 2876 1905 2932 1948; x_wconf 91' lang='lat' dir='ltr'><strong>ut</strong></span> <span class='ocrx_word' id='word_1_465' title='bbox 2991 1897 3359 1964; x_wconf 82' lang='lat' dir='ltr'><strong>praediximus.</strong></span> <span class='ocrx_word' id='word_1_466' title='bbox 3425 1895 3618 1948; x_wconf 82' lang='lat' dir='ltr'><strong>Multos</strong></span> 
     </span>
    </p>
   </div>
   <div class='ocr_carea' id='block_1_65' title="bbox 2046 1986 3616 2057">
    <p class='ocr_par' dir='ltr' id='par_1_65' title="bbox 2046 1986 3616 2057">
     <span class='ocr_line' id='line_1_65' title="bbox 2046 1986 3616 2057; baseline 0 -17"><span class='ocrx_word' id='word_1_467' title='bbox 2046 1987 2228 2054; x_wconf 81' lang='lat' dir='ltr'><strong>igitur,</strong></span> <span class='ocrx_word' id='word_1_468' title='bbox 2264 2000 2401 2054; x_wconf 87' lang='lat' dir='ltr'><strong>quos</strong></span> <span class='ocrx_word' id='word_1_469' title='bbox 2430 1986 2737 2056; x_wconf 81' lang='lat' dir='ltr'><strong>deceperat,</strong></span> <span class='ocrx_word' id='word_1_470' title='bbox 2767 1986 3073 2055; x_wconf 85' lang='lat' dir='ltr'><strong>multosque</strong></span> <span class='ocrx_word' id='word_1_471' title='bbox 3096 1989 3186 2057; x_wconf 87' lang='lat' dir='ltr'><strong>qui</strong></span> <span class='ocrx_word' id='word_1_472' title='bbox 3208 1988 3343 2041; x_wconf 82' lang='lat' dir='ltr'><strong>tales</strong></span> <span class='ocrx_word' id='word_1_473' title='bbox 3367 1987 3616 2056; x_wconf 88' lang='lat' dir='ltr'><strong>discipuli</strong></span> 
     </span>
    </p>
   </div>
   <div class='ocr_carea' id='block_1_66' title="bbox 2045 2078 3618 2149">
    <p class='ocr_par' dir='ltr' id='par_1_66' title="bbox 2045 2078 3618 2149">
     <span class='ocr_line' id='line_1_66' title="bbox 2045 2078 3618 2149; baseline 0.001 -17"><span class='ocrx_word' id='word_1_474' title='bbox 2045 2078 2162 2146; x_wconf 85' lang='lat' dir='ltr'><strong>ejus</strong></span> <span class='ocrx_word' id='word_1_475' title='bbox 2207 2079 2558 2143; x_wconf 76' lang='lat' dir='ltr'><strong>exstiterunt,</strong></span> <span class='ocrx_word' id='word_1_476' title='bbox 2605 2080 2956 2147; x_wconf 84' lang='lat' dir='ltr'><strong>promovebat</strong></span> <span class='ocrx_word' id='word_1_477' title='bbox 2985 2094 3186 2149; x_wconf 90' lang='lat' dir='ltr'><strong>pronos</strong></span> <span class='ocrx_word' id='word_1_478' title='bbox 3237 2094 3357 2134; x_wconf 88' lang='lat' dir='ltr'><strong>esse</strong></span> <span class='ocrx_word' id='word_1_479' title='bbox 3391 2079 3458 2133; x_wconf 83' lang='lat' dir='ltr'><strong>ad</strong></span> <span class='ocrx_word' id='word_1_480' title='bbox 3493 2094 3618 2148; x_wconf 85' lang='lat' dir='ltr'><strong>pec-</strong></span> 
     </span>
    </p>
   </div>
   <div class='ocr_carea' id='block_1_67' title="bbox 2046 2170 3617 2240">
    <p class='ocr_par' dir='ltr' id='par_1_67' title="bbox 2046 2170 3617 2240">
     <span class='ocr_line' id='line_1_67' title="bbox 2046 2170 3617 2240; baseline 0.001 -18"><span class='ocrx_word' id='word_1_481' title='bbox 2046 2171 2276 2224; x_wconf 88' lang='lat' dir='ltr'><strong>candum</strong></span> <span class='ocrx_word' id='word_1_482' title='bbox 2323 2170 2576 2232; x_wconf 84' lang='lat' dir='ltr'><strong>edocens,</strong></span> <span class='ocrx_word' id='word_1_483' title='bbox 2633 2171 2904 2226; x_wconf 90' lang='lat' dir='ltr'><strong>immunes</strong></span> <span class='ocrx_word' id='word_1_484' title='bbox 2953 2180 3132 2226; x_wconf 89' lang='lat' dir='ltr'><strong>autem</strong></span> <span class='ocrx_word' id='word_1_485' title='bbox 3186 2171 3434 2240; x_wconf 87' lang='lat' dir='ltr'><strong>periculi,</strong></span> <span class='ocrx_word' id='word_1_486' title='bbox 3492 2171 3617 2240; x_wconf 89' lang='lat' dir='ltr'><strong>quia</strong></span> 
     </span>
    </p>
   </div>
   <div class='ocr_carea' id='block_1_68' title="bbox 2047 2259 3616 2332">
    <p class='ocr_par' dir='ltr' id='par_1_68' title="bbox 2047 2259 3616 2332">
     <span class='ocr_line' id='line_1_68' title="bbox 2047 2259 3616 2332; baseline 0.003 -19"><span class='ocrx_word' id='word_1_487' title='bbox 2047 2261 2429 2330; x_wconf 84' lang='lat' dir='ltr'><strong>proﬁterentur</strong></span> <span class='ocrx_word' id='word_1_488' title='bbox 2461 2259 2750 2330; x_wconf 80' lang='lat' dir='ltr'><strong>perfectam</strong></span> <span class='ocrx_word' id='word_1_489' title='bbox 2802 2263 3055 2317; x_wconf 85' lang='lat' dir='ltr'><strong>virtutem</strong></span> <span class='ocrx_word' id='word_1_490' title='bbox 3095 2271 3148 2317; x_wconf 90' lang='lat' dir='ltr'><strong>et</strong></span> <span class='ocrx_word' id='word_1_491' title='bbox 3201 2263 3491 2332; x_wconf 84' lang='lat' dir='ltr'><strong>participes</strong></span> <span class='ocrx_word' id='word_1_492' title='bbox 3525 2277 3616 2317; x_wconf 84' lang='lat' dir='ltr'><strong>es-</strong></span> 
     </span>
    </p>
   </div>
   <div class='ocr_carea' id='block_1_69' title="bbox 2047 2353 3617 2424">
    <p class='ocr_par' dir='ltr' id='par_1_69' title="bbox 2047 2353 3617 2424">
     <span class='ocr_line' id='line_1_69' title="bbox 2047 2353 3617 2424; baseline -0.001 -17"><span class='ocrx_word' id='word_1_493' title='bbox 2047 2361 2168 2408; x_wconf 86' lang='lat' dir='ltr'><strong>sent</strong></span> <span class='ocrx_word' id='word_1_494' title='bbox 2224 2354 2789 2422; x_wconf 88' lang='lat' dir='ltr'><strong>incomprehensibilis</strong></span> <span class='ocrx_word' id='word_1_495' title='bbox 2837 2356 3140 2424; x_wconf 86' lang='lat' dir='ltr'><strong>potestatis.</strong></span> <span class='ocrx_word' id='word_1_496' title='bbox 3194 2354 3401 2422; x_wconf 87' lang='lat' dir='ltr'><strong>Quibus</strong></span> <span class='ocrx_word' id='word_1_497' title='bbox 3455 2353 3617 2408; x_wconf 88' lang='lat' dir='ltr'><strong>etiam</strong></span> 
     </span>
    </p>
   </div>
   <div class='ocr_carea' id='block_1_70' title="bbox 2049 2444 3622 2515">
    <p class='ocr_par' dir='ltr' id='par_1_70' title="bbox 2049 2444 3622 2515">
     <span class='ocr_line' id='line_1_70' title="bbox 2049 2444 3622 2515; baseline 0.002 -21"><span class='ocrx_word' id='word_1_498' title='bbox 2049 2453 2166 2512; x_wconf 89' lang='lat' dir='ltr'><strong>post</strong></span> <span class='ocrx_word' id='word_1_499' title='bbox 2215 2444 2538 2515; x_wconf 90' lang='lat' dir='ltr'><strong>baptismum</strong></span> <span class='ocrx_word' id='word_1_500' title='bbox 2577 2444 2804 2500; x_wconf 86' lang='lat' dir='ltr'><strong>alterum</strong></span> <span class='ocrx_word' id='word_1_501' title='bbox 2842 2446 3183 2514; x_wconf 85' lang='lat' dir='ltr'><strong>pollicentur,</strong></span> <span class='ocrx_word' id='word_1_502' title='bbox 3216 2460 3376 2515; x_wconf 86' lang='lat' dir='ltr'><strong>quam</strong></span> <span class='ocrx_word' id='word_1_503' title='bbox 3423 2451 3622 2498; x_wconf 86' lang='lat' dir='ltr'><strong>vocant</strong></span> 
     </span>
    </p>
   </div>
   <div class='ocr_carea' id='block_1_71' title="bbox 2050 2534 3618 2608">
    <p class='ocr_par' dir='ltr' id='par_1_71' title="bbox 2050 2534 3618 2608">
     <span class='ocr_line' id='line_1_71' title="bbox 2050 2534 3618 2608; baseline 0.004 -21"><span class='ocrx_word' id='word_1_504' title='bbox 2050 2534 2470 2603; x_wconf 86' lang='lat' dir='ltr'><strong>redemptionem,</strong></span> <span class='ocrx_word' id='word_1_505' title='bbox 2500 2544 2552 2590; x_wconf 89' lang='lat' dir='ltr'><strong>ct</strong></span> <span class='ocrx_word' id='word_1_506' title='bbox 2579 2536 2632 2590; x_wconf 88' lang='lat' dir='ltr'><strong>in</strong></span> <span class='ocrx_word' id='word_1_507' title='bbox 2661 2538 2762 2592; x_wconf 90' lang='lat' dir='ltr'><strong>hoc</strong></span> <span class='ocrx_word' id='word_1_508' title='bbox 2784 2537 2921 2592; x_wconf 88' lang='lat' dir='ltr'><strong>male</strong></span> <span class='ocrx_word' id='word_1_509' title='bbox 2951 2547 3358 2608; x_wconf 88' lang='lat' dir='ltr'><strong>corrumpentes</strong></span> <span class='ocrx_word' id='word_1_510' title='bbox 3390 2551 3504 2601; x_wconf 90' lang='lat' dir='ltr'><strong>eos,</strong></span> <span class='ocrx_word' id='word_1_511' title='bbox 3528 2535 3618 2605; x_wconf 84' lang='lat' dir='ltr'><strong>qui</strong></span> 
     </span>
    </p>
   </div>
   <div class='ocr_carea' id='block_1_72' title="bbox 2049 2625 3618 2698">
    <p class='ocr_par' dir='ltr' id='par_1_72' title="bbox 2049 2625 3618 2698">
     <span class='ocr_line' id='line_1_72' title="bbox 2049 2625 3618 2698; baseline 0.002 -22"><span class='ocrx_word' id='word_1_512' title='bbox 2049 2625 2186 2695; x_wconf 87' lang='lat' dir='ltr'><strong>apud</strong></span> <span class='ocrx_word' id='word_1_513' title='bbox 2240 2640 2297 2681; x_wconf 90' lang='lat' dir='ltr'><strong>se</strong></span> <span class='ocrx_word' id='word_1_514' title='bbox 2353 2637 2730 2682; x_wconf 89' lang='lat' dir='ltr'><strong>remanserunt</strong></span> <span class='ocrx_word' id='word_1_515' title='bbox 2777 2643 2869 2698; x_wconf 88' lang='lat' dir='ltr'><strong>spe</strong></span> <span class='ocrx_word' id='word_1_516' title='bbox 2916 2629 3319 2697; x_wconf 86' lang='lat' dir='ltr'><strong>redemptionis,</strong></span> <span class='ocrx_word' id='word_1_517' title='bbox 3368 2637 3618 2698; x_wconf 86' lang='lat' dir='ltr'><strong>tanquam</strong></span> 
     </span>
    </p>
   </div>
   <div class='ocr_carea' id='block_1_73' title="bbox 2050 2717 3620 2790">
    <p class='ocr_par' dir='ltr' id='par_1_73' title="bbox 2050 2717 3620 2790">
     <span class='ocr_line' id='line_1_73' title="bbox 2050 2717 3620 2790; baseline 0.003 -21"><span class='ocrx_word' id='word_1_518' title='bbox 2050 2717 2139 2786; x_wconf 91' lang='lat' dir='ltr'><strong>qui</strong></span> <span class='ocrx_word' id='word_1_519' title='bbox 2174 2717 2343 2772; x_wconf 82' lang='lat' dir='ltr'><strong>semel</strong></span> <span class='ocrx_word' id='word_1_520' title='bbox 2377 2719 2651 2788; x_wconf 69' lang='lat' dir='ltr'><strong>baptizati&#39;</strong></span> <span class='ocrx_word' id='word_1_521' title='bbox 2673 2719 2724 2774; x_wconf 90' lang='lat' dir='ltr'><strong>in</strong></span> <span class='ocrx_word' id='word_1_522' title='bbox 2751 2730 3033 2790; x_wconf 87' lang='lat' dir='ltr'><strong>peccatum</strong></span> <span class='ocrx_word' id='word_1_523' title='bbox 3068 2723 3264 2790; x_wconf 87' lang='lat' dir='ltr'><strong>relapsi</strong></span> <span class='ocrx_word' id='word_1_524' title='bbox 3296 2723 3471 2777; x_wconf 87' lang='lat' dir='ltr'><strong>denuo</strong></span> <span class='ocrx_word' id='word_1_525' title='bbox 3500 2734 3620 2790; x_wconf 86' lang='lat' dir='ltr'><strong>pos-</strong></span> 
     </span>
    </p>
   </div>
   <div class='ocr_carea' id='block_1_74' title="bbox 2051 2810 3622 2868">
    <p class='ocr_par' dir='ltr' id='par_1_74' title="bbox 2051 2810 3622 2868">
     <span class='ocr_line' id='line_1_74' title="bbox 2051 2810 3622 2868; baseline 0.001 -6"><span class='ocrx_word' id='word_1_526' title='bbox 2051 2810 2161 2863; x_wconf 88' lang='lat' dir='ltr'><strong>sint</strong></span> <span class='ocrx_word' id='word_1_527' title='bbox 2194 2811 2394 2864; x_wconf 87' lang='lat' dir='ltr'><strong>absolvi</strong></span> <span class='ocrx_word' id='word_1_528' title='bbox 2437 2829 2449 2865; x_wconf 91' lang='lat'>:</span> <span class='ocrx_word' id='word_1_529' title='bbox 2489 2812 2580 2865; x_wconf 88' lang='lat' dir='ltr'><strong>tali</strong></span> <span class='ocrx_word' id='word_1_530' title='bbox 2641 2813 2830 2867; x_wconf 78' lang='lat' dir='ltr'><strong>fraude</strong></span> <span class='ocrx_word' id='word_1_531' title='bbox 2891 2814 3120 2868; x_wconf 89' lang='lat' dir='ltr'><strong>attinere</strong></span> <span class='ocrx_word' id='word_1_532' title='bbox 3172 2813 3422 2867; x_wconf 88' lang='lat' dir='ltr'><strong>videntur</strong></span> <span class='ocrx_word' id='word_1_533' title='bbox 3471 2812 3622 2866; x_wconf 86' lang='lat' dir='ltr'><strong>audi-</strong></span> 
     </span>
    </p>
   </div>
   <div class='ocr_carea' id='block_1_75' title="bbox 2053 2901 3624 2972">
    <p class='ocr_par' dir='ltr' id='par_1_75' title="bbox 2053 2901 3624 2972">
     <span class='ocr_line' id='line_1_75' title="bbox 2053 2901 3624 2972; baseline 0.004 -21"><span class='ocrx_word' id='word_1_534' title='bbox 2053 2909 2196 2953; x_wconf 84' lang='lat' dir='ltr'><strong>tores</strong></span> <span class='ocrx_word' id='word_1_535' title='bbox 2255 2915 2403 2966; x_wconf 88' lang='lat' dir='ltr'><strong>suos,</strong></span> <span class='ocrx_word' id='word_1_536' title='bbox 2453 2917 2590 2970; x_wconf 89' lang='lat' dir='ltr'><strong>quos</strong></span> <span class='ocrx_word' id='word_1_537' title='bbox 2645 2901 2735 2956; x_wconf 88' lang='lat' dir='ltr'><strong>ubi</strong></span> <span class='ocrx_word' id='word_1_538' title='bbox 2796 2905 3137 2957; x_wconf 88' lang='lat' dir='ltr'><strong>arbitrantur</strong></span> <span class='ocrx_word' id='word_1_539' title='bbox 3190 2905 3445 2972; x_wconf 90' lang='lat' dir='ltr'><strong>probatos</strong></span> <span class='ocrx_word' id='word_1_540' title='bbox 3503 2917 3624 2957; x_wconf 84' lang='lat' dir='ltr'><strong>esse</strong></span> 
     </span>
    </p>
   </div>
   <div class='ocr_carea' id='block_1_76' title="bbox 2051 2991 3626 3061">
    <p class='ocr_par' dir='ltr' id='par_1_76' title="bbox 2051 2991 3626 3061">
     <span class='ocr_line' id='line_1_76' title="bbox 2051 2991 3626 3061; baseline 0.002 -18"><span class='ocrx_word' id='word_1_541' title='bbox 2051 3005 2318 3060; x_wconf 83' lang='lat' dir='ltr'><strong>posseque</strong></span> <span class='ocrx_word' id='word_1_542' title='bbox 2353 2991 2483 3061; x_wconf 83' lang='lat' dir='ltr'><strong>ipsis</strong></span> <span class='ocrx_word' id='word_1_543' title='bbox 2534 3007 2730 3046; x_wconf 88' lang='lat' dir='ltr'><strong>arcana</strong></span> <span class='ocrx_word' id='word_1_544' title='bbox 2788 3008 2883 3047; x_wconf 87' lang='lat' dir='ltr'><strong>sua</strong></span> <span class='ocrx_word' id='word_1_545' title='bbox 2927 2994 3225 3056; x_wconf 89' lang='lat' dir='ltr'><strong>custodire,</strong></span> <span class='ocrx_word' id='word_1_546' title='bbox 3256 3004 3366 3046; x_wconf 89' lang='lat' dir='ltr'><strong>tum</strong></span> <span class='ocrx_word' id='word_1_547' title='bbox 3418 3008 3482 3047; x_wconf 89' lang='lat' dir='ltr'><strong>eo</strong></span> <span class='ocrx_word' id='word_1_548' title='bbox 3531 2992 3626 3046; x_wconf 87' lang='lat' dir='ltr'><strong>ad-</strong></span> 
     </span>
    </p>
   </div>
   <div class='ocr_carea' id='block_1_77' title="bbox 2056 3079 3624 3153">
    <p class='ocr_par' dir='ltr' id='par_1_77' title="bbox 2056 3079 3624 3153">
     <span class='ocr_line' id='line_1_77' title="bbox 2056 3079 3624 3153; baseline 0.002 -19"><span class='ocrx_word' id='word_1_549' title='bbox 2056 3081 2278 3146; x_wconf 90' lang='lat' dir='ltr'><strong>ducunt,</strong></span> <span class='ocrx_word' id='word_1_550' title='bbox 2309 3092 2362 3134; x_wconf 90' lang='lat' dir='ltr'><strong>et</strong></span> <span class='ocrx_word' id='word_1_551' title='bbox 2389 3079 2453 3136; x_wconf 82' lang='lat' dir='ltr'><strong>ne</strong></span> <span class='ocrx_word' id='word_1_552' title='bbox 2478 3083 2529 3135; x_wconf 90' lang='lat' dir='ltr'><strong>in</strong></span> <span class='ocrx_word' id='word_1_553' title='bbox 2557 3098 2622 3137; x_wconf 89' lang='lat' dir='ltr'><strong>eo</strong></span> <span class='ocrx_word' id='word_1_554' title='bbox 2645 3084 2861 3153; x_wconf 86' lang='lat' dir='ltr'><strong>quidem</strong></span> <span class='ocrx_word' id='word_1_555' title='bbox 2885 3085 3316 3153; x_wconf 84' lang='lat' dir='ltr'><strong>acquiescentes,</strong></span> <span class='ocrx_word' id='word_1_556' title='bbox 3347 3086 3437 3139; x_wconf 86' lang='lat' dir='ltr'><strong>sed</strong></span> <span class='ocrx_word' id='word_1_557' title='bbox 3461 3085 3624 3139; x_wconf 88' lang='lat' dir='ltr'><strong>etiam</strong></span> 
     </span>
    </p>
   </div>
   <div class='ocr_carea' id='block_1_78' title="bbox 2055 3173 3623 3246">
    <p class='ocr_par' dir='ltr' id='par_1_78' title="bbox 2055 3173 3623 3246">
     <span class='ocr_line' id='line_1_78' title="bbox 2055 3173 3623 3246; baseline 0.003 -22"><span class='ocrx_word' id='word_1_558' title='bbox 2055 3173 2194 3227; x_wconf 87' lang='lat' dir='ltr'><strong>aliud</strong></span> <span class='ocrx_word' id='word_1_559' title='bbox 2220 3174 2471 3241; x_wconf 85' lang='lat' dir='ltr'><strong>quiddam</strong></span> <span class='ocrx_word' id='word_1_560' title='bbox 2505 3175 2821 3242; x_wconf 87' lang='lat' dir='ltr'><strong>pollicentes</strong></span> <span class='ocrx_word' id='word_1_561' title='bbox 2867 3177 2932 3229; x_wconf 84' lang='lat' dir='ltr'><strong>ad</strong></span> <span class='ocrx_word' id='word_1_562' title='bbox 2979 3175 3097 3231; x_wconf 90' lang='lat' dir='ltr'><strong>illos</strong></span> <span class='ocrx_word' id='word_1_563' title='bbox 3142 3192 3235 3246; x_wconf 88' lang='lat' dir='ltr'><strong>spe</strong></span> <span class='ocrx_word' id='word_1_564' title='bbox 3287 3176 3623 3239; x_wconf 83' lang='lat' dir='ltr'><strong>mulcendos,</strong></span> 
     </span>
    </p>
   </div>
   <div class='ocr_carea' id='block_1_79' title="bbox 2056 3265 3628 3334">
    <p class='ocr_par' dir='ltr' id='par_1_79' title="bbox 2056 3265 3628 3334">
     <span class='ocr_line' id='line_1_79' title="bbox 2056 3265 3628 3334; baseline 0.001 -17"><span class='ocrx_word' id='word_1_565' title='bbox 2056 3271 2112 3317; x_wconf 83' lang='lat' dir='ltr'><strong>ut</strong></span> <span class='ocrx_word' id='word_1_566' title='bbox 2146 3266 2198 3318; x_wconf 89' lang='lat' dir='ltr'><strong>in</strong></span> <span class='ocrx_word' id='word_1_567' title='bbox 2230 3275 2546 3333; x_wconf 84' lang='lat' dir='ltr'><strong>perpetuum</strong></span> <span class='ocrx_word' id='word_1_568' title='bbox 2606 3265 2930 3319; x_wconf 83' lang='lat' dir='ltr'><strong>vinciantur.</strong></span> <span class='ocrx_word' id='word_1_569' title='bbox 2987 3266 3308 3334; x_wconf 85' lang='lat' dir='ltr'><strong>Loquuntur</strong></span> <span class='ocrx_word' id='word_1_570' title='bbox 3350 3269 3492 3320; x_wconf 89' lang='lat' dir='ltr'><strong>enim</strong></span> <span class='ocrx_word' id='word_1_571' title='bbox 3529 3267 3628 3320; x_wconf 87' lang='lat' dir='ltr'><strong>ali-</strong></span> 
     </span>
    </p>
   </div>
   <div class='ocr_carea' id='block_1_80' title="bbox 2054 3356 3627 3425">
    <p class='ocr_par' dir='ltr' id='par_1_80' title="bbox 2054 3356 3627 3425">
     <span class='ocr_line' id='line_1_80' title="bbox 2054 3356 3627 3425; baseline 0.003 -18"><span class='ocrx_word' id='word_1_572' title='bbox 2054 3357 2179 3425; x_wconf 85' lang='lat' dir='ltr'><strong>quid</strong></span> <span class='ocrx_word' id='word_1_573' title='bbox 2213 3372 2342 3410; x_wconf 87' lang='lat' dir='ltr'><strong>voce</strong></span> <span class='ocrx_word' id='word_1_574' title='bbox 2383 3371 2581 3410; x_wconf 89' lang='lat' dir='ltr'><strong>arcana</strong></span> <span class='ocrx_word' id='word_1_575' title='bbox 2617 3372 2776 3409; x_wconf 87' lang='lat' dir='ltr'><strong>manu</strong></span> <span class='ocrx_word' id='word_1_576' title='bbox 2809 3356 3057 3424; x_wconf 90' lang='lat' dir='ltr'><strong>imposita</strong></span> <span class='ocrx_word' id='word_1_577' title='bbox 3091 3357 3138 3409; x_wconf 91' lang='lat' dir='ltr'><strong>ei</strong></span> <span class='ocrx_word' id='word_1_578' title='bbox 3175 3357 3266 3425; x_wconf 89' lang='lat' dir='ltr'><strong>qui</strong></span> <span class='ocrx_word' id='word_1_579' title='bbox 3301 3358 3627 3425; x_wconf 86' lang='lat' dir='ltr'><strong>redemptio-</strong></span> 
     </span>
    </p>
   </div>
   <div class='ocr_carea' id='block_1_81' title="bbox 2057 3447 3626 3518">
    <p class='ocr_par' dir='ltr' id='par_1_81' title="bbox 2057 3447 3626 3518">
     <span class='ocr_line' id='line_1_81' title="bbox 2057 3447 3626 3518; baseline 0.003 -18"><span class='ocrx_word' id='word_1_580' title='bbox 2057 3464 2173 3502; x_wconf 88' lang='lat' dir='ltr'><strong>nem</strong></span> <span class='ocrx_word' id='word_1_581' title='bbox 2197 3449 2429 3516; x_wconf 73' lang='lat' dir='ltr'><strong>accepit,</strong></span> <span class='ocrx_word' id='word_1_582' title='bbox 2457 3449 2596 3516; x_wconf 89' lang='lat' dir='ltr'><strong>quod</strong></span> <span class='ocrx_word' id='word_1_583' title='bbox 2621 3449 2772 3502; x_wconf 87' lang='lat' dir='ltr'><strong>aiunt</strong></span> <span class='ocrx_word' id='word_1_584' title='bbox 2801 3463 2859 3502; x_wconf 92' lang='lat' dir='ltr'><strong>se</strong></span> <span class='ocrx_word' id='word_1_585' title='bbox 2891 3448 3046 3502; x_wconf 81' lang='lat' dir='ltr'><strong>facile</strong></span> <span class='ocrx_word' id='word_1_586' title='bbox 3083 3447 3264 3518; x_wconf 88' lang='lat' dir='ltr'><strong>eloqui</strong></span> <span class='ocrx_word' id='word_1_587' title='bbox 3308 3464 3412 3503; x_wconf 90' lang='lat' dir='ltr'><strong>non</strong></span> <span class='ocrx_word' id='word_1_588' title='bbox 3449 3464 3626 3518; x_wconf 88' lang='lat' dir='ltr'><strong>posse,</strong></span> 
     </span>
    </p>
   </div>
   <div class='ocr_carea' id='block_1_82' title="bbox 2055 3539 3628 3609">
    <p class='ocr_par' dir='ltr' id='par_1_82' title="bbox 2055 3539 3628 3609">
     <span class='ocr_line' id='line_1_82' title="bbox 2055 3539 3628 3609; baseline 0.001 -17"><span class='ocrx_word' id='word_1_589' title='bbox 2055 3540 2156 3592; x_wconf 88' lang='lat' dir='ltr'><strong>nisi</strong></span> <span class='ocrx_word' id='word_1_590' title='bbox 2186 3539 2228 3592; x_wconf 93' lang='lat' dir='ltr'><strong>si</strong></span> <span class='ocrx_word' id='word_1_591' title='bbox 2255 3539 2375 3607; x_wconf 91' lang='lat' dir='ltr'><strong>quis</strong></span> <span class='ocrx_word' id='word_1_592' title='bbox 2428 3539 2501 3594; x_wconf 88' lang='lat' dir='ltr'><strong>sit</strong></span> <span class='ocrx_word' id='word_1_593' title='bbox 2550 3539 2919 3608; x_wconf 79' lang='lat' dir='ltr'><strong>maximopere</strong></span> <span class='ocrx_word' id='word_1_594' title='bbox 2973 3539 3254 3609; x_wconf 84' lang='lat' dir='ltr'><strong>probatus,</strong></span> <span class='ocrx_word' id='word_1_595' title='bbox 3285 3548 3379 3593; x_wconf 90' lang='lat' dir='ltr'><strong>aut</strong></span> <span class='ocrx_word' id='word_1_596' title='bbox 3410 3542 3628 3608; x_wconf 89' lang='lat' dir='ltr'><strong>quando</strong></span> 
     </span>
    </p>
   </div>
   <div class='ocr_carea' id='block_1_83' title="bbox 2059 3623 3630 3702">
    <p class='ocr_par' dir='ltr' id='par_1_83' title="bbox 2059 3623 3630 3702">
     <span class='ocr_line' id='line_1_83' title="bbox 2059 3623 3630 3702; baseline 0.001 -20"><span class='ocrx_word' id='word_1_597' title='bbox 2059 3623 2338 3697; x_wconf 85' lang='lat' dir='ltr'><strong>moriatur,</strong></span> <span class='ocrx_word' id='word_1_598' title='bbox 2371 3631 2421 3683; x_wconf 90' lang='lat' dir='ltr'><strong>in</strong></span> <span class='ocrx_word' id='word_1_599' title='bbox 2462 3645 2645 3684; x_wconf 89' lang='lat' dir='ltr'><strong>aurem</strong></span> <span class='ocrx_word' id='word_1_600' title='bbox 2699 3632 3004 3685; x_wconf 88' lang='lat' dir='ltr'><strong>insusurret</strong></span> <span class='ocrx_word' id='word_1_601' title='bbox 3064 3631 3370 3702; x_wconf 82' lang='lat' dir='ltr'><strong>episcopus.</strong></span> <span class='ocrx_word' id='word_1_602' title='bbox 3416 3630 3482 3684; x_wconf 88' lang='lat' dir='ltr'><strong>Et</strong></span> <span class='ocrx_word' id='word_1_603' title='bbox 3513 3633 3630 3685; x_wconf 67' lang='lat' dir='ltr'><strong>haec</strong></span> 
     </span>
    </p>
   </div>
   <div class='ocr_carea' id='block_1_84' title="bbox 2057 3720 3630 3790">
    <p class='ocr_par' dir='ltr' id='par_1_84' title="bbox 2057 3720 3630 3790">
     <span class='ocr_line' id='line_1_84' title="bbox 2057 3720 3630 3790; baseline 0.002 -19"><span class='ocrx_word' id='word_1_604' title='bbox 2057 3735 2184 3774; x_wconf 87' lang='lat' dir='ltr'><strong>vero</strong></span> <span class='ocrx_word' id='word_1_605' title='bbox 2219 3720 2364 3774; x_wconf 77' lang='lat' dir='ltr'><strong>fraus</strong></span> <span class='ocrx_word' id='word_1_606' title='bbox 2409 3735 2474 3774; x_wconf 93' lang='lat' dir='ltr'><strong>co</strong></span> <span class='ocrx_word' id='word_1_607' title='bbox 2511 3729 2739 3789; x_wconf 87' lang='lat' dir='ltr'><strong>spectat,</strong></span> <span class='ocrx_word' id='word_1_608' title='bbox 2790 3730 2848 3774; x_wconf 92' lang='lat' dir='ltr'><strong>ut</strong></span> <span class='ocrx_word' id='word_1_609' title='bbox 2878 3729 3138 3790; x_wconf 88' lang='lat' dir='ltr'><strong>perpetuo</strong></span> <span class='ocrx_word' id='word_1_610' title='bbox 3181 3730 3499 3776; x_wconf 87' lang='lat' dir='ltr'><strong>remaneant</strong></span> <span class='ocrx_word' id='word_1_611' title='bbox 3545 3722 3630 3775; x_wconf 87' lang='lat' dir='ltr'><strong>di-</strong></span> 
     </span>
    </p>
   </div>
   <div class='ocr_carea' id='block_1_85' title="bbox 2057 3813 3628 3884">
    <p class='ocr_par' dir='ltr' id='par_1_85' title="bbox 2057 3813 3628 3884">
     <span class='ocr_line' id='line_1_85' title="bbox 2057 3813 3628 3884; baseline 0.001 -18"><span class='ocrx_word' id='word_1_612' title='bbox 2057 3813 2248 3881; x_wconf 88' lang='lat' dir='ltr'><strong>scipuli</strong></span> <span class='ocrx_word' id='word_1_613' title='bbox 2280 3813 2418 3882; x_wconf 87' lang='lat' dir='ltr'><strong>apud</strong></span> <span class='ocrx_word' id='word_1_614' title='bbox 2463 3813 2798 3882; x_wconf 89' lang='lat' dir='ltr'><strong>episcopum,</strong></span> <span class='ocrx_word' id='word_1_615' title='bbox 2834 3824 3056 3868; x_wconf 82' lang='lat' dir='ltr'><strong>aventes</strong></span> <span class='ocrx_word' id='word_1_616' title='bbox 3083 3815 3316 3880; x_wconf 88' lang='lat' dir='ltr'><strong>discere,</strong></span> <span class='ocrx_word' id='word_1_617' title='bbox 3353 3814 3479 3884; x_wconf 84' lang='lat' dir='ltr'><strong>quid</strong></span> <span class='ocrx_word' id='word_1_618' title='bbox 3507 3823 3628 3868; x_wconf 82' lang='lat' dir='ltr'><strong>tan-</strong></span> 
     </span>
    </p>
   </div>
   <div class='ocr_carea' id='block_1_86' title="bbox 2059 3905 3631 3978">
    <p class='ocr_par' dir='ltr' id='par_1_86' title="bbox 2059 3905 3631 3978">
     <span class='ocr_line' id='line_1_86' title="bbox 2059 3905 3631 3978; baseline 0 -18"><span class='ocrx_word' id='word_1_619' title='bbox 2059 3908 2178 3960; x_wconf 78' lang='lat' dir='ltr'><strong>dem</strong></span> <span class='ocrx_word' id='word_1_620' title='bbox 2211 3905 2282 3958; x_wconf 88' lang='lat' dir='ltr'><strong>sit</strong></span> <span class='ocrx_word' id='word_1_621' title='bbox 2317 3905 2444 3957; x_wconf 87' lang='lat' dir='ltr'><strong>illud</strong></span> <span class='ocrx_word' id='word_1_622' title='bbox 2483 3906 2623 3974; x_wconf 82' lang='lat' dir='ltr'><strong>quod</strong></span> <span class='ocrx_word' id='word_1_623' title='bbox 2677 3905 2730 3959; x_wconf 92' lang='lat' dir='ltr'><strong>in</strong></span> <span class='ocrx_word' id='word_1_624' title='bbox 2771 3915 3013 3960; x_wconf 83' lang='lat' dir='ltr'><strong>extremo</strong></span> <span class='ocrx_word' id='word_1_625' title='bbox 3057 3907 3337 3976; x_wconf 89' lang='lat' dir='ltr'><strong>prodatur,</strong></span> <span class='ocrx_word' id='word_1_626' title='bbox 3365 3923 3471 3977; x_wconf 91' lang='lat' dir='ltr'><strong>quo</strong></span> <span class='ocrx_word' id='word_1_627' title='bbox 3505 3921 3631 3978; x_wconf 84' lang='lat' dir='ltr'><strong>per-</strong></span> 
     </span>
    </p>
   </div>
   <div class='ocr_carea' id='block_1_87' title="bbox 2061 3995 3631 4068">
    <p class='ocr_par' dir='ltr' id='par_1_87' title="bbox 2061 3995 3631 4068">
     <span class='ocr_line' id='line_1_87' title="bbox 2061 3995 3631 4068; baseline 0.001 -18"><span class='ocrx_word' id='word_1_628' title='bbox 2061 4005 2216 4064; x_wconf 88' lang='lat' dir='ltr'><strong>cepto</strong></span> <span class='ocrx_word' id='word_1_629' title='bbox 2249 3995 2299 4049; x_wconf 89' lang='lat' dir='ltr'><strong>in</strong></span> <span class='ocrx_word' id='word_1_630' title='bbox 2335 3996 2578 4049; x_wconf 85' lang='lat' dir='ltr'><strong>ordinem</strong></span> <span class='ocrx_word' id='word_1_631' title='bbox 2617 3996 2981 4065; x_wconf 84' lang='lat' dir='ltr'><strong>perlectorum</strong></span> <span class='ocrx_word' id='word_1_632' title='bbox 3019 3999 3279 4053; x_wconf 86' lang='lat' dir='ltr'><strong>evehatur</strong></span> <span class='ocrx_word' id='word_1_633' title='bbox 3314 3999 3631 4068; x_wconf 82' lang='lat' dir='ltr'><strong>discipulus.</strong></span> 
     </span>
    </p>
   </div>
   <div class='ocr_carea' id='block_1_88' title="bbox 2061 4087 3634 4158">
    <p class='ocr_par' dir='ltr' id='par_1_88' title="bbox 2061 4087 3634 4158">
     <span class='ocr_line' id='line_1_88' title="bbox 2061 4087 3634 4158; baseline 0.004 -19"><span class='ocrx_word' id='word_1_634' title='bbox 2061 4087 2190 4151; x_wconf 63' lang='lat' dir='ltr'><strong>Quae</strong></span> <span class='ocrx_word' id='word_1_635' title='bbox 2214 4101 2331 4140; x_wconf 86' lang='lat' dir='ltr'><strong>eam</strong></span> <span class='ocrx_word' id='word_1_636' title='bbox 2360 4087 2428 4140; x_wconf 89' lang='lat' dir='ltr'><strong>ob</strong></span> <span class='ocrx_word' id='word_1_637' title='bbox 2456 4101 2677 4142; x_wconf 88' lang='lat' dir='ltr'><strong>causam</strong></span> <span class='ocrx_word' id='word_1_638' title='bbox 2730 4088 2961 4154; x_wconf 89' lang='lat' dir='ltr'><strong>tramisi,</strong></span> <span class='ocrx_word' id='word_1_639' title='bbox 2992 4105 3058 4144; x_wconf 92' lang='lat' dir='ltr'><strong>ne</strong></span> <span class='ocrx_word' id='word_1_640' title='bbox 3093 4091 3214 4158; x_wconf 88' lang='lat' dir='ltr'><strong>quis</strong></span> <span class='ocrx_word' id='word_1_641' title='bbox 3260 4107 3347 4144; x_wconf 90' lang='lat' dir='ltr'><strong>me</strong></span> <span class='ocrx_word' id='word_1_642' title='bbox 3389 4091 3492 4146; x_wconf 88' lang='lat' dir='ltr'><strong>illis</strong></span> <span class='ocrx_word' id='word_1_643' title='bbox 3534 4094 3634 4146; x_wconf 86' lang='lat' dir='ltr'><strong>ob-</strong></span> 
     </span>
    </p>
   </div>
   <div class='ocr_carea' id='block_1_89' title="bbox 2067 4175 3636 4250">
    <p class='ocr_par' dir='ltr' id='par_1_89' title="bbox 2067 4175 3636 4250">
     <span class='ocr_line' id='line_1_89' title="bbox 2067 4175 3636 4250; baseline 0.003 -21"><span class='ocrx_word' id='word_1_644' title='bbox 2067 4186 2299 4230; x_wconf 87' lang='lat' dir='ltr'><strong>trectare</strong></span> <span class='ocrx_word' id='word_1_645' title='bbox 2325 4175 2660 4242; x_wconf 88' lang='lat' dir='ltr'><strong>arbitretur;</strong></span> <span class='ocrx_word' id='word_1_646' title='bbox 2690 4178 2890 4231; x_wconf 88' lang='lat' dir='ltr'><strong>etenim</strong></span> <span class='ocrx_word' id='word_1_647' title='bbox 2935 4193 3038 4232; x_wconf 88' lang='lat' dir='ltr'><strong>non</strong></span> <span class='ocrx_word' id='word_1_648' title='bbox 3089 4179 3192 4232; x_wconf 90' lang='lat' dir='ltr'><strong>hoc</strong></span> <span class='ocrx_word' id='word_1_649' title='bbox 3240 4179 3394 4234; x_wconf 83' lang='lat' dir='ltr'><strong>nobis</strong></span> <span class='ocrx_word' id='word_1_650' title='bbox 3438 4195 3636 4250; x_wconf 83' lang='lat' dir='ltr'><strong>prope-</strong></span> 
     </span>
    </p>
   </div>
   <div class='ocr_carea' id='block_1_90' title="bbox 2063 4269 3634 4341">
    <p class='ocr_par' dir='ltr' id='par_1_90' title="bbox 2063 4269 3634 4341">
     <span class='ocr_line' id='line_1_90' title="bbox 2063 4269 3634 4341; baseline 0.003 -19"><span class='ocrx_word' id='word_1_651' title='bbox 2063 4269 2223 4322; x_wconf 91' lang='lat' dir='ltr'><strong>situm</strong></span> <span class='ocrx_word' id='word_1_652' title='bbox 2279 4279 2381 4332; x_wconf 90' lang='lat' dir='ltr'><strong>est,</strong></span> <span class='ocrx_word' id='word_1_653' title='bbox 2435 4279 2794 4338; x_wconf 65' lang='lat' dir='ltr'><strong>prtetcrquam</strong></span> <span class='ocrx_word' id='word_1_654' title='bbox 2848 4271 3150 4336; x_wconf 88' lang='lat' dir='ltr'><strong>ostendere,</strong></span> <span class='ocrx_word' id='word_1_655' title='bbox 3210 4271 3352 4326; x_wconf 89' lang='lat' dir='ltr'><strong>unde</strong></span> <span class='ocrx_word' id='word_1_656' title='bbox 3411 4270 3634 4341; x_wconf 81' lang='lat' dir='ltr'><strong>proiecti</strong></span> 
     </span>
    </p>
   </div>
   <div class='ocr_carea' id='block_1_91' title="bbox 2067 4359 2776 4429">
    <p class='ocr_par' dir='ltr' id='par_1_91' title="bbox 2067 4359 2776 4429">
     <span class='ocr_line' id='line_1_91' title="bbox 2067 4359 2776 4429; baseline 0.004 -18"><span class='ocrx_word' id='word_1_657' title='bbox 2067 4359 2264 4429; x_wconf 89' lang='lat' dir='ltr'><strong>placita</strong></span> <span class='ocrx_word' id='word_1_658' title='bbox 2291 4375 2386 4414; x_wconf 88' lang='lat' dir='ltr'><strong>sua</strong></span> <span class='ocrx_word' id='word_1_659' title='bbox 2415 4359 2776 4415; x_wconf 87' lang='lat' dir='ltr'><strong>condiderint.</strong></span> 
     </span>
    </p>
   </div>
   <div class='ocr_carea' id='block_1_92' title="bbox 2140 4449 3638 4522">
    <p class='ocr_par' dir='ltr' id='par_1_92' title="bbox 2140 4449 3638 4522">
     <span class='ocr_line' id='line_1_92' title="bbox 2140 4449 3638 4522; baseline 0.002 -19"><span class='ocrx_word' id='word_1_660' title='bbox 2140 4449 2232 4504; x_wconf 71' lang='grc'>42.</span> <span class='ocrx_word' id='word_1_661' title='bbox 2258 4450 2467 4506; x_wconf 87' lang='lat' dir='ltr'><strong>Etenim</strong></span> <span class='ocrx_word' id='word_1_662' title='bbox 2513 4461 2566 4506; x_wconf 93' lang='lat' dir='ltr'><strong>et</strong></span> <span class='ocrx_word' id='word_1_663' title='bbox 2600 4452 2793 4506; x_wconf 89' lang='lat' dir='ltr'><strong>beatus</strong></span> <span class='ocrx_word' id='word_1_664' title='bbox 2839 4453 3121 4522; x_wconf 86' lang='lat' dir='ltr'><strong>presbyter</strong></span> <span class='ocrx_word' id='word_1_665' title='bbox 3149 4451 3384 4508; x_wconf 70' lang='lat' dir='ltr'><strong>Irenazus</strong></span> <span class='ocrx_word' id='word_1_666' title='bbox 3419 4453 3638 4508; x_wconf 69' lang='lat' dir='ltr'><strong>liberius</strong></span> 
     </span>
    </p>
   </div>
   <div class='ocr_carea' id='block_1_93' title="bbox 391 4541 1947 4615">
    <p class='ocr_par' dir='ltr' id='par_1_93' title="bbox 391 4541 1947 4615">
     <span class='ocr_line' id='line_1_93' title="bbox 391 4541 1947 4615; baseline -0.007 -11"><span class='ocrx_word' id='word_1_667' title='bbox 391 4553 534 4610; x_wconf 83' lang='grc' dir='ltr'>ναῖος</span> <span class='ocrx_word' id='word_1_668' title='bbox 579 4544 1040 4615; x_wconf 76' lang='grc' dir='ltr'>παρῤησιαίτερον</span> <span class='ocrx_word' id='word_1_669' title='bbox 1089 4541 1166 4611; x_wconf 81' lang='grc' dir='ltr'>τῷ</span> <span class='ocrx_word' id='word_1_670' title='bbox 1202 4542 1407 4611; x_wconf 82' lang='grc' dir='ltr'>ἐλέγχῳ</span> <span class='ocrx_word' id='word_1_671' title='bbox 1453 4541 1836 4612; x_wconf 78' lang='grc' dir='ltr'>προσενεχθεὶς</span> <span class='ocrx_word' id='word_1_672' title='bbox 1889 4541 1947 4594; x_wconf 70' lang='grc' dir='ltr'>τὰ</span> 
     </span>
    </p>
   </div>
   <div class='ocr_carea' id='block_1_94' title="bbox 2051 4541 3640 4615">
    <p class='ocr_par' dir='ltr' id='par_1_94' title="bbox 2069 4542 3640 4613">
     <span class='ocr_line' id='line_1_94' title="bbox 2069 4542 3640 4613; baseline 0.001 -16"><span class='ocrx_word' id='word_1_673' title='bbox 2069 4557 2367 4611; x_wconf 82' lang='lat' dir='ltr'><strong>coarguere</strong></span> <span class='ocrx_word' id='word_1_674' title='bbox 2412 4542 2533 4598; x_wconf 90' lang='lat' dir='ltr'><strong>illos</strong></span> <span class='ocrx_word' id='word_1_675' title='bbox 2578 4557 2870 4613; x_wconf 80' lang='lat' dir='ltr'><strong>aggressus</strong></span> <span class='ocrx_word' id='word_1_676' title='bbox 2924 4543 3056 4599; x_wconf 87' lang='lat' dir='ltr'><strong>tales</strong></span> <span class='ocrx_word' id='word_1_677' title='bbox 3105 4543 3401 4598; x_wconf 75' lang='lat' dir='ltr'><strong>levationes</strong></span> <span class='ocrx_word' id='word_1_678' title='bbox 3440 4554 3492 4599; x_wconf 88' lang='lat' dir='ltr'><strong>ct</strong></span> <span class='ocrx_word' id='word_1_679' title='bbox 3553 4559 3640 4599; x_wconf 83' lang='lat' dir='ltr'><strong>re-</strong></span> 
     </span>
    </p>
   </div>
   <div class='ocr_carea' id='block_1_95' title="bbox 389 4631 1957 4705">
    <p class='ocr_par' dir='ltr' id='par_1_95' title="bbox 389 4631 1957 4705">
     <span class='ocr_line' id='line_1_95' title="bbox 389 4631 1957 4705; baseline -0.006 -10"><span class='ocrx_word' id='word_1_680' title='bbox 389 4641 608 4695; x_wconf 80' lang='grc' dir='ltr'>τοιαῦτα</span> <span class='ocrx_word' id='word_1_681' title='bbox 635 4638 912 4705; x_wconf 84' lang='grc' dir='ltr'>λούσματα</span> <span class='ocrx_word' id='word_1_682' title='bbox 943 4635 1036 4688; x_wconf 78' lang='grc' dir='ltr'>καὶ</span> <span class='ocrx_word' id='word_1_683' title='bbox 1057 4631 1456 4702; x_wconf 84' lang='grc' dir='ltr'>ἀπολυτρώσεις</span> <span class='ocrx_word' id='word_1_684' title='bbox 1477 4632 1690 4698; x_wconf 80' lang='grc' dir='ltr'>ἐξέθετο</span> <span class='ocrx_word' id='word_1_685' title='bbox 1712 4634 1778 4698; x_wconf 75' lang='grc' dir='ltr'><strong>τ’,</strong></span> <span class='ocrx_word' id='word_1_686' title='bbox 1803 4633 1957 4705; x_wconf 80' lang='grc' dir='ltr'>ἀδρο-</span> 
     </span>
    </p>
   </div>
   <div class='ocr_carea' id='block_1_96' title="bbox 391 4718 1953 4806">
    <p class='ocr_par' dir='ltr' id='par_1_96' title="bbox 391 4718 1953 4806">
     <span class='ocr_line' id='line_1_96' title="bbox 391 4718 1953 4806; baseline -0.008 -18"><span class='ocrx_word' id='word_1_687' title='bbox 391 4735 717 4806; x_wconf 86' lang='grc' dir='ltr'>μερέστερον</span> <span class='ocrx_word' id='word_1_688' title='bbox 749 4727 915 4782; x_wconf 82' lang='grc' dir='ltr'>εἰπὼν</span> <span class='ocrx_word' id='word_1_689' title='bbox 959 4725 994 4779; x_wconf 79' lang='grc' dir='ltr'><strong>ἀ</strong></span> <span class='ocrx_word' id='word_1_690' title='bbox 1039 4724 1394 4795; x_wconf 82' lang='grc' dir='ltr'>πράσσουσιν,</span> <span class='ocrx_word' id='word_1_691' title='bbox 1436 4718 1515 4786; x_wconf 82' lang='grc' dir='ltr'><strong>οἷς</strong></span> <span class='ocrx_word' id='word_1_692' title='bbox 1555 4723 1868 4792; x_wconf 81' lang='grc' dir='ltr'>ἐντυχόντες</span> <span class='ocrx_word' id='word_1_693' title='bbox 1909 4724 1953 4755; x_wconf 75' lang='grc' dir='ltr'><strong>⁵ο</strong></span> 
     </span>
    </p>
   </div>
   <div class='ocr_carea' id='block_1_97' title="bbox 385 4814 1957 4892">
    <p class='ocr_par' dir='ltr' id='par_1_97' title="bbox 385 4814 1957 4892">
     <span class='ocr_line' id='line_1_97' title="bbox 385 4814 1957 4892; baseline -0.008 -13"><span class='ocrx_word' id='word_1_694' title='bbox 385 4827 532 4888; x_wconf 79' lang='grc' dir='ltr'>τινὲς</span> <span class='ocrx_word' id='word_1_695' title='bbox 567 4823 744 4878; x_wconf 81' lang='grc' dir='ltr'>αὐτῶν</span> <span class='ocrx_word' id='word_1_696' title='bbox 791 4822 961 4892; x_wconf 68' lang='grc' dir='ltr'>ἢρνην</span> <span class='ocrx_word' id='word_1_697' title='bbox 993 4819 1003 4887; x_wconf 71' lang='grc' dir='ltr'>ι</span> <span class='ocrx_word' id='word_1_698' title='bbox 1033 4835 1124 4868; x_wconf 88' lang='grc' dir='ltr'><strong>ται</strong></span> <span class='ocrx_word' id='word_1_699' title='bbox 1176 4814 1347 4877; x_wconf 71' lang='grc' dir='ltr'>οὕτως</span> <span class='ocrx_word' id='word_1_700' title='bbox 1391 4814 1825 4884; x_wconf 80' lang='grc' dir='ltr'>παρειληφέναι,</span> <span class='ocrx_word' id='word_1_701' title='bbox 1871 4815 1957 4866; x_wconf 79' lang='grc' dir='ltr'><strong>ἀεὶ</strong></span> 
     </span>
    </p>
   </div>
   <div class='ocr_carea' id='block_1_98' title="bbox 387 4904 1956 4986">
    <p class='ocr_par' dir='ltr' id='par_1_98' title="bbox 387 4904 1956 4986">
     <span class='ocr_line' id='line_1_98' title="bbox 387 4904 1956 4986; baseline -0.008 -18"><span class='ocrx_word' id='word_1_702' title='bbox 387 4914 668 4986; x_wconf 86' lang='grc' dir='ltr'>ἀρνεῖσθαι</span> <span class='ocrx_word' id='word_1_703' title='bbox 704 4912 1081 4982; x_wconf 84' lang='grc' dir='ltr'>μανθάνοντες.</span> <span class='ocrx_word' id='word_1_704' title='bbox 1111 4909 1201 4958; x_wconf 73' lang='grc' dir='ltr'><strong>Διὸ</strong></span> <span class='ocrx_word' id='word_1_705' title='bbox 1245 4905 1466 4975; x_wconf 78' lang='grc' dir='ltr'>φροντὶς</span> <span class='ocrx_word' id='word_1_706' title='bbox 1507 4905 1639 4974; x_wconf 79' lang='grc' dir='ltr'>ἡμῖν</span> <span class='ocrx_word' id='word_1_707' title='bbox 1667 4904 1956 4974; x_wconf 86' lang='grc' dir='ltr'>γεγένηται</span> 
     </span>
    </p>
   </div>
   <div class='ocr_carea' id='block_1_99' title="bbox 387 4996 1953 5079">
    <p class='ocr_par' dir='ltr' id='par_1_99' title="bbox 387 4996 1953 5079">
     <span class='ocr_line' id='line_1_99' title="bbox 387 4996 1953 5079; baseline -0.008 -19"><span class='ocrx_word' id='word_1_708' title='bbox 387 5006 773 5079; x_wconf 78' lang='grc' dir='ltr'>ἀκριϐέστερον</span> <span class='ocrx_word' id='word_1_709' title='bbox 797 5001 1123 5071; x_wconf 77' lang='grc' dir='ltr'>ἐπιζητῆσαι</span> <span class='ocrx_word' id='word_1_710' title='bbox 1154 5000 1246 5052; x_wconf 69' lang='grc' dir='ltr'>καὶ</span> <span class='ocrx_word' id='word_1_711' title='bbox 1281 4999 1532 5069; x_wconf 85' lang='grc' dir='ltr'>ἀνευρεῖν</span> <span class='ocrx_word' id='word_1_712' title='bbox 1565 4996 1918 5069; x_wconf 85' lang='grc' dir='ltr'>λεπτομερῶς</span> <span class='ocrx_word' id='word_1_713' title='bbox 1939 5035 1953 5059; x_wconf 98' lang='grc'><strong>,</strong></span> 
     </span>
    </p>
   </div>
   <div class='ocr_carea' id='block_1_100' title="bbox 329 5085 1959 5166">
    <p class='ocr_par' dir='ltr' id='par_1_100' title="bbox 329 5085 1959 5166">
     <span class='ocr_line' id='line_1_100' title="bbox 329 5085 1959 5166; baseline -0.009 -13"><span class='ocrx_word' id='word_1_714' title='bbox 329 5105 331 5107; x_wconf 83' lang='grc'><em>’</em></span> <span class='ocrx_word' id='word_1_715' title='bbox 388 5097 424 5152; x_wconf 78' lang='grc' dir='ltr'>ἃ.</span> <span class='ocrx_word' id='word_1_716' title='bbox 448 5098 542 5150; x_wconf 76' lang='grc' dir='ltr'>καὶ</span> <span class='ocrx_word' id='word_1_717' title='bbox 570 5099 626 5150; x_wconf 89' lang='grc' dir='ltr'><strong>ἐν</strong></span> <span class='ocrx_word' id='word_1_718' title='bbox 655 5093 733 5166; x_wconf 80' lang='grc' dir='ltr'>τῷ</span> <span class='ocrx_word' id='word_1_719' title='bbox 760 5091 960 5164; x_wconf 85' lang='grc' dir='ltr'>πρώτῳ</span> <span class='ocrx_word' id='word_1_720' title='bbox 997 5087 1207 5159; x_wconf 78' lang='grc' dir='ltr'>λουτρῷ</span> <span class='ocrx_word' id='word_1_721' title='bbox 1239 5086 1637 5157; x_wconf 59' lang='grc' dir='ltr'>παραδιδόασι,</span> <span class='ocrx_word' id='word_1_722' title='bbox 1666 5087 1725 5140; x_wconf 86' lang='grc' dir='ltr'><strong>τὸ</strong></span> <span class='ocrx_word' id='word_1_723' title='bbox 1749 5085 1959 5140; x_wconf 79' lang='grc' dir='ltr'>τοιοῦτο</span> 
     </span>
    </p>
   </div>
   <div class='ocr_carea' id='block_1_101' title="bbox 2071 4635 3638 4707">
    <p class='ocr_par' dir='ltr' id='par_1_101' title="bbox 2071 4635 3638 4707">
     <span class='ocr_line' id='line_1_101' title="bbox 2071 4635 3638 4707; baseline 0.002 -18"><span class='ocrx_word' id='word_1_724' title='bbox 2071 4635 2415 4703; x_wconf 90' lang='lat' dir='ltr'><strong>demptiones</strong></span> <span class='ocrx_word' id='word_1_725' title='bbox 2448 4636 2718 4704; x_wconf 83' lang='lat' dir='ltr'><strong>exposuit,</strong></span> <span class='ocrx_word' id='word_1_726' title='bbox 2770 4635 2943 4703; x_wconf 82' lang='lat' dir='ltr'><strong>magis</strong></span> <span class='ocrx_word' id='word_1_727' title='bbox 2990 4637 3220 4690; x_wconf 90' lang='lat' dir='ltr'><strong>strictim</strong></span> <span class='ocrx_word' id='word_1_728' title='bbox 3256 4635 3500 4692; x_wconf 86' lang='lat' dir='ltr'><strong>elocutus</strong></span> <span class='ocrx_word' id='word_1_729' title='bbox 3525 4653 3638 4707; x_wconf 64' lang='grc' dir='ltr'>(μιαν</span> 
     </span>
    </p>
   </div>
   <div class='ocr_carea' id='block_1_102' title="bbox 2065 4724 3634 4794">
    <p class='ocr_par' dir='ltr' id='par_1_102' title="bbox 2065 4724 3634 4794">
     <span class='ocr_line' id='line_1_102' title="bbox 2065 4724 3634 4794; baseline 0.001 -17"><span class='ocrx_word' id='word_1_730' title='bbox 2065 4734 2300 4794; x_wconf 86' lang='lat' dir='ltr'><strong>patrant,</strong></span> <span class='ocrx_word' id='word_1_731' title='bbox 2358 4725 2555 4794; x_wconf 88' lang='lat' dir='ltr'><strong>quibus</strong></span> <span class='ocrx_word' id='word_1_732' title='bbox 2587 4739 2707 4778; x_wconf 90' lang='lat' dir='ltr'><strong>cum</strong></span> <span class='ocrx_word' id='word_1_733' title='bbox 2754 4724 3072 4778; x_wconf 89' lang='lat' dir='ltr'><strong>incidissent</strong></span> <span class='ocrx_word' id='word_1_734' title='bbox 3126 4726 3364 4780; x_wconf 90' lang='lat' dir='ltr'><strong>nonnulli</strong></span> <span class='ocrx_word' id='word_1_735' title='bbox 3423 4739 3634 4789; x_wconf 89' lang='lat' dir='ltr'><strong>eorum,</strong></span> 
     </span>
    </p>
   </div>
   <div class='ocr_carea' id='block_1_103' title="bbox 2065 4814 3637 4885">
    <p class='ocr_par' dir='ltr' id='par_1_103' title="bbox 2065 4814 3637 4885">
     <span class='ocr_line' id='line_1_103' title="bbox 2065 4814 3637 4885; baseline 0 -17"><span class='ocrx_word' id='word_1_736' title='bbox 2065 4815 2288 4870; x_wconf 86' lang='lat' dir='ltr'><strong>inticiati</strong></span> <span class='ocrx_word' id='word_1_737' title='bbox 2330 4823 2456 4868; x_wconf 88' lang='lat' dir='ltr'><strong>sunt</strong></span> <span class='ocrx_word' id='word_1_738' title='bbox 2485 4814 2558 4868; x_wconf 86' lang='lat' dir='ltr'><strong>ita</strong></span> <span class='ocrx_word' id='word_1_739' title='bbox 2590 4829 2714 4868; x_wconf 89' lang='lat' dir='ltr'><strong>esse</strong></span> <span class='ocrx_word' id='word_1_740' title='bbox 2753 4815 3045 4883; x_wconf 86' lang='lat' dir='ltr'><strong>recepisse,</strong></span> <span class='ocrx_word' id='word_1_741' title='bbox 3075 4815 3272 4885; x_wconf 88' lang='lat' dir='ltr'><strong>quippe</strong></span> <span class='ocrx_word' id='word_1_742' title='bbox 3302 4815 3392 4884; x_wconf 88' lang='lat' dir='ltr'><strong>qui</strong></span> <span class='ocrx_word' id='word_1_743' title='bbox 3421 4830 3637 4885; x_wconf 86' lang='lat' dir='ltr'><strong>semper</strong></span> 
     </span>
    </p>
   </div>
   <div class='ocr_carea' id='block_1_104' title="bbox 2063 4903 3639 4969">
    <p class='ocr_par' dir='ltr' id='par_1_104' title="bbox 2063 4903 3639 4969">
     <span class='ocr_line' id='line_1_104' title="bbox 2063 4903 3639 4969; baseline 0.001 -10"><span class='ocrx_word' id='word_1_744' title='bbox 2063 4908 2359 4959; x_wconf 87' lang='lat' dir='ltr'><strong>doceantur</strong></span> <span class='ocrx_word' id='word_1_745' title='bbox 2420 4904 2669 4960; x_wconf 86' lang='lat' dir='ltr'><strong>inliciari.</strong></span> <span class='ocrx_word' id='word_1_746' title='bbox 2711 4903 3069 4969; x_wconf 87' lang='lat' dir='ltr'><strong>Quamobrem</strong></span> <span class='ocrx_word' id='word_1_747' title='bbox 3128 4905 3278 4960; x_wconf 87' lang='lat' dir='ltr'><strong>nobis</strong></span> <span class='ocrx_word' id='word_1_748' title='bbox 3310 4905 3501 4960; x_wconf 86' lang='lat' dir='ltr'><strong>oborta</strong></span> <span class='ocrx_word' id='word_1_749' title='bbox 3554 4920 3639 4968; x_wconf 79' lang='lat' dir='ltr'><strong>est</strong></span> 
     </span>
    </p>
   </div>
   <div class='ocr_carea' id='block_1_105' title="bbox 2064 4998 3636 5069">
    <p class='ocr_par' dir='ltr' id='par_1_105' title="bbox 2064 4998 3636 5069">
     <span class='ocr_line' id='line_1_105' title="bbox 2064 4998 3636 5069; baseline 0.001 -18"><span class='ocrx_word' id='word_1_750' title='bbox 2064 5013 2189 5051; x_wconf 89' lang='lat' dir='ltr'><strong>cura</strong></span> <span class='ocrx_word' id='word_1_751' title='bbox 2231 4999 2538 5054; x_wconf 87' lang='lat' dir='ltr'><strong>accuratius</strong></span> <span class='ocrx_word' id='word_1_752' title='bbox 2600 4998 2956 5065; x_wconf 84' lang='lat' dir='ltr'><strong>investigandi</strong></span> <span class='ocrx_word' id='word_1_753' title='bbox 3005 5007 3058 5051; x_wconf 90' lang='lat' dir='ltr'><strong>et</strong></span> <span class='ocrx_word' id='word_1_754' title='bbox 3106 4998 3391 5068; x_wconf 80' lang='lat' dir='ltr'><strong>indagandi</strong></span> <span class='ocrx_word' id='word_1_755' title='bbox 3453 4999 3636 5069; x_wconf 75' lang='lat' dir='ltr'><strong>singu-</strong></span> 
     </span>
    </p>
   </div>
   <div class='ocr_carea' id='block_1_106' title="bbox 2065 5088 3637 5157">
    <p class='ocr_par' dir='ltr' id='par_1_106' title="bbox 2065 5088 3637 5157">
     <span class='ocr_line' id='line_1_106' title="bbox 2065 5088 3637 5157; baseline 0.002 -16"><span class='ocrx_word' id='word_1_756' title='bbox 2065 5088 2234 5153; x_wconf 83' lang='lat' dir='ltr'><strong>latim,</strong></span> <span class='ocrx_word' id='word_1_757' title='bbox 2269 5105 2389 5157; x_wconf 77' lang='lat' dir='ltr'><strong>qua:</strong></span> <span class='ocrx_word' id='word_1_758' title='bbox 2430 5100 2482 5142; x_wconf 87' lang='lat' dir='ltr'><strong>et</strong></span> <span class='ocrx_word' id='word_1_759' title='bbox 2535 5090 2586 5142; x_wconf 89' lang='lat' dir='ltr'><strong>in</strong></span> <span class='ocrx_word' id='word_1_760' title='bbox 2647 5093 2818 5157; x_wconf 88' lang='lat' dir='ltr'><strong>primo</strong></span> <span class='ocrx_word' id='word_1_761' title='bbox 2850 5091 3067 5142; x_wconf 88' lang='lat' dir='ltr'><strong>lavacro</strong></span> <span class='ocrx_word' id='word_1_762' title='bbox 3105 5090 3340 5155; x_wconf 88' lang='lat' dir='ltr'><strong>tradunt,</strong></span> <span class='ocrx_word' id='word_1_763' title='bbox 3371 5091 3510 5157; x_wconf 88' lang='lat' dir='ltr'><strong>quod</strong></span> <span class='ocrx_word' id='word_1_764' title='bbox 3563 5092 3637 5144; x_wconf 86' lang='lat' dir='ltr'><strong>ita</strong></span> 
     </span>
    </p>
   </div>
   <div class='ocr_carea' id='block_1_107' title="bbox 1667 5260 2338 5320">
    <p class='ocr_par' dir='ltr' id='par_1_107' title="bbox 1667 5260 2338 5320">
     <span class='ocr_line' id='line_1_107' title="bbox 1667 5260 2338 5320; baseline -0.006 0"><span class='ocrx_word' id='word_1_765' title='bbox 1667 5263 1900 5320; x_wconf 77' lang='lat' dir='ltr'><strong>VARUE</strong></span> <span class='ocrx_word' id='word_1_766' title='bbox 1936 5260 2338 5318; x_wconf 81' lang='lat' dir='ltr'><strong>LECTIONES.</strong></span> 
     </span>
    </p>
   </div>
   <div class='ocr_carea' id='block_1_108' title="bbox 464 5419 3668 5502">
    <p class='ocr_par' dir='ltr' id='par_1_108' title="bbox 464 5419 3668 5502">
     <span class='ocr_line' id='line_1_108' title="bbox 464 5419 3668 5502; baseline -0.007 -11"><span class='ocrx_word' id='word_1_767' title='bbox 464 5437 510 5470; x_wconf 67' lang='grc'>⁸⁷</span> <span class='ocrx_word' id='word_1_768' title='bbox 548 5435 913 5502; x_wconf 85' lang='grc' dir='ltr'>ἁναλυομένου</span> <span class='ocrx_word' id='word_1_769' title='bbox 947 5432 1240 5498; x_wconf 80' lang='lat' dir='ltr'><strong>Rocperus.</strong></span> <span class='ocrx_word' id='word_1_770' title='bbox 1265 5429 1629 5502; x_wconf 76' lang='grc' dir='ltr'>ἀναδυομένρυ</span> <span class='ocrx_word' id='word_1_771' title='bbox 1660 5427 1814 5502; x_wconf 81' lang='lat' dir='ltr'><strong>C,_M.</strong></span> <span class='ocrx_word' id='word_1_772' title='bbox 1893 5424 2248 5502; x_wconf 50' lang='lat' dir='ltr'><strong>“ﬂagitium</strong></span> <span class='ocrx_word' id='word_1_773' title='bbox 2275 5422 2335 5478; x_wconf 89' lang='lat' dir='ltr'><strong>C.</strong></span> <span class='ocrx_word' id='word_1_774' title='bbox 2375 5423 2420 5502; x_wconf 62' lang='grc' dir='ltr'><strong>ξ’</strong></span> <span class='ocrx_word' id='word_1_775' title='bbox 2459 5423 2770 5502; x_wconf 37' lang='lat' dir='ltr'><strong>vro-canore</strong></span> <span class='ocrx_word' id='word_1_776' title='bbox 2791 5424 2890 5502; x_wconf 56' lang='grc' dir='ltr'><strong>μέν</strong></span> <span class='ocrx_word' id='word_1_777' title='bbox 2915 5425 2985 5502; x_wconf 52' lang='lat'><strong>)1.</strong></span> <span class='ocrx_word' id='word_1_778' title='bbox 3066 5427 3351 5502; x_wconf 43' lang='lat' dir='ltr'><strong>&#39;illollg&#39;zi</strong></span> <span class='ocrx_word' id='word_1_779' title='bbox 3383 5429 3444 5481; x_wconf 66' lang='grc' dir='ltr'><strong>(Ἰ,</strong></span> <span class='ocrx_word' id='word_1_780' title='bbox 3523 5431 3565 5459; x_wconf 80' lang='grc' dir='ltr'>ιι</span> <span class='ocrx_word' id='word_1_781' title='bbox 3601 5419 3668 5471; x_wconf 79' lang='grc' dir='ltr'><strong>τὸ</strong></span> 
     </span>
    </p>
   </div>
   <div class='ocr_carea' id='block_1_109' title="bbox 397 5492 3687 5577">
    <p class='ocr_par' dir='ltr' id='par_1_109' title="bbox 397 5492 3687 5577">
     <span class='ocr_line' id='line_1_109' title="bbox 397 5492 3687 5577; baseline -0.003 -16"><span class='ocrx_word' id='word_1_782' title='bbox 397 5507 626 5577; x_wconf 72' lang='grc' dir='ltr'>κυρίους</span> <span class='ocrx_word' id='word_1_783' title='bbox 660 5492 797 5558; x_wconf 79' lang='grc' dir='ltr'>εἶναι</span> <span class='ocrx_word' id='word_1_784' title='bbox 829 5521 977 5571; x_wconf 66' lang='lat' dir='ltr'><strong>susp.</strong></span> <span class='ocrx_word' id='word_1_785' title='bbox 1017 5492 1305 5577; x_wconf 70' lang='lat' dir='ltr'><strong>ltorperus.</strong></span> <span class='ocrx_word' id='word_1_786' title='bbox 1374 5492 1909 5577; x_wconf 49' lang='lat' dir='ltr'><strong>f’ndtrro‘aurpdraemc:</strong></span> <span class='ocrx_word' id='word_1_787' title='bbox 1940 5495 2016 5577; x_wconf 64' lang='grc' dir='ltr'>ᾡς</span> <span class='ocrx_word' id='word_1_788' title='bbox 2040 5495 2353 5577; x_wconf 43' lang='grc' dir='ltr'><strong>Ιξοξρςξυῆ</strong></span> <span class='ocrx_word' id='word_1_789' title='bbox 2361 5492 2800 5577; x_wconf 62' lang='grc' dir='ltr'>ἀπολυτρώσεως</span> <span class='ocrx_word' id='word_1_790' title='bbox 2827 5495 2889 5577; x_wconf 54' lang='grc' dir='ltr'><strong>(ξ,</strong></span> <span class='ocrx_word' id='word_1_791' title='bbox 2929 5495 3030 5577; x_wconf 58' lang='lat' dir='ltr'><strong>M.&quot;</strong></span> <span class='ocrx_word' id='word_1_792' title='bbox 3079 5497 3133 5575; x_wconf 57' lang='grc' dir='ltr'>δῖ</span> <span class='ocrx_word' id='word_1_793' title='bbox 3155 5496 3300 5577; x_wconf 69' lang='lat' dir='ltr'><strong>Fort.</strong></span> <span class='ocrx_word' id='word_1_794' title='bbox 3328 5498 3687 5577; x_wconf 53' lang='lat' dir='ltr'><strong>ﬁi-ﬁtt?_0§v-&#39;</strong></span> 
     </span>
    </p>
   </div>
   <div class='ocr_carea' id='block_1_110' title="bbox 401 5562 3414 5639">
    <p class='ocr_par' dir='ltr' id='par_1_110' title="bbox 401 5562 3414 5639">
     <span class='ocr_line' id='line_1_110' title="bbox 401 5562 3414 5639; baseline -0.002 -10"><span class='ocrx_word' id='word_1_795' title='bbox 401 5562 500 5639; x_wconf 67' lang='grc' dir='ltr'><strong>ταξ</strong></span> <span class='ocrx_word' id='word_1_796' title='bbox 544 5562 730 5629; x_wconf 63' lang='grc' dir='ltr'>πεσεῖν</span> <span class='ocrx_word' id='word_1_797' title='bbox 760 5562 937 5636; x_wconf 67' lang='grc' dir='ltr'>πάλιν,</span> <span class='ocrx_word' id='word_1_798' title='bbox 972 5572 1040 5624; x_wconf 84' lang='grc' dir='ltr'>Μ.</span> <span class='ocrx_word' id='word_1_799' title='bbox 1118 5562 1162 5600; x_wconf 65' lang='grc' dir='ltr'>ίδ</span> <span class='ocrx_word' id='word_1_800' title='bbox 1189 5570 1278 5621; x_wconf 83' lang='grc' dir='ltr'>διὰ</span> <span class='ocrx_word' id='word_1_801' title='bbox 1309 5568 1407 5622; x_wconf 75' lang='grc' dir='ltr'>τοῦ</span> <span class='ocrx_word' id='word_1_802' title='bbox 1429 5562 1726 5639; x_wconf 59' lang='grc' dir='ltr'>Βοερθτιξε,</span> <span class='ocrx_word' id='word_1_803' title='bbox 1751 5567 1846 5618; x_wconf 81' lang='grc' dir='ltr'><strong>καὶ</strong></span> <span class='ocrx_word' id='word_1_804' title='bbox 1876 5564 1965 5617; x_wconf 84' lang='grc' dir='ltr'>διὰ</span> <span class='ocrx_word' id='word_1_805' title='bbox 1986 5562 2171 5639; x_wconf 43' lang='grc' dir='ltr'>τού-Ο,</span> <span class='ocrx_word' id='word_1_806' title='bbox 2195 5562 2265 5616; x_wconf 79' lang='grc' dir='ltr'><strong>Μ’.</strong></span> <span class='ocrx_word' id='word_1_807' title='bbox 2333 5562 2378 5639; x_wconf 57' lang='grc' dir='ltr'><strong>ξ’</strong></span> <span class='ocrx_word' id='word_1_808' title='bbox 2401 5562 2923 5639; x_wconf 26' lang='grc' dir='ltr'>ἐπαγγζελόμε-νοιδϐη</span> <span class='ocrx_word' id='word_1_809' title='bbox 2987 5566 3032 5597; x_wconf 81' lang='grc'><strong>⁵⁸</strong></span> <span class='ocrx_word' id='word_1_810' title='bbox 3064 5565 3170 5639; x_wconf 74' lang='grc' dir='ltr'>τῶν</span> <span class='ocrx_word' id='word_1_811' title='bbox 3192 5562 3414 5622; x_wconf 71' lang='grc' dir='ltr'>θύιΙ.’Μ.</span> 
     </span>
    </p>
   </div>
   <div class='ocr_carea' id='block_1_111' title="bbox 409 5629 3650 5715">
    <p class='ocr_par' dir='ltr' id='par_1_111' title="bbox 409 5629 3650 5715">
     <span class='ocr_line' id='line_1_111' title="bbox 409 5629 3650 5715; baseline -0.002 -17"><span class='ocrx_word' id='word_1_812' title='bbox 409 5629 792 5715; x_wconf 72' lang='grc' dir='ltr'>κοῆθείζεσθαι</span> <span class='ocrx_word' id='word_1_813' title='bbox 822 5645 883 5697; x_wconf 68' lang='grc' dir='ltr'>(ι.</span> <span class='ocrx_word' id='word_1_814' title='bbox 926 5629 1005 5676; x_wconf 74' lang='grc'><strong>’⁸³</strong></span> <span class='ocrx_word' id='word_1_815' title='bbox 1037 5641 1434 5715; x_wconf 75' lang='grc' dir='ltr'>συνεστήσαντο</span> <span class='ocrx_word' id='word_1_816' title='bbox 1458 5629 1608 5715; x_wconf 80' lang='lat' dir='ltr'><strong>susp.</strong></span> <span class='ocrx_word' id='word_1_817' title='bbox 1641 5635 1939 5704; x_wconf 76' lang='lat' dir='ltr'><strong>Boeperus.</strong></span> <span class='ocrx_word' id='word_1_818' title='bbox 2015 5635 2060 5667; x_wconf 80' lang='grc'><strong>⁸⁹</strong></span> <span class='ocrx_word' id='word_1_819' title='bbox 2087 5633 2225 5689; x_wconf 90' lang='lat' dir='ltr'><strong>lren.</strong></span> <span class='ocrx_word' id='word_1_820' title='bbox 2267 5648 2311 5684; x_wconf 72' lang='grc' dir='ltr'><strong>ε.</strong></span> <span class='ocrx_word' id='word_1_821' title='bbox 2339 5632 2467 5686; x_wconf 72' lang='lat' dir='ltr'><strong>liter.</strong></span> <span class='ocrx_word' id='word_1_822' title='bbox 2496 5629 2535 5700; x_wconf 84' lang='grc' dir='ltr'>Ι,</span> <span class='ocrx_word' id='word_1_823' title='bbox 2563 5629 2689 5687; x_wconf 73' lang='grc' dir='ltr'><strong>Ἦ.’</strong></span> <span class='ocrx_word' id='word_1_824' title='bbox 2732 5634 2777 5665; x_wconf 77' lang='grc' dir='ltr'><strong>⁸ο</strong></span> <span class='ocrx_word' id='word_1_825' title='bbox 2800 5629 2880 5698; x_wconf 73' lang='grc' dir='ltr'>οἷς</span> <span class='ocrx_word' id='word_1_826' title='bbox 2911 5637 3240 5704; x_wconf 80' lang='grc' dir='ltr'>ἐντυχόντες.</span> <span class='ocrx_word' id='word_1_827' title='bbox 3273 5639 3317 5691; x_wconf 88' lang='grc' dir='ltr'>οἱ</span> <span class='ocrx_word' id='word_1_828' title='bbox 3342 5637 3650 5708; x_wconf 78' lang='grc' dir='ltr'>ἐντυχόντες</span> 
     </span>
    </p>
   </div>
   <div class='ocr_carea' id='block_1_112' title="bbox 408 5709 1795 5786">
    <p class='ocr_par' dir='ltr' id='par_1_112' title="bbox 408 5709 1795 5786">
     <span class='ocr_line' id='line_1_112' title="bbox 408 5709 1795 5786; baseline -0.01 -16"><span class='ocrx_word' id='word_1_829' title='bbox 408 5718 473 5774; x_wconf 79' lang='lat' dir='ltr'><strong>C.</strong></span> <span class='ocrx_word' id='word_1_830' title='bbox 499 5709 586 5770; x_wconf 71' lang='grc' dir='ltr'>Μ.</span> <span class='ocrx_word' id='word_1_831' title='bbox 612 5717 700 5786; x_wconf 92' lang='lat' dir='ltr'><strong>qui</strong></span> <span class='ocrx_word' id='word_1_832' title='bbox 724 5715 770 5766; x_wconf 89' lang='grc' dir='ltr'>εἰ</span> <span class='ocrx_word' id='word_1_833' title='bbox 802 5713 896 5765; x_wconf 76' lang='grc' dir='ltr'>καὶ</span> <span class='ocrx_word' id='word_1_834' title='bbox 923 5721 1046 5782; x_wconf 88' lang='lat' dir='ltr'><strong>post</strong></span> <span class='ocrx_word' id='word_1_835' title='bbox 1075 5713 1183 5762; x_wconf 82' lang='grc' dir='ltr'>ὲντ.</span> <span class='ocrx_word' id='word_1_836' title='bbox 1220 5709 1562 5763; x_wconf 84' lang='lat' dir='ltr'><strong>inserendum</strong></span> <span class='ocrx_word' id='word_1_837' title='bbox 1595 5715 1795 5760; x_wconf 85' lang='lat' dir='ltr'><strong>censet.</strong></span> 
     </span>
    </p>
   </div>
   <div class='ocr_carea' id='block_1_113' title="bbox 3490 5569 3656 5621">
    <p class='ocr_par' dir='ltr' id='par_1_113' title="bbox 3490 5569 3656 5621">
     <span class='ocr_line' id='line_1_113' title="bbox 3490 5569 3656 5621; baseline 0 -1"><span class='ocrx_word' id='word_1_838' title='bbox 3490 5569 3535 5599; x_wconf 86' lang='grc'><strong>⁸⁷</strong></span> <span class='ocrx_word' id='word_1_839' title='bbox 3555 5586 3656 5621; x_wconf 67' lang='grc' dir='ltr'>κα.-</span> 
     </span>
    </p>
   </div>
  </div>
