4060 6196
347 306 487 366 δεον

1431 310 1724 370 CONTRA
1769 314 2138 376 ΗΕΒΕὲΕὸ
2175 318 2318 379 LIB.
2362 316 2498 380 VII.

3457 332 3595 394 3300

345 413 553 462 τούτων
586 411 958 482 παραπλήσια.
999 412 1214 468 Τούτων
1261 415 1317 468 δὲ
1366 415 1423 467 ἓν
1461 419 1594 469 αὐτὸ
1628 419 1751 470 καθ’
1781 421 1915 472 αὐτὸ

2027 423 2268 487 :licimnr,
2299 435 2352 478 ιιι
2389 428 2519 488 albi,
2555 428 2720 491 caesii,
2753 429 2912 498 nigri,
2941 429 3092 495 justi,
3125 432 3331 501 iniusti,
3367 435 3595 486 modesti

346 502 608 556 ἀδύνατόν
632 504 674 534 ⁸³
702 504 815 556 ἐστι
862 506 1132 573 γενέσθαι,
1178 507 1312 560 ἀλλὰ
1369 509 1449 560 δεῖ
1500 509 1557 560 ἕν
1599 528 1704 562 τινι
1754 507 1914 566 εἶναι.

349 595 408 645 Εἰ
438 593 496 645 δὲ
529 592 652 646 οὔτε
683 594 743 646 τὸ
779 594 934 659 ζῶον,
975 598 1002 648 ὃ
1046 599 1186 650 κατὰ
1218 600 1435 652 πάντων
1479 600 1621 668 λέγω
1653 600 1760 654 τῶν
1795 602 1915 654 καθ’

343 686 552 737 ἕκαστα.
587 685 762 750 ζώων,
802 687 923 743 οὔτε
968 689 1035 742 τὰ
1068 690 1112 720 θ’
1144 690 1552 760 συμϐεϐηκότα,
1593 692 1627 752 ἃ
1661 693 1717 743 ὲν
1755 695 1918 747 πᾶσιν

348 772 429 840 οἷς
463 778 810 848 συμϐέϐηκεν
850 781 1182 851 εὑρίσκεται,
1209 783 1431 838 δυνατὸν
1458 786 1595 838 αύτὰ
1624 787 1746 839 καθ’
1783 788 1920 841 αὐτὰ

346 867 620 936 γενέσθαι,
653 871 714 921 ὲκ
759 871 959 922 τούτων
989 872 1044 926 δὲ
1073 874 1485 942 συμπληροῦται
1516 876 1584 928 τὰ
1621 878 1819 946 ἄτομα,
1844 881 1908 930 ὲκ

350 958 456 1010 τῶν
488 959 534 990 ⁸⁸
563 960 664 1012 ούκ
711 960 880 1012 ὄντων
911 961 1244 1032 καθέστηκεν
1275 962 1319 994 ⁸⁵
1365 967 1397 1034 ή
1451 967 1610 1035 τριχῆ
1633 967 1676 997 ⁸⁵
1733 966 1920 1036 διῃρη-

353 1051 487 1121 μένη
520 1051 675 1104 οὐσία
697 1051 794 1103 ούκ
825 1053 880 1118 ἐξ
907 1052 1080 1107 ἄλλων
1105 1056 1435 1110 συνεστῶσα.
1475 1059 1710 1127 Πρώτως
1735 1060 1779 1089 ⁸⁸
1812 1060 1920 1128 ἄρα

351 1145 445 1196 καὶ
492 1143 804 1214 κυριώτατα
832 1144 874 1174 ⁸⁷
927 1145 1021 1198 καὶ
1084 1147 1318 1216 μάλιστα
1358 1149 1622 1218 λεγομένη
1674 1149 1829 1201 οὐσία
1871 1151 1921 1201 εἰ

352 1236 416 1284 ἐκ
439 1233 483 1266 ⁸⁸
515 1233 721 1286 τούτων
763 1235 1018 1306 ὑπάρχει,
1049 1236 1108 1300 ἐξ
1141 1237 1238 1290 οὐκ
1270 1238 1438 1291 ὄντων
1468 1237 1609 1291 κατὰ
1639 1237 1729 1289 τὸν
1769 1238 1923 1308 Ἀρι-

356 1323 611 1396 στοτέλην
644 1323 812 1378 ἐστίν.

428 1587 506 1643 ιϐ’.
561 1591 720 1644 Ἀλλὰ
763 1591 891 1663 περὶ
927 1591 1023 1662 μὲν
1055 1593 1152 1661 τῆς
1184 1592 1368 1654 οὐσίας
1398 1593 1621 1663 ἀρκέσει
1653 1593 1721 1646 τὰ
1751 1593 1906 1662 λεγό-

357 1698 490 1750 μενα
519 1681 629 1734 νῦν.
656 1682 729 1735 Οὐ
755 1682 910 1752 μόνον
942 1683 1048 1752 ast;
1074 1682 1228 1735 ούσία
1259 1683 1502 1736 καλεῖται
1543 1686 1696 1752 γένος
1725 1686 1768 1716 ⁶⁹
1791 1725 1805 1749 ,
1840 1682 1918 1736 εἴ·

353 1771 441 1834 δος
462 1812 476 1835 ,
509 1773 708 1840 ἄτομον
731 1812 744 1836 ,
777 1773 910 1826 ἀλλὰ
941 1774 1033 1826 καὶ
1063 1774 1160 1846 ὕλη
1199 1776 1290 1828 καὶ
1318 1770 1458 1837 εἶδος
1506 1777 1598 1828 καὶ
1630 1776 1910 1846 στέρησις.
1951 1766 1990 1818 Β

355 1865 610 1935 Διαφέρει
629 1865 745 1917 τοδε
768 1866 919 1918 οὐδὲν
934 1868 977 1897 ⁷⁸
1005 1869 1060 1919 έν
1086 1867 1295 1930 τούτοις
1326 1866 1591 1938 μενούσης
1611 1869 1711 1936 τῆς
1729 1872 1921 1938 τομῆς.

355 1957 622 2026 Τοιαύτης
653 1957 710 2010 δὲ
747 1956 918 2028 οὔσης
964 1959 1062 2028 τῆς
1091 1959 1298 2023 οὐσίας,
1329 1959 1474 2013 ἔστιν
1508 1963 1541 2030 ἡ
1592 1960 1684 2013 τοῦ
1720 1961 1923 2030 κόσμου

353 2049 581 2116 διαταγὴ
624 2051 964 2120 γεγενημένη
1015 2053 1134 2102 κατ’
1170 2052 1330 2104 αὐτὸν
1377 2051 1616 2104 τοιοῦτόν
1645 2070 1764 2104 τινα
1805 2052 1926 2123 τρό-

357 2158 470 2194 πον.
526 2142 583 2193 ὐ
613 2142 813 2210 κόσμος
847 2143 962 2194 ἐστὶ
1009 2143 1150 2196 κατὰ
1190 2143 1564 2213 Ἀριστοτέλην
1603 2143 1926 2214 διῃρημένος

357 2235 432 2296 είς
482 2233 621 2304 μέρη
677 2234 894 2288 πλείονα
945 2236 1040 2288 καὶ
1089 2235 1382 2306 [διάφορα’
1433 2237 1546 2308 καὶ]
1589 2239 1634 2269 ⁷⁸
1668 2238 1784 2289 ἔστι
1831 2237 1924 2290 τοῦ

356 2325 560 2395 κόσμου
598 2326 762 2396 μέρος
801 2326 966 2390 τοῦθ’,
1007 2329 1140 2399 ὅπερ
1171 2329 1317 2380 ἐστὶν
1353 2331 1459 2381 ἀπὸ
1499 2331 1598 2399 τῆς
1626 2332 1728 2399 γῆς
1765 2330 1924 2400 μέχρι

356 2418 453 2485 τῆς
486 2417 744 2488 σελήνης,
779 2420 1128 2489 ἀπρονόητον.
1167 2421 1553 2490 ἀκυϐέρνητον,
1591 2421 1926 2491 ἀρκούμενον

361 2511 494 2583 μόνῃ
526 2513 589 2578 τῇ
642 2509 800 2578 φύσει
938 2510 1130 2564 ἑαυτοῦ
1153 2551 1166 2572 ,
1197 2512 1255 2563 τὸ
1301 2513 1356 2564 δὲ
1395 2513 1531 2580 μετὰ
1569 2512 1664 2582 τὴν
1698 2514 1925 2582 σελήνην

360 2603 417 2654 ἐν
465 2601 613 2670 πάσῃ
642 2601 788 2664 τάξει
826 2603 916 2654 καὶ
957 2604 1182 2673 προνοίᾳ
1221 2603 1317 2654 καὶ
1363 2604 1689 2674 κυϐερνήσει
1727 2620 1924 2670 τεταγ-

366 2694 522 2762 μένον
551 2694 617 2755 ⁷³,
665 2693 828 2762 μέχρι
867 2694 964 2761 τῆς
997 2694 1317 2761 ἐπιφανείας
1363 2694 1457 2746 τοῦ
1502 2694 1733 2764 ούρανοῦ
1757 2713 1768 2725 ·
1803 2696 1835 2762 ἡ
1870 2694 1925 2747 δὲ

364 2786 670 2852 ἐπιφάνεια,
719 2785 939 2855 πέμπτη
967 2803 1049 2847 τις
1079 2785 1152 2856 [ν.
1188 2787 1293 2840 228
1314 2828 1328 2850 ,
1355 2785 1507 2858 29.9.]
1545 2783 1679 2838 οὖσα
1730 2788 1883 2838 οὐσία
1910 2826 1924 2850 ,

369 2875 614 2942 φυσικῶν
651 2875 1038 2945 ἀπηλλαγμένη
1077 2877 1351 2945 στοιχείων
1383 2877 1598 2929 πάντων
1620 2915 1634 2938 ,
1672 2876 1763 2943 ἀφ’
1792 2868 1864 2927 ὧν
1897 2875 1926 2928 ὁ

367 2966 568 3036 κόσμος
614 2968 710 3032 τὴν
760 2966 1012 3020 σύστασιν
1044 2967 1154 3038 ἔχει
1183 3009 1198 3034 ,
1236 2968 1328 3022 καὶ
1367 2969 1512 3022 ἔστιν
1564 2968 1700 3038 αὕτη
1752 2985 1837 3031 τις
1890 2970 1924 3038 ἡ

2023 523 2075 566 ει
2113 532 2235 582 qua:
2283 528 2412 569 sunt
2463 520 2652 571 horum
2689 521 2912 574 similia.
2969 522 3168 575 Horum
3217 534 3395 597 autem
3432 539 3593 575 unum

2021 607 2231 674 aliquod
2275 623 2370 675 per
2401 622 2460 661 sc
2501 620 2716 664 exstare
2754 614 2960 678 nequit,
3001 615 3092 666 sed
3139 622 3354 682 oportet
3407 615 3457 666 in
3492 614 3594 666 ali-

2020 713 2125 765 quo
2155 714 2295 751 esse.
2345 699 2398 752 Si
2443 708 2618 752 autem
2673 716 2847 767 neque
2892 703 3113 767 animal,
3157 704 3296 770 quod
3335 705 3398 756 de
3429 703 3595 756 omni-

2023 788 2120 840 bus
2161 789 2284 842 dico
2315 803 2433 856 qua:
2479 790 2686 858 singula
2727 793 2995 844 exsistunt
3043 793 3387 854 animalibus,
3423 806 3596 860 neque

2020 879 2343 937 accidentia,
2389 893 2506 946 qua:
2551 879 2603 931 in
2649 880 2920 942 omnibus,
2952 883 3144 949 quibus
3194 883 3468 945 accidunt,
3511 898 3594 935 reo

2022 968 2324 1034 periuntur,
2375 980 2599 1034 possunt
2643 971 2756 1037 ipsa
2807 986 2902 1038 per
2954 987 3012 1026 se
3071 973 3354 1029 exsistere.
3409 988 3471 1026 ex
3513 973 3595 1025 his

2022 1070 2200 1109 autem
2270 1061 2511 1113 conﬁunt
2579 1063 2849 1114 individua
2901 1080 3006 1116 :ex
3065 1081 3168 1117 non
3209 1065 3596 1137 exsistentihus

2022 1158 2232 1201 constat
2270 1149 2536 1202 trifariam
2582 1153 2771 1206 divisa‘
2810 1156 3140 1220 substantia,
3193 1170 3312 1221 qure
3365 1171 3468 1206 non
3526 1169 3593 1207 ex

2022 1237 2141 1289 aliis
2172 1237 2395 1291 conﬂata
2428 1251 2527 1293 est.
2566 1242 2704 1309 Ergo
2729 1245 2772 1296 si
2813 1245 3064 1311 primitus
3102 1253 3155 1298 et
3198 1247 3431 1298 maxime
3467 1261 3592 1309 pro-

2023 1331 2134 1398 prie
2192 1342 2247 1382 et
2296 1332 2638 1399 potissimum
2695 1337 2963 1403 appella-ta
3019 1339 3324 1390 substantia
3381 1352 3444 1389 ex
3511 1336 3596 1388 his

2021 1435 2216 1486 exstat,
2251 1441 2314 1477 ex
2363 1440 2467 1479 non
2521 1427 2930 1496 exsistentibus,
2980 1431 3021 1483 si
3061 1429 3405 1484 Aristotelem
3450 1430 3596 1481 audi-

2024 1529 2166 1576 tuus,
2204 1526 2307 1572 est.
2545 1574 2548 1578 ,

2091 1607 2174 1660 l9.
2217 1605 2320 1660 Sed
2367 1607 2430 1661 de
2475 1611 2778 1664 substantia
2827 1612 3046 1680 quidem
3096 1613 3230 1666 satis
3269 1620 3448 1674 erunt,
3481 1626 3598 1675 quae

2025 1713 2164 1750 nunc
2197 1699 2450 1754 diximus.
2481 1700 2802 1756 Substantia
2836 1713 3014 1756 autem
3057 1719 3160 1757 non
3190 1704 3361 1758 solum
3398 1718 3595 1770 genus,

2027 1790 2255 1856 species,
2290 1792 2616 1845 individuum
2665 1794 2991 1861 appellatur,
3035 1795 3130 1848 sed
3166 1795 3328 1848 etiam
3369 1796 3596 1847 materia

2027 1891 2082 1934 et
2127 1883 2334 1947 species
2387 1893 2440 1936 et
2501 1884 2749 1951 privatio.
2801 1882 2988 1936 Dili‘ert
3046 1893 3225 1937 autem
3277 1883 3433 1947 nihil,
3476 1897 3596 1935 cum

2028 1979 2245 2023 maneat
2300 1972 2350 2024 iu
2402 1973 2483 2025 his
2519 1972 2730 2024 divisio.
2766 1971 2912 2024 Talis
2958 1983 3132 2026 autem
3179 1989 3299 2026 eum
3351 1973 3420 2025 sit
3469 1971 3597 2024 sub-

2027 2060 2250 2121 stantia,
2301 2061 2479 2113 mundi
2516 2062 2808 2128 descriptio
2843 2061 2979 2113 facta
3025 2071 3106 2114 est
3145 2061 3438 2113 secundum
3475 2073 3596 2111 eum

2029 2147 2079 2202 in
2115 2151 2254 2202 hunc
2299 2148 2410 2202 fere
2456 2153 2694 2202 modum.
2733 2147 2962 2203 Mundus
3002 2151 3295 2202 secundum
3332 2148 3598 2199 Aristotc-

2027 2241 2129 2296 lem
2173 2242 2376 2296 divisus
2417 2250 2498 2296 est
2543 2243 2592 2294 in
2646 2252 2824 2310 partes
2872 2241 3177 2309 complures
3228 2249 3281 2292 et
3331 2240 3596 2297 diversas,

2027 2340 2213 2397 estque
2259 2330 2440 2382 mundi
2491 2345 2638 2397 pars,
2670 2344 2786 2396 qua:
2823 2339 2907 2382 est
2935 2344 2964 2381 a
3004 2338 3145 2381 terra
3183 2342 3356 2395 usque
3405 2328 3470 2378 ad
3509 2327 3596 2376 lu-

2027 2437 2174 2483 nam,
2228 2435 2421 2473 carens
2471 2420 2832 2488 providentia,
2887 2419 3296 2488 gubernatione,
3347 2425 3598 2470 contenta

2029 2511 2136 2562 sola
2183 2520 2372 2562 natura
2404 2525 2531 2573 sua;
2589 2509 2674 2560 illa
2707 2519 2904 2575 autem,
2950 2525 3069 2578 quae
3120 2517 3202 2562 est
3235 2517 3353 2576 post
3389 2507 3598 2564 lunam,

2029 2599 2080 2651 in
2108 2600 2252 2652 omni
2285 2599 2475 2651 ordine
2510 2607 2562 2652 et
2603 2600 2940 2666 providentia
2970 2609 3022 2651 et
3055 2598 3442 2667 gubernatione
3473 2610 3600 2648 con-

2029 2694 2220 2746 stituta
2257 2706 2426 2758 usque
2471 2693 2536 2744 ad
2583 2692 2920 2758 superﬁciem
2957 2692 3112 2754 caeli;
3157 2690 3470 2759 superlicies
3499 2703 3592 2740 au-

2031 2791 2156 2846 tem,
2187 2798 2304 2850 qua:
2333 2791 2418 2834 est
2452 2782 2636 2848 quinta
2657 2781 3024 2850 “354-355
3059 2781 3300 2850 qumdam
3348 2780 3600 2832 substan-

2031 2873 2124 2937 tia,
2170 2889 2198 2925 a
2253 2874 2593 2926 naturalibus
2640 2873 2926 2926 elementis
2972 2873 3144 2926 soluta
3194 2881 3276 2926 est
3325 2870 3598 2932 omnibus,

2029 2965 2169 3017 unde
2194 2965 2420 3016 mundus
2446 2965 2701 3015 fabricam
2727 2963 2908 3024 habet,
2940 2973 3129 3030 estque
3163 2963 3276 3015 haec
3300 2961 3598 3014 substantia

366 3059 589 3127 πέμπτη
625 3059 761 3111 κατὰ
792 3056 880 3111 τὸν
926 3060 1302 3129 Ἀριστοτέλην
1348 3061 1505 3114 οὐσία
1527 3100 1540 3122 ,
1573 3061 1735 3113 οἱονεὶ
1773 3060 1925 3114 οὐσία

2030 3056 2274 3124 quaedam
2324 3055 2620 3108 secundum
2669 3055 3014 3108 Aristotelem
3064 3055 3284 3121 quinta,
3349 3061 3602 3120 tanquam

361 3164 446 3210 τις
478 3147 866 3216 ὑπερκόσμιος.
911 3149 1020 3203 Καὶ
1047 3149 1266 3216 γέγονεν
1302 3150 1450 3220 αὐτῷ
1491 3150 1636 3204 κατὰ·
1659 3150 1756 3218 τὴν
1786 3149 1926 3202 διαί-

366 3253 514 3304 ρεσιν
539 3237 632 3289 τοῦ
666 3239 870 3308 κόσμου
907 3240 998 3291 καὶ
1049 3241 1076 3291 ὀ
1104 3240 1201 3309 τῆς
1245 3241 1562 3308 φιλοσοφίας
1592 3241 1926 3313 διῃρημένος

362 3328 532 3394 λόγος.
567 3327 800 3395 Φυσικὴ
833 3329 940 3398 γάρ
977 3347 1055 3391 τις
1093 3330 1380 3396 ἀκρόασις
1406 3332 1553 3400 αύτῷ
1580 3333 1822 3400 γέγονεν,
1869 3334 1926 3384 ὲν

364 3412 396 3490 ᾖ
429 3419 727 3488 πεπόνηται
754 3420 799 3450 ⁷⁵
834 3420 958 3489 περὶ
991 3420 1098 3471 τῶν
1129 3420 1288 3487 φύσει
1318 3423 1412 3474 καὶ
1449 3423 1508 3474 ού
1551 3423 1776 3492 προνοίᾳ
1802 3423 1931 3474 διοι-

364 3511 637 3580 κουμένων
670 3511 776 3562 ἀπὸ
810 3512 907 3579 τῆς
931 3511 1033 3580 γῆς
1067 3512 1226 3581 μέχρι
1258 3513 1356 3582 τῆς
1386 3513 1614 3583 σελήνης
1664 3515 1927 3582 πραγμά-

363 3620 487 3655 των.
518 3602 712 3669 Γέγονε
749 3602 804 3654 δὲ
826 3601 973 3671 αὐτῷ
1005 3603 1096 3654 καὶ
1152 3603 1286 3670 μετὰ
1315 3603 1381 3654 τὰ
1418 3603 1620 3668 φυσικὰ
1659 3603 1786 3671 περὶ
1819 3602 1928 3654 τῶν

367 3692 501 3762 μετὰ
551 3693 778 3762 σελήνην
817 3693 919 3744 ἰδία.
969 3710 1051 3755 τις
1098 3692 1229 3762 ἄλλη
1281 3691 1454 3755 οὕτως
1513 3691 1926 3762 ἐπιγραφομένη

364 3784 714 3850 πραγματεία
747 3783 917 3848 λόγων
942 3799 954 3811 ·
984 3781 1170 3849 γέγονε
1208 3782 1264 3833 δὲ
1297 3781 1445 3852 αὐτῷ
1493 3781 1630 3848 Περὶ
1655 3780 1929 3848 πέμπτης

361 3874 576 3938 οὐσίας
619 3873 750 3936 ἴδιος
798 3873 977 3940 λόγος,
1018 3874 1074 3935 ὃς
1123 3875 1267 3925 ἐστιν
1301 3872 1448 3942 αὐτῴ
1492 3871 1925 3940 Θεολογούμενος.

363 3964 593 4033 Τοιαύτη
639 3983 724 4025 τις
776 3965 933 4034 καὶὴ
985 3964 1250 4034 διαίρεσις
1299 3963 1406 4017 τῶν
1447 3963 1606 4029 ὅλων,
1650 3963 1724 4025 ὼς
1771 3963 1927 4032 τύπῳ

364 4056 701 4126 περιλαϐεῖν,
734 4054 851 4126 [καὶ
883 4055 1001 4126 τῆς]
1029 4057 1073 4086 ⁷⁵
1111 4055 1252 4108 κατᾶ
1300 4053 1677 4123 Ἀριστοτέλην
1714 4052 1929 4121 (piloso-

364 4149 488 4218 φίας
517 4149 582 4202 ⁷⁸.
601 4150 657 4200 Ὀ
685 4149 741 4200 δὲ
769 4148 901 4215 Περὶ
925 4146 1126 4216 ψυχῆς
1149 4148 1297 4216 αὐτῷ
1326 4146 1480 4214 λόγος
1510 4147 1656 4198 ἐστὶν
1685 4146 1922 4214 ἀσαφής.

375 4239 461 4293 Ἐν
495 4241 648 4310 τρισὶ
683 4239 791 4308 γὰρ
829 4239 1253 4310 συγγράμμασιν
1282 4238 1423 4299 ὅλοις
1456 4237 1554 4290 οὐκ
1587 4236 1731 4288 ἔστιν
1757 4238 1930 4288 εἰπεῖν

365 4331 570 4400 σαφῶς,
596 4331 624 4383 ὃ
648 4350 698 4383 τι
728 4333 914 4399 φρονεί
946 4330 1071 4400 περὶ
1101 4329 1279 4399 ψυχῆς
1311 4330 1321 4399 |
1366 4327 1929 4400 Ἀριστοτέλης.”“ον⁷⁷

2028 3147 2329 3202 substantia
2391 3150 2635 3215 quaedam
2684 3149 3139 3210 saperumudana.
3195 3148 3370 3214 Atque
3420 3155 3502 3198 est
3553 3146 3602 3198 ci

2025 3243 2319 3294 secundum
2369 3237 2690 3291 divisionem
2726 3237 2908 3290 mundi
2944 3247 2998 3290 et
3045 3236 3397 3304 philosophia:
3428 3252 3604 3290 sermo

2031 3332 2256 3385 divisus.
2308 3327 2533 3396 Physica
2569 3329 2710 3382 enim
2749 3331 2992 3396 quzedam
3031 3327 3353 3380 auscultatio
3401 3330 3467 3380 ab
3513 3328 3604 3382 illo

2027 3423 2299 3475 elaborata
2341 3431 2446 3483 est,
2486 3423 2536 3473 in
2573 3436 2676 3489 qua
2713 3429 2968 3473 accurate
3012 3419 3124 3487 egit
3161 3419 3226 3472 de
3263 3417 3441 3482 rebus,
3486 3435 3603 3488 qua:

2031 3525 2218 3568 natura
2267 3525 2323 3569 et
2371 3530 2474 3568 non
2526 3513 2858 3582 providentia
2903 3511 3348 3565 administrentur
3389 3525 3416 3564 a
3455 3520 3598 3566 terra

2029 3621 2200 3673 usque
2252 3607 2319 3658 ad
2373 3606 2574 3658 lunam.
2630 3604 3008 3671 Couscriptum
3061 3613 3241 3657 autem
3289 3611 3374 3657 est
3418 3603 3486 3656 ab
3538 3619 3603 3657 eo

2025 3699 2185 3751 etiam
2223 3709 2344 3765 post
2385 3697 2604 3765 physica
2640 3696 2782 3749 aliud
2834 3694 3106 3764 quoddam
3168 3695 3438 3762 peculiare
3471 3709 3604 3760 opus

2029 3788 2093 3840 de
2124 3787 2211 3850 iis,
2245 3802 2363 3854 qua:
2387 3797 2510 3839 sunt
2543 3794 2662 3854 post
2691 3785 2894 3848 lunam,
2928 3785 3070 3852 quod
3103 3783 3296 3837 exinde
3333 3782 3598 3853 .lletapltyo

2035 3879 2270 3930 sicorum
2316 3893 2512 3931 nomen
2545 3877 2772 3944 accepit.
2819 3875 3175 3944 Conscriptus
3207 3883 3384 3929 autem
3425 3887 3508 3930 est
3537 3875 3606 3928 ab

2028 3986 2092 4023 eo
2131 3971 2194 4023 de
2235 3970 2770 4039 quintajsubstantia
2803 3966 3093 4036 peculi-aiis
3126 3967 3278 4030 liber,
3313 3968 3402 4035 qui
3444 3978 3527 4020 est
3555 3965 3602 4018 ei

2029 4059 2164 4114 liber
2210 4061 2274 4113 de
2308 4060 2417 4112 Deo
2466 4059 2731 4125 rebusque
2785 4059 3000 4111 divinis.
3040 4056 3185 4109 Talis
3228 4057 3471 4124 qttazdatn
3520 4064 3604 4109 est

2030 4159 2083 4204 et
2110 4151 2402 4221 descriptio
2435 4149 2831 4212 universorum,
2886 4158 2944 4201 ut
2986 4149 3238 4202 universe
3275 4148 3603 4215 complecta-

2033 4257 2171 4305 mur,
2199 4249 2254 4294 et
2292 4240 2643 4310 philosophiae
2673 4238 3051 4292 Aristotelicte.
3092 4238 3390 4305 Disputatio
3425 4248 3603 4290 autem

2031 4331 2147 4398 ejus
2178 4331 2240 4382 de
2281 4331 2458 4382 anima
2495 4330 2725 4383 obscura
2756 4337 2856 4383 est.
2897 4329 2952 4381 lu
2996 4327 3166 4382 tribus
3202 4328 3346 4381 enim
3381 4327 3604 4395 integris

360 4419 467 4488 γὰρ
504 4418 798 4476 ἀποδίδωσι
841 4419 934 4488 τῆς
970 4419 1140 4487 ψυχῆς
1173 4420 1294 4488 ὅρον
1323 4419 1471 4470 ἐστὶν
1508 4420 1683 4470 εἰπεῖν
1721 4417 1922 4489 ῥᾴδιον,

2033 4421 2201 4488 libris,
2247 4438 2350 4476 non
2400 4422 2526 4475 licet
2586 4430 2769 4489 aperte
2830 4422 3030 4482 dicere,
3087 4420 3214 4487 quid
3273 4419 3485 4471 tandem
3540 4419 3603 4472 de

360 4507 418 4560 τὸ
453 4508 508 4560 δὲ
539 4508 641 4560 ὑπὸ
671 4509 795 4578 ὅρου
830 4508 1192 4578 δεδηλωμένον
1234 4509 1350 4560 ἐστὶ
1380 4507 1725 4578 δυσεύρετον.
1764 4509 1922 4561 Ἔστι

362 4601 468 4668 γὰρ
497 4599 566 4665 ⁷⁸,
596 4599 748 4668 φησὶ,
783 4599 926 4669 ψυχὴ
962 4598 1193 4666 φυσικοῦ
1226 4598 1474 4668 σώματος
1503 4597 1796 4668 ὀργανικοῦ
1842 4601 1927 4649 ὲν-

358 4691 624 4760 τελέχεια,
659 4692 776 4760 ἥτις
799 4691 845 4721 '9
877 4691 1005 4742 ποτέ
1042 4692 1176 4747 ἐστι.
1206 4689 1380 4756 λόγων
1418 4687 1580 4758 [πάνυ
1613 4689 1848 4760 πολλῶν]
1880 4690 1924 4719 ⁸ο

359 4783 530 4836 δεῖται
557 4786 652 4837 καὶ
687 4784 926 4853 μεγάλης
955 4783 1255 4854 ζητήσεως.
1289 4784 1346 4835 'U
1378 4784 1432 4835 δὲ
1458 4784 1611 4846 Θεὸς,
1647 4787 1674 4836 ὀ
1712 4784 1929 4836 πάντων

360 4875 563 4929 τούτων
592 4877 698 4929 τῶν
731 4877 898 4930 ὄντων
933 4876 1114 4929 καλῶν
1170 4875 1359 4941 αἴτιος,
1402 4870 1558 4937 οὗτος
1599 4876 1696 4945 τῆς
1749 4876 1928 4945 ψυχῆς

2035 4514 2211 4566 anima
2245 4514 2446 4567 sentiat
2489 4513 2836 4567 Aristoteles.
2885 4511 3018 4565 Nam
3057 4527 3216 4580 quam
3251 4512 3438 4566 reddat
3470 4513 3602 4564 deti-

2036 4606 2293 4659 nitionem
2324 4606 2538 4668 animae,
2575 4604 2729 4659 facile
2757 4615 2840 4658 est
2869 4606 3066 4666 dicere,
3098 4603 3229 4670 quid
3253 4611 3431 4655 autem
3469 4602 3603 4654 deii-

2035 4699 2240 4752 uitione
2270 4697 2357 4750 illa
2388 4697 2747 4765 signiﬁcatum
2780 4697 2869 4758 sit,
2901 4697 3130 4749 arduum
3159 4703 3240 4750 est
3307 4693 3600 4763 requirere.

2039 4789 2129 4842 Est
2165 4787 2328 4850 enim,
2362 4787 2557 4855 inquit,
2593 4787 2769 4839 anima
2803 4787 3064 4839 naturalis
3089 4785 3332 4855 corporis
3362 4784 3605 4854 organici

2035 4878 2354 4942 entelechia,
2395 4893 2524 4948 qua:
2560 4876 2690 4946 quid
2740 4877 2953 4930 tandem
3005 4877 3104 4930 sibi
3160 4875 3307 4939 velit,
3359 4876 3605 4944 disputa-

1656 5049 1888 5105 VARl/E
1922 5048 2320 5106 LliCTlONES.

1192 5205 1234 5234 ‘“
1270 5203 1390 5257 οὔτε
1435 5206 1522 5258 τά.
1563 5204 1684 5259 οὕτε
1725 5205 1787 5260 C.
1823 5204 1890 5258 Μ.

1337 5277 1380 5305 ⁸⁵
1411 5275 1569 5345 τριχὴ
1603 5277 1663 5330 C.

1307 5345 1350 5375 ⁸³
1388 5345 1560 5410 γένος.
1591 5347 1651 5396 τὸ
1684 5347 1838 5411 γένος
1871 5349 1932 5398 ιι.

433 5211 471 5240 ⁸¹
514 5209 644 5262 αὐτὸ
674 5206 750 5278 τῷ
795 5207 1014 5260 δυνατόν
1043 5205 1105 5260 C.

362 5284 448 5343 qui
478 5279 567 5330 καί
605 5279 886 5330 delemlnm
915 5290 1035 5330 esse
1059 5285 1260 5329 censet.

363 5350 407 5377 "
441 5350 487 5400 εἰ
521 5350 584 5400 ὲκ
617 5347 909 5414 Rueperns,
958 5347 1019 5398 ἐκ
1049 5345 1110 5407 C,
1158 5345 1226 5398 Μ.

1969 5205 2012 5236 ⁸³
2044 5207 2108 5257 ἐκ
2133 5205 2256 5257 τῶν.
2290 5204 2394 5257 τῶν
2426 5203 2485 5264 C,
2517 5203 2588 5257 Μ.

1741 5276 1784 5306 ⁵⁸
1830 5275 2089 5345 Πρώτως.
2133 5274 2327 5345 Πρώτη
2359 5274 2419 5335 C,
2463 5274 2532 5328 Μ.

2010 5346 2056 5374 ⁷⁰
2091 5343 2364 5414 Διαφέρει.
2421 5345 2494 5414 OQ
2541 5343 2786 5412 διαφέρει
2826 5343 3122 5414 ltueperus.

2666 5204 2710 5235 6"
2749 5203 3108 5273 καθέστηκεν.
3139 5203 3230 5255 καὶ
3262 5201 3407 5273 ἔστιν
3426 5201 3490 5267 C,

2613 5275 2654 5303 ⁸⁷
2702 5272 3032 5342 κυριώτατα.
3083 5272 3392 5343 κυριωτάτη
3426 5274 3486 5334 (.1,

3198 5342 3241 5372 ⁷¹
3275 5343 3446 5394 οὐδέν.
3485 5342 3606 5394 οὐδὲ

375 5420 436 5480 (ἰ,
459 5417 529 5472 Μ.
607 5417 652 5446 ⁷²
683 5410 952 5470 Lacunam
992 5416 1045 5468 in
1073 5417 1113 5468 C
1139 5417 1366 5482 explevit
1388 5413 1458 5470 Μ.
1535 5415 1580 5445 ⁷³
1603 5410 1955 5483 τεταγμένον.
1990 5410 2295 5482 τεταγμένη
2323 5415 2385 5467 C.
2459 5412 2506 5483 :“f
2547 5410 2865 5482 πεπόνηται.
2889 5412 3181 5483 πεποίηται
3205 5410 3265 5472 C,
3297 5411 3365 5464 Μ.
3401 5411 3605 5483 “Qui.

361 5488 458 5555 Ξῆς
512 5487 807 5552 ROBberns,
847 5503 953 5538 mn.
984 5485 1046 5548 C,
1079 5485 1148 5538 M.
1210 5480 1268 5516 ⁷⁸
1297 5480 1928 5555 φιλοσοφίαςῙὶυιέιὶειιιε,
1963 5480 2413 5555 φιλοσνοφῆσαιιὶ,
2563 5484 2655 5555 qui
2683 5480 2827 5555 conj.
2869 5480 3345 5555 φιλοσοφήσαντα.-
3378 5480 3444 5555 ’⁷⁷
3483 5481 3597 5555 Ὄχ.

361 5551 468 5608 Ἶίν
504 5573 586 5626 pr.
605 5551 694 5626 κο.

773 5555 818 5587 ’⁸
849 5555 982 5609 Vide
1023 5555 1246 5608 Aristot.
1296 5555 1368 5605 De
1403 5556 1577 5606 anima
1608 5552 1669 5614 ll,
1703 5569 1751 5606 ς.
1784 5553 1834 5606 1.
1883 5554 1952 5606 Μ.

2028 5555 2073 5583 ⁷⁸
2164 5547 2266 5614 τίς.
2311 5553 2428 5622 ἥτις
2458 5554 2516 5606 C.
2585 5547 2638 5582 ⁸ο
2685 5547 2856 5618 λόγων
2882 5547 3029 5602 πάνυ
3071 5547 3296 5602 πολλῶν.
3333 5547 3595 5622 λέγωνβ,

361 5615 535 5691 λόγων
572 5625 640 5684 Μ,
673 5625 1051 5692 redintegravit
1097 5625 1265 5680 Ιοειιιιι
1304 5623 1598 5691 Ruepcrus,
1629 5639 1750 5678 Cllll‘.
1802 5623 1942 5675 πάνυ
1999 5615 2203 5673 πολλῶν
2243 5638 2302 5676 L‘).
2333 5615 2381 5675 Ἰ,
2529 5624 2631 5677 [HIC
2666 5615 2982 5675 ι·ριι·;ι1ιυιιιι;ι
3015 5638 3131 5676 €550
3164 5621 3452 5689 μοι-διηλλξι,
3490 5615 3594 5670 Πίος

361 5695 594 5763 ἐλέγχων
628 5696 1046 5762 conjeccramus.
