4060 6196
424 275 564 339 3353

1884 261 2190 323 ὈΒΚἙΕΝ
2198 261 2267 320 15

3528 258 3675 323 335$

423 400 615 445 versus
635 401 727 441 ser
753 388 989 442 tenebris
1011 382 1342 456 subiacens),
1373 382 1533 453 βάτον
1573 388 1775 446 autem,
1808 377 1993 447 inquit,

2120 374 2221 431 Ἐν
2266 373 2424 444 ἀρχῇ
2468 373 2762 440 ἐποίησεν
2811 376 2844 427 ὁ
2908 374 3050 438 Θεὸς
3098 373 3205 427 τὸν
3256 370 3517 441 οὐραγὸν
3570 380 3677 426 καὶ

424 478 558 532 dixit
576 476 771 542 Moses,
797 477 922 547 quia
947 479 1174 545 desuper
1206 475 1458 529 deorsum
1481 486 1672 526 omnes
1709 480 1993 540 pertrans-

424 570 604 624 ieruut
639 569 788 623 lucis
811 568 1042 635 species,
1074 566 1270 636 quibus
1299 580 1395 621 aer
1425 559 1994 635 permeabiliswaedg)

424 668 526 715 est.
552 659 665 714 Non
714 666 892 711 autem
930 657 1109 711 minus
1137 657 1302 711 etiam
1335 655 1492 709 nobis
1536 654 1757 708 verbum
1801 666 1831 705 a
1859 650 1995 705 rubo

426 758 609 801 notum
636 747 713 812 ﬁt,
742 760 851 799 vox
898 747 1069 811 enim,
1118 746 1429 816 signiticans
1470 742 1718 809 verbum,
1771 749 1858 797 est
1899 756 1997 796 aer

422 838 687 906 pulsatus,
721 853 830 907 quo
884 839 1101 908 dempto
1133 836 1354 891 verbum
1390 836 1682 890 humanum
1734 848 1843 888 non
1905 846 1999 887 co-

423 929 726 996 gnoscitur.
761 927 880 983 Non
908 927 1083 984 solum
1110 937 1289 982 autem
1310 928 1544 981 verbum
1593 924 1751 980 nobis
1780 939 1809 978 a
1840 923 1995 987 rubo,

424 1018 525 1071 hoc
557 1026 642 1072 est
672 1016 740 1071 ab
765 1032 891 1073 aere
922 1017 1069 1088 leges
1100 1016 1193 1071 dat
1222 1026 1275 1071 et
1308 1016 1590 1071 nobiscum
1619 1022 1884 1075 versatur,
1901 1010 1996 1067 sed

423 1107 566 1161 enim
596 1116 650 1161 et
676 1107 872 1163 odores
902 1116 956 1162 et
979 1108 1188 1163 colores
1210 1121 1308 1177 per
1343 1120 1521 1161 aerem
1568 1103 1722 1159 nobis
1767 1101 1996 1157 faculta-

426 1207 504 1252 tes
524 1214 649 1254 suas
673 1198 1043 1257 manifestam.

2099 467 2215 535 τὴν
2262 464 2398 536 γῆν.
2453 463 2656 517 Τοῦτον
2694 463 2840 532 λέγει
2890 462 3134 531 Μωῦσῆς
3167 462 3211 494 ⁷⁵
3262 464 3484 534 πύρινον
3540 462 3679 518 Θεὸν

2101 557 2208 612 ἀπὸ
2236 555 2331 609 τοῦ
2372 554 2535 626 βάτου
2569 554 2905 625 λαλήσαντα,
2943 553 3219 606 τουτέστιν
3255 552 3364 605 άπὸ
3403 552 3499 605 τοῦ
3548 570 3679 607 σκο-

2100 647 2278 703 τεινοῦ
2306 648 2466 718 ἀέρος
2487 662 2501 678 ’
2528 646 2689 717 βάτος
2721 648 2828 719 γάρ
2862 648 2977 700 ἐστι
3018 647 3127 709 πᾶς
3177 647 3206 698 ό
3245 647 3424 700 σκότει
3456 647 3681 700 ὑποκεί-

2107 755 2266 810 μενος
2328 737 2474 807 άήρ·
2532 736 2692 806 βάτον
2742 737 2797 790 δὲ
2827 777 2842 801 ,
2885 737 3085 806 φησὶν,
3136 736 3330 807 εἴρηκε
3389 739 3674 808 Μωῦσῆς,

2102 830 2186 884 ὅτι
2244 827 2453 883 ἄνωθεν
2512 828 2664 880 κάτω
2719 829 2892 882 πᾶσαι
2949 825 3208 898 διέϐησαν
3260 826 3352 880 τοῦ
3410 828 3591 896 φωτὸς
3618 830 3679 883 αἱ

2105 918 2242 972 ἰδέα.
2265 916 2434 985 βατδν
2454 917 2502 949 ⁷⁸
2530 916 2751 987 ἔχουσαι
2785 916 2873 971 τὸν
2900 917 3056 987 ἀέρα.
3096 917 3267 971 Ούδὲν
3295 916 3353 971 δὲ
3379 912 3543 987 ἦττον
3580 921 3680 973 καὶ

2099 1011 2233 1079 ἡμῖν
2258 1010 2287 1062 δ
2319 1007 2479 1077 λόγος
2512 1007 2620 1060 ἀπὸ
2649 1005 2744 1061 τοῦ
2794 1006 2957 1076 βάτου
2990 1007 3347 1077 γνωρίζεται’
3383 1008 3537 1077 φωνὴ
3566 1011 3677 1080 γάρ

2099 1098 2217 1150 ἔστι
2247 1096 2560 1167 σημαντικὴ
2580 1096 2674 1150 τοῦ
2705 1096 2864 1165 λόγου
2891 1096 3271 1166 πλησσόμενος
3296 1098 3426 1170 ἀὴρ,
3462 1092 3523 1152 οὗ
3552 1100 3679 1169 δίχα

2098 1189 2258 1258 λόγος
2286 1187 2629 1259 ἀνθρώπινος
2655 1189 2715 1241 οὐ
2741 1188 3093 1259 γνωρίζεται.
3134 1190 3210 1243 Ού
3241 1190 3403 1260 μόνον
3429 1191 3486 1245 δὲ
3518 1192 3548 1242 ὁ
3578 1193 3673 1246 λό-

422 1307 517 1359 γος
547 1294 678 1365 ἡμῖν
704 1293 811 1348 ἀπὸ
836 1293 929 1347 τοῦ
961 1293 1124 1364 βάτου
1146 1334 1161 1359 ,
1188 1292 1470 1347 τουτέστιν
1492 1290 1677 1363 άέρος,
1702 1288 1989 1361 νομοθετεῖ
2044 1284 2142 1339 καὶ¹
2187 1282 2672 1354 συμπολιτεύεται,
2700 1281 2839 1335 ἀλλὰ
2886 1281 2995 1354 γὰρ
3026 1283 3121 1337 καὶ
3160 1282 3329 1352 ὀσμαὶ
3401 1284 3498 1337 καὶ
3526 1283 3679 1356 χρῶ-

424 1399 571 1455 ματα
598 1385 685 1438 διά
728 1384 822 1438 τοῦ
859 1386 1017 1456 ἀέρος
1059 1387 1190 1457 ἡμῖν
1242 1385 1341 1448 τὰς
1376 1384 1634 1455 δυνάμεις
1666 1384 1767 1445 τὰς
1791 1378 1985 1435 ἑαυτοῦ
2023 1376 2441 1448 ἐμφανίζουσιν.

492 1476 578 1530 10.
620 1475 721 1530 Hie
749 1476 911 1546 igitur
938 1478 1068 1531 deus
1093 1477 1301 1547 igneus,
1328 1474 1419 1544 qui
1474 1471 1615 1543 ignis
1663 1487 1693 1524 a
1740 1470 1860 1525 luce
1891 1485 1990 1525 ex-

423 1563 581 1628 stitit,
622 1564 879 1618 mundum
906 1563 1034 1618 fecit
1066 1564 1137 1618 ita
1168 1572 1226 1617 ut
1255 1562 1431 1617 Moses
1458 1562 1555 1627 ait,
1580 1559 1695 1630 ipse
1732 1574 1853 1613 cum
1878 1572 1988 1612 non

2171 1463 2223 1520 t'.
2261 1459 2431 1528 Οὗτος
2456 1458 2551 1518 οὖν
2576 1465 2604 1518 ό
2627 1463 2917 1537 πυροειδὴς
2949 1463 3068 1527 θεὸς
3087 1464 3156 1530 ⁷⁷,
3187 1464 3216 1517 ό
3238 1464 3346 1538 πῦρ
3374 1466 3483 1520 ἀπὸ
3502 1470 3681 1536 φωτὸς

2096 1556 2385 1626 γενόμενος
2449 1556 2716 1626 πεποίηκε
2770 1555 2863 1608 τὸν
2919 1556 3123 1626 κόσμον
3170 1555 3382 1623 οὕτως,
3424 1558 3502 1621 ὥς
3543 1578 3679 1631 φησι

419 1652 683 1708 subsistat
707 1653 945 1708 tenebris
972 1663 1224 1722 tanquam
1257 1652 1561 1708 substantia
1604 1660 1781 1715 utens,
1807 1663 1993 1719 perpe-

2097 1648 2343 1717 Μωῦσῆς
2366 1685 2381 1711 ,
2414 1647 2576 1710 αὐτὸς
2620 1645 2695 1700 ὣν
2724 1646 3101 1710 ἀνυπόστατος
3126 1685 3142 1709 ,
3174 1649 3368 1711 σκότος
3409 1649 3548 1720 ἔχων
3577 1652 3681 1723 τὴν

424 1754 517 1797 tuo
544 1744 889 1799 contumeliis
920 1742 1159 1799 alliciens
1202 1754 1437 1799 aeternas
1484 1742 1603 1797 illas
1650 1743 1882 1809 desuper
1911 1740 1995 1794 in-

424 1831 579 1887 ferne
601 1844 879 1903 susceptas
908 1835 1049 1890 lucis
1080 1844 1255 1890 notas.
1287 1833 1474 1905 Usque
1513 1832 1868 1905 5.20-5.21
1897 1831 1999 1902 igi-

424 1933 511 1977 tur
544 1923 610 1977 ad
670 1923 965 1981 Salvatoris
997 1926 1386 1997 apparitionem
1434 1940 1462 1979 a
1499 1926 1599 1979 deo
1635 1924 1771 1978 lucis
1802 1925 1994 1992 igneae,

424 2012 727 2081 rlemiurgo,
762 2016 928 2068 multa
964 2015 1212 2084 quaedam
1238 2020 1357 2069 erat
1406 2012 1607 2069 erratio
1651 2012 1993 2078 animarum;

425 2101 621 2157 animus
660 2102 873 2176 (ψυχαί)
897 2105 1040 2161 enim
1071 2105 1203 2159 idem
1234 2103 1595 2174 appellantur,
1620 2108 1744 2172 quia
1771 2102 1998 2172 refrigeo

425 2204 558 2247 ram
588 2207 617 2247 ιι
647 2195 900 2263 supernis
929 2195 982 2249 in
1018 2196 1257 2251 tenebris
1277 2204 1563 2265 peragunt,
1624 2192 1997 2249 transmittam:

425 2298 456 2337 e
483 2286 805 2355 corporibus
830 2288 885 2342 in
911 2301 1142 2357 corpora
1184 2301 1213 2340 a
1245 2287 1525 2355 demiurgo
1552 2284 1846 2339 custodita.
1870 2282 1998 2340 litec

426 2383 606 2428 autem
641 2375 712 2428 ita
747 2390 888 2440 esse,
936 2374 1139 2443 inquit,
1182 2374 1309 2429 licet
1359 2375 1528 2429 etiam
1572 2388 1638 2427 ex
1666 2371 1767 2427 Job
1800 2372 1998 2428 intelli-

431 2479 581 2535 gere,
602 2481 725 2521 cum
754 2467 884 2521 dicit
909 2484 922 2520 :
956 2463 1026 2519 Et
1051 2483 1143 2536 ego
1172 2483 1286 2522 sum
1322 2482 1439 2521 erro
1463 2476 1511 2520 et
1547 2466 1602 2519 in
1622 2464 1793 2537 locum
1819 2481 1846 2519 e
1866 2465 1995 2520 locis

424 2558 689 2613 transiens
720 2566 769 2611 et
802 2560 857 2613 in
902 2558 1114 2613 domum
1170 2574 1234 2613 ea:
1260 2558 1437 2624 domo,
1488 2567 1544 2613 et
1576 2572 1696 2611 cum
1741 2556 1995 2613 Salvator

416 2648 557 2703 dicit
588 2667 601 2702 :
644 2648 713 2702 Et
752 2649 797 2702 si
821 2648 979 2703 vultis
1009 2648 1258 2719 recipere,
1284 2649 1393 2719 ipse
1415 2656 1490 2703 est
1532 2646 1713 2715 Elius,
1755 2650 1843 2718 qui
1872 2664 1995 2703 ven-

424 2747 573 2795 turus
602 2752 702 2796 est.
755 2742 858 2806 Qui
910 2742 1064 2797 habet
1123 2758 1276 2797 aures
1324 2741 1577 2795 audiendi
1623 2742 1834 2795 audiat.
1869 2741 1995 2796 Inde

423 2841 606 2888 autem
664 2848 695 2887 a
730 2831 1021 2889 Salvatore
1072 2834 1327 2906 migratio
1376 2834 1681 2889 animarum
1736 2836 1994 2900 cessavit,

424 2925 557 2979 ﬁdes
587 2940 718 2980 vero
747 2926 1070 2995 praedicatur
1100 2926 1168 2980 ad
1201 2925 1577 2981 remissionem
1621 2936 1992 2996 peccatorum.

423 3013 539 3069 Tali
566 3018 798 3085 quodam
841 3019 1001 3072 modo
1050 3018 1364 3086 unigenitus
1416 3017 1558 3071 ﬁlius
1589 3017 1697 3083 ille,
1735 3033 1858 3073 cum
1885 3033 1991 3072 330-

421 3124 572 3175 num,
614 3108 706 3178 qui
742 3122 903 3177 supra
933 3116 1082 3172 sunt,
1116 3107 1267 3161 ideas
1294 3106 1503 3161 videret
1542 3110 1771 3176 desuper
1808 3116 1988 3162 trans-

421 3209 659 3256 mutatas
720 3200 774 3253 in
831 3197 1182 3254 tenebricosis
1230 3196 1565 3267 corporibus,
1612 3198 1844 3255 liberare
1896 3214 1990 3255 eas

416 3292 757 3347 descendens
784 3290 974 3345 voluit.
1011 3289 1144 3345 Cum
1178 3299 1356 3344 autem
1415 3289 1598 3356 sciret,
1647 3298 1706 3344 ut
1749 3290 1993 3360 pleroma

428 3384 806 3437 universorum
840 3396 1049 3436 teonum
1089 3379 1248 3435 simul
1274 3379 1542 3445 viderent,
1576 3394 1645 3435 ne
1676 3394 1857 3435 mones
1881 3381 1994 3450 qui-

422 3472 544 3527 dem
604 3472 807 3536 valere,
883 3470 976 3525 sed
1031 3478 1411 3525 consternatos
1471 3483 1567 3525 eos
1611 3469 1992 3538 corruptibiles

420 3565 823 3633 corruptionem
899 3562 1053 3631 pati,
1130 3560 1505 3630 magnitudine
1579 3569 1634 3616 et
1685 3560 1993 3642 _splendore

418 3655 704 3725 potestatis
756 3664 1033 3723 correptos
1074 3670 1089 3708 :
1143 3653 1323 3723 coegit
1376 3667 1436 3707 se
1509 3661 1763 3722 tanquam
1810 3652 1991 3723 fulgur

419 3748 715 3803 maximum
743 3748 797 3801 in
842 3746 1065 3802 minimo
1106 3759 1358 3814 corpore,
1410 3745 1518 3800 imo
1570 3759 1700 3800 vero
1728 3755 1989 3814 tanquam

419 3837 600 3893 lumen
643 3836 785 3892 oculi
842 3837 944 3892 sub
997 3835 1273 3906 palpebris
1335 3845 1605 3902 coactum,
1644 3845 1699 3891 et
1744 3836 1992 3904 pervenit

418 3944 590 3998 usque
615 3929 682 3983 ad
704 3927 923 3994 cmlum,
954 3928 1257 3997 stellisque,
1292 3943 1413 3997 quae
1438 3928 1509 3983 ibi
1538 3936 1686 3991 sunt,
1714 3926 1992 3983 contactis

419 4035 608 4076 rursus
640 4033 701 4075 se
748 4020 892 4089 cogit
950 4018 1052 4073 sub
1107 4018 1379 4088 palpebris
1419 4018 1561 4074 oculi
1611 4019 1828 4087 quando
1854 4018 1988 4073 vult.

418 4111 674 4181 Idemque
717 4126 839 4166 cum
893 4109 1025 4165 facit
1068 4108 1250 4165 lumen
1304 4109 1470 4174 oculi,
1512 4110 1655 4179 quod
1701 4120 1757 4164 et
1788 4110 1990 4181 ubique

418 4203 631 4258 exsistit
671 4212 724 4258 et
764 4201 981 4266 omnia,
1020 4200 1176 4256 nobis
1230 4210 1315 4256 est
1367 4201 1661 4267 occultum,
1718 4202 1991 4258 cernimus

2058 1744 2061 1747 ’
2095 1738 2307 1803 ούσίαν,
2344 1737 2648 1809 ἐνυϐρίζων
2688 1739 2776 1791 ἀεὶ
2816 1741 2929 1801 τοῖς
2967 1737 3436 1809 κατειλημμένοις
3472 1740 3680 1795 ἄνωθεν

2096 1831 2248 1885 κάτω
2268 1829 2364 1884 τοῦ
2399 1831 2411 1897 1
2441 1830 2618 1899 φωτὸς
2641 1829 2880 1893 αἰωνίοις
2902 1827 2976 1900 [ρ.
2999 1828 3128 1894 266,
3150 1830 3282 1902 267]
3311 1835 3676 1905 χαρακτῆρσι.

2094 1923 2273 1993 Μέχρι
2297 1922 2395 1993 μὲν
2419 1919 2514 1975 οὖν
2539 1923 2639 1993 τῆς
2667 1922 2761 1975 τοῦ
2788 1922 3038 1991 Σωτῆρος
3066 1924 3430 1993 φανερώσεως
3454 1926 3560 1978 ὑπὸ
3584 1927 3678 1979 τοῦ

2096 2013 2231 2067 Θεοῦ
2274 2013 2366 2067 τοῦ
2409 2014 2588 2083 φωτὸς
2630 2012 2725 2066 τοῦ
2774 2013 3091 2083 πυρώδους,
3152 2013 3247 2067 τοῦ
3302 2016 3673 2089 δημιουργοῦ,

2094 2104 2263 2176 πολλή
2294 2122 2377 2169 τις
2426 2100 2495 2175 ἦν
2526 2104 2700 2175 πλάνη
2734 2103 2841 2157 τῶν
2862 2104 3076 2174 ψυχῶν·
3098 2105 3270 2175 ψυχαὶ
3300 2108 3412 2177 γάρ
3444 2111 3500 2162 αἰ
3543 2111 3677 2165 ἰδέαι

2095 2195 2426 2263 καλοῦνται,
2463 2196 2545 2249 ὅτι
2579 2194 2946 2264 άποψυγείσαι
2982 2196 3092 2248 τῶν
3120 2196 3232 2250 ἄνω
3259 2200 3317 2251 ἐν
3349 2200 3531 2254 σκότει
3556 2200 3673 2255 διας

2093 2286 2329 2351 τελοῦσι,
2382 2286 2857 2356 μεταϐαλλόμεναι
2888 2286 2952 2338 ὲκ
2993 2287 3262 2358 σωμάτων
3302 2291 3382 2352 εἰς
3410 2289 3668 2360 σώματα,

2096 2376 2202 2429 ὑπὸ
2242 2376 2339 2431 τοῦ
2389 2374 2729 2447 δημιουργοῦ
2770 2374 3179 2447 φρουρούμενα.
3241 2378 3357 2431 Ὅτι
3405 2380 3465 2431 δὲ
3512 2382 3665 2433 τοῦθ’

2096 2466 2267 2531 οὔτως
2295 2466 2431 2537 ἔχει,
2471 2468 2658 2538 φησὶν,
2687 2465 2898 2520 ἔνεστιν
2923 2466 2970 2498 ⁷⁸
2994 2467 3089 2521 καὶ
3120 2470 3177 2520 ἐκ
3202 2467 3289 2521 τοῦ
3331 2468 3451 2521 ἰὼϐ
3480 2487 3654 2523 κατα-

2095 2559 2284 2628 νοῆσαι
2308 2558 2585 2627 λέγοντος·
2617 2557 2725 2611 Καὶ
2748 2556 2863 2627 ἐγὼ
2890 2558 2932 2590 ⁷⁵
2963 2557 3251 2628 πλανῆτις
3277 2559 3320 2590 ⁸⁵
3342 2557 3440 2611 καὶ
3468 2562 3655 2613 τόπον

2094 2650 2162 2704 ἐκ
2202 2651 2401 2704 τόπων
2454 2649 2909 2720 μεταϐαίνουσα
2952 2651 3055 2705 καὶ
3084 2652 3278 2705 οἰκίαν
3320 2651 3385 2715 ἑξ
3424 2653 3663 2719 οἰκίας,

2097 2742 2192 2795 καὶ
2219 2740 2311 2794 τοῦ
2336 2741 2596 2812 Σωτῆρος
2633 2741 2885 2808 λέγοντος
2906 2759 2921 2772 ο
2960 2743 3070 2796 Καί
3105 2745 3158 2796 εἰ
3184 2742 3387 2799 θέλετε
3416 2744 3461 2775 ⁸¹
3491 2744 3671 2809 δέξα-

2096 2834 2257 2895 σθαι,
2288 2831 2467 2897 ιιὺτός
2496 2831 2669 2884 ἐστιν
2712 2831 2910 2898 Ἠλίας
2946 2831 3236 2903 ὀμέλλων
3262 2834 3569 2903 ἔρχεσθαι.
3611 2835 3676 2889 '0

2050 2977 2066 3002 δ
2097 2923 2255 2993 ἔχων
2276 2918 2397 2977 ὦτα
2448 2923 2693 2977 ἀκούειν
2721 2922 3005 2978 ἀκουέτω.
3059 2924 3192 2978 Ἀπὸ
3223 2924 3277 2978 δὲ
3305 2926 3399 2979 τοῦ
3428 2927 3681 2999 Σωτῆρος

2103 3012 2597 3082 μετενσωμάτωσις
2636 3010 2952 3077 πέπαυται,
3005 3013 3190 3079 πίστις
3243 3015 3299 3068 δὲ
3336 3016 3678 3087 κηρύσσεται

2098 3104 2180 3166 εἰς
2224 3103 2418 3171 ἄφεσιν
2455 3103 2756 3174 ἁμαρτιῶν.
2806 3103 3056 3157 Τοιοῦτόν
3083 3122 3204 3159 τινα
3236 3108 3439 3179 τρόπον
3468 3113 3495 3162 ό
3520 3128 3671 3180 μονο-

2098 3193 2262 3263 γενὴς
2294 3194 2421 3256 Υἱὸς
2451 3195 2683 3259 ἐκεῖνος,
2717 3197 2745 3247 ό
2773 3194 2882 3248 τῶν
2913 3196 3125 3251 αἰώνων
3165 3199 3373 3253 ἄνωθεν
3405 3201 3504 3264 τὰς
3538 3201 3683 3265 ἰδέας

2102 3283 2316 3354 βλέπων
2354 3284 2451 3347 τὰς
2477 3284 2682 3338 ἄνωθεν
2712 3286 3188 3357 μεταϐαλλομένοις
3221 3291 3278 3342 έν
3313 3294 3429 3355 τοῖς
3470 3284 3682 3346 σκοτει-

2098 3378 2209 3439 νοῖς
2239 3374 2492 3445 σώμασι,
2548 3376 2813 3448 ῥύσασθαι
2855 3377 3130 3431 κατελθὼν
3177 3380 3469 3452 ἠθέλησεν.
3506 3382 3680 3447 Εἰδὼς

2100 3467 2179 3533 δὲ,
2212 3466 2295 3519 ὅτι
2332 3466 2393 3519 τὸ
2446 3466 2722 3537 πλήρωμα
2749 3468 2859 3521 τῶν
2891 3469 3031 3523 ὅλων
3061 3469 3271 3525 αἰώνων
3306 3473 3429 3527 οὐδὲ
3466 3475 3517 3527 οἱ
3544 3475 3677 3527 αἰῶ-

2099 3576 2187 3623 νες
2211 3559 2406 3632 ἀθρόον
2426 3560 2471 3593 ⁸⁸
2504 3561 2632 3614 ἰδεῖν
2655 3562 3036 3634 ὑπομένουσιν,
3066 3565 3201 3620 ἀλλὰ
3232 3569 3678 3637 καταπλαγέντες

2099 3651 2149 3703 οἰ
2183 3652 2229 3684 ⁸³
2266 3651 2496 3723 φθαρτοὶ
2520 3652 2727 3723 φθορὰν
2759 3655 3091 3726 ὑπομένουσι
3120 3697 3137 3723 ,
3174 3660 3394 3728 μεγέθει
3428 3642 3527 3715 καί
3551 3662 3679 3735 δόξῃ

2099 3743 2382 3814 δυνάμεως
2446 3745 2917 3815 κατειλημμένοι,
2977 3750 3260 3815 συστείλας
3336 3752 3528 3807 ἑαυτὸν
3598 3753 3679 3819 ὡς

2099 3834 2388 3906 ἀστραπὴν
2421 3834 2685 3905 μεγίστην
2721 3838 2779 3889 ὲν
2816 3838 3088 3911 ἐλαχίστῳ
3120 3840 3351 3913 σώματι,
3387 3844 3590 3913 μᾶλλον
3619 3846 3679 3898 δὲ

2099 3925 2177 3988 ὡς
2215 3926 2332 3995 φῶς
2375 3925 2551 3992 ὅψεως
2591 3927 2694 3979 ὑπὸ
2738 3931 2851 3991 τοῖς
2899 3929 3189 4000 βλεφάροις
3228 3934 3676 4006 συνεσταλμένον,

2098 4015 2389 4079 ἐξικνεῖται
2430 4015 2626 4086 μέχρις
2658 4018 2916 4089 ούρανοῦ,
2969 4025 3064 4077 καὶ
3108 4023 3216 4077 τῶν
3257 4025 3503 4097 ἀστέρων
3548 4027 3675 4081 ἑπι-

2096 4105 2314 4174 ψαύσας
2340 4108 2448 4162 τῶν
2476 4109 2525 4141 “
2558 4111 2676 4162 ἐκεῖ
2705 4109 2866 4165 πάλιν
2894 4112 3089 4168 ἑαυτὸν
3119 4115 3402 4168 συστέλλει
3432 4115 3539 4169 ὑπὸ
3561 4119 3677 4178 τοῖς

2098 4199 2387 4271 βλεφάροις
2438 4200 2539 4267 τῆς
2617 4202 2792 4273 ὅψεως
2841 4204 2931 4258 ὅτε
2978 4205 3245 4277 βούλεται.
3299 4207 3411 4261 Καὶ
3444 4209 3601 4262 τοῦτο
3630 4207 3675 4238 ⁸⁸

420 4303 599 4348 autem
638 4308 739 4348 nos
768 4293 843 4346 nil
867 4291 974 4347 nisi
1006 4290 1147 4346 oculi
1191 4290 1497 4361 palpebras,
1534 4289 1762 4360 angulos
1802 4291 1990 4348 candi-

2101 4290 2288 4345 ποιοῦν
2331 4292 2391 4344 τὸ
2435 4293 2553 4361 φῶς
2585 4295 2683 4366 τῆς
2732 4295 2907 4364 ὅψεως
2930 4335 2944 4360 ,
2974 4298 3071 4351 καὶ
3100 4299 3349 4369 πανταχῆ
3391 4300 3675 4369 γινόμενον

423 4382 540 4450 dos,
578 4381 947 4437 membranam
972 4380 1175 4446 laxam,
1206 4380 1506 4447 sinuosam,
1550 4394 1828 4444 venosam,
1852 4383 1993 4437 tuni-

2105 4382 2202 4436 καὶ
2250 4381 2463 4448 πάντα,
2512 4386 2646 4454 ἡμῖν
2686 4387 2834 4440 ἐστιν
2882 4387 3129 4456 ἀφανὲς,
3166 4390 3328 4459 μόνον
3369 4390 3426 4444 δὲ
3456 4390 3672 4461 ὁρῶμεν

423 4488 543 4528 cam
573 4486 848 4541 corneam,
878 4473 977 4527 sub
1008 4486 1071 4527 ea
1123 4481 1299 4525 autem
1337 4472 1593 4542 pupillam
1633 4487 1990 4540 racemosam,

2098 4472 2262 4541 ἡμεῖς
2290 4471 2467 4541 ὅψεως
2501 4472 2770 4544 βλέφαρα,
2811 4476 3042 4540 κανθοὺς
3075 4475 3305 4541 λευκοὺς
3328 4518 3342 4542 ,
3378 4480 3547 4549 ὑμένα
3575 4478 3673 4532 εὑ-

427 4564 798 4628 reticulatam,
843 4562 1238 4628 orbiculatam,
1278 4562 1398 4616 etsi
1442 4576 1562 4631 quae
1616 4561 1735 4616 aliae
1772 4562 1992 4618 luminis

2102 4564 2198 4634 ρὺν
2233 4564 2278 4596 ⁸⁸
2313 4564 2655 4635 πολύπτυχον
2701 4568 3072 4639 πολυκτηδόνα
3117 4569 3184 4635 ⁸⁷,
3218 4571 3418 4642 χιτῶνα
3450 4589 3674 4643 κερατο-

419 4657 562 4712 oculi
595 4664 720 4712 sunt
753 4655 972 4720 tunicm,
1005 4655 1203 4724 quibus
1234 4653 1490 4707 vestitum
1526 4652 1852 4707 occultatum
1882 4664 1985 4709 est.

2097 4655 2248 4725 ειδῆ,
2321 4658 2426 4710 ὑπὸ
2476 4658 2533 4711 δὲ
2589 4659 2775 4714 τοῦτον
2830 4662 2999 4735 κόρην
3050 4665 3338 4737 ραγοειδῆ,
3391 4666 3674 4739 ἁμφιϐλη-

417 4748 518 4814 Ita,
548 4748 755 4818 inquit,
809 4746 1117 4817 unigenitus
1163 4743 1305 4799 tilius
1340 4758 1572 4814 superne
1601 4752 1858 4812 aeternus,
1893 4760 1988 4800 su-

2100 4748 2367 4819 στροειδῆ,
2396 4750 2690 4822 δισκοειδῆ,
2725 4752 2819 4806 καὶ
2846 4754 3055 4819 εἰτινες
3081 4756 3229 4810 ἄλλοι
3256 4757 3349 4811 τοῦ
3374 4758 3550 4828 φωτὸς
3571 4758 3674 4829 τῆς

417 4839 731 4908 perindutus
765 4837 1064 4893 secundum
1094 4834 1338 4905 singulos
1373 4848 1614 4904 quosque
1650 4834 1795 4889 tertii
1820 4836 1986 4891 monis

2096 4837 2271 4906 ὄψεώς
2318 4841 2423 4892 εἰσι
2476 4841 2742 4910 χιτῶνες,
2791 4843 2885 4908 οὓς
2937 4846 3293 4917 ὲστολισμένη
3343 4847 3671 4919 κέκρυπται.

416 4945 611 4997 aones,
648 4945 772 4985 cum
802 4929 1009 4986 exstitit
1043 4928 1096 4982 in
1140 4928 1476 4984 triacontade
1525 4941 1761 4992 sonum,
1812 4929 1987 4983 intro-

2096 4927 2284 4991 Οὕτως
2310 4970 2325 4994 ,
2372 4932 2538 5001 φησὶν
2564 4973 2579 4999 ,
2610 4934 2651 4986 ὁΔ
2683 4936 2980 5006 μονογενὴς
3025 4938 3154 5000 παῖς
3203 4937 3409 4993 ἄνωθεν
3457 4940 3675 5003 αἰώνιος

1674 5079 1915 5135 VARUE
1952 5078 2356 5137 LECTIONES.

488 5219 533 5250 "'
564 5218 647 5273 Cl.
675 5217 897 5298 linblos.
940 5231 1021 5284 ιιι,
1146 5218 1191 5249 ⁷⁸
1216 5217 1407 5298 βατόν...
1430 5217 1589 5298 βάτον
1610 5216 1675 5280 C,
1703 5215 1882 5286 M,qui
1903 5213 2017 5298 jam
2051 5215 2607 5298 observavitpocetas
2625 5224 2726 5298 _lii_c
2749 5226 2803 5279 in
2836 5226 3037 5282 verbali
3068 5226 3228 5298 βατόν
3251 5227 3471 5284 ludere:
3504 5228 3675 5283 πάτον

418 5292 462 5345 si
494 5304 603 5368 non
641 5283 1013 5368 scribendum,
1035 5297 1097 5368 at;
1114 5283 1259 5368 εει-ιε
1287 5283 1620 5368 agdiéryqu
1640 5302 1761 5343 esse
1786 5283 1941 5368 putat
1970 5283 2284 5368 Roeperus.‘
2370 5292 2414 5368 ξ’
2452 5290 2583 5349 Voc.
2605 5294 2748 5368 ﬁse;
2787 5311 3041 5368 exesum,
3068 5283 3177 5352 'sed
3215 5283 3515 5368 compendii
3549 5302 3676 5354 reti-

416 5361 557 5439 quia:
589 5367 870 5439 apparatu.
1020 5355 1098 5439 ’τέ
1130 5357 1304 5411 ἔνεστι
1328 5357 1407 5439 C.‘
1467 5356 1649 5439 "Job
1700 5372 1760 5437 ιι2
1785 5358 1838 5412 9.
1872 5395 1885 5407 .
1921 5356 2201 5439 .‘Xa‘t'é‘ﬂb
2222 5358 2487 5439 πλανῆτις
2532 5365 2627 5439 καὶ
2656 5355 2843 5439 λάτρις
2891 5355 3064 5439 τόπον
3082 5355 3356 5439 ίὲκᾲτόπού
3385 5385 3675 5439 περιερχο.

421 5425 670 5509 μένηικαξ
694 5427 956 5509 οΙὶκίαγῃὲξ
986 5427 1178 5509 οῐξίας,
1213 5445 1266 5480 κο
1292 5445 1359 5507 ⁵τ.
1390 5428 1439 5481 λ.
1467 5426 1560 5509 In”
1581 5427 1877 5509 ,πλανῇτξξξ-
1911 5425 2189 5509 πλανήτης
2355 5425 2620 5509 ““l‘llattlt:
2656 5450 2732 5509 χι,
2760 5425 2853 5500 14⁷,
2880 5437 2970 5509 15.
3050 5438 3095 5469 ⁸⁸
3119 5437 3347 5509 Δὁιθρόον.
3393 5425 3676 5509 οῖ’άθρδον

415 5494 479 5563 (ι,
520 5494 817 5576 οἰίὰθρόοι-
841 5497 972 5576 Chl.
1034 5496 1408 5576 [:etersenius.‘
1466 5495 1615 5576 "__oi_.
1651 5494 1768 5576 dig?
1801 5495 1931 5576 ϐίη·ἶ
1970 5494 2339 5576 Petersenius.
2391 5499 2461 5576 fi
2488 5494 2804 5576 ἐπιψαύσας
2839 5494 2970 5560 τῶν.
3008 5494 3430 5576 ἐπιψαύσάντων
3458 5508 3522 5571 Ο,
3550 5494 3676 5560 Em-

418 5565 738 5647 φαυσᾴντων
914 5566 958 5597 ⁸⁵
979 5566 1162 5619 τοῦτο.
1203 5567 1409 5647 Ξαύτόζ
1517 5567 1563 5599 ⁸⁸
1592 5567 1764 5637 ὑμένα
1804 5565 1988 5635 εὐρύν.
2021 5565 2232 5647 ⁸ὑμένας
2261 5569 2346 5637 ριν
2380 5568 2445 5647 ρ’,
2479 5565 2653 5641 ὑμένα
2700 5565 2953 5647 σάρκινον
3014 5565 3311 5647 Βυέρετιιε.
3420 5577 3466 5610 ⁸⁷
3507 5565 3676 5631 Ῑπολυ-

425 5635 673 5710 κτηδόνα.
728 5636 1058 5705 πολύκτηνον
1097 5651 1180 5705 pr.
1211 5635 1274 5701 C,
1311 5637 1499 5693 eadem
1529 5635 1687 5693 manu
1726 5645 1989 5691 mutatum
2020 5635 2074 5691 in
2099 5635 2520 5708 πολυκτηνδόναέ
