4060 6196
455 293 600 358 3365

1939 279 2307 340 ORIGENIS

3360 175 3388 189 α

3583 272 3736 336 3366

449 407 597 471 sivit.
645 414 701 461 et
728 400 870 472 quod
905 395 1168 455 domitum
1201 402 1304 459 est,
1333 395 1439 449 hoc
1475 407 1594 448 esse
1633 391 1888 446 mundum
1929 390 2026 457 ait,

2151 387 2272 443 εἶναι
2318 389 2524 460 κόσμον
2561 389 2731 458 λέγει,
2785 389 2844 443 τὸ
2875 390 2932 444 δὶ
2971 389 3163 459 ἄγριον
3209 385 3393 458 μένειν
3462 383 3557 438 καὶ
3587 384 3730 456 ὕλην

452 497 597 553 aliud
645 504 825 550 autem
858 493 1032 547 ferum
1080 503 1302 542 manere
1348 496 1402 543 ct
1441 485 1724 542 materiam
1770 482 2035 554 appellari

455 589 808 648 inconditam.
874 584 1024 639 Hauc
1076 581 1430 638 substantiam
1484 594 1604 634 esse
1660 578 2035 633 universorum

455 689 604 750 dicit,
650 684 804 754 quasi
851 695 1046 735 novum
1089 677 1268 733 ferens
1317 678 1508 746 dogma
1554 673 1832 741 discipulis
1883 671 2035 737 suis;

461 798 566 836 non
599 789 776 833 autem
808 775 1080 844 cogitabat
1107 771 1439 827 Socraticam
1475 769 1615 822 hanc
1636 780 1754 821 esse
1779 765 2037 828 fabulam,

458 891 485 927 a
540 871 764 925 Platone
811 866 1004 920 melius
1052 880 1212 934 quam
1261 864 1326 917 ab
1377 861 1709 930 Hermogene
1747 856 2036 912 excultam.

457 964 732 1019 Christum
767 969 942 1014 autem
996 956 1161 1010 tilium
1213 968 1331 1010 esse
1375 952 1571 1006 fatetur
1609 949 1726 1016 Dei,
1774 949 1865 1018 qui
1921 947 2042 1002 uni-

458 1070 670 1110 versum
703 1051 991 1112 creaverit,
1019 1060 1263 1116 eumque
1305 1059 1336 1099 e
1363 1043 1571 1113 virgine
1611 1052 1795 1096 natum
1829 1054 1949 1094 esse
1987 1048 2042 1093 et

461 1143 666 1214 Spiritu
715 1140 1001 1196 conﬁtetur
1026 1138 1321 1192 secundum
1364 1132 1772 1204 Evangeliorum
1815 1144 2036 1196 vocem;

460 1251 644 1307 quem,
687 1243 971 1304 pcatquam
1020 1244 1214 1300 passus
1257 1227 1349 1290 sit,
1398 1224 1776 1280 resuscitatum
1823 1221 1875 1275 in
1921 1235 2041 1275 cor-

461 1344 594 1401 pore
626 1326 950 1397 apparuisse
977 1321 1254 1393 discipulis
1297 1328 1353 1374 et
1387 1319 1438 1372 in
1477 1317 1644 1372 caalos
1676 1321 2039 1369 revertentem

462 1422 516 1475 in
573 1419 685 1474 sole
725 1431 920 1486 corpus
975 1414 1278 1481 reliquisse,
1326 1411 1497 1479 ipsum
1546 1421 1674 1462 vero
1724 1406 1791 1458 ad
1818 1401 2038 1458 Patrem

462 1511 802 1578 migravisse.
850 1506 1183 1563 Testimouio
1219 1513 1400 1558 autem
1440 1500 1609 1555 utitur
1637 1498 1908 1553 arbitrans
1953 1497 2042 1550 de-

464 1604 610 1659 fandi
661 1619 719 1658 e
749 1618 846 1672 per
875 1600 1116 1663 eﬂ‘atum,
1149 1599 1294 1668 quod
1335 1595 1613 1667 psalmista
1657 1592 1820 1648 David
1868 1592 2036 1647 dicit:

464 1685 532 1739 1η
566 1686 676 1741 Iole
710 1685 883 1752 potuit
912 1682 1310 1737 tabernaculum
1349 1695 1526 1744 suum,
1557 1687 1605 1732 et
1641 1678 1752 1743 ipse
1786 1687 2038 1744 tanquam

2140 482 2419 537 καλεῖσθαι
2447 481 2711 550 ἄκοσμον.
2742 481 2958 553 Ταύτην
2989 480 3177 534 οὐσίαν
3221 473 3360 531 εἶναι
3407 476 3524 530 τῶν
3553 477 3739 530 ἁπάν-

2139 573 2246 626 των
2296 572 2464 640 λέγει,
2516 571 2593 634 ὡς
2622 571 2807 625 καινὸν
2836 571 2882 603 δ’
2935 570 3118 642 φέρων
3148 569 3328 637 δόγμα
3385 569 3500 631 τοῖς
3557 564 3736 620 αὑτοῦ

2145 649 2436 733 μαθηταῖς,
2468 660 2568 714 ούκ
2601 660 2800 713 ἐνενόει
2829 658 2909 722 δὲ,
2954 660 3039 712 ὅτι
3083 657 3433 725 Σωκρατικδς
3481 657 3511 708 ὁ
3549 655 3727 724 μῦθος

2141 746 2293 813 οὗτος
2314 751 2592 821 τυγχάνει,
2625 750 2728 803 ὑπὸ
2745 750 3031 811 Πλάτωνος
3056 746 3484 818 ἐξειργασμένος
3512 746 3730 816 βέλτιον

2142 839 2172 908 ἢ
2204 839 2308 892 ὑπὸ
2347 839 2728 908 Ἑρμογένους.
2757 838 2859 890 Τὸν
2899 837 2950 890 δὲ
2996 837 3235 906 Χριστὸν
3285 837 3401 889 υἱὸν
3441 830 3733 904 εἷναιόμο-

2139 926 2288 996 λογεῖ
2319 927 2412 980 τοῦ
2429 926 2499 980 τὰ
2532 928 2710 982 πάντα
2745 928 3030 991 κτίσαντος
3061 925 3221 992 Θεοῦ,
3259 927 3353 980 καὶ
3382 926 3547 980 αὑτὸν
3582 928 3632 958 ⁸⁸
3662 929 3729 978 ἐκ

2141 1018 2412 1089 παρθένου
2449 1018 2777 1088 γεγενῆσθαι
2820 1018 2910 1071 καὶ
2945 1017 3265 1088 πνεύματος
3293 1017 3649 1088 συνομολογεῖ
3673 1017 3722 1048 ⁸⁸

2140 1110 2282 1165 κατὰ
2311 1109 2408 1180 τὴν
2434 1109 2541 1162 τῶν
2572 1109 2920 1177 Εύαγγελίων
2953 1111 3159 1180 φωνὴν,
3188 1109 3248 1163 ὃν
3285 1108 3424 1178 μετὰ
3448 1108 3509 1162 τὸ
3542 1108 3727 1174 πάθος

2140 1199 2431 1271 ἐγερθέντα
2474 1201 2530 1251 ὲν
2573 1198 2786 1270 σώματι
2839 1199 3142 1270 πεφηνέναι
3173 1200 3219 1230 ’³
3252 1199 3367 1260 τοῖς
3395 1197 3722 1268 μαθηταῖς,

2141 1291 2235 1345 καλ⁵
2261 1292 2622 1363 ἀνερχόμενον
2652 1292 2732 1354 είς
2786 1291 2913 1354 τοῦς
2947 1291 3210 1361 οὐρανοὺς
3240 1289 3297 1342 ὲν
3356 1289 3437 1360 τῷ
3483 1290 3622 1360 ἡλίῳ
3658 1291 3723 1344 τὸ

2143 1384 2300 1453 σῶμα
2331 1383 2782 1436 καταλελοιπέναι
2817 1383 2884 1445 9³,
2920 1383 3084 1436 αὐτὸν
3119 1381 3178 1434 δὲ
3214 1381 3351 1452 πρὸς
3386 1381 3482 1434 τὸν
3510 1381 3733 1450 Πατέρα

2143 1471 2531 1545 πεπορεῦσθαι.
2578 1473 2872 1544 Μαρτυρία
2911 1473 2968 1526 δὲ
3003 1473 3205 1545 χρῆται
3237 1473 3284 1505 ’δ
3314 1471 3557 1540 νομίζων
3613 1472 3726 1525 ὑπὸ

2140 1563 2234 1618 τοῦ
2271 1563 2434 1635 ῥητοῦ
2470 1564 2889 1635 συνηγορεῖσϐαι
2939 1556 3112 1634 οὗπερ
3167 1565 3198 1616 ό
3236 1563 3530 1634 ψαλμῳδὸς
3559 1561 3732 1618 Δαϐὶδ

2142 1656 2324 1724 λέγει’
2377 1657 2480 1710 Ἐν
2506 1655 2585 1720 τῷ
2616 1656 2767 1724 ἡλίῳ
2803 1654 2849 1687 ’⁵
2882 1656 3050 1709 ἔθετο
3080 1653 3144 1708 τὸ
3190 1653 3486 1724 σκήνωμα
3507 1653 3723 1719 αὑτοῦ,

465 1745 1013 1844 sponsus'procedena
1070 1774 1134 1826 de
1197 1772 1428 1826 thalamo
1480 1787 1612 1829 suo.
1667 1768 1947 1823 exsultabit
1990 1775 2046 1821 ut

2151 1749 2247 1802 καὶ
2273 1748 2452 1813 αὐτὸς
2477 1748 2556 1813 ὡς
2583 1747 2840 1816 νυμφίος
2875 1747 3354 1815 ἐκπορευόμενος
3378 1746 3449 1800 ἐκ
3485 1745 3726 1800 παστοῦ

468 1870 616 1938 gigas
655 1867 723 1922 ad
755 1866 1076 1920 currendum
1103 1865 1262 1918 uiam.
1310 1862 1434 1918 llaec
1460 1863 1622 1934 igitur
1647 1871 1703 1917 ct
1751 1860 2050 1930 Hermoge-

471 1975 570 2014 nes
601 1958 1034 2028 aggrediebatur.

542 2049 632 2104 18.
675 2049 781 2102 Alii
832 2057 1008 2102 autem
1046 2045 1262 2116 quidam
1308 2052 1498 2098 natura
1545 2041 1788 2110 litigiosi,
1821 2040 2046 2096 scientia

471 2139 711 2206 indocti,
771 2139 1011 2194 moribus
1053 2135 1410 2207 pugnaciores
1455 2132 1734 2188 declarant
1789 2141 2048 2201 oportere

471 2231 678 2288 Pascha
708 2229 796 2285 die
825 2238 1013 2298 quarta
1045 2227 1252 2282 decima
1306 2223 1465 2294 primi
1513 2223 1718 2278 mensis
1763 2223 2046 2278 observari

474 2322 773 2379 secundum
819 2321 952 2390 legis
996 2320 1332 2384 institutum,
1387 2317 1440 2370 in
1487 2329 1864 2385 quamcunque
1907 2315 2046 2369 diem

474 2413 578 2485 (sc.
628 2410 999 2481 hebdomadis)
1049 2408 1320 2472 inciderit,
1374 2407 1736 2474 suspicientes
1787 2408 1859 2470 id,
1905 2406 2048 2474 quod

473 2503 736 2573 scriptum
765 2509 847 2556 est
879 2501 929 2553 in
960 2499 1098 2567 lege,
1141 2495 1486 2552 maledictum
1519 2495 1636 2549 fore
1668 2509 1790 2548 eum
1814 2495 1901 2564 qui
1937 2511 2044 2551 non

473 2592 547 2648 ita
584 2598 971 2650 observaturus
997 2591 1092 2656 sit,
1127 2598 1184 2643 ut
1207 2588 1536 2658 praccipitur,
1564 2602 1670 2640 non
1699 2588 2040 2642 attendentes

473 2684 542 2738 ad
572 2685 647 2748 id,
677 2683 822 2753 quod
855 2683 937 2738 lex
964 2682 1256 2738 constituta
1293 2688 1375 2736 est
1399 2679 1598 2735 ludatis
1626 2695 1810 2732 verum
1842 2677 2047 2733 Pascha

474 2775 788 2842 sublaturis,
823 2775 964 2843 quod
993 2774 1058 2828 ad
1101 2782 1289 2844 gentes
1322 2772 1534 2826 transiit
1574 2781 1630 2826 et
1660 2771 1764 2827 ﬁde
1799 2771 2052 2842 intelligi-

476 2877 585 2933 tur,
613 2882 718 2920 uon
753 2866 926 2921 littera
962 2879 1105 2919 nunc
1133 2865 1453 2920 observatur
1483 2881 1496 2916 :
1524 2862 1614 2930 qui
1647 2861 1712 2915 ad
1747 2863 1848 2916 hoc
1887 2876 2049 2916 unum

401 2988 419 3004 .
449 2951 822 3026 ’atteudentes
857 2957 1182 3018 praeceptum
1217 2962 1321 3001 non
1361 2946 1657 3015 respiciunt
1691 2945 1765 3008 id,
1797 2947 1938 3014 quod
1964 2944 2049 2997 di-

475 3052 619 3097 ctum
659 3049 742 3095 est
773 3040 840 3093 ab
871 3038 1168 3107 Apostolo:
1202 3037 1474 3103 Testiﬁcor
1519 3037 1659 3089 omni
1705 3036 1908 3090 homini
1948 3039 2051 3088 cir-

477 3131 793 3187 cumcidenti
843 3147 918 3194 se,
967 3129 1214 3198 quoniam
1266 3128 1468 3180 debitor
1499 3136 1579 3180 est
1620 3128 1881 3180 universa:
1923 3127 2050 3197 legis

477 3226 758 3295 faciendae.
801 3221 854 3276 ln
899 3221 1122 3291 reliquis
1152 3229 1331 3274 autem
1369 3219 1422 3272 hi
1453 3219 1747 3272 concinunl.
1775 3233 1896 3272 cum
1938 3233 2056 3274 om-

479 3317 660 3382 nibus,
686 3330 808 3386 qua:
837 3313 1089 3370 Ecclesiae
1121 3312 1188 3368 ab
1220 3311 1480 3383 apostolis
1512 3311 1704 3365 tradita
1739 3319 1883 3366 sunt.

547 3479 922 3554 436-437
965 3479 1050 3535 l9.
1088 3478 1190 3533 Alii
1225 3488 1404 3550 autem
1438 3485 1492 3532 et
1527 3477 1624 3545 ipsi
1662 3487 1848 3533 natura
1886 3463 2057 3547 magis

480 3577 744 3637 lucretit-i,
771 3589 965 3644 genere
990 3572 1252 3642 Phryges,
1280 3573 1638 3642 praeoccupati
1664 3588 1691 3625 a
1725 3572 2057 3628 mulierculis

481 3666 688 3735 decepti
716 3675 861 3729 sunt,
893 3663 1134 3718 Priscilla
1165 3663 1395 3731 quadam
1423 3672 1477 3717 et
1504 3663 1794 3717 Maximilla
1820 3665 2054 3731 vocatis,

482 3774 619 3826 quas
650 3757 1021 3826 prophetissas
1053 3769 1172 3808 esse
1206 3763 1429 3830 putant,
1463 3754 1704 3810 dicentes
1732 3755 1783 3809 in
1815 3771 1908 3810 eas
1935 3771 2056 3811 ces-

481 3851 620 3903 sisse
653 3847 992 3901 Paracletum
1028 3848 1327 3917 Spiritum;
1360 3857 1416 3901 et
1443 3849 1729 3916 quemdam
1761 3858 1884 3902 ante
1915 3850 2058 3920 ipsas

483 3938 794 3993 Montanum
832 3939 993 3992 simili
1031 3940 1188 3992 modo
1223 3940 1501 3993 celebrant
1537 3951 1786 4008 tauquam
1822 3943 2056 4012 prophe-

486 4041 614 4090 tam,
642 4045 869 4100 quorum
898 4031 1064 4085 libros
1090 4031 1326 4085 infinitos
1349 4033 1610 4086 habentes
1633 4035 1910 4097 aberrant,
1934 4050 2055 4089 cum

485 4141 660 4192 neque
685 4140 805 4194 qua:
835 4125 902 4178 ab
933 4125 997 4176 iis
1029 4126 1170 4177 dicta
1203 4132 1325 4176 sunt
1357 4123 1566 4177 ratione
1589 4123 1859 4193 judicent,
1888 4141 2061 4196 neque

485 4218 548 4269 ad
592 4231 708 4279 eos,
755 4217 842 4284 qui
884 4215 1130 4286 judicare
1175 4225 1420 4284 possunt,
1466 4231 1586 4271 sese
1630 4217 1921 4285 applicent,
1966 4219 2060 4272 sed

482 4308 602 4362 sine
641 4307 853 4376 judicio
912 4306 1104 4360 liducia
1157 4306 1211 4359 in
1270 4305 1350 4360 iis'
1385 4306 1648 4360 collocata
1696 4305 2057 4374 adducantur,

2147 1837 2357 1901 αὑτοῦ,
2409 1837 2840 1906 ἀγαλλιάσεται
2891 1837 2973 1903 ὠς
3029 1836 3202 1906 γίγας
3253 1835 3505 1906 δραμεῖν
3559 1836 3730 1892 ὀδόν.

2149 1929 2332 1984 Ταῦτα
2365 1929 2460 1998 μὲν
2490 1925 2582 1982 οὖν
2616 1930 2713 1982 καὶ
2751 1927 3089 2000 Ἑρμογένης
3120 1928 3426 1998 ἐπεχείρει.

2221 2019 2310 2092 ιη’.
2342 2020 2557 2090 ’Έτεροι
2578 2019 2635 2072 δέ
2664 2037 2807 2083 τινες
2839 2021 3139 2088 φιλόνεικοι
3169 2020 3268 2090 τὴν
3296 2021 3484 2090 φύσιν,
3515 2019 3726 2074 ἰδιῶται

2147 2113 2246 2185 τὴν
2260 2113 2483 2182 γνῶσιν,
2513 2110 2886 2182 μαχιμώτεροι
2912 2111 3003 2164 τὸν
3028 2111 3257 2180 τρόπον,
3279 2111 3662 2167 συνιστάνουσι
3684 2112 3732 2145 ⁹⁶

2149 2205 2257 2258 δεῖν
2289 2205 2349 2258 τὸ
2379 2205 2568 2274 Πάσχα
2605 2206 2670 2274 τῇ
2721 2202 3296 2274 τεσσαρεσκαιδεκάτῃ
3355 2202 3453 2257 τοῦ
3503 2202 3728 2276 πρώτου

2154 2297 2318 2368 μηνὸς
2369 2294 2672 2366 φυιλὰσσειν
2724 2295 2865 2349 κατὰ
2929 2295 3029 2364 τὴν
3069 2294 3163 2348 τοῦ
3229 2295 3390 2365 νόμου
3437 2295 3728 2366 διαταγην,

2150 2392 2206 2442 ὲν
2298 2391 2363 2442 ἂν
2391 2389 2574 2460 ἡμέρᾳ
2610 2388 2848 2458 ἐμπέσῃ,
2886 2385 3228 2457 ὑφορώμενοι
3276 2387 3323 2418 ’⁷
3365 2386 3427 2438 τὸ
3474 2402 3726 2455 γεγραμ-

2153 2479 2310 2550 μένον
2360 2480 2417 2531 ὲν
2463 2479 2614 2547 νόμῳ
2664 2477 2731 2540 νδ,
2781 2477 3179 2546 ὲπικατὰρατον
3223 2473 3436 2528 ἔσεσθαι
3486 2474 3580 2526 τὸν
3632 2473 3709 2545 μὴ

2152 2568 2464 2638 φυλάξαντα
2488 2567 2659 2631 οὕτως
2681 2568 2755 2631 ὡς
2775 2569 2818 2599 θ’
2847 2566 3238 2630 διαστέλλεται,
3280 2566 3338 2618 οὺ
3363 2564 3722 2636 προσέχοντες

2151 2662 2234 2714 ὅτι
2268 2659 2542 2724 Ἰουδαίοις
2577 2659 2948 2730 ἐνομοθετεῖτο
2974 2661 3086 2722 τοῖς
3119 2657 3372 2728 μέλλουσι
3395 2656 3458 2710 τδ
3472 2655 3727 2726 ἀληθινὸν

2153 2750 2345 2821 Πάσχα
2379 2751 2646 2820 ἀναιρεῖν,
2682 2749 2743 2801 τὸ
2771 2750 2853 2812 είς
2883 2747 3010 2818 ἔθνη
3045 2749 3306 2819 χωρῆσαν
3343 2744 3354 2773 ¹
3407 2745 3503 2800 καὶ
3549 2745 3735 2798 πίστει

2151 2843 2461 2914 νοούμενον,
2499 2843 2561 2895 ού
2606 2842 2898 2912 γράμματι
2943 2839 3040 2893 νῦν
3092 2839 3473 2910 τηρούμενον·
3531 2835 3582 2889 οἳ
3637 2835 3735 2906 μιᾷ

2150 2937 2324 3008 ταύτῃ
2353 2934 2714 3005 προσέχοντες
2749 2933 2937 3002 ἐντολῇ
2970 2932 3072 2984 οὐκ
3109 2929 3392 3000 ἀφορῶσιν
3423 2929 3503 2992 είς
3552 2925 3616 2980 τὸ
3660 2929 3734 2980 εἱ-

2157 3027 2392 3098 ρημένον
2423 3025 2528 3079 ὑπὸ
2564 3023 2658 3077 τοῦ
2705 3023 3048 3089 Ἀποστόλου,
3088 3023 3173 3075 ὅτι
3213 3020 3689 3090 Διαμαρτύρομαι
3721 3017 3742 3048 I

2154 3117 2332 3172 παντὶ
2385 3115 2881 3184 περιτεμνομένῳ,
2946 3113 3036 3168 ὅτι
3088 3114 3409 3182 ὀφειλέτης
3431 3110 3571 3166 ’ἐστι
3629 3107 3739 3164 τοῦ

2155 3208 2350 3262 πάντα
2378 3207 2485 3259 τόν
2507 3207 2692 3274 νόμον
2719 3204 2988 3273 ποιῆσαι.
3007 3205 3094 3258 Ἐν
3121 3203 3179 3257 δὲ
3210 3205 3322 3266 τοῖς
3356 3203 3567 3274 ἑτέροις
3590 3194 3743 3255 οὗτοι

2158 3297 2504 3369 συμφωνοῦσι
2540 3298 2676 3367 πρὸς
2707 3298 2884 3349 πάντα
2911 3296 2978 3350 τὰ
3011 3299 3076 3368 τῇ
3127 3295 3425 3367 Ἐκκλησία
3476 3294 3584 3348 ὑπὸ
3632 3293 3744 3349 τῶν

2156 3387 2474 3441 ἀποστόλων
2516 3385 2965 3456 παραδεδομένα.

2231 3478 2307 3552 [ιι.
2342 3480 2468 3533 275.
2501 3478 2657 3550 276.]
2691 3480 2910 3548 ’Έτεροι
2941 3477 2997 3530 δὲ
3023 3476 3119 3530 καὶ
3145 3476 3302 3531 αὐτοὶ
3331 3476 3747 3549 αίρετικὼτεροι

2156 3574 2257 3643 τὴν
2297 3571 2482 3642 φύσιν,
2515 3571 2727 3642 Φρύγες
2768 3570 2830 3622 τὸ
2863 3571 3044 3638 γένος,
3080 3568 3489 3640 προληφθέντες
3515 3569 3621 3622 ὑπὸ
3651 3586 3746 3637 γυ-

2158 3664 2324 3718 ναίων
2357 3663 2691 3733 ὴπὰτηνται,
2726 3661 3064 3733 Πρισκίλλης
3089 3662 3234 3725 τινὸς
3267 3662 3364 3716 καὶ
3398 3659 3748 3732 Μαξιμίλλης

2160 3757 2529 3827 καλουμένων,
2569 3755 2640 3819 ἂς
2671 3754 3016 3826 προφήτιδας
3046 3755 3384 3826 νομίζουσιν,
3432 3757 3490 3807 ὲν
3519 3755 3750 3818 ταύταις

2159 3852 2219 3905 τὸ
2248 3849 2605 3920 Παράκλητον
2665 3847 2889 3916 Πνεῦμα
2932 3850 3305 3918 κεχωρηκέναι
3346 3846 3621 3914 λέγοντες,
3652 3847 3745 3901 καί

2160 3958 2280 3994 τινα
2313 3940 2418 4011 πρὸ
2474 3938 2656 3992 αὐτῶν
2706 3938 2989 3991 Μοντανὸν
3054 3938 3262 4008 ὁμοίως
3313 3937 3634 4002 δοξάζουσιν
3673 3936 3749 4000 ὡς

2162 4033 2468 4103 προφήτην,
2503 4024 2578 4083 ὧν
2611 4029 2827 4100 βίϐλους
2851 4029 3118 4099 ἀπείρους
3155 4030 3378 4099 ἔχοντες
3409 4030 3747 4094 πλανῶνται,

2165 4124 2302 4192 μήτε
2324 4120 2391 4174 τὰ
2408 4122 2498 4174 ὑπ’
2517 4120 2700 4173 αὐτῶν
2732 4119 2934 4188 λελαλη
2945 4119 3082 4190 μένα
3102 4119 3247 4190 λόγῳ
3269 4119 3576 4190 κρίναντες,
3605 4121 3749 4191 μήτε

2162 4217 2273 4277 τοῖς
2331 4215 2518 4284 κρῖναι
2571 4212 2895 4280 δυναμένοις
2937 4207 3318 4282 προσέχοντες,
3345 4211 3460 4264 ἀλλ’
3503 4211 3748 4280 ἀκρίτως

2163 4306 2227 4374 τῇ
2265 4301 2400 4373 πρὸς
2443 4301 2643 4365 αὐτοὺς
2683 4305 2866 4354 πίστει
2899 4302 3324 4372 προσφέρονται,
3374 4301 3554 4354 πλεῖόν
3587 4319 3639 4354 τι
3678 4301 3746 4354 δι’

485 4399 635 4464 plura
690 4400 933 4465 quaedam
991 4413 1087 4466 per
1136 4414 1230 4453 eos
1279 4399 1522 4477 dicentes
1576 4406 1748 4450 semet
1797 4397 2048 4454 didicisse

2164 4391 2342 4447 αὐτῶν
2377 4392 2680 4461 φάσκοντες
2728 4391 2897 4463 [ὼς]³
2951 4393 3334 4462 μεμαθηκέναι
3383 4393 3416 4463 ἢ
3459 4394 3518 4446 ὲκ
3568 4393 3740 4459 νόμου

485 4505 646 4559 quam
698 4505 762 4543 ex
814 4489 931 4556 lege
977 4499 1032 4543 ct
1079 4489 1359 4559 prophetis
1405 4487 1832 4555 evangeliisque.
1880 4487 2053 4560 Supra

485 4577 758 4643 aposmlos
783 4586 960 4630 autem
987 4585 1042 4630 et
1065 4579 1420 4646 quodcunque
1446 4575 1720 4632 charisma
1749 4577 1912 4634 hasce
1939 4594 2057 4633 mu-

483 4667 738 4724 lierculas
776 4667 1064 4731 extollunt,
1108 4669 1179 4723 ita
1226 4677 1283 4722 ut
1323 4669 1540 4738 quidam
1588 4685 1774 4724 eorum
1820 4670 2060 4726 audeant

484 4760 658 4829 majus
696 4759 912 4830 aliquod
947 4773 1108 4829 quam
1143 4758 1418 4814 Christum
1458 4760 1641 4816 dicere
1677 4761 1730 4815 in
1764 4761 1843 4816 eis
1884 4762 2057 4816 exsti-

485 4853 638 4908 tisse.
667 4850 729 4906 lli
763 4852 979 4923 quidem
1012 4863 1217 4921 patrem
1251 4854 1486 4907 universi
1516 4851 1680 4908 Deum
1708 4855 2060 4924 omniumque

486 4958 668 4997 rerum
702 4955 1001 5000 creatorem
1036 4945 1392 5000 consimiliter
1419 4954 1582 5015 atque
1614 4947 1852 5001 Ecclesia
1882 4947 2056 5001 conli-

2159 4485 2253 4538 καὶ
2283 4485 2576 4556 προφητῶν
2607 4485 2700 4538 καὶ⁸
2742 4485 2851 4538 τῶν
2882 4485 3250 4552 Εὑαγγελίων.
3310 4485 3480 4556 ’Υπὲρ
3516 4485 3572 4536 δὲ
3610 4485 3751 4537 ἁπο-

2162 4577 2382 4641 στόλους
2409 4577 2505 4631 καὶ
2541 4579 2648 4630 πᾶν
2692 4577 2938 4648 χάρισμα
2969 4576 3141 4629 ταῦτα
3169 4577 3236 4630 τὰ
3265 4577 3462 4646 γύναια
3486 4576 3741 4640 δοξάζουο

2161 4685 2265 4734 σιν,
2299 4668 2372 4731 ὡς
2400 4668 2606 4739 τολμᾷν
2637 4667 2821 4720 πλεῖόν
2866 4685 2920 4720 τι
2972 4667 3212 4738 Χριστοῦ
3250 4669 3307 4720 ὲν
3329 4669 3538 4730 τούτοις
3567 4667 3748 4734 λέγειν

2157 4759 2314 4824 τινὰς
2349 4760 2530 4813 αὐτῶν
2562 4759 2865 4828 γεγονέναι.
2914 4753 3075 4814 Οὗτοι
3109 4759 3202 4814 τὸν
3244 4760 3345 4830 μὲν
3386 4760 3607 4828 Πατέρα
3639 4759 3750 4811 τῶν

2160 4851 2297 4907 ὅλων
2331 4851 2464 4906 Θεὸν
2490 4853 2582 4904 καὶ
2617 4853 2836 4906 πάντων
2867 4853 3092 4922 κτίστην
3121 4851 3323 4922 ὁμοίως
3343 4855 3407 4922 τῇ
3448 4851 3748 4920 Ἐκκλησία

2164 4946 2488 5018 ὁμολογοῦσι
2519 4947 2614 5001 καὶ
2640 4947 2741 5000 ὅσα
2763 4946 2823 5000 τὸ
2851 4944 3186 5015 Εὐαγγέλιον
3221 4948 3348 5016 περὶι
3380 4945 3476 4999 τοῦ
3504 4943 3747 5016 Χριστοῦ

1757 5101 1992 5158 VARle
2030 5103 2206 5160 LECT
2215 5102 2433 5158 IONES.

595 5253 639 5284 ⁸⁸
679 5253 886 5309 καινόν.
933 5254 1087 5308 κενὸν
1127 5254 1191 5309 C.

494 5673 640 5732 lerus
667 5685 814 5732 recte
837 5675 1123 5732 delendum
1143 5683 1295 5744 putat
1320 5693 1333 5730 :
1363 5675 1395 5744 ἦ
1420 5673 1493 5739 ὥς
1523 5673 1820 5744 Rocpcrus.

1273 5256 1322 5288 ’°
1383 5256 1563 5311 αὐτόν,
1599 5255 1681 5309 ὅτι
1714 5255 1774 5318 C,
1813 5253 1884 5315 M,
1913 5253 2000 5321 qui
2027 5255 2158 5309 dicit
2181 5255 2404 5308 verbum
2443 5255 2496 5307 in
2519 5253 2559 5309 C
2592 5269 2784 5325 magna
2823 5263 2976 5323 parte
3005 5269 3228 5308 exesum
3262 5268 3383 5307 esse
3410 5293 3424 5315 ,
3446 5254 3552 5325 sed
3578 5269 3750 5325 appa-

490 5324 740 5394 rerehoc
770 5321 934 5377 fuisse
961 5364 976 5385 ,
1011 5341 1117 5379 non
1153 5325 1213 5378 τὸ
1243 5364 1256 5376 .
1287 5340 1456 5393 quare
1494 5342 1613 5379 mox
1645 5327 1938 5394 γεγένηται
1973 5325 2341 5379 scribendum.

491 5391 738 5462 φηνέναι.
766 5397 1069 5463 πειρηκέναι
1098 5396 1158 5450 C.
1234 5396 1280 5427 "
1304 5391 1771 5453 καταλελοιπέναι.
1799 5391 2227 5448 κάταλελυπέναι
2251 5395 2312 5448 C.

491 5464 539 5537 ’_‘
571 5463 964 5537 συνιστιίὶνουσιΪ
993 5467 1422 5537 συσταίνουσιυ.
1499 5466 1929 5537 ’τὺφοριιὶιμενοι⁸
1971 5464 2328 5537 ὑφ-ορούμενοι
2389 5464 2448 5519 C.

492 5532 803 5607 Sattppius._
859 5535 905 5566 ⁹⁹
933 5535 1028 5607 ᾡς.
1063 5551 1172 5589 οιη.
1210 5535 1270 5591 C.
1351 5536 1368 5568 ¹
1400 5532 1683 5607 χώρῆσσζνζ
1718 5532 2097 5607 χωρῆσαν-Ο,

493 5604 656 5676 πάλιν
691 5605 874 5672 (πάλιν
899 5604 969 5676 al.
993 5609 1126 5671 om.)
1156 5608 1318 5659 παντὶ
1347 5603 1618 5676 ἀνθρώπῳ
1641 5603 2101 5676 περιτεμνομένῳ,
2133 5603 2522 5676 ὅτιίόφειλέτης
2542 5603 2687 5657 ἐστὶν
2705 5603 2823 5658 ὅλον
2840 5603 2930 5657 τὸν
2953 5604 3117 5675 νόμον
3147 5603 3391 5675 ποιῆσαι.

2450 5325 2494 5355 οι
2543 5323 2911 5394 συνομολογεί.
2974 5325 3072 5393 μὲν
3116 5324 3371 5394 ὁμολογεῖ
3417 5323 3481 5375 (Ξ.
3568 5323 3626 5357 ’ί
3651 5341 3750 5376 πε-

2389 5396 2436 5426 ³⁵
2459 5394 2678 5448 γοῆται.
2709 5397 2906 5448 γοᾶται
2941 5394 3004 5448 C.
3041 5393 3109 5447 M.
3187 5395 3235 5426 "
3269 5392 3410 5447 Psal.
3438 5394 3664 5448 xvm.5.
3694 5393 3745 5445 6.

2459 5411 2678 5464 χρηται.
2709 5409 2906 5465 χραται
2941 5409 3004 5457 ιλ,
3041 5409 3109 5447 Μ.
3187 5409 3235 5426 "
3269 5409 3410 5447 t’sat.
3438 5409 3664 5456 xvm,:’),
3694 5409 3745 5445 υ.

2536 5465 2581 5495 ”
2612 5464 2782 5534 νόμῳ.
2828 5465 3013 5534 νόμῳ,
3077 5463 3154 5528 ὡς
3224 5462 3299 5525 C,
3364 5463 3458 5534 M._
3494 5463 3749 5534 Correxit

2135 5530 2418 5635 χωρῇσονλ
2440 5549 2589 5616 susp.
2626 5530 2755 5635 11d.
2775 5535 2794 5563 ¹
2825 5530 3010 5635 ϐἒιάιλ
3040 5549 3103 5598 v,
3149 5534 3183 5588 5
3216 5530 3750 5635 ιαΜαρτύρομαιυ

3515 5602 3592 5666 ὡς
3633 5602 3748 5656 Mil-
