4060 6196
476 253 619 318 3369

490 401 1512 430 Μ

1956 242 2322 304 ORIGENIS

3592 232 3761 297 3370

602 564 900 681 ΤΟΥ
976 563 1395 676 ΚΑΤΑ
1474 559 1990 675 ΠΑΣΩΝ
2064 551 2801 668 ΑΙΡΕΣΕΩΝ
2873 542 3595 663 ΕΛΕΓΧΟΥ

1798 797 2238 886 ΒΙΒΛΙΟΝ
2309 790 2439 884 Θ’.

807 1158 1869 1279 REFUTATIONIS
1968 1153 2537 1274 OMNIUM
2644 1144 3421 1266 H/ERESIUM

1667 1422 2031 1511 LIBER
2101 1415 2547 1513 NONUS-

567 1763 617 1818 ι.
658 1762 783 1819 iiarc
812 1763 993 1819 insunt
1023 1763 1077 1818 in
1109 1777 1251 1819 nono
1279 1761 1419 1819 libro
1450 1763 1787 1820 relutatiouis
1814 1763 2054 1819 omnium

2229 1765 2297 1816 α’.
2333 1759 2471 1815 Τάδε
2500 1757 2708 1811 ἔνεστιν
2747 1756 2804 1809 έν
2835 1756 2900 1826 τῇ
2931 1751 3131 1824 έννάτῃ
3156 1750 3251 1807 τοῦ
3282 1751 3426 1806 κατὰ
3449 1754 3639 1807 πασῶν
3666 1756 3749 1808 αί-

495 1857 721 1911 liwresiu
733 1872 779 1908 ιη
819 1874 832 1909 :

566 1950 622 2002 2.
663 1948 916 2015 Quaenam
954 1948 1023 2002 sit
1056 1944 1209 2001 Nocti
1248 1945 1556 2011 blasphema
1593 1945 1931 2014 insipientia,
1968 1946 2059 2015 qui

2168 1855 2372 1926 ρέσεων
2401 1852 2625 1921 ἐλέγχου
2660 1851 2731 1902 η.

2236 1945 2301 2015 β’.
2347 1944 2443 2007 Τίς
2479 1945 2513 2014 ἡ
2546 1938 2759 2011 Νοητοῦ
2808 1938 3130 2009 βλάσφημος
3183 1938 3489 2010 ἀφροσύνη,
3538 1938 3633 1992 καὶ
3664 1939 3749 1991 δτι

497 2040 754 2097 Heracliti
815 2039 1027 2094 obscuri
1091 2037 1302 2108 placitis
1363 2052 1484 2093 sese
1542 2036 1899 2107 applicuerit,
1958 2052 2066 2092 non

2172 2043 2430 2111 δόγμασιν
2473 2037 2831 2109 Ἡρακλείτου
2862 2033 2957 2088 τοῦ
3008 2036 3285 2087 σκοτεινοῦ
3328 2034 3648 2104 προσέσχεν,
3682 2033 3744 2086 οὔ

495 2132 717 2187 Christi.

566 2220 621 2273 3.
662 2219 727 2271 Et
762 2219 1028 2286 quomodo
1059 2217 1315 2273 Callistus
1345 2216 1676 2281 Cleomenis,
1713 2216 1867 2272 Nocti
1902 2216 2068 2272 disci-

495 2308 627 2377 puli,
666 2320 720 2361 et
754 2307 1015 2361 Theodoti
1063 2308 1256 2360 δειποεί
1302 2306 1583 2360 commista
1628 2306 1787 2360 aliam
1835 2306 2065 2361 haeresin

497 2398 830 2461 conﬂaverit,
861 2406 914 2451 et
944 2413 1189 2465 quamam
1224 2396 1385 2449 fuerit
1416 2397 1530 2464 ejus
1559 2397 1688 2450 vita.

566 2490 621 2544 4.
661 2487 886 2554 Quinam
926 2486 1086 2541 fuerit
1131 2500 1317 2541 recens
1354 2485 1613 2541 adventus
1652 2486 1916 2542 mirabilis
1955 2486 2067 2542 da!-

497 2580 673 2633 mouis
705 2576 948 2631 Elohasai
970 2617 983 2641 ,
1015 2575 1364 2648 440-441
1385 2618 1398 2641 ,
1437 2582 1906 2646 tegmnentumque
1941 2591 2068 2645 pro-

496 2672 736 2741 priorum
759 2686 1002 2724 errorum
1022 2685 1140 2724 esse
1160 2671 1416 2737 speciem,
1436 2684 1538 2738 qua
1560 2668 1661 2738 legi
1681 2683 1801 2724 sese
1817 2669 2064 2738 applicet,

499 2780 557 2819 re
589 2780 712 2819 vera
752 2773 931 2818 autem
968 2764 1225 2833 gnosticis
1259 2763 1470 2832 placitis
1507 2763 1590 2818 vel
1631 2766 1793 2819 etiam
1836 2764 2069 2821 astrolo-

500 2858 633 2926 gicis
665 2857 980 2926 artibusque
1012 2856 1236 2925 magicis
1264 2872 1385 2911 eum
1420 2857 1750 2913 incumbere.

570 2948 626 3002 5.
669 2947 897 3012 Quinam
935 2948 1073 3014 apud
1104 2946 1316 3002 Judaos
1347 2947 1456 3002 sint
1491 2964 1668 3004 mores
1704 2958 1939 3021 quotque
1970 2965 2068 3005 eo-

499 3052 621 3091 rum
655 3036 990 3091 diﬂ'erentiaa.

2165 2134 2280 2196 τοῖς
2317 2128 2577 2202 Χριστοῦ.

2237 2229 2308 2292 γ’.
2369 2221 2477 2274 Καὶ
2507 2220 2626 2283 πῶς
2675 2217 2979 2279 Κάλλιστος
3046 2216 3208 2284 μίξας
3258 2215 3354 2285 τὴν
3399 2215 3744 2285 Κλεομένους

2172 2313 2413 2386 μαθητοῦ
2438 2310 2648 2383 Νοητοῦ
2677 2310 2771 2363 καὶ
2796 2308 3050 2362 Θεοδότου
3083 2308 3301 2376 αἵρεσιν,
3328 2307 3525 2376 ἑτέραν
3552 2324 3741 2359 καινο-

2168 2405 2334 2475 τέραν
2364 2403 2577 2473 αἵρεσιν
2605 2387 2924 2468 συνέστησε,
2965 2397 3062 2450 καὶ
3083 2398 3156 2460 τίς
3187 2398 3213 2449 ό
3239 2396 3422 2448 τούτου
3450 2396 3580 2465 βίος.

2239 2494 2304 2547 δ’.
2345 2494 2441 2556 Τίς
2480 2495 2513 2563 ἡ
2565 2490 2728 2560 καινὴ
2763 2490 2809 2521 ²⁰
2863 2488 3127 2559 ἐπιδημία
3155 2486 3242 2540 τοῦ
3277 2486 3421 2551 ξένου
3476 2486 3729 2555 δαίμονος

2182 2582 2460 2655 Ἦλχασαῒ,
2489 2583 2566 2655 [ρ.
2608 2581 2734 2636 278.
2765 2580 2920 2652 279.]
2952 2581 3047 2633 καὶ
3098 2581 3179 2633 ὅτι
3234 2578 3405 2649 σκέπη
3433 2578 3543 2631 τῶν
3598 2577 3753 2630 ἰδίων

2173 2674 2509 2743 σφαλμάτων
2535 2673 2597 2726 τὸ
2626 2673 2804 2726 δοκεῖν
2835 2672 3128 2743 προσέχειν
3154 2670 3324 2740 νόμῳ,
3358 2668 3437 2737 τῷ
3470 2668 3527 2721 δὲ
3566 2668 3679 2721 δντι
3701 2668 3745 2698 ⁹¹

2174 2767 2498 2833 γνωστικοῖς
2550 2764 2817 2834 δόγμασιν
2855 2762 2899 2834 ἦ
2929 2762 3022 2816 κιπύ⁸
3064 2762 3479 2833 ἀστρολογικοῖς
3510 2760 3605 2813 καὶ
3650 2776 3755 2829 μα-

2170 2855 2343 2925 γείαις
2382 2857 2425 2887 "
2459 2854 2798 2925 πρόσκειται.

2240 2945 2302 3000 ε’.
2340 2946 2472 2998 Τίνα
2519 2945 2669 3016 παρὰ
2694 2946 2739 2977 ’³
2786 2942 3175 3014 Ἰουδαίοιςὲοη
3221 2943 3316 2998 καὶ
3347 2942 3512 2995 πόσαι
3546 2938 3761 2994 τούτων

2173 3037 2450 3108 διαφοραί.

572 3132 625 3186 6.
669 3130 890 3184 Multum
923 3128 1086 3199 igitur
1110 3143 1228 3183 cum
1261 3132 1327 3183 de
1356 3128 1605 3185 omnibus
1636 3130 1930 3186 haeresibus
1954 3147 2068 3186 cer-

2245 3136 2318 3195 ς’.
2354 3126 2557 3181 Πολλοῦ
2585 3128 2630 3160 ’⁸
2672 3129 2852 3183 τοίνυν
2877 3129 2929 3160 ’⁸⁷
2950 3127 3044 3181 τοῦ
3085 3128 3214 3198 περὶ
3254 3127 3444 3180 πασῶν
3491 3126 3752 3197 αἱρέσεων

505 3232 681 3277 tamen
710 3221 978 3275 exstiterit
1004 3221 1178 3285 nobis,
1206 3221 1295 3288 qui
1324 3230 1473 3276 certe
1503 3221 1700 3275 nullam
1732 3221 2068 3278 irrefutatam

499 3313 802 3375 omisimus,
822 3312 931 3381 jam
954 3312 1277 3380 relinquitur
1299 3312 1592 3365 maximum
1616 3323 1885 3367 certamen
1909 3329 2070 3368 enar-

503 3402 795 3456 randarum
829 3398 1350 3468 refutamlarumque
1382 3402 1667 3455 haeresium
1688 3441 1702 3467 ,
1735 3417 1855 3471 qua:
1887 3413 2068 3457 nostra

502 3499 661 3547 aetate
691 3493 1123 3556 insurrexerunt,
1157 3508 1250 3561 per
1276 3507 1409 3561 quas
1440 3493 1637 3548 indocti
1666 3495 1880 3564 quidam
1912 3506 1963 3550 et
1994 3507 2069 3551 te-

501 3584 717 3638 merarii
763 3583 1057 3637 Ecclesiam
1101 3583 1398 3638 dilacerare
1431 3585 1671 3655 aggressi
1705 3595 1859 3649 sunt,
1900 3588 2071 3641 maxi-

502 3690 641 3729 mam
683 3674 1141 3742 perturbationem
1183 3687 1277 3741 per
1311 3683 1480 3728 totum
1521 3680 1775 3730 mundum
1819 3680 2070 3733 omnibus

502 3764 751 3818 ﬁdelibus
787 3763 1108 3833 injicieutes.
1146 3764 1327 3819 Placet
1361 3767 1502 3819 enim
1542 3774 1599 3819 ut
1632 3766 1684 3819 in
1719 3768 2068 3833 sententiam,

499 3871 620 3925 quas
650 3864 841 3908 auctor
866 3856 1128 3909 malorum
1159 3858 1385 3922 exstitit,
1416 3858 1682 3913 irruentes
1712 3873 2069 3929 coarguamus

500 3957 744 4011 quaenam
775 3942 890 4011 ejus
921 3944 1180 4013 principia
1209 3947 1335 4011 sint,
1366 3955 1422 3999 ut
1448 3946 1691 4003 turiones
1718 3948 1833 4016 ejus
1863 3948 1932 4003 ab
1958 3964 2071 4003 om-

499 4033 660 4087 nibus
693 4032 830 4086 bene
861 4035 1058 4104 cogniti
1089 4044 1526 4091 contemnantur.

574 4124 626 4176 7.
665 4122 884 4179 Exstitit
916 4127 999 4179 vir
1030 4126 1268 4194 quidam,
1301 4127 1387 4182 cui
1424 4142 1615 4183 nomen
1651 4126 1838 4195 Noeto,
1874 4142 2070 4200 genere

500 4213 832 4287 Sinyrnwus.
864 4214 961 4269 llic
988 4203 1543 4272 introduxit'hzcresin
1573 4234 1640 4272 ex
1673 4218 1925 4275 Heracliti
1954 4221 2069 4291 pla-

501 4304 653 4369 citis;
685 4304 838 4371 cujus
870 4305 1118 4358 minister
1147 4314 1201 4359 et
1232 4306 1525 4374 discipulus
1558 4306 1617 4360 fit
1647 4305 1918 4377 Epigonus
1950 4310 2069 4377 qui-

500 4393 621 4447 dam
648 4405 890 4459 vocatus,
915 4395 1005 4463 qui
1038 4394 1218 4449 Romae
1246 4398 1444 4465 degens
1470 4399 1938 4467 superscminabat
1967 4400 2067 4453 im-

498 4485 642 4553 piam
702 4484 844 4538 illam
904 4487 1251 4540 sententiam.
1311 4486 1479 4557 Cujus
1536 4489 1833 4558 discipulus
1892 4489 2069 4545 factus

498 4574 811 4633 Cleomenes
833 4615 847 4639 ,
879 4587 933 4629 et
965 4578 1069 4630 vita
1105 4587 1159 4631 et
1194 4577 1433 4631 moribus
1467 4579 1669 4633 alienus
1703 4580 1771 4634 ab
1804 4581 2065 4647 ecclesia,

497 4665 883 4720 corrnborahat
933 4667 1268 4733 doctrinam,
1318 4667 1621 4737 Zepliyrino
1668 4669 1755 4723 illa
1805 4678 1959 4725 aetate
2009 4687 2069 4727 se

498 4757 880 4811 administrare
914 4759 1213 4811 arbitrante
1245 4759 1527 4813 ecclesiam
1550 4798 1565 4824 ,
1604 4760 1718 4814 viro
1764 4762 1979 4815 indocto
2012 4770 2067 4816 et

502 4850 672 4916 turpis
704 4848 836 4902 lucri
873 4850 1097 4919 cupido,
1132 4850 1221 4919 qui
1258 4850 1407 4904 lucro
1442 4852 1624 4905 oblato
1660 4866 1952 4920 persuasus
1986 4852 2068 4906 in-

501 4939 749 5009 dulgebat
779 4942 1123 5009 adeuntibus,
1155 4952 1211 4996 ut
1239 4941 1546 4998 Cleomenis
1574 4943 1821 5013 discipuli
1855 4942 2068 5009 ﬁerent,

2172 3221 2467 3290 γενομένου
2520 3221 2653 3290 ἡμῖν
2698 3219 2909 3288 ἀγῶνος
2956 3220 3131 3291 μηθέν
3170 3237 3235 3288 γε
3279 3220 3325 3252 ³⁸
3368 3218 3753 3285 ἀνεξέλεγκτον

2173 3307 2555 3375 καταλιποῦσι,
2616 3310 2996 3380 περιλείπεται
3048 3310 3144 3364 νῦν
3197 3312 3227 3363 ὁ
3281 3312 3539 3382 μέγιστος
3577 3308 3750 3377 ἁγὼν,

2174 3400 2600 3471 ἐκδιηγήσασθαι
2624 3403 2717 3455 καὶ
2737 3402 3016 3474 διειλέγξαι
3040 3401 3138 3465 τὰς
3168 3403 3255 3470 ἐφ’
3286 3404 3419 3472 ἡμῖν
3444 3403 3749 3455 ἐπαναστά-

2175 3507 2272 3553 σας
2309 3491 2551 3559 αἱρέσεις
2580 3492 2647 3555 ⁸⁷,
2680 3492 2748 3543 δι’
2790 3485 2864 3544 ὧν
2892 3509 3037 3555 τινες
3066 3493 3298 3560 ἀμαθεῖς
3346 3493 3440 3546 καὶ
3490 3493 3751 3564 τολμηροὶ

2171 3581 2603 3636 διασκεδαννύειν
2632 3584 2677 3615 ’⁸
2722 3583 3085 3654 ἐπεχείρησαν
3124 3584 3224 3653 τὴν
3257 3584 3609 3654 Ἐκκλησίαν,
3655 3586 3752 3652 μέ-

2172 3690 2359 3741 γιστον
2407 3674 2646 3745 τάραχον
2698 3673 2839 3727 κατὰ
2893 3674 3072 3727 πάντα
3131 3676 3223 3728 τὸν
3264 3676 3469 3746 κόσμον
3519 3677 3577 3727 ὲν
3620 3676 3752 3728 πᾶσι

2169 3767 2281 3826 τοῖς
2312 3765 2356 3796 ²⁹
2404 3768 2616 3829 πιστοῖς
2664 3764 3053 3835 ὲμόάλλοντες.
3092 3768 3253 3820 Δοκεῖ
3292 3766 3401 3838 γὰρ
3439 3767 3534 3820 ἐπὶ
3564 3767 3610 3798 ³⁸

2171 3856 2413 3926 ἀρχηγὸν
2441 3855 2546 3908 τῶν
2582 3856 2768 3910 κακῶν
2798 3857 3101 3928 γενομένην
3147 3856 3371 3927 γνώμην
3404 3860 3751 3929 ὁρμήσαντας

2169 3946 2452 4015 διελέγξαι,
2493 3947 2635 4011 τίνες
2667 3949 2721 4001 αί
2766 3948 2969 4019 ταύτης
3009 3950 3197 4019 ἀρχαὶ,
3272 3951 3420 4013 ὅπως
3452 3949 3751 4018 εὖγνωστοι

2172 4039 2231 4091 αἱ
2264 4037 2534 4106 ὲκφυὰδες
2569 4038 2741 4109 αὐτῆς
2769 4039 2941 4092 ἆπασι
2967 4041 3255 4109 γενόμεναι
3276 4042 3746 4111 καταφρονηθῶσι.

2240 4127 2305 4193 ζ’.
2343 4128 2641 4203 Γεγένηταί
2668 4146 2750 4193 τις
2776 4130 3002 4201 ὀνόματι
3031 4131 3261 4201 Νοητδς,
3290 4131 3367 4201 τῷ
3395 4132 3541 4199 γένει
3572 4132 3755 4202 Σμυρ-

2169 4222 2339 4284 ναῖος.
2369 4215 2541 4284 Οὗτος
2566 4223 2903 4293 εἰσηγήσατο
2925 4223 3136 4295 αἵρεσιν
3161 4224 3225 4276 ἐκ
3255 4224 3364 4276 τῶν
3393 4223 3751 4294 Ἡρακλείτου

2168 4308 2453 4379 δογμάτων
2475 4327 2488 4338 ·
2528 4302 2588 4362 οῦ
2621 4310 2866 4375 διάκονος
2889 4313 2982 4365 καὶ
3004 4312 3249 4383 μαθητὴς
3279 4314 3487 4381 γίνεται
3523 4313 3750 4379 Ἐπίγο-

2169 4400 2256 4462 νός
2273 4417 2355 4463 τις
2372 4399 2631 4469 τοῦνομα,
2652 4401 2711 4464 ὃς
2730 4404 2796 4473 τῇ
2815 4402 3004 4474 Ῥώμῃ
3020 4403 3059 4435 ⁸¹
3079 4404 3425 4475 ἐπιδημήσας
3450 4405 3653 4457 ἐπέσπε
3664 4421 3752 4475 ιρε

2168 4492 2265 4561 τὴν
2296 4491 2449 4545 ἄθεον
2477 4493 2721 4562 γνώμην.
2774 4486 2845 4565 1’ῼ
2895 4495 3241 4566 μαθητεύσας
3293 4497 3624 4567 Κλεομένης,
3657 4497 3751 4549 καὶ

2172 4581 2274 4653 βίῳ
2310 4583 2403 4635 καὶ
2432 4584 2621 4654 τρόπῳ
2638 4584 2921 4654 ἀλλότριος
2950 4586 3049 4656 τῆς
3100 4587 3452 4658 Ἐκκλησίας,
3479 4590 3748 4657 ἐκράτυνε

2169 4671 2230 4725 τὸ
2258 4672 2457 4743 δόγμα,
2495 4675 2615 4726 κατ’
2656 4676 2833 4728 έκεῖνο
2866 4674 3063 4740 καιροῦ
3098 4676 3396 4747 Ζεφυρίνου
3424 4677 3635 4729 διέπειν
3660 4693 3751 4729 νο-

2175 4767 2423 4838 μίζοντος
2478 4768 2573 4839 τὴν
2628 4767 2979 4836 Ἐκκλησίαν,
3010 4767 3202 4839 ἀνδρὸς
3243 4767 3455 4821 ἰδιώτου
3498 4769 3592 4820 καὶ
3629 4770 3749 4820 αίσ-

2170 4856 2528 4927 χροκερδοῦς·
2576 4855 2679 4928 [ὃς]
2711 4858 2755 4887 ³⁸
2776 4856 2852 4926 τῷ
2879 4857 3061 4927 κέρδει
3095 4860 3525 4928 προσφερομένῳ
3564 4858 3749 4910 πειθὸο

2178 4965 2337 5018 μενος
2367 4948 2658 5021 συνεχώρει
2681 4951 2797 5013 τοῖς
2823 4948 3106 5021 προσιοῦσι
3137 4949 3214 5020 τῷ
3232 4950 3527 5020 Κλεομένει
3558 4950 3602 4981 ³³
3640 4967 3746 5020 μαο

1767 5123 2000 5181 VARle
2032 5124 2441 5182 LECTIONES.

602 5278 647 5309 "
679 5279 931 5355 έλλέγχου
1168 5283 1348 5355 καινή.
1381 5284 1509 5355 κενὴ
1539 5284 1601 5339 C.
1637 5284 1708 5339 Μ.
1778 5286 1825 5355 ί²¹
1864 5284 2032 5355 νόμῳ,
2061 5284 2139 5355 τῷ
2165 5284 2220 5355 δὲ
2244 5285 2375 5339 ὄντι.
2411 5284 2559 5354 νόμῳ
2597 5283 2675 5354 τῷ
2726 5284 2916 5348 δέοντι,
2952 5285 3015 5348 C,
3044 5283 3111 5348 Μ,
3147 5283 3235 5355 qui
3292 5282 3413 5355 2&1
3448 5299 3652 5355 γνωστ.
3688 5292 3742 5355 et

503 5348 842 5428 προσκέηται
868 5351 1009 5420 conj.
1089 5352 1135 5428 ’ξ

1169 5352 1368 5421 μαγίας
1412 5354 1471 5407 (ἶ.

504 5418 666 5488 conj.
692 5417 993 5488 ASauppius'.

1568 5355 1615 5386 ”
1645 5354 1813 5425 παρά.
1852 5351 2013 5418 ciC,
2066 5351 2151 5425 Μ.
2184 5354 2331 5408 Fort.
2390 5351 2679 5425 Ἰουδαίων,
2717 5355 2835 5425 νεὶνθ
2884 5355 2952 5425 τᾷ
2999 5354 3332 5425 «Ιριεηριιιηη
3364 5351 3431 5404 Μ.
3474 5353 3563 5425 τὰς
3596 5353 3746 5422 παρὰ

1097 5420 1319 5491 "capp.
1368 5423 1534 5485 6-!2,
1588 5420 1856 5478 recensuit
1922 5423 2222 5478 Bunsenius
2276 5426 2327 5476 in
2387 5424 2639 5477 Analecta
2693 5424 2824 5477 Ante
2883 5424 3103 5475 Nimum
3150 5420 3265 5475 Vol.
3319 5421 3356 5484 Ι,
3392 5438 3443 5488 p.
3479 5423 3587 5477 563
3618 5420 3741 5489 sqq.

505 5488 553 5518 "
592 5485 771 5569 πολλοὶ
787 5485 977 5580 Sciam:
1006 5490 1066 5544 C.
1142 5493 1187 5523 ’⁸
1226 5485 1395 5580 μηθέν
1425 5509 1488 5572 γε
1532 5494 2125 5580 Clit'i.s‘t.~Peler§enius,
2162 5493 2418 5580 p‘nOélzs
2434 5494 2508 5578 ⁴(1,
2541 5492 2629 5580 Mn
2645 5485 3460 5580 μέθηνντεηΙὶοςρεξτιιιεημηὶθξν
3500 5491 3557 5544 δὲ
3602 5485 3744 5573 Buri-

506 5559 713 5629 !gsnius.
787 5559 829 5591 ’⁷
859 5560 1098 5629 αίρέσεις
1126 5559 1236 5613 om.
1259 5559 1575 5615 Bunseuius.

1654 5564 1697 5593 ’⁸
1730 5563 2136 5616 διασκεδανοίην
2168 5565 2227 5615 (2.

509 5625 550 5658 ⁸⁸
580 5630 642 5697 τῇ
700 5602 1003 5700 Ῥώμηνδϐ.
1074 5602 1145 5661 ’δ’
1175 5630 1231 5693 ὃς
1264 5631 1385 5685 add'
1435 5630 1503 5696 Μ,
1538 5633 1585 5683 οἳ
1624 5633 1938 5688 Bunseuius.
2018 5635 2061 5665 ³³
2090 5602 2406 5705 Κλεομένει.
2442 5602 2723 5704 Κλεομένη
2755 5633 2813 5685 C.

2306 5565 2348 5593 "
2384 5564 2515 5615 πᾶσι
2547 5561 2677 5623 τοῖς.
2706 5564 2869 5625 nisi;
2895 5563 2956 5616 C.
3034 5562 3076 5593 ³⁸
3113 5562 3223 5615 ἐπί.
3258 5562 3377 5613 ἐπεὶ
3415 5561 3738 5617 Buttscnius.
