4060 6196
312 267 449 333 3411

1466 265 1765 327 CONTRA
1805 265 2174 327 HIERESES
2210 263 2356 352 LIB.
2386 261 2489 320 1X.

3442 260 3582 324 3412

310 378 411 432 τοῦ
443 376 602 443 Θεοῦ,
635 379 867 449 Χριστὸν
895 381 992 432 οὐκ
1022 375 1157 434 εἶναι
1187 372 1389 433 τοῦτον
1416 377 1671 448 λέγουσιν
1698 400 1711 413 ·
1742 382 1897 433 ἐλεύ-

2010 380 2145 432 hunc
2179 375 2460 430 Christum
2504 388 2611 428 non
2661 386 2783 427 esse
2824 372 3026 438 dicunt,
3069 381 3357 425 venturum
3403 384 3580 428 autem

315 467 511 522 σεσθαι
558 468 617 521 δὲ
668 468 877 539 ἕτερον,
928 471 1018 523 τὸν
1063 472 1162 525 οὐκ
1194 472 1355 528 ὅντα,
1402 473 1482 535 εἰς
1513 471 1571 524 ὃν
1616 472 1686 525 τὰ
1715 472 1759 503 ’⁸
1798 472 1897 541 μὲν

313 558 563 629 σύμϐολα
588 561 651 611 ἐκ
684 561 885 632 μέρους
908 562 977 626 ’⁸,
1012 564 1115 615 ὅσα
1142 565 1170 616 ὁ
1200 563 1371 631 νόμος
1409 566 1503 617 καὶ
1533 565 1584 617 οἱ
1617 564 1897 635 προφῆται

311 651 651 721 προέφηναν,
680 653 1040 722 ὁμολογοῦσι,
1071 654 1194 707 τινὰ
1230 654 1289 707 δὲ
1342 657 1437 709 καὶ¹
1471 655 1816 725 πλανώμενοι
1852 654 1897 685 ’⁷

311 741 596 812 νομίζουσι
624 760 637 773 ·
658 745 870 812 γένεσιν
902 748 998 815 μὲν
1032 747 1141 817 γὰρ
1161 746 1324 800 αὐτοῦ
1357 749 1621 818 ἐσομένην
1650 747 1900 814 λέγουσιν

309 833 380 885 ἐκ
404 832 597 899 γένους
634 833 839 899 Δαόὶδ,
874 834 986 886 ἀλλ’
1023 834 1123 886 οὐκ
1170 836 1235 887 ἐκ
1283 835 1565 905 Παρθένου
1607 836 1702 888 καὶ
1742 835 1900 901 ἁγίου

310 926 636 995 Πνεῦματος
656 967 671 991 ,
703 925 818 978 ἀλλ’
850 929 915 979 ἐκ
948 927 1210 995 γυναικὸς
1255 928 1351 981 καὶ
1381 928 1595 999 ἀνδρὸς,
1631 928 1707 989 ὡς
1735 928 1901 981 πᾶσιν

310 1016 442 1085 ὄρος
482 1017 775 1083 γεννᾶσθαι
809 1016 855 1047 ⁸⁸
885 1019 949 1070 ἐκ
982 1018 1320 1087 σπέρματος,
1377 1019 1678 1086 φάσκοντες
1714 1017 1901 1071 τοῦτον

311 1105 578 1175 ἐσόμενον
614 1105 839 1175 βασιλέα
876 1106 960 1158 ἐπ’
989 1108 1213 1171 αὐτοὺς,
1251 1108 1423 1178 ἄνδρα
1453 1108 1784 1177 πολεμιστὴν
1806 1107 1902 1160 καὶ

309 1197 561 1261 δυνατὸν,
615 1197 675 1259 ὃς
733 1198 1067 1265 ἐπισυνάξας
1124 1198 1185 1251 τὸ
1233 1201 1342 1251 πᾶν
1393 1199 1545 1261 ἔθνος
1608 1198 1898 1259 Ἰουδαίων,

312 1287 498 1340 πάντα
530 1287 599 1340 τὰ
646 1287 772 1359 ἔθνη
816 1288 1170 1360 πολεμήσας,
1226 1290 1525 1358 ἀναστήσει
1576 1288 1760 1350 αὐτοῖς
1804 1287 1901 1356 τὴν

328 1378 693 1448 Ἰερουσαλὴμ
721 1379 873 1430 πόλιν
904 1379 1177 1449 βασιλίδα,
1204 1382 1284 1439 είς
1307 1380 1372 1449 ἣν
1405 1380 1720 1445 ἐπισυνάξει
1756 1378 1901 1431 ἅπαν

325 1470 383 1522 τὸ
409 1468 583 1533 ἔθνος,
614 1468 708 1522 καῖ
742 1471 903 1523 πάλιν
936 1472 1029 1523 ἐπὶ
1054 1472 1122 1523 τὰ
1145 1472 1346 1541 ἀρχαῖα
1381 1470 1478 1541 ἔθη
1517 1472 1902 1540 ἀποκαταστή-

322 1577 409 1612 σει
449 1560 735 1631 βασιλεῦον
779 1561 873 1613 καὶ
906 1562 1188 1633 ἰερατεῦον
1236 1563 1330 1615 καὶ
1376 1562 1668 1615 κατοικοῦν
1703 1565 1761 1615 ἐν
1799 1578 1901 1614 πε-

320 1652 581 1720 ποιθήσει
635 1655 691 1705 ἐν
734 1652 945 1723 χρόνοις
992 1655 1234 1715 ἱκανοῖς·
1288 1652 1480 1706 ἔπειτα
1533 1654 1900 1721 ὲπαναστῆναι

2002 484 2124 524 esse
2178 468 2365 532 alium,
2421 465 2514 534 qui
2566 464 2802 517 nondum
2848 471 3043 528 exstet,
3084 462 3136 515 in
3184 476 3345 531 quem
3389 464 3586 520 cadere

2003 564 2155 630 signa
2185 574 2252 613 ex
2285 568 2460 629 parte,
2491 564 2759 625 quotquot
2799 554 2882 606 lex
2934 564 2989 608 et
3022 555 3300 623 prophetae
3326 569 3588 622 prmmon-

2002 660 2338 712 straverunt.
2384 648 2738 709 confitentur,
2788 645 2969 713 aliqua
3003 655 3184 697 autem
3217 645 3381 698 etiam
3429 646 3584 699 erra-

2003 740 2166 797 hundi
2198 742 2520 810 opinantur;
2554 753 2786 807 namque
2827 737 3235 806 generationem
3281 738 3400 805 ejus
3442 738 3589 792 futu-

2004 848 2121 886 ram
2145 848 2271 887 esse
2312 833 2505 887 dicunt
2527 847 2591 886 ex
2616 845 2813 900 genere
2838 830 3027 894 David,
3056 844 3160 882 non
3199 839 3375 883 autem
3404 846 3434 884 e
3469 828 3588 882 Vir-

2003 922 2127 991 gine
2170 931 2225 977 et
2260 921 2466 991 Spiritu
2512 930 2727 984 sancto,
2764 919 2859 972 sed
2894 933 2924 971 e
2976 917 3206 973 muliere
3236 930 3290 972 et
3323 919 3459 983 viro,
3507 920 3587 974 si-

2003 1014 2113 1068 cuti
2146 1014 2399 1068 omnihus
2434 1012 2714 1065 deﬁnitum
2745 1010 2816 1064 sit
2846 1010 3093 1080 generari
3129 1025 3195 1063 ex
3229 1011 3459 1074 semine,
3509 1012 3587 1063 t'a-

2007 1114 2183 1158 tentes
2223 1104 2365 1156 hunc
2390 1102 2632 1155 futurum
2660 1116 2780 1156 esse
2811 1116 2987 1169 regem
3020 1116 3183 1169 super
3216 1101 3381 1168 ipSOs,
3414 1101 3585 1153 virum

2003 1190 2417 1259 belligerantem
2459 1204 2523 1243 ac
2558 1200 2851 1257 potentem,
2886 1189 2999 1257 qui,
3036 1189 3125 1243 ubi
3169 1190 3588 1257 congregaverit

2006 1281 2321 1334 universum
2368 1280 2624 1350 populum
2666 1278 2975 1334 Judaeorum
3024 1295 3325 1348 omnesque
3362 1280 3588 1349 populos

2006 1372 2144 1426 bello
2180 1381 2496 1441 persecutus
2521 1370 2705 1436 fuerit,
2742 1371 3072 1426 instaurabit
3105 1371 3172 1425 iis
3213 1370 3587 1442 Hierosolyma

2006 1466 2190 1519 urbem
2230 1465 2453 1533 regiam,
2496 1465 2546 1517 in
2584 1479 2745 1531 quant
2772 1463 3126 1533 congregabit
3157 1463 3470 1517 universum
3499 1480 3590 1533 po-

2005 1554 2187 1623 pulum
2217 1564 2271 1607 et
2302 1569 2492 1608 rursus
2541 1554 2606 1605 ad
2637 1553 2845 1621 priscos
2878 1569 3058 1607 mores
3100 1554 3322 1607 reducet
3364 1552 3590 1624 fungen-

2007 1653 2113 1697 tem
2164 1645 2313 1714 regio
2337 1656 2392 1699 et
2435 1646 2759 1700 sacerdotali
2804 1662 3027 1700 munere
3063 1656 3119 1699 et
3164 1646 3502 1699 habitantem
3538 1646 3589 1698 in

317 1744 443 1795 κατ’
484 1743 662 1796 αὐτῶν
696 1744 929 1814 πόλεμον
977 1745 1440 1813 ἐπισυναχθέντων
1469 1761 1484 1776 ⁸
1519 1748 1577 1797 ὲν
1604 1746 1797 1815 ἐκείνῳ
1827 1744 1905 1814 τῷ

2010 1736 2339 1792 conﬁdentia
2384 1754 2481 1807 per
2520 1739 2652 1791 satis
2688 1737 2847 1807 longa
2879 1746 3154 1806 tempora;
3191 1745 3303 1790 tum
3352 1737 3591 1789 insurre-

320 1834 550 1905 πολέμῳ
583 1839 770 1888 πεσεῖν
824 1837 915 1888 τὸν
961 1837 1195 1906 Χριστὸν
1235 1839 1293 1888 ἐν
1328 1837 1576 1908 μαχαίρῃ
1608 1837 1676 1900 θ’,
1713 1836 1904 1889 ἔπειτα

332 1927 454 1999 μετ’
506 1929 566 1980 οὐ
622 1930 756 1981 πολὺ
796 1929 895 1999 τὴν
949 1929 1267 1981 συντέλειαν
1311 1930 1403 1981 καὶ
1446 1929 1763 1998 ἐκπύρωσιν
1808 1928 1904 1980 τοῦ

322 2021 526 2083 παντὸς
552 2022 863 2090 ἐπιστῆναι,
895 2022 989 2074 καλ¹
1024 2019 1196 2083 οὓτως
1226 2021 1292 2073 τὰ
1327 2021 1454 2090 περὶ
1483 2020 1581 2089 τὴν
1611 2019 1906 2073 ἀνάστασιν

323 2101 687 2180 Ιδοξσὶζόμενα
725 2110 1158 2179 ἐπιτελεσθῆναι,
1192 2112 1290 2172 τάς
1316 2127 1372 2162 τε
1417 2110 1651 2180 ἀμοιϐὰς
1689 2110 1906 2180 ἑκάστῳ

324 2202 470 2254 κατὰ
496 2202 565 2255 τὰ
595 2202 958 2271 πεπραγμένα
988 2201 1340 2272 ἀποδοθῆναί.

400 2400 497 2454 λα’.
532 2403 691 2454 Δοκεῖ
736 2401 836 2468 μὲν
876 2401 1009 2467 ἡμῖν
1048 2398 1246 2461 ἱκανῶς
1274 2398 1345 2451 τά
1375 2398 1592 2452 πάντων
1639 2400 1907 2470 Ἐλλήνων

326 2511 385 2547 τε
436 2493 528 2546 καὶ
568 2492 863 2562 βαρϐάρων
892 2491 1141 2560 δόγματα
1184 2490 1523 2543 ἐκτεθεῖσθαι
1561 2491 1601 2557 ¹,
1650 2491 1816 2562 μηδὲν
1850 2492 1907 2545 δὲ

328 2583 743 2637 ἀπολελοιπέναι
777 2582 796 2610 ²
837 2578 974 2650 μήτε
1012 2578 1089 2649 [ν.
1123 2579 1252 2643 509,
1282 2578 1414 2653 510]
1445 2580 1554 2633 τῶν
1582 2581 1909 2651 φιλοσοφου-

335 2675 511 2745 μένων
540 2677 672 2745 μήτε
702 2675 809 2726 τῶν
832 2674 937 2725 ὑπὸ
965 2672 1262 2743 αἱρετικῶν
1301 2672 1712 2745 φ[ασκο]μένων
1742 2673 1765 2705 ⁸
1814 2675 1911 2729 ἀν-

339 2763 667 2827 απόδεικτον,
703 2759 783 2826 οἷς
830 2763 889 2828 ἐξ
916 2760 1097 2814 αὐτῶν
1132 2760 1241 2814 τῶν
1289 2762 1624 2816 ἐκτεθέντων
1676 2762 1913 2837 φανερὸς

332 2853 621 2921 γεγένηται
652 2856 679 2906 ὸ
708 2856 925 2923 ἐλεγχος
960 2854 992 2924 ἢ
1026 2852 1544 2923 κλεψιλογησάντων
1568 2855 1601 2923 ἡ
1623 2872 1748 2907 τινα
1778 2857 1908 2927 ἐρα-

335 2946 639 3013 νισαμὲνων
675 2945 812 2996 αὐτὰ
842 2945 911 2996 τὰ
939 2943 1042 2997 ὑπὸ
1099 2943 1369 3015 Ἑλλήνων
1404 2946 1757 3017 πεπονημένα
1803 2963 1910 2999 πα-

2009 1840 2221 1882 (ἩΗΊΙΙΙΙ
2250 1843 2369 1883 esse
2400 1828 2596 1883 bellum
2623 1838 2815 1883 contra
2845 1843 2939 1883 eos
2975 1836 3366 1899 congregatos;
3407 1828 3459 1880 in
3500 1827 3592 1879 illo

2009 1918 2148 1973 bello
2191 1934 2448 2000 casurum
2496 1936 2615 1975 esse
2670 1919 2946 1974 Christum
3001 1934 3101 1989 per
3149 1919 3415 1988 gladium;
3473 1926 3587 1973 tum

2012 2010 2154 2064 haud
2186 2011 2258 2065 ita
2306 2012 2476 2065 nmlto
2524 2023 2644 2082 post
2675 2025 3053 2067 successuram
3087 2025 3211 2066 esse
3248 2026 3595 2065 consumma-

2011 2100 2211 2154 tionem
2252 2115 2316 2155 ac
2365 2088 2808 2171 deﬂagrationem
2855 2101 3119 2162 universi,
3155 2109 3210 2155 et
3255 2100 3328 2151 ita
3381 2114 3499 2167 qua:
3527 2101 3592 2150 de

2010 2192 2408 2244 resurrectione
2434 2193 2728 2258 opinantur
2754 2191 3049 2259 perfectum
3075 2190 3166 2256 iri,
3200 2192 3591 2258 merccdcsque

2008 2282 2206 2349 cuique
2236 2293 2397 2351 prout
2422 2286 2591 2353 egerit
2622 2285 2877 2337 tributum
2914 2285 3002 2339 iri.

2081 2395 2170 2448 3i.
2212 2395 2477 2449 Videntur
2521 2398 2677 2450 nobis
2720 2396 3049 2450 stillieienter
3071 2398 3310 2452 omnium
3342 2408 3396 2452 et
3437 2398 3589 2452 Grae—

2011 2501 2197 2541 corum
2220 2497 2275 2541 et
2310 2488 2667 2542 Barbarorum
2695 2490 2885 2558 placita
2914 2506 3033 2543 esse
3056 2492 3319 2559 exposita,
3354 2491 3591 2557 ttiltilqun

2014 2581 2341 2633 remansisse
2400 2582 2738 2635 irreiutatum
2782 2580 3138 2653 494-495
3188 2598 3359 2651 neque
3417 2582 3593 2651 philo.

2012 2672 2471 2739 sophumenorum
2529 2689 2703 2742 neque
2750 2688 2975 2739 e0rnm,
3033 2691 3151 2742 qua:
3205 2675 3272 2728 ah
3327 2675 3591 2728 haereticis

2012 2764 2156 2820 dicta
2232 2776 2396 2830 sunt,
2460 2766 2550 2833 qui
2622 2782 2685 2819 ex
2776 2766 2906 2833 ipsis
2978 2765 3238 2834 expositis
3305 2764 3593 2817 manifeste

2012 2857 2186 2923 arguti
2253 2867 2380 2910 sunt
2430 2856 2513 2910 vel
2576 2856 2861 2925 expilaudo
2928 2856 3006 2909 vel
3080 2855 3323 2924 qnmdam
3406 2869 3591 2909 corro-

2013 2945 2188 3013 gando
2250 2961 2313 3000 ea
2373 2946 2526 3016 ipsa,
2579 2963 2697 3015 quae
2745 2964 2773 2999 a
2829 2946 3031 3001 Graecis
3093 2946 3367 3000 elaborata
3426 2955 3587 3008 sunt,

338 3032 653 3103 ραθεμένων
693 3034 767 3096 ὡς
799 3033 936 3090 θεῖα.
980 3036 1081 3089 Διά
1130 3036 1350 3089 πάντων
1381 3032 1475 3089 οὖν
1517 3037 1905 3108 διαδραμόντες

2012 3037 2357 3106 proposuisse
2402 3048 2659 3107 tauquam
2704 3039 2905 3091 divina.
2963 3037 3252 3106 Postquam
3287 3038 3450 3106 igitur
3493 3051 3590 3104 per

334 3125 432 3177 καὶ
475 3127 615 3193 μετά
658 3124 853 3178 πολλοῦ
890 3126 1052 3179 πόνου
1088 3128 1146 3179 ἐν
1182 3130 1304 3191 ταῖς
1345 3127 1502 3181 ὲννέα
1556 3128 1759 3198 βίϐλοις
1790 3128 1811 3159 ⁸
1840 3130 1910 3182 τὰ

333 3214 517 3268 πάντα
542 3215 794 3285 δόγματα
825 3216 1165 3284 ἐξειπόντες,
1200 3218 1337 3270 πᾶσί
1366 3235 1425 3271 τε
1481 3219 1790 3289 ἀνθρώποις
1816 3221 1912 3287 ἐφ-

334 3308 479 3359 όδιον
510 3310 571 3359 ἐν
594 3306 694 3377 βίῳ
730 3308 924 3377 μικρὸν
950 3308 1362 3375 καταλιπόντες,
1387 3311 1481 3363 καὶ
1510 3314 1621 3375 τοῖς
1642 3312 1909 3383 παροῦσιν

332 3398 432 3449 οὐκ
489 3394 676 3466 ὀλίγης
724 3399 743 3429 ⁸
785 3401 967 3470 χαρᾶς
1006 3402 1101 3454 καὶ
1168 3401 1433 3471 θυμηδίας
1487 3404 1507 3433 ⁸
1557 3402 1910 3471 φιλομάθειαν

334 3488 728 3558 παρασχόντες,
758 3488 982 3559 εὔλογον
1010 3492 1294 3563 ἡγούμεθα
1313 3490 1503 3561 ὥσπερ
1536 3492 1784 3562 κορυφὴν
1811 3492 1907 3544 τοῦ

336 3574 536 3637 παντὸς
571 3574 710 3646 [τὸν]
745 3577 764 3606 ⁷
802 3579 934 3647 περὶ
978 3578 1236 3648 ἀληθείας
1275 3577 1433 3644 λόγον
1456 3578 1769 3645 ἐπενέγκαι,
1814 3578 1910 3632 καὶ

336 3665 522 3718 τοῦτον
552 3669 608 3718 ἐν
642 3670 742 3738 μιᾷ
771 3667 939 3738 βίϐλῳ
973 3672 1038 3737 τῇ
1068 3668 1273 3741 δεκάτῃ
1307 3668 1647 3738 περιγράψαι
1666 3709 1689 3734 ,,
1704 3670 1853 3733 ὅπως
1886 3672 1915 3723 ό

348 3755 691 3825 ἐντυγχάνων
728 3757 803 3827 μὴ
828 3757 990 3827 μόνον
1014 3758 1332 3828 ἀνατροπὴν
1352 3758 1461 3811 τῶν
1498 3758 1914 3829 τετολμηκότων

342 3846 578 3916 αίρέσεις
635 3849 1009 3919 συστήσασθαι
1052 3851 1312 3919 ἐπιγνοὺς
1362 3852 1760 3922 καταφρονήσῃ
1806 3851 1913 3904 τῶν

340 3935 605 4003 ματαίων,
640 3938 776 3991 ἀλλά
812 3939 905 3991 καὶ
954 3939 1053 4009 τὴν
1088 3939 1203 4015 τῆς
1236 3938 1500 4009 ἀληθείας
1531 3939 1764 4009 δύναμιν
1791 3944 1915 3993 ἐπι-

335 4028 500 4095 γνοὺς
531 4027 696 4093 ἀξίως
728 4029 847 4101 Θεῷ
878 4030 1175 4094 πιστεύσας
1211 4030 1451 4102 σωθῆναι
1481 4030 1702 4103 δυνηθῇ.
1738 4034 1751 4101 l

2015 3129 2197 3182 omnia
2249 3130 2616 3198 percurrimus
2665 3140 2719 3182 et
2767 3144 2960 3200 magno
3020 3130 3208 3182 labore
3260 3144 3457 3182 novent
3510 3130 3594 3181 his

2013 3218 2170 3273 libris
2198 3220 2377 3273 omnia
2406 3221 2602 3290 placita
2641 3220 2931 3284 ediximus,
2969 3221 3329 3288 omnibusque
3363 3221 3592 3274 homini-

2014 3309 2118 3364 bus
2160 3325 2385 3378 parvum
2421 3311 2473 3363 in
2525 3310 2630 3364 vita
2670 3311 2924 3364 viaticum
2975 3310 3314 3378 reliquimus,
3362 3322 3416 3361 et
3459 3326 3591 3378 prte-

2015 3401 2259 3454 sentibus
2309 3400 2448 3454 haud
2488 3414 2665 3470 parva:
2714 3401 2917 3453 laetitia:
2964 3410 3017 3452 et
3061 3400 3439 3454 oblectationis
3489 3410 3591 3454 sui.

2015 3492 2162 3547 dium
2209 3492 2451 3546 discendi
2501 3493 2845 3562 prrehuimus,
2886 3493 3224 3547 commodum
3266 3494 3592 3547 arbitramur

2021 3589 2274 3648 tanquam
2303 3580 2574 3650 fastigium
2605 3584 2766 3636 totius
2796 3582 2977 3652 operis
3000 3599 3306 3638 sermonem
3342 3587 3407 3639 de
3446 3587 3589 3640 veri-

2018 3679 2125 3725 tale
2153 3669 2350 3725 afferre
2385 3686 2617 3740 cumque
2644 3673 2696 3725 in
2732 3689 2839 3728 uno
2872 3674 3010 3728 libro
3038 3675 3250 3729 decimo
3287 3676 3587 3737 delineare.

2017 3774 2076 3817 ut
2116 3762 2284 3818 lector
2317 3777 2422 3816 non
2463 3763 2636 3817 solum
2680 3780 2801 3818 cum
2838 3765 3218 3819 refutationem
3278 3780 3463 3821 eorum
3496 3770 3590 3837 qui

2018 3855 2252 3909 hzereses
2284 3854 2517 3909 condere
2544 3855 2659 3909 ausi
2688 3866 2833 3920 sunt,
2861 3859 3194 3923 cognoverit,
3227 3858 3403 3912 inania
3435 3874 3589 3929 sper-

2019 3956 2132 4010 nat,
2163 3946 2255 4000 sed
2294 3946 2485 4012 etiam,
2513 3960 2633 4000 cum
2665 3948 2909 4002 veritatis
2937 3950 3041 4001 vim
3071 3952 3403 4019 cognoverit,
3434 3952 3591 4023 digne

2034 4037 2119 4090 ubi
2148 4036 2257 4091 Deo
2274 4036 2589 4103 crediderit,
2630 4038 2825 4092 salvari
2854 4041 3041 4109 possit.

1600 4252 1830 4307 VARIAS
1871 4253 2269 4311 LECTIONES.

430 4430 478 4460 "
510 4430 589 4491 είς
627 4429 813 4514 θνητά..
840 4432 918 4495 εἰς
944 4431 1076 4514 ὄντα
1104 4430 1168 4496 C,
1344 4430 1403 4514 ’ξ-
1418 4432 1483 4514 ἐκ
1515 4430 2059 4514 μίρους.ῌΕκοίιΙὶιιιο
2090 4436 2406 4514 vocabulum
2451 4440 2819 4514 ἀναφέρεσθαι
2863 4444 2950 4514 vel
2976 4443 3080 4499 tale
3110 4444 3278 4514 quid?

1738 4504 1782 4533 "
1819 4504 2086 4576 μαχαίρῃο
2127 4506 2407 4578 μαχαίρᾳιῖ

1413 4570 1491 4656 m'
1520 4570 1741 4656 Littera
1764 4570 2509 4656 stippletnz'elacuuinu'e'gracte
2539 4570 2812 4656 implent;
2850 4595 3142 4653 supersunt
3176 4586 3396 4656 vestigia
3443 4589 3588 4639 litte-

1372 4639 1591 4726 βίϐλοιςἒ
1622 4644 1734 4726 τοῖς
1762 4639 1919 4698 ἐννέα
1960 4645 2162 4715 βίϐλοις
2187 4646 2249 4714 C,
2283 4648 2364 4703 vcl
2395 4652 2507 4713 τοῖς
2535 4639 2688 4705 ἐννέα
2718 4639 2962 4722 βιϐλίοις.
2993 4639 2998 4640 ⁷
3023 4639 3059 4687 ⁷³
3077 4656 3263 4726 ὀλίγης
3290 4639 3585 4726 ιῖυιδνθῐυε,

339 4497 592 4571 νώμενοι.
641 4500 992 4571 πλανώμενον
1037 4500 1099 4556 C.
1180 4502 1240 4571 7”
1272 4497 1535 4571 γενᾶσθαι
1556 4497 1618 4555 C.

338 4569 735 4621 ἁπολελυπὲναι
770 4569 844 4633 (1,
863 4570 1278 4623 ἀπολελειπέναι
1304 4570 1372 4623 Μ.

344 4654 522 4691 rarum
562 4656 596 4691 α
626 4653 674 4693 et
709 4656 761 4692 κ.
803 4640 871 4694 Μ.
948 4648 969 4670 ⁸
996 4642 1115 4701 ταῖς
1165 4640 1321 4694 ἐννέα

339 4706 538 4776 ὀλίγοις
570 4708 632 4771 C.
669 4710 735 4762 Μ.
807 4711 827 4738 ⁸
859 4709 1107 4781 θυμιδίας
1141 4712 1201 4763 (ἒ.
1317 4710 1332 4739 ⁷
1370 4706 1462 4761 τὸν
1493 4713 1614 4765 add.
1644 4710 1713 4762 Μ.

663 5742 931 5802 ΡΑΤποῑ..
983 5743 1094 5804 Gn.
1144 5740 1297 5803 .\'\'l.

3384 4445 3429 4476 ⁸⁷
3458 4445 3594 4496 πλα⁸

2516 4513 2529 4540 ¹
2566 4513 2892 4582 ἐκτεθῆσθαι
2927 4513 2988 4570 C.
3102 4513 3587 4569 ’άπολελοιπέναι.

3166 5750 3278 5810 108
