4060 6196
481 244 608 306 3441

1971 237 2339 299 OHIGENIS

3697 233 3782 298 34
3790 232 3863 296 42

480 387 589 426 non
623 371 887 436 videatur,
939 371 1208 427 visibilem
1255 381 1472 437 autem,
1511 371 1734 438 quando
1782 370 2062 437 videatur;

2174 374 2369 445 ὁρατὸν
2402 373 2493 440 δὲ,
2520 375 2650 429 ὅταν
2683 353 2898 452 ὁρᾶται·
2931 373 3237 444 ἀγέννητον
3265 371 3347 436 δὲ,
3382 371 3528 426 ὃταν
3566 368 3666 441 μὴ
3714 385 3859 439 γεν-

484 478 592 516 non
626 463 868 532 genitum
900 474 1106 530 autem,
1135 463 1350 533 quando
1382 478 1491 517 non
1519 463 1794 532 gignatur,
1823 463 2064 532 genitum

483 564 687 621 autem,
723 558 940 625 quando
988 558 1241 627 gignatur
1281 571 1347 612 ex
1395 556 2064 627 Virgiueﬁmpassibilem

483 660 537 701 et
572 649 956 714 immortalem,
1009 651 1229 720 quando
1275 665 1384 704 non
1428 650 1666 720 patiatur
1707 659 1763 702 et
1804 664 1908 702 nun
1952 663 2067 702 mo-

482 739 678 803 riatur,
707 739 798 794 ubi
825 751 1005 796 autem
1035 743 1320 810 passiones
1351 742 1636 805 subiverit,
1682 741 1790 808 pati
1821 750 1877 795 et
1906 740 2066 796 mori.

482 828 638 883 Hunc
667 827 884 884 Patrem
940 832 1114 900 ipsum
1176 829 1371 885 Filium
1417 832 1751 885 arbitrantur
1797 845 1896 901 pro
1930 837 2067 884 tem-

480 921 702 988 poribus
730 922 913 976 vocari
949 926 1250 977 secundum
1282 921 1608 976 accidentia.

548 1031 751 1087 Horum
785 1035 1017 1089 haeresin
1051 1037 1447 1091 corronorabat
1478 1035 1772 1100 Callistus,
1807 1034 1960 1104 cujus
1990 1036 2066 1089 vi-

482 1136 592 1180 tam
642 1131 991 1197 exposuimus
1048 1130 1358 1200 diligenter,
1411 1131 1501 1198 qui
1556 1141 1611 1182 et
1657 1130 1772 1197 ipse
1829 1130 2062 1184 haeresin

480 1221 728 1288 peperit;
758 1235 787 1272 a
822 1221 1024 1289 quibus
1060 1223 1210 1275 initia
1245 1219 1592 1291 530-531
1633 1231 1824 1275 nactus
1859 1230 1915 1274 et
1949 1221 2063 1291 ipse

482 1313 738 1376 profiteris
791 1327 955 1364 unum
998 1309 1119 1365 Esse
1163 1309 1382 1364 Patrem
1437 1323 1493 1364 et
1546 1310 1736 1374 Deum,
1785 1309 1927 1363 hunc
1955 1310 2064 1378 opi-

485 1402 639 1452 ficem
682 1402 892 1468 mundi,
931 1403 1074 1457 hunc
1112 1418 1242 1457 vero
1281 1416 1403 1457 esse
1447 1400 1643 1454 Filium
1697 1400 1919 1454 nomine
1944 1401 2063 1469 qui-

486 1493 605 1544 dem
643 1493 848 1545 dictum
878 1501 934 1546 et.
979 1495 1335 1559 nominatum,
1376 1508 1432 1546 re
1475 1504 1656 1547 autem
1703 1490 1919 1564 [unum]
1943 1507 2065 1547 esse

481 1581 813 1654 Spiritum];
869 1584 1108 1654 Spiritus
1135 1585 1304 1652 enim,
1334 1586 1532 1654 inquit,
1572 1583 1718 1638 Deus
1766 1602 1872 1639 non
1922 1585 2064 1640 alius

479 1685 564 1728 est
600 1691 763 1744 quant
793 1675 992 1744 Lagus,
1024 1676 1106 1730 vel
1139 1677 1314 1744 Logus
1351 1694 1509 1745 quam
1540 1675 1702 1730 Deus.
1742 1676 1861 1732 Una
1901 1677 2064 1746 igitur

482 1769 597 1821 hazc
620 1783 853 1836 persona
882 1768 1101 1822 nomine
1133 1770 1351 1835 quidem
1407 1769 1602 1833 divisa,
1647 1785 1748 1823 nec
1807 1784 1935 1824 vero
1979 1785 2058 1825 re.

481 1859 637 1912 lluue
668 1859 850 1929 logum
894 1874 1058 1913 unum
1100 1875 1223 1914 esse
1261 1861 1426 1914 Deum
1456 1861 1753 1914 arbitratur
1797 1871 1851 1914 et
1884 1861 2062 1914 incar-

479 1960 667 2004 natum
695 1967 815 2005 esse
853 1951 1004 2005 dicit.
1030 1950 1098 2004 Et.
1145 1967 1267 2006 eum
1298 1953 1552 2021 quidem,
1609 1954 1698 2020 qui
1763 1959 2059 2008 secundum

479 2058 699 2097 carnem
747 2045 894 2099 visus
947 2055 1031 2097 est
1088 2055 1144 2096 et
1187 2044 1632 2112 comprehensus,
1685 2043 1879 2098 Filium
1935 2059 2059 2100 esse

481 2136 614 2202 vult,
643 2152 762 2191 eum
795 2149 998 2204 autem,
1027 2138 1117 2207 qui
1166 2136 1454 2200 inhabitat,
1509 2136 1749 2205 Patrem,
1795 2148 1904 2191 tum
1937 2139 2059 2207 qui-

479 2231 603 2281 dem
659 2229 726 2282 ad
773 2228 927 2283 Nocti
972 2228 1276 2284 doctrinam
1338 2228 1608 2298 delapsus,
1646 2239 1755 2282 tum
1812 2244 1938 2284 vero
1993 2232 2062 2286 ad

481 2317 767 2384 Theodoti,
797 2319 928 2373 nihil
975 2319 1117 2373 firmi
1168 2330 1378 2374 tenens.
1431 2320 1559 2374 Haec
1593 2320 1758 2390 igitur
1780 2318 2057 2376 Callistus.

549 2497 640 2552 28.
683 2496 1051 2568 Hermogenes
1077 2509 1257 2553 autem
1289 2499 1511 2568 quidam
1535 2508 1588 2551 et
1614 2497 1730 2566 ipse
1753 2513 1872 2552 cum
1901 2498 2063 2554 vellet

479 2595 683 2664 aliquid
725 2597 941 2662 dicere,
991 2596 1129 2650 dixit
1177 2593 1347 2648 Deum
1391 2609 1454 2647 ex
1506 2593 1730 2646 materia
1784 2607 1962 2646 coaeva
2006 2601 2062 2647 et

477 2687 791 2756 subjacente
821 2688 1070 2742 universa
1118 2685 1350 2750 fecisse;
1389 2685 1502 2739 fieri
1539 2686 1686 2739 enim
1730 2700 1838 2738 non
1868 2700 2054 2753 posse,

481 2781 624 2846 Deus
664 2795 729 2834 ex
758 2780 976 2836 entibus
1011 2780 1175 2834 faciat
1199 2793 1260 2832 ea
1294 2794 1414 2847 qua:
1441 2778 1585 2832 facta
1621 2788 1771 2832 sunt.

549 2873 642 2928 9.9.
685 2873 789 2926 Alii
815 2883 998 2928 autem
1033 2873 1250 2941 quidam
1277 2873 1433 2941 quasi
1458 2885 1653 2924 novum
1689 2870 1906 2938 aliquod
1935 2871 2062 2926 sub-

485 2968 899 3022 introducentes
929 2980 994 3020 ex
1033 2965 1287 3020 omnibus
1337 2963 1644 3018 haeresibus
1691 2974 2059 3033 corrogatum,

2168 466 2363 531 νᾶται,
2419 466 2678 536 γεννητὸν
2717 466 2809 532 δὲ,
2857 465 2989 519 ὅταν
3025 467 3296 534 γεννᾶται
3341 465 3419 540 ἔκ
3474 460 3857 534 Παρθένου·

2167 557 2354 626 άπαθῆ
2386 558 2480 610 καὶ
2512 558 2804 621 ἀθάνατον,
2829 558 2920 610 ὅτε
2943 558 2988 589 ⁵⁷
3024 559 3103 627 μὴ
3135 557 3333 628 πάσχῃ
3368 557 3521 627 μήτε
3562 555 3856 626 θνῄσκῃ,

2167 647 2305 702 ἐπὰν
2334 648 2391 702 δὲ
2420 650 2568 718 πάθη
2595 649 2871 719 προσέλθῃ
2891 689 2907 714 ,
2935 650 3172 719 πάσχειν
3201 649 3302 701 καὶ
3339 648 3565 719 Θνήσκε
3578 665 3666 700 ιν.
3703 646 3855 699 Τοῦ-

2166 755 2258 792 τον
2275 741 2320 772 ⁸⁸
2353 740 2446 794 τὸν
2481 741 2705 811 Πατέρα
2734 742 2898 794 αὑτὸν
2919 744 2964 775 ⁹⁹
3004 741 3135 794 Υίὸν
3163 740 3468 810 νομίζουσι
3498 741 3677 795 κατὰ
3715 758 3853 795 και-

2169 831 2298 903 ροὺς
2321 833 2657 904 καλούμενον
2692 833 2828 906 πρὺς
2859 832 2928 887 τὰ
2955 833 3363 902 συμϐαίνοντα.

2239 1035 2457 1089 Τούτων
2494 1035 2596 1106 τὴν
2637 1036 2854 1106 αἵρεσιν
2881 1035 2896 1066 ⁸
2929 1035 3205 1106 ἐκράτυνε
3247 1033 3606 1099 Κάλλιστος,
3638 1027 3710 1088 οὗ
3746 1035 3841 1088 τὸν

2168 1127 2282 1197 βίον
2325 1127 2687 1198 ὲκτεθείμεθα
2737 1127 3004 1197 ἀσφαλῶς
3031 1129 3074 1192 ³,
3117 1127 3180 1190 ὃς
3218 1127 3319 1180 καὶ
3366 1127 3542 1192 αὐτὸς
3599 1130 3838 1200 αἵρεσιν

2165 1219 2558 1291 ἀπεγέννησεν·
2610 1221 2669 1288 ἐξ
2719 1214 2795 1274 ὧν
2825 1219 2908 1292 [p.
2958 1220 3090 1275 530.
3131 1218 3268 1291 551]
3321 1220 3602 1291 ἀφορμὰς
3636 1220 3832 1275 λαϐὼν

2165 1312 2259 1364 καὶ
2291 1313 2454 1375 αὐτὸς
2491 1312 2772 1380 ὁμολογῶν
2802 1313 2900 1365 ἕνα
2935 1306 3084 1365 εἶναι
3114 1311 3209 1365 τὸν
3240 1312 3471 1382 Πατέρα
3502 1315 3650 1367 καὶ³
3681 1315 3825 1367 Θεὸν

2164 1403 2354 1457 τοῦτον
2381 1404 2403 1436 ⁸
2449 1405 2784 1476 δημιουργὸν
2836 1404 2935 1457 τοῦ
3001 1403 3248 1467 παντὸς,
3305 1404 3500 1458 τοῦτον
3552 1407 3615 1460 δὲ
3662 1403 3813 1460 εἶναι

2167 1495 2294 1548 Υίὸν
2351 1496 2576 1565 ὀνόματι
2635 1497 2734 1565 μὲν
2798 1495 3103 1566 λεγόμενον
3193 1495 3296 1549 καὶ
3359 1497 3795 1567 ὀνομαζόμενον,

2165 1587 2323 1658 οὐσίᾳ
2356 1586 2412 1639 δὲ
2441 1585 2546 1658 [ἓν]
2579 1587 2600 1618 ⁵
2625 1582 2764 1640 εἶναι
2791 1585 3075 1658 [Πνεῦμα]
3103 1588 3148 1651 ⁸,
3177 1585 3415 1658 Πνεῦμα
3437 1588 3566 1658 γὰρ,
3597 1590 3792 1659 φησὶν,

2163 1680 2192 1730 ὁ
2219 1678 2352 1742 Θεὸς
2393 1679 2490 1748 οὐχ
2525 1678 2710 1749 ἕτερόν
2737 1680 2854 1732 ἐστι
2896 1680 3057 1750 παρὰ
3093 1679 3194 1730 τὸν
3223 1680 3427 1748 Λόγον,
3473 1680 3505 1750 ἢ
3564 1683 3596 1733 ὁ
3620 1682 3800 1748 Λόγος

2166 1771 2317 1841 παρὰ
2359 1770 2451 1822 τὸν
2496 1769 2650 1823 Θεόν.
2706 1771 2801 1822 Ἓν
2852 1764 2948 1823 οὖν
2998 1769 3169 1823 τοῦτο
3206 1769 3527 1846 πρόσωπον,
3565 1773 3804 1841 ὀνόματι

2167 1863 2267 1932 μὲν
2303 1861 2677 1933 μεριζόμενον,
2732 1862 2891 1933 οὐσίᾳ
2936 1862 2995 1915 δὲ
3048 1861 3140 1915 οῦ.
3203 1863 3414 1916 Τοῦτον
3483 1865 3576 1916 τὶν
3620 1865 3807 1932 Λόγον

2163 1956 2260 2007 ἕνα
2293 1950 2434 2007 εἶναι
2461 1953 2594 2006 Θεὸν
2621 1952 2879 2024 ὀνομάζει
2903 1955 3003 2006 καὶ
3037 1955 3449 2027 σεσαρκῶσθαι
3480 1956 3648 2022 λέγει.
3682 1953 3804 2009 Καὶ

2163 2047 2254 2098 τὸν
2303 2045 2401 2114 μὲν
2447 2042 2593 2098 κατὰ
2639 2043 2819 2109 σάρκα
2867 2043 3163 2114 ὁρώμενον
3214 2047 3318 2099 καὶ
3367 2045 3793 2118 κρατούμενοντ

2164 2139 2292 2192 Υἱὸν
2332 2133 2471 2190 εἶναι
2501 2136 2643 2189 ϐέλει
2664 2135 2708 2198 ⁸,
2751 2134 2842 2187 τὸν
2884 2134 2944 2188 δὲ
2995 2137 3343 2192 ἐνοικοῦντα.
3372 2121 3596 2209 Πατέρα
3617 2178 3632 2200 ,
3661 2139 3802 2191 ποτε

2165 2231 2263 2302 μὲν
2292 2229 2368 2300 τῷ
2403 2228 2612 2299 Νοητοῦ
2639 2228 2660 2260 ⁹
2689 2227 2924 2298 δόγματι
2961 2230 3520 2301 περιρρηγνύμενος
3566 2232 3628 2295 ¹⁹,
3660 2232 3795 2284 ποτὲ

2161 2321 2218 2374 δὲ
2283 2320 2363 2391 τῷ
2413 2318 2699 2384 Θεοδότου,
2773 2317 2940 2389 μηδὲν
2993 2319 3258 2389 ἀσφαλὲς
3314 2322 3567 2393 κρατῶν.
3611 2321 3794 2376 Ταῦτα

2159 2411 2343 2465 τοίνυν
2365 2410 2686 2474 Κάλλιστος.
3022 2459 3036 2474 ,

2233 2512 2343 2576 κη’.
2395 2504 2730 2573 Ἑρμογένης
2765 2503 2822 2557 δέ
2864 2521 2948 2568 τις
2981 2505 3026 2536 ¹¹
3083 2504 3191 2558 καὶ
3247 2507 3434 2572 αὐτὸς
3477 2507 3685 2576 θελήσας
3718 2522 3771 2557 τι

2162 2597 2366 2667 λέγειν,
2411 2597 2514 2667 ἔφη
2543 2597 2632 2649 τὸν
2663 2595 2796 2648 Θεὸν
2828 2596 2885 2662 ἐξ
2911 2596 3049 2668 ’ὑλης
3087 2601 3426 2671 συγχρόνου
3458 2601 3554 2653 καὶ
3574 2600 3773 2651 ὑποχει.

2165 2690 2336 2761 μένης
2379 2688 2448 2741 τὰ
2477 2689 2656 2742 πάντα
2707 2689 3096 2760 πεποιηκέναι·
3156 2693 3466 2756 ἀδυνάτως
3511 2691 3618 2762 γάρ
3649 2691 3790 2759 ἔχειν

2162 2783 2252 2834 τὸν
2295 2779 2426 2833 Θεὸν
2460 2781 2536 2848 μὴ
2571 2781 2689 2850 οὐχὶ
2713 2781 2772 2845 ἐξ
2803 2781 2973 2835 ὅντων
3000 2783 3073 2836 τὰ
3109 2787 3401 2855 γενόμενα
3434 2787 3643 2838 ποιεῖν.

2236 2869 2341 2925 κο’.
2387 2872 2604 2940 "Era-:90:
2635 2871 2692 2923 δὲ
2726 2888 2869 2934 τινες
2904 2873 2946 2902 ¹⁸
2973 2872 3051 2936 ὡς
3082 2876 3277 2928 καινόν
3315 2893 3367 2927 τι
3405 2875 3796 2946 παρεισάγονο

2163 2982 2254 3029 τες
2285 2967 2348 3018 ὲκ
2388 2965 2574 3018 πασῶν
2623 2966 2888 3034 αἱρέσεων
2919 2967 3350 3038 ἐρανισάμενοι,
3387 2968 3560 3038 ξένην
3601 2968 3799 3037 βίϐλον

483 3059 722 3112 mirabili
757 3057 896 3110 libro
928 3055 1176 3109 confecto
1213 3071 1278 3108 ex
1302 3052 1553 3108 Elchasai
1607 3056 1840 3124 quodam
1889 3057 2062 3109 nomi-

2174 3057 2535 3120 σκευάσαντες
2578 3057 2840 3127 Ἠλχασαῖ
2871 3076 3020 3121 τινος
3069 3059 3592 3129 ἐπονομαζομένην,
3634 3055 3797 3113 οὗτοι

484 3159 628 3216 nato,
663 3149 714 3200 hi
747 3148 1010 3216 principia
1044 3146 1284 3199 universi
1349 3145 1710 3199 consimiliter
1743 3148 2063 3213 proﬁtentur

481 3261 510 3298 a
539 3243 648 3299 Deo
677 3241 976 3304 exstitisse,
1014 3238 1293 3294 Christum
1344 3251 1476 3291 vero
1530 3253 1696 3291 unum
1731 3253 1834 3293 non
1894 3239 2062 3309 proli-

486 3347 684 3402 tentur,
717 3335 811 3389 sed
834 3348 955 3388 esse
978 3333 1314 3400 superiorem
1350 3330 1569 3399 quidem
1601 3346 1788 3395 unum,
1813 3333 2061 3386 eumdem

480 3446 612 3484 vero
639 3426 946 3481 transfundi
985 3427 1037 3478 in
1077 3437 1308 3492 corpora
1343 3422 1514 3477 multa
1573 3437 1968 3492 smpeuumero,
2010 3432 2066 3479 et

484 3539 626 3578 llllllc
656 3538 782 3577 vero
814 3523 867 3575 in
893 3518 1057 3586 Jesu;
1101 3517 1458 3574 consimiliter
1478 3529 1590 3572 tum
1617 3517 1835 3587 quidem
1861 3533 1927 3572 ex
1951 3517 2063 3573 Deo

482 3630 605 3668 eutn
634 3620 818 3666 natum
838 3626 981 3678 esse,
1009 3621 1119 3665 tum
1143 3621 1322 3664 autem
1348 3610 1599 3680 spiritum
1621 3611 1918 3676 exstitisse,
1950 3621 2062 3664 tum

483 3718 666 3762 autem
699 3723 766 3762 ex
806 3703 1054 3777 Virgine,
1101 3713 1217 3758 tum
1264 3715 1445 3759 autem
1483 3719 1628 3770 non;
1669 3714 1724 3757 et
1754 3704 1898 3758 huue
1933 3716 2065 3756 vero

485 3811 669 3872 postea
697 3815 914 3869 semper
944 3801 996 3854 iu
1037 3814 1267 3868 corpora
1327 3796 1634 3853 transfundi
1677 3805 1731 3850 et
1781 3797 1834 3849 iu
1880 3797 2066 3851 multis

486 3906 583 3961 per
607 3901 849 3958 tempora
882 3904 1167 3959 apparere.
1199 3889 1440 3945 Utuntur
1474 3897 1653 3942 autem
1679 3887 2066 3942 incantationi-

486 3988 588 4036 bus
624 3994 678 4038 et
720 3983 1028 4052 baptismis,
1057 3984 1110 4036 in
1159 3982 1360 4051 quibus
1411 3980 1680 4035 elementa
1721 3982 2062 4050 profitentur.

487 4075 823 4144 Superbiunt
851 4087 1029 4129 autem
1073 4073 1363 4143 astrologia
1393 4083 1444 4128 et
1481 4073 1710 4126 mathesi
1747 4083 1799 4127 et
1843 4073 2067 4142 magicis

485 4169 715 4223 artibus.
742 4167 932 4222 Futuri
969 4177 1148 4222 autem
1179 4169 1435 4238 praescios
1459 4181 1580 4221 sese
1605 4168 1814 4221 dicunt.

557 4280 647 4334 30.
681 4321 694 4334 .
733 4320 746 4333 .
784 4318 798 4333 .
837 4320 852 4334 .
889 4319 904 4334 .
941 4320 955 4334 .
997 4319 1012 4334 .
1054 4320 1068 4334 .
1112 4323 1125 4336 .
1161 4278 1460 4354 [Abraham
1486 4280 1649 4354 juSsi]
1707 4281 1800 4335 Dei
1835 4281 2064 4336 commi-

2164 3155 2262 3216 τὰς
2302 3151 2400 3222 μὲν
2433 3151 2603 3223 ἀρχὰς
2637 3150 2730 3203 τοῦ
2779 3151 2982 3214 παντὸς
3021 3152 3218 3222 ὁμοίως
3247 3150 3629 3220 ὁμολογοῦσιν
3670 3150 3796 3202 ὑπὸ

2164 3245 2260 3298 τοῦ
2290 3244 2424 3298 Θεοῦ
2452 3244 2755 3312 γεγονέναι,
2782 3244 3019 3314 Χριστὸν
3041 3245 3096 3297 δὲ
3121 3246 3215 3298 ἕνα
3237 3245 3340 3313 οὺχ
3364 3241 3795 3312 ὁμολογοῦσιν,

2165 3337 2279 3390 ἀλλ’
2312 3333 2452 3389 εἶναι
2474 3337 2565 3390 τὸν
2587 3336 2684 3406 μὲν
2713 3336 2821 3386 ἅνω
2851 3337 2946 3385 ἕνα
2969 3377 2983 3397 ,
3011 3338 3178 3388 αὑτὸν
3201 3338 3258 3390 δὲ
3285 3335 3793 3406 μεταγγιζόμενον

2167 3431 2225 3483 ὲν
2255 3428 2472 3499 σώμασι
2512 3428 2720 3488 πολλοῖς
2747 3425 2789 3456 ⁸⁸
2841 3424 3107 3487 πολλάκις
3131 3463 3145 3484 .
3203 3428 3302 3478 καὶ
3356 3428 3466 3480 νῦν
3506 3430 3564 3488 δὲ
3603 3431 3663 3483 ὲν
3705 3428 3790 3498 τῷ

2179 3519 2387 3590 Ἰησοῦ,
2418 3519 2618 3588 ὁμοίως
2650 3514 2822 3588 [πιοτὲ
2856 3515 2950 3584 μὲν
2983 3516 3047 3568 ὲκ
3089 3514 3184 3567 τοῦ
3215 3513 3360 3566 Θεοῦ
3401 3515 3764 3584 γεγενῆσθαι,

2167 3613 2298 3665 ποτὲ
2324 3613 2382 3665 δὲ
2422 3613 2644 3682 πνεῦμα
2692 3607 2973 3676 γεγονέναι
2999 3646 3013 3673 ,
3055 3607 3190 3658 ποτε
3219 3605 3279 3658 δὲ
3325 3607 3391 3658 ὲκ
3431 3605 3751 3676 Παρθένου,

2166 3704 2299 3758 ποτὲ
2329 3704 2386 3757 δὲ
2419 3703 2479 3756 οῦ
2502 3720 2515 3734 ο
2546 3703 2642 3755 καὶ
2678 3699 2865 3754 τοῦτον
2892 3698 2950 3751 δὲ
2984 3697 3279 3768 μετέπειτα
3325 3697 3414 3756 ἀεὶ
3445 3698 3502 3749 ὲν
3534 3694 3764 3764 σώμασι

2170 3793 2600 3866 μεταγγίςεσθαι
2632 3792 2728 3846 καὶ
2770 3792 2828 3842 ὲν
2872 3790 3087 3852 πολλοῖς
3115 3787 3258 3842 κατὰ
3288 3786 3519 3857 καιροὺς
3547 3787 3775 3840 δείκνυ-

2169 3887 2312 3942 σθαι.
2347 3888 2602 3959 Χρῶνται
2635 3884 2693 3937 δὲ
2741 3881 3073 3955 ὲπα[οι]δαίς
3106 3881 3201 3934 καὶ
3246 3880 3631 3950 βαπτίσμασιν
3665 3880 3772 3933 ἐπὶ

2165 3982 2233 4050 τῇ
2270 3979 2394 4047 ,τῶν
2454 3977 2736 4046 στοιχείων
2791 3975 3071 4046 ὁμολογίᾳ.
3129 3973 3456 4044 Σεσὸϐηνται
3509 3972 3568 4026 δὲ
3632 3973 3772 4042 περὶ

2168 4069 2527 4142 ἀστρολογίαν
2559 4069 2600 4099 ¹⁵
2653 4069 2748 4122 καὶ
2803 4065 3220 4137 μαθηματικὴν,
3255 4065 3351 4117 καὶ
3389 4067 3658 4134 μαγικοῖς
3699 4064 3776 4117 ³⁸.

2169 4162 2621 4233 Προγνωστικοῦς
2651 4160 2707 4212 δὲ
2736 4159 2964 4220 ἑαυτοὺς
2993 4156 3266 4226 λέγουσιν.

2239 4277 2305 4330 λ’.
2347 4317 2359 4331 .
2405 4316 2420 4331 .
2465 4316 2478 4330 .
2528 4316 2540 4328 .
2575 4315 2588 4328 .
2626 4315 2639 4328 .
2686 4315 2699 4328 .
2738 4315 2750 4327 .
2801 4275 2842 4306 ¹⁶
2875 4273 2970 4326 τοῦ
3017 4273 3155 4326 Θεοῦ
3181 4274 3223 4304 ⁸⁷
3265 4271 3501 4342 μετοικεῖ
3537 4267 3582 4301 ⁸⁸
3614 4270 3686 4322 ἐκ
3725 4272 3779 4305 ⁸⁸

486 4386 604 4446 grat
637 4390 700 4429 ex
728 4373 1134 4443 Mesopotamia:
1165 4374 1298 4426 urbe
1324 4372 1504 4426 Haran
1541 4373 1593 4426 in
1628 4373 1898 4442 regionem
1925 4386 2062 4426 nunc

2174 4367 2597 4436 Μεσοποταμίας
2625 4366 2832 4429 πόλεως
2862 4364 3090 4436 Χαρράν
3124 4365 3204 4427 είς
3234 4363 3330 4434 τὴν
3369 4362 3463 4415 νῦν
3504 4361 3604 4432 μὲν
3638 4360 3770 4412 Πα-

487 4469 706 4541 quidem
739 4466 1085 4523 Palaestinam
1117 4465 1469 4536 532-533
1518 4474 1571 4520 et
1599 4463 1840 4519 Judaeam
1875 4464 2064 4534 appelo

2172 4460 2456 4530 λαιστίνην
2486 4459 2580 4512 καὶ
2608 4457 2684 4530 [ν.
2717 4459 2842 4513 551.
2884 4455 3011 4528 552]
3043 4456 3308 4510 Ἰουδαίαν
3345 4468 3763 4524 προσαγορευο-

1759 4639 1994 4696 VARIE
2035 4637 2440 4695 LECTlONES.

563 4813 606 4846 ³⁷
639 4813 748 4865 ὅτε.
779 4811 945 4885 am?
976 4812 1263 4885 Sauppius.
1344 4815 1389 4847 ’³
1423 4813 1697 4885 Θνήσκειν.
1727 4811 1928 4866 Τοῦτον
1950 4809 2290 4885 τρνμπατέρα
2310 4808 3000 4885 ⁸αῦστόν.’θριήσκειν-τοῦτον
3020 4807 3367 4885 τὸν-πατέρα·
3401 4805 3560 4885 αὐτὸν
3593 4802 3657 4885 (ξ’,
3687 4800 3776 4856 Μ.

489 4885 534 4916 θ’
568 4885 750 4936 αὐτόν.
786 4878 1444 4954 αὑτὸν,καί³3’5ιιιῳρίιιε.
1509 4878 1538 4915 ’⁸
1582 4883 1667 4939 Cf.
1698 4899 1859 4951 supra
1889 4897 1943 4951 p.
1969 4878 2074 4933 450
2105 4878 2228 4948 sqq.

2307 4881 2326 4908 ¹
2357 4875 2639 4944 ἀσφαλῶς.
2677 4881 2864 4947 σαφῶς
2904 4895 3052 4948 susp.
3090 4878 3160 4933 Μ.
3238 4875 3407 4931 sHoc
3429 4878 3546 4931 loco
3573 4875 3778 4948 aliqua

491 4956 759 5008 excidisse
776 4971 838 5007 ex
863 4942 1220 5024 sequentibus
1246 4942 1342 5008 lin.
1369 4954 1533 5016 4—7,
1560 4956 1719 5024 sicuti
1755 4942 1817 5006 ex
1855 4942 1952 5024 iis,
1980 4942 2286 5024 quaeAsn'pra
2321 4965 2373 5024 p_.
2405 4942 2547 5024 438,
2572 4951 2642 5024 βυ
2678 4942 2800 5024 sqq.
2819 4942 3103 5024 leguntur,
3135 4957 3376 5024 apparet,
3401 4963 3519 5024 cuiu
3548 4944 3646 5024 τοῦ

495 5042 592 5091 γου
616 5026 814 5077 mentio
846 5025 933 5078 hic
965 5027 1322 5080 desideretur.

1399 5024 1422 5056 ⁸
1452 5012 1571 5076 θεον
1607 5023 1815 5076 τοῦτον.
1850 5012 1972 5074 θεὸν
1995 5012 2124 5071 seu?
2155 5012 2448 5087 Sauppius.
2528 5021 2548 5051 ⁵
2574 5018 2632 5070 ἓν
2656 5012 2780 5073 add.
2818 5012 2911 5074 M.‘
2965 5021 2986 5050 ⁸
3013 5012 3412 5088 εἶναι’πνεῦμα,
3434 5012 3660 5088 εξγαιϐέ

493 5083 652 5166 supra
686 5111 736 5160 ι).
769 5096 892 5158 458,
929 5095 1018 5151 81.
1094 5097 1112 5126 ⁷
1142 5095 1537 5166 κρατούμενον.
1570 5093 1936 5166 σταυρόμενον
1962 5105 2120 5166 ξυει)ἶ
2153 5088 2220 5142 Β.
2248 5083 2486 5166 Scottus.
2507 5159 2538 5166 Α
2565 5089 2991 5166 θρέλειηβέλειν
3022 5091 3082 5143 C.
3160 5088 3180 5116 '
3209 5083 3437 5166 Νοητοῦ.
3465 5083 3669 5166 Νοητῷ
3705 5084 3783 5140 C.

563 5159 1105 5237 περιρρηγνύμενος.
1154 5159 1629 5237 περιρηγ.,.μενος
1654 5205 1668 5226 ,
1711 5159 1919 5237 duabus
1962 5159 2160 5237 litteris
2191 5160 2457 5222 evanidis,
2499 5159 2562 5215 C.

1446 5226 1489 5268 ‘5
1536 5226 1691 5287 Vocis
1728 5233 1942 5286 πολλοῖς
1972 5230 2198 5298 vestigia
2229 5241 2482 5295 exstant,
2533 5233 2626 5284 sed
2665 5245 2772 5284 non
2810 5245 3032 5297 prorsus
3066 5226 3238 5298 certa.
3271 5226 3339 5280 M.

497 5236 551 5305 is
575 5234 658 5288 m,
689 5234 851 5305 ξείνω
895 5234 947 5305 p.
976 5238 1103 5301 ΑΜ.
1143 5238 1209 5291 47
1231 5234 1367 5305 ἶφι)

3211 5173 3264 5226 p.
3312 5155 3451 5226 152,
3506 5155 3577 5209 ΞΒ
3638 5171 3783 5226 sqq.

2785 5162 2824 5190 “
2872 5160 2956 5213 Cf.
3006 5173 3167 5228 supra
3211 5173 3264 5226 p.
3324 5160 3448 5217 452,
3506 5160 3577 5209 ‘28
3638 5171 3759 5225 sqq

2810 5245 3032 5295 prorsus
3066 5242 3238 5282 certa.
3271 5226 3339 5280 M.
3421 5225 3463 5257 “
3501 5225 3760 5295 ἀστρολο

3421 5225 3463 5257 ιι
3501 5226 3605 5277 ἀπ

497 5303 644 5378 vita}.
686 5295 910 5378 Littera;-
934 5295 1255 5378 aarp'plane
1281 5295 1540 5378 evanidae.
1569 5302 1642 5356 M.
1716 5304 1762 5378 ξ’
1797 5303 1926 5357 Post
1952 5295 2207 5378 μαγιδίοἰς
2225 5301 2500 5378 escidisse
2527 5295 2825 5378 ἐπτόηνται
2857 5316 3008 5378 Sttsp.
3034 5297 3084 5351 M
3111 5318 3122 5351 :
3163 5295 3446 5378 μαγικήνῖ
3469 5295 3782 5378 sauppius.

498 5377 540 5406 "
580 5372 709 5427 Post
743 5374 834 5428 liu.
878 5376 969 5439 ‘28,

1004 5366 1112 5446 qua
1146 5375 1239 5431 fol.
1277 5376 1380 5430 {3‘2
1413 5382 1533 5430 cod.
1573 5375 1930 5446 terminatur,
1953 5366 2152 5446 aliqua
2207 5371 2346 5446 __folia
2401 5366 2794 5446 i_n_tt_3rc_ii_ler_unt
2818 5366 3092 5446 prdomte
3139 5366 3786 5446 r'eliqnurt‘ttnﬁfoliorum

505 5444 748 5513 turbatus
777 5457 881 5508 est,
909 5433 1038 5500 cuni
1061 5448 1155 5502 l'ul.
1187 5447 1321 5513 157;
1355 5447 1442 5499 hic
1477 5446 1818 5498 inserendum
1847 5433 1938 5504 sit,
1969 5433 2111 5511 quod
2141 5441 2302 5513 infra,
2328 5441 2534 5513 p.555,
2567 5440 2668 5513 55,
2688 5441 2779 5494 l'ol.
2810 5441 2961 5513 .155,_
2977 5433 3214 5513 escipit.
3246 5433 3321 5513 *ξ’
3338 5435 3420 5513 gf.
3449 5433 3785 5513 Chronic-qn

497 5509 781 5584 Hippolyto
814 5505 1102 5588 tributum,
1144 5519 1284 5588 quod
1309 5505 1469 5588 'typis
1494 5515 1882 5588 deseribil’eeit
1908 5505 2000 5568 Jo:
2181 5505 2485 5588 Fabricius,
2525 5513 2578 5588 in
2611 5512 2753 5588 edit._
2773 5527 2898 5580 opp.
2930 5509 2988 5564 S.
3027 5505 3501 5588 Ιιῲροεγιὶᾼςοιη.
3535 5505 3576 5570 1,
3612 5523 3669 5573 p.
3709 5507 3788 5562 49

496 5579 618 5656 squ
644 5579 780 5639 sect.
806 5585 858 5649 9,
891 5602 944 5654 p.
967 5588 1053 5641 55.
1090 5579 1098 5583 ’
1134 5579 1176 5617 ⁸⁸
1211 5585 1283 5641 De
1311 5579 1744 5658 Abraliauiobei
1767 5586 1917 5653 jussu
1935 5598 2010 5658 ex
2034 5581 2422 5658 blesopotamia
2453 5583 2508 5658 _i_n
2545 5579 2884 5658 Palaestinam
2919 5583 3310 5658 coniungi-ante
3332 5579 3415 5634 hic
3449 5592 3784 5634 sermonem

496 5650 906 5727 fierisequentia
941 5667 1122 5728 aperte
1157 5658 1548 5714 demonstrant.
1630 5655 1670 5684 ιν
1710 5650 1889 5718 €2.53,-
1926 5654 1987 5720 C,
2031 5653 2100 5720 Μ,
2142 5653 2234 5722 qui
2271 5668 2367 5722 pro
2399 5652 2603 5715 πόλεως
2639 5652 2731 5707 liti.
2763 5652 2853 5718 50,
2891 5667 3043 5722 SttSp.
3091 5650 3260 5703 πόλιν.
