3942 6532
140 487 266 544 2921

137 606 578 676 Chrysostomus.

203 674 264 751 Χ.
298 676 384 751 lg.
422 677 654 751 Ἄλλος,
689 678 1119 751 παραπτώματι.
1152 679 1317 738 Idem.

1440 496 1759 555 DANIELIS
1795 499 2027 557 CAPUT
2060 500 2131 556 IX

3238 513 3379 574 2922

1884 616 1949 672 V.
1986 619 2073 695 lii.
2106 617 2379 695 Hieron.__:
2418 621 2715 695 «Quidam,
2752 638 2853 695 pro
2896 625 3099 682 duobus
3150 624 3383 686 millibus

1814 689 2081 765 trecentis,
2108 690 2213 743 duo
2239 690 2408 744 millia
2429 694 2673 765 ducentos
2706 689 2909 765 legunt,
2941 710 3012 752 ne
3048 712 3141 755 sex
3177 700 3305 755 anni
3331 706 3386 754 et

201 742 262 798 ν.
304 744 388 798 l3.
439 742 663 827 Hieron.
698 765 712 801 :
756 742 781 801 ι’
810 747 918 805 Pro
945 742 1114 805 ἁιιετο
1162 754 1333 806 nescio
1362 768 1472 874 Xuo
1505 794 1520 815 .
1560 754 1707 822 quod
1811 764 1923 811 tres
1953 742 2170 815 menses
2200 742 2872 828 supeiésié"v'iiié5n'(u“£'§

201 814 497 871 mmaehus
520 825 907 874 interpretatus
938 829 1023 874 est
1052 820 1161 874 τινί
1187 839 1337 874 ποτε.
1412 860 1427 874 .
1456 831 1510 874 et
1528 821 1630 874 Th.
1653 832 1709 874 et
1886 824 2190 874 Senuantes
2218 828 2345 874 imm
2379 830 2542 874 lmine
2579 834 2772 874 muni.
2804 835 2872 874 Im

138 814 497 936 Sgnmachus
520 816 907 898 interpretatus
938 829 1023 875 est
1052 820 1161 874 τινί
1187 839 1337 902 ποτε,

138 884 174 936 Ιι
225 882 290 936 X.
322 884 587 936 ωελυιωνι.
618 902 796 936 msum
819 889 1043 936 verbum
1069 889 1335 936 Hahramn

138 882 297 968 EH...
322 884 587 968 relatu“:
618 882 797 968 issam
819 889 1043 968 ιεψιεω
1060 882 1665 968 ,βοδςείειέωρεμεςε-
1680 912 1700 945 ι

136 954 229 1009 Iis.
259 954 609 1011 Corbeiensis
636 954 800 1013 habet
829 958 1018 1015 latinis
1058 960 1233 1017 literis
1261 954 1633 1018 PHELMONI.

1456 831 1510 877 et
1528 821 1630 877 Th.
1653 832 1709 878 et

1886 824 2190 907 Sequenteg
2218 824 2347 885 item
2378 830 2559 907 hujus
2579 834 2772 902 capitis
2804 835 3067 894 lectiones
3094 851 3163 894 ex
3184 836 3385 893 Drusio

1811 903 1866 950 et
1895 910 1964 951 ex
1988 897 2121 952 edit.
2153 899 2398 961 Romana
2427 897 2717 971 prodeunt.

1316 1162 1691 1225 DANIELIS
1734 1162 1997 1226 CAPUT
2036 1163 2127 1224 IX

135 1231 295 1310 υθέ)
323 1259 451 1311 mu
490 1262 661 1313 rum
683 1253 720 1308 2
794 1257 1042 1325 Ἀλλος,
1065 1259 1124 1311 ὲν
1166 1258 1275 1312 ἔτει
1313 1260 1393 1313 ἑνὶ
1424 1259 1526 1331 τῆς
1559 1262 1709 1332 βασι-

137 1338 276 1403 λείας
298 1339 487 1396 αὑτοῦ.
512 1342 573 1396 Θ.
602 1354 775 1400 vacat.

140 1432 270 1492 ὊκΊ
300 1429 335 1483 5
406 1430 472 1485 8.
509 1442 681 1486 vacat.
709 1434 956 1501 ⁸Ἄλλος,
990 1452 1085 1490 και
1116 1436 1318 1507 σποδῷ.

139 1526 366 1583 patrm
402 1527 566 1585 1371171
593 1522 626 1576 5
703 1522 1705 1599 Ἄλλος,ἠδικήσαμεν,ὴσε6ήσαμεν.

140 1609 196 1664 Θ.
227 1609 590 1682 ἠδικήσαμεν,
621 1614 998 1686 ἡνομήσαμεν.

138 1894 329 1990 nmm
363 1888 437 1945 25
514 1892 573 1944 Σ.
623 1893 763 1967 ἀνὴρ
803 1894 1132 1972 ὲπιθυμητέ.
1195 1901 1258 1957 Θ.
1310 1904 1452 1975 ἀνὴρ
1511 1903 1704 1958 ἐπιθυ-

143 1994 283 2045 μιων.
628 2000 631 2003 ‘

139 2076 269 2147 Tm
305 2070 374 2125 26
451 2073 693 2143 Ἄλλος,
718 2076 1179 2153 ἐδοκιμάσθησαν.
1214 2083 1451 2153 Ἄλλος,
1485 2086 1708 2159 ἐκρίθη-

143 2175 247 2214 σαν.
269 2162 327 2217 8.
354 2166 799 2237 συνετμήθησαν.

139 2260 287 2339 ἹππΡ
318 2240 557 2322 ἿἾΓΙῚΏΊ
586 2270 601 2312 Ι
630 2243 868 2339 ’τῠτῆν
949 2260 1032 2317 'A.
1065 2262 1160 2317 ἐπὶ
1186 2263 1280 2318 τὸν
1304 2265 1434 2321 λαόν
1459 2284 1579 2336 σου,
1612 2268 1707 2321 καὶ

143 2341 225 2397 In!
247 2343 394 2398 πόλιν
419 2347 770 2421 ὴγιασμένην
800 2366 918 2409 σου.
948 2352 1008 2407 Σ.
1042 2353 1186 2408 κατὰ
1203 2355 1296 2410 τοῦ
1318 2356 1450 2411 λαοῦ
1479 2374 1593 2425 σου,
1611 2359 1708 2413 καὶ

140 2432 225 2503 τῆς
247 2434 448 2501 πόλεως
488 2438 592 2510 τῆς
617 2440 780 2509 ἁγίας
815 2459 931 2497 σου.
966 2441 1029 2498 Θ.
1071 2444 1165 2499 ἐπὶ
1185 2446 1276 2501 τὸν
1309 2445 1434 2502 λαόν
1462 2464 1578 2515 σου,
1610 2448 1705 2503 καὶ

142 2524 224 2578 ἐπὶ
247 2526 342 2600 τὴν
369 2528 532 2584 πόλιν
548 2530 648 2602 τὴν
676 2532 860 2601 ἁγίαν.

143 2800 317 2857 TW
349 2782 539 2859 nm‘n
572 2809 740 2865 rem
777 2780 916 2863 ώοὸ
998 2805 1074 2859 Ἀ.
1115 2805 1210 2858 τοῦ
1250 2804 1559 2858 συντελέσαι
1608 2804 1708 2875 τὴν

145 2880 367 2952 ἀθεσίαν,
396 2888 501 2942 καὶ
524 2888 618 2942 τοῦ
643 2889 929 2951 τελειῶσαι
952 2893 1246 2965 ἁμαρτίαν.
1279 2892 1344 2948 Θ.
1385 2891 1481 2945 τοῦ
1521 2908 1707 2946 συντε-

145 2967 370 3045 λεσθῆναι
398 2978 700 3050 ἁμαρτίαν,
738 2984 832 3037 καὶ
856 2982 955 3037 τοῦ
992 2983 1293 3057 σφραγίσαι
1336 2981 1628 3054 ἁμαρτίας-

1879 1261 1936 1315 2.
1958 1258 2095 1317 Heh.
2129 1262 2304 1329 Alius,
2334 1263 2391 1318 in
2428 1279 2572 1320 anno
2606 1281 2717 1322 uno
2747 1266 2897 1339 regni
2914 1268 3055 1339 ejus.
3090 1265 3379 1325 πλοισι.

1814 1347 1937 1403 Vul.
1965 1364 2110 1403 anno
2135 1365 2246 1405 uno
2282 1352 2433 1420 regni
2459 1352 2597 1423 ejus.

1880 1440 1934 1495 5.
1968 1438 2036 1494 Η.
2071 1441 2244 1506 Alius,
2266 1440 2388 1496 Vul.
2416 1452 2470 1497 et
2506 1444 2706 1499 cinere.
2733 1444 2836 1500 Th.
2858 1455 3025 1501 vacat-

1881 1530 1937 1586 5.
1977 1529 2044 1585 ll.
2077 1540 2129 1586 et
2165 1533 2509 1601 pmvaricati-
2560 1550 2766 1603 sumus,
2823 1546 2879 1592 et
2936 1537 3102 1609 impie
3143 1538 3377 1609 egimus.

1811 1621 1985 1688 Alius,
2017 1621 2199 1692 inique
2218 1622 2447 1692 egimus,
2502 1624 2666 1694 impie
2710 1626 2943 1697 egimus.
3010 1626 3115 1683 Th.
3171 1628 3372 1700 injuste

1809 1715 2041 1784 egimus,
2075 1714 2261 1785 inique
2287 1716 2518 1785 egimus.
2558 1715 2679 1773 Vul.
2736 1719 3076 1791 iniquitatem
3124 1720 3374 1787 fecimus.

1809 1804 1977 1873 impie
1997 1805 2229 1874 egimus.

1876 1896 1969 1952 25.
2012 1897 2177 1951 Hebr.
2211 1896 2632 1954 desideriorum.
2662 1899 2721 1955 S.
2752 1902 2835 1956 vir
2855 1901 3249 1959 desiderabilis.
3271 1901 3377 1957 Th.

1809 1985 1937 2042 Vni.
1958 1987 2044 2042 vir
2082 1988 2503 2043 desideriorum.
3094 2058 3101 2063 _

1880 2079 2067 2138 24.11.
2103 2080 2319 2136 decisa.
2374 2081 2550 2145 Alius,
2597 2083 2836 2152 probata:
2882 2092 3029 2139 sunt.
3084 2084 3260 2149 Alius,
3288 2084 3381 2140 de-

1810 2180 1970 2228 creta:
1998 2181 2145 2227 sunt.
2189 2171 2293 2226 Th.
2327 2170 2451 2226 Vul.
2472 2172 2801 2229 abbreviatae
2825 2184 2973 2230 sunt.

1878 2260 2011 2316 Heb.
2042 2276 2205 2331 super
2240 2263 2503 2332 populum
2551 2271 2704 2317 tuum
2730 2301 2746 2327 ,
2796 2273 2850 2318 et
2884 2278 3047 2332 super
3097 2262 3378 2321 civitatem

1806 2351 2114 2408 sanctitatis
2143 2361 2268 2406 tuae.
2293 2352 2359 2404 A.
2385 2366 2548 2421 super
2593 2352 2855 2422 populum
2900 2361 3076 2419 tuum,
3126 2364 3181 2409 et
3218 2369 3383 2424 super

1807 2439 2077 2495 civitatem
2128 2440 2521 2495 sanetilicatam
2588 2450 2758 2496 tuam.
2791 2440 2850 2497 S.
2897 2450 3084 2497 contra
3115 2443 3377 2512 populum

1806 2540 1984 2596 tuum,
2012 2540 2068 2588 et
2104 2531 2375 2587 civitatem
2417 2540 2666 2586 sanctam
2692 2539 2865 2587 tuam.
2898 2532 3001 2587 Th.
3035 2548 3384 2604 superpopu-

1806 2623 1921 2678 lum
1954 2634 2133 2688 tuum,
2160 2630 2213 2678 et
2243 2638 2407 2693 super
2439 2622 2716 2679 civitatem
2750 2630 3018 2680 sanctam.
3057 2624 3183 2678 Vul.
3219 2638 3381 2694 super

1809 2715 2068 2785 populum
2098 2725 2272 2778 tuum,
2304 2725 2360 2770 et
2379 2730 2541 2786 super
2571 2714 2759 2770 urbem
2800 2724 3044 2769 sanctam
3075 2724 3243 2770 tuam.

1886 2801 1951 2872 ll.
1988 2801 2057 2856 ad
2080 2803 2513 2859 consumendum
2552 2802 3076 2874 praevaricationem,
3123 2812 3179 2858 et
3212 2801 3277 2857 ad
3305 2800 3385 2857 si—

1814 2893 2110 2965 gillandum
2172 2905 2410 2963 peccata,
2470 2894 2537 2949 A.
2567 2895 2632 2949 ad
2668 2893 3154 2949 consummandam
3170 2906 3379 2965 praeva-

1811 2985 2154 3051 ricationem,
2183 2992 2240 3040 et
2300 2984 2791 3040 consummandum
2840 2993 3145 3055 peccatum.
3185 2984 3291 3041 Th.
3322 2992 3383 3041 ut

146 3078 540 3126 consummatur
596 3083 901 3145 peceatum,
974 3083 1029 3132 et
1078 3075 1436 3147 obsignentur
1456 3084 1696 3147 peccata.
1743 3073 1868 3132 ναι.
1930 3084 1989 3132 ut
2021 3088 2434 3133 consummetur
2476 3076 2873 3147 praevaricatio,
2940 3086 2995 3133 et
3034 3078 3196 3134 linem
3234 3077 3382 3134 acci-

147 3158 248 3228 piat
272 3174 557 3229 peccatum

147 3257 217 3336 F9
244 3239 400 3314 ‘5351
490 3256 575 3312 Ἃ.
629 3257 727 3313 καὶ
776 3257 873 3312 τοῦ
929 3258 1279 3324 ἐξιλάσασθαι
1332 3260 1579 3331 ἀνομίαν.
1641 3258 1703 3314 Θ.

152 3344 231 3446 καὶ
254 3346 550 3417 ἀπαλεῖψαι
587 3349 684 3413 τὰς
709 3348 942 3418 ἀδικίας,
972 3352 1063 3405 καὶ
1089 3352 1182 3406 τοῦ
1217 3351 1565 3420 ἐξιλάσασθαι
1595 3351 1710 3406 ἀδι-

153 3449 277 3498 κιας.

154 3537 465 3623 οντα-φωρ
510 3516 706 3594 Πιοωῇ
735 3542 886 3596 nun
913 3543 1025 3623 rm
1060 3520 1240 3599 nnn‘n
1312 3542 1388 3603 υι,
1412 3537 1473 3592 Θ.
1502 3533 1708 3591 καὶτοῦ

160 3622 425 3762 ἔφραγίσαι
454 3625 655 3696 ὅρασιν
678 3626 774 3679 καὶ
802 3629 1105 3700 προφήτην,
1128 3628 1334 3682 καὶτοῦ
1351 3628 1533 3701 χρίσαι
1556 3628 1709 3698 ἆγιον

190 3726 322 3762 γιων.

190 3726 322 3779 γιων.

157 3997 297 4052 mm
337 4002 515 4055 ΤίὍῖ
562 4003 759 4055 sum
808 4004 1007 4057 D’W
1050 4005 1312 4063 D’Y‘on‘i
1358 4008 1524 4061 ’ἾΠΝῚ
1566 4001 1637 4055 26

158 4065 204 4141 15
231 4094 327 4171 pm
403 4089 489 4143 Ἀ.
526 4090 620 4143 καὶ
651 4088 790 4159 μετὰ
826 4090 921 4153 τὰς
961 4091 1099 4145 ἑπτὰ
1125 4091 1454 4161 ἑϐδομάδας,
1497 4094 1592 4146 καὶ
1622 4092 1708 4157 ἐξ-

163 4171 336 4241 ήκοντα
370 4177 482 4246 δύο,
522 4177 1034 4250 ὲξολοθρευθήσεται
1077 4180 1436 4251 ὴλειμμένος,
1470 4183 1567 4236 καὶ
1608 4183 1708 4237 οὐκ

166 4261 289 4318 ἔστιν
335 4268 500 4340 αὐτῷ.
538 4270 598 4323 Σ.
641 4270 738 4324 καὶ
773 4270 911 4343 μετὰ
955 4271 1051 4335 τὰς
1104 4273 1401 4344 ὲὸδομάδας
1452 4274 1591 4330 ἑπτὰ
1614 4277 1708 4329 καὶ

166 4352 397 4424 ἐξήκοντα
427 4359 542 4424 δύο,
577 4360 938 4430 ὲκκοπήσεται
964 4360 1211 4432 Χριστὸς,
1230 4362 1324 4415 καὶ
1354 4362 1452 4432 οὐχ
1476 4362 1706 4434 ὑπάρξει

166 4444 309 4517 αὐτῷ.
340 4448 400 4506 8.
423 4452 520 4505 καὶ
545 4452 683 4522 μετὰ
703 4451 801 4516 τὰς
839 4453 1137 4523 ἑϐδομάδας
1172 4453 1271 4518 τὰς
1302 4455 1561 4527 ἑξήκοντα
1589 4457 1703 4526 δύο,

167 4530 645 4613 ὲξολοθρευθήσεται
689 4541 897 4613 χρίσμα
922 4583 937 4609 ,
980 4543 1073 4595 καὶ
1118 4542 1291 4614 κρίμα
1327 4543 1429 4597 οὐκ
1465 4543 1611 4599 ἔστιν
1648 4547 1708 4600 ὲν

168 4624 293 4697 αὐτῷ

170 4811 266 4893 una
296 4810 399 4893 “tu:
434 4816 518 4872 ny
552 4816 731 4870 rvmpi
760 4818 949 4893 urth
982 4818 1149 4876 sum
1226 4811 1307 4869 Ἀ.
1330 4811 1422 4867 καὶ
1442 4810 1538 4885 τὴν
1560 4813 1714 4869 πόλιν

172 4891 330 4946 καὶτὸ
375 4895 528 4965 ἅγιον
559 4891 997 4970 διαφθερείλαὸς
1039 4900 1345 4971 ἡγουμένου
1388 4899 1706 4973 ἐρχομένου.

170 4976 220 5030 Θ.
246 4984 331 5037 καὶ
375 4986 471 5057 τὴν
527 4988 683 5043 πόλιν
732 4990 827 5043 καὶ
865 4989 927 5044 τὸ
970 4988 1124 5061 ἆγιον
1170 4990 1454 5061 διαφθερεῖ
1491 4992 1590 5047 σὺν
1628 4990 1709 5062 τῷ

172 5066 428 5149 ἡγουμένῳ
453 5078 531 5150 τῷ
566 5079 870 5152 ἐρχομένῳ.

1884 3254 1951 3310 Η.
1988 3257 2053 3311 Α.
2084 3266 2139 3312 et
2167 3256 2236 3312 ad
2283 3256 2605 3328 expiandam
2641 3257 3010 3328 iniquitatem.
3034 3255 3139 3312 Th.
3179 3265 3234 3312 et
3280 3257 3379 3315 de-

1809 3347 2024 3404 leantur
2047 3348 2387 3418 iniquitates,
2420 3358 2474 3404 et
2500 3348 2787 3420 expientur
2811 3349 3145 3421 iniquitates.
3178 3348 3302 3408 ναι.
3327 3363 3382 3410 et

1792 3439 2055 3514 deleatur
2085 3440 2367 3510 iniquitas.

1878 3529 1946 3586 Η.
1971 3538 2026 3587 et
2063 3532 2129 3585 ad
2161 3531 2485 3601 signandam
2506 3531 2775 3587 visionem
2824 3540 2878 3586 et
2933 3531 3293 3602 pr0phetiam,
3326 3542 3380 3587 et

1809 3622 1875 3679 ad
1916 3622 2221 3692 ungendam
2246 3622 2590 3679 sanctitatem
2613 3622 2983 3679 sanctitatum.
3017 3623 3180 3690 LXX,
3208 3622 3382 3678 Th.et

1809 3714 2053 3785 signetur
2088 3715 2229 3771 visio
2254 3723 2308 3769 et
2345 3715 2632 3785 propheta,
2656 3723 2709 3768 et
2743 3723 2979 3783 ungatur
3002 3722 3225 3769 sanctus
3251 3728 3381 3769 sau-

1808 3815 2043 3860 ctorum.
2078 3804 2201 3859 Vul.
2237 3813 2291 3860 et
2326 3805 2620 3875 impleatur
2643 3804 2782 3857 visio
2803 3813 2857 3859 et
2887 3804 3191 3874 prophetia.
3211 3812 3383 3860 etunv

1806 3902 1965 3964 gatur
1985 3902 2206 3948 sanctus
2233 3906 2566 3948 sanctorum.

1875 3982 1967 4037 9.6.
1999 3982 2165 4037 Hebr.
2197 3990 2251 4037 et
2278 3991 2401 4052 post
2429 3982 2796 4037 hebdomadas
2824 3981 3102 4054 sexaginta
3132 3990 3185 4037 et
3208 3981 3366 4049 duas,

1808 4072 2093 4127 excidetur
2122 4080 2323 4128 unctus
2352 4081 2407 4128 et
2429 4088 2539 4128 non
2563 4073 2634 4129 ei.
2662 4073 2728 4127 A.
2753 4082 2807 4128 et
2846 4082 2969 4143 post
2998 4082 3204 4142 septem
3245 4071 3380 4128 heb-

1806 4161 2069 4219 domadas
2094 4174 2149 4219 et
2167 4164 2446 4240 sexaginta
2482 4164 2637 4230 duas,
2671 4163 3125 4219 exterminabitur
3157 4172 3377 4228 unctus,

1807 4261 1864 4305 et
1899 4266 2007 4305 non
2062 4261 2145 4307 est
2208 4254 2279 4309 ei.
2331 4252 2390 4309 S.
2420 4261 2475 4308 et
2538 4262 2663 4324 post
2701 4253 3071 4309 hebdomadas
3092 4262 3297 4324 septem
3326 4262 3383 4307 et

1807 4345 2083 4415 sexaginta
2106 4344 2262 4411 duas,
2287 4345 2634 4401 exscindetur
2654 4344 2927 4413 Christus,
2948 4354 3133 4401 etnon
3155 4345 3383 4401 exsistet

1806 4438 1875 4493 ei.
1912 4436 2018 4490 Th.
2043 4446 2097 4492 et
2127 4446 2250 4507 post
2282 4437 2649 4494 hebdomadas
2676 4438 2968 4508 sexaginta
3017 4438 3176 4503 duas,
3199 4445 3379 4492 exter-

1806 4528 2103 4583 minabitur
2128 4529 2334 4596 unctio,
2360 4537 2414 4584 et
2438 4530 2705 4600 judicium
2742 4545 2849 4584 non
2867 4539 2949 4584 est
2977 4528 3033 4582 in
3061 4543 3148 4584 eo.
3180 4527 3307 4582 Vul.
3324 4535 3381 4582 et

1805 4634 1929 4691 posr
1948 4620 2314 4677 hebdomadas
2328 4622 2607 4692 sexaginta
2629 4622 2766 4678 duas
2788 4621 3066 4678 occidetur
3083 4619 3335 4676 Christus
3356 4636 3373 4674 :

1811 4721 1864 4768 et
1889 4727 1996 4768 non
2019 4712 2126 4767 erit
2153 4712 2273 4783 ejus
2301 4711 2557 4783 populus.

1882 4803 2016 4860 Heb.
2059 4812 2113 4860 et
2141 4804 2417 4860 civitatem
2447 4812 2501 4859 et
2529 4804 2868 4858 sanctitatem
2893 4800 3134 4857 destruet
3148 4797 3380 4870 populus

1813 4895 1968 4951 ducis
1999 4897 2235 4950 venturi.
2267 4897 2334 4948 A.
2360 4904 2417 4951 et
2446 4894 2719 4949 civitatem
2767 4905 2823 4948 et
2854 4899 3104 4949 sanctum
3137 4904 3383 4947 corrum-

1814 4993 1905 5057 pet
1934 4986 2167 5056 populus
2195 4985 2351 5040 ducis
2383 4984 2623 5039 venturi.
2657 4984 2757 5039 Th.
2784 4993 2836 5039 et
2860 4983 3139 5041 civitatem
3163 4990 3218 5036 et
3249 4995 3379 5035 san-

1814 5074 2085 5131 ctuarium
2144 5076 2390 5132 destruet
2439 5090 2565 5132 cum
2614 5075 2754 5132 duce
2805 5073 3144 5129 adveniente.
3189 5068 3306 5124 ναι.
3328 5080 3384 5125 et

1815 5165 2091 5221 civitatem
2139 5174 2193 5221 et
2223 5167 2594 5223 sanctuarium
2647 5166 2931 5236 dissipabit
2981 5163 3216 5237 populus
3255 5176 3389 5219 cum

1814 5256 1954 5314 duce
1982 5267 2212 5315 venturo

963 5367 1142 5429 Notae
1168 5372 1231 5429 et
1253 5363 1442 5427 varia:
1469 5361 1779 5429 lectiones
1809 5368 1888 5432 ad
1921 5386 2056 5450 cap.
2089 5372 2181 5433 1x
2210 5371 2519 5433 Danieiis.

206 5492 295 5577 .V.
315 5500 365 5556 2.
395 5504 626 5579 ’ᾼλλοςκ
657 5507 715 5560 ὲν
740 5506 848 5562 ἔτει
880 5509 961 5562 ἑνὶ
988 5508 1089 5579 τῆς
1122 5505 1393 5578 βασιλείας
1429 5516 1533 5563 etc.
1575 5506 1714 5563 Dru-

181 5574 278 5621 stns
302 5584 361 5625 ex
384 5574 466 5629 ed.
503 5575 767 5632 Romana.

185 5701 196 5718 _,
324 5641 590 5718 '5_._"A.1.1.,
633 5647 729 5701 καὶ
756 5646 957 5718 σποδῷ.
1004 5645 1244 5704 Joannes
1286 5646 1713 5718 Chrysostomus

182 5704 229 5759 in
253 5704 523 5768 Danielem.

327 5780 389 5859 ξ.
406 5784 590 5859 ᾍλλ.,
608 5786 1363 5859 ῂδικήσαμενηὴσεδήσαμεν.
1394 5784 1637 5845 Drusius.

248 5842 301 5899 ν.
326 5848 409 5908 23.
434 5854 513 5925 2.,
535 5842 672 5928 ἀξιὴρ
694 5842 1037 5929 ἐπἰθυὶιηὲέὶ
1053 5842 1217 5913 Idem.

1890 5512 1952 5568 V.
1979 5512 2067 5568 24.
2114 5514 2346 5580 Ἄλλος,
2388 5511 2840 5583 ἐδοκιμάσθησαν.
2896 5509 2984 5565 Sic
3030 5524 3093 5565 ex
3128 5505 3387 5565 Theodo-

1814 5591 2020 5709 “iiiis.
2070 5653 2175 5718 ’A.,
2204 5653 2296 5707 ἐπὶ
2328 5654 2418 5706 τὸν
2442 5651 2569 5707 λαόν
2591 5662 2697 5709 etc.
2724 5650 2835 5707 llas
2866 5665 3057 5707 omnes
3091 5649 3301 5719 Aquila:
3331 5653 3390 5701 et

1819 5722 2131 5794 Symmachi
2168 5723 2450 5794 lectiones
2500 5738 2701 5794 usque_
2725 5722 2815 5794 ad,
2845 5723 3011 5794 linem
3036 5719 3281 5794 _capitis.
3317 5731 3385 5770 ex

1815 5788 2288 5849 Demonstratione
2316 5788 2626 5865 evangelica
2661 5791 2879 5849 Eusebii
2929 5788 3274 5863 proleriinus.
