4002 6536
96 396 219 456 2965

96 518 142 570 2.
170 553 181 568 .
205 551 217 565 .
254 552 266 565 .
303 550 315 564 .
351 553 363 564 .
391 510 564 582 πέτρα
593 508 678 564 διὰ
714 509 871 581 βοῶν.
903 508 979 573 0',
1030 507 1077 560 si
1108 503 1629 577 παρασιωπήσανται

96 613 142 662 ἐν
165 606 407 676 θηλείαις.

94 712 186 761 'D'l
215 683 312 759 κθὸ
381 699 441 751 Σ.
481 699 713 767 ἀλόγως.
744 703 822 763 0',
859 696 946 752 ἐπ’
979 695 1157 749 οὐδενὶ
1184 693 1348 766 λόγῳ.

94 881 279 933 mm
308 871 375 925 14
446 872 527 937 0',
558 871 665 925 τῶν
697 871 998 942 δυνάμεων.
1043 871 1290 933 Ἄλλος.
1337 865 1629 942 στρατιῶν.

99 1028 251 1105 uu'm
316 1044 373 1099 Σ.
399 1044 509 1099 ἀπὸ
538 1042 759 1098 εἰσόδου.
796 1043 873 1110 0',
902 1040 997 1097 τοῦ
1028 1041 1105 1113 μὴ
1134 1039 1415 1095 εἰσελθεῖν.

98 1227 205 1277 nm
269 1217 342 1280 0',
370 1214 571 1286 Amo.
599 1215 856 1280 Ἄλλος.
881 1214 1055 1286 χόλον.

101 1394 493 1477 animm
577 1411 1629 1483 Ἀ.....τῆςὸμαλῆς.Σ.....

101 1510 181 1580 τῆς
214 1510 467 1574 πεδιάδος.
504 1511 584 1575 0',
610 1510 715 1572 ἓως
746 1508 841 1563 τοῦ
894 1509 1195 1582 χειμάρρου
1235 1507 1344 1561 τῶν
1386 1504 1629 1576 δυσμῶν.

102 1604 149 1658 Θ.
186 1644 199 1659 .
236 1642 249 1658 .
293 1643 306 1656 .
346 1642 361 1656 .
388 1603 488 1674 τῆς
530 1602 759 1675 Ἄραϐα.

1454 378 1642 436 suos
1670 376 1903 435 CAPUT
1942 362 2056 435 vlt.

3156 376 3302 433 2966

1736 498 1840 553 8...
1874 505 2024 568 petra
2054 509 2152 568 per
2172 496 2361 552 boves.
2389 494 2550 561 LXX,
2594 494 2642 550 si
2679 493 2990 551 reticebunt
3047 495 3115 549 ad
3144 495 3304 549 femi-

1737 604 1855 644 nas.
1886 588 2009 643 ναι.
2044 596 2140 643 aut
2166 588 2311 642 arari
2343 595 2522 657 potest
2548 586 2604 640 in
2635 586 2867 641 bubalis.

1806 676 1971 732 Hebr.
2029 676 2083 731 in
2118 677 2269 730 nullo
2304 676 2491 731 verbo.
2555 672 2613 730 8.
2647 684 2869 731 temere.
2926 673 3089 742 LXX,
3141 688 3305 746 super

1736 766 1888 822 nullo
1915 766 2098 821 verbo.
2126 764 2254 821 Vul.
2285 766 2342 819 in
2370 766 2564 821 nihilo.

1806 855 2058 912 14.Heb.
2113 856 2287 921 Alius,
2332 854 2452 911 Vul.
2514 856 2871 911 exercituum.
2922 854 3087 921 LXX,
3136 856 3306 911 virtu-

1738 956 1872 1004 tum.

1808 1037 1972 1093 Hebr.
2014 1035 2078 1091 8.
2111 1033 2235 1091 Vul.
2261 1035 2332 1090 ab
2356 1036 2605 1091 introitu.
2645 1033 2811 1103 LXX,
2835 1044 2895 1090 ut
2924 1050 3032 1090 non
3066 1035 3303 1091 introea-

1737 1132 1830 1188 tis.

1804 1222 1874 1276 Η.
1909 1219 2157 1276 llamath.
2197 1216 2624 1289 LXX,1Emath.
2659 1218 2831 1283 Alius,
2857 1217 3302 1287 indignationem.

1738 1313 1863 1370 ναι.
1907 1312 2121 1367 Emath.

1806 1408 1973 1464 Hebr.
2002 1407 2127 1463 Vul.
2153 1421 2326 1477 usque
2356 1406 2424 1461 ad
2451 1414 2747 1460 torrentem
2788 1403 3011 1459 deserti.
3041 1404 3105 1456 A.
3131 1416 3305 1470 usque

1736 1500 1804 1555 ad
1837 1509 2132 1555 torrentem
2168 1497 2262 1567 qui
2288 1504 2371 1551 est
2404 1496 2458 1549 in
2480 1495 2723 1565 planitie.
2757 1492 2813 1548 8.
2839 1509 3011 1564 usque
3032 1493 3095 1547 ad
3113 1493 3305 1545 vallem

1737 1600 2119 1661 campestrem.
2160 1586 2326 1653 LXX,
2354 1601 2527 1656 usque
2559 1586 2625 1640 ad
2656 1594 2947 1640 torrentem
2976 1583 3303 1639 Occidentis.

1738 1684 1844 1738 Th.
1872 1692 2056 1753 usque
2079 1680 2148 1737 ad
2176 1689 2476 1735 torrentem
2496 1677 2675 1732 Arabe
2711 1675 2807 1747 (σι.
2831 1676 3087 1746 Arabiae).

924 1808 1100 1869 Noun
1125 1811 1188 1868 et
1220 1804 1411 1867 variae
1448 1802 1759 1865 lectiones
1777 1800 1856 1863 ad
1877 1814 2014 1875 cap.
2038 1796 2125 1857 Vl
2154 1796 2374 1856 Amos.

203 1954 214 1967 .
237 1912 285 1983 3.
321 1912 423 1978 Ἄ..
445 1912 497 1983 οξ
526 1909 1037 1983 άπσκεχωρῌισμένοι
1064 1918 1168 1966 etc.
1199 1908 1481 1965 Barberin.

249 1982 298 2053 6.
324 1984 405 2045 Σ.,
429 1982 539 2053 τῶν
570 1980 982 2053 μύριὼζῌβπι.

274 2093 287 2123 .
320 2054 399 2123 2:,
436 2052 533 2105 καὶ
559 2050 820 2123 ῥτεριαιρ-
849 2050 1016 2123 Idem.

238 2122 317 2178 Η.
340 2122 528 2177 Trium
557 2118 820 2177 lectiones
852 2120 1030 2178 adfert
1056 2120 1198 2179 idem
1246 2118 1602 2174 Barberinus.

202 2233 216 2248 .
238 2191 319 2247 15.
363 2193 468 2258 ’A.,
495 2192 548 2244 ει
578 2192 780 2262 άροτρ-
813 2191 983 2247 Idem.

1809 1902 1946 1959 Ibid.
1989 1901 2074 1962 Σ..
2109 1897 2340 1966 ἀλόγως.
2373 1894 2738 1966 Hieronymus

1812 1971 1879 2025 ν.
1922 1970 2009 2024 14.
2036 1959 2233 2033 ’Άλλ.ξ
2269 1959 2596 2035 στρατιῶνζ
2622 1974 2676 2017 et
2709 1972 2917 2035 postea?
2943 1963 3026 2020 2..
3061 1959 3169 2013 ἀπὸ
3194 1961 3309 2012 εἰσι

1739 2043 1885 2106 ὁδου,
1916 2038 2238 2107 deindeque,
2272 2033 2470 2107 Ἀλλ..
2493 2033 2666 2103 χόλον.
2703 2033 3048 2107 Barberinus.

1814 2099 1948 2166 Ibid.
1986 2108 2094 2161 Has
2123 2099 2340 2176 quoque
2388 2099 2863 2176 interpretationes
2895 2101 3091 2176 Latine
3136 2099 3311 2155 adfert

1742 2182 2108 2250 Hieronymus
2131 2171 2157 2231 τ’
2183 2171 2369 2231 ϐτέεεθ
2404 2171 2754 2242 imperfectas
2782 2171 3137 2226 Barberiuus.

1359 2321 1582 2385 AMOS
1607 2317 1867 2381 CAPUT
1906 2314 2042 2375 VII.

108 2441 177 2494 ω
204 2431 225 2485 ι
304 2430 382 2484 ‘A.
415 2427 676 2499 βοράδων.
699 2430 781 2495 0',
806 2426 1062 2498 ἀκρίδων.

108 2590 234 2684 ’ἐγω
265 2612 335 2666 m
364 2615 484 2665 τικ
517 2586 788 2689 wp'v-mn
871 2603 953 2657 ’A.
992 2601 1099 2655 ἰδοὺ
1121 2598 1319 2689 conto;
1338 2598 1514 2652 ὀπίσω
1538 2596 1639 2667 τῆς

108 2697 253 2767 Γάζης
279 2695 553 2766 βασιλέως.
577 2686 666 2760 Ὀ’,
694 2694 803 2748 ἰδοὺ
838 2692 1070 2765 βροῦχσς
1115 2686 1198 2756 εἷς
1249 2690 1373 2759 Γὼγ
1418 2690 1450 2742 ὁ
1487 2689 1642 2760 βασι-

109 2786 224 2850 λεὺς.

112 2967 217 3042 apvt
249 2966 364 3048 mp?
400 2965 471 3017 ηε)
503 2958 541 3011 2
619 2956 677 3011 2.
707 2956 793 3019 τίς
824 2949 900 3008 ὧν
943 2952 1067 3024 (sic)
1111 2953 1479 3025 ὑποστήσεται
1531 2953 1636 3006 Ἰα-

113 3050 220 3105 κώὅ.
239 3046 409 3116 θ’,τίς
433 3049 732 3120 ἀναστήσει
752 3047 844 3101 τὸν
881 3046 1093 3101 Ἰακώϐ.

113 3150 205 3201 mm
237 3152 337 3203 an:
371 3142 405 3196 3
474 3143 536 3200 2.
572 3140 896 3213 παρεκλήθη
919 3138 1142 3209 Κύριος.
1171 3140 1247 3203 0',
1281 3138 1632 3209 μετανόησον,

115 3230 271 3300 Κύριε.

116 3436 212 3515 mp9
243 3436 308 3491 in
339 3431 371 3486 5
440 3430 498 3485 2.
528 3428 620 3493 τις
639 3422 716 3482 ὧν
738 3427 863 3500 (sic)
883 3428 1270 3499 ὑποστήσεται.
1292 3428 1371 3493 0',
1395 3426 1479 3491 τίς
1505 3427 1638 3482 ἁνα-

120 3522 284 3589 στήσει.

119 3620 206 3671 an:
227 3612 256 3667 6
328 3614 404 3670 Ἀ.
444 3615 853 3687 παρακλήθητι.
886 3613 961 3681 0',
992 3615 1340 3687 μετανοήσον.

123 3791 211 3841 ’πιι
238 3795 349 3846 nm
381 3794 547 3848 ἰδῃ-ι
579 3798 653 3847 .‘D
691 3788 722 3840 7
794 3788 852 3842 Σ.
884 3788 965 3841 ὅτι
992 3788 1162 3859 ἐφάνη
1192 3787 1414 3860 Κύριος.
1444 3788 1521 3853 0',
1543 3786 1637 3841 οὓ-

122 3890 201 3939 τως
215 3876 361 3944 ἔδειεέ
399 3897 487 3951 μοι
514 3879 745 3954 Κύριος.
770 3879 834 3935 Θ.
868 3880 976 3934 ἰδοὺ
1016 3879 1239 3934 ’Δδωναῒ
1268 3882 1492 3953 Κύριος.

123 4141 201 4214 ’ρκ
268 4140 337 4194 ’A.
374 4143 629 4212 γάνωσις.
659 4145 720 4201 Σ.
751 4145 828 4211 0',
851 4144 1082 4216 ἀδάμας.
1108 4146 1171 4200 Θ.
1206 4146 1525 4217 τηκόμενον.

123 4404 237 4458 Μαι
262 4401 292 4456 9
356 4405 411 4458 Σ.
436 4405 502 4459 τὰ
528 4405 730 4477 ὑψηλά.
756 4408 833 4472 0’,
862 4406 1053 4478 βωμοί.

125 4498 221 4578 Vp
252 4495 309 4551 l0
386 4499 463 4555 Ἀ.
513 4498 824 4572 συνέδησεν.
866 4501 925 4556 Σ.
972 4502 1250 4558 ἀνέπισεν.
1276 4507 1293 4527 ·
1326 4504 1635 4576 ἀναταράσο

128 4599 210 4639 σον.
232 4586 299 4651 0',
323 4594 625 4663 συστροφὰς
649 4596 901 4649 ποιεῖται.

125 4682 230 4754 Ἲρτ.
260 4679 318 4733 14
396 4682 471 4736 'A.
503 4685 563 4739 2.
600 4684 663 4738 Θ.
686 4684 781 4739 καὶ
807 4685 885 4751 E',
931 4685 1207 4757 βουκόλος.
1244 4690 1321 4756 0',
1353 4687 1597 4753 αῐπολος.

126 4863 289 4944 D‘npm
314 4847 456 4927 051:1
539 4868 622 4923 'A.
657 4869 753 4922 καὶ
774 4870 1010 4941 ἐρευνῶν
1046 4871 1401 4943 συκομόρους.
1447 4871 1506 4925 Σ.
1544 4872 1639 4926 καὶ

128 4944 230 5014 ἔχων
253 4959 589 5029 συκομόρους.
635 4963 713 5026 0',
740 4961 836 5015 καὶ
876 4961 1076 5028 κνίζων
1102 4962 1397 5035 συκάμινα.
1439 4963 1502 5020 Θ.
1545 4965 1637 5019 καὶ

129 5045 333 5109 καρακῶν
364 5052 707 5123 συκαμίνους.

130 5222 248 5373 Enn
276 5208 359 5285 δι’-η
389 5227 454 5284 ιθ
522 5230 583 5286 Σ.
625 5271 641 5287 .
684 5270 702 5288 .
743 5269 757 5285 .
805 5271 820 5287 .
864 5271 879 5286 .
922 5272 937 5288 .
979 5231 1172 5300 mm
1199 5233 1261 5287 οὐ
1293 5233 1368 5307 μὴ
1396 5233 1638 5307 ὀχλαγω-

174 5326 281 5373 tam.

174 5326 281 5382 λσῃςο

132 5409 232 5465 mm
262 5408 316 5463 l7
382 5415 437 5469 2.
476 5417 922 5491 πορνευθήσεται.
948 5422 1024 5484 0’,
1059 5420 1367 5492 πορνεύσει.

1814 2414 1866 2467 1.
1901 2411 2039 2467 Heb.
2068 2407 2234 2474 LXX,
2268 2407 2624 2463 locustarum.
2649 2404 2712 2460 A.
2757 2403 3043 2460 boradum.
3074 2404 3198 2459 Vul.
3227 2404 3311 2461 lo-

1740 2513 1928 2559 castae.

1809 2594 1877 2649 Η.
1904 2607 2032 2649 ecce
2056 2590 2220 2647 herba
2276 2588 2517 2646 serotina
2564 2595 2688 2657 post
2726 2586 3009 2643 tonsiones
3052 2587 3215 2658 regis.
3238 2586 3305 2643 A.

1737 2699 1865 2741 ecce
1893 2684 2166 2740 serotinus
2193 2690 2314 2750 post
2337 2678 2496 2735 Gaza}
2552 2693 2756 2750 regem.
2786 2676 2950 2745 LXX,
3000 2693 3127 2734 ecce
3180 2678 3309 2732 bru-

1738 2779 1878 2834 chus
1911 2792 2051 2832 unus
2078 2775 2194 2845 Gog
2223 2790 2337 2829 rex.
2368 2772 2495 2829 Vul.
2544 2787 2672 2828 ecce
2710 2772 2981 2828 serotinus
3032 2780 3157 2842 post
3182 2779 3308 2826 ton-

1739 2868 1951 2924 sionem
1990 2866 2156 2936 regis.

1807 2958 1863 3012 2.
1903 2958 1967 3012 Η.
2000 2954 2165 3022 LXX,
2199 2953 2325 3010 ναι.
2356 2953 2478 3025 quis
2522 2951 2809 3010 suscitabit
2860 2950 3048 3007 Jacob.
3083 2948 3143 3006 8.
3182 2949 3306 3021 quis

1736 3064 1868 3121 ergo
1896 3046 2180 3106 suscitahit
2213 3046 2399 3104 Iacob.

1810 3144 1865 3198 3.
1894 3142 1960 3197 Η.
1991 3141 2245 3212 pmnituit
2267 3140 2581 3195 Dominum.
2610 3138 2668 3195 S.
2703 3148 2989 3196 revocatus
3016 3145 3099 3194 est
3125 3137 3309 3192 Domi-

1737 3250 1863 3289 nus.
1893 3231 2057 3301 LXX,
2092 3232 2350 3303 poeniteat
2389 3240 2442 3288 te
2463 3270 2480 3296 ,
2501 3230 2750 3287 Domine.
2788 3230 2915 3286 Vul.
2942 3230 3199 3286 misertus
3225 3240 3309 3284 est

1740 3325 2021 3380 Dominus.

1810 3417 1863 3472 5.
1892 3416 1958 3470 ll.
1986 3412 2148 3481 LXX,
2181 3412 2307 3471 ναι.
2358 3412 2485 3485 quis
2522 3410 2850 3470 suscitabit?
2903 3412 2962 3468 8.
2987 3412 3112 3483 quis
3142 3412 3308 3483 igitur

1740 3507 2074 3565 suscitabit?

1808 3600 1863 3655 6.
1896 3598 1962 3653 li.
1995 3597 2270 3669 pmnituit.
2298 3595 2371 3650 Α.
2413 3595 2689 3651 miserere.
2739 3591 2905 3660 LXX,
2934 3594 3198 3664 poeniteat
3235 3600 3305 3647 te.

1745 3689 1864 3744 Vul.
1901 3690 2160 3743 misertus
2194 3696 2297 3741 est.

1809 3784 1861 3838 7.
1890 3782 1958 3837 Η.
1992 3782 2084 3837 Sic
2112 3779 2349 3835 ostendit
2377 3776 2533 3840 mihi,
2563 3784 2618 3830 et
2641 3789 2766 3830 ecce
2792 3774 3072 3828 Dominus.
3093 3773 3150 3828 S.
3170 3772 3309 3839 Quia
3332 3770 3338 3775 ’

1737 3877 1887 3932 visus
1912 3883 1996 3929 est
2027 3872 2311 3927 Dominus.
2345 3867 2507 3933 LXX,
2551 3867 2643 3921 Sic
2686 3865 2921 3921 ostendit
2965 3864 3099 3918 mihi
3126 3864 3310 3918 Domi-

1738 3984 1859 4024 nus.
1883 3966 1988 4021 Th.
2023 3964 2159 4019 Ecce
2193 3963 2402 4017 Adonai
2440 3959 2723 4015 Dominus.
2748 3956 2873 4012 Vul.
2905 3956 3033 4012 Haec
3072 3956 3308 4011 ostendit

1734 4057 1872 4114 mihi
1906 4054 2201 4109 Dominus:
2229 4061 2283 4106 et
2314 4063 2438 4105 ecce
2467 4046 2748 4102 Dominus.

1811 4145 1976 4201 llebr.
2010 4138 2476 4214 perpendiculum.
2526 4136 2592 4190 A.
2647 4142 2986 4189 stannatura.
3045 4132 3104 4189 8.
3138 4131 3305 4199 LXX,

1740 4238 1986 4294 adamas.
2027 4233 2132 4288 Th.
2178 4233 2508 4302 liquescens.
2567 4226 2792 4282 Hieron.
2849 4226 3151 4283 tabescens.
3181 4225 3308 4281 Vul.

1741 4330 1905 4386 trulla
1947 4325 2300 4397 cmmentarii.

1810 4419 1864 4473 9.
1902 4416 1967 4471 Η.
1994 4417 2051 4471 8.
2078 4414 2203 4470 Vul.
2238 4413 2472 4470 excelsa.
2499 4408 2667 4476 LXX,
2692 4423 2821 4465 arm.

1814 4508 1901 4562 lt).
1941 4507 2072 4561 ch.
2101 4506 2425 4573 coniuravit.
2457 4504 2524 4558 A.
2553 4499 2846 4571 colligavit.
2873 4496 2931 4553 S.
2953 4496 3307 4567 conspiravit.

1740 4601 1906 4667 LXX,
1943 4600 2394 4670 congregationes
2423 4596 2573 4652 facit.
2610 4594 2730 4649 Vul.
2756 4589 3056 4647 rebellavit.

1812 4694 1899 4747 M.
1928 4692 2063 4747 Ileh.
2096 4690 2221 4745 ναι.
2252 4689 2634 4746 armentarius.
2673 4684 2739 4739 A.
2788 4684 2846 4737 8.
2878 4680 2981 4735 Th.
3031 4686 3087 4734 et
3118 4677 3179 4743 V,
3210 4677 3308 4731 bu—

1740 4786 1959 4842 bulcus.
1984 4783 2148 4852 LXX,
2178 4782 2479 4853 caprarius.

1815 4876 1882 4930 ll.
1908 4876 1973 4929 Α.
2016 4883 2070 4929 et.
2098 4881 2350 4928 scrutans
2378 4881 2714 4941 sycomoros.
2743 4864 2802 4919 8.
2829 4871 2884 4919 et
2916 4862 3119 4917 habens
3149 4873 3307 4929 syco-

1743 4980 1950 5021 morus.
1984 4962 2147 5027 LXX,
2172 4970 2227 5016 et
2269 4961 2473 5015 vellens
2516 4955 2814 5028 sycamina.
2857 4952 2961 5007 Th.
2991 4958 3045 5006 et
3077 4950 3304 5009 vallans.

1742 5058 1818 5113 vel
1842 5057 1986 5112 fossa
2019 5055 2269 5110 muniens
2330 5051 2628 5124 sycamina.
2665 5047 2790 5102 γυι.
2847 5046 3107 5100 vellicans
3148 5054 3305 5112 syco-

1742 5161 2079 5291 mzrgfbeb.
2120 5232 2240 5289 Vul.
2269 5242 2323 5289 et
2351 5247 2459 5288 non
2495 5228 2754 5286 stillabis.
2788 5226 2847 5281 8.
2872 5236 2928 5282 et
2976 5240 3084 5280 non
3131 5224 3308 5277 incre-

1741 5327 1918 5400 pabis.
1951 5326 2114 5393 LXX,
2140 5333 2284 5381 etne
2322 5336 2615 5395 congreges
2639 5319 2846 5376 turbas.

1814 5421 1902 5474 17.
1926 5418 2063 5474 Heb.
2097 5416 2259 5482 LXX,
2293 5414 2415 5470 Vul.
2468 5410 2845 5468 fornieabitur.
2902 5405 2960 5461 8.
2996 5402 3309 5462 fornicatio-

1742 5527 1864 5568 nem
1889 5511 2144 5582 patietur.

906 5625 1082 5685 Notm
1113 5628 1172 5683 et
1209 5621 1394 5683 variae
1442 5621 1752 5688 lectiones
1776 5625 1853 5687 ad
1888 5641 2024 5703 cap.
2061 5624 2175 5684 VII
2211 5624 2429 5682 Amos.

329 5714 446 5841 imi.
472 5719 721 5794 βοράδων.
754 5724 1106 5807 βητικπίηιις.
1250 5795 1261 5806 ,
1451 5795 1463 5806 θ
1581 5796 1594 5808 ⁸

282 5820 292 5832 ι
420 5804 533 5841 ron.
568 5813 579 5841 :
618 5814 637 5841 ι
665 5794 802 5841 num
838 5805 1017 5841 autem
1061 5796 1289 5841 vnlnertt
1329 5794 1519 5841 Amnla
1541 5796 1594 5841 rh

282 5820 292 5832 .
329 5794 533 5845 Hieron.
568 5813 579 5847 :
618 5814 637 5842 σ
665 5794 803 5862 Quid
838 5805 1018 5852 autem
1061 5795 1289 5851 voluerit
1326 5794 1519 5866 Aquila
1541 5796 1628 5852 di-

1738 5744 1860 5783 cere
1897 5744 1911 5780 :
1954 5743 2068 5781 ecce
2109 5727 2371 5780 serotinus
2414 5731 2541 5793 post
2576 5718 2734 5775 Gaza:
2773 5735 2983 5791 regem;
3015 5717 3304 5793 c_um_G_aza

1736 5799 1903 5855 verbo
1930 5797 2194 5854 Hebraico
2220 5794 2359 5851 AZA
2396 5789 2712 5865 appelletur,
2736 5789 2843 5848 non
2875 5793 3009 5848 satis
3039 5789 3303 5859 intelligo,
