4002 6522
713 365 857 424 2967

718 476 823 533 nisi
866 474 1004 530 forte
1029 474 1207 545 ipsum
1231 486 1537 530 sermonem
1571 471 1729 529 GOZI
1763 473 1982 545 posuit;
2015 481 2071 545 et
2096 473 2281 539 paula-

720 547 817 599 tim
846 547 899 599 in
942 542 1142 601 Gaz'am
1172 559 1358 598 errore
1401 554 1688 614 corruptus
1733 542 1836 614 εει.
1870 562 1887 594 ι
1929 542 2174 614 [Barber.
2213 547 2285 596 ita

719 615 882 670 habet
910 632 923 667 :
977 616 1089 678 ’A.,
1121 614 1332 684 ὀψίμως
1365 614 1536 684 (sero)
1563 610 1749 667 Bitiam
1785 613 1885 684 τῆς
1920 610 2095 682 Ῠάξης
2131 611 2286 681 βασι-

718 684 873 753 λέως.
903 684 1125 753 Absque
1147 682 1274 753 ἰδού.
1306 682 1575 753 ΠΒΑΟΗξΙῌ
1756 750 1773 753 _
1843 682 1852 684 ’
1887 750 1897 753 _
2046 704 2047 707 ‘

792 752 853 807 V.
882 754 935 807 2.
970 748 1052 815 Σ.,
1077 752 1160 815 τις
1180 750 1256 807 ὧν
1284 768 1382 821 pro
1405 753 1489 815 τίς
1516 748 1608 807 ὀῦν
1626 759 1731 806 etc.
1756 750 2041 821 Lectiones
2056 763 2288 821 sequen-

719 832 799 877 tes
832 838 1002 891 nsque
1027 823 1093 876 ad
1122 817 1337 877 versum
1363 822 1394 874 7
1436 823 1598 878 habet
1633 821 1983 891 Barberinus.
2031 817 2150 891 [Τίς
2179 834 2287 873 non

719 892 991 1012 leg‘iIturin
1016 892 1142 974 cod.
1169 890 1655 973 Barber.-Dmcn.]

838 1000 853 1012 .
886 962 936 1012 7.
966 962 1189 1012 Hieron.
1221 979 1235 1012 :
1270 979 1288 1012 r
1326 960 1652 1012 Prtusouam

838 1000 853 1014 .
886 962 936 1015 7.
966 962 1189 1031 Hieron.
1221 979 1235 1014 :
1270 979 1288 1012 ‹
1326 957 1655 1031 Priusquam
1698 960 1765 1016 de
1790 958 2072 1031 adamante
2104 957 2286 1031 disse-

714 1045 1125 1101 ramusquem
1158 1030 1215 1085 S.
1261 1039 1315 1085 et
1348 1026 1613 1101 LXX'pro
1635 1045 1699 1083 eo
1737 1030 1879 1099 quod
1901 1027 1969 1101 _i_n
2020 1026 2286 1101 Hebraico

716 1098 947 1170 ENACH
978 1097 1240 1170 Scriptum
1293 1110 1379 1155 est
1427 1097 1841 1161 transtulerunt,
1882 1097 2167 1170 dicendum
2200 1105 2285 1170 est

717 1169 972 1234 breviter,
1000 1165 1144 1240 quod
1174 1170 1274 1223 hoc
1300 1171 1526 1225 verbum
1558 1172 1646 1233 A.,
1680 1169 1935 1240 γάνωσιν.
1969 1166 2095 1230 'fh.,
2120 1165 2284 1233 τηκό-

721 1254 883 1307 μενον
905 1239 1255 1309 interpretati
1280 1249 1406 1295 sunt
1446 1257 1459 1292 :
1490 1255 1722 1309 quorum
1753 1239 2285 1309 alterum_stannatu-

719 1305 858 1378 ram,
895 1305 1126 1364 alterum
1184 1305 1528 1363 tabescentem
1556 1310 1863 1378 significat.
1896 1327 1913 1356 ι
1967 1305 2065 1359 Hic
2105 1315 2282 1358 autem

717 1376 838 1432 loco
859 1379 953 1431 τοῦ
979 1379 1235 1447 γάνωσιν,
1264 1380 1411 1448 quod
1446 1376 1685 1433 restituit
1712 1376 2057 1448 Mal-tianmtts
2082 1383 2283 1438 noster,

716 1456 927 1516 veteres
957 1444 1087 1503 editi
1136 1444 1403 1503 habebant
1431 1448 1749 1516 ἀλείφωσιν.
1784 1444 2114 1516 Barberinus
2157 1458 2285 1516 vero

717 1515 1002 1572 lectionem
1061 1518 1208 1571 illam
1259 1520 1496 1586 γάνωσις
1543 1511 1730 1572 tribuit
1781 1513 2128 1586 Symmacho.
2172 1511 2285 1584 [Bis

718 1598 995 1668 comparet
1023 1603 1137 1667 vox.
1155 1584 1280 1668 flaui
1300 1588 1352 1641 in
1377 1599 1564 1668 nostro
1594 1584 1992 1668 versu-Trium
2023 1584 2287 1668 interpret

717 1654 974 1720 tationes,
1002 1665 1059 1711 ut
1089 1654 1322 1721 videtur,
1356 1657 1626 1723 pertinent
1650 1657 1719 1711 ad
1749 1655 1980 1711 alterum
2028 1654 2174 1723 quod
2200 1659 2287 1707 est

719 1671 974 1720 taliones,
1002 1671 1059 1711 ut
1089 1671 1322 1721 vutetur,

719 1725 772 1778 in
793 1740 926 1798 φεμ
950 1736 1121 1798 ιῖςοιοο.
1161 1671 1421 1798 Dawn-if

793 1792 853 1847 V.
885 1796 938 1851 9.
962 1797 1044 1863 Σ.,
1070 1796 1137 1849 τὰ
1164 1792 1668 1867 ὑψηλάῘΒπὺστὶη.

1746 357 2219 416 HEXAPLORUM
2260 358 2425 426 QUAE
2467 357 2549 415 SU
2560 355 2906 414 PERSUNT.

3780 352 3887 409 2908

2459 472 2523 526 V.
2567 473 2655 527 IO.
2719 474 2825 539 ’A.,
2873 469 3186 538 συνέδησεν.
3243 465 3461 539 Barber.
3519 463 3706 539 Lectio
3750 479 3887 520 autem

2389 542 2699 603 Svmmachi
2720 534 2974 608 corrupta
2994 534 3187 608 duplex
3209 538 3470 603 adfertur,
3496 535 3587 589 sed
3612 534 3767 608 amba:
3779 550 3891 605 teque

2387 612 2520 668 vitio
2554 614 2826 667 laborant.
2870 606 3107 663 Primam
3157 610 3436 670 ἀνέπισεν,
3488 617 3615 674 puto
3659 606 3733 658 sic
3774 608 3885 658 resti-

2387 682 2639 736 tuendam
2694 681 2973 750 ἀνέδησεν.
3027 677 3164 732 Nam
3217 678 3308 731 ille
3349 676 3571 731 verbum
3618 684 3738 756 ’τωρ
3777 678 3893 728 venit

2386 771 2514 823 alibi
2543 770 2764 823 ἐνδέειν.
2798 768 3106 823 Secundum
3133 766 3508 836 ἀναταράσσον
3538 772 3808 834 potuerunt
3834 760 3896 814 Li-

2386 840 2553 894 brarii
2586 851 2785 909 ponere
2832 852 2930 907 pro
2959 838 3194 907 ἀντῇρεν
3224 854 3238 891 :
3273 835 3400 889 nam
3450 835 3541 888 ille
3590 843 3714 911 ’τερ
3746 847 3894 883 notueu

2385 929 2546 982 vertit
2569 929 2847 1000 ἄνταρσις.
2877 926 2991 982 Hoc
3021 926 3351 996 conjectura:
3404 932 3619 979 tantum
3650 924 3758 975 loco
3785 918 3901 990 poni-

2385 1013 2528 1121 nnii):
2557 1067 2644 1121 14.
2699 1065 3101 1136 Hieronymus:
3136 1083 3155 1136 ᾳ
3188 1063 3293 1118 Pro
3333 1064 3678 1136 armentario.
3718 1057 3893 1136 qui‘lie

2384 1138 2566 1192 braice
2596 1137 2796 1191 dicitur
2835 1128 3079 1201 BOCEB,
3119 1134 3211 1200 A.,
3258 1136 3338 1197 8.,
3371 1133 3475 1188 Th.
3520 1144 3575 1186 et
3616 1130 3653 1183 γ
3682 1128 3779 1195 edd,
3814 1128 3901 1197 βου-

2385 1206 3112 1289 Ξεόλον,ἱερειειμιςςιιιιιιίιυί
3160 1214 3402 1259 armenta
3440 1202 3637 1289 pascit,
3665 1217 3763 1255 non
3790 1215 3898 1253 om.

2324 1298 2331 1307 κ
2389 1275 2499 1329 Soli
2538 1275 2677 1329 LXX
2702 1276 2921 1328 αἰπόλον
2959 1276 3235 1329 dixerunt.
3281 1294 3299 1325 ι

2456 1344 2588 1400 Ibid.
2632 1347 2735 1409 'A.,
2766 1346 2859 1398 καὶ
2897 1345 3132 1415 ἐρευνῶν
3166 1343 3410 1415 etc._Has
3458 1340 3719 1396 lectiones
3765 1337 3903 1393 Grece

2384 1416 2560 1471 adfert
2596 1412 3000 1476 Tlteodoretns,
3030 1414 3221 1467 Latine
3252 1412 3641 1481 Hieronymus.

2457 1484 2523 1540 ν.
2558 1484 2645 1539 16.
2677 1483 2761 1547 S.,
2786 1495 2835 1539 et
2868 1501 2972 1538 non
3001 1483 3317 1553 increpabit.
3356 1481 3742 1550 Hieronymus.

2461 1574 2520 1629 V.
2552 1575 2638 1629 I7.
2678 1574 3040 1645 Hieronymus
3071 1591 3083 1627 :
3122 1593 3141 1626 ι
3172 1572 3560 1645 fornicabitur,
3600 1570 3737 1639 quod
3759 1568 3903 1645 melius

2385 1647 2773 1714 interpretatus
2798 1639 2984 1708 est'S.,
3016 1639 3445 1714 πορνευθήσεται
3482 1656 3496 1691 :
3523 1656 3634 1714 non
3663 1639 3795 1714 quod
3823 1639 3903 1705 ipsa

2390 1708 2721 1779 fornicetur,
2752 1714 2847 1770 sed
2887 1715 3031 1784 quod
3078 1708 3295 1783 passivo
3338 1726 3536 1779 genere
3568 1709 3639 1763 ab
3675 1708 3787 1763 aliis
3814 1724 3905 1762 con-

2392 1795 2638 1856 Stuprata
2667 1783 2936 1841 sustineat
2969 1783 3408 1841 fornicationem.
3445 1798 3465 1831 ι

1897 2024 2118 2086 ΑΜΟὸ
2161 2022 2416 2084 CAPUT
2472 2016 2643 2079 VIII.

718 2138 825 2215 γνρ
860 2107 984 2189 :‘lLD
1019 2129 1046 2184 1
1121 2128 1183 2183 Σ.
1230 2124 1463 2190 κάλαθος
1509 2123 1749 2197 ὀπώρας.
1799 2128 1876 2191 0',
1922 2125 2090 2195 ἄγγος
2144 2124 2289 2192 ἰξευ-

718 2242 811 2279 του
821 2261 836 2276 ο

719 2324 901 2377 mea
934 2296 1127 2374 nam
1157 2314 1192 2368 5
1261 2314 1321 2368 Σ.
1356 2313 1452 2370 καὶ
1471 2314 1815 2381 ὀλολύξουσιν
1842 2313 1898 2367 αἱ
1918 2310 2073 2385 ψδαι.
2097 2311 2173 2376 ο,
2195 2308 2291 2361 καὶ

720 2405 958 2469 ὁλολύξει
986 2404 1056 2458 τὰ
1083 2402 1443 2476 φατνώματα.

719 2479 929 2556 ινιυῇ
954 2496 989 2551 4
1062 2499 1140 2561 0⁸,
1175 2496 1268 2549 καὶ
1288 2492 1864 2559 καταδυναστεύοντες.
1886 2492 1951 2548 Θ.
1988 2491 2228 2555 λύοντες.

715 2660 797 2708 '1:
830 2637 974 2709 bam
1007 2647 1040 2704 6
1113 2645 1192 2714 0’,
1216 2647 1312 2703 καὶ
1326 2648 1435 2703 ἀπὸ
1451 2647 1653 2712 παντὸς
1675 2648 2032 2722 γεννήματος.
2049 2649 2287 2718 Ἄλλος,

719 2740 901 2810 πάσης
937 2740 1213 2812 πράσεως.

717 2920 847 2971 διον
884 2910 946 2965 ll
1037 2911 1116 2966 Ἀ.
1142 2910 1205 2965 e.
1238 2912 1315 2979 ον,
1349 2911 1529 2983 δίψαν.

716 3012 939 3063 manu:
980 3001 1040 3058 11
1115 3003 1193 3069 0',
1229 3002 1373 3059 κατὰ
1420 3004 1514 3060 τοῦ
1546 3004 1798 3078 ἱλασμοῦ.
1852 3007 2091 3078 Ἄλλος,
2134 3012 2193 3066 ἑν
2220 3014 2288 3086 τῇ

720 3092 1088 3167 πλημμελείᾳ·

2454 2120 2507 2173 1.
2538 2118 2673 2173 Heb.
2699 2115 3001 2171 canistrum
3030 2111 3257 2169 astatis.
3301 2112 3362 2167 S.
3414 2110 3672 2167 calathus
3696 2108 3907 2162 autumni.

2387 2211 2563 2278 LXX,
2593 2226 2691 2266 vas
2723 2207 2970 2278 aucupis.
3000 2204 3123 2260 ναι.
3148 2205 3385 2260 uncinus
3410 2217 3725 2270 pomorum.

2455 2301 2508 2355 ὅ.
2543 2300 2610 2356 H.
2649 2298 2707 2354 S.
2732 2309 2787 2353 et
2813 2297 3103 2352 ulnlabunt
3131 2294 3363 2351 cantica.
3394 2290 3562 2356 LXX,
3594 2300 3652 2346 et
3682 2288 3909 2344 ululabunt

2385 2390 2690 2463 laquearia.
2718 2387 2844 2443 Vul.
2880 2398 2936 2444 et
2962 2388 3269 2444 stridebunt
3288 2385 3559 2440 cardines.

2464 2484 2520 2539 4.
2554 2482 2621 2537 H.
2653 2493 2707 2540 et
2737 2483 2803 2537 ad
2831 2481 3176 2537 abolendum.
3203 2477 3437 2544 LXX,et
3455 2477 3826 2547 opprimentes.
3841 2470 3910 2523 Th.

2394 2578 2687 2631 solventes.
2713 2574 2838 2628 Vul.
2864 2574 3094 2629 deticere
3131 2571 3326 2627 facitis.
3882 2650 3889 2657 '

2464 2663 2519 2718 6.
2543 2662 2609 2716 Η.
2633 2671 2686 2718 et
2709 2662 2871 2717 labile
2898 2661 3179 2715 frumenti.
3202 2658 3366 2725 LXX,
3403 2668 3456 2714 et
3490 2658 3558 2713 de
3615 2653 3761 2711 omni
3803 2653 3912 2721 geni-

2395 2750 2564 2805 mine.
2599 2750 2775 2815 Alius,
2811 2752 2875 2804 de
2907 2749 3056 2805 omni
3087 2748 3416 2805 venditione.
3466 2746 3589 2801 Vul.
3628 2753 3686 2800 et
3728 2739 3914 2813 quisqui-

2393 2841 2498 2896 lias
2525 2840 2808 2897 frumenti.

2467 2930 2556 2985 II.
2591 2929 2657 2985 Η.
2692 2931 2760 2985 Α.
2796 2928 2959 2996 LXX,
2986 2929 3087 2984 Th.
3114 2928 3237 2985 Vul.
3265 2930 3433 2984 sitim.

2468 3022 2557 3076 M.
2583 3022 2749 3077 Hebr.
2777 3024 2954 3089 Alius,
2993 3021 3112 3078 Vul.
3150 3024 3203 3077 in
3234 3024 3449 3078 delicto.
3479 3021 3646 3087 LXX,
3701 3036 3788 3092 per
3824 3035 3913 3089 pro-

2391 3113 2753 3184 pitiationem.

1505 3239 1684 3300 Nota
1737 3246 1799 3301 et
1823 3240 2017 3304 variae
2063 3242 2380 3308 lectiones
2409 3249 2487 3309 ad
2520 3265 2659 3327 cap.
2690 3252 2838 3312 VIII
2879 3253 3095 3312 Amos.

791 3336 859 3395 γ.
893 3338 944 3392 1.
978 3337 1063 3402 Σ.,
1092 3337 1324 3403 κάλαθος
1344 3337 1446 3393 ὀπ-
1486 3338 1841 3397 Barberinus.

797 3406 858 3463 V.
890 3408 944 3461 3.
984 3408 1069 3473 2.,
1102 3409 1195 3460 καὶ
1217 3409 1554 3476 ὀλολύξουσιν
1579 3420 1684 3467 etc.
1707 3410 1873 3468 Idem.

800 3476 858 3531 V.
884 3476 938 3531 4.
966 3477 1053 3542 Θ.,
1083 3478 1320 3542 λύοντες.
1351 3479 1518 3537 Idem.

800 3476 858 3531 V.
884 3476 938 3531 4.
966 3477 1053 3542 Θ.,
1083 3478 1320 3542 λύοντες.
1351 3479 1518 3537 Idem.

793 3545 859 3603 V.
884 3546 938 3603 6.
980 3548 1222 3616 Ἄλλος,
1246 3549 1425 3623 πάσης
1451 3550 1725 3623 πράσεως.
1755 3549 1922 3608 Idem.
1948 3553 2047 3609 Ms.
2069 3552 2181 3612 Jes.

2461 3351 2527 3406 V.
2556 3353 2643 3406 11.
2688 3354 2797 3419 ’A.,
2819 3354 2907 3419 9.,
2936 3355 3114 3424 δίψαν.
3148 3353 3275 3418 Mss.
3300 3355 3580 3427 quietiam
3611 3356 3665 3410 in
3693 3354 3816 3408 LXX
3844 3354 3914 3407 ba-

2388 3420 2516 3492 bent
2542 3422 2713 3492 δίψος.

2467 3490 2525 3545 V.
2564 3490 2649 3547 11.
2684 3496 2931 3561 Ἀλλος,
2962 3496 3018 3549 ὲν
3047 3498 3112 3566 τῇ
3153 3494 3523 3567 πλημμελείᾳ.
3556 3496 3875 3550 Barberinus.

2028 3755 2254 3819 AMOS
2299 3758 2555 3821 CAPUT
2607 3759 2721 3820 IX.

720 3847 993 3933 muti
1070 3848 1131 3904 2.
1180 3849 1520 3924 οἰκοδόμημα
1557 3851 1887 3927 ἱλαστήριον.
1936 3854 2015 3922 0',
2069 3858 2291 3931 ἱλαστή-

722 3954 856 4010 ριον.

717 4037 918 4118 ὩΡἽΡΞ
950 4030 985 4086 5
1054 4032 1131 4097 0',
1154 4032 1234 4097 εις
1253 4032 1322 4087 τὰ
1358 4032 1520 4107 βάθη.
1559 4036 1802 4104 Ἀλλος,
1833 4039 1914 4103 εἰς
1942 4039 2010 4095 τὰ
2043 4039 2288 4111 θεμέλια.

719 4216 909 4269 mam
936 4207 969 4262 6
1035 4212 1101 4263 οι
1129 4212 1348 4277 λοιποὶ,
1386 4214 1481 4268 καὶ
1498 4214 1596 4287 τὴν
1615 4217 1821 4290 δέσμην
1858 4219 2049 4276 αὐτοῦ.
2089 4223 2169 4290 0',
2192 4223 2289 4277 καὶ

722 4299 822 4369 τὴν
860 4300 1189 4369 ἐπαγγελίαν
1222 4303 1414 4360 αὐτοῦ.

723 4396 842 4532 73::
878 4374 1012 4451 κῚΒΠ
1048 4390 1079 4445 "l
1164 4393 1244 4449 ’A.
1272 4395 1332 4450 2.
1360 4397 1494 4469 μήτι
1526 4399 1628 4473 οὐχ
1661 4401 1738 4467 ὡς
1773 4403 1897 4462 υἱοί.
1942 4409 2023 4473 U,
2067 4406 2169 4480 οὐχ
2203 4407 2283 4473 ὡς

724 4497 756 4531 υ
836 4519 853 4532 .
1226 4526 1236 4532 .

724 4497 853 4535 υιω.
1226 4526 1236 4539 ,

717 4551 1023 4636 ὕκην-ηις
1043 4557 1176 4635 ΝῚιλἾ
1222 4576 1307 4636 ’A.
1337 4579 1468 4655 μήτι
1494 4582 1556 4636 οὐ
1580 4582 1672 4638 τὸν
1712 4585 1944 4659 Ἰσραήλ.
1977 4590 2036 4645 Σ.
2069 4590 2143 4661 μὴ
2171 4592 2292 4662 οὐχὶ

720 4664 813 4717 τὸν
852 4666 1086 4739 Ἰσραήλ.
1114 4672 1192 4733 0',
1223 4672 1283 4726 οὐ
1313 4672 1404 4727 τὸν
1445 4676 1681 4748 Ἰσραήλ.

721 4763 946 4816 Ἳπὶῦἒῠ
1030 4758 1108 4813 Ἀ.
1142 4760 1250 4815 ἀπὸ
1278 4766 1294 4786 ¹
1322 4764 1502 4837 Καρά.
1536 4768 1613 4833 0',
1649 4768 1714 4821 ὲκ
1740 4769 2158 4836 Καππαδοκίας.

720 4934 877 5013 "Vpb
958 4928 1037 4982 Ἀ.
1083 4931 1159 4986 E'.
1189 4933 1296 4987 ἀπὸ
1325 4936 1480 5008 Κείρ.
1525 4940 1585 4994 Σ.
1623 4941 1732 4994 ἀπὸ
1780 4943 2060 5015 Κυρήνης.
2106 4946 2183 5012 Ο’,
2225 4946 2292 4999 ὲκ

723 5016 937 5089 βόθρου.
971 5019 1033 5073 Θ.
1069 5024 1132 5076 ὲκ
1158 5023 1252 5077 τοῦ
1282 5027 1485 5097 τοίχου.

720 5116 932 5175 mnum
968 5112 1002 5166 9
1085 5113 1163 5168 Ἀ.
1198 5115 1255 5170 Σ.
1290 5118 1383 5170 καὶ
1403 5120 1681 5175 κοσκινιῶ.
1712 5125 1788 5189 0’,
1825 5126 1919 5179 καὶ
1942 5124 2218 5198 λικμήσω.

718 5299 906 5349 mna:
989 5290 1067 5379 Ἀ.
1098 5292 1155 5346 Σ.
1187 5292 1244 5379 ἐν
1267 5291 1346 5363 τῷ
1370 5297 1625 5368 κοσκίνῳ.
1661 5302 1745 5367 0',
1782 5304 1840 5356 ὲν
1871 5305 1950 5375 τῷ
1980 5306 2182 5379 λικμῷ.

718 5388 844 5470 γήικ
876 5390 1019 5440 ἿῚἾΥ
1055 5366 1278 5443 θεν-’κὴ
1362 5386 1442 5440 Ἀ.
1482 5366 1587 5443 καὶὴ
1612 5392 1711 5445 οὐκ
1749 5366 2160 5465 ἐμπεσεῖταιΙδίὲ
2189 5400 2295 5470 ψη-

722 5469 842 5629 φὲον
862 5472 954 5575 ἐπὶ
984 5472 1083 5545 τὴν
1113 5476 1233 5545 γῆν.
1265 5479 1341 5543 Ο’,
1369 5478 1462 5532 καὶ
1483 5481 1543 5533 οὐ
1578 5482 1652 5553 μὴ
1681 5485 1824 5559 πέσῃ
1858 5488 2172 5561 σύντριμμα

720 5576 750 5611 τ
791 5578 819 5613 ν
853 5579 975 5633 γην.

719 5656 873 5712 zzz-nn
916 5655 982 5708 f5
1055 5662 1131 5723 θ’,
1166 5661 1391 5732 ἀμητός.
1431 5664 1665 5733 Ἄλλος,
1710 5668 1955 5742 ἁλοητός.

2472 3862 2524 3915 1.
2557 3861 2695 3916 Ileb.
2720 3861 3071 3931 sphaerulam.
3104 3859 3163 3915 S.
3188 3858 3474 3915 a'dilicium
3507 3859 3912 3929 propitiatorium.

2399 3949 2565 4015 LXX,
2591 3952 3044 4021 propitiatorium.
3081 3950 3205 4005 Vul.
3241 3952 3539 4005 cardinem.

2472 4045 2524 4096 5.
2552 4042 2618 4097 II.
2649 4044 2703 4097 in
2733 4043 3063 4113 pavimento.
3094 4041 3262 4109 LXX,
3304 4043 3358 4095 in
3398 4042 3682 4112 profunda.
3707 4041 3855 4101 Alius,
3875 4038 3914 4089 in

2396 4134 2770 4191 fundamenta.
2800 4133 2926 4190 Vul.
2957 4136 3012 4189 in
3043 4133 3333 4204 profundo.

2466 4227 2521 4282 6.
2553 4227 2716 4281 Hebr.
2742 4226 2967 4297 Reliqui,
2996 4225 3122 4280 Vul.
3151 4234 3206 4281 et
3224 4224 3548 4280 fascicumm
3571 4240 3742 4279 suum.
3786 4216 3910 4282 LXX.

2394 4329 2449 4376 et
2471 4319 2889 4387 promissionem
2919 4333 3098 4373 suam.

2469 4411 2521 4466 7.
2550 4409 2714 4465 Hebr.
2734 4408 2897 4473 LXX,
2922 4408 3112 4464 Nonne
3141 4411 3283 4465 sicut
3309 4409 3447 4464 ﬁlii?
3472 4410 3538 4464 Α.
3569 4409 3627 4466 S.
3648 4409 3755 4466 Vul.
3777 4406 3913 4462 Num-

2395 4503 2525 4573 quid
2560 4518 2668 4557 non
2707 4512 2766 4558 ut
2796 4502 2928 4557 ﬁlii?

2460 4595 2594 4651 Heb.
2624 4595 2682 4651 S.
2710 4594 2876 4665 LXX,
2899 4610 3078 4651 nonne
3105 4595 3303 4650 Israel?
3327 4594 3392 4648 A.
3423 4592 3551 4649 an.
3573 4594 3808 4665 numquid
3831 4604 3910 4643 non

2392 4687 2562 4744 Israel
2583 4688 2606 4742 ἲ

2463 4780 2532 4835 II.
2560 4782 2627 4836 de
2656 4780 2990 4851 Cbaphtltor.
3047 4781 3113 4834 A.
3168 4781 3235 4837 de
3264 4785 3279 4803 ¹
3304 4781 3466 4837 Cara.
3526 4781 3688 4849 LXX,
3731 4778 3831 4833 τοι.
3864 4776 3911 4827 de

2391 4871 2752 4941 Cappadocia.

2463 4958 2598 5013 Ileb.
2630 4960 2695 5013 A.
2726 4958 2792 5013 V.
2822 4960 2889 5014 de
2916 4961 3039 5013 Kir.
3065 4960 3124 5015 S.
3155 4960 3222 5015 de
3254 4959 3486 5032 Cyrene.
3512 4961 3675 5027 LXX,
3695 4962 3750 5017 de
3771 4957 3909 5012 fovea.

2393 5048 2497 5105 Tll.
2534 5051 2601 5104 de
2640 5052 2864 5120 pariete.
2894 5052 3018 5106 Vni.
3046 5052 3112 5106 de
3138 5052 3368 5123 Cyrene.

2464 5141 2517 5197 9.
2544 5141 2616 5195 H.
2646 5142 2712 5196 Α.
2746 5141 2801 5197 S.
2836 5154 2889 5198 et
2908 5144 3177 5199 cribrabo.
3211 5143 3374 5210 LXX,
3397 5157 3450 5201 et
3482 5142 3908 5203 ventilabo.i’ul-f'l

2394 5233 2726 5287 concutiam.

2469 5324 2606 5379 Heb.
2635 5326 2700 5380 A.
2736 5326 2795 5380 S.
2828 5327 2954 5381 ναι.
2992 5328 3044 5381 in
3070 5328 3274 5383 cribro.
3310 5328 3476 5395 LXX,
3508 5330 3561 5385 in
3588 5328 3864 5385 ventilabro.

2466 5413 2631 5469 Hebr.
2664 5418 2729 5469 Α.
2756 5416 2880 5471 Vul.
2917 5429 2971 5472 et
3032 5434 3141 5472 non
3177 5420 3332 5475 cadet
3381 5421 3594 5490 lapillus
3636 5434 3776 5488 super
3818 5424 3903 5467 ter-

2397 5520 2535 5558 ram.
2574 5503 2735 5569 LXX,
2761 5516 2814 5560 et
2839 5522 2945 5560 non
2973 5508 3129 5562 cadet
3152 5510 3409 5564 contritio
3443 5526 3603 5580 super
3634 5521 3817 5564 terram.

2475 5678 2558 5730 I5.
2594 5678 2724 5732 lleb.
2764 5678 2883 5733 Vul.
2916 5692 3114 5736 arator.
3171 5681 3335 5754 LXX,
3371 5686 3580 5741 messis.
3642 5684 3785 5745 Alius,
3822 5674 3899 5729 tri-

2402 5779 2540 5823 tura.
