4002 6548
586 400 732 457 2975

1678 390 2147 451 IIEXAPLORUM
2187 390 2357 459 QUIE
2399 391 2831 451 SUPERSUNT.

3694 399 3813 456 2976

1801 507 2159 573 MlCH/EIE
2217 507 2473 567 CAPUT
2528 508 2607 569 Il.

584 626 667 678 ’ΊΠ
708 618 732 671 1
823 617 901 671 ’A.
927 618 985 671 Σ.
1012 616 1150 672 οὐαί.
1180 615 1261 681 0',
1283 614 1549 684 ἐγένοντο.

584 720 685 771 D‘t'
715 694 927 770 (πώ-ων
957 718 1009 769 ν)
1094 708 1171 763 Ἀ.
1208 708 1343 760 διότι
1377 705 1594 778 ἰσχυρὸν
1632 704 1750 775 χεὶρ
1774 702 1958 758 αὑτοῦ.
1996 703 2052 756 Σ.
2080 702 2163 755 ὅτι

589 804 771 872 ῑσχυεν
816 804 848 873 ἡ
900 801 1021 871 χεὶρ
1067 800 1255 857 αὐτοῦ.
1285 798 1365 865 0’,
1396 800 1529 853 διότι
1582 798 1682 852 οὐκ
1710 794 1850 870 ᾗραν
1907 794 2043 866 πρὸς
2072 793 2164 848 τὸν

586 894 718 947 Θεὸν
748 896 937 964 χεῖρας
961 893 1162 947 αὐτῶν.
1579 965 1612 994 ⁸

584 1147 761 1223 ι-ιπὺ)
794 1171 881 1224 aut
921 1145 994 1222 δι’)
1029 1143 1170 1221 ΠΒκὸ
1210 1142 1478 1222 metut-n5
1516 1165 1696 1244 pariat
1734 1142 2021 1219 Lmen-Su
2060 1157 2093 1213 6

585 1262 779 1312 'ﬂDNrt
862 1252 942 1304 Ἀ.
996 1250 1070 1321 μὴ
1109 1249 1400 1314 σταλάζετε
1447 1247 1835 1312 σταλάζοντες,
1876 1248 1936 1301 οὐ
1969 1246 2167 1303 nam-

588 1342 711 1408 ζετε
740 1345 819 1406 εἰς
848 1342 1089 1407 τούτους,
1125 1343 1187 1394 οὺ
1220 1338 1511 1410 καταλήψῃ
1541 1338 1809 1409 ὲντροπὰς
1828 1341 1858 1393 ὁ
1886 1339 2080 1408 λέγων.
2103 1342 2163 1396 Σ.

502 1453 514 1462 ·
591 1436 666 1507 μὴ
691 1436 977 1506 ἐπιτιμᾶτε
1016 1434 1110 1487 ἐὰν
1138 1434 1521 1505 ὲπιτιμήσητε,
1565 1432 1665 1485 οὐκ
1708 1433 2069 1504 ἐπιτιμῶντες
2103 1435 2165 1488 οὺ

588 1527 787 1581 κωλύει
814 1527 1247 1597 καταίσχυμμος.
1281 1524 1359 1590 0',
1397 1523 1471 1595 μὴ
1507 1522 1719 1577 κλαίετε
1744 1524 1994 1596 δάκρυσι,
2033 1526 2169 1597 μηδὲ

589 1618 972 1688 δακρυέτωσαν
1004 1617 1098 1670 ἐπὶ
1122 1614 1331 1681 τούτοις
1356 1630 1370 1645 ο
1403 1616 1523 1668 οὐδὲ
1544 1614 1649 1686 γὰρ
1667 1614 1946 1669 ἀπώσεται
1967 1618 2167 1689 ὀνείδη,

589 1714 618 1766 ὁ
640 1712 831 1779 λέγων.

2340 608 2390 663 1.
2428 608 2592 663 Hebr.
2634 610 2701 664 A.
2735 609 2795 665 S.
2823 609 2946 665 Vul.
2978 625 3077 667 van
3119 609 3282 679 LXX,
3325 610 3452 667 facti
3486 620 3632 667 sunt.

2343 696 2481 752 Heb.
2518 698 2648 768 quia
2706 708 2791 755 est
2845 700 2899 755 in
2961 699 3089 757 forti
3137 716 3336 756 manus
3371 717 3586 757 eorum.
3622 703 3686 754 Δ.
3716 705 3820 773 quia

2271 787 2431 846 fortis
2460 800 2545 845 est
2588 806 2784 847 manus
2816 792 2956 862 ejus.
2997 792 3056 847 S.
3096 794 3225 863 quia
3282 792 3441 848 fortis
3497 801 3617 848 erat
3658 809 3823 849 manus

2274 880 2418 951 ejus.
2452 881 2622 948 LXX,
2655 884 2782 953 quia
2813 898 2921 940 non
2960 883 3277 939 levaverunt
3312 885 3380 938 ad
3430 883 3602 939 Deum
3657 899 3823 939 manus

2274 988 2429 1029 suas.
2463 972 2589 1029 Vul.
2617 976 2880 1045 quoniam
2939 986 3130 1032 contra
3162 975 3332 1030 Deum
3396 986 3482 1031 est
3511 991 3707 1031 manus
3752 991 3825 1031 eo-

2274 1080 2421 1119 rum.

2344 1155 2397 1210 6.
2438 1151 2604 1211 Hebr.
2662 1173 2729 1212 ne
2763 1158 3003 1224 stilletis,
3041 1158 3330 1214 stillabunt
3378 1178 3390 1213 :
3422 1173 3531 1213 non
3566 1157 3826 1213 stillabant

2277 1246 2397 1303 istis
2456 1266 2469 1303 :
2528 1264 2637 1303 non
2698 1251 3124 1319 comprehendet
3195 1249 3546 1320 ignominias.
3603 1247 3649 1304 Ο
3709 1249 3826 1305 ditt:

2272 1341 2537 1415 [domus]
2570 1344 2633 1396 Α.
2668 1358 2734 1397 ne
2767 1344 2990 1399 stilletis
3047 1344 3344 1409 stillantes,
3402 1360 3517 1397 non
3552 1344 3825 1398 stilletisin

2274 1439 2396 1501 hos,
2436 1452 2547 1490 non
2593 1436 3029 1504 eomprehendes
3066 1436 3421 1491 eonfusiones
3464 1436 3561 1506 qui
3592 1436 3747 1490 dicis.
3774 1434 3822 1489 S.

2275 1542 2341 1583 ne
2375 1527 2668 1596 increpetis
2713 1527 2758 1581 si
2816 1527 3146 1597 iucrcpetis:
3183 1542 3291 1583 non
3338 1530 3688 1599 increpantes
3730 1544 3822 1583 non

2274 1619 2496 1674 cohibet
2520 1618 2843 1689 ignominia.
2870 1616 3033 1683 LXX,
3089 1619 3258 1675 nolite
3285 1619 3412 1674 flere
3444 1620 3723 1691 lacrymis,
3750 1636 3827 1673 ne.

2274 1728 2382 1781 que
2411 1711 2623 1781 plorent
2645 1726 2812 1783 super
2835 1712 2939 1775 his,
2968 1726 3145 1781 neque
3196 1713 3341 1767 enim
3390 1713 3613 1782 abjieiet
3654 1727 3827 1782 oppro-

590 1805 710 1859 bria
739 1804 834 1874 qui
874 1801 1026 1857 dicit.
1082 1798 1207 1854 Vul.
1262 1814 1330 1854 ne
1365 1797 1665 1868 loquamini
1728 1798 2034 1869 loquentes,
2068 1818 2176 1858 non
2219 1800 2446 1859 stillabit
2497 1816 2665 1871 super
2742 1802 2898 1866 istos,
2956 1817 3065 1855 non
3121 1801 3556 1865 comprehendet
3582 1800 3828 1857 confusio.

593 1898 754 1954 Dicit.

593 2000 773 2053 m7
810 1975 966 2051 ενικὸ
989 1997 1100 2053 tm
1133 1971 1399 2048 θυτῆρΊὸ
1485 1987 1564 2039 Ἀ.
1622 1985 1716 2039 καὶ
1768 1986 2061 2041 συναντῶν.
2110 1990 2171 2043 Σ.

594 2083 700 2154 πρὸ
717 2076 856 2153 μιᾶς
885 2081 941 2134 δὲ
961 2083 989 2134 ὁ
1012 2079 1138 2143 λαὸς
1162 2118 1175 2131 .
1206 2119 1219 2133 .
1251 2116 1265 2133 .
1297 2077 1376 2145 0',
1403 2078 1496 2131 καὶ
1524 2076 1834 2147 ἔμπροσθεν
1858 2078 1886 2130 ὁ
1919 2078 2044 2142 λαός
2066 2096 2170 2150 μου

594 2176 674 2235 εἰς
713 2171 912 2242 ἔχθραν
949 2169 1200 2239 ἀντέστη.

2352 1985 2407 2040 8.
2444 1984 2609 2041 llebr.
2644 1996 2696 2039 et
2725 1985 2841 2040 heri
2879 1986 3115 2057 populus
3170 1999 3325 2042 meus
3365 1985 3420 2041 in
3461 1986 3742 2041 inimicum
3766 1985 3829 2039 in-

2280 2079 2535 2134 surrexit.
2579 2080 2644 2132 A.
2696 2088 2751 2133 et
2801 2092 3163 2134 occurrens...
3201 2076 3258 2133 8.
3310 2088 3434 2134 ante
3486 2094 3654 2133 unam
3703 2078 3825 2132 diem

2280 2171 2515 2241 populus
2548 2186 2704 2226 meus
2734 2172 2893 2241 quasi
2929 2171 3189 2227 inimicus
3220 2172 3439 2226 restitit.
3469 2169 3637 2236 LXX,
3669 2180 3722 2225 et
3756 2187 3831 2224 an-

597 2279 713 2335 tea,
762 2264 997 2336 populus
1048 2278 1203 2319 meus
1258 2261 1313 2317 in
1373 2259 1663 2317 inimicitia
1727 2260 1944 2317 restitit.
1979 2257 2105 2316 Vul.
2146 2271 2202 2319 et
2233 2278 2264 2318 e
2301 2264 2580 2321 contrario
2638 2266 2875 2336 populus
2926 2280 3082 2322 meus
3123 2265 3178 2321 in
3216 2265 3595 2322 adversarium
3628 2281 3829 2322 consur-

596 2362 759 2420 rexit.

1404 2451 1582 2513 Notae
1609 2454 1671 2510 et
1701 2448 1892 2509 variat
1926 2446 2234 2512 lectiones
2279 2448 2359 2512 ad
2388 2466 2526 2529 cap.
2574 2451 2631 2512 II
2670 2449 2974 2513 Michaeaa.

668 2553 734 2609 V.
770 2556 819 2609 I.
866 2552 969 2617 'A.,
997 2552 1082 2615 Σ.,
1111 2549 1253 2605 οὐαί.
1307 2547 1590 2605 Barberin.
1632 2547 1773 2602 LXX
1812 2547 1905 2617 qui
1932 2557 2171 2616 vertunt,

600 2626 869 2694 ἐγένοντο,
910 2620 1522 2694 legeruntbauddubie
1544 2628 1632 2694 1m
1662 2635 1760 2694 pro
1784 2623 1886 2694 {1.1.

670 2694 806 2749 Ibid.
855 2687 1129 2757 ⁵Λ.,’διότι
1167 2690 1384 2761 ἰσχυρόν
1409 2698 1513 2745 etc.
1544 2689 1649 2761 llas
1664 2687 1893 2761 iAquila:
1922 2696 1988 2761 et
2009 2687 2171 2761 Sym-

600 2766 781 2821 machi
815 2764 1075 2819 lectiones
1118 2758 1306 2816 adfert
1325 2761 1485 2815 idem.
1538 2758 1724 2816 Lectio
1753 2768 1934 2812 autem
1964 2758 2177 2828 Aquilae

601 2837 817 2892 videtur
841 2835 1091 2889 deﬁcere.
1144 2831 1328 2903 [Barb_.
1354 2830 1573 2903 exhibet
1618 2831 1817 2903 pariter
1845 2827 2177 2903 Theodotiu-

605 2908 693 2962 nis
716 2906 1046 2967 versionem,
1071 2899 1192 2971 quin
1215 2901 1352 2971 fugit
1377 2899 1976 2971 Montfauconiipeulos
2002 2917 2015 2953 :
2039 2899 2175 2953 διότι

606 2977 818 3049 ἔχουσιν
849 2975 1001 3045 ἰσχὺν
1025 2968 1119 3044 τὴν
1140 2968 1299 3043 χεῖρα
1321 2971 1521 3025 αὐτῶν.
1559 2968 1791 3042 Παλαι]

2352 2548 2417 2623 Υ.
2445 2549 2499 2605 6.
2526 2551 2617 2615 A.,
2650 2568 2713 2605 nc
2730 2552 2941 2606 stillari;
2966 2552 3253 2609 stillantes.
3296 2551 3830 2623 IIieronymustBar-

2283 2620 2505 2676 berinus
2527 2637 2657 2675 vero
2691 2623 2950 2678 lectiones
2989 2624 3199 2694 Aquila:
3240 2631 3300 2679 et
3336 2620 3647 2695 Symmachi
3674 2621 3836 2678 Grece

2283 2690 2477 2745 plenas
2507 2690 2705 2745 adfert.

2343 2705 2477 2745 enas
2507 2701 2705 2747 adfert.

2283 2705 2477 2761 plenas
2507 2705 2705 2747 antert.

2357 2756 2422 2813 γ.
2439 2760 2500 2834 _8_._
2534 2760 2723 2817 Graeca
2762 2761 2972 2832 Aquila;
2995 2771 3049 2834 et
3074 2761 3587 2834 Symmachihabet
3607 2760 3831 2816 Barberi-

2288 2846 2410 2904 nus.
2438 2831 2841 2904 Hieronymusi
2891 2852 2911 2885 ι
2960 2833 3087 2902 quia
3121 2831 3358 2904 'verbum
3392 2831 3539 2887 ωυι.
3560 2843 3614 2887 et
3646 2842 3834 2885 contra-

2286 2901 2425 2973 rium
2448 2901 2664 2973 etidien't
2704 2901 3002 2958 hesternum
3046 2912 3223 2963 sonat,
3256 2901 3314 2956 S.
3347 2905 3592 2973 apertius
3623 2911 3832 2958 transtu-

2284 2970 2366 3035 lit,
2393 2980 2453 3025 ut
2485 2972 2687 3028 diceret
2717 2991 2730 3027 :
2765 2983 2885 3027 ante
2914 2989 3073 3026 unam
3113 2974 3249 3027 diem
3278 2970 3398 3028 etcf
3419 2992 3438 3025 ι
3556 3036 3567 3041 _

1784 3158 2141 3220 MlCH/EJE
2206 3158 2469 3223 CAPUT
2532 3157 2643 3219 III.

610 3256 797 3328 ι-,κ-ιιυτ
834 3272 940 3323 τινι
975 3270 1148 3348 τιηφῚ
1187 3260 1212 3315 1
1295 3263 1359 3314 Ol
1392 3260 1612 3327 λοιποὶ,
1648 3262 1765 3330 (καὶ
1799 3262 1849 3314 οἱ
1900 3261 2190 3333 ἡγούμενοι

617 3357 763 3413 οἴκου
802 3353 1062 3426 Ἰσραήλ.)
1092 3352 1169 3417 Ο’,
1203 3350 1301 3405 καὶ
1329 3352 1377 3405 οἱ
1402 3351 1719 3407 κατάλοιποι
1748 3352 1898 3406 οἴκου
1920 3353 2158 3425 Ἰσραήλ.

618 3548 692 3598 na
726 3517 915 3594 mea:
947 3541 1069 3592 ma
1105 3513 1266 3592 :htm
1294 3530 1327 3584 8
1400 3530 1458 3583 Σ.
1498 3529 1633 3583 ἀλλά
1670 3530 1775 3602 μὴν
1822 3529 1933 3599 ἐγὼ
1962 3530 2189 3602 ὲνεπλή-

626 3631 754 3700 conv
784 3625 985 3698 ἰσχύος.
1019 3623 1097 3691 0',
1126 3624 1221 3679 ἐὰν
1254 3622 1331 3695 μὴ
1364 3621 1474 3692 ἐγὼ
1507 3622 1771 3695 ἐμπλήσω
1802 3621 1974 3694 ἰσχύν.

617 3903 759 3957 man
783 3900 896 3981 rut
931 3876 1168 3952 clm-ut
1202 3900 1376 3952 amri
1407 3899 1529 3949 rma
1556 3896 1663 3974 pix
1698 3870 1902 3948 m‘a'm
1932 3872 2020 3977 τοι)
2052 3889 2119 3942 12

632 3991 711 4046 Ἃ.
749 3988 837 4041 διὰ
860 3986 1017 4040 τοῦτο
1051 3986 1210 4057 χάριν
1244 3983 1396 4054 ὑμῶν
1430 3983 1570 4036 Σιὼν
1607 3981 1758 4053 χώρα
1797 3983 2189 4054 ἀροτριαθήσε-

615 4098 729 4147 ται,
758 4081 855 4133 καὶ
889 4076 1247 4148 Ἰερουσαλὴμ
1272 4073 1767 4144 λιθολογηοήσεται.
1803 4072 1880 4138 θ’,
1915 4072 2005 4128 διὰ
2029 4073 2187 4127 τοῦτο

618 4173 685 4226 δι’
714 4172 857 4242 ὑμᾶς
895 4167 1033 4221 Σιὼν
1062 4169 1140 4231 ὡς
1168 4167 1334 4236 ἀγρὸς
1361 4165 1836 4237 ἀροτριαθήσετσι,
1860 4165 1953 4219 καὶ
1994 4166 2189 4238 Ἰερου-

623 4262 803 4334 σαλὴμ
826 4262 902 4325 ώς
933 4259 1377 4329 ὁπωροφυλάκιον
1405 4257 1579 4312 ἔσται.

2361 3260 2414 3315 1.
2450 3259 2586 3316 Heb.
2632 3268 2687 3315 et
2714 3259 3104 3332 gubernatores
3167 3260 3364 3317 domus
3398 3259 3582 3318 Israel.
3630 3262 3831 3329 Reliqui.

2289 3349 2414 3406 ναι.
2436 3358 2492 3406 et
2515 3350 2684 3406 duces
2710 3350 2903 3406 domus
2928 3348 3115 3406 Israel.
3148 3349 3315 3416 LXX,
3347 3361 3403 3407 et
3440 3351 3645 3408 residui
3663 3354 3831 3409 domus

2287 3440 2477 3499 Israel.

2358 3534 2415 3589 8.
2446 3533 2509 3588 Il.
2541 3543 2594 3590 et
2625 3549 2751 3591 vere
2801 3550 2902 3606 ego
2953 3537 3194 3606 repletus
3242 3552 3363 3593 sum
3422 3536 3754 3593 fortitudine.
3779 3538 3828 3593 S.

2287 3639 2474 3679 verum
2504 3639 2605 3695 ego
2632 3625 2872 3693 repletus
2903 3640 3028 3680 sum
3059 3624 3400 3682 fortitudine.
3437 3626 3607 3692 LXX,
3644 3627 3739 3682 nisi
3753 3642 3831 3697 ego

2289 3714 2588 3785 implevero
2628 3714 3024 3771 fortitudinem.
3062 3715 3184 3772 Vul.
3233 3727 3615 3775 verumtamen
3639 3733 3732 3789 ego
3763 3734 3832 3772 re-

2288 3805 2467 3875 pletus
2493 3821 2615 3861 sum
2647 3804 2989 3861 fortitudine.

2362 3898 2451 3953 12.
2493 3896 2559 3951 II.
2596 3896 2804 3953 Idcirco
2856 3908 3078 3969 propter
3108 3914 3206 3954 vos
3258 3898 3390 3954 Sion
3442 3914 3573 3970 ager
3598 3898 3825 3961 arabitur,

2290 3995 2344 4042 et
2370 3985 2671 4042 Jerusalem
2702 3986 2755 4041 in
2790 4002 3017 4043 acervos
3069 3990 3193 4043 erit.
3242 3989 3308 4043 A.
3364 3988 3492 4044 Ideo
3528 3994 3825 4060 propter‘tos

2296 4079 2427 4135 Sion
2458 4096 2587 4151 ager
2623 4079 2890 4144 arabitur,
2929 4089 2984 4134 et
3008 4078 3309 4137 Jerusalem
3350 4081 3405 4136 in
3450 4096 3696 4137 acervum
3717 4080 3826 4148 lapi-

2295 4171 2425 4226 dum
2477 4171 2770 4241 redigetur.
2832 4169 2994 4238 LXX,
3035 4171 3241 4227 Idcirco
3296 4180 3520 4243 propter
3582 4187 3673 4227 vos
3722 4168 3827 4223 Sion

2299 4261 2456 4335 quasi
2486 4277 2615 4333 ager
2643 4262 2906 4331 arabitur,
2936 4272 2988 4318 et
3018 4261 3322 4319 Jerusalem
3378 4274 3440 4317 ut
3488 4262 3724 4319 custodia
3754 4274 3827 4328 po-

621 4356 780 4409 marii
835 4355 958 4408 erit.
1010 4349 1135 4404 ναι.
1188 4350 1410 4421 propter
1440 4348 1562 4417 hoc,
1608 4365 1774 4407 causa
1831 4349 2018 4416 vestri,
2057 4349 2185 4407 Sion
2225 4353 2381 4423 quasi
2438 4367 2566 4423 ager
2619 4353 2888 4418 arabitur,
2954 4362 3010 4409 et
3067 4351 3366 4409 Jerusalem
3420 4352 3580 4422 quasi
3638 4362 3825 4407 acervus

620 4445 858 4516 lapidum
890 4443 1012 4500 erit.

1446 4542 1623 4604 Notae
1654 4549 1714 4605 et
1747 4542 1932 4605 variat
1965 4540 2272 4605 lectiones
2303 4542 2379 4605 ad
2419 4558 2557 4621 cap.
2598 4543 2682 4603 Ill
2740 4542 3043 4605 Miehaaaa.

689 4642 767 4714 ν.
787 4645 842 4698 1.
872 4642 1101 4714 Ilieron.
1130 4662 1143 4699 :
1180 4663 1198 4695 ι
1227 4646 1332 4699 Pro
1364 4643 1576 4714 reliquis
1602 4644 1795 4699 domus
1816 4643 2010 4707 Israel,
2037 4657 2193 4698 exce-

621 4716 737 4787 ptis
749 4713 1129 4787 LXXAOIItIICS,
1159 4716 1315 4787 duces
1336 4713 1528 4787 donius
1550 4713 1721 4787 Israel
1742 4715 2154 4770 transtulerunt.
2168 4730 2186 4763 ι

699 4784 759 4837 ν.
790 4786 844 4839 8.
879 4785 961 4848 Σ.,
986 4785 1122 4838 ἀλλὰ
1155 4786 1260 4856 μὴν
1293 4794 1397 4840 etc.
1441 4783 1795 4840 Barberinus.

2381 4641 2447 4696 V.
2486 4642 2571 4696 12.
2612 4643 2717 4706 ’A.,
2749 4644 2832 4709 Σ.,
2854 4643 2950 4715 διὰ
2978 4642 3135 4696 τοῦτο
3160 4642 3318 4715 χάριν
3346 4651 3449 4698 etc.
3497 4639 3743 4699 Eusebius
3782 4638 3822 4691 in

2301 4712 2611 4770 Demonstr.
2642 4714 2971 4785 evangeliea.
2990 4783 3003 4789 ι

1837 4987 2198 5050 ΜΙΟΗᾹΞᾸΞ
2244 4987 2505 5052 CAPUT
2553 4987 2660 5047 IV.

620 5089 921 5143 marinum
958 5082 992 5135 ’5
1063 5083 1139 5147 0⁸,
1174 5084 1271 5137 καὶ
1296 5086 1361 5138 τὰ
1387 5085 1586 5156 δόρατα
1616 5090 1814 5143 αὑτων.
1844 5088 2075 5155 Ἄλλος,
2110 5088 2191 5154 ξι·

620 5175 788 5237 δυνας
822 5174 1024 5228 αὐτῶν.

612 5251 801 5327 ηλ-’Ἱιιι
872 5268 929 5320 Σ.
966 5266 1027 5320 Θ.
1053 5266 1138 5319 ἐπ’
1169 5265 1337 5334 ἔθνος.
1374 5266 1449 5335 0',
1480 5270 1616 5341 πρὸς
1638 5270 1807 5335 ἔθνος.

610 5452 841 5531 τον-ηε»,
875 5429 983 5510 ‘79::
1022 5446 1056 5501 8
1141 5448 1219 5501 Ἃ.
1278 5448 1551 5519 σκοτώδης
1620 5449 1866 5521 θυγάτηρ
1905 5452 2062 5510 Σιών.
2126 5454 2189 5508 Σ.

623 5536 937 5606 ἀπόκρυφος
980 5539 1235 5612 θυγάτηρ
1280 5542 1441 5597 Σιών.
1479 5541 1555 5607 0',
1589 5542 1902 5616 αὐχμώδης,
1944 5544 2189 5617 θυγάτηρ

624 5624 781 5680 Σιών.

621 5723 789 5775 πω
831 5716 887 5770 11
964 5720 1025 5772 Σ.
1062 5721 1423 5793 συνήχθησαν.
1452 5727 1529 5791 0',
1562 5726 2018 5800 ἐπισυνήκθησαν.

2368 5089 2423 5141 '5.
2460 5085 2593 5142 lleb.
2628 5085 2790 5153 LXX,
2825 5085 2943 5141 Vul.
2976 5097 3030 5142 et
3064 5088 3253 5144 hastas
3281 5102 3431 5145 suas.
3457 5088 3627 5152 Αιίιω,
3648 5085 3826 5141 lanceas

2222 5252 2223 5255 η
2299 5193 2449 5233 suas.

2367 5266 2434 5323 II.
2471 5267 2633 5335 LXX,
2661 5279 2850 5324 contra
2897 5278 3135 5341 gentem.
3183 5270 3243 5324 S.
3302 5269 3405 5324 'I‘h.
3433 5287 3595 5343 super
3625 5278 3822 5341 gentem-

2300 5360 2421 5415 ναι.
2456 5360 2719 5417 adversus
2746 5371 2983 5432 gentem.
3384 5434 3387 5439 η

2368 5454 2420 5509 8.
2462 5451 2596 5508 Heb.
2629 5453 2805 5509 editus
2833 5454 2986 5510 locus
3029 5454 3139 5508 lilia
3175 5453 3328 5509 Sion.
3353 5456 3420 5508 A.
3452 5456 3719 5510 tenebrosa
3740 5449 3824 5505 filia

2300 5541 2455 5599 Sion.
2513 5542 2571 5597 S.
2620 5544 2937 5600 abscondita
2992 5545 3105 5614 ipsa
3163 5552 3249 5599 est
3300 5545 3408 5598 lilia
3473 5546 3623 5599 Sion.
3688 5537 3822 5598 LXX.

2298 5634 2602 5705 squallens,
2628 5634 2738 5688 lilia
2770 5633 2923 5689 Sion.
2956 5634 3078 5690 Vul.
3116 5635 3376 5692 nebulosa
3413 5636 3520 5691 ﬁlia
3553 5635 3694 5690 Sion.

2360 5726 2459 5781 ·11.
2500 5727 2633 5783 Heb.
2664 5726 2724 5782 8.
2788 5725 2910 5783 Vul.
2958 5714 3494 5802 congregatae'sunt.
3536 5725 3687 5792 LXX,
3739 5730 3824 5774 ωιι

2300 5826 2638 5889 congregata:
2673 5829 2820 5876 sunt.
