4002 6522
599 422 704 479 299
718 426 733 478 Ι

598 522 655 597 15
689 546 821 598 ’Πνῠ
851 543 1027 625 ΒΌἾΡ
1059 543 1202 597 man
1236 544 1369 596 Ἕκ)
1404 545 1522 597 nm
1573 537 1608 591 4
1703 541 1780 603 0',
1825 539 1919 593 καὶ
1969 537 2171 607 φέγγος

600 626 766 680 αὐτοῦ
789 627 865 690 ὡς
893 626 1007 695 φῶς
1039 625 1211 692 ἔσται,
1246 625 1455 697 κέρατα
1487 627 1546 680 ἐν
1578 628 1765 698 χερσὶν
1817 625 2002 680 αὐτοῦ.
2032 629 2174 680 Ἄλ-

599 722 731 785 λος,
754 717 1067 786 διαύγασμα
1091 717 1267 787 φωτὸς
1296 716 1445 770 ἔσται
1478 717 1646 787 αὐτῷ,
1671 716 1880 789 κέρατα
1900 719 1962 770 ἐκ
1997 716 2179 788 χειρὸς

601 809 767 865 αὑτοῦ
802 810 1039 879 ὑπάρχει
1098 807 1265 879 αὐτῷ.
1324 808 1475 864 lianc
1508 817 1841 880 postremam
1891 810 2178 865 lectionem

600 904 711 965 τοῖς
732 899 788 956 0'
815 900 1007 954 tribuit
1038 899 1267 955 (Ioislin.
1295 899 1350 954 in
1377 902 1619 971 margine
1651 900 1910 971 positam.

597 1025 1039 1105 mxumum
1121 1018 1201 1071 Ἀ.
1244 1056 1259 1071 .
1304 1056 1370 1073 ..
1417 1017 2179 1085 ..Σ.....0’,καὶὲοετο

600 1113 879 1181 ἀγάπησιν
918 1110 1183 1182 κραταιὰν
1225 1110 1407 1183 ἰσχύος
1438 1110 1626 1165 αὐτοῦ.
1674 1112 1911 1177 Ἄλλος,
1937 1111 2055 1163 ἐκεῖ
2084 1110 2181 1163 ἑπ-

598 1202 919 1273 εστήρικται
957 1203 991 1273 ἡ
1021 1201 1249 1273 δύναμις
1272 1203 1373 1273 τῆς
1392 1201 1549 1273 δόξης
1571 1201 1759 1257 αὑτοῦ.

598 1290 947 1347 dilectionem
991 1293 1275 1349 robustam
1328 1293 1670 1350 fortitudinis
1716 1309 1852 1350 sum.
1882 1290 2057 1356 Alius,
2098 1290 2174 1346 ibi

600 1394 713 1449 dita
752 1405 834 1450 est
866 1394 1126 1450 fortitudo
1150 1395 1293 1464 ejus.

598 1470 1094 1565 τιτ-ῥννππὸεῑ

601 1581 677 1646 0',
708 1578 813 1649 πρὸ
850 1579 1144 1650 προσώπου
1187 1577 1353 1633 αὑτοῦ
1408 1576 1734 1649 πορεύσεται
1767 1575 1945 1645 λόγος.
1991 1574 2053 1631 Θ.
2090 1573 2179 1627 λό-

600 1689 715 1741 γος.
771 1675 1018 1741 Ἄλλος,
1077 1674 1185 1745 πρὸ
1236 1670 1530 1746 προσώπου
1580 1670 1747 1726 αὐτοῦ
1790 1667 2179 1742 προελεύσεται

600 1782 829 1828 πτωσις.

596 1922 778 1999 πνΒληΒ
814 1947 945 2023 qm
983 1945 1107 1997 nam
1197 1937 1278 1993 ‘A.
1318 1980 1331 1992 .
1378 1975 1495 1992 ...
1534 1936 1591 1990 Σ.
1627 1935 1689 1990 Θ.
1718 1936 1794 1991 E'.
1829 1976 1844 1993 .
1876 1973 1892 1989 .
1924 1971 1940 1989 .
1975 1938 2051 1999 ον,
2085 1934 2179 1987 καὶ

597 2028 941 2095 ἐξελεύσεται
971 2028 1052 2091 είς
1087 2026 1244 2079 πεδία
1296 2025 1439 2080 κατὰ
1487 2026 1655 2089 πόδας
1682 2024 1866 2080 αὑτοῦ.
1930 2026 2177 2093 Ἄλλος,

599 2120 741 2173 κατὰ
768 2120 933 2184 πόδας
956 2118 1124 2174 αὑτοῦ
1152 2118 1495 2193 ἀκολουθήσῃ
1519 2120 1586 2173 τὰ
1616 2118 1851 2190 μέγιστα
1873 2118 1981 2172 τῶν
2011 2136 2178 2190 πετη-

598 2228 729 2267 νων.

594 2397 775 2473 τιή-τι
810 2386 2108 2473 manummanum-thumuth

594 2464 651 2540 πθ
687 2463 824 2541 =51?
856 2462 1048 2539 nut'an
1083 2464 1223 2543 βίον
1259 2489 1425 2543 mm
1453 2462 1576 2541 τιτὸ
1618 2490 1690 2543 τυ
1762 2481 1839 2543 θ’,
1900 2478 2029 2550 ἔστη
2082 2479 2179 2534 καὶ

593 2571 917 2643 ἑσαλεύθηή
945 2571 1043 2641 γῆ,
1072 2570 1338 2640 ὲπέδλεψε
1367 2571 1458 2624 καὶ
1479 2570 1701 2642 διετάκη
1726 2570 1854 2643 ἔθνη
1872 2585 1887 2601 '
1918 2570 2175 2643 διεθρύση

592 2663 663 2716 τὰ
693 2663 793 2737 όρη
827 2664 940 2735 βίᾳ,
979 2664 1257 2734 ὲτάκησαν
1293 2664 1477 2734 βουνοὶ
1520 2663 1729 2719 αἰώνιοι
1768 2666 1992 2735 πορείας
2042 2667 2175 2719 alm-

592 2753 710 2818 νίας
739 2754 926 2807 αὐτοῦ.
960 2755 1206 2821 Ἄλλος,
1244 2754 1376 2816 στὰς
1406 2752 1731 2825 διεμέτρησε
1759 2752 1857 2824 τὴν
1878 2753 1984 2824 γῆν
2005 2770 2019 2786 ·
2064 2770 2167 2807 κα-

591 2846 866 2915 τανοήσας
915 2843 1163 2912 ὲξείκασε
1192 2845 1261 2898 τὰ
1316 2842 1443 2915 ἔθνη
1467 2859 1479 2872 ·
1509 2842 1791 2916 διεθρύση,
1833 2844 1928 2898 καὶ
1957 2843 2025 2897 τὰ
2068 2844 2171 2917 ὅρη

593 2937 1001 3009 θραυσθήσεται
1028 2953 1041 2966 ·
1081 2934 1583 3008 ταπεινωθήσονται
1638 2938 1694 2989 al
1748 2934 1917 2989 νάπαι
1965 2936 2031 2991 ὲκ
2076 2935 2170 2990 τοῦ

591 3029 809 3093 αἰῶνος,
837 3029 893 3083 αί
926 3028 1036 3082 ὁδοὶ
1076 3028 1134 3082 αἱ
1168 3027 1227 3094 ἐξ
1262 3027 1436 3099 ἀρχῆς
1466 3026 1946 3099 ἀλλοιωθήσονταιο
2000 3028 2166 3084 αὑτοῦ

592 3117 757 3171 ’ἑνεκα
778 3117 1123 3189 σεισθήσεται
1150 3119 1182 3188 ἡ
1207 3118 1529 3189 οίκουμένη.

1690 422 2171 481 ιιεΧΑΡιοιιυω
2213 421 2377 491 ρυὲι
2419 419 2861 479 SUPEllSUNT.

3690 425 3801 481 2999,

2344 535 2398 589 4.
2426 533 2559 590 lleb.
2599 542 2654 588 et
2677 534 2934 604 splendor
2964 542 3022 587 ut
3076 534 3165 587 lux
3188 541 3326 597 erat,
3356 548 3552 590 cornua
3579 536 3638 590 de
3671 553 3801 593 manu

2281 626 2402 697 ejus
2434 624 2505 679 ei.
2536 624 2700 689 LXX,
2732 636 2786 678 et
2822 622 3079 694 splendor
3105 622 3227 693 ejus
3257 631 3315 677 ut
3356 624 3444 679 lux
3472 624 3591 693 erit,
3637 640 3803 681 cornua

2280 710 2335 768 in
2373 714 2626 768 manibus
2680 712 2822 783 ejus.
2883 712 3053 778 Alius,
3110 712 3367 782 splendor
3421 713 3555 769 lucis
3604 714 3697 768 erit
3740 716 3804 770 ei:

2282 820 2488 862 cornua
2522 804 2591 859 de
2618 818 2782 857 manu
2824 803 2951 872 ejus
2978 810 3106 857 sunt
3145 802 3268 870 ipsi.
3305 799 3427 855 Vul.
3458 801 3695 872 splendor
3713 801 3807 871 ejus

2289 908 2350 953 ut
2380 897 2471 951 lux
2503 896 2606 952 erit
2639 914 2653 950 :
2686 910 2894 951 cornua
2928 895 2981 950 in
3014 896 3271 950 manibus
3300 894 3440 965 ejus.

2356 1012 2491 1069 lleb.
2524 1022 2578 1069 et
2611 1013 2681 1069 ibi
2707 1012 3002 1070 absconsio
3026 1012 3363 1069 fortitudinis
3389 1013 3530 1084 ejus.
3568 1015 3636 1068 Δ.
3662 1024 3710 1069 et
3733 1029 3808 1084 po-

2287 1107 2843 1163 suitabseonsionem
2901 1106 3235 1162 fortitudinis
3292 1123 3425 1163 suae.
3489 1106 3547 1162 S.
3587 1116 3637 1162 et
3669 1109 3811 1179 posuit

2287 1199 2661 1258 absconditam
2713 1198 3089 1255 fortitudinem
3153 1214 3332 1254 suam.
3380 1198 3545 1263 LXX,
3580 1209 3631 1254 et
3669 1200 3812 1269 posuit

2276 1290 2488 1346 firmata
2518 1299 2605 1347 est
2651 1290 2827 1349 virtus
2882 1291 3070 1362 gloria:
3117 1292 3310 1363 ipsius.
3336 1289 3462 1347 ναι.
3514 1291 3588 1348 ibt
3623 1291 3812 1345 abscon-

2354 1474 2408 1530 5.
2451 1473 2518 1529 ll.
2555 1474 2621 1529 ad
2664 1474 2835 1532 facies
2858 1468 2977 1545 ejus
3021 1475 3120 1531 ibit
3150 1474 3345 1546 pestis.
3378 1476 3444 1530 Α.
3487 1485 3615 1532 ante
3661 1477 3812 1535 faciem

2282 1566 2403 1635 ejus
2433 1564 2532 1619 ibit
2556 1564 2742 1634 pestis.
2765 1563 2823 1620 S.
2853 1573 2980 1620 ante
3009 1564 3203 1621 faciem
3234 1567 3355 1635 ejus
3390 1568 3657 1637 praecedet
3679 1585 3814 1625 mors.

2280 1656 2443 1722 LXX,
2469 1665 2597 1711 ante
2630 1654 2823 1710 faciem
2865 1655 2987 1725 ejus
3015 1655 3113 1710 ibit
3152 1656 3401 1711 verbum.
3448 1655 3555 1711 Tit.
3595 1658 3806 1712 verbum.

2279 1747 2457 1811 Alius,
2499 1754 2625 1801 ante
2665 1745 2858 1800 faciem
2908 1745 3029 1815 ejus
3082 1746 3296 1818 praeibit
3338 1747 3518 1802 ruina.
3570 1747 3686 1803 \'ul.
3720 1757 3816 1806 ante

2281 1838 2473 1894 faciem
2502 1837 2621 1908 ejus
2652 1837 2749 1892 ibit
2778 1851 2953 1891 mors.

2352 1933 2489 1987 Heb.
2516 1942 2571 1987 et
2595 1931 2977 2001 egrediebatur
3013 1929 3182 1985 carbo
3204 1927 3271 1983 ad
3296 1929 3460 1999 pedes
3495 1929 3728 2000 ejus.A..

2278 2023 2520 2077 volatile.
2547 2020 2604 2077 S.
2630 2020 2733 2076 Tb.
2770 2020 2831 2087 ν,
2860 2020 3119 2075 volucris.
3157 2018 3323 2084 LXX,
3378 2028 3435 2075 et
3468 2021 3756 2091 egredietur
3779 2022 3818 2076 in

2281 2129 2509 2185 campos
2542 2113 2609 2169 ad
2639 2114 2801 2184 pedes
2851 2112 2989 2184 ejus.
3030 2113 3205 2175 Alius,
3245 2124 3300 2168 et
3321 2112 3386 2167 ad
3434 2114 3603 2183 pedes
3619 2112 3728 2183 ejus
3757 2129 3820 2169 se-

2279 2205 2466 2277 queris
2493 2204 2732 2260 maxima
2771 2203 3096 2260 volucrium.
3130 2203 3256 2259 Vul.
3300 2213 3354 2259 ct
3399 2205 3706 2274 egredietur
3728 2205 3822 2259 dia-

2284 2298 2446 2354 bolus
2484 2307 2609 2352 ante
2649 2294 2812 2366 pedes
2837 2295 2976 2365 ejus.

2348 2391 2401 2443 6.
2433 2386 2566 2443 lleb.
2596 2386 2761 2441 Stetit
2782 2396 2837 2442 et
2870 2401 3095 2441 mensus
3119 2394 3206 2440 est
3238 2395 3439 2440 terram
3467 2403 3483 2441 :
3513 2386 3648 2441 vidit
3681 2398 3728 2441 et
3747 2403 3822 2441 ex-

2278 2480 2426 2537 silire
2471 2479 2600 2536 fecit
2656 2488 2882 2550 gentes;
2936 2488 2992 2534 et
3045 2478 3267 2534 contriti
3323 2488 3453 2535 sunt
3490 2492 3702 2535 montes
3725 2496 3823 2551 per.

2281 2572 2585 2644 petuitatis,
2628 2572 3055 2626 incurvaverunt
3109 2586 3168 2626 se
3205 2570 3374 2626 colles
3423 2572 3634 2638 saeculi,
3662 2572 3823 2627 itinera

2278 2664 2463 2721 saeculi
2498 2664 2568 2718 ei.
2597 2661 2760 2725 LXX,
2811 2661 2971 2717 Stetit
2994 2671 3047 2716 et
3082 2673 3356 2717 commota
3382 2673 3468 2718 est
3506 2674 3826 2732 terrazaspe-

2280 2755 2359 2809 xit
2382 2764 2434 2810 et
2465 2755 2761 2810 tabuerunt
2797 2764 2984 2826 gentes
3016 2770 3030 2807 :
3065 2754 3280 2809 contriti
3322 2763 3455 2809 sunt
3500 2765 3712 2809 montes
3735 2754 3825 2808 vio-

2280 2847 2485 2902 lentia:
2518 2846 2814 2902 tabuerunt
2841 2855 3054 2901 montes
3092 2846 3432 2917 sempiterni,
3470 2846 3679 2901 itineris
3711 2861 3829 2901 sema

2281 2938 2479 3011 piter-ni
2538 2938 2678 3008 ejus.
2742 2937 2932 3003 Alius,
2976 2938 3140 2994 Stans
3198 2954 3421 2993 mensus
3472 2948 3555 2994 est
3614 2949 3822 2994 terram:
3898 2952 3901 2953 '

2278 3031 2521 3102 cogitans
2559 3029 2762 3085 effluxit
2788 3039 3009 3100 gentes:
3064 3030 3309 3086 contrita:
3349 3039 3519 3086 sunt:
3551 3042 3608 3086 et
3645 3044 3829 3085 montes

2272 3120 2684 3192 confringentur
2714 3136 2726 3175 :
2771 3119 3209 3175 bumiliabuntur
3246 3121 3420 3178 saltus
3450 3138 3479 3176 a
3502 3124 3717 3187 saeculo,
3748 3120 3833 3175 vis

593 3227 718 3283 qua:
754 3213 823 3269 ab
868 3213 1026 3269 initio
1093 3213 1584 3270 immutabuntup:
1649 3215 1771 3284 ejus
1815 3230 1980 3271 causa
2019 3217 2457 3272 commovebitur
2522 3215 2695 3272 orbis.
2740 3215 2865 3271 Vul.
2936 3213 3098 3271 Stetit
3133 3224 3187 3271 et
3226 3230 3450 3272 mensus
3487 3226 3574 3271 est
3620 3224 3826 3270 terrain:

595 3310 807 3379 aspexit
842 3318 896 3364 et
937 3310 1188 3366 dissolvit
1239 3320 1448 3383 gentes,
1512 3320 1567 3366 et
1617 3312 1835 3368 contriti
1872 3322 2004 3368 sunt
2042 3322 2257 3369 montes
2289 3314 2499 3380 saeculi,
2556 3312 2827 3367 incurvati
2852 3321 2981 3367 sunt
3006 3312 3172 3368 colles
3208 3310 3397 3367 mundi
3444 3310 3518 3366 ab
3572 3308 3831 3365 itincribus

594 3404 917 3459 aeternitatis
948 3406 1089 3475 ejus.
1754 3462 1759 3466 .

593 3506 721 3583 van
771 3508 957 3591 nam
1004 3509 1169 3591 pm»
1204 3510 1367 3591 {mag
1387 3485 1521 3563 v5.1a
1568 3511 1733 3563 νηνκη
1784 3512 1869 3591 ps
1914 3515 2038 3564 mn
2075 3504 2106 3556 7

592 3595 725 3672 rm
796 3590 871 3652 0',
905 3586 1027 3643 ἀντὶ
1082 3586 1265 3645 κόπων
1317 3586 1458 3646 εἶδον
1510 3586 1853 3663 σκηνώματα
1885 3591 2176 3659 Αἰθιόπων,

596 3680 999 3752 πτοηθήσονται
1034 3682 1131 3737 καὶ
1166 3685 1221 3737 αἱ
1256 3684 1454 3755 σκηναὶ
1504 3686 1608 3756 γῆς
1642 3686 1889 3757 Μαδιάμ.
1926 3687 2174 3751 Ἄλλος,

594 3772 965 3842 κατανενόηκα
997 3773 1095 3838 τὰς
1146 3776 1351 3847 σκηνὰς
1402 3776 1699 3843 Αἰθιόπων,
1731 3777 2172 3850 ταραχθήσονται

592 3865 646 3917 οἱ
682 3868 1059 3931 κατοικοῦντες
1088 3867 1186 3933 τὰς
1212 3869 1427 3942 δέρρεις
1449 3870 1693 3943 Μαδιάμ.

2352 3501 2403 3554 7.
2427 3499 2494 3556 ll.
2528 3499 2630 3556 Pro
2652 3499 2936 3571 iniquitate
2968 3500 3074 3555 vidi
3117 3502 3349 3556 tentoria
3388 3501 3634 3569 Cltusan,
3659 3518 3826 3559 move-

2277 3603 2406 3649 runt
2433 3608 2491 3649 se
2511 3592 2737 3649 cortime
2764 3603 2920 3648 teme
2948 3594 3184 3649 Madian.
3229 3593 3392 3661 LXX,
3439 3594 3547 3652 Pro
3578 3597 3829 3651 laboribus

2277 3686 2385 3741 vidi
2419 3685 2650 3741 tentoria
2682 3684 3003 3755 Etltiopum
3044 3704 3058 3741 :
3093 3687 3370 3756 pavebttnt
3408 3698 3465 3742 et
3502 3688 3825 3744 tabernacula

2276 3786 2433 3832 terra;
2464 3776 2720 3831 Madiam.
2762 3776 2937 3843 Alius,
2974 3775 3215 3846 Cogitavi
3257 3778 3601 3833 tabernacula
3636 3777 3828 3832 Ethio-

2276 3882 2430 3937 pum,
2456 3868 2824 3923 turbabuntur
2866 3868 3236 3924 inhabitantes
3267 3869 3435 3939 pelles
3454 3868 3825 3925 MadiannNul.

594 3955 701 4013 Pro
723 3959 1007 4030 iniquitate
1042 3961 1149 4016 vidi
1178 3963 1408 4018 tentoria
1433 3962 1766 4034 Aithiopize:
1804 3963 2167 4019 turbabuntur
2222 3960 2392 4031 pelles
2449 3969 2606 4015 terra;
2637 3959 2870 4014 Madian.

591 4060 712 4132 ’βα
748 4062 1081 4113 Inﬁma-Dn
1117 4054 1237 4115 m‘n
1275 4069 1393 4119 mn
1429 4067 1677 4118 raw-ean
1714 4061 1746 4115 8
1819 4066 1894 4124 θ’,
1931 4060 2028 4115 καί
2056 4060 2162 4113 ἆλ-

591 4147 721 4209 λος,
762 4144 835 4215 μὴ
874 4147 933 4198 ἐν
959 4151 1222 4218 ποταμοῖς
1265 4149 1572 4223 ὠργίσθης,
1611 4152 1802 4227 Κύριε,
1841 4155 1873 4226 ἦ
1912 4157 1967 4209 ἐν
2000 4173 2167 4209 ποτα-

597 4237 717 4305 μοῖς
742 4237 771 4288 ὁ
805 4237 975 4307 θυμός
1009 4256 1137 4306 σου;

593 4427 860 4499 -ῖη-ω-πσ
921 4405 1207 4502 Toto-5y
1266 4435 1419 4485 mn
1472 4435 1526 4486 in
1573 4437 1772 4509 Ἵππην
1818 4438 2095 4489 ενι-εκ

592 4521 764 4576 ωπον
839 4518 915 4579 0',
948 4513 980 4585 ἢ
1015 4515 1074 4568 ὲν
1106 4514 1353 4592 θαλάσσῃ
1375 4518 1437 4572 τὸ
1487 4520 1717 4591 ὅρμημα
1759 4538 1889 4587 σονς
1935 4523 2017 4575 ὅτι
2050 4523 2167 4575 ἑπι-

599 4604 743 4679 σὴσῃ
766 4604 859 4659 ἐπὶ
880 4608 1004 4671 τοὺς
1039 4608 1238 4673 ἵππους
1274 4628 1391 4675 σου,
1416 4612 1511 4665 καὶ
1546 4614 1578 4683 ὴ
1603 4613 1838 4667 ἱππασία
1860 4630 1953 4667 σου
1989 4630 2165 4685 cunq-

600 4697 710 4767 ρία.
746 4700 945 4766 Ἀλλ..
980 4699 1013 4772 ἢ
1042 4703 1099 4756 ὲν
1148 4701 1391 4777 θαλάσσῃ
1423 4705 1456 4775 ή
1492 4705 1628 4777 ὀργή
1652 4722 1781 4773 σου;
1834 4704 2034 4776 ἀνέδης
2072 4704 2167 4757 ἐπὶ

591 4790 661 4846 τὰ
686 4791 908 4866 ἅρματά
942 4810 1035 4849 σου
1060 4809 1074 4824 °
1106 4796 1140 4868 ἡ
1174 4796 1412 4853 ίππασία
1437 4815 1530 4852 σου
1562 4797 1807 4872 σωτηρία
1840 4797 1870 4853 ὃ
1900 4796 2162 4869 προέὁηςο

589 5168 722 5218 Ἶῠκ
756 5168 921 5219 ΠῚῸὩ
949 5169 1142 5226 me
1173 5170 1346 5249 ‘p‘TtDP
1370 5173 1512 5229 ἾΊΏΠ
1545 5172 1683 5228 BH?
1712 5165 1745 5221 9
1816 5170 1893 5231 θ’,
1916 5166 2167 5222 ἐντείνων

591 5249 863 5314 ἐνέτεινας
884 5250 1037 5318 τόξον
1054 5270 1146 5307 σου
1175 5254 1268 5307 ἐπὶ
1297 5257 1570 5328 σκῆπτρα,
1602 5257 1749 5326 λέγει
1782 5256 2003 5329 Κύριος.
2028 5261 2165 5313 Ἄλ-

591 5344 721 5407 λος,
756 5343 1014 5417 ὲξεγὲρθη
1046 5345 1111 5399 τὸ
1133 5346 1286 5413 τόξον
1318 5363 1434 5414 σου,
1487 5349 1787 5420 ὲχόρτασας
1814 5349 2029 5421 βολίδας
2065 5354 2165 5424 τῆς

593 5435 868 5507 φαρέτρας
895 5436 1081 5494 αὑτοῦ.

593 5678 704 5754 τὰ)
788 5698 864 5750 'A.
905 5697 1011 5751 ἀεί.
1041 5702 1115 5765 0',
1157 5702 1401 5771 Ἄλλος,
1451 5705 1749 5778 διάψαλμα.

594 5793 914 5871 Wlfﬁn
949 5797 1117 5849 man:
1204 5792 1279 5858 0',
1307 5796 1566 5867 ποταμῶν
1593 5800 1892 5872 ῥαγήσεται
1920 5802 2008 5875 γῆ.
2035 5803 2163 5859 Ἅλ-

2340 4055 2485 4110 8.11.
2512 4054 2784 4126 Numquid
2830 4055 2882 4109 in
2924 4056 3143 4111 ﬂumina
3189 4058 3364 4115 iratus
3400 4070 3489 4116 est
3548 4058 3826 4115 Dominus!

2269 4144 2409 4201 Num
2442 4146 2495 4200 in
2542 4146 2763 4202 flumina
2799 4146 2954 4202 furor
2991 4150 3159 4203 tuus?
3193 4149 3354 4215 LXX,
3387 4163 3437 4206 et
3469 4152 3641 4217 Alius,
3684 4150 3822 4223 Vulg.

2268 4237 2545 4307 Numquid
2575 4238 2629 4291 in
2671 4238 2991 4295 fluminibus
3031 4239 3203 4297 iratus
3256 4256 3337 4307 es,
3379 4242 3626 4308 Domine,
3655 4253 3744 4298 aut
3776 4242 3828 4297 is

2268 4330 2590 4387 fluminibus
2614 4328 2769 4385 furor
2791 4332 2948 4387 tuus?

2338 4420 2505 4478 llebr.
2540 4438 2668 4478 num
2710 4424 2763 4477 in
2795 4439 2947 4478 mare
2981 4422 3060 4477 ira
3100 4424 3231 4479 tua?
3267 4423 3397 4495 quia
3450 4425 3712 4494 equitabis
3745 4440 3825 4479 sua

2268 4528 2362 4585 per
2425 4530 2599 4586 equos
2625 4523 2769 4579 tuos,
2825 4515 3122 4586 quadrigas
3176 4525 3320 4582 tuas,
3374 4518 3630 4573 salutem.
3668 4515 3813 4577 LXX,

2268 4608 2352 4663 vel
2392 4607 2445 4662 in
2502 4624 2654 4663 mare
2696 4608 2935 4678 impetus
2973 4618 3142 4663 tuus:
3188 4609 3319 4678 quia
3378 4612 3645 4666 ascendes
3679 4624 3827 4678 super!

2265 4714 2436 4769 equos
2474 4707 2620 4763 tuos,
2659 4708 2715 4754 et
2755 4701 3021 4771 equitatio
3063 4709 3156 4756 tua
3205 4702 3382 4756 salus.
3434 4702 3611 4766 Alius,
3662 4699 3813 4754 autin

2267 4793 2404 4847 mari
2423 4791 2500 4846 ira
2528 4800 2615 4847 tua
2647 4792 2974 4848 :ascendisti
3005 4808 3167 4863 super
3186 4808 3384 4848 currus
3407 4802 3550 4858 tuos,
3581 4790 3825 4863 eqttilalio.

2268 4892 2359 4937 tua
2390 4882 2563 4947 salus,
2603 4882 2747 4953 quod
2783 4884 3135 4954 praecessisti.
3182 4884 3307 4939 Vul.
3349 4885 3432 4939 vel
3458 4886 3512 4939 in
3543 4884 3672 4939 mari
3704 4882 3813 4937 indi-

2268 4975 2455 5045 gnatio
2479 4984 2593 5030 tua.
2625 4975 2732 5043 Qui
2769 4978 3035 5033 ascendes
3069 4992 3234 5049 super
3264 4994 3437 5049 equos
3470 4988 3809 5048 tuos,etqna-

2266 5069 2431 5139 drigm
2470 5076 2577 5124 tua:
2615 5069 2863 5124 salvatio.

2333 5160 2386 5215 9.
2443 5160 2608 5215 Hebr.
2652 5158 3027 5216 Denudatione
3072 5160 3445 5216 denudabitur
3488 5177 3648 5217 arcus
3684 5170 3806 5218 tuus.

2261 5252 2571 5323 juramenta
2609 5254 2871 5321 tribuum,
2898 5255 3124 5309 dictum.
3150 5253 3310 5320 LXX,
3358 5254 3644 5311 lntendens
3666 5255 3809 5307 inten—

2267 5344 2393 5399 disti
2421 5360 2609 5400 arcum
2668 5354 2820 5404 tuum
2861 5362 3027 5413 super
3078 5356 3292 5416 sceptra
3320 5386 3334 5409 ,
3378 5348 3515 5402 dicit
3552 5347 3805 5401 Dominus.

2270 5435 2443 5501 Alius,
2474 5437 2742 5492 excitatus
2768 5446 2852 5493 est
2885 5453 3048 5493 arcus
3086 5451 3237 5503 tuus,
3270 5440 3478 5494 satiasti
3505 5440 3681 5509 jaeula
3703 5436 3810 5506 plta-

2272 5538 2429 5583 retrae
2467 5528 2606 5598 ejus.
2642 5528 2768 5583 Vul.
2811 5530 3097 5586 Snscitans
3118 5532 3411 5587 suscitabis
3448 5547 3633 5588 arcum
3656 5538 3807 5589 tuum.

2262 5618 2569 5687 juramenta
2607 5620 2855 5677 tribubus
2892 5638 3013 5693 quae
3051 5624 3264 5679 loeutus
3295 5638 3375 5679 es.

2337 5711 2505 5767 Hebr.
2529 5712 2663 5767 scla.
2688 5713 2753 5767 A.
2786 5729 3021 5783 semper.
3057 5712 3220 5776 LXX,
3263 5714 3441 5775 Alius,
3480 5711 3777 5782 diapsalma.

2351 5800 2485 5856 lleb.
2524 5800 2643 5857 Vul.
2677 5803 2873 5858 ﬂuvios
2915 5804 3131 5862 scindes
3154 5800 3817 5871 teri-LLXXJluviorutn.
