4002 6536
176 487 312 544 29ῧὸ

175 613 305 674 λος,
338 606 619 676 ποταμοὺς
646 603 1041 667 διασκεδάσεις,
1076 600 1171 657 καὶ
1202 600 1307 669 γῆν
1334 597 1549 661 σώσεις.

175 791 350 842 :rm
385 788 487 865 πυ
520 790 636 842 τις
672 785 821 865 gain
864 786 1005 835 cm
1038 783 1218 834 :mn
1261 757 1402 833 15w
1437 782 1580 851 ητις-τ
1622 771 1688 825 to

176 882 294 931 rem:
516 878 621 928 D‘l'l
656 851 772 946 ήπρ
844 868 923 931 0’,
952 864 1171 935 ὄψονται
1206 880 1265 917 σε
1310 864 1404 917 καὶ
1438 862 1758 931 ὠδινὴσουσι

177 963 314 1025 λαοὶ,
340 958 656 1031 σκορπίζων
691 958 862 1011 ὕδατα
901 956 1127 1027 πορείας
1152 971 1168 986 ⁸
1204 954 1403 1008 ἔδωκεν
1449 954 1483 1024 ἡ
1528 952 1763 1013 ἄόυσσος

180 1053 363 1124 φωνὴν
399 1050 595 1121 αὐτῆς,
632 1050 764 1120 ὕψος
793 1048 1093 1119 φαντασίας
1114 1045 1305 1116 αὐτῆς.
1339 1046 1577 1109 Ἄλλος,
1602 1045 1659 1094 ὲν
1688 1039 1763 1110 τῷ

180 1142 585 1214 ἀντοφθαλμεῖν
640 1159 699 1195 σε
745 1140 1181 1213 ταραχθήσονται
1206 1138 1275 1190 τὰ
1302 1137 1401 1209 ὅρη
1424 1150 1439 1166 ’
1482 1138 1540 1189 ὲν
1567 1134 1647 1205 τῷ
1671 1136 1763 1190 τὸν

180 1234 417 1301 ἐξαίσιόν
468 1250 563 1286 σου
615 1232 821 1303 ὄμϐρον
866 1230 1094 1285 διελθεῖν
1129 1229 1197 1282 δι’
1234 1228 1487 1300 αὑτῆς,ή
1527 1227 1764 1292 ἄϐυσσος

182 1325 499 1396 ἀνεφώνησε
525 1324 729 1390 μεῖζον.

1413 476 1733 536 llABACUC
1756 471 1984 533 CAPUT
2027 470 2117 526 111.

3297 447 3441 507 αξιοι

1870 589 2153 646 scindetur
2177 598 2341 645 terra.
2377 584 2556 650 Alius,
2579 582 2776 638 ﬂuvios
2800 571 3116 647 dissipabis,
3140 578 3194 625 et
3232 576 3435 623 terrui

1867 683 2126 738 salvabis.

1938 777 2025 831 10.
2062 774 2195 831 Heb.
2225 771 2490 827 Viderunt
2527 778 2599 831 te.
2630 767 2971 820 tremuerunt
2995 765 3240 820 montes;
3275 752 3438 806 inun-

1865 867 2014 924 datio
2026 880 2292 936 aquarum
2319 861 2554 917 transiit.
2581 856 2736 911 Dedit
2752 855 2980 923 abyssus
2993 850 3230 904 sonitum
3252 858 3439 905 suum,

1865 957 2097 1012 altitudo
2131 969 2327 1010 manus
2350 966 2480 1008 suas
2513 946 2765 1004 elevavit.
2794 940 2957 1005 LXX,
2993 938 3263 995 Videbunt
3292 943 3364 997 te,
3384 940 3441 985 et

1866 1050 2009 1105 sicut
2037 1047 2348 1118 parturiens
2378 1042 2640 1098 dnlebunt
2671 1036 2887 1108 populi:
2918 1034 3238 1103 dispergens
3267 1039 3439 1096 aquas

1864 1116 2099 1195 itineris.
2139 1137 2294 1192 Dedit
2322 1136 2552 1207 abyssus
2579 1145 2764 1185 vocem
2802 1140 2983 1187 suam,
3006 1119 3235 1176 altitudo
3265 1116 3439 1187 phano

1867 1230 2019 1287 tasire
2053 1230 2192 1301 ejus.
2227 1228 2410 1293 Alius,
2459 1225 2593 1280 Cum
2646 1230 2836 1276 contra
2897 1214 3221 1285 respexeris,
3256 1208 3440 1263 turba-

1866 1322 2072 1377 buntur
2103 1327 2319 1374 montes
2352 1335 2367 1371 :
2399 1330 2524 1371 cum
2557 1313 2751 1382 ingens
2794 1306 2967 1363 imber
2996 1313 3122 1359 tuus
3153 1308 3437 1371 pertrans-

184 1420 283 1474 iret
314 1435 412 1489 per
439 1433 563 1474 eam
621 1420 854 1491 abyssus
903 1418 1079 1491 magis
1141 1416 1441 1474 resonavit.
1504 1414 1628 1471 Vul.
1690 1414 1954 1473 Viderunt
2020 1426 2095 1479 te,
2149 1426 2203 1470 et
2251 1412 2546 1468 doluerunt
2601 1416 2855 1463 montes:
2916 1413 3114 1473 gurges
3172 1406 3437 1466 aquarum

182 1515 415 1572 transiit.
442 1513 600 1570 Dedit
627 1515 859 1586 abyssus
882 1529 1069 1570 vocem
1102 1529 1279 1577 suam,
1309 1512 1538 1566 altitudo
1557 1526 1754 1567 manus
1795 1527 1925 1568 suas
1953 1511 2173 1566 levavit.

184 1589 336 1667 πώ
371 1588 524 1665 125m
560 1614 705 1683 1am
739 1590 877 1667 ηικὸ
920 1590 1089 1669 min
1130 1616 1254 1668 ’τω
1288 1613 1391 1666 mi
1431 1613 1585 1663 om
1626 1604 1688 1659 tt

184 1704 349 1780 πηνεη
379 1708 502 1783 ΡἺΞ
576 1700 653 1763 Ο’,
694 1698 905 1771 ἐπήρθη
957 1701 987 1752 ὁ
1026 1698 1197 1769 ἥλιος,
1221 1698 1372 1768 καὶὴ
1403 1698 1601 1768 σελήνη
1635 1697 1764 1767 ἔστη

186 1790 243 1843 ὲν
263 1793 328 1861 τῇ
356 1790 512 1855 τάξει
538 1792 733 1862 αὐτῆς,
761 1794 840 1855 είς
869 1792 985 1861 φῶς
1016 1790 1220 1861 βολίδες
1256 1808 1349 1844 σου
1383 1789 1762 1861 πορεύσονται,

184 1882 260 1944 εἰς
290 1882 496 1951 φέγγος
531 1883 824 1955 ἀστραπῆς
868 1884 1048 1937 ὃπλων
1092 1901 1206 1937 σου.
1250 1884 1510 1948 Ἀλλος,
1541 1880 1657 1950 φῶς
1704 1878 1766 1932 τὸ

187 1976 428 2047 λαμπρδν
448 1975 547 2029 τοῦ
582 1975 734 2047 ἡλίου
769 1977 999 2047 ἐπέσχεν
1020 1991 1034 2006 ο
1067 1975 1129 2029 τὺ
1164 1976 1222 2029 δὲ
1250 1975 1452 2045 φέγγος
1480 1973 1579 2045 τῆς
1604 1971 1763 2042 σελή-

188 2086 277 2140 νης
293 2068 494 2138 ἐστάθη
520 2086 533 2098 '
567 2070 709 2124 κατὰ
731 2068 792 2123 τὸ
818 2069 1022 2140 φέγγος
1042 2069 1152 2123 τῶν
1193 2068 1415 2139 βολίδων
1442 2082 1535 2121 σου
1563 2064 1764 2137 πορεύ-

190 2177 385 2225 σονται,
419 2161 569 2215 κατὰ
604 2161 666 2216 τὸ
695 2161 901 2231 φέγγος
937 2161 1229 2232 ἀστραπῆς
1263 2160 1541 2231 μαχαίρας
1575 2174 1688 2212 σου.

1939 1604 2024 1658 ll.
2061 1600 2197 1656 lleb.
2258 1598 2376 1662 Sol,
2418 1598 2546 1652 luna
2598 1594 2748 1651 stetit
2808 1584 3159 1646 tabernaculo
3212 1596 3334 1647 suo,
3370 1577 3440 1634 ad

1864 1693 2038 1749 lucem
2066 1692 2387 1761 sagittarum
2426 1698 2643 1741 tuarum
2679 1685 2858 1761 ibunt,
2889 1680 2955 1734 ad
2979 1675 3321 1749 splendorem
3335 1670 3442 1725 ful-

1864 1784 2015 1857 guris
2060 1756 2229 1838 hasta:
2288 1791 2413 1836 tuae.
2447 1776 2614 1843 LXX,
2668 1756 2925 1833 Elevatus
2954 1779 3038 1825 est
3092 1766 3195 1832 sol,
3230 1772 3283 1819 et
3310 1762 3438 1817 luna

1865 1877 2013 1931 Stetit
2052 1873 2104 1928 in
2136 1872 2329 1928 ordine
2356 1886 2477 1934 suo,
2525 1868 2577 1923 in
2635 1866 2754 1920 luce
2780 1862 2960 1934 jacula
3015 1867 3103 1912 tua
3164 1855 3340 1915 ibunt,
3381 1850 3437 1902 in

1867 1967 2156 2039 splendore
2195 1960 2594 2020 coruscationis
2650 1969 2929 2013 armorum
2989 1961 3227 2006 lttornm.
3261 1943 3439 2003 Alius,

1866 2060 1959 2115 lux
1994 2056 2279 2131 splendida
2320 2054 2453 2110 solis
2480 2050 2773 2115 continuit,
2808 2043 3065 2118 splendor
3092 2047 3271 2093 autem
3298 2035 3442 2089 lunae

1869 2153 2041 2217 stetit,
2087 2147 2393 2205 secundum
2444 2140 2792 2214 splendorem
2853 2134 3161 2208 jacnlorum
3221 2137 3442 2181 tuorum

193 2252 358 2320 ibunt,
419 2254 727 2309 secundum
776 2214 1135 2325 splendorem
1185 2214 1627 2324 fulgurisgladii
1661 2248 1761 2304 tui.
1805 2246 1934 2302 Vul.
1989 2214 2086 2298 Sol
2139 2249 2193 2296 et
2250 2240 2384 2294 luna
2440 2241 2706 2293 steterunt
2757 2232 2813 2286 in
2869 2224 3183 2285 babitaculo
3231 2232 3353 2283 suo,
3385 2214 3444 2270 in

194 2349 305 2403 luce
331 2350 658 2420 sagittarum
690 2359 930 2413 tuarum,
985 2351 1143 2405 ibunt
1195 2350 1249 2405 in
1306 2350 1598 2419 splendore
1630 2341 1956 2417 fulgurantis
1992 2340 2161 2394 hasta:
2191 2346 2318 2392 tum.
3112 2336 3118 2341 ·

192 2449 300 2503 0’11
332 2452 481 2503 σπι-ι
517 2453 642 2530 ⁸]κέ
670 2449 987 2527 Nm
1021 2451 1169 2507 Dm
1206 2441 1273 2496 12
1349 2444 1426 2506 0’,
1462 2442 1520 2494 ὲν
1566 2439 1763 2509 ἀπειλῇ

195 2534 461 2603 ὀλιγάηεις
495 2540 624 2607 γῆν,
669 2537 764 2590 καὶ
789 2537 847 2589 ὲν
877 2536 1033 2608 θυμῷ
1067 2534 1323 2600 κατάξεις
1350 2535 1499 2606 ἔθνη.
1524 2535 1762 2600 Ἄλλος,

200 2624 530 2775 μτὰεὲυμοῦ
562 2627 834 2699 ἑγερθήση
870 2628 963 2682 ἐπὶ
996 2628 1096 2700 τὴν
1124 2628 1251 2698 γῆν,
1275 2628 1391 2699 μετ’
1414 2627 1583 2699 ὀργῆς
1606 2626 1768 2698 ἀλοῆ-

200 2734 302 2785 σεις
386 2739 474 2793 νη.

204 2993 504 3068 71m
542 2967 691 3050 νωνὸ
726 2994 856 3065 1m
889 2968 1035 3049 WB
1068 2992 1211 3044 mw
1253 2982 1319 3038 ιδ
1403 2984 1481 3038 ‘A.
1512 2981 1588 3049 ιε’,
1619 2981 1771 3055 ἐξῆλ-

206 3074 287 3141 θες
313 3080 385 3142 είς
411 3078 692 3149 σωτηρίαν
721 3076 851 3131 λαοῦ
877 3092 993 3139 σου,
1021 3077 1102 3139 εἰς
1136 3074 1408 3145 σωτηρίαν
1430 3075 1527 3129 σὺν
1548 3075 1769 3147 Χριστῷ

208 3185 311 3225 σου.
340 3171 394 3223 Σ.
424 3209 440 3224 .
480 3208 496 3224 .
528 3209 544 3224 .
587 3209 602 3225 .
640 3207 656 3225 .
692 3208 707 3224 .
740 3208 755 3224 .
790 3210 804 3223 .
841 3206 857 3223 .
882 3169 960 3233 0',
988 3166 1211 3239 ἐξῆλθες
1230 3169 1311 3231 είς
1341 3166 1613 3239 σωτηρίαν
1638 3166 1768 3222 λαοῦ

210 3274 291 3313 σου
316 3258 405 3314 τοῦ
428 3260 603 3314 σῶσαι
634 3259 728 3313 τὸν
754 3258 990 3329 Χριστόν
1022 3275 1137 3312 σου.
1164 3259 1229 3314 Θ.
1275 3295 1291 3312 .
1331 3296 1347 3312 .
1387 3298 1401 3314 .
1438 3296 1452 3311 .
1488 3260 1578 3326 (τ’,
1616 3257 1771 3329 ἐξῆλ-

213 3351 291 3415 θες
315 3352 403 3406 τοῦ
437 3352 613 3406 σῶσαι
636 3351 731 3406 τὸν
756 3350 885 3405 λαόν
920 3367 1015 3404 σου
1044 3349 1133 3404 διὰ
1176 3350 1381 3420 Ἰησοῦν
1406 3349 1500 3402 τὸν
1536 3350 1772 3421 Χριστόν

213 3460 295 3499 σου
339 3446 406 3515 (Ι.
439 3446 530 3501 διὰ
567 3443 741 3516 Ἰησοῦ
788 3445 883 3500 τοῦ
935 3443 1173 3516 Χριστοῦ
1206 3445 1347 3516 σου).
1378 3445 1614 3510 Ἀλλος,
1646 3445 1772 3499 ἁνε-

215 3534 368 3607 φάνης
421 3538 515 3590 ἐπὶ
569 3537 815 3610 σωτηρίᾳ
866 3535 963 3591 τοῦ
1013 3534 1143 3592 λαοῦ
1177 3552 1295 3601 σου,
1328 3534 1595 3605 ῥύσασθαι
1648 3535 1775 3600 τοὺς

216 3627 480 3693 ἐκλεκτούς
521 3647 638 3684 σου.

218 3703 586 3786 πηκτὶς-ην
621 3729 737 3783 πον
790 3731 933 3785 nm
974 3730 1106 3785 rm
1148 3729 1305 3781 ινιτσ
1351 3731 1485 3781 mm
1534 3730 1708 3781 nam

221 3814 286 3875 θ’,
312 3812 482 3882 βαλεῖς
511 3814 595 3876 είς
639 3812 885 3882 κεφαλὰς
916 3813 1138 3883 ἀνόμων
1177 3810 1404 3866 θάνατον
1428 3854 1444 3879 ,
1488 3812 1778 3882 ἐξήγειρας

221 3904 427 3978 δεσμοὺς
450 3908 561 3971 ἕως
582 3907 877 3977 τραχήλου,
909 3905 1211 3977 διάψαλμα.
1251 3905 1315 3958 Θ.
1355 3942 1369 3961 .
1406 3946 1419 3959 .
1453 3941 1468 3957 .
1508 3944 1523 3958 .
1566 3942 1580 3957 .
1609 3943 1624 3958 .
1657 3942 1672 3957 .
1709 3941 1725 3957 .
1759 3942 1774 3957 .

224 3997 291 4054 Ε’.
319 4037 332 4052 .
358 4039 371 4053 .
404 4038 418 4053 .
450 4040 465 4055 .
498 4040 511 4054 .
555 4040 569 4053 .
610 4001 844 4066 Ἄλλος,
876 4000 1270 4066 κατετόξευσας
1300 3995 1542 4065 κεφαλὰς
1569 3992 1780 4063 ἀνθρὼ-

227 4106 327 4232 ἔιυν
351 4092 729 4164 ὑπερηφάνων,
753 4091 859 4156 ἕως
885 4092 1124 4147 ἀϐύσσου
1151 4092 1250 4163 τῆς
1302 4089 1576 4161 θαλάσσης
1609 4104 1777 4142 κατα-

255 4199 469 4232 υτονται-

255 4199 469 4239 υτονται.

233 4277 344 4332 sela.
377 4281 551 4346 Alius,
593 4279 822 4350 Sagittis
863 4275 1156 4334 confudisti
1205 4275 1382 4347 capita
1416 4276 1699 4333 hominum
1757 4277 2145 4349 sumrboruin,
2196 4284 2372 4341 usque
2405 4266 2474 4322 ad
2539 4267 2797 4335 abyssum
2835 4255 3007 4312 maris

1944 2433 2033 2488 5‘2.
2072 2429 2207 2486 Heb.
2242 2428 2295 2482 in
2330 2425 2407 2480 ira
2440 2429 2659 2478 Incedes
2690 2429 2915 2476 terram,
2958 2418 3012 2465 et
3044 2409 3097 2462 in
3135 2403 3319 2458 furore
3345 2398 3444 2455 tri-

1871 2522 2085 2581 turabis
2112 2529 2320 2592 gentes.
2353 2512 2518 2580 LXX,
2573 2512 2627 2566 in
2683 2502 3108 2565 comminatione
3150 2492 3444 2551 imminues

1871 2625 2096 2680 terram,
2119 2590 2186 2669 vet
2223 2612 2276 2667 in
2313 2608 2497 2664 furore
2535 2605 2790 2660 detrahes
2829 2606 3037 2670 gentes.
3084 2590 3273 2651 Alius,
3318 2596 3445 2638 cum

1872 2708 2061 2765 furore
2092 2701 2419 2761 excitaberis
2446 2713 2609 2769 super
2644 2706 2866 2753 terram.
2900 2702 3025 2744 cum
3058 2684 3138 2739 ira
3159 2677 3448 2735 triturabil

1873 2809 2083 2873 gentes.
2108 2796 2228 2851 Vul.
2258 2796 2310 2849 in
2347 2766 2564 2847 fremitu
2598 2781 2945 2842 eoneulcabis
2996 2787 3237 2833 terram:
3276 2771 3332 2826 in
3369 2766 3450 2823 fu-

1874 2908 2002 2950 rore
2025 2886 2431 2961 obstupefacies
2461 2892 2669 2954 gentes.

1946 2986 2035 3041 l3.
2075 2959 2241 3039 llebr.
2272 2980 2338 3035 A.
2364 2977 2430 3045 V,
2458 2976 2583 3031 ναι.
2614 2972 2883 3042 Egressus
2909 2982 2970 3021 es
3002 2963 3056 3018 in
3090 2959 3320 3016 salutem
3352 2967 3449 3024 po-

1873 3078 1988 3150 puli
2020 3075 2166 3132 tuiin
2198 3074 2426 3128 salutem
2443 3084 2568 3125 eum
2592 3064 2811 3121 Christo
2841 3071 2954 3116 tuo.
2980 3058 3040 3113 S.
3073 3049 3449 3120 LXX,Egres-

1876 3140 1973 3226 sus
2001 3182 2062 3223 es
2097 3166 2152 3221 in
2180 3164 2410 3220 salutem
2440 3156 2623 3231 populi
2650 3154 2749 3219 tui,
2784 3160 2844 3206 ut
2882 3149 3125 3205 salvares
3163 3140 3449 3198 Christum

1878 3272 2051 3319 tuum.
2080 3260 2185 3315 Th.
2220 3229 2485 3328 Egressus
2506 3267 2567 3307 es
2599 3248 2811 3305 salvare
2836 3242 3095 3315 populum
3125 3247 3303 3297 tuum,
3341 3229 3455 3286 sal-

1875 3371 2006 3413 vare
2033 3353 2509 3411 Cbristumtuum.
2555 3341 2622 3398 \‘l
2675 3340 2774 3395 Ed.
2804 3337 3069 3408 Egressus
3112 3346 3171 3386 cs
3239 3326 3453 3383 salvare

1878 3448 2141 3519 populum
2185 3452 2336 3497 tuum
2378 3454 2474 3511 per
2499 3435 2686 3491 Jesum
2727 3430 3006 3486 Christum
3049 3433 3225 3479 tuum.
3274 3417 3453 3479 Atius,

1880 3509 2197 3611 :Ap'paruisti
2228 3509 2394 3605 super
2428 3530 2605 3588 salute
2635 3523 2823 3598 populi
2871 3520 2972 3587 tui,
3009 3516 3077 3572 ad
3109 3509 3453 3569 liberandum

1882 3634 2086 3690 electos
2125 3639 2267 3684 tuos.

1946 3724 2082 3779 Heb.
2115 3715 2437 3777 transﬂxisri
2472 3721 2634 3785 caput
2658 3710 2725 3765 de
2744 3707 2909 3763 domo
2938 3701 3110 3772 impii,
3130 3691 3457 3785 denudando

1872 3815 2288 3872 fundamentum
2324 3822 2499 3877 usque
2533 3783 2599 3857 ad
2650 3799 2877 3862 collum,
2920 3792 3051 3849 sela.
3090 3783 3456 3849 LXX,Mittes

1876 3909 1930 3963 in
1958 3904 2139 3975 capita
2196 3901 2513 3971 iniquorum
2579 3901 2838 3953 mortem,
2901 3878 3179 3941 suscitain
3233 3872 3455 3930 vincula

1874 3963 2052 4067 usque
2078 3994 2144 4049 ad
2168 3963 2391 4047 collum.
2422 3984 2750 4058 Diapsalma.
2776 3978 2878 4033 Th.
2906 4017 2919 4030 .
2943 4016 2957 4030 .
2985 4014 3000 4029 .
3021 4014 3037 4030 .
3063 4011 3077 4026 .
3100 3965 3305 4026 ornasti
3331 3963 3457 4018 fun-

1884 4056 2198 4146 damentum
2227 4095 2400 4153 usque
2450 4056 2533 4133 ad
2570 4075 2792 4132 collum.
2841 4068 2878 4123 γ
2924 4066 3031 4121 'Ed.
3056 4105 3071 4119 .
3097 4102 3112 4118 .
3137 4101 3152 4116 .
3177 4099 3191 4115 .
3214 4100 3228 4114 .
3284 4056 3458 4111 denu-

1886 4179 2027 4237 dasti
2053 4222 2069 4246 ,
2090 4180 2193 4234 sire
2221 4151 2499 4232 evaicuasti
2526 4167 2937 4225 fundamentum
2961 4170 3131 4229 usque
3147 4154 3213 4209 ad
3234 4151 3457 4213 collum,

3053 4250 3456 4316 demergentur.

235 4366 343 4426 ναι.
372 4371 693 4432 Percussisti
722 4385 886 4444 caput
909 4372 977 4428 de
1027 4372 1191 4428 domo
1228 4371 1411 4442 impii;
1455 4371 1746 4429 denudasti
1784 4373 2202 4431 fundamentum
2268 4365 2390 4435 ejus
2420 4377 2596 4434 usque
2623 4360 2689 4414 ad
2721 4357 2943 4414 collum.

234 4449 427 4529 W5?
460 4451 683 4545 ’πνειπὸ
715 4475 876 4529 ἰ’-σον
906 4474 1033 4526 me
1066 4473 1200 4524 tam
1235 4471 1421 4524 rem
1463 4474 1609 4545 mp:
1649 4464 1719 4519 η

236 4561 421 4615 πω
450 4566 537 4623 ηπ
570 4541 851 4617 Sans-1m
922 4561 999 4623 θ’,
1028 4556 1285 4625 διέκοψας
1312 4557 1370 4608 ὲν
1414 4541 1667 4609 ἐκστάσει
1695 4573 1789 4609 κε-

243 4646 392 4712 φαλὰς
418 4649 716 4717 δυναστῶν,
745 4648 1123 4721 σεισθήσονται
1152 4650 1212 4702 ιν
1254 4650 1416 4719 αὐτῇ,
1464 4647 1788 4713 διανοίξουσι

244 4739 465 4807 χαλινοὺς
498 4744 680 4799 αὐτῶν
708 4745 787 4807 ὡς
835 4742 1008 4797 ἔσθων
1050 4742 1267 4813 πτωχὸς
1314 4742 1511 4815 λάθρα.
1549 4743 1786 4808 Ἄλλος,

246 4829 529 4904 ἐξεδίκησας
562 4834 702 4906 μετὰ
749 4833 1033 4905 δυνάμεώς
1081 4851 1174 4887 σου
1213 4834 1341 4897 τοὺς
1368 4834 1644 4904 ἀρχηγοὺς
1678 4829 1789 4885 τῶν

248 4921 559 5024 susp-Em).th
580 4943 593 4956 ·
636 4929 760 4992 τοὺς
796 4927 1123 4990 πεποιθότας
1152 4928 1246 4980 ἐπὶ
1291 4928 1358 4997 τῇ
1397 4924 1657 4995 αὐθαδείᾳ
1690 4923 1790 4978 αὑο

248 5012 359 5079 τῶν,
389 5018 566 5076 ius.st
592 5019 687 5073 τοῦ
721 4990 1057 5088 διαταφαγεῖν
1087 5019 1215 5082 τοὺς
1241 4990 1493 5087 πτωχοὺς
1521 4990 1716 5085 λάθρα.
1792 4990 1801 4997 ’

253 5102 299 5159 in
328 5114 621 5180 arrogantia
679 5126 779 5169 sua
817 5120 879 5167 ut
924 5110 1271 5166 eomederent
1320 5121 1585 5177 pauperes
1628 5082 1804 5160 clam.
1846 5102 1971 5160 Vul.
2032 5099 2363 5158 Maledixisti
2415 5096 2651 5166 sceptris
2708 5090 2870 5161 ejus,
2922 5082 3086 5155 capiti

1966 4460 2150 4516 14.".
2186 4454 2481 4514 Perfodisti
2520 4454 2573 4508 in
2606 4448 2814 4506 baculis
2858 4444 2980 4515 ejus
3034 4444 3196 4508 caput
3221 4441 3462 4501 pagano-

1894 4569 2017 4610 rum
2037 4554 2158 4623 ejus
2181 4569 2196 4604 :
2231 4548 2596 4606 turbinahunt
2616 4542 2683 4598 ad
2704 4533 3122 4609 dispergendum
3139 4541 3253 4581 me:
3277 4518 3464 4623 exsul-

1894 4646 2027 4703 tatio
2051 4658 2240 4699 eorum
2272 4640 2431 4711 quasi
2461 4639 2528 4693 ad
2551 4631 2944 4692 comedendum
2974 4623 3230 4680 alllietum
3256 4617 3309 4669 iu
3336 4612 3464 4666 abs—

1895 4738 2138 4795 condito.
2164 4733 2328 4799 LXX,
2385 4728 2664 4787 Diseidisti
2712 4726 2765 4779 in
2801 4731 3023 4790 stupore
3075 4711 3247 4780 capita
3282 4713 3466 4775 poten-

1897 4923 2041 4979 sieut
2069 4919 2362 4975 comedens
2395 4926 2600 4986 pauper
2626 4909 2680 4963 in
2722 4900 3065 4959 abscondito.
3096 4894 3270 4955 Alius,
3305 4886 3468 4942 Ultus

1897 5028 1957 5069 es
1983 5028 2107 5069 cum
2137 5011 2336 5065 virtute
2377 5019 2467 5060 tua
2514 5005 2681 5058 duces
2715 5005 3084 5069 pet-calorum,
3134 4982 3470 5041 conﬁdentes

3140 5077 3470 5133 bellatorum

254 5200 373 5268 ejus,
396 5209 731 5264 venientibus
769 5217 829 5263 ut
871 5207 1032 5263 turbo
1097 5204 1165 5261 ad
1223 5201 1644 5274 dispergendum
1696 5214 1802 5256 me.
1844 5199 2152 5257 Essultatio
2176 5212 2390 5262 eorum,
2431 5194 2574 5250 sicut
2601 5188 2720 5259 ejus
2761 5185 2855 5257 qui
2908 5182 3132 5237 devorat
3174 5181 3471 5244 pauperem

258 5291 304 5348 in
323 5300 646 5358 abscondito.

258 5400 439 5456 Tum
471 5406 556 5465 ua
589 5381 885 5459 Sosila-1m
900 5377 1116 5461 ιιι-σήν
1153 5380 1373 5454 ima-15
1456 5393 1537 5447 Ἀ.
1562 5389 1655 5445 τοῦ
1683 5390 1799 5444 δια-

266 5492 542 5560 σκορπίσαι,
586 5495 939 5567 γαυριάματα
982 5491 1162 5546 αὐτῶν
1192 5490 1284 5544 τοῦ
1323 5488 1518 5559 φαγεῖν
1559 5486 1799 5556 πένητας

266 5574 581 5679 ξποκρύφως.
625 5587 685 5640 Σ.
737 5583 1061 5645 ἐπελθόντας
1107 5579 1399 5650 σκορπίσαι
1452 5575 1800 5647 γαυριῶντας

270 5665 387 5721 ὥστε
408 5678 730 5747 καταφαγεῖν
777 5674 1043 5747 κρυφίως.
1072 5672 1149 5738 0',
1178 5669 1501 5736 διανοίξουσι
1548 5665 1799 5740 χαλινοὺς

271 5756 423 5819 αὐτῶν
452 5767 522 5835 ὡς
550 5769 721 5825 ἔσθων
746 5768 959 5843 πτωχὸς
980 5765 1174 5838 λάθρα.

1968 5382 2035 5439 Η.
2067 5381 2136 5438 ad
2169 5376 2593 5450 dispergendum
2620 5388 2711 5427 me
2736 5385 2751 5424 :
2786 5364 3083 5424 exsultatio
3101 5375 3296 5417 eorum
3314 5356 3472 5430 quasi

1896 5477 1965 5533 ad
1997 5473 2394 5530 comedendum
2449 5468 2704 5523 amictum
2770 5463 2825 5517 in
2870 5456 3231 5515 abscondito.
3277 5452 3344 5507 A.
3402 5451 3474 5506 ad

1895 5565 2340 5640 dispergendum:
2364 5559 2759 5618 exsultationes
2779 5567 2968 5610 eorum
2991 5550 3057 5604 ad
3073 5544 3469 5604 comedendum

1896 5674 2162 5733 pauperes
2193 5657 2355 5711 clam.
2387 5652 2447 5708 S.
2495 5652 2769 5706 irruentes
2808 5646 2874 5701 ad
2924 5641 3344 5714 dispergendum
3374 5652 3472 5691 eos

1896 5730 1989 5827 nui
2006 5730 2285 5809 exsultant
2310 5746 2641 5801 utdevorent
2669 5741 2832 5797 clam.
2851 5735 3015 5799 LXX,
3033 5733 3276 5805 aperient
3299 5730 3469 5786 flama

1899 5863 2001 5908 sua
2035 5844 2175 5901 sicut
2204 5839 2497 5899 comedens
2530 5852 2733 5912 pauper
2773 5834 2829 5890 iu
2859 5829 3198 5889 abscondito.
